4220 5890
1998 4740 235 42 Commercial.

1869 4826 74 21 Messrs
1959 4824 87 26 Dalgety
2059 4823 40 21 and
2114 4824 44 26 Co.,
2174 4824 96 25 Limited,
2287 4824 70 26 report
2370 4830 21 13 as

1842 4854 78 24 follows
1928 4861 31 14 :

1870 4881 136 21 Babbitskins.
2011 4878 89 21 —There
2109 4886 39 13 was
2158 4878 56 25 again
2225 4885 11 12 a
2246 4878 49 24 pood
2304 4878 87 21 demand

1843 4911 23 19 at
1876 4909 35 20 the
1922 4907 77 25 weekly
2008 4906 79 20 auction
2098 4908 50 17 sales
2158 4913 25 12 on
2196 4904 96 27 Monday,
2304 4906 39 19 and
2355 4906 36 19 the

1845 4937 64 26 prices
1938 4933 94 26 realized,
2064 4939 54 13 more
2148 4931 107 26 especially
2285 4932 36 20 the
2347 4932 44 20 best

1845 4963 102 28 qualities,
1968 4967 52 15 weie
2045 4959 53 21 from
2121 4958 40 21 last
2179 4958 66 21 weeks
2264 4959 124 27 quotations,

1845 4993 40 21 for
1907 4998 38 15 one
1969 4989 41 21 line
2036 4987 35 21 the
2095 4987 64 26 prime
2177 4987 85 20 season's
2285 4987 55 21 skins
2359 4994 30 13 we

1845 5019 94 22 obtained
1960 5017 35 27 13£
1995 5017 24 27 d,
2038 5015 34 20 the
2090 5017 35 21 top
2142 5014 53 25 price
2205 5014 21 20 of
2240 5014 35 20 the
2288 5021 70 14 season
2369 5017 22 18 at

1844 5047 83 21 auction
1951 5053 21 12 so
1993 5044 38 20 far.
2059 5042 39 19 We
2119 5042 63 24 quote
2196 5041 64 24 piime
2276 5042 88 19 winter's

1845 5073 67 21 mixed
1932 5071 58 23 12Ad.
2008 5072 21 18 to
2039 5068 45 21 13d.
2102 5067 87 21 selected
2204 5067 56 20 skins
2276 5067 31 26 Jd.
2326 5075 63 18 more,

1845 5099 73 23 second
1932 5099 81 21 winters
2024 5095 37 22 ltd
2071 5097 21 19 to
2104 5094 43 26 12d,
2159 5093 56 26 early
2226 5094 81 21 winters
2321 5094 38 21 lOd
2369 5096 21 18 to

1918 5130 95 18 autumns
2022 5123 26 21 8d
2058 5126 21 18 to
2161 5127 98 15 summers
2276 5122 26 20 4d
2320 5124 22 18 to
2356 5122 33 26 sd,

1843 5156 69 21 blacks
1921 5156 38 20 14d
1968 5157 21 19 to
1999 5151 44 23 18d.

1869 5179 192 29 Sheepskins—The
2087 5178 50 20 sales
2160 5183 52 13 were
2233 5183 59 18 again
2313 5176 76 26 largely

1844 5210 98 21 attended
1952 5209 40 20 this
2001 5206 63 23 week,
2071 5205 28 20 all
2106 5205 34 20 the
2150 5203 74 25 buyers
2231 5203 60 25 being
2299 5205 89 22 present,.

1844 5238 42 21 The
1897 5236 84 27 enquiry
1996 5234 33 21 for
2045 5233 28 21 all
2083 5232 71 21 classes
2170 5229 21 21 of
2206 5229 56 20 skins
2273 5236 39 13 was
2328 5229 59 26 good,

1845 5266 37 20 but
1902 5271 55 14 more
1972 5260 130 27 particularly
2120 5259 31 21 for
2169 5257 35 21 the
2222 5257 66 24 heavy
2304 5256 83 20 woolled

1844 5293 56 20 skins
1935 5292 40 20 For
1983 5296 37 14 one
2035 5289 40 19 line
2085 5287 21 20 of
2121 5287 64 22 heavy
2196 5283 83 21 woolled
2293 5290 94 18 merinos,

1844 5320 21 20 in
1875 5319 62 25 bales,
1949 5325 28 12 we
1983 5315 95 21 obtained
2087 5313 39 26 4.jd
2134 5320 35 18 per
2178 5311 76 26 pound.
2282 5310 39 20 We
2327 5311 62 24 quote

1844 5346 45 21 best
1907 5343 112 23 crossbreds
2029 5341 69 26 (lately
2109 5337 137 27 slaughtered)
2256 5336 39 31 4._,
2305 5336 29 31 dto
2356 5336 33 26 sd,

1844 5372 91 22 Medium
1954 5372 26 20 do
1994 5369 26 21 4d
2037 5370 22 19 to
2072 5367 33 28 4.J,
2121 5367 45 20 best
2179 5370 88 16 merinos
2276 5362 38 28 3|d
2323 5365 23 18 to
2354 5362 34 26 4d,

1843 5400 90 21 medium
1944 5398 25 21 3d
1982 5398 21 19 to
2012 5395 47 26 3Jd,
2068 5395 57 19 short
2135 5391 85 21 woolled
2229 5391 24 19 2d
2262 5392 21 18 to
2300 5391 45 25 2>/l.

1870 5424 128 24 Hides—We
2021 5423 52 20 have
2091 5428 25 14 au
2134 5417 107 23 unlimited
2262 5417 85 20 demand
2368 5417 23 19 at

1843 5454 124 24 quotations,
1985 5450 66 22 which
2060 5456 41 19 are,
2116 5448 31 22 for
2158 5447 45 21 best
2218 5445 65 25 heavy
2298 5451 25 13 ox
2333 5443 58 21 hides

1842 5482 39 22 3id
1891 5483 22 20 to
1921 5481 33 26 4d,
1965 5478 88 23 medium
2063 5476 39 23 2id
2117 5477 22 20 to
2147 5474 33 27 3d,
2191 5472 52 27 light
2255 5471 40 21 and
2307 5471 83 21 inferior

1841 5507 38 27 l|d
1889 5511 22 19 to

2622 186 161 22 MARRIAGE.

2426 231 324 22 fI«KDEHSOir—TaTLOB.—On
2758 230 36 21 the
2801 229 49 21 25th
2859 228 91 26 August,
2961 228 20 19 at

2477 259 37 21 the
2522 258 144 26 Presbyterian
2675 258 91 23 Church,
2777 255 121 27 Roxburgh,
2907 255 27 25 by
2944 254 37 22 the

2476 287 52 21 Rer.
2540 287 25 20 R.
2576 286 89 24 Telford,
2677 285 63 26 Hugh
2751 284 122 21 Henderson
2883 285 23 18 to
2913 282 67 25 Marv,

2478 314 65 21 eldest
2553 313 100 26 daughter
2663 313 21 20 of
2695 312 33 21 Mr
2739 312 78 26 George
2833 310 81 26 Taylor,
2928 310 52 20 both

2478 341 22 20 of
2508 341 119 23 Roxburgh.

2450 435 153 39 Mount
2646 433 160 47 Benger
2847 431 116 39 Mail.

2841 536 15 31 JUST
2860 536 11 31 AND
2875 536 15 31 FEAR

2539 621 118 26 FRIDAY,
2669 620 117 21 AUGUST
2802 620 32 26 27,
2855 620 56 21 1897.

2463 719 320 55 Roxburgh-Heriot
2808 719 144 51 Railway

2641 779 146 52 League.

2433 861 53 27 The
2544 860 83 34 Otago
2650 858 75 36 Daily
2895 867 73 27 gener-

2434 898 49 36 ally
2508 899 89 36 speaks
2622 898 61 28 with
2713 896 92 36 weight
2841 896 49 27 and
2914 896 57 27 auth-

2435 938 64 26 ority
2532 937 48 26 and
2611 946 13 17 a
2655 934 44 28 full
2719 944 70 17 sense
2817 934 26 27 of
2864 936 108 34 responsi-

2435 973 71 36 bility
2548 983 31 16 on
2617 973 31 27 all
2680 973 126 37 questions
2842 971 28 26 of
2904 971 83 36 public

2435 1013 112 30 interest,
2562 1013 51 25 and
2626 1012 19 25 it
2667 1011 21 27 is
2707 1020 30 17 on
2753 1009 54 27 that
2820 1015 105 21 account
2948 1009 39 26 the

2437 1059 67 17 more
2517 1049 151 35 regrettable
2679 1049 53 26 that
2747 1057 47 25 any
2810 1047 71 34 hasty
2903 1057 27 17 or
2949 1047 27 27 ill-

2436 1087 146 27 considered
2595 1087 143 36 expression
2761 1085 28 26 of
2805 1085 76 27 theirs
2900 1084 86 28 should

2436 1126 123 26 minimise
2584 1126 40 26 the
2643 1123 167 38 indisputable
2830 1122 121 27 influence
2965 1122 22 26 of

2437 1163 41 27 the
2491 1172 75 27 paper
2577 1173 27 16 or
2617 1162 87 28 should
2716 1171 73 18 cause
2800 1161 64 26 their
2874 1161 113 34 opinions

2436 1206 25 21 to
2481 1201 28 26 be
2533 1201 91 36 lightly
2648 1201 118 26 received.
2805 1198 128 36 Certainly
2953 1207 31 16 no

2437 1248 53 23 one,
2501 1244 45 21 not
2555 1247 60 18 even
2630 1238 41 28 the
2831 1235 156 32 themselves,

2437 1275 49 28 will
2506 1276 113 27 consider
2640 1274 122 36 seriously
2783 1275 53 26 that
2858 1284 13 16 a
2895 1274 92 34 project

2437 1314 27 26 of
2473 1314 59 26 such
2547 1314 168 27 considerable
2728 1312 61 27 local
2813 1310 48 27 ani
2883 1310 104 27 colonial

2436 1352 153 33 importance
2615 1360 26 17 as
2675 1351 41 25 the
2740 1347 247 34 Roxburph-Herior

2437 1389 102 32 railway
2569 1389 137 31 extension,
2732 1388 21 26 is
2777 1395 58 17 now
2857 1383 128 28 dismissed

2438 1426 60 27 from
2521 1426 44 27 the
2578 1426 87 35 sphere
2679 1426 27 26 of
2715 1423 117 37 practical
2847 1422 95 34 politics
2956 1421 31 34 by

2437 1463 63 27 their
2532 1463 69 26 brief
2624 1463 56 32 and,
2715 1472 36 16 we
2776 1468 56 27 may
2855 1468 51 21 say,
2928 1467 44 17 con-

2436 1506 143 29 temptuous
2599 1501 123 26 reference
2747 1500 25 24 in
2798 1497 47 26 last
2876 1495 111 34 Friday's

2434 1539 72 26 issue.
2523 1539 148 29 Discussing:
2685 1537 41 27 the
2736 1535 95 34 subject
2838 1533 23 26 of
2868 1533 40 26 the
2918 1541 48 18 com-

2434 1576 92 32 pletion
2545 1575 30 27 of
2593 1576 41 26 the
2646 1575 82 33 Otago
2740 1570 101 29 Central
2862 1569 122 35 Railway,

2434 1613 40 27 fhe
2518 1614 82 26 Times
2648 1621 68 18 sums
2729 1620 33 27 up
2784 1618 45 17 our
2840 1606 143 28 reasonable

2434 1651 47 26 and
2503 1652 55 34 just
2582 1649 106 28 demand
2713 1649 36 26 for
2776 1646 209 27 communication

2434 1688 59 26 with
2520 1688 41 26 the
2586 1686 118 28 seaboard
2737 1684 93 35 (which
2855 1691 61 17 even
2942 1682 40 25 the

2433 1724 132 33 '•Times,"
2596 1733 36 18 we
2662 1722 117 32 imagine,
2814 1729 45 18 can
2897 1718 87 36 hardly

2433 1771 77 26 argue
2520 1763 20 26 is
2554 1768 44 21 not
2611 1771 13 18 a
2641 1758 138 41 justifiable
2799 1757 133 36 aspiration
2946 1757 38 26 for

2432 1810 48 17 anv
2494 1801 97 26 district
2604 1809 27 18 so
2639 1797 120 36 remotely
2769 1795 107 28 situated
2887 1804 25 18 as
2926 1804 57 18 ours

2431 1838 31 34 is)
2474 1837 48 27 and
2542 1837 42 27 the
2605 1835 122 28 liklihood
2750 1834 27 27 of
2795 1832 143 28 fulfillment
2960 1834 24 24 of

2431 1884 45 17 our
2509 1874 76 36 hopes
2608 1875 26 26 in
2658 1879 49 21 two
2726 1877 55 21 curt
2804 1872 179 35 inconsequent

2432 1915 138 25 sentences.
2607 1912 54 26 The
2713 1910 83 26 Times
2842 1918 57 18 says

2431 1951 92 25 serious
2536 1951 154 33 importance
2703 1948 62 27 need
2786 1947 28 26 be
2827 1945 115 28 attached
2957 1953 25 19 to

2431 1987 41 26 the
2494 1987 85 26 efforts
2607 1987 28 26 of
2655 1997 14 16 a
2693 1985 46 27 few
2764 1983 132 28 interested
2924 1985 58 24 wire

2430 2024 91 34 pullers
2541 2030 24 20 to
2579 2023 81 27 divert
2679 2023 41 26 the
2735 2023 67 25 trade
2824 2022 26 25 of
2862 2021 48 26 this
2931 2021 36 26 dis-

2431 2063 57 23 trict
2510 2066 25 20 to
2561 2060 163 33 Invercargill
2746 2059 32 30 by
2797 2067 84 17 means
2895 2057 28 26 of
2942 2058 40 25 the

2434 2096 244 37 Roxburgh-Heriot
2702 2096 110 36 railway.
2848 2095 54 27 The
2927 2095 53 26 idea

2430 2136 27 27 of
2476 2136 78 34 goods
2575 2135 78 36 being
2674 2140 55 21 sent
2751 2133 80 28 round
2845 2133 31 35 by
2892 2142 53 27 way
2959 2133 27 26 of

2432 2173 162 34 Invercargill
2627 2178 24 21 to
2687 2171 43 27 the
2760 2170 89 36 Valley
2881 2170 26 26 of
2940 2173 41 23 the

2430 2211 138 36 Molyneux
2590 2211 20 26 is
2630 2215 180 31 preposterous,
2837 2207 47 27 and
2907 2208 74 27 arises

2430 2248 56 36 only
2501 2249 62 26 from
2579 2248 41 27 the
2639 2247 95 28 embers
2748 2246 24 27 ot
2791 2245 70 27 futile
2875 2246 107 35 projects

2430 2286 27 28 of
2466 2287 62 34 long
2538 2296 48 24 ago
2599 2292 25 21 to
2638 2285 71 28 make
2724 2284 41 27 the
2786 2282 71 29 Bluff
2866 2283 40 27 the
2926 2293 56 27 port

2430 2325 27 25 of
2593 2324 78 25 Much
2681 2332 66 17 more
2758 2328 179 28 preposterous,
2946 2333 35 15 we

2431 2360 88 27 should
2530 2370 52 22 sav,
2595 2361 20 26 is
2630 2360 41 27 the
2683 2359 56 26 idea
2749 2359 55 26 that
2817 2358 54 27 that
2884 2361 96 32 portion

2431 2398 27 27 of
2474 2399 41 26 the
2536 2397 90 37 Valley
2647 2398 26 27 of
2693 2397 42 27 the
2754 2396 139 36 Molyneux
2918 2396 62 29 from

2432 2437 142 27 Alexandra
2593 2444 25 20 to
2632 2437 41 26 the
2686 2437 142 25 Beaumont
2851 2435 49 27 will
2923 2439 58 25 wait

2431 2475 37 25 for
2481 2484 26 17 or
2520 2479 88 30 expect
2629 2474 64 26 their
2707 2473 77 34 goods
2799 2472 31 35 by
2844 2472 41 26 the
2899 2472 83 35 Otago

2432 2511 100 29 Central
2555 2511 109 36 railway,
2690 2516 44 22 not
2760 2517 24 20 to
2807 2510 111 27 mention
2940 2512 41 28 the

2431 2550 135 27 somewhat
2597 2555 119 29 arrogant
2749 2549 155 33 assumption
2935 2551 30 27 im-

2432 2587 63 37 plied
2509 2589 25 25 in
2549 2590 16 12 *'
2576 2587 41 26 the
2630 2587 55 27 idea
2698 2587 28 26 of
2735 2585 79 35 goods
2837 2586 76 31 bein?
2926 2596 53 20 sent

2432 2625 77 27 round
2541 2625 32 29 bv
2601 2635 55 24 way
2687 2625 25 26 of
2955 2638 26 16 as

2432 2663 96 34 though
2554 2662 100 27 Central
2690 2662 82 33 Otago
2798 2670 49 16 was
2877 2664 104 27 entirely

2432 2700 141 37 dependant
2583 2710 30 17 on
2625 2710 49 27 any
2684 2709 45 17 one
2741 2705 65 20 town
2818 2697 36 28 for
2864 2702 116 35 supplies.

2435 2741 35 23 As
2485 2745 24 20 to
2532 2739 41 25 the
2594 2741 16 12 •'
2620 2738 89 26 Times'
2749 2737 96 25 remark
2867 2748 26 15 r&
2941 2742 40 24 the

2434 2775 13 26 f'
2448 2787 5 8 j
2459 2785 19 15 w
2503 2777 131 26 interested
2843 2775 19 26 it
2874 2775 21 27 is
2909 2778 57 35 prob-

2432 2815 56 33 acy
2514 2824 14 16 a
2553 2813 104 28 mistake
2682 2818 25 21 to
2732 2812 57 27 take
2813 2812 19 26 it
2853 2815 121 36 seriously

2435 2853 50 23 Are
2507 2851 69 26 there
2597 2856 44 21 not
2663 2860 13 18 a
2695 2849 105 27 number
2813 2849 24 25 of
2850 2850 131 29 interested

2435 2888 150 37 wirepullers
2598 2888 24 27 in
2638 2887 116 27 Dunedin
2765 2886 114 35 working
2889 2888 37 29 for
2940 2890 41 27 the

2434 2928 49 30 0'«
2483 2928 33 30 go
2538 2926 100 27 Central
2660 2926 110 33 railway,
2791 2924 46 27 and
2853 2925 40 28 the
2913 2928 52 27 Rox-

2436 2963 185 36 burgh-Heriot
2636 2963 111 35 Railway
2759 2961 107 34 League,
2880 2966 88 27 extend-

2434 3003 24 24 in
2464 3011 15 12 <y
2501 3011 26 16 as
2549 3002 20 26 it
2582 3001 58 27 does
2660 3007 25 21 to
2698 3001 41 26 the
2753 2999 75 33 Bluff,
2842 3001 20 26 is
2876 3012 13 17 a
2902 3004 83 27 rather

2435 3040 126 26 exrensive
2587 3039 170 34 organisation
2789 3044 23 20 to
2837 3038 30 27 be
2891 3041 92 35 spoken

2435 3077 151 37 slightingly
2600 3078 33 26 of.
2669 3078 42 26 No
2721 3076 78 27 doubt
2821 3076 41 27 the
2875 3079 109 32 Leajrue,

2436 3116 40 25 fhe
2499 3115 85 35 people
2606 3115 29 27 of
2653 3116 68 26 these
2742 3114 118 32 districts,
2880 3118 48 26 and
2943 3118 41 26 the

2438 3152 71 27 Press
2523 3152 49 27 will
2586 3152 71 36 plead
2680 3152 80 36 guilty
2784 3159 24 18 to
2827 3151 75 36 beins;
2916 3156 54 26 wire-

2435 3190 91 37 pullers
2539 3191 26 27 in
2580 3191 48 27 this
2641 3192 120 31 instance,
2780 3189 47 27 and
2843 3193 58 36 they
2914 3203 70 17 mean

2436 3234 24 20 to
2483 3229 50 33 pull
2560 3229 42 26 the
2627 3231 73 25 wires
2723 3234 25 21 to
2776 3237 67 17 some
2872 3240 112 26 purpose.

2436 3266 68 36 They
2525 3266 57 33 will,
2606 3267 21 25 if
2646 3276 36 17 we
2690 3267 81 37 judge
2793 3265 83 35 public
2895 3267 91 31 feelinjr

2435 3304 91 35 aright,
2541 3303 29 28 be
2582 3314 31 17 no
2624 3304 88 36 longer
2725 3309 101 23 content
2838 3311 24 22 to
2875 3306 29 27 be
2916 3307 69 26 made

2436 3351 12 17 a
2462 3347 107 29 catspaw
2583 3341 37 27 for
2639 3351 49 26 any
2701 3340 134 37 particular
2853 3347 74 28 town,
2942 3344 43 27 but

2436 3379 47 27 will
2498 3380 72 26 insist
2585 3389 30 17 on
2626 3380 92 35 justice
2728 3380 37 26 for
2779 3378 148 30 themselves
2937 3382 46 26 and

2435 3417 40 27 the
2486 3416 53 28 best
2551 3416 36 27 for
2598 3417 41 26 the
2648 3418 95 35 colony.
2781 3416 53 29 The
2870 3419 88 27 Times'

2434 3454 134 27 somewhat
2600 3454 87 29 foolish
2713 3455 109 28 remarks
2848 3456 49 27 will
2923 3456 61 29 have

2433 3502 46 16 one
2493 3492 65 35 good
2571 3492 79 32 effect,
2673 3502 26 17 as
2721 3493 58 35 they
2794 3502 68 18 serve
2877 3500 25 20 to
2915 3495 69 25 show

2433 3531 41 25 the
2488 3530 139 35 opposition
2643 3530 93 35 (which
2751 3531 19 26 is
2782 3540 31 17 no
2827 3540 56 18 new
2897 3532 83 33 thing)

2432 3567 54 27 that
2512 3576 35 17 we
2573 3576 56 27 may
2654 3572 88 30 expect
2766 3568 62 27 from
2857 3568 123 28 Dunedin.

2432 3605 157 33 Meanwhile,
2602 3614 36 17 we
2648 3607 75 31 again
2733 3615 61 26 urge
2804 3606 31 27 all
2847 3607 133 27 interested

2431 3647 24 23 to
2469 3643 56 36 sign
2536 3643 42 26 the
2592 3643 112 36 petition.

2455 3743 43 20 The
2693 3745 65 20 voices
2776 3744 37 21 the
2831 3751 85 16 rumour
2934 3745 43 22 that

2429 3770 108 23 Cromwell
2547 3772 16 21 is
2573 3774 21 19 to
2608 3772 51 21 have
2667 3772 87 21 another
2764 3780 67 19 paper.

2453 3815 55 21 John
2519 3815 120 27 Robertson,
2647 3816 49 26 aged
2707 3816 25 21 57
2742 3823 64 20 vears,
2818 3817 90 26 dropped
2918 3817 59 21 down

2428 3842 50 21 dead
2498 3843 59 21 while
2575 3844 89 27 working
2680 3845 22 20 at
2723 3843 125 23 Waitahuna
2869 3845 63 26 Gully
2953 3852 24 13 on

2429 3870 96 26 Monday.

2452 3911 41 21 The
2506 3912 68 20 Misses
2583 3912 96 20 Malone's
2690 3912 63 20 dance
2764 3913 40 20 will
2818 3915 35 18 not
2864 3913 47 20 take
2921 3913 56 25 plac

2426 3941 50 18 next
2490 3939 74 23 Friday
2574 3939 93 26 evening.
2694 3939 43 22 The
2750 3941 121 25 concluding
2880 3941 63 21 dance
2953 3940 21 21 of

2426 3966 36 21 the
2471 3967 61 21 series
2539 3967 40 21 will
2589 3968 47 20 take
2646 3967 57 27 plaee
2709 3975 26 14 on
2741 3968 36 21 the
2784 3968 102 26 following
2894 3969 82 26 Friday.

2452 4013 33 20 Mr
2499 4014 19 20 J.
2535 4015 79 20 Jones's
2623 4015 87 20 traction
2721 4016 72 25 engine
2801 4016 16 19 is
2829 4016 57 24 again
2897 4023 25 12 on
2939 4016 36 20 the

2425 4040 47 20 road
2492 4047 103 19 necessary
2605 4042 75 25 repairs
2692 4042 75 24 having
2782 4042 51 20 been
2851 4042 123 21 competed.

2424 4067 40 20 She
2476 4068 38 19 will
2525 4075 44 14 now
2579 4069 57 20 make
2643 4069 36 21 her
2689 4069 80 27 regular
2780 4070 51 26 trips
2838 4070 49 20 with
2897 4069 42 21 coal
2953 4073 20 17 to

2424 4095 35 20 the
2469 4096 90 25 dredges.

2450 4134 32 20 Mr
2490 4134 82 22 K>nny.
2579 4135 199 27 S.M.,Wellington,
2789 4135 83 22 decided
2882 4134 91 26 recently

2424 4160 45 21 that
2488 4169 11 13 a
2507 4162 86 21 chemist
2603 4163 59 21 could
2681 4164 36 19 not
2785 4163 48 21 such
2853 4163 80 21 articles
2951 4169 21 14 °s

2422 4195 88 14 cameras
2521 4190 85 21 withont
2616 4191 76 26 closing
2704 4191 31 20 his
2746 4191 50 26 shop
2806 4198 25 13 on
2841 4191 35 20 the
2895 4190 78 26 weekly

2422 4216 141 26 half-holiday.

2448 4254 33 21 Mr
2489 4255 70 20 James
2566 4256 76 24 Craig's
2652 4256 74 23 coalpit
2736 4256 57 26 again
2805 4256 50 20 took
2865 4256 35 20 fire
2907 4256 19 19 in

2423 4282 55 25 early
2489 4285 46 23 part
2541 4283 21 19 of
2572 4283 38 19 last
2622 4284 61 24 week,
2690 4284 38 19 but
2846 4283 39 20 and
2893 4284 82 23 prompt

2423 4315 101 15 measures
2531 4309 18 21 in
2558 4310 87 22 flooding
2652 4310 34 20 the
2697 4310 31 26 pit
2737 4310 46 26 had,
2793 4310 17 21 it
2819 4310 15 21 is
2842 4309 133 26 satisfactory

2423 4338 21 18 to
2454 4337 63 25 learn,
2527 4338 35 20 the
2571 4337 79 21 desired
2660 4338 61 20 effect
2730 4338 21 20 in
2765 4338 152 26 extinguishing
2936 4338 38 20 the

2423 4364 42 20 Sre.

2450 4401 32 20 Mr
2506 4400 107 22 Goldfinch
2640 4408 12 14 a
2670 4401 71 22 settler
2756 4402 23 20 at
2805 4401 167 21 Maharamahara

2424 4428 136 26 (Woodville),
2580 4428 64 22 found
2662 4430 67 26 thirty
2746 4429 64 21 lambs
2825 4429 58 22 dead.
2911 4430 57 21 Thev

2423 4456 40 20 had
2481 4456 59 20 small
2556 4459 110 22 punctures
2685 4464 24 13 on
2729 4457 35 20 the
2782 4457 58 21 neck.
2869 4457 66 20 Death
2957 4457 17 20 is

2422 4483 101 26 supposed
2542 4485 22 20 to
2582 4483 52 22 have
2652 4484 50 21 been
2728 4484 74 21 ctused
2820 4484 27 26 by
2866 4485 64 20 stoats
2946 4491 22 14 or

2422 4511 90 21 weasels.

2448 4550 26 22 Tn
2483 4550 80 22 honour
2569 4550 21 22 of
2598 4550 32 22 his
2640 4550 48 22 visit
2697 4550 21 21 to
2729 4550 90 28 Ireland,
2834 4550 35 21 the
2886 4550 59 22 Duke
2953 4550 22 21 of

2423 4578 56 21 York
2498 4579 36 20 has
2551 4578 50 21 been
2620 4586 65 13 sworn
2705 4578 20 21 in
2739 4585 22 14 as
2769 4586 12 13 a
2798 4579 90 20 member
2898 4578 22 21 of
2938 4578 36 21 the

2422 4606 62 25 Privy
2510 4605 84 21 Council
2613 4606 22 20 of
2649 4605 90 26 Ireland,
2757 4605 39 20 am?
2812 4605 25 20 he
2863 4605 39 21 and
2918 4605 53 21 Lord

2424 4632 85 21 Roberts
2528 4633 51 20 have
2588 4633 50 20 been
2658 4633 91 20 invested
2759 4640 21 12 as
2796 4632 91 25 Knights
2905 4633 22 20 of
2939 4633 35 20 the

2425 4659 53 22 Most
2487 4660 116 22 Illustrious
2613 4660 65 22 Order
2687 4660 22 22 of
2718 4660 31 23 St.
2760 4661 89 21 Patrick.

2446 4703 31 20 Dr
2496 4703 120 26 Stevenson,
2629 4703 46 21 who
2688 4710 40 14 was
2744 4703 98 26 relieving
2860 4704 30 20 Dr
2900 4703 73 21 Mullin

2421 4730 74 25 during
2514 4730 33 20 his
2564 4731 69 19 illness
2655 4731 97 20 returned
2774 4732 21 18 to
2820 4731 92 21 Dunedin
2935 4731 39 19 last

2420 4757 109 26 Saturday,
2549 4757 53 21 since
2618 4757 58 21 when
2695 4758 33 20 Mr
2739 4758 26 21 A.
2783 4757 58 26 Will,
2859 4765 12 13 a
2889 4757 85 22 medical

2420 4784 97 24 graduate
2527 4784 51 21 from
2589 4785 103 23 Dunedin,
2702 4785 37 21 has
2749 4785 49 21 been
2815 4785 108 25 attending
2933 4785 35 21 the

2419 4811 85 21 doctor's
2514 4813 93 23 patients.
2637 4813 30 19 Dr
2677 4812 72 21 Mullin
2765 4813 17 20 is
2796 4813 78 26 getting
2892 4813 75 26 better,

2419 4839 78 25 though
2508 4839 26 20 he
2544 4839 15 20 is
2569 4839 43 20 still
2620 4846 49 20 very
2679 4839 63 22 weak.

2443 4886 32 20 On
2488 4886 128 26 Wednesday
2632 4886 60 26 Capt.
2703 4886 84 26 Dryden
2795 4887 39 19 and
2847 4886 125 24 Lieutenant.

2419 4913 110 25 Bamhurv,
2539 4913 22 20 of
2577 4913 35 20 the
2629 4913 91 26 Tapanui
2730 4913 75 21 branch
2816 4913 22 21 of
2855 4914 35 20 the
2899 4914 60 20 Salva-

2418 4940 42 19 tion
2469 4940 73 26 Army,
2549 4940 73 21 visited
2633 4940 120 27 Roxburgh,
2760 4941 39 20 and
2807 4941 21 20 in
2837 4941 36 20 the
2883 4941 85 20 evenin/

2417 4966 46 22 held
2474 4974 23 13 an
2509 4974 52 19 opon
2570 4967 30 21 air
2609 4968 95 26 meeting.
2733 4968 20 21 It
2762 4976 39 13 was
2833 4968 40 22 self

2417 4995 56 20 week
2498 4995 49 21 with
2567 4995 64 26 them,
2650 4996 39 20 and
2711 4996 50 26 they
2788 5004 51 14 were
2862 4997 108 25 collecting

2417 5022 61 20 funds
2488 5022 19 20 in
2519 5022 33 20 aid
2559 5023 21 19 of
2590 5023 35 20 the
2633 5023 80 21 Rescue
2720 5023 74 21 Home.
2905 5022 4 22 •
2919 5022 2 22 •

2443 5056 32 19 Mr
2499 5056 69 26 Elder,
2589 5057 22 20 of
2630 5057 128 20 Dumbarton
2776 5058 65 25 Rock,
2851 5056 89 23 suffered
2954 5065 11 13 a

2417 5084 76 19 serious
2500 5084 40 19 loss
2547 5083 27 25 by
2584 5084 35 19 the
2629 5084 87 24 burning
2726 5084 23 19 of
2757 5091 11 12 a
2775 5084 54 25 large
2834 5088 33 15 oat
2875 5085 57 19 stack
2940 5091 24 13 on

2419 5110 87 26 Monday
2526 5110 93 26 evening.
2657 5110 141 21 Incendiarism
2817 5112 16 19 is
2848 5112 115 26 suspected,

2418 5137 39 21 and
2466 5138 15 20 if
2493 5138 49 21 such
2556 5138 99 26 suspicion
2666 5138 16 21 is
2690 5138 45 21 well
2751 5138 120 29 foundedyit
2881 5139 16 20 is
2907 5141 22 19 to
2945 5140 12 19 h-

2416 5164 66 26 hoped
2493 5165 35 20 the
2535 5166 107 20 miscreant
2649 5165 46 21 who
2702 5166 60 20 could
2772 5166 116 26 perpetrate
2897 5167 48 21 such
2954 5174 12 14 a

2416 5192 103 25 dastardly
2530 5194 33 18 act
2576 5192 42 20 will
2639 5192 25 20 be
2686 5192 116 21 discovered
2817 5193 40 20 and
2874 5196 35 22 get
2934 5194 31 20 his

2416 5218 94 21 desserts.

2441 5256 44 21 The
2505 5256 87 21 unusual
2614 5256 97 21 mildness
2729 5257 22 21 of
2776 5257 36 21 the
2829 5264 71 15 season
2928 5258 37 21 has

2416 5283 85 20 enabled
2518 5284 35 19 the
2566 5291 46 13 men
2631 5284 90 24 working
2745 5291 48 13 over
2807 5285 36 20 the
2852 5286 40 20 Oil
2917 5286 48 20 Man

2417 5309 69 23 Rnnte
2493 5312 21 17 to
2521 5310 59 19 make
2586 5317 25 12 an
2617 5310 71 20 earlier
2695 5312 52 18 start
2753 5310 49 20 than
2812 5318 39 13 was
2859 5313 106 23 expected.

2417 5335 89 25 Already
2522 5336 36 19 the
2572 5336 76 20 exodus
2657 5336 36 19 has
2703 5338 31 18 set
2743 5336 29 26 in,
2782 5343 38 14 one
2838 5340 60 23 party
2907 5339 59 25 going

2416 5363 36 18 out
2462 5364 21 17 at
2492 5362 34 19 the
2536 5362 94 25 begining
2636 5362 22 20 of
2667 5362 35 21 the
2711 5363 55 20 week
2774 5364 39 20 and
2823 5371 12 12 a
2853 5365 87 20 number
2945 5371 19 14 ot

2416 5388 69 20 others
2501 5391 72 23 expect
2586 5391 22 17 to
2620 5389 69 20 follow
2700 5390 86 25 shortly.
2813 5391 42 19 The
2873 5392 89 19 weather

2417 5414 35 21 has
2467 5414 51 21 been
2534 5421 21 14 so
2568 5415 40 20 fine
2620 5416 21 19 at
2651 5415 35 20 the
2706 5416 68 26 Upper
2784 5417 94 21 Waikaia
2891 5418 47 21 that
2954 5426 12 13 a

2416 5442 54 25 large
2486 5442 86 21 number
2589 5442 22 21 of
2620 5449 47 14 men
2674 5442 52 22 have
2735 5444 98 21 wintered
2846 5447 37 18 out
2897 5445 64 27 there,

2416 5470 39 20 and
2464 5477 51 13 were
2524 5469 45 21 able
2579 5470 21 20 to
2608 5470 55 19 work
2674 5470 54 26 right
2740 5471 89 27 through
2839 5472 36 21 the
2883 5473 83 20 winter-

2441 5507 42 21 The
2497 5507 119 26 concluding
2627 5507 60 21 social
2699 5507 22 21 of
2733 5508 36 21 the
2782 5510 61 20 series
2859 5510 21 20 in
2893 5510 34 21 aid
2944 5502 21 29 oi

2417 5534 35 21 the
2466 5534 124 21 Athenaeum
2606 5541 40 13 was
2666 5534 48 21 held
2733 5534 39 21 last
2785 5538 86 24 evening
2883 5537 21 20 in
2923 5538 36 20 the

2417 5562 123 20 Athenaeum
2553 5561 57 26 Hall,
2624 5562 40 19 and
2678 5562 55 21 drew
2743 5569 11 13 a
2769 5562 55 27 large
2836 5565 127 21 attendance.

2416 5589 43 20 The
2480 5589 141 25 management
2645 5588 22 20 of
2686 5588 56 22 these
2765 5590 72 21 socials
2858 5591 36 20 has
2913 5591 52 22 been

2417 5616 107 26 excellent,
2538 5615 40 21 and
2596 5621 38 15 one
2647 5615 40 22 and
2700 5615 27 22 all
2746 5616 21 21 of
2776 5617 57 21 them
2848 5617 51 22 have
2912 5619 50 21 been

2417 5646 53 19 most
2483 5642 118 28 successful-
2628 5642 29 22 To
2669 5643 34 22 Mr
2716 5642 85 29 Haines,
2812 5645 35 22 the
2853 5648 109 26 secretary,

2417 5674 57 23 great
2483 5672 64 20 credit
2554 5672 17 19 is
2584 5670 46 25 due,
2645 5677 21 14 as
2679 5672 35 20 the
2727 5672 65 25 major
2802 5673 79 25 portion
2893 5674 21 21 of
2925 5674 35 21 the

2418 5698 54 21 work
2493 5699 36 20 has
2547 5698 64 20 fallen
2624 5699 22 19 to
2667 5698 49 22 him.
2743 5698 33 21 He
2798 5700 43 25 has,
2861 5700 100 27 however,

2417 5725 50 20 been
2485 5725 45 20 well
2551 5724 112 29 supported
2673 5724 27 28 by
2721 5724 32 22 his
2772 5732 57 20 corps
2842 5726 21 21 of
2887 5728 77 26 willing

2413 5752 47 28 lady
2474 5752 122 28 assistants.'

3037 183 43 21 The
3102 184 102 25 secretary
3224 183 22 21 of
3270 182 36 22 the
3332 181 112 28 Roxburgh
3469 178 94 26 Football

3013 210 53 21 Club
3091 210 37 21 has
3149 210 92 21 received
3261 216 12 15 a
3292 210 62 21 letter
3374 209 52 21 frem
3444 209 36 22 the
3500 210 67 25 Ofcago

3013 237 76 27 Rugby
3108 237 71 21 Union
3198 237 147 26 guaranteeing
3365 236 41 22 £ls
3425 237 89 21 towards
3527 236 37 21 the

3014 271 98 20 expenses
3140 265 21 20 of
3187 265 36 20 the
3249 265 51 21 local
3327 271 46 15 men
3395 265 22 20 in
3438 263 37 22 the
3489 263 80 31 county

3015 293 97 20 matches.
3140 292 43 21 The
3197 292 70 21 Union
3281 292 43 21 also
3342 291 59 22 holds
3415 293 37 20 oat
3469 291 54 28 hope
3540 294 21 18 of

3015 326 10 14 a
3039 320 85 26 visiting
3137 321 53 20 team
3206 318 54 22 from
3274 318 97 22 Dunedin
3384 320 23 20 to
3420 319 48 26 play
3481 327 12 14 a
3507 320 61 23 series

3016 346 22 20 of
3062 350 77 22 county
3161 346 99 21 matches.
3282 346 43 20 The
3343 346 51 20 local
3416 353 47 13 men
3490 346 41 22 had
3558 354 11 13 a

3015 373 89 25 practice
3118 372 68 22 match
3201 372 109 27 yesterday
3324 372 20 21 in
3355 373 51 21 view
3415 372 22 21 of
3448 373 36 21 the
3493 376 74 25 county

3015 401 94 21 fixtures.

3041 452 21 21 A
3069 451 125 27 valedictory
3200 451 60 22 social
3267 451 16 21 is
3295 452 20 21 to
3323 450 24 22 be
3356 451 97 22 tendered
3462 453 21 20 to
3490 452 33 22 Mr
3527 452 40 23 and

3017 480 42 21 Mrs
3067 480 91 21 Ormond
3170 480 40 20 and
3224 479 70 26 family
3304 479 56 26 prior
3369 482 22 18 to
3398 479 53 22 their
3459 479 109 28 departure)

3017 508 52 21 from
3084 508 112 24 Roxburgh
3212 506 31 21 for
3253 506 103 26 Dunedin,
3363 507 67 20 where
3440 508 48 22 thev
3496 508 72 22 intend

3018 539 21 16 to
3051 535 48 21 take
3111 541 29 20 up
3156 534 54 21 their
3224 533 108 27 residence,
3358 534 43 21 The
3410 534 49 21 date
3471 535 35 21 has
3519 536 49 21 been

3018 562 55 24 fixed
3088 562 32 23 for
3132 562 96 28 Mouday,
3239 561 34 22 the
3283 560 37 23 6th
3334 561 128 27 September,
3477 563 39 23 and
3532 563 36 23 tha

3018 593 71 25 family
3095 599 33 13 are
3134 592 79 23 leaving
3220 598 11 13 a
3238 590 40 21 few
3283 590 49 26 days
3340 591 59 21 later.
3429 592 31 20 Mr
3473 592 40 21 and
3523 593 43 20 Mrs

3017 619 91 21 Ormond
3118 625 33 13 are
3161 618 92 24 amongst
3262 617 36 20 the
3307 617 65 20 oldest
3393 618 99 21 residents
3502 619 20 20 in
3531 619 37 20 the

3017 647 63 28 place,
3105 646 34 22 Mr
3158 644 91 22 Ormond
3272 644 73 28 having
3361 644 49 22 been
3425 645 49 23 here
3496 646 32 22 for
3542 646 25 22 36

3017 684 65 20 years,
3093 675 40 21 and
3147 674 55 21 their
3212 673 83 26 friends,
3306 673 17 22 it
3332 681 45 19 may
3426 675 50 27 said,
3484 675 82 22 include

3018 705 37 21 the
3068 703 65 21 whole
3153 702 21 20 of
3187 701 37 21 the
3238 701 106 23 residents.
3372 702 111 22 Evidences
3497 704 22 20 of
3533 704 35 20 the

3017 734 76 19 esteem
3107 731 21 21 in
3140 729 66 21 which
3216 728 50 26 they
3278 736 34 13 are
3325 729 48 21 held
3384 730 51 21 have
3449 731 59 21 often
3518 731 49 21 been

3017 757 145 27 forthcoming,
3190 756 40 21 and
3257 763 26 14 no
3309 756 64 22 doubt
3398 758 50 25 they
3475 759 42 21 will
3544 758 24 21 be

3017 785 126 24 surrounded
3169 785 27 26 by
3224 790 11 14 a
3260 784 53 26 largo
3327 790 77 16 mus'er
3424 786 22 21 of
3459 786 55 21 their
3535 786 33 21 old

3017 815 76 21 friends
3107 815 22 18 at
3149 813 35 20 the
3203 809 90 24 farewell
3313 813 106 27 gathering
3441 821 26 14 on
3483 815 36 20 the
3533 821 35 14 eve

3016 843 21 20 of
3046 842 54 21 their
3109 840 118 26 departure.

3043 894 109 24 Constable
3164 895 29 21 M'
3198 894 59 21 Allen
3267 894 35 20 hns
3310 894 91 27 resigned
3409 895 31 22 his
3452 896 84 27 position
3548 897 19 22 in

3020 926 37 20 the
3067 924 63 27 police
3142 923 54 21 force
3206 922 51 21 after
3270 922 73 21 twelve
3358 924 64 24 years'
3440 925 83 27 service,
3535 926 34 20 the

3020 953 40 21 last
3069 952 47 20 four
3123 952 22 19 of
3152 950 64 21 which
3224 950 25 20 he
3255 952 60 24 spent
3321 951 19 20 in
3349 950 117 23 Lawrence.
3490 953 79 27 During

3020 981 32 20 his
3062 981 44 24 stay
3116 979 58 20 there
3183 978 27 20 he
3222 984 39 14 was
3281 977 73 21 known
3370 985 21 14 as
3405 986 12 13 a
3433 979 80 21 zealous
3530 981 38 21 and

3020 1007 83 27 capable
3113 1006 73 21 officer,
3198 1005 76 27 though
3285 1005 26 21 he
3320 1006 116 26 discharged
3454 1007 31 22 his
3502 1008 66 22 duties

3020 1033 162 26 nnobtiusively.
3210 1033 79 27 During
3304 1034 36 20 the
3356 1035 45 23 past
3415 1035 47 20 nine
3476 1042 57 20 years
3543 1035 26 22 he

3019 1063 36 21 has
3081 1062 39 21 had
3145 1063 116 23 temporary
3285 1060 73 24 charge
3382 1061 21 20 of
3418 1061 74 23 almost
3509 1070 59 20 every

3019 1091 75 21 station
3112 1097 25 13 on
3155 1089 36 20 the
3209 1089 65 25 Otago
3288 1088 104 22 soldfields
3410 1090 39 20 and
3460 1091 61 21 while
3535 1092 32 20 his

3019 1117 119 25 knowledge
3149 1116 22 22 of
3179 1116 63 26 police
3255 1115 66 21 duties
3331 1115 39 21 and
3380 1115 35 22 the
3425 1117 91 23 criminal
3526 1119 39 21 law

3019 1145 57 21 stood
3086 1145 42 21 him
3135 1145 21 21 in
3166 1143 50 26 good
3226 1143 57 21 stead
3293 1143 19 21 in
3320 1143 35 21 the
3365 1143 66 22 duties
3438 1145 21 21 of
3466 1146 32 21 his
3504 1146 63 28 office,

3019 1173 31 21 his
3059 1172 64 27 genial
3130 1178 85 15 manner
3224 1171 59 21 made
3292 1178 11 13 a
3313 1170 47 21 host
3366 1171 21 20 of
3396 1171 77 23 friends
3481 1174 33 22 for
3523 1174 43 21 him

3021 1200 104 21 wherever
3142 1200 27 20 he
3187 1206 40 14 was
3243 1198 110 21 stationed.
3380 1199 38 21 We
3437 1199 77 24 believe
3534 1202 33 21 Mr

3020 1228 93 21 M'Allen
3132 1227 17 21 is
3168 1234 47 19 very
3233 1225 150 27 unfavourably
3396 1227 109 25 impressed
3518 1231 47 20 with

3019 1256 36 21 the
3090 1256 83 25 present
3198 1254 163 21 administration
3387 1253 21 22 of
3434 1255 35 23 the
3498 1258 67 21 Police

3020 1284 143 24 Department,
3172 1282 39 21 and
3220 1282 52 21 from
3280 1281 32 21 his
3322 1281 47 26 long
3378 1283 75 21 service
3460 1284 25 22 he
3493 1286 72 21 should

3020 1311 24 20 be
3053 1312 19 19 in
3084 1318 11 12 a
3104 1310 87 26 position
3201 1314 21 16 to
3232 1309 60 25 speak
3303 1308 48 21 with
3363 1309 118 27 knowledge
3495 1312 22 21 of
3525 1314 38 19 the

3020 1338 46 24 But'j
3068 1345 8 7 e
3079 1340 28 18 ct.
3135 1337 56 24 Long
3217 1336 82 24 service,
3328 1336 51 25 good
3405 1339 94 23 conduct,
3527 1340 38 21 and

3020 1364 79 26 ability,
3110 1364 25 20 be
3152 1364 16 20 is
3184 1364 21 19 of
3220 1364 89 26 opinion,
3327 1364 62 19 connt
3400 1364 31 21 for
3445 1367 85 24 nothing
3544 1374 22 14 as

3020 1392 32 21 far
3059 1399 22 13 as
3090 1392 146 20 advanremont
3249 1391 16 20 is
3283 1390 117 24 concerned.
3427 1394 42 20 The
3485 1397 82 24 present

3020 1419 94 21 Minister
3125 1418 21 21 of
3155 1418 78 21 Justice
3242 1418 26 21 he
3278 1418 71 25 speaks
3358 1418 71 29 highly
3438 1421 22 21 of
3470 1430 22 12 as
3500 1430 10 12 a
3523 1422 44 27 just

3020 1446 40 19 and
3087 1446 45 19 ahle
3159 1446 99 24 Minister,
3285 1441 38 24 but
3349 1445 26 20 he
3403 1448 16 19 is
3447 1449 71 20 misled
3539 1449 27 26 V>y

3315 1472 51 21 from
3389 1475 76 21 officers
3487 1476 21 20 of
3530 1477 35 20 the

3021 1500 72 25 higher
3104 1500 60 20 ranks
3173 1500 21 20 in
3204 1499 72 22 favour
3284 1500 22 21 of
3315 1500 53 20 r.heir
3387 1504 44 24 pet,
3448 1503 45 21 who
3507 1504 16 20 is
3533 1506 34 18 too

3022 1527 56 20 often
3090 1534 11 13 a
3107 1526 80 27 tattler,
3196 1527 39 20 and
3252 1527 31 20 for
3298 1527 41 20 this
3354 1528 40 20 and
3410 1529 59 22 other
3486 1538 80 14 reasons

3021 1554 37 20 the
3078 1554 130 25 department
3229 1553 16 21 is
3268 1554 72 26 simply
3366 1554 142 28 disorganised.
3534 1558 33 21 Mr

3020 1581 92 20 M'Allen
3128 1581 16 20 is
3159 1581 59 25 going
3238 1581 42 21 into
3295 1581 90 22 business
3402 1584 20 20 in
3439 1585 121 26 Alexandra,

3019 1609 40 20 and
3069 1608 31 20 his
3110 1615 60 19 many
3180 1609 104 20 estimable
3295 1609 95 26 qualities
3405 1612 72 22 should
3492 1620 72 14 ensure

3019 1636 43 21 him
3072 1643 78 14 success
3156 1636 21 20 in
3187 1635 31 22 his
3227 1644 43 13 new
3279 1637 79 26 sphere.

3041 1684 104 24 Certainly
3160 1684 35 19 the
3210 1685 52 19 most
3276 1685 94 19 effective
3382 1685 98 21 medicine
3493 1687 19 20 in
3526 1688 37 20 the

3016 1711 61 21 world
3098 1711 16 20 is
3132 1711 113 20 SANDER
3258 1711 39 21 and
3314 1711 77 21 SONS'
3405 1712 160 24 EUCALYPTI

3015 1738 139 21 EXTRACT.
3180 1738 48 20 Test
3235 1739 27 19 its
3269 1738 112 25 eminently
3389 1741 97 23 powerful
3495 1743 71 20 effects

3015 1765 21 21 in
3051 1765 82 26 coughs,
3144 1765 61 26 col(l9,
3217 1765 99 23 influenza
3325 1782 5 10 ,
3352 1766 37 21 the
3398 1767 59 22 relief
3465 1768 16 22 is
3491 1769 65 22 instan-

3016 1797 91 17 taneous.
3141 1794 25 20 In
3180 1794 75 20 serious
3267 1800 54 14 cases
3336 1794 40 21 and
3390 1796 79 20 aceiden
3481 1798 44 20 sof
3538 1798 28 21 all

3015 1821 67 23 kinds,
3094 1821 25 20 be
3128 1822 50 24 they
3190 1821 90 23 wound*,
3293 1822 67 20 burns,
3371 1823 37 19 seal
3411 1823 64 24 dinars,
3491 1824 75 21 bruises

3017 1849 85 24 sprains,
3111 1849 17 19 it
3137 1848 17 20 is
3163 1848 35 21 the
3207 1848 62 20 safest
3279 1847 136 28 remedy—no
3425 1851 141 24 swelling—no

3013 1875 158 28 inflammation.
3201 1875 49 21 Like
3259 1875 112 26 surprising
3382 1877 73 21 effects
3464 1879 102 24 produced

3014 1904 22 20 in
3051 1910 70 19 croup,
3132 1902 108 27 rliptheria,
3256 1902 117 25 bronchitis,
3385 1904 146 23 inflammation
3546 1906 20 20 of

3015 1931 36 20 the
3074 1930 66 26 lungs,
3154 1930 110 26 swellings,
3272 1932 38 19 etc.
3333 1930 109 27 diarrhrea,
3458 1932 108 28 dysentry,

3014 1958 89 21 diseases
3113 1958 21 20 of
3144 1958 35 20 the
3193 1958 85 25 kidneys
3288 1957 41 21 and
3345 1958 81 27 urinary
3436 1966 77 19 organs.
3542 1962 24 19 In

3015 1993 35 12 use
3057 1990 21 15 at
3083 1985 27 20 all
3117 1985 100 25 hospitals
3223 1985 40 20 and
3271 1984 53 21 medi
3333 1985 23 20 ;al
3363 1985 73 25 clinics,
3452 1988 89 23 patronis
3554 1988 12 21 d

3013 2012 28 26 by
3050 2013 38 20 His
3098 2013 88 25 Majesty
3196 2012 36 20 the
3243 2012 55 25 King
3307 2012 22 21 of
3341 2012 63 25 Italy,
3413 2014 92 21 crowned
3522 2016 44 19 .vith

3013 2039 68 21 medal
3090 2039 40 21 and
3138 2038 91 27 diploma
3237 2041 23 18 at
3272 2039 152 21 International
3438 2040 128 28 Exhibition,

3013 2066 140 21 Amsterdam.
3180 2066 64 20 Trust
3253 2072 21 13 in
3284 2066 42 20 this
3337 2067 103 24 approved
3448 2068 71 19 article
3528 2073 38 16 ana

3011 2094 65 26 reject
3087 2092 27 22 all
3125 2094 74 20 others.

3071 2180 181 43 Lawrence
3279 2180 100 43 News
3405 2180 114 43 Notes.

3145 2286 63 27 (Own
3221 2286 208 27 Correspondent.)

3037 2333 19 20 A
3075 2332 95 21 welcome
3178 2333 77 25 change
3264 2339 55 14 came
3338 2334 21 18 to
3371 2333 35 20 the
3417 2332 90 22 weather
3518 2334 49 20 here

3011 2367 26 13 on
3053 2360 73 25 Friday
3136 2360 90 25 eveniug.
3256 2360 54 19 Both
3329 2359 86 21 farmers
3429 2360 40 20 and
3490 2361 75 20 miners

3011 2394 53 15 were
3077 2387 119 21 unanimous
3207 2387 18 20 in
3238 2386 54 21 their
3302 2386 49 22 wish
3370 2394 26 14 on
3407 2387 41 21 this
3463 2388 97 21 occasion,

3011 2423 21 14 as
3043 2416 34 20 the
3086 2415 77 27 ground
3174 2415 39 21 had
3222 2414 82 22 become
3312 2422 21 14 so
3343 2415 38 26 dry
3392 2416 47 21 that
3452 2416 114 26 ploughing

3011 2445 116 25 operations
3146 2443 39 21 had
3196 2445 21 18 to
3227 2443 24 20 be
3266 2443 78 20 carried
3354 2450 25 13 on
3400 2444 65 21 under
3481 2444 83 21 difficu'-

3011 2472 46 19 ties.
3085 2470 38 20 We
3134 2470 39 21 had
3184 2473 39 17 two
3235 2470 56 26 days'
3301 2470 60 24 fairly
3379 2472 72 24 steady
3461 2472 55 22 rain;
3528 2472 37 20 but

3011 2498 40 20 this
3067 2505 64 13 seems
3150 2500 21 17 to
3182 2497 72 25 hardly
3274 2498 73 24 satisfy
3356 2498 35 19 the
3401 2498 73 26 miner,
3489 2498 76 26 thirsty

3011 2525 44 21 soul
3065 2526 45 20 that
3120 2525 25 21 he
3157 2525 23 26 is,
3191 2525 16 20 it
3217 2525 15 20 is
3243 2526 36 20 not
3288 2532 47 19 easy
3347 2526 21 20 to
3378 2524 68 28 pacify
3457 2526 49 22 him.

3036 2566 72 26 Owing
3127 2567 21 19 to
3168 2565 35 20 the
3217 2567 57 23 great
3297 2567 85 18 amount
3403 2566 21 19 of
3441 2566 55 20 work
3517 2566 46 20 that

3011 2594 37 20 has
3061 2595 21 19 to
3091 2593 25 21 be
3131 2593 53 20 done
3194 2599 24 14 on
3232 2592 35 20 the
3280 2592 198 22 Lawrence-Milton
3489 2593 74 21 branch

3011 2622 21 21 of
3046 2621 89 27 raihvav,
3149 2621 17 21 it
3177 2620 34 21 has
3222 2620 50 21 been
3287 2620 65 21 found
3370 2627 106 20 necessary
3490 2623 22 19 to
3526 2629 37 14 run

3011 2649 73 23 special
3104 2649 60 25 goods
3177 2648 63 20 trains
3254 2647 91 21 between
3370 2648 48 20 here
3433 2648 40 21 and
3489 2649 74 21 Round

3012 2676 45 20 Hill
3075 2676 32 20 for
3126 2682 12 14 a
3157 2674 137 22 consider-ible
3312 2674 72 26 length
3404 2675 22 21 of
3441 2675 50 21 time
3509 2683 53 14 now.

3010 2704 43 20 The
3067 2703 71 26 engine
3158 2703 40 20 aud
3218 2702 51 21 staff
3290 2702 106 27 employed
3416 2702 49 22 here
3484 2703 26 21 do
3525 2704 35 20 the

3011 2732 51 25 trips
3075 2732 92 20 between
3182 2730 24 21 12
3221 2738 51 12 noon
3287 2730 39 20 and
3347 2730 12 21 3
3378 2738 59 19 p.m.,
3453 2731 41 21 and
3509 2731 54 21 fifter

3011 2759 25 20 10
3051 2765 58 19 p.m.,
3124 2765 22 13 so
3156 2764 21 14 as
3196 2760 36 18 not
3250 2761 21 17 to
3285 2757 97 21 interfere
3398 2758 48 20 with
3461 2757 35 21 the
3511 2759 49 20 time

3011 2786 61 22 table.
3100 2787 33 20 On
3155 2785 34 21 the
3208 2789 71 17 return
3299 2784 52 22 from
3375 2785 89 26 running
3484 2792 37 15 one
3542 2786 21 21 of

3011 2814 58 21 these
3088 2814 73 25 special
3181 2814 63 20 trains
3264 2813 91 20 between
3377 2814 24 20 12
3420 2813 40 21 and
3479 2814 12 20 3
3511 2821 50 17 pm.

3011 2841 106 26 yesterday
3138 2847 12 13 a
3163 2842 64 19 steam
3243 2840 45 25 pipe
3312 2840 59 21 burst
3394 2847 24 13 on
3439 2840 36 20 the
3493 2841 70 25 engine

3011 2868 80 25 coming
3112 2867 59 21 down
3190 2867 35 20 the
3247 2867 74 20 incline
3344 2868 22 19 to
3382 2867 35 20 the
3440 2867 83 26 station,
3543 2874 22 13 so

3013 2896 46 20 that
3068 2895 36 20 the
3117 2894 106 21 afternoon
3238 2894 52 20 train
3304 2894 35 21 did
3349 2895 36 19 not
3391 2893 57 21 leave
3458 2894 108 21 Lawrence

3013 2924 32 20 till
3057 2924 24 20 10
3088 2929 50 20 p.m,
3165 2922 43 21 The
3215 2924 56 23 stage
3278 2921 54 20 from
3347 2922 73 19 Milton
3427 2923 21 18 to
3458 2922 108 20 Lawrence

3014 2957 39 14 was
3067 2957 38 14 run
3119 2953 22 18 at
3154 2956 49 15 near
3216 2950 36 19 the
3266 2948 58 21 usual
3339 2949 50 21 time
3403 2948 26 21 bv
3445 2949 36 20 the
3495 2949 72 26 engine

3013 2979 79 25 coming
3116 2985 27 14 on
3161 2977 53 21 from
3239 2976 102 25 Dunedin,
3366 2976 90 22 arrivinsr
3479 2976 48 21 here
3547 2978 20 20 at

3013 3006 46 21 9.15
3072 3013 51 19 p,m.
3152 3005 33 21 No
3196 3004 77 21 serious
3286 3004 84 26 damage
3380 3004 98 22 resulted.

3039 3045 43 21 The
3090 3044 68 27 public
3168 3044 22 21 of
3199 3044 108 21 Lawrence
3318 3051 34 14 are
3361 3045 23 19 to
3391 3044 24 20 be
3426 3043 45 21 well
3488 3043 79 25 regaled

3015 3072 41 22 this
3074 3072 56 21 week
3140 3072 21 21 in
3177 3072 36 21 the
3224 3078 44 20 way
3278 3072 21 21 of
3308 3074 99 24 concerts,
3418 3079 21 13 as
3453 3078 12 14 a
3483 3072 84 26 popular

3015 3101 160 20 entertainment
3210 3107 40 13 was
3283 3100 47 21 held
3362 3101 20 19 in
3415 3099 36 21 the
3487 3100 80 25 Trinity

3015 3128 82 20 Church
3116 3128 123 20 schoolroom
3269 3127 41 20 last
3333 3128 100 22 evenins;
3468 3127 39 20 and
3528 3127 39 20 this

3015 3156 87 25 evening
3111 3155 36 20 the
3159 3155 84 21 Musical
3254 3154 68 21 Union
3333 3155 16 20 is
3358 3155 93 25 bringing
3461 3154 26 21 its
3495 3161 69 14 season

3015 3184 22 19 to
3046 3190 11 14 a
3068 3183 52 21 close
3129 3182 48 22 with
3188 3190 11 13 a
3209 3182 63 26 grand
3281 3184 87 25 concert,
3379 3183 22 19 to
3413 3181 25 21 be
3448 3181 47 21 held
3502 3181 19 21 in
3535 3181 32 21 the

3017 3210 142 26 Presbyterian
3178 3210 67 22 school
3264 3217 63 19 room,
3340 3209 36 22 the
3394 3209 96 27 proceeds
3505 3211 22 20 to
3544 3209 23 21 be

3015 3237 87 22 devoted
3122 3240 22 18 to
3165 3238 106 26 defraying
3285 3244 12 14 s.
3304 3237 80 27 portion
3394 3237 22 21 of
3424 3237 36 21 the
3481 3244 86 20 expense

3016 3265 94 21 incurred
3121 3265 27 26 by
3156 3266 36 20 the
3201 3266 76 21 Union.

3040 3304 84 26 Murray
3143 3304 40 21 anrl
3200 3305 61 26 party
3276 3303 41 22 had
3331 3311 12 14 a
3353 3304 65 21 steam
3427 3310 28 20 up
3466 3310 26 15 on
3513 3302 54 23 their

3018 3332 76 25 dredge
3109 3339 24 12 on
3144 3332 90 25 Monday
3247 3332 99 25 morning,
3362 3332 40 19 and
3416 3332 11 20 I
3442 3331 125 20 understand

3015 3358 46 21 that
3069 3359 99 26 dredging
3175 3366 70 19 proper
3257 3358 16 21 is
3287 3360 21 19 to
3318 3359 53 20 start
3384 3360 118 19 tomorrow.

3037 3399 22 21 J.
3077 3399 115 21 Robertson
3209 3399 16 21 is
3235 3398 71 26 slowly
3313 3398 79 26 getting
3404 3398 31 20 his
3451 3398 115 24 machinery

3014 3426 43 21 into
3066 3426 95 26 position,
3172 3427 37 20 but
3216 3428 16 19 it
3242 3426 40 21 will
3292 3426 25 21 be
3326 3433 55 14 some
3390 3426 51 21 time
3451 3428 35 23 yet
3496 3424 71 23 before

3013 3454 26 21 he
3046 3454 17 21 is
3072 3454 45 21 able
3126 3455 22 20 to
3159 3454 59 21 make
3230 3461 12 14 a
3255 3455 59 20 start.

3038 3490 82 25 August
3129 3490 32 25 26,
3176 3490 57 21 1897.

3155 3568 127 52 Mining
3322 3568 112 42 Notes.

3035 3673 42 20 The
3092 3674 82 20 returns
3197 3672 53 21 from
3260 3673 35 19 the
3314 3672 104 25 following
3432 3672 83 25 dredges
3531 3671 31 21 for

3011 3700 35 19 the
3071 3701 56 19 week
3151 3700 75 24 ending
3245 3699 103 25 Saturday
3374 3698 188 24 were—Roxburgh

3010 3726 24 20 36
3044 3734 20 18 >z,
3073 3726 81 21 Ettrick
3165 3727 48 20 15oz
3222 3726 30 20 for
3259 3726 47 20 four
3313 3726 56 25 days.
3378 3725 77 21 Go'den
3466 3725 96 21 Treasure

3009 3754 54 23 40oz.
3075 3754 77 22 Golden
3164 3754 52 22 G>te
3234 3754 48 22 250z
3292 3754 61 27 Bdwt,
3364 3753 66 27 Otago
3440 3753 49 21 230z
3499 3752 61 22 3dwt.

3011 3783 96 20 Dunedin
3117 3783 48 20 320z
3176 3783 66 20 I'klwt
3251 3782 42 22 figr.

3033 3816 43 20 The
3083 3816 78 20 Golden
3181 3816 47 20 Run
3245 3816 88 26 Sluicing
3347 3816 43 24 Co.,
3398 3814 107 21 recovered
3515 3815 46 20 41oz

3009 3844 31 21 for
3047 3844 36 20 the
3094 3843 71 21 week's
3181 3843 63 27 work,

3034 3880 43 19 The
3101 3880 80 20 Ettrick
3204 3880 74 24 dredge
3303 3879 38 20 had
3372 3878 35 20 the
3425 3880 65 18 steam
3515 3879 46 25 pipe

3009 3908 121 24 connecting
3139 3906 35 21 the
3190 3907 71 24 engine
3277 3906 39 20 and
3331 3905 63 20 boiler
3405 3904 93 22 smashed
3512 3905 27 26 by
3550 3912 11 13 a

3007 3934 33 24 log
3056 3934 79 24 coming
3157 3941 28 18 up
3196 3934 18 21 in
3226 3934 36 20 the
3275 3933 83 21 buckets
3369 3932 74 25 daring
3457 3939 37 14 one
3505 3932 56 24 night

3007 3962 39 21 last
3062 3962 63 22 week.
3152 3962 48 21 Two
3219 3962 49 26 days
3287 3968 52 13 were
3357 3959 96 27 occupied
3465 3960 95 26 effecting

3008 3990 84 26 repairs.

3033 4026 39 19 We
3085 4025 125 20 understand
3226 4024 150 20 arraneements
3388 4023 52 19 have
3451 4024 21 18 nt.
3487 4023 72 25 length

3007 4051 49 20 been
3074 4052 58 20 made
3144 4054 21 17 to
3176 4052 57 25 place
3245 4051 36 20 the
3292 4050 68 20 Island
3371 4050 61 20 Block
3441 4050 58 20 claim
3512 4057 24 13 on
3549 4056 11 14 a

3007 4079 92 21 financial
3121 4079 86 25 foor.insr,
3230 4078 38 21 and
3284 4077 62 26 work,
3373 4077 64 20 which
3456 4077 35 20 has
3509 4077 50 20 been

3007 4106 85 24 stopped
3107 4107 33 20 for
3159 4113 54 14 some
3233 4106 56 24 time,
3311 4104 38 20 will
3362 4111 44 13 now
3423 4104 24 20 be
3466 4104 93 21 resumed

3007 4127 64 26 under
3086 4134 36 20 the
3135 4140 54 13 same
3205 4132 141 21 nnnacement
3363 4137 21 14 as
3406 4130 76 22 before.
3510 4131 21 21 It
3543 4132 16 20 is

3005 4161 129 25 satisfactory
3147 4160 46 21 that
3204 4160 35 21 the
3249 4158 115 21 difficulties
3374 4158 22 20 of
3409 4158 36 21 the
3459 4165 98 20 company

3005 4195 34 14 are
3051 4189 18 20 in
3080 4195 12 13 a
3106 4189 38 20 fair
3154 4195 43 13 wav
3207 4190 21 17 to
3238 4188 23 19 he
3277 4192 111 20 overcome,
3399 4186 39 19 and
3451 4186 53 26 that.
3515 4186 41 20 this

3006 4216 141 21 nudouhtedlv
3161 4215 92 20 valuable
3269 4215 96 24 property
3383 4213 39 21 will
3439 4214 24 19 be
3475 4214 82 20 worked

3005 4243 110 24 regularly.

3031 4275 80 26 Perry's
3120 4275 74 24 dredge
3202 4275 22 20 at
3235 4273 96 21 Waikaka
3338 4273 76 24 (writes
3425 4273 34 21 the
3470 4273 85 26 Ensien)

3006 4303 77 20 started
3098 4302 54 20 work
3162 4302 54 25 early
3226 4301 18 21 in
3325 4300 44 24 last,,
3381 4300 38 21 and
3440 4301 54 21 since
3506 4300 49 21 then

3005 4330 37 21 has
3063 4332 37 23 put
3115 4330 89 24 through
3223 4336 54 14 some
3296 4328 71 21 20.000
3382 4328 58 23 yards
3459 4328 21 20 of
3491 4328 61 23 wash,

3005 4358 75 20 hayin<r
3095 4365 12 11 a
3125 4358 91 23 capacity
3225 4357 22 19 of
3265 4356 62 19 about.
3337 4356 24 19 'io
3374 4356 59 24 yards
3450 4362 35 17 per
3494 4355 52 19 hour

3005 4384 42 19 The
3057 4383 74 25 dredge
3151 4384 17 18 is
3178 4383 87 19 situated
3276 4388 24 13 on
3310 4381 107 25 Sheperd's
3432 4381 73 25 Greek,
3515 4380 39 20 and

3005 4410 16 21 is
3028 4410 105 26 operating
3143 4416 24 14 on
3178 4409 46 21 that
3230 4408 81 25 locality
3318 4408 73 21 known
3401 4415 21 13 as
3429 4406 122 27 Shepherd's

3005 4438 53 21 Flat.
3085 4438 58 21 Since
3163 4438 54 20 work
3231 4437 36 20 has
3290 4436 127 22 commenced
3434 4435 65 23 there,
3514 4435 36 21 the

3005 4466 74 25 dredge
3104 4466 35 19 has
3171 4464 96 20 travelled
3296 4464 62 19 about,
3382 4463 57 20 three
3470 4463 76 19 chains.

3005 4493 43 20 The
3066 4492 62 26 dep'h
3139 4492 22 20 of
3169 4491 76 26 ground
3263 4498 45 13 now
3317 4491 59 22 being
3387 4489 80 21 worked
3479 4489 15 20 is
3504 4489 49 25 13ft,

3005 4520 39 21 and
3062 4519 98 24 although
3171 4518 34 21 the
3215 4518 102 27 prospects
3333 4524 33 13 are
3376 4523 48 18 very
3441 4515 64 22 small,
3517 4515 35 21 the

3005 4549 45 20 vast
3058 4548 94 26 quantity
3162 4546 20 21 of
3189 4546 53 21 wash
3255 4544 78 23 treated
3343 4543 68 22 makes
3421 4543 35 21 the
3466 4544 86 29 venture

3005 4583 12 13 a
3028 4583 49 19 very
3089 4575 84 27 payable
3183 4581 44 15 one.

3728 190 170 54 Wedding
3920 191 97 45 Bells.

3633 291 24 29 A
3671 291 138 41 wedding,
3822 293 87 31 which
3923 294 106 31 excited
4040 306 17 19 a
4066 296 75 37 large

3596 336 113 24 amount
3720 332 30 28 of
3762 331 69 31 local
3843 339 136 31 mtereesfc,
4002 346 54 19 was
4079 337 64 28 held

3597 369 64 31 here
3692 381 36 19 on
3762 371 186 41 Wednesday,
3980 374 46 30 the
4052 376 92 40 happy

3598 410 96 39 couple
3706 412 85 37 being
3801 413 68 29 Miss
3882 412 80 40 Mary
3977 414 98 40 Taylor
4090 417 53 30 and

3601 451 42 29 Mr
3657 451 87 40 Hugh
3757 451 173 38 Henderson,
3949 456 67 28 both
4030 456 29 29 of
4071 456 73 30 Rnx-

3590 492 1 46 I
3599 492 99 37 burgh.
3738 493 57 29 The
3820 503 144 29 ceremony
4000 506 52 19 wag
4085 507 61 27 per-

3590 522 1 53 I
3598 531 106 30 formed
3718 532 36 39 by
3775 533 46 29 the
3844 535 58 29 Rev
3915 534 46 30 Mr
3983 534 109 31 Telford
4114 541 28 25 at

3599 574 45 29 the
3670 572 192 41 Presbyterlau
3895 575 129 37 Church,*
4037 577 27 28 in
4099 579 42 29 the-

3599 623 128 28 presence
3754 615 29 27 of
3807 625 15 17 a
3848 616 91 28 crowd
3971 616 29 28 of
4028 616 119 30 visitors.

3599 653 56 32 The
3685 654 77 32 bride
3792 655 61 32 who
3885 667 54 20 was
3976 657 170 41 charmingly

3599 696 110 29 dressed
3741 697 28 28 in
3794 708 16 18 a
3836 708 67 29 grey
3928 698 63 37 silk,
4017 699 126 29 trimmed

3598 736 65 28 with
3678 737 56 29 lace
3754 738 28 29 of
3801 739 46 28 the
3870 750 72 18 same
3967 739 101 37 colour,
4092 741 54 28 and

3598 778 46 28 the
3657 778 76 29 usual
3747 780 100 28 wreath
3862 780 52 29 and
3925 781 61 36 veil,
4001 791 54 19 was
4078 791 48 28 sup-

3598 818 97 38 ported
3707 819 38 39 by
3755 820 68 29 Miss
3834 819 89 31 Broad
3932 832 29 18 as

3600 857 43 30 Mr
3682 859 32 28 Gr.
3747 859 98 39 Taylor
3869 861 84 37 being
3979 862 62 29 best
4072 872 72 20 man.

3598 899 81 30 After
3691 900 46 29 the
3751 901 129 41 wedding
3890 913 17 18 a
3929 902 76 40 large
4028 904 116 29 number

3598 941 29 27 of
3651 945 94 33 guests
3767 952 69 19 were
3859 948 111 33 present
3992 948 28 23 at
4040 955 16 16 a
4076 953 67 28 very

3598 980 58 29 nice
3682 981 127 40 wedding
3831 983 151 36 breakfast,
4008 984 134 39 prepared

3596 1021 37 38 by
3660 1022 56 29 Mrs
3742 1023 59 36 Orr,
3836 1024 54 29 and
3921 1024 83 39 given
4041 1028 28 25 at
4095 1025 49 29 her

3596 1062 91 29 house.
3726 1063 56 29 The
3796 1061 76 39 cake,
3883 1075 16 18 a
3912 1075 65 25 very
3990 1065 149 29 handsome

3596 1102 161 37 confection,
3791 1114 52 19 was
3879 1105 124 37 supplied
4034 1106 37 37 by
4097 1105 46 29 Mr

3596 1142 113 30 Mercer.
3768 1145 23 28 A
3830 1145 116 28 number
3988 1145 29 28 of
4054 1150 86 25 toasts

3594 1184 173 38 appropriate
3791 1188 28 25 to
3845 1185 47 28 the
3924 1185 122 29 occasion
4072 1197 71 19 were

3595 1224 137 30 honoured
3747 1225 65 28 with
3831 1225 177 29 enthusiasm.
4047 1225 35 29 In
4095 1227 47 28 the

3595 1265 118 38 evening
3732 1266 84 28 about
3833 1267 74 37 sixty
3920 1265 105 29 friends
4047 1267 29 27 of
4096 1267 48 28 the

3596 1305 75 28 bride
3696 1305 53 28 and
3770 1306 174 37 bridegroom
3959 1316 70 18 were
4054 1310 75 25 enter-

3595 1345 91 28 tained
3697 1350 28 23 at
3737 1356 16 17 a
3766 1345 86 29 dance
3866 1350 28 24 at
3907 1346 46 31 the
3965 1347 173 36 Athenasum,

3594 1385 53 29 and
3660 1386 65 38 they
3736 1395 69 19 were
3814 1386 215 39 indefatiguable
4040 1387 26 29 in
4078 1398 47 29 pro-

3594 1426 107 38 moting
3738 1427 46 27 the
3823 1427 157 37 enjoyment
4010 1428 30 28 of
4071 1429 71 28 their

3595 1470 102 33 guests.
3737 1465 57 29 The
3817 1467 97 29 Misses
3938 1467 108 30 Malone
4071 1478 70 29 gave

3594 1507 132 28 excellent
3751 1507 85 28 dance
3864 1508 84 28 music
3976 1508 90 38 (piano
4086 1509 55 28 and

3595 1545 103 37 violin),
3725 1547 54 28 and
3814 1547 45 28 Mr
3883 1547 26 29 J.
3943 1548 121 39 O'Leary
4090 1551 51 27 left

3596 1587 115 37 nothing
3725 1590 27 26 to
3767 1588 32 27 be
3813 1587 105 29 desired
3932 1599 29 18 as
3977 1588 71 30 M.C.
4092 1589 49 29 We

3595 1637 45 18 are
3653 1631 144 35 requestep
3817 1628 36 37 by
3869 1628 47 30 the
3926 1629 171 36 bridegroom
4113 1634 28 25 to

3594 1677 111 26 express
3719 1668 40 27 his
3773 1678 77 18 sense
3872 1668 29 27 of
3921 1669 46 27 the
3988 1670 151 36 obligation

3595 1706 34 28 he
3641 1707 23 27 is
3685 1706 96 29 under
3789 1712 28 24 to
3840 1707 34 29 all
3903 1708 41 29 his
3970 1708 103 29 friends
4098 1709 43 29 for

3597 1747 70 27 their
3685 1746 130 30 kindness
3841 1752 28 24 to
3892 1748 109 30 himself
4022 1750 54 28 and
4101 1750 41 29 his
4145 1746 4 33 :

3597 1787 62 28 wife
3672 1797 34 19 on
3721 1787 45 28 the
3779 1789 123 28 occasion
3926 1790 30 28 of
3974 1790 70 30 their
4066 1790 55 30 wed-

3596 1827 77 37 ding,
3688 1827 54 28 and
3754 1829 141 36 especially
3909 1834 27 24 to
3960 1830 45 28 Mr
4014 1831 54 29 and
4083 1832 57 28 Mrs

3599 1867 76 37 Boyd
3698 1867 53 28 and
3766 1867 57 28 Mrs
3837 1867 58 29 Orr.
3934 1869 57 29 Tha
4013 1871 127 37 wedding

3596 1907 68 38 gifts
3679 1917 69 18 were
3759 1917 64 28 very
3838 1917 143 21 numerous
3991 1911 52 28 and
4055 1912 67 28 hand-

3594 1958 86 25 some,
3691 1947 54 28 and
3765 1957 39 19 we
3822 1949 108 37 append
3943 1960 15 17 a
3970 1950 45 28 list
4028 1952 28 26 of
4067 1962 72 18 some

3596 1988 29 28 of
3638 1989 130 27 them:—

3622 2037 42 20 Mrs
3678 2037 73 25 Peake,
3765 2037 43 21 half
3824 2037 61 21 doz-m
3902 2045 49 16 cups
3963 2039 39 21 and
4014 2046 78 14 saucers
4101 2041 40 21 and

3597 2071 43 25 pair
3654 2072 52 19 mats
3716 2077 5 18 ;
3737 2071 42 20 Mrs
3788 2071 46 25 Orr,
3845 2070 42 21 half
3899 2070 63 21 dozen
3972 2072 64 20 China
4047 2079 49 19 cups
4103 2073 39 20 and

3596 2112 79 15 saucers
3685 2113 5 18 ;
3706 2106 41 21 Mrs
3761 2106 69 26 Inglis,
3841 2107 42 22 pair
3897 2106 60 22 bread
3973 2107 64 26 plates
4050 2107 39 22 and
4101 2107 45 27 pair

3596 2140 52 26 jelly
3667 2140 82 24 dishes;
3777 2141 42 20 Mrs
3842 2140 102 26 Duchriss,
3965 2142 43 26 pair
4028 2149 56 14 vases
4104 2142 40 21 and

3599 2175 86 26 wearing
3704 2175 94 26 apparel;
3821 2175 33 21 Mr
3878 2175 80 27 Sellige,
3977 2182 98 20 epergne;
4100 2176 42 21 Mrs

3598 2209 97 28 O'Leary,
3706 2210 44 27 pair
3765 2218 56 14 vases
3831 2210 40 22 and
3885 2210 44 22 half
3946 2211 62 21 dozen
4022 2213 117 24 teaspoons;

3602 2245 33 22 Mr
3652 2246 23 21 C.
3690 2246 62 26 Cray,
3771 2246 75 26 crystal
3863 2246 65 26 pickle
3945 2246 44 27 jar;
4009 2246 132 28 bridegroom,

3598 2279 75 22 walnut
3682 2279 54 23 table
3742 2279 40 23 and
3791 2279 66 28 pickle
3863 2280 45 27 jar;
3922 2280 42 22 Mrs
3974 2279 82 28 Mercer,
4066 2281 73 26 crystal

3597 2315 48 20 cake
3660 2315 78 25 dishes;
3755 2316 31 20 Mr
3795 2316 40 20 and
3845 2316 69 21 Misses
3926 2316 86 26 Malone,
4023 2316 43 21 half
4075 2316 62 21 dozan

3594 2348 73 27 plates,
3684 2349 77 21 dessert
3774 2356 73 19 spoons
3864 2349 40 21 and
3919 2350 34 20 tea
3966 2356 86 19 spoons;
4066 2349 31 21 Mr
4112 2349 27 22 G.

3595 2383 97 27 Ormond,
3702 2382 63 28 photo
3777 2383 65 21 frame
3852 2383 36 21 and
3905 2383 95 22 bedroom
4014 2385 30 19 set
4056 2390 6 20 ;
4074 2383 64 23 MrGt

3596 2418 125 26 Henderson,
3734 2419 46 27 gold
3791 2420 80 26 keeper,
3880 2419 41 22 also
3934 2420 46 26 gold
3991 2420 71 22 brooch
4073 2423 21 18 to
4102 2420 35 23 the

3597 2453 133 26 bridesmaid;
3744 2454 49 20 Miss
3808 2454 80 25 Taylor,
3904 2455 43 25 pair
3961 2462 56 13 vases
4029 2455 40 21 and
4078 2455 51 21 hand-

3596 2486 98 21 kerchiefs
3706 2493 5 18 ;
3727 2487 41 20 Mrs
3783 2487 122 26 Fitzgerald,
3920 2487 69 21 cheese
3999 2487 51 25 dish,
4070 2489 71 25 teapot

3592 2521 39 21 and
3641 2521 66 26 dress;
3725 2521 76 22 Master
3811 2523 25 20 A.
3850 2521 45 28 Orr,
3906 2521 58 23 three
3974 2522 76 27 plates;
4066 2523 75 22 Master

3593 2558 25 21 P.
3632 2557 44 25 Orr,
3687 2557 43 21 half
3741 2557 62 21 dozen
3812 2564 49 19 cups
3873 2558 40 21 and
3923 2565 79 15 saucers
4010 2566 5 18 ;
4030 2559 75 21 Master
4118 2559 23 22 J.

3593 2591 72 26 Broad,
3679 2591 63 26 photo
3751 2591 64 22 frame
3825 2599 5 18 ;
3846 2592 48 21 Miss
3906 2592 71 25 Broad,
3988 2592 68 22 butter
4066 2593 65 21 dishes

3593 2625 38 21 salt
3639 2625 77 27 cellars,
3727 2625 39 22 and
3774 2625 51 27 jelly
3834 2626 78 25 dishes;
3929 2627 32 21 Mr
3974 2627 21 21 J.
4011 2627 67 26 Kitto,
4095 2628 43 25 pair

3592 2667 56 13 vases
3660 2660 4 27 ;
3677 2660 48 21 Miss
3735 2660 24 21 E.
3768 2661 117 24 Buchanan,
3894 2669 59 18 sugar
3960 2661 55 21 basin
4022 2662 40 21 and
4071 2662 71 22 buttef

3591 2694 81 28 dishes;
3690 2695 49 22 Miss
3760 2695 81 28 Young,
3861 2704 59 19 sugar
3939 2697 55 21 basin
4009 2697 40 22 and
4071 2697 70 22 buttef

3591 2729 79 25 dishes;
3687 2729 50 22 Miss
3751 2730 28 21 M.
3792 2730 116 24 Buchanan,
3919 2738 65 14 cream
3993 2731 37 26 jug
4045 2731 40 21 and
4098 2738 13 20 p
4116 2732 26 20 tir

3591 2764 68 27 pillow
3667 2764 62 27 slips;
3744 2764 42 21 Mrs
3795 2765 64 26 Boyd,
3871 2765 63 27 photo
3944 2766 73 21 frames
4027 2766 41 21 and
4076 2766 66 22 Chin*

3592 2799 123 22 candlestick
3725 2799 4 29 ;
3744 2800 42 21 Mrs
3796 2800 88 25 Howell,
3897 2803 70 24 teapot
3976 2801 40 22 and
4026 2809 46 19 cosy
4083 2810 5 16 ;
4099 2802 42 22 Mrs

3591 2833 75 25 Cahill,
3679 2834 81 19 cushion
3770 2841 6 17 ;
3790 2834 42 20 Mrs
3851 2833 79 26 Moran,
3949 2841 59 19 sugar
4025 2835 56 20 basin
4095 2835 40 20 and

3591 2867 122 21 butterdish
3723 2874 5 18 ;
3744 2867 40 21 Mrs
3796 2867 82 25 Haines,
3891 2875 34 13 sea
3938 2867 51 21 shell
4005 2870 115 18 ornaments
4130 2883 5 5 .

3831 2891 4 16 ,
4129 2891 5 9 9

3593 2902 168 26 MrsSwanwick,
3778 2902 86 27 wearing
3874 2904 94 25 apparel;
3983 2903 41 21 Mrs
4039 2902 93 28 M'llroy,

3599 2937 41 19 two
3658 2936 53 25 pairs
3722 2936 67 25 pillow
3804 2936 48 26 slips
3869 2936 40 20 and
3924 2936 44 26 pair
3990 2936 90 26 doyleys,
4097 2937 40 21 and

3595 2975 60 20 many
3664 2969 59 21 other
3731 2969 100 21 beautiful
3841 2969 39 22 and
3890 2969 66 22 useful
3971 2972 98 24 presents.

3752 3054 235 52 Cablegrams.

3583 3158 2 25 |
3705 3159 19 20 A
3737 3158 139 21 TERRIBLE
3897 3158 140 22 TRAGEDY.

3872 3194 118 27 Brisbane,
3997 3195 80 26 August
4086 3194 31 22 24.

3622 3224 20 19 A
3659 3222 82 21 terrible
3750 3222 83 25 tragedy
3846 3222 15 20 is
3871 3222 93 25 reported
3974 3222 51 19 from
4039 3222 94 26 Glenor®,

3599 3257 48 14 near
3665 3248 134 23 Normanton.
3826 3250 20 19 A
3863 3255 47 14 man
3919 3248 71 21 named
4000 3248 117 27 N'Donald,
4127 3257 12 13 a

3599 3276 44 21 well
3661 3276 73 21 known
3744 3276 95 26 resident,
3849 3276 44 21 who
3903 3276 35 21 has
3953 3276 49 21 been
4020 3276 19 21 in
4047 3274 93 23 financial

3599 3304 121 26 difficulties,
3731 3306 35 20 cut
3775 3311 12 14 a
3795 3305 46 20 vein
3850 3304 20 21 in
3880 3304 30 21 his
3919 3304 61 21 wife's
3988 3311 49 17 arm,
4048 3304 39 21 and
4100 3304 36 21 the

3598 3339 77 14 woman
3706 3332 46 20 bled
3785 3333 21 19 to
3841 3332 68 21 death.
3943 3332 19 19 M
4088 3331 51 20 then

3597 3358 115 27 attempted
3731 3360 22 19 to
3768 3358 52 21 blow
3829 3360 36 19 out
3882 3358 30 21 his
3920 3358 67 21 brains
3996 3358 25 26 by
4031 3365 67 14 means
4115 3358 23 21 of

3597 3387 109 27 dynamite,
3726 3386 37 22 but
3773 3386 34 21 the
3818 3386 42 22 fuse
3870 3393 39 14 was
3926 3387 33 20 too
3969 3386 64 26 short,
4048 3386 39 21 and
4102 3385 32 22 his

3597 3415 53 21 hand
3666 3421 39 14 was
3723 3414 67 21 blown
3799 3414 36 21 off.
3861 3414 42 21 The
3910 3414 104 24 desperate
4024 3420 46 14 man
4087 3412 51 22 with

3597 3442 35 21 the
3638 3442 58 21 other
3701 3442 54 21 hand
3762 3443 35 20 cut
3803 3442 31 20 his
3840 3442 67 20 throat
3915 3441 48 21 with
3975 3448 12 13 a
3993 3448 56 13 razor
4065 3440 72 26 killing

3596 3470 87 22 himself.

3664 3508 159 21 EXTENSIVE
3834 3507 133 22 DIAMOND
3980 3507 89 22 FIELD.

3842 3543 59 20 Cape
3993 3542 80 25 August
4080 3541 32 22 22.

3619 3572 20 20 A
3653 3570 93 22 diamond
3760 3577 45 14 area
3822 3570 91 26 covering
3928 3576 12 13 a
3956 3569 98 21 thousand
4064 3575 71 20 square

3593 3600 59 25 yards
3665 3599 35 20 has
3709 3599 48 20 been
3775 3598 116 21 discovered
3904 3598 22 19 at
3936 3596 113 26 Wimburg,
4065 3596 21 21 in
4101 3596 36 21 the
4145 3596 3 29 •

3593 3629 79 23 Orange
3691 3626 50 21 Free
3757 3626 64 21 State.
3848 3624 42 21 The
3908 3624 80 26 locality
4004 3624 16 21 is
4034 3623 102 27 sixty-five

3593 3654 56 22 miles
3661 3656 21 20 to
3696 3653 35 22 the
3741 3652 120 23 north-west
3869 3652 22 21 of
3904 3651 142 22 Blomfontein.

3654 3699 56 20 THE
3724 3697 123 21 ENGLISH
3861 3697 86 21 FRUIT
3960 3696 113 21 SEASON.

3879 3732 98 25 London,
3986 3730 82 26 August
4078 3730 29 22 20.

3617 3761 42 22 The
3679 3760 57 21 trade
3757 3759 108 27 anticipate
3879 3759 45 21 that
3939 3758 35 21 the
3991 3760 79 25 present
4085 3758 55 22 fruit

3592 3796 67 13 season
3670 3789 40 20 will
3720 3789 23 19 be
3755 3788 35 20 the
3801 3791 60 16 worst
3870 3786 130 26 experienced
4010 3786 20 21 in
4039 3786 94 26 England

3592 3817 31 20 for
3636 3817 77 24 twenty
3722 3821 63 21 years.
3812 3815 42 20 The
3863 3814 59 27 apple
3931 3821 47 20 crop
3988 3814 15 20 is
4010 3821 11 13 a
4033 3814 103 26 complete,

3592 3845 79 21 failure.

3659 3883 57 21 THE
3730 3882 136 21 ALASKAN
3880 3880 181 22 GOLDFIELDS.

3875 3917 100 23 Ottawa,
3988 3916 78 22 August
4077 3915 24 21 20

3616 3947 21 20 It
3654 3946 16 21 is
3688 3946 93 27 reported
3795 3945 44 21 that
3857 3944 52 20 fresh
3920 3943 117 21 discoveries
4046 3942 21 21 of
4082 3942 49 26 gold

3597 3975 50 19 have
3657 3974 49 20 been
3716 3974 57 21 made
3783 3980 24 13 on
3814 3972 35 21 the
3857 3971 90 22 Steward
3954 3971 52 20 river
4012 3970 39 21 and
4061 3970 70 26 Upp#r

3595 4002 75 21 Yukon
3680 4002 69 21 River.

3992 4026 80 24 August
4077 4024 30 25 21;

3618 4056 19 20 A
3659 4056 64 19 miner
3740 4054 35 21 has
3800 4053 77 21 arrived
3893 4053 20 20 at
3931 4052 97 26 Victoria,
4054 4051 76 24 British,

3592 4082 114 27 Columbia,
3729 4082 52 21 from
3798 4081 73 21 Yukon
3887 4080 69 26 River,
3972 4079 49 22 with
4046 4078 81 26 160,000,

3592 4110 81 20 dollars'
3683 4110 64 20 worth
3757 4109 20 21 of
3785 4109 45 25 gold
3839 4108 53 21 dust.

3616 4188 40 20 Sun
3675 4188 106 20 Francisco
3791 4193 70 20 papers
3872 4188 21 18 to
3903 4185 53 20 hand
3974 4184 26 20 bv
4009 4184 36 20 the
4057 4183 62 24 Warrj-

3591 4215 62 21 moo's
3663 4216 45 19 mail
3719 4215 80 20 contain
3815 4216 93 19 accounts
3920 4212 38 20 and
3969 4211 131 21 illustrations
4108 4211 23 21 ot

3591 4242 35 20 the
3638 4242 44 25 gold
3696 4242 78 26 diggers
3783 4242 20 20 in
3815 4241 33 20 the
3856 4240 72 21 Yukon
3938 4238 78 21 district
4023 4237 40 22 and
4072 4237 52 21 their

3590 4269 59 20 mode
3656 4268 22 21 of
3686 4269 62 25 living
3757 4268 38 21 and
3802 4267 113 25 travelling.

3615 4303 13 19 A
3640 4307 45 14 man
3696 4301 71 21 named
3780 4300 63 27 Berry
3854 4300 37 20 and
3903 4299 29 20 his
3943 4298 44 20 wife
4002 4296 94 22 returned
4105 4298 21 19 to

3589 4328 76 21 'Frisco
3682 4328 54 20 after
3745 4328 75 25 having
3828 4327 68 22 netted
3907 4325 114 25 130,0(J0doI
4032 4325 31 20 for
4073 4324 53 22 their

3587 4357 44 18 first
3648 4356 86 18 season's
3752 4355 61 19 work.
3842 4356 40 18 Mrs
3901 4354 62 22 Berry
3980 4351 76 20 herself
4076 4353 48 19 took

3586 4383 37 17 out
3641 4381 21 19 of
3684 4381 35 19 the
3740 4380 58 20 claim
3823 4381 83 23 nuggets
3927 4378 64 20 worth
4015 4378 109 25 10,000dol.

3585 4407 41 21 She
3646 4414 38 14 was
3701 4406 65 26 newly
3785 4400 86 27 married
3881 4405 57 21 when
3947 4404 36 22 she
3991 4407 54 18 went
4054 4406 22 19 to
4089 4404 35 22 the

3585 4435 90 26 diggings
3690 4435 20 20 in
3721 4435 34 21 the
3765 4434 31 21 far
3805 4433 60 22 north
3875 4433 47 21 with
3933 4433 35 21 her
3981 4432 90 21 husband
4086 4433 39 20 and

3585 4462 34 21 the
3630 4463 43 23 pair
3688 4462 39 20 had
3736 4464 22 18 to
3763 4462 79 23 endure
3851 4463 55 23 great
3917 4460 108 27 privations
4058 4459 64 21 There

3585 4489 15 21 is
3621 4496 12 14 a
3651 4491 56 24 great
3728 4488 86 21 demand
3838 4489 18 20 in
3874 4487 74 22 'Frisco
3967 4487 32 21 for
4020 4486 71 20 berths
4105 4486 22 23 in

3585 4517 96 20 steamers
3696 4515 59 27 going
3769 4515 69 24 north,
3856 4515 39 21 and
3913 4521 77 14 women
4007 4520 34 14 are
4054 4520 72 19 among

3585 4543 58 21 those
3653 4543 45 21 who
3708 4543 40 21 will
3757 4543 89 26 join..the
3856 4542 54 22 rush-
3941 4541 42 21 The
3992 4541 90 26 diggings
4091 4546 34 16 are

3585 4571 71 20 within
3672 4571 35 20 the
3726 4570 67 21 Arctic
3807 4569 65 26 circle,
3882 4569 39 20 and
3932 4569 48 25 only
3989 4571 69 22 strong
4075 4574 44 14 men

3585 4598 45 20 well
3658 4597 101 27 equipped
3778 4597 39 19 and
3830 4596 92 25 supplied
3940 4595 50 19 with
4014 4595 112 25 provisions

3585 4625 72 20 should
3672 4624 60 21 think
3743 4623 22 21 of
3781 4623 134 24 undertaking
3932 4621 35 21 the
3984 4621 93 26 journey,
4104 4621 22 21 it

3585 4652 15 21 is
3619 4651 94 27 probable
3729 4651 45 21 that
3793 4657 61 19 many
3872 4649 41 21 will
3929 4647 107 23 lose.their
4045 4649 49 20 lives
4104 4649 18 20 in

3585 4680 80 25 making
3674 4680 35 20 the
3719 4678 85 22 arduous
3814 4678 85 26 journey
3916 4676 40 22 and
3965 4677 20 21 in
3992 4676 83 26 seeking
4091 4675 31 22 for

3584 4707 35 20 the
3628 4707 75 20 hidden
3713 4708 87 19 treaures
3810 4712 25 12 on
3846 4705 34 20 the
3887 4704 53 21 field.

3697 4795 174 42 Warden's
3898 4793 110 42 Court.

3568 4897 1 33 j
3604 4901 44 21 The
3658 4901 102 24 following
3769 4901 16 19 is
3794 4907 11 13 a
3814 4900 34 20 list
3857 4899 21 20 of
3888 4899 35 21 the
3929 4899 90 20 business
4025 4899 30 19 set
4062 4897 58 23 dowrj

3578 4929 32 21 for
3622 4929 81 24 hearing
3713 4931 21 17 at
3742 4928 35 20 the
3783 4926 105 22 Warden's
3895 4926 68 25 Court,
3973 4924 117 26 Roxburgh,
4099 4927 21 18 to

3578 4957 23 20 be
3612 4956 45 26 helfl
3668 4963 24 13 on
3702 4955 105 26 Thursday
3823 4954 39 21 aud
3881 4953 79 27 Friday,
3978 4953 35 20 the
4027 4952 40 22 2nd
4080 4952 40 22 and

3576 4984 36 21 3rd
3622 4984 118 27 September

3720 5023 128 16 ADJOURNED
3860 5021 108 17 BUSINESS.

3604 5053 124 20 Dissolution
3754 5052 21 20 of
3803 5051 130 25 Partnership
3944 5057 5 13 :
3985 5049 89 21 Sullivan
4098 5056 20 14 v.

3579 5080 83 20 Guriton
3673 5080 55 19 Bros.
3739 5087 5 16 ;
3763 5079 123 20 Richardson
3897 5077 38 20 and
3944 5077 85 19 another
4040 5083 17 12 v.
4069 5075 49 22 Geo.

3579 5106 219 27 M'Gregor.—Mining
3816 5105 109 26 Registrar,
3937 5105 21 19 to
3967 5103 68 21 forfeit
4044 5103 74 26 special

3576 5134 58 22 claim
3642 5134 46 21 held
3697 5134 26 26 by
3729 5134 25 21 D.
3765 5133 80 22 Weir.-
3855 5132 52 21 Wm.
3915 5131 71 27 Milne,
3991 5131 125 23 resumption

3576 5162 21 21 of
3619 5162 90 21 freehold
3726 5162 31 20 for
3774 5161 77 22 niininar
3871 5165 126 21 purposes.—
4000 5158 24 21 B.
4043 5158 77 21 Brooks

3575 5189 38 20 and
3624 5190 92 23 another,
3725 5190 62 17 water
3796 5194 44 14 race
3849 5195 5 17 ;
3869 5188 25 19 R.
3905 5182 82 29 Parker,
3997 5188 61 17 water
4067 5192 51 14 race.

3577 5216 49 20 —A.
3648 5215 118 25 Kirkwood,
3783 5216 21 18 to
3818 5214 105 20 surrender
3941 5212 100 21 extended
4059 5212 58 23 claiiu

3572 5242 40 21 and
3622 5245 61 18 water
3692 5249 51 13 race.

3764 5273 49 16 NSW
3826 5272 102 17 BUSINESS

3597 5304 79 21 Branch
3686 5303 93 21 race—J.
3789 5303 79 21 Hesson
3877 5303 38 19 and
3925 5302 76 20 others.

3596 5330 148 27 By-wash—J.
3754 5330 79 20 Hesson
3842 5329 38 20 and
3890 5329 75 19 others.

3596 5357 108 21 Extended
3721 5356 105 21 claim—J.
3847 5356 79 20 Hesson
3944 5355 40 19 and
4001 5354 76 27 others,

3570 5385 70 25 Lynch
3650 5385 40 19 and
3702 5384 91 20 another.

3676 5410 134 21 races-John
3821 5409 92 24 Guilson,
3925 5409 21 21 J.
3957 5409 27 20 H.
3997 5408 83 26 Parker,
4090 5409 26 21 R.

3572 5439 26 20 M.
3610 5438 73 21 Smith.

3595 5464 253 25 Protection—Roxburgh
3868 5463 102 26 Dredging
3987 5464 44 25 Co.,
4045 5464 73 25 special

3570 5493 59 21 claim
3639 5501 6 17 ;
3664 5493 21 20 J.
3706 5492 78 21 Hesson
3802 5491 39 21 and
3859 5491 75 25 others,
3951 5493 47 24 part
4015 5491 21 20 of
4055 5497 63 15 water

3570 5527 57 18 race;
3641 5520 80 21 Golden
3730 5520 46 19 Run
3787 5518 104 25 Dredging
3900 5517 46 27 Co.,
3960 5518 73 26 special
4043 5517 72 27 clai:n;

3573 5547 87 21 Herbert
3670 5546 61 27 Park,
3742 5545 73 26 special
3824 5545 64 21 claim.

3595 5574 110 23 Extension
3717 5577 62 17 water
3789 5572 124 22 race—John
3927 5572 75 27 Ewing.

3595 5602 43 20 Tail
3652 5602 97 22 race—R.
3772 5600 123 21 Richardson
3918 5600 40 19 and
3980 5599 93 27 another,
4092 5600 23 21 P.

3569 5629 78 27 Laffey.

3596 5656 78 25 Special
3683 5655 122 22 claims—D.
3817 5655 26 21 H.
3855 5654 82 27 Paiker,
3948 5654 28 22 H.
3987 5654 126 26 Youngmar..

3596 5684 78 26 Mining
3692 5684 103 26 Registiar
3809 5685 21 18 to
3853 5682 176 27 Cancel—Special
4047 5679 71 24 claim'

3569 5712 45 20 Jas.
3643 5711 80 25 Elliott,
3749 5712 56 24 jnr.;
3836 5710 73 26 special
3940 5710 68 26 claim,
4032 5709 30 21 W.
4090 5705 27 25 '1?

3570 5738 139 27 Scriirgeour;
3723 5738 50 21 liccn
3786 5744 24 14 ea
3822 5737 88 26 holding,
3921 5736 26 21 D.
3958 5737 28 21 H.
3998 5736 83 23 Parker,

1738 91 210 46 'MOUNT
2011 92 6 6 '
2033 94 225 44 BENGER
2344 95 152 41 MAIL.

3478 85 165 53 Friday,
3665 89 166 49 August
3853 84 207 52 27,1891

101 192 155 35 FRIDAY,
282 192 71 29 27th
381 189 165 36 AUGUST,
567 187 80 34 1697,

225 233 34 25 At
272 242 48 16 one
332 232 94 27 o'clock
440 232 86 33 sharp.

235 310 146 21 CLEARING
394 308 71 22 SALE
478 308 35 20 OF

105 337 172 20 HOUSEHOLD
296 336 175 24 FURNITURE,
491 333 95 26 STOCK,
606 333 45 24 kc.,

247 364 36 20 AT
301 363 121 22 MILLERS
435 361 79 22 FLAT.

109 432 155 29 TODD
317 430 142 30 BROS.
511 428 23 30 &
583 425 69 31 CO.

186 475 65 25 have
263 473 120 26 received
401 470 171 28 instructions
585 468 68 25 from

105 511 45 25 Mr
162 510 103 26 Samuel
279 510 78 25 Clark
371 510 69 33 (who
453 509 22 25 is
489 507 106 32 leaving
607 504 46 25 the

105 547 116 35 district)
236 549 27 24 to
275 547 65 27 offer
352 547 41 27 for
405 545 53 28 sale
460 561 32 3 —

172 592 49 26 200
235 590 91 36 Sheep,
349 594 15 24 2
384 592 98 24 Horses
507 586 115 35 (hacks),
638 585 13 24 1

241 628 123 35 Draught
375 627 93 29 Horse,
475 625 80 29 Drav,
567 621 70 26 Chaff-

240 671 86 24 cutter
338 666 105 34 (almost
458 674 64 21 new,
537 662 34 34 by
585 659 49 27 Ben-

239 705 67 33 tall),
328 708 39 23 set
379 704 28 25 of
419 703 133 26 Harrows,
566 698 85 28 Trees,

240 744 32 25 10
285 743 73 27 sacks
379 741 140 35 Ryegrass,
540 738 17 24 4
578 734 75 27 sacks

242 781 60 37 Rye.

173 819 73 31 Also,
278 820 147 28 Furniture,
459 812 145 31 consisting
627 809 27 26 of

242 856 62 26 Iron
313 856 52 26 and
373 854 117 26 Wooden
501 848 152 28 Bedsteads,

243 894 100 30 Chairs,
365 893 100 28 Tables,
488 888 81 28 Sofas,
593 885 42 27 &c.
651 893 5 24 ;

242 933 151 33 400-gallon
406 928 74 29 Tank
502 924 88 37 (new),
604 923 51 27 and

243 969 75 27 other
343 970 90 33 things
455 969 43 23 too
517 969 140 20 numerous

244 1010 27 23 to
284 1006 192 36 particularise.

167 1084 69 29 Also,
251 1084 27 24 at
292 1082 30 27 11
336 1092 57 17 a.m.
409 1091 33 16 on
455 1088 71 19 same
539 1077 68 26 date.

208 1128 36 21 AT
257 1128 41 19 MR
312 1126 128 21 SELLARS'
454 1123 103 24 YARDS,

116 1156 39 27 On
167 1158 109 25 account
288 1155 27 27 of
336 1154 99 27 Messrs
456 1152 102 29 Sellars,
581 1147 64 28 Cock-

215 1194 68 26 burn
293 1192 71 27 Bros,
379 1191 53 27 and
442 1190 89 27 others
534 1203 32 5 —

180 1239 50 27 200
249 1238 142 27 Crossbred
405 1237 120 34 Hoggets

181 1277 50 25 200
244 1277 50 25 Fat
306 1276 123 26 Wethers

181 1314 50 24 200
245 1312 142 27 Crossbred
400 1311 74 26 Ewes
489 1310 38 32 (in
540 1307 82 32 lamb)

208 1376 85 26 Other
310 1375 106 26 Entries
436 1372 133 27 Solicited.

210 1438 43 35 C.
294 1436 36 35 J.
375 1435 187 48 Coombs,

132 1502 193 30 SURGICAL
346 1500 23 30 &
388 1497 257 32 MECHANICAL

302 1545 167 32 DENTIST

318 1594 40 26 (By
372 1593 82 25 Exam.)

219 1666 152 29 COOMBS
389 1676 62 25 may
465 1665 33 27 be
513 1662 148 29 Consulted

369 1710 28 25 at

268 1759 125 29 Heron's
416 1758 92 29 Hotel

134 1813 42 29 On
198 1812 157 35 FRIDAY,
382 1811 70 29 20th
478 1807 164 31 AUGUST.

151 1892 40 27 As
205 1891 14 28 I
232 1890 97 29 intend
341 1890 110 36 visiting
451 1886 3 40 1
472 1887 55 29 this
547 1886 115 28 District

113 1930 186 41 periodically,
313 1931 23 28 it
343 1930 54 29 will
405 1939 63 20 save
482 1928 124 29 Patients
615 1926 47 29 the

113 1982 120 28 expense
246 1972 29 27 of
287 1972 87 37 going
386 1974 29 26 to
428 1975 72 24 town
514 1980 7 23 ;
541 1968 54 28 and
608 1977 30 19 as
647 1967 15 28 I

115 2015 150 33 guarantee
284 2012 36 26 all
344 2011 85 34 work,
455 2010 124 27 Patients
601 2018 61 26 may

94 2067 6 4 -
113 2052 58 36 rely
184 2062 35 17 on
233 2050 111 38 getting
357 2061 15 17 a
385 2049 143 29 first-class
539 2048 122 27 denture,

113 2130 92 22 TEETH
231 2130 82 21 MADE
341 2130 38 21 BY
409 2128 95 23 OTHER
530 2126 132 21 DENTISTS

111 2154 4 28 ,
133 2156 132 23 PROVING
274 2155 252 22 UNSATISFACTORY
535 2154 62 20 MAY
608 2154 34 19 BE

168 2184 194 21 REMODELLED
376 2184 36 21 AT
425 2182 94 22 SMALL
532 2180 74 22 COST.

113 2254 124 28 Painless
266 2253 162 29 Extraction
457 2250 65 29 with
548 2248 113 29 Nitrous

150 2295 88 28 Oxide
259 2293 65 36 Gas,
347 2293 125 34 Cocaine,
485 2290 94 35 Ether,
594 2300 31 18 or

296 2333 182 30 Chloroform.

110 2407 134 31 Stopping
263 2416 71 20 with
355 2407 84 36 Gold,
461 2404 146 35 Amalgam,
627 2410 34 21 or

327 2449 121 29 Cement.

204 2525 29 29 C.
282 2525 27 29 J.
364 2520 204 38 COOMBS,

249 2573 74 30 Surg
329 2582 49 19 ron
402 2572 117 28 Dentist

150 2620 145 39 (Opposite
310 2619 130 39 Cargill's
452 2617 173 37 Monument)

317 2666 144 21 DUNEDIN.

222 2707 81 34 (Late
321 2706 76 29 Kidd
411 2706 54 28 and
480 2704 59 38 Co.)

194 2804 32 37 J.
257 2802 44 37 B.
332 2798 160 42 YULE,
517 2796 142 43 L.D.S.,

197 2884 190 44 Surgeon
423 2878 161 43 Dentist,

238 2961 299 35 INVERCARGILL.

212 3153 45 28 Mr
280 3152 77 28 Yule
379 3150 54 28 will
454 3149 63 28 visit
519 3165 35 3 —

112 3254 138 31 RYAN'S
265 3252 134 37 HOTEL,
409 3248 249 35 ALEXANDRA,

117 3326 167 30 HERON'S
298 3323 135 35 HOTEL,
443 3320 213 31 ROXBURGH

125 3607 139 35 BAKER,
293 3602 294 33 CONFECTIONER
612 3601 24 28 &

238 3651 283 36 STOREKEEPER,

141 3711 149 23 SCOTLAND
313 3711 112 25 STREET,
448 3708 168 21 ROXBURGH.

146 3786 71 29 h.K.
228 3784 102 30 desires
344 3786 28 26 to
385 3781 88 29 thank
487 3781 47 28 the
546 3779 93 29 inhabi-

108 3831 73 25 tants
194 3826 30 28 of
237 3823 154 39 Roxburgh
404 3822 54 29 and
469 3820 182 38 surrounding

106 3867 122 29 districts
251 3866 44 28 for
314 3865 47 28 the
384 3865 114 36 support
520 3861 133 29 accorded

106 3908 52 27 him
174 3908 26 26 in
214 3907 48 27 the
275 3908 70 36 past,
359 3904 53 27 and
426 3908 28 23 to
463 3902 99 28 inform
578 3901 75 28 them

105 3948 60 28 that
178 3946 117 37 nothing
308 3944 55 29 will
378 3944 34 28 be
425 3943 123 38 wanting
562 3953 34 17 on
611 3941 41 29 his

106 3995 56 31 part
178 3988 26 27 in
216 3988 47 28 the
276 3986 91 28 future
378 3988 28 25 to
416 3983 80 29 merit
504 3993 15 18 a
527 3982 110 30 continu-

103 4038 66 18 ance
182 4028 29 27 of
223 4028 71 27 their
308 4029 122 34 support.

132 4105 140 21 WEDDING
289 4105 61 20 AND
369 4103 150 21 BIRTHDAY
537 4101 91 22 CAKES

251 4138 80 20 MADE
349 4137 34 21 TO
397 4136 104 22 ORDER.

104 4186 124 25 SOIREES,
249 4185 111 20 PICNICS
382 4185 15 20 k
417 4184 84 20 BALLS
520 4181 131 22 CATERED

148 4221 54 20 FOR
217 4220 38 21 ON
270 4221 57 19 THE
339 4219 144 22 SHORTEST
501 4218 112 22 NOTICE.

107 4263 125 38 Nothing
244 4263 52 28 but
310 4263 45 28 the
367 4263 63 28 best
439 4261 123 29 material
575 4261 75 28 used.

105 4348 76 21 GOOD
195 4346 184 22 ASSORTMENT
388 4345 35 21 OF
433 4345 164 26 GROCERIES,
607 4346 45 25 kc.,

305 4379 40 21 ON
361 4378 90 20 HAND.

120 4441 61 35 HP*
190 4440 120 28 Liberal
330 4438 138 29 Discount
480 4446 49 20 for
551 4435 83 31 Cash.

103 4540 63 35 VST
259 4537 22 28 T
298 4561 5 6 .
372 4534 280 35 BOWDEN,

178 4612 175 25 CARPENTER,
379 4610 115 25 JOINER,
521 4609 61 21 AND

273 4649 209 26 UNDERTAKER,

104 4705 96 26 Desires
225 4708 25 21 to
276 4701 77 28 thank
379 4701 41 26 the
452 4699 87 28 Public
564 4700 24 26 of
612 4699 42 27 the

104 4743 103 25 District
222 4740 37 27 for
276 4745 56 30 past
350 4744 111 30 support,
481 4737 48 27 and
548 4736 63 35 begs
629 4742 25 20 to

101 4781 89 26 inform
220 4779 67 26 them
322 4778 54 26 that
407 4776 30 27 he
467 4776 43 26 has
541 4773 112 29 resumed

103 4818 120 26 Business
235 4817 24 25 in
274 4814 149 33 Roxburgh.

101 4905 132 24 Estimates
245 4903 73 35 given
331 4901 48 27 and
390 4901 121 35 Building
522 4899 131 27 Contracts

199 4952 27 27 of
242 4950 32 28 all
295 4950 74 27 kinds
386 4948 164 29 undertaken.

134 5039 75 25 Plans
223 5037 47 26 and
291 5036 188 35 Specifications
492 5033 124 36 prepared.

103 5101 38 53 f>
269 5096 382 43 WINN,

96 5173 134 26 PAINTER,
254 5171 132 25 GLAZIER,
409 5169 94 22 PAPER
522 5167 129 26 HANGER,

167 5206 69 22 SIGN
256 5205 116 21 WRITER
394 5204 62 21 AND
479 5202 95 21 HOUSE

280 5236 179 26 DECORATOR,

186 5280 73 28 Ross
280 5278 99 34 Place,
400 5277 162 28 Lawrence.

137 5360 41 28 On
195 5358 63 29 Sale
272 5368 15 17 a
296 5357 77 38 large
384 5356 54 28 and
447 5355 93 29 varied
550 5357 88 26 assort-

100 5402 76 26 ment
188 5398 29 28 of
231 5397 68 35 Oils,
313 5397 105 33 Paints,
441 5395 98 34 Scrim,
562 5395 89 33 Glass,

99 5438 228 39 Pr.perhrngings
349 5436 55 29 and
425 5435 134 28 Painters'
579 5434 54 29 Sun-

98 5480 81 28 dries.

136 5519 68 28 New
212 5517 54 30 and
274 5516 171 30 fashionable
453 5515 74 29 Wall
538 5515 111 39 Papers,

100 5561 71 27 from
186 5559 35 28 5d
243 5568 49 28 per
312 5558 76 38 piece
411 5555 134 39 upwards.
586 5557 48 26 Pat-

98 5605 76 23 terns
187 5601 62 26 sent
261 5608 37 19 on
317 5597 175 38 application,
506 5601 62 33 post
581 5595 66 30 free.

136 5639 147 30 Estimates
296 5637 83 40 given
392 5637 43 30 for
458 5636 115 31 General
595 5636 36 30 Re-

97 5682 83 38 pairs,

136 5718 163 31 Celebrated
313 5718 131 29 Lustrass
461 5717 91 36 Paint,
565 5717 83 39 ready

92 5760 104 37 ?nixed,
209 5758 36 32 all
259 5758 122 32 Colours.

873 198 40 39 [A
933 197 99 38 Card.]

679 292 46 55 Q
819 290 218 30 HUBE
1070 288 83 29 NE
1186 286 46 35 R,

730 337 12 13 *
753 350 133 22 TEACHER
908 349 35 21 OF
965 348 57 20 THE
1045 346 111 25 VIOLIN,

679 403 69 30 Will
759 401 66 30 visit
837 399 156 39 Roxburgh
1007 397 107 38 weekly
1140 397 93 38 (every

882 445 143 38 Monday.)

679 538 95 29 Terms
785 546 35 19 on
828 534 166 41 application
1004 538 28 25 to
1044 534 53 28 self
1107 544 30 18 or
1149 532 85 29 Office

855 586 28 27 of
896 585 56 27 this
966 585 98 36 Paper.

682 670 54 53 Y.
820 670 33 38 J.
933 665 302 44 WILLIAMS,

705 741 202 22 HAIRDRESSER
926 740 62 21 AND
1009 738 201 26 TOBACCONIST,

878 781 165 29 Lawrence.

720 861 152 30 LADIES'
904 858 298 33 HAIRCOMBINGS

766 914 112 30 MADE
897 913 92 30 INTO
1010 910 145 31 PLAITS.

687 990 101 29 Orders
798 990 38 38 by
844 992 63 36 post
915 986 139 40 promptly
1061 985 131 29 attended
1202 988 36 25 to.

756 1079 416 43 BERNSTONE,

737 1168 77 29 THE

836 1226 94 37 (From
955 1225 153 38 Dunedin),

849 1298 64 28 ILL
928 1297 65 28 visit
1007 1295 164 39 Roxburgh,

786 1332 38 19 **
887 1337 104 29 Millers
1021 1336 71 35 Flat,
1118 1336 54 28 and

765 1378 187 38 surrounding
986 1376 122 30 districts
1140 1380 29 25 nt

766 1419 110 37 regular
889 1418 139 35 intervals,
1047 1418 84 38 being
1144 1418 28 27 in

765 1458 154 38 Roxburgh

765 1510 104 28 NEXT
885 1510 251 28 WEDNESDAY
1149 1508 23 29 &

859 1550 223 36 THURSDAY,

802 1596 50 29 4th
866 1597 54 28 and
942 1597 48 28 sth
1012 1597 121 38 August,

901 1652 79 28 when
995 1653 34 26 he

773 1716 104 29 WILL
891 1716 104 29 TAKE
1012 1715 148 32 ORDEKS

764 1781 28 25 to
816 1777 55 29 suit
885 1777 47 29 the
946 1777 181 29 convenience
1141 1775 28 30 of

838 1826 47 27 the
902 1825 68 28 local
991 1825 103 38 public.

809 1919 128 30 Charges
961 1919 160 29 Moderate.

766 2013 75 29 Suits
850 2013 70 28 from
930 2014 38 27 £3
979 2013 44 34 3s;
1038 2012 131 28 Trousers

871 2058 70 28 from
957 2060 49 26 ltis
1019 2058 45 27 Gd.

764 2151 45 28 Fit
822 2149 173 29 Guaranteed
1015 2159 31 17 or
1065 2149 104 37 Money

864 2200 48 27 not
925 2196 141 40 accepted.

1069 2304 148 52 gEEDS.

692 2430 101 55 WE
807 2429 49 27 will
871 2428 28 27 be
913 2428 97 34 pleased
1029 2434 25 19 to
1068 2427 90 26 R'llnnit
1174 2437 48 16 sam-

805 2467 52 35 ples
871 2467 47 24 and
933 2467 56 33 give
1003 2467 142 35 quoT&rioi--:
1166 2465 27 23 of
1209 2465 29 37 a'l

690 2503 169 35 Agricultural
880 2503 76 27 Seeds
971 2512 35 16 we
1019 2503 78 29 stock,
1120 2507 23 19 of
1160 2503 78 25 v/liioii

688 2542 41 27 the
742 2542 96 36 quality
852 2543 20 25 is
887 2542 40 25 the
941 2540 79 27 finest.

729 2629 167 41 Standard
969 2629 87 40 Bone
1092 2628 146 40 Manure,

722 2700 60 26 This
796 2698 136 28 celebrated
947 2699 106 27 Manure
1068 2697 42 27 has
1123 2707 32 16 no
1167 2697 71 37 equal

688 2738 36 25 for
737 2737 104 37 quality.
879 2738 23 25 It
922 2738 19 25 is
963 2737 51 25 rich
1036 2737 25 24 in
1085 2735 153 34 Phosphate?

688 2775 48 26 and
752 2774 190 33 Ammonia,and
955 2775 21 25 is
985 2771 137 36 admirably
1132 2772 105 35 adapted

688 2813 36 26 for
737 2820 52 19 root
809 2822 78 26 crops,
906 2822 70 26 grass
996 2811 79 33 lands,
1089 2811 48 26 and
1157 2811 80 25 wheat

688 2858 77 27 crops.

723 2899 139 28 Caution.
864 2898 112 27 —Other
1005 2897 84 27 makes
1120 2896 24 27 of
1170 2895 68 28 Bone

688 2937 121 26 Manures
823 2947 39 16 are
875 2937 74 33 being
959 2935 89 27 offered
1064 2942 24 19 to
1102 2934 101 27 farmers
1214 2944 24 15 as

688 2975 42 26 the
917 2973 83 27 brand.
1040 2973 83 26 When
1136 2971 101 35 buying,

688 3013 71 26 insist
774 3022 29 16 on
819 3022 12 16 a
854 3017 137 29 guarantee
1016 3010 76 35 being
1116 3010 82 33 given,
1214 3019 24 17 as

688 3051 105 26 without
807 3050 49 26 this
870 3049 76 27 brand
965 3058 64 18 none
1042 3050 21 25 is
1076 3049 115 35 genuine.

864 3128 113 29 LAW
990 3128 24 28 E
1026 3128 8 12 '
1044 3128 18 27 S

687 3180 357 32 SUPERPHOSPHATE
1066 3179 46 30 OF
1133 3179 104 30 LIME.

871 3243 181 29 CROSS'

687 3295 356 32 SUPERPHOSPHATE
1064 3295 46 30 OF
1132 3294 105 31 LIME.

719 3347 67 28 Both
798 3348 68 26 these
878 3347 118 26 Manures
1007 3356 39 17 are
1057 3347 27 26 of
1089 3346 61 36 high
1161 3345 76 35 grade

684 3386 156 37 quality,and
851 3394 39 18 are
902 3384 53 28 well
967 3384 80 27 suited
1058 3385 36 26 for
1104 3394 119 26 encourag-

683 3426 42 34 ing
739 3424 40 27 the
793 3423 98 36 growth
906 3422 24 27 of
942 3422 31 27 all
988 3427 53 22 root
1054 3431 78 27 crops.

747 3481 154 31 ©'Prices
920 3488 34 18 on
974 3481 200 25 Application*.

850 3550 151 28 PLANET
1025 3551 44 28 Jr.

756 3602 108 29 FARM
900 3601 260 30 IMPLEMENTS.

719 3654 80 27 Write
821 3664 26 16 or
869 3653 47 28 call
936 3653 36 27 for
984 3653 44 28 full
1042 3653 147 37 particulars
1210 3653 28 28 of

683 3692 68 26 these
773 3691 114 27 valuable
911 3691 165 34 implements,
1094 3692 78 26 which
1193 3701 41 17 are

682 3730 25 26 in
719 3738 43 17 use
772 3728 31 36 by
817 3728 41 26 the
870 3727 234 27 thousandsinNew
1115 3728 116 27 Zealand.

749 3807 118 29 FRUIT
888 3806 129 36 TREES,
1038 3807 129 36 ROSES,

683 3859 268 31 STRAWBERRY
984 3859 156 36 PLANTS,
1173 3859 60 36 &c.,

829 3908 37 29 Of
887 3907 66 28 Best
974 3907 118 37 Quality.

680 3991 282 56 NIMMOI
988 3992 241 66 BLAIR,

774 4065 95 29 SEED
893 4064 245 30 MERCHANTS.

880 4111 142 26 Dunedin

830 4187 57 20 THE
901 4186 184 21 CELEBRATED

680 4226 169 29 CORNISH
869 4224 204 30 AMKRICAN
1090 4226 140 29 PIANOS

821 4273 81 28 AND
929 4272 160 29 ORGANS.

684 4351 175 35 MESSRS
887 4350 166 29 CORNISH
1076 4350 23 27 &
1116 4350 54 27 CO.
1186 4361 45 17 are

690 4392 6 8 1
714 4388 4 39 '
778 4390 47 28 the
838 4390 64 37 only
916 4390 60 27 firm
990 4389 29 28 of
1033 4388 88 29 actual
1136 4399 76 17 manu-

681 4429 133 30 facturers
828 4430 29 29 of
875 4430 66 38 high
966 4429 77 38 grad*
1043 4439 7 9 1
1064 4429 98 28 Pianos
1176 4429 53 28 and

682 4470 107 39 Organs
814 4471 28 26 in
868 4470 47 27 the
953 4469 100 29 United
1080 4470 90 28 States
1202 4470 29 29 of

682 4511 111 28 Ameria
824 4509 99 37 selling
951 4509 167 39 exclusively
1143 4509 87 30 direct

680 4551 71 29 from
765 4551 47 28 the
824 4549 107 36 factory
942 4553 27 25 to
981 4551 44 28 the
1035 4550 111 38 general
1160 4551 51 38 pub-

680 4591 45 35 lic,
734 4595 28 24 at
772 4590 168 38 guaranteed
950 4591 141 28 wholesale
1101 4591 75 37 price
1186 4591 44 28 for

681 4642 16 17 a
709 4631 89 38 single
810 4630 175 29 instrument.
1024 4630 43 29 No
1082 4635 97 33 agents
1198 4642 32 18 or

681 4671 103 29 dealers
807 4681 45 18 are
874 4669 112 31 allowed
1011 4675 28 26 to
1060 4672 100 29 handle
1183 4672 46 29 the

682 4711 115 29 Cornish
807 4711 144 28 American
965 4711 98 30 Pianos
1071 4723 30 18 or
1110 4712 116 37 Organs.

681 4751 27 29 It
721 4752 23 29 is
755 4751 60 38 just
828 4762 29 17 as
871 4760 63 28 easy
948 4751 43 29 for
1004 4752 46 29 the
1072 4752 109 29 readers
1200 4753 30 28 of

681 4793 53 27 this
748 4802 84 28 paper
845 4795 28 24 to
887 4791 35 28 sit
936 4791 78 29 down
1039 4793 53 28 and
1115 4793 80 28 order
1214 4804 16 17 a

681 4832 84 29 Piano
780 4843 30 18 or
825 4831 92 38 Organ
930 4831 70 29 from
1014 4833 134 36 America,
1162 4844 29 18 as
1200 4838 28 25 to

681 4873 80 28 order
771 4883 51 18 one
835 4872 69 27 from
916 4873 70 28 their
997 4875 84 28 music
1091 4878 81 31 store,
1182 4875 46 28 the

680 4913 64 37 only
758 4913 146 28 difference
918 4913 84 37 being
1015 4913 64 38 they
1092 4915 54 27 will
1164 4924 63 19 save

681 4952 69 29 from
765 4953 35 28 50
813 4955 29 26 to
859 4952 49 29 100
922 4962 48 29 per
983 4957 70 27 cent.

718 4993 52 29 We
783 4994 69 28 have
867 4992 107 39 Organs
988 4995 68 29 from
1069 4996 39 28 £6
1119 4999 28 25 to
1161 4996 68 34 £25,

681 5033 98 29 Pianos
793 5035 68 26 from
876 5033 57 28 £34
946 5037 28 25 to
988 5036 64 33 £(3O,
1064 5036 52 27 and
1125 5047 41 17 we
1179 5036 47 28 sell

680 5073 43 28 for
736 5073 64 28 cash
814 5083 32 18 or
871 5083 71 28 upon
963 5074 157 29 instalment
1139 5075 87 38 plans,

680 5117 29 25 to
723 5114 55 28 suit
800 5113 47 28 the
870 5115 180 29 convenience
1063 5116 29 28 of
1104 5116 46 28 the
1163 5127 48 28 pur-

680 5155 103 29 chaser.
824 5154 56 30 Our
911 5155 75 39 large
1014 5157 54 27 and
1094 5158 134 37 complete

680 5195 143 35 catalogue
846 5195 53 28 will
924 5196 34 28 be
981 5196 153 28 forwarded
1154 5207 72 28 upon

680 5238 118 33 request.
838 5234 28 29 It
878 5235 23 28 is
915 5235 45 29 the
972 5236 82 30 finest
1062 5237 164 38 description

681 5275 28 28 of
722 5275 99 29 Pianos
835 5276 54 28 and
904 5275 106 40 Organs
1023 5278 90 28 issued
1127 5278 36 38 by
1174 5289 54 26 any

680 5315 60 27 firm
763 5315 27 27 in
814 5316 47 27 the
887 5321 123 34 country,
1023 5318 53 26 and
1091 5318 77 37 gives
1181 5318 47 28 the

679 5355 89 27 actual
781 5355 106 38 factory
901 5357 78 27 value
991 5357 29 27 of
1032 5367 81 27 every
1127 5357 87 29 instru-

680 5398 75 24 ment
768 5394 21 28 it
803 5395 146 29 describes.
969 5396 78 28 With
1060 5407 82 28 every
1155 5401 57 24 cata-

679 5433 81 38 logue
774 5435 22 28 is
809 5436 145 37 presented
968 5446 50 19 our
1029 5437 101 38 unique
1143 5437 71 29 refer-

678 5484 66 19 ence
758 5475 82 36 book,
882 5476 57 29 The
953 5477 87 29 Heart
1052 5478 29 28 of
1092 5478 49 28 the
1159 5477 51 29 Peo-

774 5515 88 29 Write
871 5517 44 29 for
924 5518 151 37 catalogue.
1095 5518 132 35 Address,

798 5567 169 31 CORNISH
988 5569 23 29 &
1035 5569 67 36 CO.,

690 5614 162 28 Washington,
865 5616 55 21 New
931 5616 91 28 Jersey,
1031 5617 59 22 U.S..
1101 5618 111 20 America.

678 5676 141 30 TTOZIE
839 5677 83 29 TEA.
962 5677 65 29 This
1052 5678 89 28 brand
1165 5678 24 28 is
1210 5689 16 17 a

754 5720 148 35 guarantee
911 5717 29 29 of
948 5717 90 38 purity
1047 5718 54 28 and
1111 5717 114 40 quality.

675 5757 55 39 Try
744 5757 45 30 the
803 5758 49 37 2s;
872 5757 46 30 'tis
932 5758 99 38 superb
1045 5758 5 29 !

1277 181 377 30 KOXBURGH-HERIOT
1688 182 86 30 RAIL-

1397 222 93 28 WAY
1508 222 167 30 LEAGUE.

1279 297 18 23 A
1324 294 167 26 MEETING
1514 294 27 26 of
1560 295 40 26 the
1622 295 76 27 above
1712 297 102 33 League

1253 331 1 29 i
1350 331 49 26 will
1424 331 27 25 be
1477 332 56 25 held
1555 338 26 20 at
1600 332 41 26 the
1665 334 150 26 Athengeum

1266 367 58 28 Hall
1337 377 30 17 on
1382 367 206 34 SATURDAY,
1608 369 56 26 4th
1688 369 93 27 SEPT.

1367 417 139 28 Business
1519 427 5 17 :
1555 417 151 37 Important.

1298 467 21 26 A
1334 466 44 27 full
1392 466 148 27 attendance
1554 467 27 25 of
1592 467 31 26 all
1636 467 134 27 interested
1789 468 26 25 in

1266 504 41 26 the
1321 506 78 24 above
1413 505 93 35 project
1519 505 19 25 is
1552 505 137 34 requested.

1480 553 29 28 P.
1529 552 23 29 J.
1577 552 138 35 DUNNE,

1649 591 58 26 Hon
1731 593 52 24 Spc.

1303 664 217 32 ROXBURGH
1550 664 99 30 GLEE
1673 664 110 31 CLUB.

1271 750 141 43 GRAND
1430 750 185 43 POPULAR
1632 750 190 43 CONCERT

1305 831 204 22 PRELIMINARY
1536 830 244 22 ANNOUNCEMENT.

1303 900 52 27 The
1374 900 76 27 above
1463 899 106 28 Concert
1593 897 49 28 will
1664 897 29 27 be
1716 898 57 27 held
1796 899 24 26 in

1270 938 40 26 the
1339 939 151 26 Atbenseum
1520 937 58 26 Hall
1606 947 31 16 on
1672 936 151 32 FRIDAY,

1270 976 43 27 124
1313 976 30 27 th
1358 975 226 28 SEPTEMBER.

1352 1054 153 28 Particulars
1519 1056 24 25 in
1559 1055 92 25 Future
1665 1053 78 26 Issue.

1507 1134 27 26 F.
1554 1132 169 32 JEFFERY,

1657 1169 66 27 Hon.
1739 1170 51 26 Sec.

1312 1233 215 31 ROXBURGH
1569 1231 223 39 QUADRILLE

1447 1273 215 31 ASSEMBLY.

1277 1353 98 56 THE
1390 1354 90 26 Misses
1494 1353 124 25 Malone
1632 1357 129 19 announce
1776 1348 53 26 that

1361 1392 40 26 the
1423 1390 151 34 concluding
1597 1386 125 28 DANCE
1745 1384 26 28 of
1789 1386 40 25 the

1277 1440 85 15 season
1377 1429 28 26 of
1423 1430 40 24 the
1486 1428 75 26 above
1584 1424 122 28 assemblv
1726 1423 50 26 will
1799 1423 29 26 be

1277 1467 56 26 held
1348 1476 29 16 on
1391 1465 146 31 FRIDAY,
1554 1464 70 26 10th
1641 1461 104 31 SEPT.,
1757 1462 70 24 when

1277 1515 11 16 a
1372 1505 73 33 night
1460 1503 49 26 will
1521 1503 28 25 be
1560 1510 82 26 given.
1677 1498 151 31 Admission,

1276 1542 46 34 2s;
1341 1541 88 27 Ladies
1443 1541 67 26 Free.

1348 1612 218 29 Refreshments
1604 1608 149 29 Provided.

1309 1691 31 26 In
1354 1696 170 29 consequence
1545 1685 24 27 of
1592 1686 41 26 the
1658 1684 96 26 Millers
1770 1684 55 26 Flat

1275 1727 132 27 Bachelors
1422 1726 52 27 Ball
1489 1725 76 30 beinpr
1580 1723 54 27 held
1651 1729 59 20 next
1726 1722 99 33 Friday,

1273 1766 40 26 the
1326 1764 69 28 usual
1409 1763 131 36 Assembly
1552 1761 86 27 Dance
1653 1760 48 26 will
1716 1765 42 21 not
1771 1759 56 26 take

1272 1804 76 33 place.

1425 1862 69 29 NO
1515 1861 22 29 T
1557 1861 14 28 I
1592 1861 21 29 C
1634 1861 32 28 E.

1289 1956 78 27 ALL
1408 1955 187 27 ACCOUNTS
1636 1955 47 26 due
1722 1959 23 20 to
1784 1953 41 26 tli?

1359 1993 167 34 undersigned
1558 1992 81 26 which
1670 1993 61 25 have
1764 1991 58 26 been

1272 2032 83 33 owing
1369 2040 58 16 over
1440 2039 13 17 a
1467 2029 80 34 period
1563 2030 28 24 of
1600 2028 98 26 Twelve
1710 2028 112 30 Months,

1272 2070 17 23 if
1301 2073 44 20 not
1358 2067 55 32 paid
1428 2067 31 34 by
1474 2066 151 32 FRIDAY,
1651 2066 71 25 10th
1747 2065 57 26 SEP-

1272 2103 156 33 TEMBER,
1461 2103 73 32 1807,
1567 2103 50 27 will
1642 2102 29 28 be
1702 2102 59 27 sued
1787 2101 36 27 for

1272 2143 104 26 without
1390 2142 93 26 further
1496 2141 89 26 notice.

1449 2189 141 29 OTTREY
1611 2188 107 33 BROS.,

1690 2234 95 27 Heriot.

1254 2281 3 66 |
1298 2300 181 29 BOROUGH
1500 2300 48 29 OF
1568 2300 223 29 ROXBURGH.

1254 2365 2 34 !
1270 2376 120 21 ANNUAL
1405 2376 138 21 ELECTION
1563 2377 36 20 OF
1616 2376 203 23 COUNCILLORS.

1272 2439 12 15 r
1287 2439 28 24 F
1322 2439 121 25 NOMAS
1483 2439 147 26 SAMUEL
1673 2438 51 29 GR
1727 2440 18 15 n
1750 2438 69 27 VER

1352 2476 74 32 lining
1440 2476 40 25 the
1494 2476 58 33 only
1572 2476 138 27 Candidate
1723 2477 82 24 noniin-

1254 2512 3 36 j
1271 2512 53 26 »teil
1341 2514 34 24 lor
1390 2514 39 24 the
1444 2512 75 28 Office
1533 2512 26 27 of
1569 2513 144 27 Councillor
1727 2514 36 25 for
1781 2513 39 27 the

1254 2550 2 37 ;
1271 2550 122 26 Southern
1407 2551 78 26 Ward
1497 2551 27 26 of
1534 2552 40 26 the
1590 2552 118 35 Borough
1719 2551 27 27 of
1754 2552 50 26 Rox-

1254 2583 2 42 |
1270 2587 89 34 burgh,
1402 2588 47 26 and
1496 2588 172 28 Frederick
1708 2590 113 25 Thomas

1254 2625 2 43 j
1273 2627 81 26 Duke
1366 2625 130 28 Jkffery
1510 2627 75 33 being
1596 2628 41 26 the
1651 2637 29 16 ;>n
1686 2625 3 43 :
1693 2637 15 26 y
1722 2628 81 26 nomin-

1270 2663 54 25 ated
1340 2663 137 26 Candidate
1501 2665 35 24 for
1559 2667 40 23 the
1614 2665 74 25 Office
1700 2665 27 25 of
1738 2665 66 26 Coun-

1270 2700 66 27 cillor
1351 2700 36 28 for
1400 2701 41 27 the
1462 2701 100 28 Central
1578 2703 78 26 Ward
1670 2703 26 25 of
1708 2704 39 25 the
1768 2701 50 27 said

1273 2738 126 35 Borough,

1303 2787 11 27 I
1339 2787 89 36 hereby
1448 2788 96 28 declare
1566 2789 39 27 the
1628 2789 51 27 said
1702 2790 118 26 Tjmmas

1373 2827 117 26 Samuel
1521 2828 117 25 Grovek
1754 2828 51 25 Fkw-

1372 2870 108 19 derick
1504 2863 116 26 Thomas
1656 2863 75 26 I-ukk
1757 2863 53 26 .Iff

1373 2908 71 20 Fkry
1468 2907 24 19 to
1514 2901 28 27 be
1557 2902 57 35 duly
1629 2902 92 26 elected
1744 2909 23 18 to
1783 2903 39 25 'he

1373 2938 52 26 said
1439 2939 95 26 Offices.

1303 2986 82 27 Dated
1400 2986 41 27 the
1451 2987 63 26 26th
1527 2987 47 33 day
1588 2987 27 26 of
1628 2988 107 32 August,
1750 2987 71 27 1897.

1407 3035 118 29 JABEZ
1546 3035 166 32 BURTON,

1537 3077 140 27 Renirtiiti-i.'
1691 3076 45 27 ()Si

1390 3138 20 27 F
1430 3139 65 26 OR
1557 3138 16 27 S
1594 3142 21 23 A
1636 3139 20 25 L
1679 3140 24 25 i«:.

1253 3186 1 18 I

1271 3215 93 42 POR
1378 3215 168 27 PRIVATE
1559 3215 263 29 SALE—Sections

1351 3256 16 27 3
1393 3256 54 27 and
1473 3256 27 34 4,
1526 3255 88 28 Block
1635 3256 45 35 X,
1708 3256 91 28 Teviot
1815 3268 7 23 ;

1267 3297 85 29 about
1371 3296 55 29 400
1449 3306 84 20 acres.
1573 3295 55 29 For
1647 3296 174 39 particulars,

1266 3337 84 38 apply
1470 3336 103 28 TODD
1594 3336 116 36 BROS.,

1677 3376 107 31 Heriot.

1265 3450 141 29 TEVIOT
1416 3449 218 30 WESLEYAN
1649 3450 171 29 CHURCH.

1363 3530 114 38 Sunday
1493 3530 123 29 Services
1629 3530 56 29 will
1708 3531 35 28 be
1757 3541 48 18 con-

1352 3571 101 30 ducted
1466 3582 29 18 as
1509 3571 92 29 follow
1614 3583 44 17 :

1263 3620 111 26 Roxburgh
1386 3620 20 25 (7
1415 3619 85 27 p.m.)—
1501 3620 53 20 Rev.
1564 3619 21 21 J.
1596 3619 27 21 H.
1633 3619 83 25 Hooper

1467 3646 53 28 Only
1538 3654 38 14 one
1595 3647 153 21 Probation—A

1377 3676 126 20 Benevolent

1263 3704 47 19 Coal
1322 3703 63 20 Creek
1396 3703 20 24 (3
1427 3702 83 26 p.m.)—
1515 3702 49 20 Rev.
1575 3702 21 19 J.
1609 3702 27 19 H.
1649 3702 84 24 Hooper

1263 3730 80 21 Ettrick
1352 3730 28 25 (11
1394 3730 81 24 a.m.)—
1479 3729 50 20 Rev.
1540 3729 22 20 J.
1579 3729 25 20 H.
1618 3729 82 25 Hooper

1350 3757 54 27 (6.30
1414 3757 119 27 p.m.)—Mr
1545 3756 27 21 H.
1584 3756 100 22 Bloxham

1270 3844 23 58 J-
1324 3843 101 25 OOK
1488 3844 66 23 AT
1616 3843 172 25 THIS!

1326 3921 101 24 BOOTS
1446 3925 34 20 for
1496 3924 40 21 the
1555 3921 81 28 Great,

1352 3965 73 25 Itao'.s
1445 3967 35 23 for
1503 3967 41 24 the
1559 3966 90 29 Small;

1323 4009 71 23 Boot*
1411 4010 36 22 for
1468 4010 39 22 tiio
1526 4009 78 27 Short,

1354 4053 71 22 Boots
1444 4053 36 23 for
1497 4053 41 23 the
1557 4053 52 23 Tall
1627 4060 5 21 ;

1326 4097 70 24 Boots
1412 4097 35 23 for
1467 4098 40 23 the
1527 4097 94 31 Young,

1352 4135 73 23 Boots
1444 4136 35 22 for
1494 4136 40 23 the
1554 4136 46 23 Old
1614 4144 6 20 ;

1377 4199 30 21 nd
1427 4198 101 24 BOOTS
1545 4199 45 23 and
1609 4199 105 24 SIIO^S

1474 4254 35 22 for
1526 4253 28 23 all
1579 4262 14 14 a

1365 4315 39 36 H.
1459 4315 118 36 Bail
1592 4315 122 43 LlE's,

1268 4388 115 31 Opposite
1398 4387 159 24 Commercial
1578 4388 82 29 Hotel,
1681 4388 131 31 Roxburgh

1289 4502 131 28 (®rCome
1437 4504 45 23 and
1502 4505 90 26 inspect
1605 4504 41 24 the
1662 4504 79 24 Stock.

1260 4624 207 54 yiCTORIA
1486 4624 144 30 LIVERY
1644 4624 168 30 STABLES
1825 4624 2 54 j

1346 4692 71 22 PEEL
1430 4693 111 26 STREET,
1557 4692 167 22 LAWRENCE.

1825 4738 2 19 i

1260 4760 34 43 T.
1323 4760 121 52 Dwyer
1489 4772 7 31 :
1544 4772 8 31 :
1607 4760 204 52 Proprietor,
1825 4760 2 52 i

1296 4848 59 29 The
1367 4859 67 26 very
1447 4849 62 29 best
1524 4848 129 39 Stabling
1670 4847 143 40 provided,

1257 4889 68 29 with
1339 4900 15 17 a
1369 4889 99 29 Groom
1483 4890 101 37 always
1598 4890 28 26 in
1639 4888 172 28 attendance.

1257 4982 25 29 A
1306 4982 160 30 Handsome
1491 4982 55 29 and
1573 4980 238 40 Well-appointed

1358 5041 154 35 Hearse
1536 5051 52 24 on
1618 5040 101 34 Hire.

1296 5134 160 29 First-class
1489 5134 94 38 Single
1616 5134 54 29 and
1703 5133 108 30 Double

1259 5175 140 37 Buggies;
1421 5176 65 30 also,
1501 5174 110 29 Ladies'
1625 5175 54 28 and
1700 5174 96 29 Gentle-

1258 5215 87 27 men's
1360 5214 101 29 Saddle
1475 5214 113 29 Horses.

1261 5287 99 28 'THE
1406 5287 136 29 WIFE'S
1594 5286 221 29 WELFARE—

1345 5327 123 28 Treatise
1487 5327 98 37 posted
1608 5327 67 27 free.
1715 5325 27 28 It
1761 5325 53 27 will

1261 5366 79 28 teach
1362 5377 54 24 you
1442 5376 75 19 more
1530 5367 67 27 than
1610 5366 36 28 all
1668 5365 48 28 the
1733 5374 80 27 years

1260 5405 100 38 you've
1373 5405 82 30 lived.
1494 5406 92 35 Every
1596 5415 107 19 woman
1716 5404 97 29 should

1260 5445 65 29 read
1356 5445 31 29 it.
1426 5445 91 30 Write
1550 5445 75 30 Prof.
1660 5445 153 34 Hermann,

1260 5485 108 30 French
1385 5485 153 39 Specialist,
1552 5486 36 28 40
1607 5485 87 30 Collin
1698 5495 12 19 s
1714 5502 10 19 :
1725 5484 87 39 place,

1258 5526 172 29 Melbourne.

1261 5595 51 50 y
1316 5595 107 33 OU.NG
1435 5595 95 36 MEN,
1551 5595 77 28 write
1652 5598 29 25 to
1705 5605 43 18 me
1768 5594 43 28 for

1352 5636 126 29 valuable
1487 5636 58 28 free
1555 5635 78 30 Book
1644 5635 167 38 concerning

1258 5676 165 38 yourselves.
1478 5676 142 28 Professor
1658 5676 162 33 Hermann,;

1260 5716 155 38 Specialist,
1442 5716 35 28 40
1511 5715 204 40 Collins-place,
1740 5708 83 35 Mel-1

1253 5756 114 31 bourne.

1848 235 176 47 DUNEDIN
2039 238 142 46 PRICES
2192 239 31 42 &
2237 233 161 48 VALUES

1848 428 76 31 NOT
1943 430 75 31 FOR
2037 431 77 30 ONE
2126 428 139 33 MONTH
2285 426 116 37 ONLY,

1872 543 78 45 ALL
1983 545 77 46 THE
2095 545 106 46 YEAR
2232 542 148 55 ROUND,

1860 675 166 61 W.-T.
2049 676 356 67 TALBOYS,

1988 770 284 37 ROXBURGH,

1854 829 72 29 Who
1946 830 24 28 is
1992 841 61 19 now
2074 830 123 37 Offering
2215 829 49 28 the
2285 827 119 29 Balance

2083 883 30 29 of
2132 881 42 29 his

2060 1004 263 40 DRAPERY

1856 1074 28 26 at
1907 1071 92 31 Prices
2018 1074 89 29 which
2124 1069 105 32 MUST
2252 1066 153 32 Command

1942 1126 205 30 tlP&ttention
2164 1126 28 29 of
2204 1125 116 37 Buyers.

1945 1197 104 62 Cohe
2074 1214 63 42 and
2165 1213 64 42 See
2255 1211 68 43 Our

1860 1284 46 29 All
1928 1277 92 37 VfoM~
2033 1284 173 37 Wellington
2232 1281 126 36 Flannel,
2380 1284 28 25 at

1936 1327 8 25 1
1952 1335 12 18 s
1978 1318 32 36 Id
2022 1335 48 27 ppr
2082 1324 67 38 yard

1862 1375 94 30 White
1984 1376 132 35 Calicoes,
2142 1375 72 29 from
2241 1374 30 28 2s
2298 1372 36 30 6d
2359 1382 49 28 per

1932 1417 81 29 dozen

1843 1460 1 47 !
1859 1468 111 39 Striped
1987 1468 191 34 Flannelettes,
2189 1467 71 28 from
2271 1465 30 28 2s
2314 1464 36 29 9d
2359 1474 49 28 per

1842 1509 2 36 |
1931 1509 85 28 dozen

1842 1553 2 55 j
1859 1564 94 28 White
1987 1563 139 36 Shirtings
2157 1560 112 38 (double
2307 1559 96 35 width)

1931 1605 67 27 from
2018 1604 68 36 IOJd
2100 1613 49 29 per
2160 1601 68 40 yard

1842 1633 2 55 I
1857 1657 95 28 White
1965 1657 119 28 Turkish
2094 1654 114 33 Towels,
2221 1652 72 28 from
2314 1652 31 27 4s
2370 1651 35 27 6d

1930 1707 49 28 pe>-
1990 1697 86 29 dozen

1842 1745 1 51 j
1856 1750 88 29 Linen
1959 1751 139 38 Tabling*,
2108 1749 69 28 from
2191 1749 28 26 Is
2229 1746 36 28 3d
2279 1756 49 29 per
2337 1745 68 39 yard

1842 1779 2 68 j
1858 1805 90 29 Men's
1963 1804 99 28 Lambs
2077 1802 82 30 Wool
2173 1801 94 35 Pants,
2291 1801 32 28 2s
2352 1800 53 28 lid

1842 1845 1 38 '
1930 1855 49 28 per
1992 1845 59 38 pair

1842 1892 1 49 j
1858 1898 87 28 Men's
1961 1897 98 29 Cotton
2074 1895 93 34 Pants,
2180 1893 71 28 from
2263 1893 28 28 Is
2307 1892 33 28 3d
2355 1901 50 29 per

1929 1937 59 40 pair

1842 1984 1 36 !
1856 1990 136 30 Coloured
2011 1989 59 29 Silk
2085 1984 231 36 Handkerchiefs,
2330 1984 71 28 from

1924 2033 10 26 1
1942 2041 12 18 s
1967 2030 65 29 each

1842 2076 1 44 |
1855 2083 90 29 Men's
1960 2082 62 29 Soft
2036 2081 61 29 Felt
2110 2079 81 35 Hats,
2201 2078 71 28 from
2297 2077 27 27 Is
2350 2076 52 28 lid

1926 2124 65 28 each

1842 2166 1 47 !
1854 2175 66 30 Real
1931 2176 70 28 Bear
2015 2175 80 38 Long
2105 2173 55 28 Fur
2173 2172 80 32 Boas,
2268 2169 71 29 from
2354 2171 48 27 12s

1927 2217 32 28 6d
1973 2216 65 29 each

1853 2309 121 29 DRESS
2008 2308 141 29 STUFFS
2182 2308 26 27 in
2247 2304 155 35 SERGES,

1898 2348 169 35 TWEEDS,
2087 2347 133 29 &c.—All
2238 2346 127 28 reduced.

2058 2430 26 27 A
2103 2429 53 28 Lot
2170 2429 28 28 of

1854 2478 177 29 MANTLES
2062 2476 22 29 &
2107 2475 295 36 WATERPROOFS,

1870 2532 38 27 At
1922 2530 87 39 prices
2022 2529 87 29 which
2124 2530 72 26 must
2210 2528 73 28 clear
2296 2527 85 29 them.

1926 2612 24 28 A
1968 2610 130 40 Splendid
2112 2610 176 29 Assortment
2301 2608 30 30 of

1852 2664 116 28 MEN'S
2002 2662 23 29 &
2058 2662 108 28 BOYS'
2199 2659 204 36 CLOTHING,

1936 2703 179 35 HOSIERY,
2140 2701 181 36 SCARVES,

2020 2744 59 28 Sili
2086 2744 78 34 UTS,
2185 2742 50 30 &c.

1989 2815 80 54 |T\v
2084 2827 29 24 I'l!
2133 2825 21 26 1)
2203 2825 108 27 MTft'S
2358 2826 47 24 Tu

1920 2866 22 27 A!
1954 2864 157 35 EA*>UKV,
2136 2872 14 19 o
2155 2870 14 13 ;,
2173 2875 11 15 s
2207 2864 135 38 (-peci.-i!).

1925 2948 24 27 A
1976 2947 59 28 well
2062 2947 123 28 assorted
2213 2947 78 28 stock
2317 2947 29 29 of

1961 3000 120 29 BOOTS
2107 3010 54 19 and
2189 3001 119 28 SHOES

2014 3056 100 27 ahvnvs
2128 3066 34 17 c>u
2177 3057 81 26 Ivmd.

2062 3304 106 51 IMf!

1853 3545 147 55 QOURT
2039 3543 221 35 ROXBURGH,
2299 3543 104 29 A.O.F.

1884 3622 224 23 TWENTY-FOUR!
2116 3623 20 19 H
2156 3620 215 23 ANNIVERSARY.

2050 3690 20 23 A
2090 3688 104 25 Grand

1853 3739 88 44 Plain
1968 3737 63 44 and
2060 3737 106 48 Fancy
2203 3736 102 41 Dress
2332 3736 66 42 Ball

1996 3796 60 27 Will
2072 3797 28 24 he
2115 3795 55 26 h»dd
2182 3796 24 25 in
2222 3795 40 25 the

1952 3845 219 31 ATHENAEUM
2199 3844 98 27 HALL

2109 3887 37 23 On

1848 3930 222 35 THURSDAY,
2093 3930 71 28 30TH
2186 3927 110 37 SEPT.,
2319 3929 79 36 1897,

1936 3985 26 26 fn
1977 3983 148 28 celebrarinn
2140 3981 26 25 of
2175 3981 40 25 the
2229 3980 86 27 aliove.

1847 4061 148 30 TICKETS
2050 4082 26 5 ...
2127 4057 58 28 SIX
2200 4056 194 29 SHILLINGS

1916 4100 97 36 (Admit
2027 4097 69 27 Ladv
2107 4098 46 25 and
2166 4096 160 33 Gentleman)

2126 4172 30 28 T.
2179 4170 105 35 COOP,

2223 4211 135 25 Secretary.

1846 4274 214 31 ROXBURGH
2086 4271 167 31 C?CLING
2286 4271 108 30 CLUB.

1845 4353 98 53 THE
1959 4352 98 26 Annual
2072 4351 104 26 General
2191 4351 111 27 Mea'in<r
2316 4350 24 25 of
2354 4350 41 25 the

1926 4390 76 24 above
2025 4388 65 26 Cluh
2112 4387 45 25 will
2175 4386 29 26 be
2229 4386 54 25 held
2298 4388 23 24 iri
2355 4387 41 24 the

1846 4427 158 29 AthenreuWi,
2030 4435 31 17 on
2093 4423 204 34 SATURDAY,
2324 4423 69 28 28th

1846 4465 96 28 IJNST.,
1957 4472 23 18 at
1995 4465 15 25 8
2027 4473 59 25 p.m.

1878 4502 158 26 Businkss:
2055 4500 35 25 To
2111 4500 93 25 receive
2230 4499 91 32 Report
2343 4499 47 26 and

1844 4539 190 27 Balance-sheet
2049 4536 48 27 and
2117 4537 60 26 elecr
2202 4536 93 27 officers
2307 4546 5 23 ;
2333 4536 59 33 also,

1843 4584 24 20 to
1880 4576 112 28 consider
2005 4575 91 27 several
2109 4576 135 34 important
2255 4575 137 36 questions.

2044 4622 27 27 B.
2091 4623 33 28 V.
2145 4622 143 30 REILf,Y,

2222 4661 65 25 Hon.
2304 4663 52 23 i^ec.

1867 5574 44 21 The
1932 5570 113 24 Maniototo
2066 5564 139 29 Agricultural
2232 5563 41 20 ard
2300 5563 89 20 Pastoral

1842 5600 135 24 Association,
1987 5599 21 18 at
2017 5597 28 19 its
2053 5595 74 21 annual
2140 5591 94 25 meeting,
2245 5590 143 26 unanimously

1842 5628 88 24 adopted
1940 5634 11 13 a
1960 5623 110 24 resolution
2080 5623 19 20 in
2116 5619 66 23 which
2198 5618 36 21 the
2252 5617 80 26 opinion
2349 5624 41 13 was

1841 5655 93 26 strongly
1956 5650 107 30 expressed
2084 5650 47 21 that
2154 5647 36 22 the
2219 5645 66 25 Otago
2306 5644 84 22 Central

1841 5684 83 23 railway
1939 5680 73 23 should
2027 5678 25 21 be
2069 5676 78 28 pushed
2162 5682 24 13 on
2206 5675 22 19 to
2248 5672 140 21 VWdderburn

1842 5711 50 20 with
1902 5710 36 20 the
1947 5710 50 20 least
2006 5705 86 27 possible
2099 5704 66 25 delay.
2193 5702 19 19 A
2222 5701 68 25 public
2300 5701 89 23 meeting

1840 5739 23 19 at
1876 5735 141 23 Wedderburu
2029 5739 12 19 p
2051 5731 56 21 siMtl
2142 5727 113 23 iiK-folioi
2292 5734 12 12 a
2313 5732 76 14 suniiar

1838 5766 68 24 effect.

3003 4656 163 27 LASSITUDE,

3079 4692 164 25 HEADACHE,

3153 4725 161 24 BACKACHE,

3178 4759 61 21 AND

3176 4793 57 22 ARE
3247 4790 144 23 SYMPTOMS
3405 4789 34 21 OF
3453 4789 18 21 A

3001 4830 181 22 DISORDERED
3195 4828 95 21 LIVER.

2991 4871 1 19 L

3149 4909 148 22 CLEMENTS
3312 4904 85 23 TONIC

3182 4944 21 21 IS
3220 4943 58 21 THE
3293 4940 75 23 ONLY

3045 4981 140 22 RELIABLE
3199 4980 60 22 AND
3272 4974 126 26 RADICAL
3412 4973 81 22 CURE.

3144 5054 82 21 HAVE
3240 5053 39 20 NO
3293 5049 99 23 OTHER.

2997 5137 32 22 Mr
3036 5137 27 23 D.
3073 5136 41 27 Mac
3114 5136 96 27 Naught,
3221 5134 93 25 Grafton,
3325 5129 96 27 N.S.W.,
3438 5128 66 22 writes
3519 5135 23 14 on

2998 5174 46 25 May
3060 5173 58 25 23rd,
3138 5171 113 22 1896:-la
3269 5167 120 26 recognition
3406 5165 21 20 of
3437 5164 34 20 the
3481 5166 55 23 great

2996 5206 74 21 benefit
3089 5206 11 21 I
3116 5204 95 22 obtained
3228 5204 51 19 from
3297 5201 36 20 the
3349 5205 35 15 use
3393 5198 21 21 of
3432 5197 104 21 Clemen's

2995 5240 69 26 Tonic,
3081 5239 9 20 T
3111 5238 68 21 derive
3199 5244 12 14 a
3227 5236 56 27 great
3307 5232 45 22 deal
3367 5231 22 21 of
3410 5230 90 27 pleasure
3521 5228 21 21 in

2994 5275 85 26 sending
3097 5274 40 21 this
3147 5270 129 26 testimonial,
3304 5268 8 21 I
3325 5266 88 23 suffered
3431 5265 32 20 for
3482 5264 44 21 nine-

2995 5313 46 18 teen
3058 5318 58 19 years
3135 5310 49 20 with
3199 5315 11 13 a
3227 5306 89 22 diseased
3327 5305 57 24 liver,
3402 5303 39 21 and
3457 5302 21 20 in
3496 5308 34 14 con-

2994 5350 97 19 sequence
3107 5349 40 13 was
3165 5341 52 20 unfit
3227 5339 32 20 for
3274 5345 40 19 any
3332 5336 64 21 active
3413 5333 127 27 occupation.

2993 5377 43 21 The
3048 5376 110 26 complaint
3178 5381 39 14 was
3237 5371 114 24 contracted
3369 5370 20 23 in
3402 5369 66 24 India,
3478 5367 39 21 and
3527 5366 10 20 I

2994 5413 54 20 went
3057 5413 22 20 to
3088 5410 163 26 Southampton,
3260 5405 97 27 England,
3368 5405 65 20 where
3450 5403 10 20 I
3471 5401 70 28 placed

2993 5447 74 25 myself
3084 5446 65 21 under
3163 5445 46 21 Dr.-
3303 5437 4 35 •
3335 5439 10 21 I
3367 5438 114 22 sometimes
3506 5437 34 26 got

2993 5482 62 26 slight
3087 5480 58 23 relief
3176 5480 52 21 from
3255 5477 31 21 his
3315 5475 116 22 treatment.
3460 5472 79 22 Fifteen

2993 5518 83 20 months
3085 5524 36 17 ago
3131 5517 10 20 I
3151 5512 128 25 commenced
3294 5511 58 24 using
3367 5510 103 21 Clements
3479 5507 62 21 Tonic

2993 5551 39 20 and
3046 5552 38 20 Dr.
3104 5547 109 26 Fletcher's
3232 5545 61 24 Pills;
3313 5544 10 21 I
3342 5543 55 21 must
3406 5542 52 21 have
3476 5539 63 21 taken

2993 5585 92 21 fourteen
3095 5592 23 13 or
3125 5583 69 21 fifteen
3204 5580 81 25 bottles,
3295 5578 114 27 improving
3420 5576 49 20 with
3480 5575 47 20 each

2992 5625 45 15 one.
3065 5619 51 21 Now
3136 5617 17 21 it
3163 5616 16 21 is
3194 5613 52 27 fully
3259 5614 35 19 ten
3304 5610 81 22 months
3403 5610 53 20 since
3467 5608 11 21 I
3488 5608 51 21 have

2992 5654 40 21 had
3050 5661 40 19 any
3105 5652 21 22 of
3144 5651 34 22 the
3187 5649 113 27 symptoms
3315 5646 21 22 of
3345 5645 60 22 Liver
3414 5643 124 27 Complaint,

2992 5689 40 21 and
3050 5689 10 21 I
3078 5688 40 22 feel
3131 5688 21 20 in
3165 5684 50 28 good
3235 5683 69 22 health
3321 5682 38 21 and
3375 5677 164 29 vigour.—With

2992 5729 62 20 many
3077 5722 81 24 thanks,
3185 5725 60 21 youra
3265 5717 63 26 truly,
3354 5717 27 20 D.
3399 5711 63 25 MacS
3467 5713 63 26 aught

2994 5757 94 26 Grafton,
3098 5755 86 23 N.S.W.
