4220 5890
114 302 89 29 LIFE
216 301 44 28 IN
276 302 24 27 A
315 300 170 30 CHINESE
500 300 116 30 CAMP.

242 369 6 11 \
257 371 5 6 >

247 382 52 30 fßv
320 382 170 36 Itinerant.)

123 435 93 35 Being
235 436 88 29 above
346 435 34 28 mII
404 435 97 35 things
522 434 117 34 curious,

87 476 67 29 with
168 488 17 18 a
194 475 89 31 desire
304 482 30 24 to
350 476 144 37 enlighten
508 477 61 26 that
582 475 57 28 half

65 515 3 31 '
87 517 29 28 of
128 518 144 28 huuvtnitv
287 518 61 27 who
361 526 46 18 are
420 526 125 18 unaware
553 515 31 28 of
593 515 46 27 the

87 558 80 30 mode
181 559 29 28 of
223 558 139 30 existence
375 557 31 28 of
418 557 46 28 the
476 555 81 29 other
569 555 66 33 hnlf,

86 607 48 30 Tny
142 599 120 31 rambles
274 598 136 30 oft-times
430 597 61 28 lead
513 605 43 18 me
577 595 59 28 into

66 640 7 8 f
75 665 6 7 4
86 640 54 29 odd
155 651 109 18 corners
277 640 25 28 in
319 642 81 35 quest
412 637 28 28 of
450 635 185 30 information.

86 679 59 30 The
158 680 117 28 Chinese
290 679 85 34 Cimp
396 677 22 26 is
432 686 29 16 so
481 675 155 37 commonly

65 730 58 23 Van
135 722 115 38 adjunct
263 721 28 28 of
303 720 47 27 the
370 716 106 39 mining
489 715 146 38 township,

88 762 27 27 in
130 763 48 27 the
199 762 86 28 South
307 757 94 29 Island
424 761 28 23 at
471 756 35 27 all
529 760 104 30 events,

69 797 6 5 '
87 802 62 29 t'nat
160 812 42 18 we
221 810 45 18 are
287 802 47 34 apt
355 804 27 20 to
404 795 65 29 take
490 799 47 24 the
556 795 79 28 inner

66 835 9 16 *
87 842 48 28 life
160 843 27 27 in
213 841 75 27 these
313 838 41 27 biz
363 846 52 18 irre
438 836 110 36 regions
569 845 65 27 very

66 882 9 16 *
87 882 80 29 much
188 882 42 26 for
247 876 125 39 granted.
412 874 52 30 We
485 875 89 28 notice
588 875 46 28 the

66 918 7 16 <
87 920 125 30 Celestial
222 928 39 24 as,
276 917 65 27 with
355 915 120 29 cheerful
498 915 78 28 smile
598 926 35 17 on

65 955 1 36 ■
85 962 40 28 his
138 960 95 29 artless
255 964 196 27 countenance,
472 955 34 28 he
529 955 104 29 ambles

83 1002 82 35 along
177 1010 50 16 our
239 1002 108 28 streets,
362 997 89 28 either
463 996 92 36 singly
565 1006 31 17 or
607 996 25 27 in

86 1040 96 28 Indian
195 1039 53 34 file,
263 1039 48 26 bttfc
327 1037 46 28 the
388 1035 127 38 majority
528 1046 46 17 are
586 1041 48 31 apt

77 1084 36 22 .to
123 1079 110 27 dismiss
244 1077 54 29 him
309 1077 51 27 and
374 1077 43 26 his
428 1075 205 28 environments

83 1120 70 28 from
168 1119 72 29 their
254 1117 131 40 thoughts
401 1115 65 28 with
489 1115 47 29 the
556 1115 75 29 usual

79 1165 65 23 •curt
188 1157 226 38 Good-day-John
461 1155 27 28 in
510 1156 122 37 passing.

21 1212 54 13 ——
83 1200 89 29 These
184 1197 214 31 considerations
419 1195 153 29 influenced
588 1205 45 26 my

84 1247 74 33 steps
172 1240 28 28 in
221 1239 45 29 the
285 1237 132 31 direction
439 1235 30 29 of
489 1235 47 28 the
559 1235 59 27 Ho?r-

85 1281 92 34 bnrgh
203 1280 118 29 Chinese
349 1278 85 37 Camp
460 1275 102 39 during
587 1275 46 28 the

85 1321 93 38 period
193 1321 30 27 of
235 1319 133 38 rejoicing
378 1327 67 18 over
465 1316 46 27 the
531 1315 103 27 advent

84 1360 31 28 of
128 1360 70 28 their
208 1360 68 27 New
294 1359 69 27 Year
375 1357 28 27 in
417 1355 141 37 February
572 1354 60 35 last,

77 1400 55 27 and
165 1409 28 17 as
229 1398 14 27 1
275 1398 69 27 have
370 1396 58 27 also
458 1405 34 16 on
524 1394 109 27 various

66 1437 151 30 occasions
242 1435 97 30 visited
367 1434 80 29 other
472 1443 103 27 camps,
603 1437 30 24 at

76 1478 137 36 Waikaia,
234 1476 155 34 Lawrence,
411 1474 131 38 Oepuki,
567 1479 62 31 etc.,

75 1529 48 27 my
148 1517 187 30 observations
365 1515 106 29 therein
505 1524 62 28 may
596 1515 33 28 be

78 1559 85 28 worth
179 1557 172 36 recounting.

115 1606 143 41 Speaking
284 1604 155 42 generally,
464 1604 22 29 it
510 1615 65 27 inay
598 1604 34 29 be

77 1649 58 28 s?»i<l
157 1648 47 28 the
229 1648 60 28 first
318 1647 62 28 idea
406 1646 46 27 the
489 1646 143 37 Fnropean

75 1689 98 28 visitor
186 1688 22 28 is
221 1686 155 39 impressed
392 1686 64 27 with
481 1695 34 17 on
542 1690 75 23 enter-

76 1730 51 35 ing
136 1739 53 20 anv
200 1728 29 29 of
237 1728 77 29 these
326 1727 116 29 Chinese
453 1726 173 29 settlements

77 1770 23 27 is
114 1771 46 26 the
172 1769 110 39 squalor
301 1768 54 28 and
376 1766 202 30 wretchedness
601 1766 29 30 of

54 1810 71 27 'the
169 1808 135 29 surround
309 1808 24 28 in
338 1819 43 24 its,
428 1808 51 26 but
517 1806 115 34 looking

78 1850 118 29 beneath
211 1849 47 30 the
270 1848 118 36 surface,
402 1848 21 28 if
437 1857 51 20 one
503 1847 49 29 has
565 1847 65 29 time

55 1888 4 32 ■
77 1897 29 23 to
128 1901 142 19 overcome
293 1890 47 29 the
352 1888 124 30 obstacle
498 1889 30 28 of
552 1888 59 29 Mon-

79 1932 92 38 golian
185 1932 142 35 reticence,
348 1931 33 29 lie
404 1930 54 29 will
479 1930 56 29 find
556 1940 74 19 some

71 1973 181 37 'interesting,
265 1972 106 38 though
394 1971 116 36 perhaps
538 1972 91 27 rather

68 2011 249 37 -•unconventional,
345 2011 103 30 studies
474 2011 27 28 in
529 2011 100 28 human

72 2058 111 25 nature.
223 2053 58 28 The
320 2052 68 29 local
420 2062 78 28 camp
535 2051 94 29 differs

69 2095 79 28 ■from
183 2094 81 29 other
292 2104 93 27 camps
422 2092 141 29 inasmuch
599 2104 29 17 as

65 2135 72 27 *that
150 2135 77 28 there
242 2145 54 17 was
318 2144 34 18 no
371 2133 98 37 design
491 2133 137 28 whatever

75 2175 28 27 in
116 2175 121 38 forming
245 2174 79 36 it,the
335 2174 63 28 huts
408 2173 54 28 and
474 2179 153 22 tenements

75 2215 87 36 being
174 2214 128 31 crowded
317 2214 127 39 together
463 2214 115 28 without
592 2224 33 18 an

73 2258 119 35 attempt
205 2260 29 23 at
246 2255 90 34 order,
352 2254 54 29 and
429 2253 196 40 consequently

73 2296 48 29 the
140 2306 205 27 passage-ways
371 2305 46 19 are
436 2305 73 19 mere
523 2293 101 31 tracks.

72 2335 52 37 My
148 2336 162 37 companion
343 2335 54 28 and
429 2334 60 34 self,
521 2344 36 17 on
579 2334 46 27 tlu

70 2374 127 31 occasion
210 2375 31 29 of
251 2385 51 19 our
315 2374 74 35 visit,
403 2373 59 30 first
485 2377 55 26 met
558 2373 66 29 with

72 2427 16 18 a
103 2415 153 30 Chinaman
269 2415 31 30 of
320 2414 169 40 respectable
510 2424 98 29 propor-

72 2457 82 34 tions,
167 2455 133 40 rejoicing
314 2455 28 29 in
362 2456 47 28 the
430 2464 80 19 name
529 2455 30 28 of
580 2455 43 28 Ah

72 2497 76 36 Kim,
161 2497 62 28 who
235 2496 69 39 kept
317 2506 16 17 a
348 2500 87 30 3tore;
455 2495 55 28 and
533 2498 75 34 greet-

70 2539 51 38 ing
134 2547 32 19 us
178 2537 68 28 with
258 2547 16 18 a
284 2535 82 30 bland
375 2535 77 30 smile
463 2535 35 29 he
512 2534 111 30 showed

68 2589 35 18 us
128 2577 99 29 round.
266 2576 58 29 The
349 2580 79 25 outer
454 2586 75 19 room
555 2575 28 29 of
608 2586 15 17 a

70 2619 84 38 badly
167 2618 108 39 lighted
288 2617 55 29 and
363 2627 86 18 worse
472 2615 150 30 ventilated

68 2660 61 35 hut,
142 2667 33 21 or
192 2657 144 31 collection
356 2657 30 28 of
405 2657 64 28 huts
492 2655 74 40 piled
580 2660 27 25 to-

69 2700 107 38 gether,
189 2709 57 19 was
265 2697 126 30 crowded
415 2697 66 28 with
503 2696 117 29 Chinese

66 2740 89 39 goods
175 2739 55 29 and
248 2739 80 29 other
349 2737 117 35 articles,
483 2737 78 29 while
583 2737 35 28 all

67 2780 89 29 round
169 2790 35 18 on
218 2780 47 28 the
279 2779 75 28 walls
365 2788 70 18 were
449 2778 46 28 the
506 2777 112 38 gaudily

66 2831 20 29 p
93 2819 87 31 tinted
194 2819 122 38 symbols
330 2818 99 37 (which
444 2818 117 39 perhaps
573 2827 45 19 are
630 2818 2 45 j

63 2860 230 28 advertisements
310 2859 136 35 extolling
465 2859 42 25 his
521 2867 95 23 wares,
630 2859 2 35 t

66 2911 32 17 or
121 2900 22 28 it
169 2908 61 27 may
257 2898 33 28 bo
313 2902 121 24 extracts
469 2896 69 29 from
571 2895 47 28 the

67 2940 108 33 Koran)
190 2938 28 28 in
231 2937 89 29 which
330 2937 45 28 the
389 2946 116 27 average
516 2935 102 28 Chinee

67 2980 132 38 delights.
239 2977 107 28 Behind
378 2976 54 29 this
467 2986 74 18 room
580 2985 39 18 we

68 3020 88 29 f-mnd
178 3017 189 30 half-a-dozen
389 3016 151 30 Chinamen
563 3015 27 28 in
603 3026 16 17 a
631 3015 1 41 j

67 3058 163 31 low-roofed
262 3062 156 32 apartment
440 3055 128 38 engaged
593 3056 26 27 in
631 3055 1 44 |

68 3100 47 29 the
128 3099 99 35 solace,
240 3107 29 18 as
284 3107 40 18 we
337 3095 137 40 supposed
490 3096 22 27 it
525 3100 28 23 to
576 3095 42 35 be,
631 3095 1 40 •

68 3142 30 28 of
111 3140 93 39 opium
219 3137 138 38 smoking.
399 3136 91 39 Trying
510 3146 35 19 on
568 3135 50 29 low

68 3181 101 28 wicker
180 3179 68 29 beds
260 3179 66 27 thev
341 3177 110 29 inhaled
465 3178 46 27 the
532 3177 88 36 sickly

68 3222 89 28 fumes
171 3218 122 37 through
310 3217 65 39 long
389 3218 87 39 pipes,
489 3216 113 29 resembl-

67 3264 50 35 ing
127 3273 16 17 a
157 3261 66 28 flute
237 3270 32 18 or
282 3259 112 37 piccolo,
408 3258 53 28 and
484 3267 60 19 now
564 3258 56 28 find

68 3304 67 28 then
148 3302 65 33 they
229 3299 88 29 would
331 3299 49 28 roll
392 3311 16 16 a
427 3297 83 39 pellet
523 3297 29 29 of
575 3298 46 29 the

68 3342 123 38 treackly
205 3340 116 37 looking
334 3339 95 39 liquid,
441 3339 70 28 burn
522 3338 22 28 it
557 3349 65 18 over

68 3394 16 17 a
96 3382 79 30 small
188 3381 83 36 lamp,
288 3380 54 28 and
356 3381 86 27 insert
460 3380 21 27 it
504 3384 29 23 at
554 3379 54 28 boil-

69 3424 50 34 ing
141 3421 79 40 point
251 3420 29 28 in
312 3420 47 28 tho
390 3419 91 29 orifice
514 3419 29 29 of
575 3419 47 28 the

67 3463 188 29 earthenware
278 3460 71 28 bowl
371 3459 129 28 attached
524 3463 28 24 to
575 3459 47 28 the

70 3503 71 38 pipe.
180 3501 77 28 Then
298 3504 54 23 two
382 3509 30 18 or
442 3499 79 29 three
552 3498 70 38 deep

68 3543 106 34 drawn,
196 3541 68 38 long
289 3540 91 35 whifs,
406 3539 54 29 and
486 3541 47 27 the
555 3550 67 27 poor

68 3584 93 37 opium
176 3581 111 29 smoker
305 3590 54 18 was
378 3591 16 17 a
416 3585 79 33 stage
514 3580 106 29 further

67 3624 30 27 in
130 3620 168 30 intoxicated
333 3620 192 37 insensibility.
567 3620 54 29 AVe

70 3662 54 30 had
150 3662 75 28 them
252 3661 64 28 here
350 3661 27 28 in
404 3661 33 28 ail
470 3664 103 35 stages,
605 3672 15 17 a

68 3704 167 27 cadaverous
246 3701 113 36 looking
372 3702 95 35 youth,
478 3701 64 29 with
552 3702 67 36 high

69 3743 87 27 cheek
170 3742 95 30 bones,
281 3741 88 26 whose
383 3741 59 28 face
452 3740 53 29 had
517 3751 14 17 a
543 3741 61 28 hide-

68 3781 95 29 bound
176 3789 178 30 appearance,
368 3779 78 30 looks
459 3792 29 17 as
512 3781 106 36 though

68 3824 35 27 he
126 3823 49 27 has
195 3826 49 23 not
264 3821 68 28 been
358 3831 16 17 a
401 3822 91 28 victim
518 3821 29 28 of
573 3822 47 27 tho

70 3862 78 28 nabit
161 3871 67 27 very
242 3860 75 38 long.
359 3861 80 28 After
451 3872 16 17 a
476 3862 52 27 few
540 3862 80 28 whifs

70 3902 42 30 his
126 3911 64 28 eyes
211 3911 107 20 assume
338 3912 16 18 a
375 3901 92 38 glassy
489 3906 81 31 stare,
590 3912 29 18 as

70 3944 22 26 if
117 3942 65 28 with
211 3942 197 38 preternatural
429 3942 189 28 wakefulness.

74 3986 42 27 An
139 3981 78 31 older
241 3982 110 29 smoker
376 3982 92 29 smiles
493 3982 127 39 vacantly

71 4025 72 26 after
156 4023 149 38 indulging
318 4024 25 26 in
394 4024 45 26 the
566 4024 53 26 and

71 4066 117 26 mutters
202 4063 187 34 iucoherently
402 4073 30 17 as
446 4063 33 27 lie
502 4063 118 28 fumbles

77 4103 61 29 •vith
151 4103 22 29 it
186 4104 26 28 in
224 4104 46 28 the
282 4104 60 28 vain
352 4103 88 36 effort,
452 4114 29 18 as
493 4103 20 28 it
524 4113 97 26 seems,

70 4150 30 22 to
114 4153 114 28 prepare
241 4144 43 26 for
304 4144 116 28 another
433 4144 103 28 smoke.
580 4146 41 24 An

70 4183 47 29 old
137 4193 73 23 man,
232 4183 63 29 with
317 4183 41 29 fat
376 4183 92 38 stupid
491 4186 116 26 counten-

72 4235 76 25 ance,
162 4225 61 29 who
239 4226 46 27 ha*
298 4226 66 27 been
376 4224 140 39 smoking,
528 4224 96 28 scowls

74 4273 28 21 at
141 4277 32 17 us
201 4277 30 17 as
269 4266 106 35 though
405 4266 141 36 resenting
578 4276 49 18 our

75 4306 145 35 intrusion,
245 4307 55 29 and
326 4306 64 29 then
418 4306 125 28 subsides
568 4306 59 28 into

78 4348 82 31 what,
173 4348 121 36 judging
307 4348 36 35 by
358 4348 41 27 his
411 4357 178 27 appearance,
604 4347 23 28 is

77 4397 18 16 a
108 4386 56 28 dull
178 4386 146 28 dreamless
339 4390 102 33 torpor.

117 4434 35 30 So
190 4445 39 18 we
263 4435 116 37 proceed
414 4435 121 32 through
573 4435 54 28 this

112 4475 99 33 Vanity
224 4474 90 32 Fair,''
329 4484 33 15 an
375 4477 5 22 1
397 4475 21 25 it
437 4475 23 26 is
477 4485 15 15 a
505 4475 77 26 relief
600 4481 28 20 to

80 4519 74 20 meet
176 4512 26 26 in
227 4512 47 27 the
298 4517 66 22 next
388 4513 75 36 place
490 4523 38 17 we
552 4517 77 24 enter

81 4552 63 27 with
159 4562 16 17 a
188 4551 104 38 dapper
305 4551 122 37 looking,
446 4552 58 28 well
514 4553 111 29 dressed

77 4592 164 35 Chinaman,
263 4591 60 28 who
340 4592 24 28 is
382 4591 76 29 brisk
476 4593 53 28 and
553 4594 59 27 busi-

77 4643 64 18 ness
168 4632 64 28 like.
273 4633 42 26 Ah
338 4632 65 29 Sam
426 4633 22 28 is
472 4633 41 27 his
538 4644 88 24 name,

75 4673 56 28 and
145 4672 35 29 he
192 4672 24 29 is
227 4682 15 17 a
256 4671 116 30 Chinese
394 4673 147 29 merchant.
582 4674 43 28 He

76 4715 24 26 is
114 4714 70 36 busy
199 4713 64 27 with
276 4718 130 22 accounts
419 4718 29 23 at
461 4713 45 28 the
520 4715 65 27 time
598 4715 29 28 of

76 4764 52 18 our
140 4757 139 31 entrance,
305 4752 52 29 and
373 4753 22 27 is
408 4754 144 37 repeating
579 4755 47 28 the

75 4793 159 39 equivalent
255 4793 31 28 of
310 4797 54 23 two
378 4793 54 28 and
455 4801 53 20 two
531 4795 94 28 makes

74 4834 74 31 fiMir,
175 4833 64 28 with
267 4833 45 28 the
326 4832 43 29 aid
383 4833 30 28 of
427 4833 45 30 the
498 4834 127 30 different

73 4874 128 37 polonred
218 4874 117 29 marbles
349 4874 131 29 threaded
495 4886 33 17 on
545 4876 77 27 wires

65 4916 36 37 jjn
136 4925 19 17 a.
177 4915 88 27 frame
292 4914 63 27 with
379 4915 86 27 which
493 4926 39 15 wo
556 4926 68 17 were

65 4955 126 32 .■familiar
213 4954 26 29 in
253 4964 53 17 our
319 4964 64 27 very
394 4954 122 37 juvenile
531 4955 90 29 school

70 4996 80 38 days.
192 4995 43 28 Ah
258 4995 61 26 Sam
344 4994 22 27 is
394 5004 64 28 very
477 5002 145 22 courteous

70 5036 58 30 nnd
153 5046 40 19 we
207 5035 90 28 notice
311 5035 41 26 his
366 5035 208 30 establishment
601 5038 22 26 is

70 5087 37 18 on
131 5086 16 18 a
160 5075 81 34 ledge
263 5075 192 35 overhanging
478 5075 45 27 the
544 5086 78 20 r.vcr,

69 5117 77 29 evvie
168 5115 118 29 fashion.
328 5113 43 28 lie
397 5113 61 30 tells
486 5126 30 17 us
542 5115 34 29 he
602 5117 21 28 is

69 5159 59 27 also
140 5168 14 16 a
170 5155 158 39 speculator
354 5153 26 28 in
403 5155 66 33 gold
494 5155 128 35 digging-,

67 5197 57 29 and
151 5197 50 30 ha-f
223 5206 17 18 a
265 5193 81 30 claim
477 5194 46 29 the

70 5239 89 27 where
176 5238 33 27 he
223 5237 49 28 ha«
282 5235 103 27 several
401 5244 59 17 men
469 5236 153 35 employed.

68 5277 100 31 Asked
225 5284 28 19 t<>
267 5276 47 28 rhe
329 5275 96 38 profits
441 5275 26 26 in
490 5275 54 27 lhi>
559 5286 64 17 ven-
631 5275 1 38 1

67 5322 72 30 ture,
175 5317 34 28 be
235 5315 102 28 «~h;ikes
376 5315 41 26 h:a
449 5314 67 28 head
550 5326 55 27 mys-

67 5358 123 30 teswnslv
200 5357 56 28 and
269 5366 64 25 t-aya
360 5358 17 13 c:
390 5360 47 23 not
451 5355 78 38 welly
543 5357 80 26 much

67 5397 68 39 gold
154 5397 60 38 ju-fc
240 5395 89 30 now/*
369 5395 145 35 However,
545 5396 12 27 I
580 5406 42 17 am

65 5437 151 31 oiiidwiftt?
223 5435 138 32 informed
367 5435 46 30 tie
421 5435 79 29 claim
512 5437 21 27 is
545 5446 63 24 prov-

65 5480 55 37 ing
135 5488 13 20 a
169 5488 66 25 very
251 5477 117 40 payable
393 5487 62 20 rme.

67 5517 154 34 M'AabV
233 5518 76 29 othei
317 5527 63 20 vri-c
390 5516 59 31 Che
460 5516 134 39 Cheng'?,
600 5517 23 28 is

63 5560 51 32 thfl
126 5568 70 22 nf-xt
211 5558 139 30 residence
366 5567 40 21 we
426 5564 72 29 visit,
519 5558 56 29 and
589 5559 34 28 ho

63 5602 25 31 in
98 5612 17 20 a
126 5604 73 28 moat
211 5600 94 37 jrcoisl
317 5599 70 36 #>u!,
400 5598 55 29 and
464 5599 78 38 gives
561 5609 32 18 us
606 5609 17 19 a

61 5644 79 41 truly
161 5640 144 43 Kighkmi
328 5640 137 32 welcome.
505 5639 118 43 Tommy

61 5687 25 29 is
98 5696 19 20 a
128 5686 125 35 student,
266 5682 55 32 and
336 5694 29 20 as
380 5683 33 29 he
426 5690 51 22 Mt*
491 5682 49 30 bef
556 5692 31 20 re
603 5693 18 19 a

59 5726 99 40 bright
172 5726 50 30 fire
235 5724 65 30 with
323 5723 151 41 spectacles
487 5732 46 26 on,
556 5732 48 27 por-

48 5766 63 42 ing
122 5776 68 23 over
199 5766 75 31 what
284 5766 36 30 he
331 5763 62 32 tells
402 5774 31 20 us
442 5764 23 30 is
474 5773 16 21 a
499 5762 117 32 Chinese

656 198 3 39 I
670 199 106 29 version
791 198 30 28 of
838 198 47 28 the
898 198 91 34 Bible,
1003 198 34 28 he
1051 198 48 28 has
1110 198 77 39 quite
1209 209 15 17 a

655 238 4 46 j
669 240 111 29 learned
815 239 48 34 air*,
899 238 89 30 which
1019 238 91 40 might
1155 238 67 29 have

655 279 3 45 j
670 281 130 30 deceived
823 281 48 28 ])••.
897 280 104 28 Nikola
1018 280 119 29 himself.
1179 279 42 29 On

655 313 3 48 J
671 322 46 29 the
742 322 126 37 opposite
890 321 58 27 side
962 321 30 27 of
1033 321 47 27 the
1105 324 85 24 street

671 362 66 30 lives
750 361 52 30 Joe
817 361 52 29 Kie
887 361 63 28 who
964 360 99 38 speaks
1077 370 66 27 very
1169 360 52 28 fair

671 402 125 40 English,
806 402 54 29 and
873 402 23 28 is
909 405 82 25 exact
1004 400 55 30 and
1082 400 123 29 business-

668 444 56 29 like
733 444 26 28 in
769 444 41 27 his
819 442 198 30 conversation.
1060 441 50 29 We
1120 441 99 36 gather

668 484 177 30 iucidentallv
866 485 61 26 that
948 482 53 28 Joe
1014 481 23 29 is
1058 492 17 16 a
1089 491 64 21 very
1177 481 27 26 in-

668 524 137 29 dustrious
828 522 54 29 and
914 522 136 28 excellent
1072 519 144 39 gardener,

664 565 55 28 and
732 564 115 29 another
861 564 57 28 fact
935 563 26 27 in
983 562 40 28 his
1052 559 164 38 biography,

649 600 3 45 |
666 615 39 19 wo
725 604 85 33 learn,
824 604 23 28 is
865 604 60 28 that
937 603 27 27 in
979 600 113 36 religion
1109 600 32 27 he
1155 600 22 27 is
1201 611 15 16 a

663 645 117 28 staunch
790 643 201 33 Presbyterian.
1031 642 58 27 oir
1109 639 107 29 further

648 679 3 45 j
663 684 118 30 rambles
796 682 88 30 would
899 691 104 28 occupy
1019 684 45 24 too
1090 679 82 28 much
1185 679 29 27 of

647 718 3 45 j
664 737 67 24 your
746 734 91 29 space,
859 723 44 29 Mr
927 722 21 29 E
962 722 70 35 litor,
1058 720 53 28 and
1126 719 14 28 I
1162 718 52 29 wdl

662 766 133 28 conclude
833 764 77 27 these
941 772 78 18 nones
1033 761 66 27 with
1118 771 15 15 a
1158 760 54 27 few
1223 760 1 34 j

663 804 111 29 o-eneral
803 802 199 30 observations.
1041 799 57 29 Tuo
1141 799 83 34 Kox-j

647 836 2 51 j
663 846 90 35 burgh
780 844 87 36 Camp
896 844 47 27 has
971 851 83 18 never
1080 840 16 28 b
1107 849 41 19 ;en
1184 849 29 17 so
1223 836 1 51 |

664 883 174 37 numerously
865 894 16 26 p
892 880 120 40 ipulabed
1035 890 29 17 as
1077 889 76 19 soin
1179 878 45 32 of]

663 926 46 27 the
725 925 93 28 others
845 924 12 27 I
877 923 69 28 have
974 919 165 30 mentioned,
1164 919 49 27 but
1223 912 1 41 \

647 960 2 45 |
663 966 26 27 in
716 965 71 36 good
808 964 91 33 times,
920 963 77 28 when
1008 960 64 37 gold
1084 970 54 17 was
1153 963 60 34 get-
1223 960 1 45 i

663 1006 62 37 ting
762 1004 168 39 plentifully.
965 1002 77 27 there
1079 1010 69 17 were
1184 1000 40 35 as]

664 1056 78 23 many
758 1056 30 17 as
812 1044 70 28 from
897 1042 94 38 eighty
1005 1045 28 24 to
1053 1051 15 17 a
1089 1038 122 29 hundred
1223 1038 1 42 j

646 1079 3 40 |
663 1085 152 29 Chinamen
848 1084 78 27 there
957 1082 13 28 I.
994 1091 43 17 am
1066 1079 147 28 informed.
1223 1079 1 40 |

646 1119 4 49 j
663 1125 85 35 Many
756 1124 30 30 of
798 1124 77 28 those
885 1122 51 30 left
947 1122 77 28 when
1045 1119 79 29 times
1145 1129 69 19 were

646 1157 3 43 !
663 1165 116 35 slacker,
807 1164 54 28 and
890 1164 76 26 there
989 1172 45 18 are
1066 1170 59 18 now
1150 1170 49 18 con-

663 1204 137 36 siderably
816 1203 52 27 less
883 1202 64 27 than
961 1201 58 27 half
1028 1200 61 28 that
1100 1200 116 28 number

662 1242 188 40 congregated
866 1242 77 28 there
955 1249 30 20 at
998 1251 54 28 any
1066 1240 75 29 time.
1182 1240 32 28 In

663 1285 46 28 the
735 1284 93 38 palmy
856 1282 67 34 days
949 1282 77 27 there
1050 1291 53 17 was
1122 1292 15 16 a
1164 1280 52 28 fair

663 1329 114 23 amount
803 1323 30 27 of
857 1322 155 37 gambling,
1027 1321 50 27 but
1092 1331 82 17 never
1188 1327 28 21 to

646 1360 3 36 I
663 1364 47 28 the
743 1366 99 26 extent
865 1362 13 28 1
903 1362 69 28 have
998 1370 63 19 seen
1085 1360 28 28 in
1139 1360 78 28 other

663 1404 100 37 places.

701 1444 38 27 At
772 1440 133 41 Orepnki,
939 1440 44 28 for
1007 1439 134 36 instance,
1171 1439 47 28 the

663 1494 78 28 camp
768 1483 27 29 in
823 1482 88 29 which
944 1482 76 28 there
1044 1491 70 19 were
1141 1480 75 29 three

664 1524 126 29 hundred
805 1523 151 29 Chinamen
976 1532 54 18 was
1043 1532 16 17 a
1073 1521 143 28 miniature

664 1564 87 30 China
765 1568 84 32 town,
863 1562 97 29 named
983 1562 35 38 by
1033 1563 47 27 the
1097 1561 118 29 Chinese

664 1606 117 35 Canton,
795 1605 52 29 and
865 1604 34 37 by
915 1604 47 28 the
975 1602 118 40 English
1120 1602 94 29 Kouud

666 1647 65 28 Hill.
771 1647 88 27 There
874 1646 13 28 I
901 1655 56 17 saw
974 1655 52 17 one
1047 1644 80 37 night
1150 1644 27 27 in
1201 1655 15 16 a

664 1686 145 40 gambling
823 1686 51 28 den
889 1696 15 17 a
918 1695 80 18 scene
1011 1684 105 38 worthy
1130 1684 28 28 of
1170 1684 46 28 the

664 1728 113 38 graphic
793 1727 84 29 brush
887 1726 30 29 of
930 1725 106 29 Gustav
1057 1724 81 30 Dore.
1180 1723 32 29 In

663 1780 16 16 a
692 1768 162 29 low-roofed
869 1767 57 34 hut,
941 1766 84 28 about
1044 1767 55 27 10ft
1112 1776 19 18 x
1150 1766 64 35 12ft,

663 1818 70 19 were
748 1807 134 41 gathered
894 1817 75 18 some
987 1810 104 33 twenty
1115 1806 83 28 China-

664 1860 70 19 men.
776 1850 43 28 An
854 1858 70 30 open
960 1846 125 40 fireplace
1110 1852 29 23 at
1163 1856 51 19 one
1223 1846 1 42 j

663 1891 58 28 side
746 1894 47 33 (on
819 1889 87 29 which
932 1888 80 39 hung
1037 1900 15 15 a
1077 1893 49 34 pot
1148 1888 64 27 with
1223 1888 1 45 |

646 1922 3 47 |
663 1942 74 19 some
751 1931 52 30 evil
819 1930 129 39 smelling
964 1929 155 39 compound
1141 1929 26 28 in
1183 1922 41 47 it)!

646 1969 3 40 i
661 1973 54 28 had
730 1983 15 17 a
760 1973 53 27 bad
828 1971 129 38 draught,
977 1971 55 28 and
1046 1972 47 27 the
1113 1970 100 29 stnoul-
1223 1969 1 40 j

661 2013 100 38 dering
791 2011 61 38 logs
884 2011 74 29 tilled
989 2010 48 29 the
1069 2010 144 29 otherwise
1223 2010 1 41 i

661 2053 82 29 dense
780 2053 173 38 atmosphere
984 2051 67 29 with
1090 2054 124 35 pungent

660 2094 107 29 smoke.
806 2093 58 29 The
878 2098 47 33 pot
939 2103 55 18 was
1008 2091 128 39 presided
1150 2102 64 19 over

661 2135 35 35 by
711 2145 14 18 a
740 2133 136 38 one-eyed
890 2133 162 35 Chinaman,
1070 2133 58 28 who
1143 2133 69 28 from
1223 2133 1 38 j

660 2175 64 28 time
739 2180 28 24 to
783 2175 66 28 time
862 2173 99 29 stoked
976 2183 36 28 up
1028 2174 47 28 the
1085 2174 58 34 tire,
1158 2173 53 28 and

658 2225 71 19 anon
754 2216 68 37 kept
843 2215 42 29 his
940 2214 119 29 weather
1072 2223 49 28 eye
1177 2224 34 18 on

658 2256 47 28 the
718 2266 82 29 game
814 2255 89 38 going
917 2265 44 19 on.
1002 2253 31 30 In
1052 2254 46 29 the
1110 2253 102 30 middle

657 2296 28 28 of
699 2297 47 29 the
770 2307 76 18 room
872 2307 55 18 wa3
950 2307 16 17 a
988 2294 68 39 high
1079 2295 74 29 table
1176 2305 35 18 on

656 2336 120 33 trestles,
802 2335 54 28 and
883 2340 28 23 at
937 2335 46 28 the
1007 2335 70 28 head
1098 2335 31 28 of
1157 2335 54 28 this

658 2376 72 28 'jable
744 2376 47 28 the
805 2375 118 36 banker,
945 2385 17 18 a
982 2374 91 39 portly
1097 2374 114 39 looking

656 2415 154 30 Chinaman
826 2416 66 29 with
906 2416 104 39 glasses
1020 2425 44 26 on,
1073 2415 136 39 presided.

655 2457 44 28 He
713 2457 54 29 had
779 2466 35 18 an
831 2457 134 28 immense
988 2457 55 38 pile
1067 2457 30 27 of
1109 2466 102 29 copper

654 2501 128 25 counters
796 2496 68 29 with
879 2507 98 29 square
998 2496 76 30 holes
1093 2496 28 28 in
1135 2497 74 29 them

652 2537 26 28 in
694 2537 75 29 front
782 2537 30 28 of
826 2537 67 34 him,
908 2537 55 28 and
978 2537 86 35 these,
1079 2537 65 28 with
1160 2537 46 28 the

652 2577 45 29 aid
710 2577 30 29 of
757 2589 15 17 a
784 2577 157 39 chopstick,
962 2577 33 29 he
1017 2577 147 38 dispensed
1181 2582 28 24 to

652 2617 46 30 the
714 2618 154 29 Chiuamen
884 2618 105 28 around
1000 2618 47 29 the
1056 2617 73 29 table
1143 2618 66 28 with

651 2662 78 35 great
739 2658 151 40 quickness
900 2658 53 28 and
965 2658 148 38 dexterity.
1151 2657 58 29 The

651 2699 83 34 table,
746 2709 30 18 as
800 2698 14 29 I
842 2699 69 28 have
937 2698 69 35 said,
1034 2710 53 17 was
1115 2698 92 29 breast

650 2739 77 39 high,
763 2739 55 29 and
859 2739 47 29 the
943 2738 152 30 Chinamen
1129 2738 78 30 stood

650 2780 87 28 round
753 2780 33 28 it.
826 2779 57 28 The
903 2790 103 27 games,
1028 2780 14 28 I
1062 2790 55 17 was
1139 2779 68 34 told,

649 2830 69 18 were
961 2818 55 30 and

649 2859 85 33 Loo/'
751 2860 51 26 but
817 2859 14 27 1
848 2860 69 25 have
931 2869 36 15 no
980 2858 109 28 further
1113 2860 76 26 know-

647 2897 80 37 ledge
741 2898 29 28 of
782 2898 83 28 them.
911 2897 144 29 .Sufficient
1067 2908 53 17 was
1135 2898 20 27 it
1165 2898 43 27 for

649 2947 41 19 me
706 2941 27 25 to
749 2937 89 28 watch
852 2937 47 28 the
918 2936 134 29 dramatic
1064 2937 141 30 ennemble.

649 2977 27 28 It
690 2978 22 27 is
725 2977 77 28 ofteu
827 2976 58 30 said
913 2977 60 29 that
995 2977 35 28 all
1056 2976 150 30 Chinamen

649 3028 45 18 are
704 3017 82 35 alike,
800 3017 50 30 but
861 3017 63 29 here
937 3028 35 18 no
981 3022 54 24 two
1046 3028 70 19 were
1126 3017 82 36 alike,

650 3058 53 28 and
726 3058 77 27 there
831 3067 71 18 were
929 3067 76 18 some
1031 3058 61 28 who
1118 3059 90 27 would

651 3097 133 29 illustrate
796 3097 46 29 the
857 3096 122 39 pictures
990 3097 30 28 of
1031 3097 47 29 the
1089 3097 118 30 inferno.

650 3138 76 38 They
742 3148 69 19 were
822 3138 67 30 born
902 3138 142 39 gamblers
1054 3149 136 28 everyone
1200 3151 7 24 ;

652 3179 49 27 but
715 3178 107 29 instead
837 3179 29 28 of
879 3179 47 27 the
941 3179 77 36 noisy
1035 3179 155 29 demonstra-

651 3219 70 29 tions
747 3219 30 28 of
798 3218 70 29 their
888 3217 119 40 feelings
1033 3219 63 29 that
1119 3219 90 40 might

651 3260 34 27 be
729 3259 85 28 found
864 3264 130 33 amongst
1050 3260 157 39 Europeans

652 3299 26 27 in
710 3299 56 29 like
786 3299 221 35 circumstances,
1030 3299 71 29 their
1134 3311 55 19 emo-

652 3340 70 29 tions
756 3350 70 18 were
863 3340 93 28 shown
981 3339 29 29 in
1039 3340 71 30 their
1135 3340 73 30 faces

651 3379 74 36 only,
762 3380 84 37 being
885 3380 143 28 otherwise
1064 3381 143 37 repressed

652 3423 98 34 except
779 3420 36 36 by
830 3430 15 17 a
859 3419 68 38 deep
1081 3421 43 27 Ah
1177 3432 31 17 as

653 3460 110 27 fortune
779 3459 53 27 had
848 3459 116 37 perhaps
981 3459 99 29 turned
1097 3460 111 38 against

652 3499 82 28 them.
771 3499 57 27 The
838 3507 94 28 games
944 3499 152 36 proceeded
1106 3499 102 29 amidst

651 3539 116 29 intense-
777 3538 175 35 excitement,
968 3538 86 29 which
1070 3544 27 24 to
1113 3551 31 17 us
1158 3551 33 17 on-

651 3579 107 28 lookers
785 3589 75 27 grew
877 3583 189 31 monotonous,
1081 3580 55 28 and
1158 3581 47 28 the

650 3619 95 28 smoke
761 3619 138 37 produced
925 3619 35 36 by
978 3619 48 27 the
1040 3619 52 27 evil
1106 3620 99 38 genius

649 3667 28 20 at
689 3659 45 28 the
746 3660 48 28 fire
807 3658 56 29 aud
878 3659 47 28 the
938 3658 173 30 exhalatious
1134 3660 71 28 from

650 3700 40 27 his
703 3699 142 29 villianous
861 3698 123 30 witches'
1003 3703 47 33 pot
1062 3704 28 24 at
1108 3699 97 39 length

650 3739 83 28 drove
756 3749 32 17 us
811 3739 59 27 into
897 3738 46 27 the
970 3747 71 27 open
1061 3739 49 33 air,
1126 3740 79 27 when

651 3788 38 18 we
701 3777 130 30 returned
854 3782 27 25 to
907 3788 50 17 our
967 3777 102 36 homes,
1085 3780 102 36 ponder-

650 3819 47 36 ing
729 3829 65 18 over
819 3829 51 18 our
908 3817 144 39 evening's
1084 3819 123 38 singular

649 3859 224 27 entertainment!.

808 3953 127 41 Millers
965 3952 80 42 Flat.

745 4040 150 23 (Occasional
910 4040 21 19 C<
936 4040 3 23 >
943 4045 11 14 u
957 4045 152 16 respondent.
1113 4040 5 23 )

686 4082 47 28 We
747 4082 52 28 had
812 4091 15 17 a
841 4081 69 27 little
924 4080 56 28 rain
1006 4083 28 24 at
1053 4080 45 28 the
1111 4082 50 26 end
1181 4082 26 26 of

651 4122 51 25 last
716 4123 78 27 week,
805 4119 53 27 and
872 4119 20 26 it
904 4129 52 16 was
970 4128 61 23 very
1048 4119 121 27 welcome
1180 4123 27 22 to

652 4158 44 25 the
709 4158 118 28 farmers,
844 4156 55 25 who
912 4156 77 25 could
1004 4156 59 25 well
1086 4156 33 25 do
1142 4156 64 25 with

652 4204 79 26 many
744 4194 77 29 times
835 4193 44 27 the
893 4193 125 37 quantity
1032 4192 59 27 that
1108 4192 53 27 fell.

696 4240 46 27 Ihe
761 4240 66 35 piles
853 4240 27 26 in
895 4239 155 26 connection
1076 4239 64 27 with
1163 4240 45 26 the

655 4278 172 35 preliminary
841 4280 87 31 stages
942 4276 28 27 of
980 4277 45 26 the
1037 4277 93 34 bridge
1142 4278 66 26 have

656 4317 63 26 been
733 4315 129 26 extended
876 4324 28 17 as
918 4313 42 27 far
973 4324 26 17 as
1014 4314 22 26 it
1057 4315 23 26 is
1104 4317 29 24 at
1152 4324 42 25 pre-

656 4356 58 23 sent
728 4353 125 26 intended
877 4358 27 19 to
929 4353 61 25 take
1015 4352 75 26 them
1134 4353 74 34 They

657 4389 75 25 reach
747 4392 28 22 tJ
788 4388 91 26 within
894 4397 15 16 a
934 4388 50 25 few
1007 4389 80 34 yards
1112 4389 27 24 of
1163 4390 45 24 the

658 4430 63 23 west
735 4425 75 27 bank.
850 4424 74 27 Rails
949 4425 42 27 for
1014 4425 109 35 trolleys
1142 4426 66 27 have

656 4464 65 25 been
744 4464 55 24 laid
817 4463 45 25 the
888 4463 83 25 whole
997 4462 93 34 length
1112 4464 27 24 of
1163 4464 45 26 the

657 4499 91 25 trestle
762 4498 77 26 work.
878 4498 55 26 One
957 4499 28 25 of
1006 4499 45 25 the
1075 4499 133 35 cylinders

657 4536 46 26 has
716 4536 113 30 arrived,
843 4536 45 25 the
914 4535 98 34 weight
1034 4536 24 24 of
1082 4537 22 25 it
1129 4537 79 33 being

656 4573 59 25 four
728 4582 29 16 or
771 4573 47 25 five
841 4576 64 22 tons.
945 4572 55 26 The
1022 4574 92 25 trestle
1135 4575 71 26 work

656 4610 52 26 will
724 4611 30 24 he
767 4609 161 35 thoroughly
952 4609 86 26 tested
1065 4610 72 27 when
1152 4611 54 26 this

654 4647 119 35 cylinder
785 4648 23 25 is
820 4657 49 16 run
889 4649 51 24 out.
980 4647 53 25 The
1055 4647 151 28 immediate

656 4684 213 32 neighbourhood
883 4684 27 25 of
922 4684 45 27 the
994 4685 90 33 bridge
1109 4695 33 17 on
1161 4687 45 26 ihe

654 4725 55 23 east
723 4722 16 25 b
748 4722 44 24 oik
806 4723 21 23 is
841 4725 97 22 sirewu
954 4722 63 24 with
1041 4731 63 24 gnm
1128 4727 76 24 trees,

737 4758 144 35 quantities
895 4757 28 26 of
935 4758 64 30 iron,
1025 4758 52 27 and
1100 4769 14 16 a
1138 4761 66 32 gsod

653 4795 58 26 deal
725 4795 27 26 of
765 4795 159 33 machinery,
938 4804 96 25 among
1057 4796 83 25 which
1161 4805 43 18 are

653 4832 57 27 four
723 4841 29 17 or
772 4833 47 25 live
838 4832 72 34 large
924 4832 94 35 boring
1031 4832 132 29 machines
1177 4844 29 17 or

653 4871 75 25 drills
742 4870 53 26 and
808 4874 52 22 two
872 4870 114 33 engines,
1013 4871 51 26 and
1088 4870 75 28 there
1183 4873 21 26 is

653 4908 54 24 also
737 4917 33 15 an
800 4906 106 26 electric
937 4906 66 33 liglr.
1030 4908 82 32 plant.
1150 4909 54 27 The

652 4943 81 28 latter
745 4944 53 25 will
815 4944 29 25 be
860 4943 70 29 used,
955 4943 6 24 1
987 4944 169 30 understand,
1177 4950 27 22 to

653 4982 97 35 supply
763 4981 70 33 light
846 4980 40 26 for
901 4981 117 34 working
1032 4981 25 25 in
1071 4982 45 25 the
1138 4984 64 25 dark

654 5018 76 28 hours
778 5019 42 25 AJr
836 5018 142 30 Andeison,
992 5018 28 27 of
1032 5018 45 27 the
1101 5020 57 28 lirm
1178 5021 26 25 of

652 5054 93 35 bridge
773 5059 170 25 contractors,
976 5064 51 16 was
1052 5056 26 26 in
1104 5057 99 25 Millers

655 5091 57 26 Flat
725 5094 28 23 at
765 5092 46 27 the
823 5091 49 26 end
886 5091 27 25 of
927 5091 50 25 last
992 5092 77 30 week,
1084 5093 120 35 arriving

652 5138 31 16 ou
700 5129 170 25 Wednesday.

690 5166 66 25 Host
780 5166 97 34 Laffey,
898 5165 27 24 of
950 5165 43 25 the
1019 5165 100 27 Millers
1146 5167 57 25 Flat

656 5202 85 30 Hotel,
767 5204 20 25 it
808 5202 21 26 is
850 5201 132 36 reported,
1002 5202 105 28 intends
1121 5207 26 23 to
1161 5209 44 28 get

653 5240 39 25 his
707 5241 125 32 premises
847 5239 103 34 lighted
978 5240 61 25 with
1060 5241 145 32 electiicity

653 5277 96 33 during
763 5277 44 24 the
820 5277 64 25 time
897 5275 60 26 that
982 5277 44 24 the
1051 5277 76 33 plant
1152 5279 51 24 will

655 5314 29 26 he
695 5313 64 27 used
769 5313 27 26 in
804 5312 157 29 connection
975 5313 62 25 with
1050 5313 43 27 the
1105 5314 93 31 bridge

686 5351 55 28 The
754 5360 109 18 rumour
874 5350 61 26 that
949 5350 43 26 Mr
1010 5350 91 30 Joins,
1116 5352 27 26 of
1161 5353 44 25 the

655 5388 101 27 Millers
784 5388 59 24 Flat
861 5392 77 24 store,
959 5387 52 26 had
1029 5388 58 25 sold
1106 5391 46 22 out
1164 5388 41 26 his

654 5425 118 27 business
787 5425 21 25 is
822 5424 73 35 quite
917 5424 159 30 unfounded,
1096 5434 28 17 as
1147 5425 58 27 that

652 5463 151 33 gentleman
817 5461 46 26 has
874 5465 27 22 at
913 5467 103 29 present
1030 5472 33 16 no
1076 5463 128 26 intention

653 5501 26 25 of
690 5500 95 34 giving
798 5508 35 25 up
845 5499 127 27 business.

688 5537 53 27 'lhe
772 5536 79 34 Ferry
887 5536 77 26 Hotel
1006 5536 47 27 has
1083 5536 121 37 changed

653 5576 91 28 hands,
771 5574 44 26 Mr
836 5574 71 26 John
933 5573 83 36 ISady,
1041 5574 45 28 the
1108 5574 97 28 foiraer

653 5614 154 35 proprietor,
823 5612 100 35 having
943 5612 59 27 sold
1022 5620 45 18 out
1081 5614 27 25 to
1122 5611 44 28 Mr
1178 5613 24 25 J.

651 5651 72 29 Noon
728 5660 42 20 an,
780 5651 28 28 of
820 5651 45 28 the
878 5649 59 29 Mea
949 5649 59 30 Flat
1018 5649 88 33 Hotel,
1119 5650 85 30 which

651 5690 52 27 vrill
720 5691 31 27 be
765 5690 86 27 leased
865 5691 27 25 to
907 5689 43 26 Mr
962 5688 126 32 Crowley.

686 5726 127 37 Recently
823 5729 11 25 t
838 5734 38 19 wo
881 5726 130 28 mernlws
1016 5726 28 26 of
1048 5726 46 27 the
1103 5725 93 28 Eleiiot

653 5764 141 35 Roxburgh
810 5762 62 30 Bail
876 5772 55 27 way
944 5763 34 27 Fx
983 5764 101 27 tension
1099 5763 102 36 League

1241 192 1 39 j
1257 207 67 17 were
1338 197 83 26 round
1431 196 54 26 this
1496 194 104 27 district
1610 193 41 26 for
1661 192 148 34 signatures

1241 222 1 48 j
1254 238 26 24 to
1304 234 127 36 petitions
1456 235 28 24 to
1506 232 47 26 the
1578 230 178 27 Government
1783 231 26 22 to

1241 266 1 42 !
1251 273 106 35 acquire
1390 271 59 27 Moa
1480 270 61 27 Flat
1565 270 84 26 estate
1672 266 43 26 for
1738 266 69 26 close

1251 311 153 25 settlement
1416 308 54 26 and
1482 312 27 22 to
1528 306 95 26 extend
1638 304 46 26 the
1698 303 109 33 railway

1250 347 66 25 from
1351 346 91 26 Heriot
1481 348 28 23 to
1540 341 155 35 Roxburgh.
1752 339 54 26 The

1251 385 125 34 petitions
1390 392 67 17 were
1470 380 170 34 numerously
1649 378 94 34 signed
1753 376 53 27 and

1251 422 43 26 the
1308 430 153 17 canvassers
1474 423 55 23 met
1553 418 65 26 with
1643 414 79 27 much
1746 423 43 17 suc-

1247 468 55 16 cess
1353 460 34 23 A.3
1412 466 33 16 a*
1469 459 120 24 outcome
1607 454 28 26 of
1652 462 16 16 a
1691 452 113 33 railway

1247 496 74 24 there
1335 496 22 24 is
1371 504 47 16 one
1431 494 80 34 thing
1524 492 104 29 certain,
1644 489 52 28 and
1709 489 60 25 that
1781 488 22 25 is

1247 531 59 26 that
1320 532 46 25 the
1379 531 106 26 district
1499 530 54 25 will
1579 530 32 25 be
1629 525 130 28 benefited
1775 525 28 25 in

1247 578 78 25 many
1338 576 76 26 ways.
1456 568 10 25 T
1481 567 55 27 wid
1550 565 116 28 mention
1680 563 62 34 only
1755 571 47 17 one

1246 605 125 30 instance,
1402 605 86 27 which
1516 604 13 26 I
1568 604 68 26 have
1672 609 33 17 on
1736 600 67 35 good

1244 642 144 34 authority.
1431 642 42 26 Mr
1673 637 28 26 of
1711 637 91 26 Teviot

1244 678 106 28 station,
1365 679 89 26 stated
1467 680 60 25 that
1541 678 32 25 he
1590 675 94 30 would,
1698 683 28 16 as
1740 682 62 16 soon

1244 724 27 16 as
1286 715 45 26 the
1353 715 111 37 railway
1487 725 52 18 was
1560 711 157 37 completed,
1732 720 52 19 com-

1244 761 88 17 mence
1346 753 45 25 the
1404 755 114 24 erection
1537 753 27 25 of
1585 751 118 32 freezing
1717 750 83 24 works

1242 790 28 22 to
1284 788 85 26 freeze
1382 790 103 26 rabbits
1496 790 52 25 and
1559 790 112 25 mutton,
1683 786 50 25 aud
1745 785 55 26 also

1242 825 28 25 of
1279 835 15 16 a
1305 826 193 33 boiling-down
1508 824 204 29 establishment
1745 821 55 27 The

1241 862 77 26 other
1339 863 52 35 day
1416 863 13 25 I
1454 862 165 27 understand
1644 861 59 26 that
1725 859 76 27 2.000

1242 899 67 26 culls
1342 910 65 16 were
1431 900 174 34 slaughtered
1630 898 52 26 and
1713 896 86 27 boiled

1242 936 78 26 down
1341 946 32 17 on
1398 937 94 27 Teviot
1517 938 106 29 station,
1638 934 86 27 which
1738 942 61 27 goes

1243 976 26 23 to
1282 974 73 27 show
1374 975 61 27 that
1447 976 75 26 there
1544 984 44 17 are
1601 973 68 36 good
1682 971 117 36 grounds

1242 1011 42 25 for
1296 1013 64 24 such
1374 1022 16 15 a
1405 1015 150 22 statement.

1280 1047 105 36 Mining
1398 1049 21 26 is
1434 1052 91 30 pretty
1538 1047 73 27 brisk
1629 1048 27 25 in
1670 1047 54 26 this
1746 1046 40 26 dis-

1244 1085 70 27 trict,
1329 1085 144 35 especially
1486 1085 28 25 in
1532 1085 133 34 dredging
1675 1094 5 16 :
1702 1082 98 27 Messrs

1244 1120 109 37 Pringle
1375 1122 52 27 and
1452 1124 78 33 party
1549 1122 52 26 and
1628 1120 100 27 Bennet
1749 1119 52 27 and

1245 1162 77 32 party
1332 1169 43 16 are
1387 1160 97 33 raking
1494 1159 26 26 in
1527 1159 45 26 the
1583 1159 118 34 precious
1712 1157 87 26 metal.

1244 1196 57 26 The
1314 1196 102 26 Golden
1438 1196 121 25 Treasure
1572 1195 47 26 has
1642 1195 66 25 been
1722 1193 81 31 doing

1245 1242 63 26 very
1334 1233 66 30 well,
1427 1232 51 26 and
1503 1242 28 16 so
1554 1232 46 26 has
1626 1231 46 27 the
1698 1230 104 26 Ettrick

1245 1270 107 33 dredge.
1390 1270 55 26 The
1459 1270 103 26 Golden
1573 1269 67 26 Gate
1654 1268 22 26 is
1690 1267 96 34 uphold-

1246 1307 46 31 ing
1305 1307 48 26 her
1369 1316 84 20 name,
1468 1306 52 26 and
1534 1306 45 26 the
1602 1305 87 34 Otago
1708 1303 95 30 dredge

1245 1344 47 25 has
1322 1353 57 16 won
1408 1343 103 34 enough
1535 1343 64 33 gold
1623 1343 84 33 lately
1725 1344 28 22 to
1772 1341 31 25 be

1246 1381 135 35 regularly
1393 1381 101 34 paying
1503 1379 142 26 dividends
1656 1388 64 16 now.
1757 1376 46 26 Ihe

1246 1418 101 24 Golden
1363 1418 78 28 Lead,
1456 1418 26 24 in
1496 1416 47 25 the
1556 1416 94 33 Gorge,
1675 1415 22 25 is
1716 1414 87 25 stated

1247 1458 45 23 not
1304 1457 28 23 to
1358 1454 30 27 be
1414 1454 79 30 doin?
1517 1461 65 27 very
1607 1452 59 26 well
1713 1450 90 34 Laffey

1246 1493 52 25 and
1313 1494 80 34 party
1415 1492 93 25 intend
1532 1494 28 22 to
1579 1493 49 32 put
1654 1493 51 22 two
1731 1490 72 32 large

1246 1529 114 27 dredges
1383 1539 33 16 on
1446 1528 72 26 their
1547 1528 78 25 claim
1650 1529 29 23 at
1701 1526 102 26 Millers

1247 1566 67 31 Flat,
1329 1567 52 25 and
1395 1568 26 25 in
1437 1576 14 16 a
1465 1566 74 26 short
1551 1565 65 26 time
1630 1564 45 26 the
1689 1563 97 31 Bender-

1245 1605 68 27 burn
1338 1604 139 36 Dredging
1501 1602 43 27 Co.
1566 1602 55 28 will
1646 1603 33 25 be
1701 1603 28 26 in
1752 1600 50 27 full

1245 1643 174 33 swing—Mr
1451 1643 55 24 lorn
1530 1641 56 27 Bell
1612 1641 48 26 has
1682 1641 57 26 so'd
1762 1638 41 26 his

1244 1680 104 31 mining
1374 1682 127 32 property
1525 1682 28 22 at
1582 1678 46 26 the
1654 1676 149 27 Horseshoe

1249 1717 71 27 Bend
1335 1719 27 24 to
1375 1728 15 15 a
1406 1717 41 26 Mr
1458 1715 159 34 Peckersgill
1632 1714 42 28 for
1687 1715 79 28 £450.

1272 1822 154 43 Terrible
1454 1822 158 43 Disaster
1635 1825 35 40 at
1694 1819 76 44 Sea.

1354 1910 140 22 INHUMAN
1510 1909 178 23 TREATMENT.

1232 1974 1 36 j
1268 1977 101 22 Probably
1387 1985 40 13 one
1443 1977 21 21 of
1482 1978 36 19 the
1533 1978 54 19 most
1603 1975 129 22 remarkable
1747 1977 52 20 tales

1232 2003 1 28 i
1242 2005 22 20 of
1286 2006 113 25 nhipwreck
1414 2004 40 21 and
1473 2005 114 20 adventure
1606 2003 96 22 narrated
1727 2004 72 21 within

1242 2035 69 18 recent
1319 2039 59 19 year*
1389 2040 40 13 was
1443 2032 46 21 th»t
1500 2032 42 21 told
1553 2039 26 14 on
1585 2032 52 26 July
1646 2031 13 22 9
1671 2034 21 18 to
1700 2031 97 22 Reuter'*

1243 2060 159 26 rtpr*»entative
1425 2063 23 18 at
1465 2060 110 25 Liverpool
1594 2060 26 25 by
1646 2059 44 21 Mra
1709 2059 89 21 Andrew

1242 2088 95 26 Christie,
1358 2088 71 21 widow
1450 2088 22 21 of
1490 2087 88 27 Captain
1602 2086 97 28 Christie,
1723 2086 22 22 of
1764 2086 35 23 th«

1243 2116 90 21 wrecked
1360 2116 46 27 ship
1430 2116 112 20 Traveller.
1571 2116 42 20 Mrs
1631 2115 97 26 Christie,
1749 2114 46 21 who

1241 2143 99 26 belonged
1358 2145 22 18 to
1400 2142 114 28 Liverpool,
1535 2142 122 22 underwent
1676 2142 62 26 perils
1756 2142 41 22 and

1242 2171 107 25 hardships
1363 2171 21 21 in
1402 2177 101 19 company
1524 2170 49 21 with
1592 2170 60 21 other
1662 2171 103 20 survivors
1775 2170 21 21 of

1241 2199 35 20 the
1304 2205 52 14 crew
1375 2199 46 20 thai
1448 2205 51 13 were
1518 2198 74 21 almost
1612 2197 80 26 beyond
1716 2197 77 22 human

1241 2226 102 21 enduranc
1350 2235 12 13 ••
1390 2226 60 21 From
1460 2227 35 19 her
1505 2227 112 19 statement
1627 2225 18 21 it
1653 2232 86 19 appears
1749 2225 47 21 that

1241 2253 35 21 the
1294 2253 46 26 ship
1359 2253 105 21 Traveller
1482 2253 50 21 with
1547 2259 12 14 a
1574 2259 59 19 cargo
1647 2253 22 21 of
1685 2259 61 20 augar
1755 2258 41 16 was

1240 2281 58 26 going
1314 2281 52 21 from
1384 2281 54 21 Java
1454 2284 22 17 to
1486 2281 106 20 Delawere
1603 2281 136 26 Breakwater,
1749 2281 42 21 and

1239 2309 74 20 almost
1332 2316 22 13 as
1373 2316 49 13 soon
1439 2316 21 12 as
1479 2309 36 19 the
1525 2309 64 19 vessel
1601 2307 38 21 left
1653 2309 58 20 fever
1723 2308 22 20 of
1754 2308 35 21 the

1239 2335 60 21 usual
1307 2335 53 20 Java
1370 2337 49 24 type
1429 2335 63 20 broke
1504 2340 43 20 our,
1558 2335 41 21 and
1613 2335 41 19 this
1667 2335 73 25 spread
1749 2335 40 25 day

1239 2362 54 21 after
1301 2361 40 28 day
1351 2362 54 21 until
1421 2368 99 19 everyone
1539 2368 25 14 on
1575 2361 62 22 hoard
1648 2361 35 21 the
1692 2361 46 27 ship
1749 2368 40 14 was

1238 2389 88 22 affected
1334 2389 48 21 with
1392 2389 37 21 the
1434 2388 89 27 malady,
1533 2389 105 26 including
1648 2389 43 21 Mrs
1699 2389 91 21 Christie

1239 2417 76 21 herself
1331 2417 41 21 and
1387 2423 51 15 even
1456 2417 36 21 her
1511 2417 52 26 baby
1582 2417 38 26 boy
1638 2416 64 21 about
1721 2416 70 22 eleven

1239 2444 82 21 months
1331 2444 41 22 old.
1401 2444 67 21 Death
1478 2443 55 22 after
1542 2444 63 21 death
1617 2445 47 20 took
1676 2444 63 27 place,
1748 2443 41 22 and

1239 2472 35 21 the
1286 2471 79 22 victims
1374 2478 51 14 were
1435 2478 38 14 one
1482 2471 53 21 after
1545 2471 87 21 another
1639 2471 72 22 buried
1718 2475 22 17 at
1747 2479 42 13 sea.

1238 2500 45 21 One
1298 2499 22 22 of
1335 2499 35 21 the
1379 2505 54 20 men,
1452 2505 12 14 a
1474 2499 126 24 Dutchman,
1618 2499 60 22 while
1692 2499 97 22 delirious

1239 2526 50 21 with
1307 2527 36 20 the
1360 2526 64 26 fever,
1432 2526 86 26 jumped
1528 2526 44 21 into
1581 2526 36 21 the
1626 2533 33 14 sea
1669 2526 40 21 and
1725 2526 67 21 ended

1239 2554 31 20 his
1287 2554 42 21 life.
1356 2554 43 20 The
1413 2553 55 21 chief
1486 2554 68 20 officer
1572 2554 22 20 of
1607 2554 36 20 the
1652 2554 47 26 ship
1709 2554 47 21 died
1765 2561 27 13 ou

1239 2581 112 21 December
1368 2581 31 26 14,
1415 2581 41 20 and
1472 2588 27 14 on
1519 2581 35 20 the
1564 2580 50 22 28th
1626 2581 41 21 Mrs
1685 2581 107 21 Christie's

1238 2608 92 22 husband
1347 2608 131 23 succumbed.
1504 2608 50 21 This
1572 2611 43 19 cast
1633 2616 12 13 a
1653 2608 67 27 gloom
1740 2615 49 14 over

1239 2636 35 21 the
1296 2636 55 26 ship.
1377 2637 61 20 Some
1463 2636 22 21 of
1501 2636 36 21 the
1552 2642 46 15 men
1613 2636 74 26 gained
1706 2643 12 14 a
1737 2636 55 21 little

1237 2664 101 26 strength,
1358 2662 38 23 but
1410 2662 69 23 others
1488 2663 33 20 die
1528 2664 14 22 I,
1560 2663 54 22 until
1624 2663 36 21 the
1676 2663 63 22 death
1754 2662 37 22 roll

1237 2691 112 22 amounted
1359 2694 22 17 to
1389 2690 78 23 eleven.
1494 2691 49 22 This
1553 2690 38 22 left
1601 2693 34 19 ten
1646 2698 46 14 men
1706 2693 22 18 to
1742 2698 47 14 man

1238 2719 36 20 the
1291 2718 53 26 ship,
1366 2718 51 21 with
1436 2718 36 21 the
1490 2718 72 21 second
1572 2721 62 23 mate,
1653 2719 28 20 vtr
1695 2719 70 25 Bitch,
1779 2725 12 14 a

1238 2746 106 26 Liverpool
1355 2752 54 20 man,
1420 2745 20 21 in
1451 2745 79 26 charge.
1561 2746 33 20 Mr
1603 2745 63 22 Ritch.
1674 2745 85 22 decided
1769 2748 22 18 to

1238 2773 57 21 make
1305 2773 32 21 for
1348 2773 108 21 Mauritius
1466 2775 22 18 to
1497 2773 70 21 obtain
1580 2773 118 27 assistance,
1725 2773 63 23 Later

1236 2807 34 19 on,
1289 2804 22 16 at
1330 2807 12 13 a
1351 2801 49 20 time
1412 2800 57 21 when
1480 2800 26 20 he
1525 2801 40 20 had
1579 2801 39 20 but
1628 2803 41 18 two
1686 2807 47 15 men
1749 2800 40 22 and

1237 2827 82 21 himself
1344 2830 21 18 to
1384 2827 55 21 work
1465 2827 36 21 the
1530 2828 52 26 ship,
1610 2828 26 21 he
1662 2828 129 27 approached

1239 2855 110 24 Uodrigues
1368 2855 77 19 Islaud.
1477 2855 56 20 With
1554 2855 112 21 wonderful
1680 2856 48 20 skill
1738 2857 50 24 they

1237 2881 88 25 brought
1342 2886 29 20 up
1380 2881 54 20 their
1443 2880 47 26 *bip
1500 2881 30 21 off
1547 2881 36 20 the
1592 2881 78 26 Island,
1690 2881 40 21 and
1740 2881 49 21 then

1236 2907 91 26 dropped
1336 2907 82 21 anchor.
1446 2907 56 25 They
1514 2907 88 26 thought
1611 2908 47 20 that
1667 2908 50 26 they
1725 2908 59 21 could
1799 2907 1 27 i

1236 2937 35 21 get
1279 2935 108 19 assistance
1405 2933 40 21 and
1465 2933 99 21 medicine
1573 2935 55 28 here,
1646 2934 40 21 aod
1706 2935 47 20 that
1762 2942 12 13 a
1784 2935 6 19 1

1236 2963 77 24 danger
1324 2968 39 13 was
1377 2964 52 23 past.
1457 2961 44 21 The
1511 2965 112 17 treatment
1632 2961 49 26 they
1687 2962 99 23 received,

1238 2988 100 27 however,
1358 2989 40 20 Mrs
1417 2988 89 24 Christie
1523 2989 105 21 described
1643 2996 22 14 a*
1683 2990 36 20 the
1737 2996 49 14 mo«

1238 3015 126 23 remarkable
1383 3015 41 23 aud
1442 3016 107 27 inhuman,
1565 3016 41 22 and
1625 3024 41 14 was
1690 3017 98 22 rendered
1799 3012 1 35 j

1237 3045 75 24 doubly
1325 3052 21 11 so
1363 3044 21 20 in
1401 3045 51 19 view
1463 3044 22 20 of
1494 3044 36 20 the
1542 3046 101 25 prostrate
1653 3045 105 21 condition
1769 3046 20 17 of
1799 3044 1 29 ]

1238 3071 34 19 the
1287 3071 110 20 survivors.
1427 3071 113 25 Rodngues
1559 3071 69 21 Island
1650 3072 17 20 is
1684 3072 104 20 inhabit*!

1238 3097 74 26 mostly
1323 3097 25 24 by
1370 3097 78 21 French
1460 3097 89 24 Creoles,
1577 3098 43 21 The
1629 3098 106 21 Governor
1749 3099 38 19 and
1799 3097 1 33 j

1236 3125 78 25 doctor,
1342 3125 101 26 however,
1470 3132 34 14 are
1528 3125 70 28 white,
1626 3126 41 22 aud
1689 3125 98 24 although
1799 3125 1 28 i

1238 3153 85 26 French,
1333 3153 60 21 could
1403 3153 62 26 speak
1478 3153 92 27 English.
1596 3154 43 21 The
1654 3154 52 27 pilot
1718 3154 22 21 uf
1754 3155 35 19 the
1799 3153 1 30 ]

1237 3181 56 26 place
1302 3187 57 14 came
1368 3181 30 20 off
1406 3181 21 20 in
1438 3181 30 20 his
1479 3181 54 26 boat,
1543 3181 39 21 but
1591 3182 59 21 when
1660 3182 25 21 he
1694 3181 62 21 heard
1767 3182 22 19 of
1799 3181 1 26 \

1237 3208 36 20 the
1291 3208 95 23 aickues*,
1407 3208 65 20 which
1490 3215 40 13 was
1545 3208 108 28 explained
1668 3212 22 17 to
1709 3210 42 19 him
1768 3217 21 10 **
1799 3208 1 28 ■

1237 3236 35 20 the
1287 3234 59 23 usual
1362 3234 54 22 Java
1432 3234 56 28 kind,
1499 3235 26 21 he
1542 3236 67 22 would
1626 3238 36 19 not
1677 3236 62 21 board
1754 3236 35 21 the

1236 3263 111 25 Traveller,
1367 3262 38 21 but
1418 3264 97 20 returned
1525 3265 22 18 to
1563 3264 36 21 the
1608 3264 67 23 shore,
1694 3264 40 21 and
1751 3264 36 21 the

1237 3292 70 24 report
1325 3297 40 13 was
1382 3290 71 26 spread
1472 3290 47 21 that
1534 3290 36 21 the
1585 3292 63 21 vessel
1664 3291 41 22 had
1716 3291 73 27 yellow

1236 3318 57 20 fever
1318 3324 27 15 on
1364 3317 68 24 Iward,
1459 3318 44 21 The
1520 3318 89 28 helpless
1628 3320 72 26 people
1714 3318 74 22 waited

1237 3345 53 21 hour
1308 3345 54 20 after
1380 3346 52 21 hour
1441 3344 32 23 for
1490 3346 116 26 assistance,
1622 3347 37 21 but
1666 3354 52 14 none
1725 3353 63 19 came,

1237 3372 47 24 and,
1300 3372 78 26 fearing
1397 3373 45 19 that
1452 3372 53 21 their
1526 3374 63 20 vessel
1600 3374 66 20 would
1684 3381 25 19 go
1718 3374 71 20 ashore

1238 3407 40 18 any
1297 3399 86 26 minute,
1400 3399 32 20 Mr
1442 3399 62 23 Hitch
1514 3400 84 22 decided
1608 3404 22 17 to
1639 3401 47 21 take
1700 3400 32 22 his
1737 3407 52 14 crew

1238 3433 25 14 on
1272 3426 67 23 shore.
1366 3428 19 20 A
1396 3426 48 21 boat
1454 3434 39 13 was
1508 3428 108 27 launched,
1626 3429 40 19 and
1677 3428 32 21 Mr
1723 3428 61 20 Ritch

1238 3454 40 20 and
1286 3454 35 20 the
1327 3454 128 21 convalscent
1461 3461 81 14 soanien
1549 3455 86 21 lowered
1645 3455 40 21 Mrs
1690 3455 97 26 Christie,

1237 3481 37 20 her
1288 3481 57 27 baby,
1365 3481 40 20 and
1424 3483 36 18 the
1476 3482 61 20 other
1551 3483 43 19 sick
1607 3483 101 20 member*
1719 3482 23 20 of
1750 3481 36 21 the

1237 3514 52 14 crew
1308 3507 43 21 into
1361 3508 23 21 it.
1411 3508 30 21 As
1459 3508 50 26 they
1527 3509 128 26 approached
1674 3509 36 22 the
1729 3508 58 21 shore

1238 3534 34 21 the
1285 3534 105 22 Governor
1399 3535 39 21 and
1455 3542 12 14 a
1483 3536 87 22 number
1583 3536 22 22 of
1623 3536 71 22 other*
1712 3535 77 23 rushed

1236 3563 59 20 down
1313 3565 22 17 to
1353 3564 35 19 tbe
1408 3563 78 21 water's
1502 3565 50 26 edg*
1566 3564 40 22 and
1623 3563 121 22 threateued
1761 3565 23 19 to

1236 3590 60 20 shoot
1310 3589 35 23 the
1363 3590 139 25 shipwrecked
1516 3591 73 26 people
1603 3591 17 21 if
1639 3592 50 26 they
1704 3591 80 21 landed.

1239 3617 30 19 Mr
1285 3617 59 21 Ritch
1354 3617 61 21 asked
1424 3617 55 21 them
1489 3617 17 23 if
1516 3618 48 26 they
1576 3625 52 14 were
1637 3618 114 22 Christians
1764 3624 20 14 io

1237 3648 20 16 to
1268 3647 53 17 treat
1331 3643 71 26 people
1417 3644 21 20 in
1452 3645 49 20 such
1512 3652 12 13 a
1533 3652 90 16 manner.
1650 3645 38 21 His
1697 3652 54 18 men,
1762 3645 25 20 he

1237 3671 49 26 said,
1295 3671 38 21 had
1341 3674 36 18 not
1384 3672 34 20 the
1425 3672 94 26 strength
1527 3675 22 18 to
1554 3672 45 27 pull
1606 3672 50 23 back
1663 3676 20 18 to
1690 3674 36 20 the
1732 3672 53 27 »l:ip,

1236 3699 39 21 and
1290 3699 15 21 if
1321 3698 49 23 thev
1385 3701 35 24 got
1431 3699 58 21 there
1496 3701 48 25 they
1552 3701 67 22 would
1632 3701 27 21 all
1667 3707 48 20 very
1723 3700 63 27 lilcdy

1237 3727 23 18 be
1279 3726 101 20 drowned.
1410 3727 31 19 Mr
1464 3727 62 20 Ritch
1545 3728 63 20 asked
1626 3728 55 20 them
1700 3730 22 17 to
1740 3727 46 25 giv«

1236 3753 42 19 him
1300 3752 108 20 assistance
1427 3756 20 16 to
1466 3754 48 18 tike
1532 3753 31 20 his
1580 3755 65 19 vessel
1668 3756 38 18 out
1722 3753 22 20 of
1759 3753 27 20 ir.s

1236 3779 111 24 dangerous
1370 3778 94 27 position,
1488 3779 40 23 aud
1543 3783 21 18 to
1581 3781 45 25 give
1643 3787 85 15 succour
1745 3780 41 21 and

1237 3807 97 20 medicine
1349 3806 30 20 for
1387 3806 31 21 his
1431 3807 42 21 sick
1483 3814 58 15 crew.
1569 3807 61 22 Their
1646 3809 82 26 appeals
1740 3812 43 17 met

1238 3835 47 19 with
1296 3840 25 14 no
1331 3840 100 20 response,
1441 3835 38 20 aud
1491 3835 32 20 for
1532 3835 42 21 fear
1591 3836 21 20 of
1623 3836 58 25 being
1690 3836 50 20 fired
1759 3843 26 14 on

1237 3862 34 18 the
1282 3867 48 18 poor
1345 3861 70 24 people
1427 3862 38 19 avl
1476 3866 21 15 to
1512 3868 40 13 row
1570 3863 49 20 hack
1629 3866 21 16 to
1664 3863 54 19 their
1730 3864 52 24 ship.

1238 3888 53 20 Here
1300 3887 50 26 they
1366 3887 79 21 arrived
1462 3895 54 14 more
1534 3889 51 22 dead
1603 3889 50 22 than
1668 3889 60 27 alive,
1745 3889 40 22 and

1236 3916 47 25 oidy
1293 3917 35 24 got
1338 3922 25 14 on
1382 3915 61 22 board
1454 3916 34 21 the
1497 3916 104 21 Traveller
1615 3916 57 27 again
1685 3917 48 21 with
1750 3918 35 20 tho

1236 3946 77 17 utmost
1319 3942 106 23 difficulty.
1453 3944 42 19 The
1504 3944 38 20 last
1551 3944 21 21 of
1582 3944 54 21 their
1643 3946 87 20 number
1740 3945 39 20 had

1236 3970 87 21 scarcely
1340 3970 81 26 quitted
1439 3970 36 20 the
1490 3971 59 20 small
1565 3970 48 23 boat
1632 3972 57 21 when
1711 3972 16 20 it
1747 3979 39 13 was

1236 3997 76 22 carried
1322 4004 56 20 away
1388 3998 38 20 and
1439 3998 46 22 lost.
1514 3998 32 21 No
1562 4000 109 20 assistance
1686 4006 39 15 was

1238 4031 20 14 to
1269 4028 33 17 the
1313 4026 45 24 ship
1368 4026 66 19 either
1444 4033 20 12 in
1474 4027 35 18 the
1519 4029 62 22 shape
1594 4028 21 18 of
1626 4034 12 12 a
1648 4028 71 19 doctor
1732 4035 23 13 or
1765 4028 21 21 of

1237 4052 63 20 hands
1321 4055 20 16 to
1356 4058 47 13 mail
1420 4052 35 19 the
1471 4052 71 26 vessel,
1558 4052 39 21 and
1615 4053 47 20 that
1678 4054 57 24 night
1750 4054 35 21 the

1236 4078 104 22 Traveller
1362 4085 39 13 was
1424 4078 78 22 carried
1524 4086 25 14 on
1574 4082 22 18 to
1618 4080 35 21 the
1676 4080 51 22 reefs
1745 4082 39 20 aud

1238 4106 99 22 wrecked.
1364 4106 133 27 Fortunately
1509 4108 35 19 she
1553 4108 35 21 did
1603 4111 36 18 not
1648 4115 24 19 go
1686 4111 21 18 to
1718 4109 63 23 pieces

1238 4135 56 24 then,
1305 4141 23 13 or
1338 4140 60 18 every
1414 4134 44 20 soul
1476 4142 25 13 on
1516 4135 61 20 board
1592 4136 66 20 would
1673 4136 52 20 have
1736 4139 48 18 lieen

1238 4168 19 13 in
1267 4155 27 26 aii
1305 4160 121 26 probability
1436 4161 47 20 lost.
1511 4162 87 22 Finding
1607 4163 46 19 that
1669 4170 9 13 s
1687 4164 97 24 >m-jthiug

1238 4192 54 17 must
1302 4194 43 15 now
1357 4188 23 20 be
1394 4188 59 26 done,
1469 4188 34 21 the
1514 4188 111 27 Kodrigues
1637 4190 70 26 people
1718 4193 45 19 sent
1773 4198 11 13 a

1239 4219 47 18 boat
1300 4219 49 18 next
1359 4216 92 26 morning
1462 4216 49 21 with
1527 4223 12 14 a
1549 4217 57 26 pilot,
1622 4218 40 21 and
1679 4219 40 20 this
1739 4219 46 21 boat

1238 4245 47 20 look
1295 4244 30 20 off
1336 4244 41 20 Mrs
1385 4244 89 20 Christie
1483 4244 40 21 and
1533 4245 36 20 her
1584 4245 62 23 child,
1679 4246 27 20 tfr
1724 4247 60 21 Ritch

1239 4272 99 20 launched
1353 4272 36 20 the
1405 4271 62 27 ship's
1483 4273 35 19 life
1533 4272 53 26 boat,
1599 4274 36 20 but
1650 4281 21 13 as
1688 4274 30 21 his
1732 4282 51 14 crew

1239 4301 38 20 had
1288 4304 36 16 not
1332 4299 93 26 strength
1438 4300 78 25 enough
1528 4303 20 17 to
1559 4307 45 13 mun
1620 4302 16 19 it
1650 4308 55 15 some
1716 4303 67 21 black*

1240 4334 51 14 were
1305 4330 46 18 tent
1365 4327 52 21 from
1437 4329 35 21 the
1490 4328 64 21 shore,
1590 4328 33 23 Al'
1640 4329 22 21 of
1678 4330 34 21 the
1727 4330 43 26 ship-

1239 4355 89 21 wrecked
1345 4359 71 21 people
1436 4362 51 13 were
1504 4356 60 21 taken
1584 4361 21 15 to
1619 4363 12 13 a
1647 4357 51 20 sand
1717 4358 49 21 islan
1775 4359 6 18 I

1238 4383 66 18 where
1314 4382 56 19 there
1382 4388 38 12 was
1431 4388 24 12 do
1465 4382 131 23 inhabitants,
1612 4383 39 19 and
1668 4390 50 13 were
1735 4385 48 24 kept

1239 4409 56 20 tbeie
1314 4408 23 21 2'J
1356 4407 57 24 days.
1441 4408 56 27 They
1512 4409 53 21 lived
1583 4409 21 21 in
1624 4409 47 21 huts
1690 4410 57 21 male
1762 4411 21 19 of

1238 4437 72 24 leavtu,
1320 4435 41 22 and
1375 4436 31 20 for
1415 4436 63 21 about
1486 4436 58 21 three
1558 4437 64 20 weeks
1641 4437 39 23 had
1697 4439 85 25 nothing

1238 4465 37 20 but
1286 4463 66 21 leaves
1365 4468 22 15 to
1396 4463 26 21 lie
1431 4464 59 20 down
1500 4471 33 16 on.
1560 4467 27 17 So
1597 4464 42 21 fear
1650 4466 19 19 ul
1687 4472 22 13 w-
1716 4472 21 13 re
1747 4468 35 17 th-j

1236 4491 113 24 Rodrigues
1357 4492 70 23 people
1432 4491 21 19 of
1459 4494 81 17 contact
1548 4491 48 20 with
1603 4492 35 19 the
1644 4492 45 26 ship
1695 4493 87 20 wrecked

1236 4524 51 14 crew
1297 4518 46 19 that
1354 4518 34 19 the
1398 4517 47 20 food
1455 4518 48 23 they
1512 4523 46 15 sent
1570 4525 37 13 was
1615 4520 103 24 conveyed
1728 4520 52 19 from

1235 4553 38 13 one
1281 4546 58 19 small
1351 4545 45 19 boat
1413 4550 20 15 to
1443 4546 85 19 another
1537 4545 40 20 and
1587 4546 50 21 then
1649 4553 38 19 put
1703 4553 11 13 o
1725 4545 3 27 >
1747 4547 35 19 the

1237 4573 68 20 beach,
1333 4574 59 18 Some
1401 4573 73 24 blacks,
1486 4573 99 23 however,
1598 4580 50 13 weie
1658 4579 46 14 sent
1715 4581 20 12 >o
1746 4575 34 18 tin

1236 4600 64 21 island
1311 4603 20 16 to
1340 4600 49 19 cook
1401 4599 30 20 for
1441 4600 35 20 the
1486 4602 133 17 untoriuuate
1632 4601 71 25 people
1743 4600 38 21 I'lie

1235 4628 70 21 doctor
1327 4633 55 14 came
1404 4627 29 21 off
1455 4633 20 14 in
1497 4627 63 20 about
1582 4634 11 13 a
1614 4626 31 21 for
1657 4633 65 19 iiigiir.,
1744 4628 36 19 bat

1236 4654 101 21 remained
1352 4655 19 18 in
1381 4661 11 12 a
1402 4661 29 13 sin
1438 4655 22 18 ill
1471 4656 47 18 boat
1534 4661 60 18 many
1603 4654 60 26 yards
1680 4650 52 25 from
1745 4655 34 19 the

1236 4685 68 23 beach,
1326 4682 40 20 aud
1389 4682 107 21 examined
1519 4682 34 20 the
1571 4682 46 26 snip
1620 4682 91 21 wrecked
1728 4689 52 14 crew

1236 4709 87 25 through
1330 4717 11 11 a
1349 4708 43 24 pair
1399 4708 19 21 <>i
1426 4710 102 20 binocular
1533 4714 80 20 glasses.
1638 4709 43 21 Tue
1690 4717 31 12 mo
1734 4716 46 18 umg

1233 4738 53 19 after
1297 4739 34 17 the
1339 4736 72 25 wreck,
1420 4743 23 13 as
1450 4736 33 21 Mr
1492 4736 26 21 Ri
1528 4737 71 20 cliand
1612 4737 29 20 his
1651 4737 130 25 compmions

1236 4771 49 14 were
1297 4764 57 25 being
1363 4764 102 25 conveyed
1474 4769 20 15 to
1505 4766 34 19 the
1549 4764 71 26 island,
1636 4771 37 14 one
1682 4764 21 21 of
1714 4765 21 20 ..h
1751 4771 26 19 in,

1232 4800 13 11 a
1258 4792 129 24 Scoichimn,
1404 4791 53 24 died,
1477 4791 41 20 and
1530 4793 35 18 the
1585 4791 122 21 authorities
1723 4791 57 20 in-idj

1234 4819 35 21 the
1280 4818 67 20 blacks
1359 4823 46 15 take
1415 4818 42 21 him
1467 4819 49 19 hack
1528 4825 19 13 to
1559 4819 65 19 where
1636 4819 33 19 the
1679 4818 46 26 ship
1742 4825 38 13 was

1232 4849 71 18 ashore
1315 4852 20 14 to
1347 4846 49 26 bury
1405 4846 43 20 him
1460 4846 21 21 in
1493 4850 34 17 the
1541 4854 39 14 sea.
1610 4846 94 22 Another
1721 4846 56 22 sailo'
1777 4846 3 26 1

1234 4873 71 23 named
1315 4873 82 27 Filgiim
1405 4874 46 21 died
1461 4882 25 12 on
1499 4875 33 20 the
1541 4874 50 21 sand
1605 4874 49 20 islau
1664 4880 12 19 i,
1689 4875 40 20 and
1747 4874 31 20 Mr

1234 4903 59 19 liiich
1305 4901 39 21 hid
1361 4902 80 20 himself
1452 4905 20 17 to
1486 4902 33 25 dig
1532 4908 11 14 a
1559 4902 11 20 h
1580 4903 24 19 >le
1620 4901 41 21 and
1678 4903 50 24 bury
1746 4903 34 18 the

1234 4932 58 21 bod),
1321 4932 31 16 On
1374 4931 34 17 the
1426 4931 77 24 twenty
1522 4929 73 19 second
1612 4929 38 23 day
1668 4929 16 19 it
1701 4931 80 17 became

1234 4962 70 20 patent
1314 4959 21 17 to
1349 4957 58 19 tiuise
1417 4962 21 13 at
1451 4955 110 26 Uodiigues
1573 4955 67 21 Island
1653 4957 51 24 that,
1714 4962 21 12 as
1747 4955 33 20 the

1234 4990 94 15 nioonson
1341 4990 39 13 was
1389 4983 75 25 setting
1474 4984 28 25 in,
1511 4984 39 19 and
1570 4984 16 18 it
1605 4990 37 12 was
1655 4983 61 24 likely
1737 4983 43 19 that

1234 5014 33 17 the
1283 5011 64 21 island
1365 5010 66 22 would
1450 5013 21 18 be
1488 5010 84 21 covered
1591 5010 25 25 by
1634 5011 36 19 the
1692 5017 40 19 sea,
1756 5010 26 20 its

1233 5044 109 21 occupants
1361 5045 51 13 were
1430 5045 18 14 in
1468 5044 57 20 gieat
1542 5038 82 25 danger.
1652 5038 57 25 They
1729 5044 50 13 were

1235 5066 100 19 iiieiefoie
1345 5065 70 19 moved
1426 5071 20 13 to
1456 5065 117 26 Rod'igues,
1587 5061 36 23 but
1633 5065 53 19 tLeir
1697 5066 85 18 number

1234 5093 38 19 had
1282 5099 44 13 now
1338 5094 49 18 beeu
1398 5091 85 21 reduced
1495 5096 20 14 to
1525 5091 55 24 eight
1590 5091 20 19 of
1624 5092 34 18 the
1673 5097 52 13 crew
1740 5091 40 19 and

1234 5120 42 19 Mrs
1283 5119 88 21 L'brisiie
1377 5119 39 20 and
1424 5119 36 20 her
1465 5118 61 22 child,
1554 5119 32 20 Ou
1597 5117 112 26 Rodrigues
1717 5117 65 22 island

1234 5148 49 24 they
1298 5146 102 20 remained
1420 5152 40 14 two
1481 5145 89 25 mouths,
1586 5145 40 20 aud
1644 5145 74 26 during
1734 5146 45 20 that

1236 5178 47 14 time
1297 5179 52 13 were
1364 5172 44 19 well
1419 5172 85 21 treated.
1533 5172 60 19 After
1608 5172 40 19 this
1664 5172 47 25 they
1728 5175 54 16 went

1235 5204 20 17 to
1271 5200 115 25 Mauritius,
1405 5199 40 20 and
1461 5199 57 20 there
1533 5202 42 17 met
1592 5199 48 20 with
1655 5198 28 20 all
1695 5199 86 25 possible

1234 5228 101 19 attention
1349 5231 38 16 and
1405 5226 99 21 kindness.
1532 5227 36 19 Six
1583 5226 21 20 of
1620 5228 33 18 the
1667 5233 51 13 crew
1730 5233 52 14 were

1236 5255 86 24 brought
1337 5254 52 20 from
1399 5253 108 21 Mauritius
1518 5253 20 20 in
1549 5253 35 22 the
1595 5253 100 21 Warwick
1703 5253 77 24 Castle,

1234 5289 21 12 as
1274 5282 44 19 well
1341 5288 21 13 as
1381 5282 41 19 Mrs
1441 5280 88 21 Clnistie
1544 5280 41 20 ami
1603 5280 36 20 her
1655 5280 58 26 baby.
1740 5280 43 20 The

1237 5308 112 26 Uodrigues
1359 5308 98 19 islanders
1466 5307 84 20 allowed
1565 5307 33 20 ihe
1607 5313 59 20 caigo
1683 5307 70 21 salved
1762 5310 22 17 to

1236 5336 23 21 be
1274 5335 82 25 landed,
1373 5336 39 19 and
1424 5334 101 22 therefore
1540 5334 26 21 ill-
1575 5335 17 20 ir
1608 5334 91 22 aversion
1716 5339 21 16 to
1749 5334 35 21 the

1236 5365 140 24 shipwrecked
1401 5363 71 25 people
1488 5362 60 20 could
1572 5365 36 18 not
1631 5364 23 19 be
1669 5363 113 25 explained.

1236 5391 87 25 Captain
1337 5390 90 20 Chiutie
1444 5389 95 25 belonged
1550 5394 21 15 to
1589 5389 71 25 Walls,
1676 5388 106 24 Shetland,

1235 5417 39 20 awl
1291 5423 39 14 was
1345 5416 134 26 thirty-seven
1496 5422 58 20 yeais
1571 5416 22 21 of
1605 5423 41 19 age.
1675 5416 21 20 It
1711 5416 17 20 is
1742 5415 42 20 said

1236 5446 52 26 that,
1318 5444 38 21 had
1385 5451 41 19 any
1451 5444 108 21 assistance
1586 5444 48 20 beeu
1662 5443 67 27 fciven,
1749 5445 36 18 the

1235 5472 103 21 Traveller
1349 5475 65 17 would
1431 5472 52 20 have
1502 5472 49 19 beeu
1570 5472 67 21 saved.
1664 5471 43 22 The
1721 5471 65 22 under

1236 5504 78 16 wiiters
1326 5500 51 19 have
1387 5499 59 20 made
1456 5499 170 25 representations
1634 5499 20 20 in
1664 5498 36 21 the
1709 5503 76 17 matter

1235 5531 20 16 to
1266 5527 34 20 the
1311 5526 66 21 Home

1254 5757 93 37 (News
1359 5755 146 32 continued
1518 5766 34 19 on
1567 5755 198 39 fourth.page.)

151 96 167 47 Friday,
350 92 166 47 August
546 90 66 42 27,
650 86 106 42 1897

1801 83 197 39 MOUNT
2087 83 226 40 BERGEH
2399 80 144 39 MAIL.

1261 5614 48 21 You
1320 5614 51 21 have
1382 5613 71 22 ruined
1460 5620 53 21 your
1521 5613 133 22 constitution
1664 5613 123 27 sufficiently

1235 5641 26 29 by
1274 5642 96 27 driukiug
1385 5642 83 21 inferior
1483 5646 39 18 tea.
1550 5642 85 22 Recruit
1648 5641 28 27 by
1691 5641 96 27 drinking

1232 5671 49 26 only
1291 5671 65 22 Kozie
1367 5677 39 17 tea.
1434 5671 21 22 It
1463 5670 17 23 U
1486 5677 51 20 pure
1542 5671 40 22 and
1589 5670 182 23 reliable.—.Adrt.

1936 182 178 54 Record

1989 222 125 30 ECOKD
2203 217 103 32 EIGN.

1823 288 2 53 I
1939 305 99 28 enable
2064 305 47 27 the
2137 303 95 38 public
2257 304 28 25 to
2311 298 84 28 Dress

1822 336 3 40 I
1926 345 118 29 suitable
2055 348 28 24 to
2093 344 49 28 the
2152 341 136 35 occasion,
2300 339 14 28 I
2325 338 70 29 have

1951 394 184 32 REDUCED
2156 392 135 30 PRICES

1820 433 3 42 !
1839 439 29 28 of
1882 449 45 26 my
1940 438 78 35 large
2038 435 55 30 and
2107 434 94 30 varied
2215 433 95 35 t>tock,
2323 433 70 28 viz.:

1912 490 86 35 Suits,
2013 489 37 29 £3
2071 488 50 34 3s;
2142 486 141 34 Trousers,
2302 486 54 27 los.

1911 529 120 38 Factory
2048 546 10 5 -
2074 526 80 29 made
2196 526 85 34 Suits,
2321 526 50 27 21s
2385 535 7 25 ;

1988 572 140 30 Trousers,
2142 567 31 28 6s
2188 565 45 30 6d.

1818 598 2 23 |

1862 621 73 37 Ties,
1950 621 82 39 Caps,
2049 621 110 32 Braces,
2175 618 59 36 &c.,
2248 618 35 29 6d
2298 617 74 30 each.

1836 663 78 27 Hard
1930 662 55 27 and
2001 661 63 28 Soft
2079 661 61 27 Felt
2163 663 78 30 Hats,
2267 661 28 26 Is
2316 659 75 28 each.

1853 743 127 22 REDUCT
1994 743 43 21 *NS
2055 742 32 21 IN
2102 741 54 21 ALL
2170 740 97 22 OTHER
2279 739 89 22 LINES.

1930 806 39 43 E.
2018 806 42 41 A,
2111 803 184 51 HART,

1833 865 107 22 TAILOR
1965 866 17 20 k
2004 861 198 24 GENTLEMEN'S
2227 861 164 21 OUTFITTER.

1890 905 263 30 ScOTf.ANP-RTBBKT,
2175 901 162 28 ROXBURGH.

1835 1002 53 29 \f
1909 1002 26 28 R
1996 997 393 36 FINLAYSON,

1915 1051 161 24 BARRISTER
2092 1049 61 22 AND
2167 1049 156 25 SOLICITOR,

2030 1096 165 33 Lawrenck,

1834 1167 66 28 Will
1926 1164 98 30 attend
2050 1164 47 28 the
2116 1161 154 36 Roxburgh
2294 1160 93 30 Court.

1836 1319 100 38 Money
1946 1322 28 24 to
1984 1315 78 32 Lend
2071 1328 34 17 on
2117 1315 135 29 Freehold
2264 1314 125 38 Security

1837 1418 243 37 pHKISTMAS
2109 1417 23 26 &
2163 1415 88 27 NEW
2285 1415 106 27 YEAR

2006 1454 226 34 NOVELTIES.

1875 1500 138 37 (Suitable
2029 1500 43 27 for
2089 1497 104 35 Young
2206 1496 54 28 and
2276 1495 76 38 Old).

1947 1582 27 28 A
1987 1579 136 39 complete
2135 1576 107 40 display
2256 1576 30 30 of

1837 1622 130 31 FANCY
1997 1619 136 36 GOODS,
2168 1616 221 32 CHRISTMAS

1886 1662 136 34 CAKDS,
2061 1660 107 33 TOYS,
2209 1658 135 36 BOOKS,

1959 1699 237 34 MAGAZINES,
2216 1700 49 28 &c.

1836 1782 146 21 BARGAINS
2001 1780 40 22 ON
2058 1780 57 21 THE
2133 1778 138 21 SHILLING
2288 1776 99 23 TABLE.

1958 1846 160 30 Inspection
2138 1843 124 30 Invited.

1890 1936 56 58 F.
1992 1927 344 63 .lEFFKRY.

1839 2013 192 25 BOOKSELLER,
2044 2010 132 26 CHEMIST,
2191 2009 81 22 NEWS
2289 2008 97 22 AGENT

1998 2038 167 27 STATIONER,
2179 2039 38 21 kc.

1898 2077 141 30 TEVIOT
2068 2072 251 33 DISPENSARY.

1855 2186 108 60 Wi.L
1975 2185 47 31 LI
2035 2185 25 30 A
2070 2185 30 30 M
2144 2185 57 61 ]y£
2212 2180 170 37 ALONE,

1910 2339 173 39 General
2119 2337 172 43 Grocer,

1848 2483 501 37 SCOTLAND.STREET,
2392 2463 1 57 '

1988 2633 223 31 ROXBURGH.

1823 2745 216 54 HUGH
2114 2734 277 65 BRUCE,!

1914 2813 48 30 BO
1974 2812 140 29 VRDING
2147 2810 136 35 HOUSE,

1851 2865 79 26 \\'un
1933 2860 2 33 ,
1940 2873 144 18 KUAVKN-«'l
2087 2860 3 33 ,
2096 2872 72 18 !;Ki:f.
2195 2863 148 26 L.WVIJKVOK
2388 2860 3 33 J

1886 2911 144 36 (•.JjipuMte
2049 2909 113 33 ivigiisii
2177 2909 129 34 Cmircii.)

1832 2999 80 20 FIRST
1930 2998 85 21 CLASS
2040 2996 246 23 ACC»IMOD\TION
2309 2996 54 22 FOR

1907 3026 57 21 THE
1979 3026 184 21 TRAVaLUNW
2182 3025 108 23 PUULIU.

1865 3107 77 30 Good
1968 3107 130 30 St:»l»liti/
2124 3119 13 14 :i
2152 3105 4 32 :
2171 3106 5 29 I
2203 3105 125 30 i\iddoek

1971 3155 131 22 Aceomm
2115 3149 24 27 /d
2150 3158 15 17 u

1933 3229 138 30 -CHANGES
2093 3229 64 28 Mot)
2162 3238 13 18 K
2180 3237 82 20 KATE.-

2083 3394 97 30 FLAT
2237 3391 136 36 HOTEL,

1982 3547 122 22 MILLERS
2130 3545 78 22 FLAT.

1853 3811 32 30 P.
1908 3810 107 30 Lafvky

2166 3808 166 39 Proprietor.

1818 3967 253 31 DISSOLUTION
2102 3965 47 30 Ob'
2180 3963 188 32 I'AUTNEtt-

2045 4021 101 29 SHIP.

1811 4115 168 40 JOHNS
2034 4114 31 39 &
2115 4101 268 68 M'COMBE,j

1955 4172 157 28 MILL.KIIS
2133 4172 98 27 FLAT.

1822 4260 48 30 IT
1874 4262 26 28 A
1902 4260 65 30 VI.N
1974 4259 24 30 G
2012 4259 154 29 Purchased
2179 4259 46 28 the
2239 4259 36 27 B:i
2282 4259 17 27 si
2305 4268 60 17 noss
2380 4259 2 31 i

1909 4302 30 28 of
1964 4302 46 27 the
2037 4301 58 28 firm
2127 4301 29 26 (it
2187 4300 91 27 .Jon.vs
2311 4306 54 21 ASD
2380 4300 3 41 j

1815 4342 146 35 M'Combb,
1977 4342 21 27 it
2013 4342 53 27 will
2091 4342 33 26 bo
2148 4341 81 27 taken
2251 4349 66 18 over
2335 4349 30 18 as
2380 4341 2 36 ;

1812 4382 71 28 from
1898 4382 46 27 the
1963 4381 62 28 isth
2039 4381 64 31 iu.st,
2121 4381 54 25 and
2201 4379 50 27 will
2269 4380 96 26 hence-
2379 4379 3 33 !

2097 4406 5 6 '
2370 4406 3 11 t

1813 4421 117 29 forward
1959 4422 33 27 be
2018 4420 105 28 carried
2142 4429 33 18 on
2206 4419 88 28 under
2319 4419 65 31 fclieJk

1814 4472 78 18 name
1906 4462 29 28 of
1987 4462 28 27 14.

1848 4501 47 30 AH
1929 4506 131 23 accounts
2097 4501 92 35 owing
2222 4508 73 19 muse
2330 4498 53 27 be!

1811 4541 100 29 settled
1931 4549 28 20 at
1980 4551 76 18 once.

1963 4599 32 27 E.
2035 4596 97 30 JOH
2147 4595 71 35 NS,
2381 4586 3 56 j

1823 4650 116 21 GROCER
1953 4651 61 20 AND
2033 4650 135 22 GENERAL
2184 4648 166 22 MERCHANT,
2382 4644 2 45 j

2012 4715 154 21 AGENCIES;

1812 4754 175 30 Manchester
2001 4753 62 30 Fire
2078 4755 147 28 Insurance
2241 4753 47 30 Co.

1811 4795 157 28 Australian
1979 4794 105 27 Mutual
2095 4794 148 27 Provident
2253 4793 112 37 Society
2382 4793 2 37 !

1818 4901 124 55 WM.
1971 4899 131 54 KIN
2110 4899 251 66 ASTON,

1875 4986 241 47 Hermitage
2154 4986 144 43 Street,

1985 5047 25 26 II
2020 5057 15 16 O
2046 5056 17 17 X
2074 5056 14 20 hi
2100 5056 15 17 U
2126 5055 16 18 E
2152 5055 14 18 G
2180 5054 26 25 H,

1815 5107 236 37 carpenter,
2079 5106 172 31 builder
2273 5128 94 10 ....

1815 5181 6 7 .
1843 5182 6 6 .
1872 5182 6 6 .
1901 5182 6 6 .
1928 5158 165 29 PICTURE
2120 5158 168 35 FRAMER,
2311 5167 54 19 and

1958 5221 266 42 Undertaker,

1815 5318 109 28 Picture
1937 5317 170 39 Mouldings,
2121 5317 119 33 Glasses,
2260 5317 104 35 Paints,

1880 5358 55 28 and
1961 5358 228 38 Paperbcingings
2213 5360 30 26 of
2262 5359 35 28 all
2393 5358 2 38 f

1924 5398 182 39 descriptions
2119 5398 28 28 in
2165 5398 88 28 stock.

1815 5449 101 31 Orders
1930 5449 85 31 taken
2037 5450 44 29 for
2100 5451 99 38 supply
2213 5451 28 29 of
2255 5450 111 30 Timber

1956 5491 29 28 in
1998 5500 53 28 any
2065 5491 159 38 quantities.

1813 5573 89 33 W.K,
1916 5573 105 39 having
2040 5574 114 30 secured
2173 5586 16 18 a
2210 5573 156 31 First-class

1973 5639 235 48 HEARSE,
2290 5646 5 13 '

1813 5717 24 28 is
1852 5713 135 42 prepared
1999 5717 30 25 to
2047 5713 120 30 conduct
2187 5714 132 29 Funerals
2337 5713 28 28 in

1912 5754 38 30 all
1964 5757 75 35 parts
2052 5753 31 30 of
2096 5753 46 34 the
2149 5754 131 33 -district,.

2610 208 117 43 MARK
2760 207 93 43 THIS
2885 208 86 42 AND
3005 207 83 43 DOT
3121 205 37 44 IT
3191 204 166 45 HEAVILY-

2408 290 3 49 |
2441 297 18 26 A
2479 292 155 32 NOTHEtt
2654 295 94 29 Parcel
2768 296 30 28 of
2821 296 48 28 the
2888 296 108 28 famous
3048 295 138 29 Dislixum
3237 294 85 28 Dress
3339 291 133 33 Tweeds;
3489 290 56 37 jast

2431 335 12 14 *■
2514 335 143 35 received;
2669 336 47 28 the
2758 335 41 39 tip
2811 336 29 28 of
2852 336 48 28 the
2913 335 207 39 topstylish
3132 336 55 27 and
3202 343 65 28 very
3281 334 93 36 clieap.

2496 374 58 30 The
2568 374 193 37 Cant-bekort,
2775 375 172 39 Unrippable
2967 374 243 39 Shirting—Good
3224 374 44 29 for
3279 372 112 35 Youth;
3413 369 90 31 suited
3516 372 29 26 to

2423 413 156 38 Manhood;
2596 416 144 38 becoming
2748 416 43 29 for
2801 416 52 29 Old
2864 419 69 35 Age.
2960 415 68 29 Pick
3037 426 70 27 your
3118 416 114 28 Pattern
3240 413 54 29 and
3303 413 64 39 give
3378 421 68 28 your
3455 409 88 31 order.

2495 456 26 28 A
2532 466 59 18 new
2604 456 178 39 importation
2794 457 30 28 of
2838 457 136 28 Bleached
2988 456 137 28 Hollands
3135 456 61 38 just
3209 456 28 27 in
3249 466 7 23 ;
3276 452 129 40 splendid
3417 452 89 29 value.

2495 496 100 29 Velvet
2610 496 82 35 Cord,
2706 497 105 28 Beaver
2824 496 74 29 Cord
2911 496 54 29 and
2978 497 88 37 heavy
3081 496 123 29 Colonial
3217 494 99 30 Tweed
3329 494 44 28 for
3420 501 124 29 rompers

2422 533 30 30 of
2464 534 35 30 all
2513 536 271 38 standardsthey
2797 536 91 29 didn't
2901 536 48 29 fell
2961 536 79 29 down
3055 536 54 29 and
3123 541 59 24 tore
3196 535 30 29 it.

2495 576 85 39 Boy's
2594 577 99 29 Tweed
2708 577 121 38 'Varsity
2842 588 31 18 or
2887 577 99 29 School
3001 577 72 37 Caps
3089 576 107 38 (lined),
3212 575 36 30 6d
3262 574 76 30 each.

2496 616 182 39 Preparatorv
2692 621 29 26 to
2734 617 99 29 arrival
2848 618 29 29 of
2891 617 105 41 Spring
3008 618 56 29 and
3087 618 127 29 Summer
3227 615 93 30 Goods
3333 616 73 36 (now
3418 614 29 29 in
3461 613 84 41 port),

2421 666 74 19 some
2514 658 222 29 WONDROUS
2756 658 199 29 BARGAINS
2976 659 78 28 ARE
3073 656 216 30 DECLARED.

2577 779 122 21 MILLERS
2713 779 72 21 FLAT
2802 779 71 21 WILL
2887 780 35 20 BE
2935 780 115 20 VISITED
3061 780 40 20 ON
3116 779 114 21 AUGUST
3243 779 54 20 25th
3309 778 17 21 k
3340 778 62 20 26TH.
3420 781 6 17 :

2652 877 97 66 E.
2840 880 224 68 DIM:
3069 875 261 84 ANT,

2565 981 103 30 CASH
2690 981 162 36 DRAPER,
2874 981 203 37 CLOTHIBR,
3097 981 82 30 /iND
3199 979 209 31 IMPORTER.

2800 1032 69 29 Ross
2893 1032 95 36 Place,
3008 1033 164 28 Lawrence.

2934 1225 144 29 TAILOR
3107 1225 82 29 AND
3218 1225 164 29 HATTER.

2767 1306 26 53 J
2808 1306 42 21 AM
2863 1305 159 26 acknowledged
3037 1307 22 19 to
3073 1304 26 22 be
3111 1304 74 22 second
3198 1306 23 19 to
3234 1311 53 15 none
3300 1304 32 22 for

2806 1366 138 29 STYLE!

2952 1404 192 37 QUALITY!

3122 1442 315 32 WORKMANSHIP!

2941 1566 156 22 RESIDENTS
3122 1566 37 21 OF
3185 1564 187 23 ROXBURGH-

2765 1594 80 27 Kindly
2855 1595 113 21 remen.her
2982 1595 46 20 that
3037 1594 66 26 owing
3116 1595 22 19 to
3148 1601 34 20 my
3191 1594 99 20 immense
3299 1594 131 26 assoitment,
3440 1592 36 22 the
3484 1592 61 22 Show

2814 1623 20 23 iu
2845 1623 36 21 the
2893 1623 103 21 Windows
3006 1623 16 21 is
3032 1623 48 26 only
3089 1630 12 13 a
3111 1629 48 19 rery
3168 1621 60 21 small
3238 1624 46 24 part
3290 1620 21 22 of
3322 1628 33 20 my
3365 1621 128 22 Exhibition.

2815 1691 112 26 Intending
2935 1691 118 20 Customers
3063 1689 41 21 will
3115 1690 41 20 find
3165 1690 45 20 that
3220 1689 10 21 I
3240 1689 51 21 h*re
3302 1689 60 21 mad*
3369 1688 36 22 tho
3411 1689 65 21 insids
3482 1688 21 21 of
3509 1695 35 20 my

2763 1718 162 22 E<t*hlishmeut
2942 1719 106 26 esptcially
3068 1720 66 18 at'rac
3145 1717 40 26 i»e,
3202 1717 40 21 and
3259 1716 104 23 earnestly
3377 1716 66 22 invite
3459 1722 42 21 you
3522 1719 22 18 to

2764 1750 83 17 *xunter
2862 1746 88 26 through
2968 1747 35 19 the
3022 1746 80 20 various
3120 1745 146 26 Departments
3280 1744 40 22 and
3336 1744 83 27 luspext
3428 1744 36 22 tbe
3473 1744 72 22 Litest

2763 1773 106 22 Fashions.

2800 1841 185 30 OPPOSITE
3007 1839 109 32 BANK
3138 1839 48 29 OF
3207 1839 89 29 NEW
3315 1838 192 39 ZEALAND,

3087 1881 162 30 Lawrknck.

2586 2157 76 30 BEG
2688 2156 48 29 TO
2762 2154 217 31 ANNOUNCE
3001 2154 105 29 THAT
3131 2153 105 30 THEY
3261 2153 109 30 HAVE

2440 2234 451 58 PURCHASED
2927 2232 153 58 THE
3112 2230 401 58 GOODWILL

2707 2343 71 20 —OP
2801 2342 53 20 THE
2880 2331 193 32 BUSINESS
3099 2340 33 21 OF
3156 2340 91 19 THE—

2445 2516 139 39 Together
2598 2516 66 28 with
2678 2515 73 30 their
2774 2513 226 36 BUILDINGS,
3020 2512 90 30 which
3123 2512 54 30 will
3190 2512 162 31 henceforth
3365 2524 37 28 go
3416 2513 89 31 under

2884 2555 48 29 the
2946 2564 80 20 name
3039 2554 30 29 of

2411 2636 660 92 DALGETY'S
3107 2636 427 89 STORE.

2591 2844 96 28 Stores
2709 2853 47 19 are
2779 2846 130 33 amongst
2930 2843 48 29 the
3001 2842 119 37 Largest
3139 2841 56 29 and
3215 2842 221 39 Best-equipped
3449 2843 27 29 in
3491 2843 47 30 the

2406 2885 114 34 Pj]•»!!v,
2535 2884 52 28 and
2613 2893 51 17 nur
2686 2881 106 29 friends
2814 2892 63 27 may
2901 2881 139 30 therefore
3062 2881 58 37 rely
3142 2891 73 27 upon
3238 2881 73 29 their
3330 2883 208 38 consignments

2406 2927 83 36 being
2502 2935 94 18 biiuwu
2614 2930 27 21 to
2657 2922 47 29 the
2720 2922 61 29 best
2793 2921 159 38 advantage
2965 2921 80 29 when
3059 2920 120 39 exposed
3193 2920 43 29 for
3248 2919 65 33 sale.

2425 3073 117 29 Aunt-ion
2648 3072 30 27 of
2692 3069 180 38 Sheepskins,
2886 3070 193 35 Rabbitskins,
3093 3069 96 37 Hides,
3203 3069 113 36 Tallow,
3327 3069 61 38 &c.,
3400 3072 115 39 weekly.

2634 3219 77 30 Send
2735 3218 44 30 for
2803 3227 51 21 our
2880 3217 106 31 Advice
3007 3218 88 30 Notes
3120 3219 55 29 and
3200 3219 111 31 Labels.

2609 3354 97 49 Tq
2754 3350 211 65 Sheep
3027 3352 310 54 Qwaeirs;

2666 3827 38 30 IS
2730 3826 217 31 ANNUALLY
2974 3825 102 32 USED
3102 3821 107 33 UPON
3236 3821 25 31 A

2401 3905 352 65 QUARTER
2768 3921 37 23 oP
2816 3921 58 22 THE
2888 3901 239 60 SHEEP
3188 3918 59 23 THE
3272 3894 251 60 WORLD

2435 4022 59 29 1T.3
2517 4022 234 30 BENEFICIAL
2773 4021 168 30 EFFECTS
2961 4019 80 29 AND
3062 4017 164 30 LASTING
3249 4009 234 36 PROPERTIES

2802 4071 128 31 ALONE
2958 4069 110 30 MAKE
3094 4069 38 29 IT

2398 4134 153 54 THE
3023 4130 93 47 <>>'
3169 4128 130 55 VLL
3339 4122 186 57 DIPS.

2672 4245 70 20 PUOM

2886 4273 103 30 JOHN
3024 4271 211 37 iHOMPSON,
3260 4270 156 33 Lawrence,

2811 4327 60 29 And
2895 4327 70 29 from
2988 4326 34 29 all
3048 4325 86 29 Stock
3156 4324 56 30 and
3236 4323 108 30 Station
3368 4322 119 37 Agents.

2443 4405 174 47 Murray,
2647 4405 173 37 Roberts
2854 4403 79 37 and
2967 4402 87 43 Co.,
3088 4407 82 30 Chief
3195 4408 107 33 Agents
3323 4404 45 29 for
3391 4402 99 33 Otago.

2636 4930 12 13 /
2654 4930 8 14 /
2673 4930 5 16 \
2711 4930 19 16 »\
2742 4936 5 7 >

2626 4945 29 71 7
2676 4946 16 70 \
2713 4930 113 86 V\^

2845 4887 121 41 Wmm

2543 5114 64 55 IE
2698 5111 41 54 W
2740 5115 29 51 R
2800 5115 106 51 U'l
2932 5118 39 47 I-
3028 5110 381 59 BH'YCLES.

2399 5213 60 57 ST.
2473 5213 115 21 GEORGE
2604 5212 204 23 ENGINEERING
2822 5213 50 26 CO.,
2890 5213 99 25 LrMrrao,
3003 5219 33 14 are
3047 5212 34 19 r,he
3094 5211 77 21 Makers
3181 5211 22 20 of
3257 5211 47 25 only
3316 5210 80 26 Bicycle
3407 5212 113 26 possessing

2460 5242 20 19 iu
2491 5242 69 25 happy
2569 5242 137 19 combination
2720 5244 34 17 ciie
2765 5242 112 24 perfection
2888 5241 21 18 of
2916 5245 91 21 tnosequ
3014 5240 59 19 ilities
3082 5245 50 14 most
3139 5239 83 19 coveted
3230 5239 25 25 by
3264 5245 39 18 exp
3312 5245 9 11 •i
3407 5239 112 26 Cyclists—

2567 5273 224 30 STABILITY!
2871 5273 120 28 SPKISD
3007 5273 5 27 !
3091 5270 263 30 DURABILITY!

2443 5313 49 21 This
2502 5313 42 21 fact
2553 5313 36 21 has
2599 5313 81 21 become
2802 5312 114 28 recognised
2928 5313 19 19 in
2958 5311 103 27 Tuapeka,
3073 5311 39 20 and
3123 5313 19 18 in
3153 5317 139 21 consequence
3308 5310 9 20 I
3332 5317 33 14 am
3380 5310 55 28 daily
3445 5312 73 26 selling

2394 5341 56 21 thesti
2460 5341 22 21 M
2490 5341 75 21 iciiines
2576 5345 21 17 to
2608 5342 87 24 Cyclists
2706 5342 43 20 who
2760 5342 50 20 liav>i
2821 5341 48 20 bemi
2880 5340 141 27 disappoint*!
3034 5341 23 21 by
3068 5339 60 20 other
3139 5339 75 25 makes,
3226 5338 40 21 and
3278 5337 44 21 who
3436 5339 84 28 indeed,

2393 5369 33 20 for
2434 5376 33 14 me
2477 5376 21 12 to
2576 5370 57 19 them
2641 5377 25 12 an
2675 5370 111 19 allowance
2795 5369 29 19 for
2838 5369 52 19 their
2901 5368 104 20 discarded
3017 5371 83 16 mounts

2395 5407 54 36 As
2462 5407 91 35 Part
2567 5405 298 47 Paymentfora
2879 5404 286 45 Machinethey
3176 5414 78 25 can
3269 5404 168 45 Depend
3451 5415 66 26 on.

2448 5494 65 21 Those
2525 5493 43 20 wh«>
2578 5499 34 14 are
2622 5495 35 18 not
2671 5492 20 22 in
2701 5500 11 13 a
2723 5493 86 25 position
2821 5494 20 18 to
2851 5492 99 26 purchase
2960 5498 38 13 one
3007 5491 21 20 of
3038 5492 57 19 these
3104 5491 53 20 ideal
3167 5491 68 20 steeds
3245 5497 36 14 can
3290 5490 70 21 obtain
3372 5491 53 21 from
3438 5499 31 14 me

2513 5521 71 29 New
2605 5530 55 20 and
2687 5523 197 27 Second-hand
2912 5519 130 29 Bicycles
3065 5518 30 30 of
3117 5528 83 25 every
3222 5518 178 38 description.

2610 5575 687 90 CIIARLES~STOKES,

2550 5680 217 32 MERCHANT
2798 5680 151 35 TAILOR,
2974 5678 71 30 Ross
3077 5677 98 37 Place,
3200 5677 161 32 Lawrence.

2798 5731 96 38 Agent
2918 5731 44 29 for
2987 5729 140 38 Tuapeka.

2447 5774 122 27 6atalogies
2583 5779 26 15 oh
2624 5771 139 29 Application.
3035 5769 75 22 -When
3121 5769 101 28 Ordering
3235 5769 93 23 Meattioa
3343 5770 41 23 this
3398 5771 73 24 Paper.

3580 207 257 45 Speargrass
3870 205 91 39 Flat
3999 202 145 43 Hotel,.

3681 268 100 31 BALD
3804 268 93 31 HILL
3922 268 109 31 FLAT.

3575 350 92 21 JAME3
3678 349 153 22 FALCONER
3935 361 22 4 -
3982 346 144 24 Pbopbistor

3575 419 100 29 'FHE
3687 419 87 30 above
3788 419 86 29 Hotel
3886 418 56 29 will
3957 417 35 30 be
4006 416 89 30 found
4114 426 16 18 a

3657 463 74 25 most
3756 459 181 30 comfortable
3968 458 54 29 aud
4055 456 60 30 well-

3573 499 151 40 appointed
3737 500 95 29 House
3846 501 38 35 by
3908 499 153 29 Travellers
4072 497 59 29 and

3575 541 47 29 the
3633 539 95 41 public
3741 539 152 40 generally.
3932 539 120 30 Patrons
4066 547 64 28 may

3575 582 57 38 rely
3645 592 36 18 on
3695 590 82 28 every
3794 581 137 29 attention
3946 579 85 39 being
4044 578 85 40 given

3575 626 28 26 to
3614 622 72 30 their
3698 621 128 30 comfort.

3575 695 45 30 An
3633 694 159 31 Excellent
3805 694 89 29 Table
3907 694 119 31 Always
4040 692 89 30 Kept.

3637 769 73 38 Only
3726 769 46 29 the
3786 769 67 29 Best
3866 769 118 38 Liquors
3997 767 79 39 Kept

3782 809 29 29 in
3825 808 98 30 Stock.

3578 863 159 30 First-class
3751 863 139 38 Stabling,
3904 863 66 29 with
3988 861 101 30 Groom
4102 861 42 29 in*

3770 904 174 28 attendance.

3578 994 281 56 RAILWAY
3935 993 200 35 HOTOL,

3669 1061 68 22 ROSS
3755 1061 98 26 PLACE,
3874 1059 170 23 LAWRENCE.

3578 1128 110 37 John
3716 1127 149 45 LafFey,
3897 1125 235 47 Proprietor
4147 1139 5 6 •

3655 1186 79 37 (Late
3747 1185 30 29 of
3789 1185 144 29 Havelock
3947 1185 113 37 Hotel;).

3614 1265 62 30 J.L.
3691 1265 69 40 begs
3781 1268 29 27 to
3822 1265 127 29 intimate
3962 1264 61 30 that
4035 1264 35 31 he
4082 1265 51 29 has
4151 1264 1 41 ,

3577 1306 154 39 purchased
3762 1305 48 29 the
3841 1306 87 29 above
3954 1305 178 31 well-known
4147 1321 5 9 »

3577 1346 141 38 Hostelry,
3727 1346 55 28 and
3797 1346 94 37 hopes,
3900 1345 38 38 by
3947 1345 80 29 strict
4039 1349 95 25 atten-

3577 1386 57 28 tion
3648 1391 28 23 to
3688 1385 49 29 the
3745 1385 118 29 comfort
3871 1386 30 29 of
3912 1385 153 29 Travellers
4074 1385 56 29 and

3575 1425 48 27 the
3635 1425 94 37 public
3742 1423 149 39 generally,
3905 1428 29 25 to
3949 1429 72 23 meet
4032 1425 68 28 with
4113 1435 17 17 a

3575 1464 52 30 fair
3640 1463 80 31 share
3731 1464 30 30 of
3773 1468 160 36 patronage.

3611 1505 59 29 The
3693 1505 122 38 Railway
3837 1505 24 29 is
3883 1515 52 19 one
3948 1505 29 28 of
3990 1505 47 28 the
4050 1505 76 29 best-
4149 1505 3 38 .

3572 1545 150 38 appointed
3733 1544 99 30 Hotels
3841 1544 108 30 outside
3957 1544 29 29 of
3999 1544 128 30 Dunedin

3573 1585 97 31 Under
3682 1585 87 31 J.L.'s
3784 1588 202 37 management,
3996 1585 46 29 the
4050 1595 57 20 com-

3572 1627 57 29 fort
3641 1626 29 30 of
3678 1632 112 34 patrons
3800 1625 54 30 will
3864 1627 36 29 be
3910 1626 78 30 made
3999 1637 16 19 a
4025 1625 101 40 special
4148 1625 3 41 •

3571 1668 115 34 feature,
3700 1667 54 29 and
3768 1677 35 18 no
3816 1667 83 29 effort
3909 1666 54 30 will
3978 1666 35 28 be
4026 1666 100 39 spared
4147 1666 2 39 .

3571 1711 30 26 to
3613 1707 64 39 give
3690 1716 85 29 every
3787 1706 190 30 satisfactions

3571 1780 59 30 The
3641 1781 64 28 best
3717 1781 103 28 brands
3834 1781 30 28 of
3883 1780 107 36 Wines-,
4005 1780 121 39 .Spirits,
4142 1805 10 10 „

3607 1820 56 30 and
3677 1820 67 30 Ales
3756 1820 102 38 always
3876 1820 69 39 kept
3957 1820 28 28 in
3999 1820 89 29 stock.

3571 1894 129 40 Simpson
3712 1894 55 30 and
3782 1894 97 30 Hart's
3893 1894 66 30 Ales
3972 1894 102 40 always
4087 1905 36 19 on
4139 1915 8 5 -

3817 1935 69 40 Tap.

3570 2008 158 30 First-class
3739 2008 130 40 Stabling
3881 2008 245 31 Accommodation
4146 2008 3 40 ,

3576 2072 281 57 MASONIC
3900 2071 225 43 HOTEL*

3665 2133 67 23 ROSS
3745 2133 97 26 PLACE,
3857 2133 167 23 LAWRENCE.

3568 2201 35 31 R.
3623 2201 112 30 WEBB
3941 2202 180 30 Proprietor.
4138 2229 7 5 ,

3604 2282 59 32 The
3894 2282 102 32 affords
4017 2282 38 31 all
4072 2282 50 32 the
4140 2300 6 6 «

3567 2324 133 28 comforts
3711 2324 29 29 of
3752 2334 17 18 a
3781 2325 89 34 home,
3880 2324 57 29 and
3949 2324 23 28 is
3985 2324 133 37 provided
4135 2336 8 14 <.

3567 2362 68 30 with
3646 2362 49 30 the
3714 2373 68 29 very
3800 2363 63 30 best
3876 2362 245 31 Accommodation

3566 2402 45 30 for
3634 2402 162 31 Travellers.
3835 2403 157 30 First-olass
4024 2402 96 32 Table.
4137 2429 7 5 .

3567 2442 67 30 Best
3653 2442 97 32 Wines
3771 2444 55 30 and
3848 2444 101 40 Spirits
3970 2444 101 39 always
4090 2444 29 30 in

3566 2483 89 31 stook.

3687 2551 133 24 CHARGES
3838 2552 165 21 MODERATE.

3601 2605 59 32 The
3683 2606 159 41 Proprietor
3866 2606 102 31 wishes
3991 2610 29 27 to
4041 2607 99 31 draw-'

3566 2645 108 41 Special
3698 2648 136 29 attention
3858 2651 29 26 to
3914 2649 47 28 the
3987 2647 148 40 Stabling:

3565 2688 245 30 Accommodation
3828 2688 143 40 provided,
3984 2688 91 31 which
4093 2688 25 31 is

3565 2728 152 35 unlimited,
3731 2729 54 28 and
3798 2729 29 29 of
3840 2729 46 29 the
3900 2729 61 29 best
3975 2729 78 30 kind.

3573 2791 182 58 yICTO
3768 2792 52 30 RI
3834 2793 39 29 A.
3936 2792 203 32 HOTKk.

3653 2860 70 21 PEEL
3735 2860 111 26 STREET,
3863 2860 168 22 LAWRENCE.

3587 2949 170 38 Ronald
3785 2948 311 46 Montgomery*

3752 3006 179 31 Proprietor.

3562 3097 60 31 One
3643 3098 30 29 of
3693 3097 47 29 the
3761 3102 71 25 most
3857 3098 180 30 comfortable
4057 3100 57 29 and
4130 3124 5 8 ,

3587 3138 229 31 best-conducted
3830 3138 154 30 Hostelries
3994 3150 35 19 ou
4040 3140 47 31 the
4102 3168 5 6 ,

3709 3180 89 37 Otago
3812 3179 159 29 Goldfields.

3660 3270 57 22 HOT
3739 3270 61 22 AND
3821 3270 74 21 COLD
3914 3271 99 22 BATHS.
4032 3270 4 24 .

3585 3339 110 31 Sample
3715 3339 95 29 Rooms
3831 3348 50 20 for

3557 3420 166 39 Passengers
3731 3419 87 29 ealled
3825 3420 45 29 for
3878 3422 46 27 the
3933 3422 74 37 early
4015 3422 94 35 Train.

3562 3565 49 59 D
3669 3564 53 60 M
3722 3564 53 60 1
3806 3564 19 24 T
3857 3564 127 26 cfihj
4017 3565 25 27 L
4067 3565 23 27 h

3614 3708 69 25 THK
3731 3708 159 24 POPULAR

3736 3770 197 25 LAWUENCK.

3557 3852 20 18 .s
3591 3851 50 16 how
3659 3843 104 30 opening
3782 3850 30 22 up
3832 3840 39 25 bi»
3895 3840 62 25 Fir.-t
3980 3842 129 30 -Shipmene

3570 3886 24 25 of
3611 3886 65 25 SUM
3687 3885 67 24 VIEd
3770 3885 168 27 DilAPiiiiY,
3955 3885 134 27 coiuiatine

3568 3932 24 23 of
3600 3932 29 23 all
3642 3933 38 23 ih«
3690 3933 67 23 latest
3770 3930 117 25 no7«ltie*
3897 3937 33 16 .'or
3944 3932 38 22 the
3998 3931 86 30 •omiug

3636 3979 90 17 srasou.
3745 3970 47 24 and
3807 3976 76 24 pr'ces
3897 3973 22 19 to
3938 3973 87 20 n»avo.l»

3675 4010 91 24 iviilline
3780 4017 14 23 y
3809 4017 14 17 a
3846 4008 136 32 S^esUluy.

3660 4151 35 24 .8.
3751 4149 74 24 Viails
3862 4150 88 24 Millers
3980 4149 42 25 Fla
4071 4149 31 24 ni

3558 4188 127 32 noxburgh
3698 4194 72 25 every
3786 4188 35 24 six
3840 4187 84 25 weelu.

3582 4527 130 22 royal
3974 4524 44 23 K£R
4025 4519 113 28 Majesty

3568 4563 158 21 warrant
3987 4563 46 19 the
4043 4556 92 30 Queen.

3568 4601 68 27 AHOBY
3648 4601 87 28 SPECIAL
3741 4600 94 29 WARRAJiT
3840 4601 23 28 10
3868 4598 87 31 H.R.HM
3960 4596 94 32 PRINCEBF
4058 4596 85 32 WALES.

3782 5032 114 22 SMS.
3909 5032 4 22 ;
3956 5032 5 22 !

3853 5055 16 21 U;
3872 5050 44 25 sy&X
3921 5056 7 22 j
3949 5056 26 19 /•'**

3572 5637 175 43 TOTHILL,
3766 5641 176 44 WATSON,
4006 5645 66 40 CO.,

3644 5715 156 26 Ksk<.«treet.y
3809 5719 164 32 Invercargill,

3564 5759 55 26 Sole
3633 5762 89 31 Ageat«
3737 5762 36 27 fpr
3788 5767 76 28 Ucago
3884 5774 26 17 <n
3919 5767 9 24 i
3950 5767 77 25 South
4069 5759 32 36 d.
