2540 4039
1910 706 210 25 WHOLESALE
2151 708 125 25 PRICES
2311 711 177 24 CURRENT.

1912 3901 75 16 Printed
1991 3901 33 16 and
2027 3900 92 22 published
2126 3904 56 16 every
2189 3899 88 21 Saturday
2284 3899 91 21 morning,
2384 3900 22 21 by
2414 3901 82 16 Samuei.

1934 3921 86 18 Retavs,
2030 3923 19 15 at
2059 3921 31 17 the
2102 3921 52 16 Office
2166 3920 20 17 of
2197 3921 34 16 the
2242 3920 48 17 New
2297 3920 100 17 Zealand
2405 3921 91 17 Gazettjc

1934 3946 41 12 and
1982 3942 130 17 Weliingtoh
2118 3943 122 17 Spectator,
2248 3941 150 21 Taranaki-pl«ce
2399 3952 4 8 t
2412 3942 83 20 Welling-

1933 3964 37 16 ton,
1978 3963 42 17 Fort
2025 3963 101 17 Nioholnoti,
2135 3962 46 17 New
2189 3962 85 17 Zealand,

509 39 102 33 THE
630 40 113 33 NEW
759 41 231 34 ZEALAND
1008 43 227 32 GAZETTE
1253 43 99 32 AND
1369 43 332 33 WELLINGTON
1724 44 292 32 SPECTATOR.

1979 745 127 15 CORRECTED
2118 746 30 14 UP
2163 746 28 14 TO
2207 747 85 15 FRIDAY
2307 748 110 16 EVENING.

1989 784 11 8 T
2022 785 6 7 ,
2069 785 7 7 ,
2165 786 7 6 x
2242 767 16 16 £
2280 772 15 11 b.
2321 768 17 16 a.
2395 769 17 17 £
2434 773 16 12 ».
2475 769 19 17 a.

1908 786 63 20 Ale:
1989 786 25 20 In
2022 786 76 26 bottle,
2111 786 115 27 perdoz..
2245 790 12 19 0
2273 789 26 20 12
2327 790 14 20 6
2359 804 18 5 ..
2396 792 14 19 0
2425 790 27 21 14
2479 792 15 19 0

1988 811 98 28 Taylor's
2242 815 13 22 7
2282 816 14 20 0
2324 817 13 20 0
2355 830 20 6 ..
2394 816 13 22 7
2435 818 14 20 0
2476 818 14 21 0

1909 839 96 21 Arrack
2014 846 4 13 :
2032 839 43 22 Per
2083 839 73 26 gallon
2181 844 78 19 ....0
2286 843 13 20 3
2328 843 13 20 6
2360 857 5 6 .
2373 857 6 6 .
2397 845 14 20 0
2438 844 14 21 0
2479 848 15 20 0

1908 865 78 21 Bread
1996 872 5 14 :
2016 865 39 22 Per
2064 866 42 21 21b.
2116 866 52 22 loaf
2247 870 13 20 0
2287 870 14 20 0
2328 870 14 20 9
2359 884 6 6 .
2373 884 6 6 .
2397 872 14 20 0
2438 872 16 19 0
2480 872 14 20 0

1908 892 74 21 Beef:
1998 892 72 27 Fresh,
2090 899 86 16 carcase
2192 901 41 21 per

2022 919 23 22 lb
2244 924 14 19 0
2285 924 14 19 0
2327 924 13 19 9
2359 937 5 6 .
2372 937 5 6 .
2396 925 14 20 0
2437 925 15 20 0
2479 926 15 19 0

1908 945 94 22 Butter
2008 953 4 14 :
2026 945 64 27 Irish,
2101 953 36 21 per
2146 946 31 23 lb.
2209 963 5 5 .
2223 962 5 6 .
2247 950 14 21 0
2289 950 10 20 1
2329 950 14 20 9
2360 964 6 6 .
2374 964 5 6 .
2398 952 14 20 0
2439 952 15 20 2
2482 952 14 20 0

2026 973 68 22 Fresh
2247 978 13 20 0
2286 977 14 21 3
2329 978 83 21 6..0
2439 979 56 20 00

1908 999 97 22 Brandy
2012 1007 3 14 :
2029 1000 58 22 First
2094 1000 90 29 quality,
2191 1009 42 20 per

2052 1026 71 28 gallon
2245 1031 13 20 0
2285 1032 14 19 9
2327 1032 83 21 0..0
2425 1032 27 21 12
2480 1033 14 20 0

1908 1054 86 21 Brown
2012 1054 84 21 Stout:
2116 1054 117 23 Trueman

2136 1081 46 21 and
2190 1082 39 21 Co.
2245 1084 13 20 6
2273 1083 25 20 15
2327 1085 14 20 0
2359 1098 18 6 ..
2396 1084 14 22 7
2437 1086 15 19 0
2479 1087 14 19 0

1908 1108 100 21 Cigars:
2017 1106 98 28 Manilla,
2123 1115 40 20 per
2170 1110 61 26 1000,
2247 1111 54 20 310
2329 1112 49 19 0..
2396 1112 15 20 4
2438 1113 15 20 0
2480 1113 14 20 0

2015 1134 93 22 Inferior
2245 1137 13 20 2
2286 1138 13 19 0
2327 1138 83 21 0..0
2438 1139 14 20 0
2480 1139 14 20 0

2016 1161 129 27 Havannah,
2153 1169 39 20 per
2200 1162 31 22 lb.
2245 1165 13 19 0
2273 1164 27 20 14
2327 1165 14 20 0
2359 1178 18 6 ..
2396 1166 14 20 0
2438 1166 14 20 0
2480 1166 14 20 0

2015 1188 119 21 Chinsurah
2246 1191 13 20 2
2275 1191 26 20 10
2329 1192 82 21 0..0
2438 1192 15 21 0
2480 1193 14 20 0

2015 1214 150 23 Alexandrian
2179 1218 120 20 ....110
2327 1219 83 20 0..0
2437 1220 15 19 0
2479 1220 15 20 0

1909 1242 87 21 Coffee
2003 1249 5 14 :
2019 1242 61 26 Java,
2091 1249 36 19 per
2135 1242 24 22 lb
2246 1246 13 19 0
2289 1245 9 20 1
2329 1246 13 19 0
2360 1259 5 5 .
2374 1258 5 7 .
2397 1246 15 20 0
2441 1246 9 20 1
2481 1246 14 20 3

1909 1269 101 22 Cheese:
2024 1268 101 23 Cheshire
2246 1272 13 19 0
2287 1272 11 19 1
2328 1272 84 21 3..0
2441 1272 55 21 110

2023 1296 54 21 Pine
2089 1295 69 29 Apple
2181 1299 79 20 ....0
2289 1299 9 19 1
2328 1299 84 20 4..0
2438 1300 15 19 2
2481 1301 14 19 0

2022 1322 75 22 Dutch
2247 1326 14 19 0
2289 1325 10 20 1
2329 1326 82 21 0..0
2440 1327 11 20 1
2480 1327 14 20 3

1908 1350 106 21 Candles
2020 1356 3 14 :
2030 1349 91 26 English
2129 1357 57 19 wax,
2193 1357 42 20 per

2049 1376 22 21 lb
2247 1380 13 19 0
2287 1379 13 20 2
2315 1380 27 19 10
2360 1393 19 6 ..
2398 1381 14 19 0
2439 1380 15 20 3
2482 1381 14 20 0

2035 1403 78 22 Mould
2246 1407 13 20 0
2288 1406 10 20 1
2329 1407 83 20 0..0
2441 1407 10 20 1
2481 1407 15 21 4

2035 1430 57 26 Dips
2245 1434 14 20 0
2285 1434 14 20 0
2315 1434 26 19 10
2359 1447 19 6 ..
2396 1434 14 20 0
2440 1434 55 23 1.0

1910 1456 79 22 Flour
1996 1463 6 14 :
2010 1458 31 20 Ist
2046 1456 88 28 quality,
2148 1465 40 20 per
2194 1461 39 18 ton

2029 1484 25 21 of
2064 1485 51 20 2000
2125 1484 35 22 lbs
2230 1486 27 21 .30
2284 1487 14 20 0
2327 1487 13 20 0
2359 1486 51 22 ..35
2438 1487 15 20 0
2480 1489 14 19 0

2008 1510 42 22 2nd
2061 1510 52 22 ditto
2233 1514 27 20 28
2287 1514 14 20 0
2329 1514 13 20 0
2360 1527 19 6 ..
2398 1515 14 19 0
2440 1515 14 19 0
2481 1515 14 21 0

1910 1536 46 23 Gin
1965 1545 5 14 :
1991 1537 49 22 Pale
2247 1541 13 20 0
2286 1540 13 20 5
2329 1541 82 20 6..0
2439 1541 14 20 9
2481 1542 14 20 0

1991 1564 58 26 Case,
2064 1566 12 19 .3
2092 1564 84 26 gallons
2185 1567 46 20 4-5.
2247 1568 13 20 0
2275 1567 26 20 18
2329 1568 14 19 0
2360 1581 19 6 ..
2399 1568 10 20 1
2440 1568 10 20 1
2481 1569 14 19 0

1910 1590 82 22 Hams:
2008 1591 121 27 Yorkshire,
2144 1599 40 19 per
2194 1592 23 22 lb
2226 1609 5 5 .
2247 1595 13 19 0
2288 1595 13 19 0
2317 1595 26 20 10
2361 1608 18 6 ..
2399 1595 13 20 0
2442 1595 10 19 1
2482 1596 14 20 0

1911 1617 110 22 Mustard
2028 1626 4 13 :
2050 1618 42 21 Per
2101 1618 128 23 dozen....
2249 1621 9 21 1
2288 1621 13 21 8
2330 1623 13 19 0
2362 1635 18 6 ..
2399 1623 14 19 0
2441 1622 14 20 0
2482 1623 15 19 0

1910 1644 111 22 Mutton:
2042 1646 90 21 Carcase
2141 1653 41 20 per
2191 1646 23 22 lb
2226 1663 5 5 .
2247 1649 13 19 0
2287 1649 14 19 0
2329 1649 13 19 9
2361 1662 18 6 ..
2398 1649 14 20 0
2442 1649 10 19 1
2482 1650 14 19 0

1910 1671 118 22 Muskets:
2045 1672 89 22 Walnut
2139 1673 96 22 stocked
2249 1675 53 20 014
2330 1675 13 20 0
2362 1689 18 5 ..
2400 1676 10 20 1
2441 1675 13 21 8
2482 1677 15 18 0

1909 1698 78 22 Milk.
2005 1699 37 21 Per
2049 1699 48 27 pint
2247 1703 13 19 0
2287 1703 14 19 0
2329 1702 14 20 4
2361 1715 18 6 ..
2398 1703 14 19 0
2440 1703 14 19 0
2482 1703 15 19 0

1910 1725 43 22 Oil
1961 1733 5 14 :
1983 1725 99 27 Linseed,
2092 1733 37 20 per
2137 1727 77 26 gallon
2226 1729 34 19 .0
2287 1729 13 20 6
2329 1729 14 19 0
2361 1743 18 5 ..
2398 1730 14 19 0
2441 1729 13 20 8
2482 1730 13 20 6

1984 1752 73 27 Black,
2063 1752 22 21 in
2091 1752 55 26 cask,
2149 1761 40 19 per
2194 1755 68 21 ton2o
2289 1756 13 20 0
2330 1756 51 20 0..
2399 1757 14 20 0
2441 1757 14 19 0
2482 1757 14 19 0

1909 1779 77 22 Pork:
2002 1779 72 27 Fresh,
2092 1787 86 15 carcase
2194 1788 41 20 per

2023 1806 22 21 lb
2247 1810 13 20 0
2287 1810 14 20 0
2329 1810 83 20 3..0
2439 1810 15 20 0
2481 1811 14 19 0

1911 1833 62 20 Pork
1982 1840 4 13 :
2004 1833 60 26 Irish,
2076 1841 37 19 per
2121 1834 74 22 barrel
2209 1850 5 5 •
2222 1849 6 6 .
2246 1837 13 19 5
2287 1837 14 20 0
2329 1837 14 20 0
2361 1850 6 6 .
2375 1850 4 6 .
2398 1837 14 21 0
2440 1837 14 20 0
2482 1837 14 20 0

1910 1860 126 22 Potatoes;
2058 1860 54 22 New
2124 1861 110 28 Zealand,

2082 1895 35 19 per
2127 1891 38 18 ton
2245 1890 13 20 5
2287 1891 14 20 0
2329 1891 14 20 0
2360 1904 6 6 .
2374 1903 5 7 .
2399 1889 13 23 7
2428 1891 26 20 10
2482 1892 14 19 0

1911 1914 92 22 Porter
2012 1921 4 15 :
2043 1914 99 27 Dunbar,
2155 1915 23 21 in
2186 1915 47 22 bot.

2073 1942 88 26 perdoz
2247 1945 13 19 0
2275 1943 26 21 12
2329 1945 14 19 0
2361 1957 19 7 ..
2398 1945 14 20 0
2428 1944 26 21 14
2482 1945 14 19 0

1910 1967 97 22 Pickles
2017 1975 4 13 :
2052 1968 113 27 Assorted,
2195 1976 41 20 per

2077 1994 55 24 doz.,
2156 2000 78 20 quarts
2250 1997 9 19 1
2289 1997 12 18 8
2330 1998 14 18 0
2362 2010 5 5 .
2376 2010 5 5 .
2400 1998 11 18 1
2429 1998 27 18 16
2482 1999 15 16 O

1911 2018 72 22 Pitch
1996 2026 6 13 :
2029 2019 136 27 Stockholm,
2195 2028 41 20 per

2055 2046 68 21 barrel
2250 2049 53 21 110
2331 2049 51 20 0..
2413 2049 43 21 20
2483 2049 14 20 0

1910 2072 80 22 Plank
1998 2079 5 14 :
2028 2072 54 22 Port
2103 2073 132 28 Nicholson,

2054 2107 40 19 per
2103 2101 36 21 100
2149 2100 46 22 feet
2209 2115 19 6 ..
2248 2104 13 19 0
2275 2102 26 20 18
2330 2103 13 19 0
2362 2115 18 7 ..
2400 2103 9 19 1
2428 2103 27 19 10
2482 2103 15 19 0

2027 2126 117 28 Hokianga
2247 2130 13 19 2
2287 2129 14 20 5
2330 2130 13 19 0
2362 2143 18 6 ..
2399 2130 13 20 2
2429 2129 26 21 10
2483 2130 14 20 0

1909 2152 58 23 Rice
1974 2161 5 13 :
1991 2153 106 22 Common
2106 2161 36 19 per
2149 2158 49 18 cwt.
2210 2169 19 6 ..
2249 2157 13 19 0
2276 2156 27 20 14
2331 2156 13 20 0
2362 2169 19 7 ..
2400 2157 14 19 2
2442 2157 14 20 0
2483 2157 14 19 0

1991 2180 61 21 Good
2247 2183 10 21 1
2286 2183 15 20 4
2329 2183 125 21 0..110
2482 2184 14 20 0

1909 2206 54 22 Rum
1971 2215 5 14 :
1993 2207 23 22 P.
2026 2208 24 20 B.
2063 2206 32 26 P.,
2110 2208 53 27 duty
2177 2209 56 27 free,

2015 2241 37 20 per
2061 2234 72 26 gallon
2247 2236 54 21 0-5
2330 2237 13 20 6
2362 2251 18 5 ..
2399 2238 14 20 0
2428 2237 26 20 13
2482 2238 14 20 0

1909 2260 88 23 Sugar:
2012 2261 113 22 Mauritius
2134 2269 41 20 per
2182 2266 51 18 cwt.
2247 2264 13 20 2
2287 2264 14 20 0
2329 2265 14 19 0
2360 2277 20 6 ..
2398 2264 14 20 2
2429 2265 25 19 10
2482 2265 14 19 0

2016 2288 78 21 Brown
2247 2292 13 19 0
2287 2291 14 20 0
2329 2291 50 20 0..
2400 2291 53 21 115
2482 2292 14 19 0

2017 2315 92 21 Refined
2123 2316 54 27 loaf,
2195 2324 41 19 per

2039 2342 23 21 lb
2247 2345 14 20 0
2288 2345 13 19 0
2330 2345 13 19 8
2362 2358 18 5 ..
2398 2345 15 20 0
2440 2345 15 20 0
2483 2345 13 21 9

2017 2368 92 22 Manilla
2249 2371 52 21 113
2330 2372 14 19 0
2362 2385 5 5 .
2376 2385 5 5 .
2401 2372 10 20 1
2428 2371 27 21 18
2483 2373 14 19 0

1909 2396 59 20 Salt
1977 2403 5 13 :
1998 2395 118 28 Liverpool,
2127 2403 42 20 per
2179 2400 38 18 ton
2228 2399 33 20 .6
2289 2399 13 19 0
2330 2399 14 19 0
2362 2412 6 6 .
2376 2412 5 6 .
2400 2399 14 20 8
2441 2399 15 20 0
2483 2400 14 20 0

1909 2422 59 22 Soap
1977 2430 6 14 :
2010 2423 98 21 Hawes's
2128 2423 105 28 London,

2031 2456 40 20 per
2078 2453 36 18 ton
2233 2452 26 20 42
2287 2453 14 19 0
2329 2453 13 19 0
2361 2452 51 21 ..50
2440 2452 15 20 0
2482 2453 15 19 0

1910 2476 90 22 Starch
2008 2484 5 14 :
2026 2476 42 22 Per
2077 2477 22 21 lb
2249 2481 13 19 0
2291 2479 10 21 1
2331 2479 13 21 9
2363 2493 5 5 .
2377 2493 5 5 .
2400 2480 14 20 0
2442 2479 14 20 2
2483 2480 14 20 0

1910 2504 138 21 Scantling:
2066 2503 40 22 Per
2114 2505 38 21 100
2162 2505 68 21 feet..
2250 2507 12 20 0
2278 2507 25 19 18
2332 2507 13 20 0
2363 2520 19 6 ..
2402 2507 10 20 1
2442 2506 13 20 5
2484 2507 13 20 0

1910 2531 123 21 Shingles:
2050 2531 100 22 PcrlOOO
2250 2534 9 20 1
2277 2533 26 21 10
2331 2534 13 20 0
2363 2547 19 5 ..
2401 2534 13 20 2
2443 2534 14 20 0
2484 2535 14 19 0

1909 2557 62 22 Tar:
1988 2557 48 22 Coal
2250 2560 51 20 115
2332 2561 83 20 0..0
2443 2561 14 19 0
2485 2562 14 19 0

1991 2584 123 22 Stockholm
2251 2587 10 20 1
2278 2588 26 20 10
2332 2588 14 19 0
2364 2601 19 5 ..
2402 2588 13 20 2
2443 2588 14 19 0
2485 2588 14 20 0

1909 2611 62 21 Tea:
1990 2611 83 27 Hyson,
2085 2618 35 20 per
2131 2612 63 22 chest
2211 2615 51 19 ..8
2290 2615 14 19 0
2332 2615 13 19 0
2363 2615 50 20 ..11
2430 2615 25 20 11
2485 2615 14 20 0

1909 2638 115 22 Tobacco:
2038 2638 140 28 Negrohead,
2195 2646 42 21 per

2064 2665 23 21 lb
2250 2669 13 19 0
2292 2667 9 21 1
2332 2668 14 20 0
2364 2681 19 6 ..
2402 2669 14 19 0
2444 2668 10 20 1
2485 2669 14 19 3

1909 2691 160 23 Turpentine:
2086 2692 145 27 Pergallon..
2250 2696 13 19 0
2290 2695 14 20 8
2332 2695 14 19 6
2364 2708 19 6 ..
2402 2696 14 20 0
2443 2695 14 20 0
2485 2697 14 19 0

1911 2718 157 23 Whalebone:
2085 2719 39 21 Per
2135 2724 38 17 ton
2236 2722 28 20 90
2291 2722 13 20 0
2333 2722 13 20 0
2365 2722 66 20 ..100
2444 2723 14 19 0
2486 2723 14 20 0

1911 2745 81 22 Wine:
2008 2745 85 28 Sherry,
2104 2754 37 19 per
2149 2747 52 27 pipe
2212 2762 19 6 ..
2237 2749 26 20 28
2291 2749 13 20 0
2334 2749 13 19 0
2365 2750 51 20 ..40
2444 2750 14 20 0
2486 2750 14 20 0

2018 2773 69 26 Ditto,
2102 2780 37 21 per
2154 2773 81 23 dozen.
2252 2776 9 20 1
2290 2776 14 20 4
2333 2776 14 20 0
2365 2789 19 6 ..
2402 2776 14 20 2
2444 2777 15 20 0
2486 2777 15 20 0

1912 2826 117 23 Poultry:
2044 2827 76 27 Fowls,
2128 2834 41 21 per
2175 2828 51 27 pair
2232 2844 5 6 .
2253 2830 13 20 0
2280 2830 27 20 10
2335 2830 14 20 0
2367 2843 19 5 ..
2404 2830 13 20 0
2445 2830 15 20 0
2487 2831 14 19 0

2043 2854 82 27 Ducks,
2136 2855 57 21 ditto
2214 2870 4 6 .
2227 2870 6 5 .
2252 2856 53 21 015
2334 2857 14 19 0
2366 2870 6 5 .
2380 2869 5 6 .
2404 2857 13 20 0
2445 2857 14 20 0
2487 2858 14 19 0

2044 2881 77 27 Geese,
2134 2881 55 23 ditto
2214 2897 5 6 .
2228 2897 5 5 .
2252 2884 12 20 0
2280 2883 24 21 15
2334 2884 14 20 0
2365 2897 6 5 .
2379 2897 5 5 .
2403 2884 14 20 0
2445 2884 14 20 0
2487 2884 14 21 0

2043 2908 99 28 Turkeys
2252 2916 60 15 none
2322 2909 23 21 in
2356 2909 39 22 the
2405 2909 96 22 market.

2044 2935 101 28 Pigeons,
2156 2936 80 28 (wild,)

2070 2970 39 19 per
2117 2963 49 27 pair
2253 2965 13 20 0
2293 2964 13 20 3
2336 2964 82 21 0..0
2446 2965 14 20 0
2487 2965 15 20 0

2042 2989 83 27 Ducks,
2134 2989 36 22 do.
2182 2991 52 21 do..
2253 2992 13 19 0
2294 2991 12 20 5
2336 2992 13 19 0
2367 3004 19 6 ..
2405 2992 13 20 0
2446 2992 14 20 0
2487 2992 15 20 0

1911 3017 63 21 Eggs
1981 3024 5 14 :
2002 3016 40 22 Per
2052 3016 67 22 dozen
2254 3019 13 20 0
2294 3018 14 21 6
2335 3019 82 20 0..0
2445 3019 15 20 0
2487 3019 15 20 0

1911 3070 77 21 Cows:
2003 3068 67 23 Milch
2238 3072 27 20 20
2292 3072 14 19 0
2334 3072 14 19 0
2365 3072 52 21 ..30
2445 3072 14 20 0
2487 3073 14 19 0

1911 3096 96 22 Mares:
2021 3095 73 23 Brood
2236 3098 28 21 50
2290 3099 14 20 0
2333 3098 13 21 0
2365 3099 52 20 ..90
2444 3099 15 21 0
2486 3100 15 20 0

1911 3123 113 22 Working
2040 3123 117 22 Bullocks
2165 3131 5 14 :
2193 3123 45 23 Per

1936 3150 50 27 pair
2237 3152 28 21 50
2292 3152 14 21 0
2334 3152 14 21 0
2365 3153 53 21 ..60
2445 3154 14 20 0
2490 3153 15 20 0

1911 3177 64 22 Hire
1986 3184 26 14 of
2021 3184 78 15 ditto:
2115 3178 41 21 Per
2163 3177 52 29 day,
2226 3185 13 16 a

1937 3207 60 19 team
2007 3204 42 21 and
2056 3203 71 23 driver
2252 3206 10 21 1
2279 3206 27 21 10
2334 3207 14 20 0
2366 3220 6 6 .
2379 3220 6 6 .
2403 3207 14 20 2
2445 3208 14 20 0

1911 3231 87 22 Sheep:
2014 3231 57 22 Each
2249 3234 13 20 2
2290 3234 14 20 0
2332 3234 14 20 0
2364 3247 20 6 ..
2402 3234 14 21 2
2443 3234 14 21 5

1911 3258 63 22 Boat
1984 3258 71 23 Hire:
2069 3258 42 22 Per
2116 3258 51 34 day,
2173 3259 65 22 with-

2098 3289 37 18 out
2143 3286 74 23 hands
2229 3288 34 21 .0
2278 3288 27 21 10
2333 3289 13 20 0
2364 3301 6 7 .
2378 3301 6 7 .
2403 3288 11 21 1
2444 3289 15 20 0

1911 3339 87 23 Wages
2005 3347 5 14 :
2034 3339 138 29 Mechanics,
2198 3348 42 20 per

2061 3366 58 23 week
2252 3368 13 21 2
2280 3369 28 20 14
2334 3369 14 20 0
2366 3382 19 7 ..
2403 3369 14 21 3
2445 3370 15 20 6

2043 3393 125 23 Labourers
2186 3408 46 7 ....
2252 3396 9 20 1
2279 3396 26 20 10
2334 3396 13 20 0
2365 3410 19 6 ..
2402 3396 14 20 2
2444 3397 15 20 2

1288 1233 115 48 LAND
1415 1233 62 22 FOR
1487 1233 114 22 SALE.—
1604 1234 48 21 One
1662 1237 60 19 town
1729 1235 46 21 and
1784 1240 95 24 country

1363 1260 85 21 section
1460 1260 36 22 No
1505 1262 48 20 838.
1583 1261 76 27 Apply
1670 1265 23 17 to

1670 1288 30 22 A.
1716 1288 135 24 Anderson.

1313 1312 147 28 Wellington,
1472 1314 55 22 Dec.
1538 1316 34 25 10,
1585 1316 60 20 1840.

1289 1368 65 47 TO
1369 1368 40 21 BE
1426 1368 64 28 LET,
1507 1376 28 14 on
1547 1368 107 28 Building
1665 1369 88 27 Leases,
1773 1370 22 22 in
1814 1371 64 21 allot-

1349 1399 79 22 ments,
1440 1396 69 20 Town
1521 1396 78 26 Acres,
1608 1396 53 21 Nos.
1669 1398 48 25 480,
1729 1399 48 24 373,
1789 1399 33 23 78,
1829 1399 48 25 676,

1288 1421 43 22 and
1340 1423 47 20 677.
1428 1422 44 21 For
1482 1422 137 26 particulars,
1631 1423 67 27 apply
1710 1428 21 16 to
1742 1424 38 22 the
1790 1424 86 22 Under-

1288 1448 82 27 signed,
1391 1456 25 13 or
1430 1452 22 18 to
1467 1449 89 21 Messrs.
1571 1449 61 21 John
1644 1450 45 21 and
1700 1450 89 27 George
1801 1451 76 28 Wade,

1288 1478 22 18 at
1320 1475 73 21 whose
1405 1475 71 22 Office
1488 1476 36 21 the
1536 1476 68 21 Plans
1614 1476 29 21 lie
1653 1476 35 22 for
1698 1477 132 28 inspection.

1636 1503 21 21 J.
1674 1503 24 22 C.
1716 1505 136 20 Crawford.

796 832 196 21 BARRETT'S
1006 832 125 21 HOTEL.

668 865 53 48 R
747 865 146 21 BARRETT
907 865 54 27 begs
974 870 21 18 to
1007 865 82 22 inform
1101 865 37 22 the
1149 866 110 22 Colonists

724 903 10 9 •
766 892 26 21 of
804 892 52 21 Port
867 892 131 27 Nicholson,
1008 891 49 22 that
1065 892 37 21 the
1110 893 72 21 above
1192 893 66 22 Hotel

667 919 18 20 is
694 926 50 14 now
754 926 65 19 open,
830 919 45 21 and
887 922 67 18 trusts
969 920 28 26 by
1015 919 52 21 aftbi
1065 926 5 5 -
1071 919 54 26 ding
1142 927 66 20 every
1223 928 36 14 ac-

667 945 166 22 commodation
844 949 23 18 to
877 945 35 22 his
922 950 82 23 guests,
1016 949 23 17 to
1049 946 67 21 merit
1128 953 12 14 a
1156 947 103 21 continu-

667 979 56 15 ance
734 972 25 22 of
769 972 39 22 the
823 976 124 24 patronage
962 972 91 27 already
1070 972 113 23 bestowed
1199 981 59 21 upon

666 998 56 22 him.

694 1033 84 27 Wines,
795 1033 82 28 spirits,
894 1033 42 28 ale,
953 1034 45 21 and
1013 1036 84 25 porter,
1115 1034 27 22 of
1155 1034 23 22 t>
1257 1046 6 12 c

667 1060 93 28 quality.

694 1095 37 20 An
742 1093 105 28 ordinary
857 1093 61 28 daily
928 1098 24 17 at
961 1098 42 17 two
1018 1093 70 22 o'cloc
1090 1093 6 12 1
1143 1096 56 23 Cold
1216 1106 11 14 c
1235 1095 28 25 >.\

666 1119 82 23 lations
757 1120 83 27 always
849 1121 78 27 ready.
959 1121 64 22 Good
1032 1121 26 20 be
1093 1141 3 4 .
1259 1125 5 11 »

662 1175 238 23 .AUSTRALIAN
916 1176 88 20 TAV.
1033 1191 9 8 t
1043 1180 34 22 N,
1093 1180 20 19 &
1129 1180 131 21 COFFEE

901 1203 62 20 RO<-
994 1206 37 21 .S.

832 1236 59 15 LATE
906 1237 19 12 S'
962 1239 35 14 .UY
1008 1239 90 14 STORES.

669 1262 111 48 GH.
797 1263 81 21 COGL
889 1263 4 6 '
945 1266 53 27 begs
1008 1270 22 16 to
1041 1265 81 22 inform
1133 1265 36 23 his
1180 1266 82 23 friend's

726 1301 10 9 •
768 1289 45 22 and
833 1289 20 21 t'-
893 1292 79 27 public,
989 1292 48 22 that
1056 1292 28 22 he
1101 1293 39 21 has
1155 1300 47 15 rein
1214 1294 47 22 ived

667 1316 57 21 from
736 1316 36 21 the
783 1320 42 17 ea*'
858 1319 29 21 d
897 1319 26 21 of
935 1319 36 21 the
982 1319 83 26 Beach,
1083 1319 85 27 Peroni,
1185 1324 22 18 to
1225 1321 35 21 the

668 1348 53 16 west
731 1343 49 21 end.
827 1354 23 13 r
861 1346 37 21 the
908 1345 45 22 late
964 1346 146 21 Commercial
1126 1347 51 26 Inn,
1189 1347 72 22 where

667 1369 27 22 he
705 1370 43 26 hop
751 1377 9 8 r
795 1382 21 12 )
830 1373 58 21 have
903 1373 30 26 by
950 1373 148 26 unremitting
1114 1374 116 27 attention,
1249 1382 13 14 a

667 1397 62 21 share
783 1399 73 27 public
868 1404 129 22 patronage.

739 1427 64 20 urood
814 1427 193 21 accommodation
1022 1426 35 22 for
1071 1426 121 23 travellers.

699 1453 55 21 -J.B.
757 1464 27 3 —
785 1453 120 21 Barnard's
933 1453 92 26 Passage
1051 1453 56 21 Boat
1131 1453 74 23 leaves
1224 1455 37 21 the

670 1481 68 19 .ibove
748 1479 77 27 house,
837 1481 35 20 for
886 1479 142 28 Wellington,
1046 1487 68 20 every
1125 1481 104 28 morning
1239 1486 23 17 at

669 1506 53 22 nine
734 1507 93 21 o'clock.

67 1235 193 21 BARRETT'S
275 1236 117 20 HOTEL
406 1237 75 20 AND
496 1237 120 26 STORE,

251 1269 178 22 TARANAKI.

47 1309 175 49 RICHARD
238 1310 146 22 BARRETT
400 1312 54 26 begs
468 1315 23 18 to
505 1311 82 22 inform
599 1312 39 23 the

127 1337 137 22 inhabitants
278 1338 25 20 of
320 1338 53 21 Port
389 1338 130 27 Nicholson,
538 1339 45 21 and
600 1340 38 21 the

46 1364 116 26 adjoining
172 1364 150 27 Settlements,
335 1365 46 21 lhat
392 1364 27 22 he
434 1365 88 22 intends
540 1367 99 27 opening

46 1398 28 13 on
85 1390 37 21 the
134 1392 33 19 Ist
177 1390 26 21 of
216 1391 78 22 March
306 1396 60 22 next,
383 1392 38 21 the
431 1393 70 20 above
514 1393 68 21 Hotel
593 1394 45 21 and

46 1417 96 22 General
155 1418 70 26 Store,
237 1418 51 21 with
300 1426 13 13 a
324 1418 157 23 well-selected
500 1420 43 21 and
560 1420 77 22 choice

45 1444 65 22 stock
128 1444 25 21 of
170 1444 74 26 wines,
268 1445 82 27 spirit*,
369 1446 35 21 ale
428 1446 44 21 and
492 1450 79 23 porter,
593 1447 46 22 and

44 1471 91 27 general
145 1476 135 17 a-sortinent
288 1473 25 20 of
319 1472 69 27 goods
398 1473 94 22 suitable
500 1473 34 22 for
542 1474 92 22 settlers.

45 1502 23 17 at
77 1505 54 19 very
141 1498 113 22 moderate
270 1499 86 27 prices;
374 1500 46 21 and
436 1503 67 19 trusts
519 1502 28 26 by
565 1505 43 17 attp

44 1525 47 21 tion
112 1529 21 17 to
153 1524 37 22 the
209 1526 153 21 convenience
382 1527 45 21 and
445 1527 95 22 comfort
557 1528 26 21 o^
620 1538 19 13 ,3

45 1556 75 23 guests
131 1554 21 19 to
163 1552 65 21 merit
238 1560 13 13 a
261 1552 65 22 share
338 1554 26 21 of
376 1553 57 22 their
441 1554 81 22 favors.

72 1592 85 22 N.B.—
159 1592 64 23 Good
247 1593 54 22 beds
326 1594 45 21 and
390 1595 193 22 accommodation
604 1597 35 22 for

45 1620 121 26 travellers,
179 1620 44 21 and
232 1620 86 27 private
329 1625 136 23 apartments
478 1623 34 20 tor
520 1623 103 22 families.

714 1561 146 20 THOMAS
875 1562 77 20 AND
967 1562 143 20 SAMUEL
1126 1563 90 20 COOK

668 1595 92 48 BEG
771 1599 21 18 to
802 1595 82 22 inform
896 1596 37 21 the
944 1596 81 27 public,
1037 1596 48 21 that
1102 1596 83 27 having
1200 1604 59 15 com-

745 1622 75 28 pleted
838 1623 59 20 their
920 1623 115 21 extensive
1055 1623 204 23 weather-boarded

668 1650 70 26 Store,
750 1649 52 27 they
813 1649 57 21 have
889 1656 67 20 every
973 1650 152 21 convenience
1142 1650 34 22 for
1194 1658 65 14 ware-

667 1676 96 26 housing
771 1676 77 26 goods,
860 1679 24 18 at
894 1683 12 14 a
917 1683 54 19 very
980 1676 115 21 moderate
1106 1677 89 26 charge.

695 1702 111 22 Lambton
818 1703 73 26 Quay,
902 1702 146 27 Wellington,
1063 1703 52 21 Jan.
1126 1705 33 23 29,
1174 1705 58 21 1841.

1390 1557 106 21 TOWN
1510 1557 115 21 ACRES
1641 1558 43 20 TO
1699 1559 76 21 LET.

1287 1589 180 50 NUMBERS
1482 1597 28 14 on
1522 1589 38 23 the
1571 1591 242 28 Surveyor-General's
1823 1593 57 22 Plan

1367 1618 26 20 of
1404 1617 39 22 the
1455 1622 65 22 town,
1561 1619 40 20 179

1573 1645 27 21 75

1572 1673 28 20 62

1558 1700 43 20 330

1545 1726 55 21 1097

1312 1751 37 21 On
1359 1751 136 27 application
1510 1756 23 18 to
1550 1752 43 21 Mr.
1609 1752 25 22 F.
1650 1753 85 28 Logan,
1754 1754 127 28 Clyde-ter-

1287 1785 55 19 race,
1356 1778 87 26 Petoni,
1454 1784 67 17 terms
1531 1779 44 21 will
1587 1780 26 21 be
1624 1780 64 22 made
1699 1780 90 23 known.

1312 1805 174 27 Clyde-tetrace,
1498 1806 58 21 Nov.
1567 1808 34 24 23,
1613 1808 61 21 1840.

77 1674 45 21 TO
138 1675 233 21 CARPENTERS
387 1677 20 19 &
422 1677 180 21 BUILDERS.

45 1708 171 25 rpENDEKS
232 1708 103 28 required
351 1709 34 21 for
400 1709 77 28 taking
487 1709 72 28 down,
576 1715 62 18 tran-

52 1737 29 20 JL
119 1735 100 27 sporting
228 1735 58 21 from
297 1735 86 27 Petoni,
395 1736 45 21 and
451 1737 98 27 erecting
566 1742 24 17 at
605 1738 33 22 Te

46 1763 53 26 Aro,
120 1761 38 22 the
181 1762 60 27 large
264 1762 101 22 Wooden
385 1763 70 27 Store,
477 1763 120 28 belonging
615 1770 24 17 <o

45 1789 91 22 Mess;s.
147 1789 91 22 Hunter
248 1789 44 21 and
303 1790 38 21 Co.

73 1830 101 27 Security
187 1834 58 18 must
254 1830 27 22 be
295 1830 118 23 furnished
428 1832 36 21 for
480 1832 37 21 the
534 1832 43 23 due
595 1833 44 23 ful-

44 1855 89 24 filment
148 1857 26 21 of
193 1857 36 21 the
250 1861 108 23 contract,
379 1858 76 22 within
475 1865 14 15 a
507 1860 131 22 reasonable

44 1884 60 21 fixed
115 1884 60 27 time,
187 1884 45 21 and
242 1889 118 23 payments
376 1885 42 22 will
435 1886 27 21 be
478 1886 65 22 made
560 1895 25 13 as
601 1887 38 22 the

44 1910 61 23 work
116 1911 112 27 proceeds.
259 1911 77 28 Apply
347 1917 22 16 to

403 1946 101 23 Hunter
515 1947 45 23 and
571 1948 38 22 Co.

72 1977 191 29 Lambton-quay,
275 1979 54 22 Feb.
340 1981 20 26 3,
372 1981 60 21 IS4I.

1286 1859 174 21 BUILDING-
1479 1860 238 21 ALLOTMENTS
1740 1863 44 20 TO
1803 1864 76 20 LET.

1288 1893 89 48 THE
1396 1893 203 22 ADVERTISER
1614 1895 66 21 offers
1697 1903 59 19 upon
1774 1897 107 27 Building

1361 1919 89 26 Leases,
1463 1928 13 14 a
1486 1921 96 21 number
1592 1921 26 21 of
1629 1921 69 23 Town
1708 1923 138 22 Allotments
1857 1924 22 21 in

1288 1946 34 22 the
1333 1951 58 17 most
1401 1947 109 22 desirable
1521 1952 61 23 parts
1592 1948 26 22 of
1629 1948 43 22 this
1683 1950 141 22 Settlement.

1312 1973 47 22 The
1379 1975 111 21 attention
1507 1975 27 21 of
1552 1974 38 22 the
1607 1975 75 26 public
1700 1976 18 21 is
1735 1977 145 27 particularly

1288 2000 68 20 called
1376 2004 22 16 to
1419 2001 37 20 the
1476 2001 125 25 advantage
1621 2001 25 21 of
1665 2002 107 26 Building
1789 2003 89 26 Leases,

1288 2025 68 22 which
1368 2025 37 22 the
1415 2025 153 28 undersigned
1578 2027 18 21 is
1607 2027 96 21 enabled
1713 2032 22 17 to
1745 2032 73 22 grant,
1827 2029 51 27 viz.,

1288 2052 54 22 from
1352 2060 69 14 seven
1432 2056 23 18 to
1474 2057 137 22 twenty-one
1629 2061 72 19 years,
1720 2055 121 28 according
1858 2059 21 18 to

1288 2079 34 21 the
1342 2079 65 22 value
1427 2080 26 21 of
1474 2080 36 22 the
1535 2080 114 27 buildings
1670 2081 112 28 proposed
1805 2086 22 18 to
1852 2083 27 21 be

1288 2106 95 22 erected.

1531 2133 25 23 F.
1573 2135 30 21 A.
1619 2134 232 23 MOLESWORTH.

98 2032 141 21 THIRTY
260 2032 137 21 POUNDS
418 2034 163 22 REWARD.

46 2065 92 34 npHE
154 2065 71 22 above
244 2065 85 22 reward
347 2066 41 21 will
400 2067 28 21 be
439 2067 51 27 paid
501 2072 21 16 to
533 2075 45 20 any
588 2076 51 19 per-

52 2088 29 26 JL
120 2098 39 15 son
171 2092 77 27 giving
257 2092 56 22 such
324 2093 142 22 information
485 2102 24 14 as
526 2095 43 21 will
587 2096 50 22 lead

44 2122 24 18 to
77 2118 38 22 the
126 2120 126 20 conviction
263 2119 27 21 of
301 2119 39 22 the
351 2128 79 19 person
447 2128 25 14 or
487 2128 91 19 persons
588 2123 50 21 who

44 2153 29 15 on
93 2146 92 26 Sunday
205 2147 97 26 evening
321 2147 49 24 last,
395 2147 38 22 the
453 2149 48 21 31st
524 2149 113 28 January,

43 2172 142 27 maliciously
195 2172 50 22 shot
254 2177 24 17 at
287 2173 44 22 and
340 2175 108 21 wounded
460 2182 13 14 a
484 2175 101 23 valuable
598 2177 41 21 red

44 2206 54 21 cow,
111 2199 36 22 the
157 2204 106 23 property
273 2200 27 22 of
311 2200 38 22 the
360 2201 156 28 undersigned.

385 2234 95 23 Dudley
492 2236 117 22 Sinclair.

72 2266 146 28 Wellington,
230 2267 53 22 Feb.
294 2269 20 25 2,
331 2269 61 21 1841.

45 2323 68 47 a^O
129 2322 38 22 BE
183 2322 86 27 SOLD,
282 2330 24 14 or
317 2322 132 28 exchanged
460 2324 35 21 for
505 2331 80 20 mares,
595 2332 43 14 one

119 2349 45 27 bay
184 2348 70 27 horse,
273 2350 126 21 warranted
420 2350 36 22 the
475 2350 49 22 best
543 2351 96 28 draught

43 2375 67 23 horse
119 2376 24 22 in
153 2375 38 22 the
201 2375 93 28 Colony,
306 2377 46 21 and
363 2384 42 14 one
415 2384 54 20 grey
482 2377 73 22 horse.

72 2409 32 22 To
115 2410 27 21 be
152 2409 55 27 sold,
220 2417 24 14 or
255 2410 133 28 exchanged
398 2411 34 21 for
442 2419 65 19 cows,
516 2412 12 20 5
537 2413 102 26 superior

44 2436 102 28 working
155 2436 110 23 bullocks.

395 2465 22 21 J.
433 2465 23 21 C.
474 2465 134 23 Crawford.
637 2482 2 4 .

677 1759 9 33 J
696 1759 16 20 >
748 1757 109 22 BAKER
870 1758 55 26 begs
940 1761 22 18 to
978 1758 89 26 apprize
1077 1758 34 22 his
1122 1759 84 21 friends
1217 1759 43 22 and

676 1780 59 26 IXo
766 1784 38 22 the
814 1784 140 22 inhabitants
964 1785 25 21 of
1002 1785 53 21 Port
1065 1785 132 28 Nicholson,
1214 1787 46 21 that

668 1811 27 21 he
702 1811 41 22 has
750 1811 146 21 commenced
903 1812 100 21 business
1010 1819 24 13 as
1041 1819 12 13 a
1059 1812 200 27 Wine-mi-rc'ianr,

668 1842 23 17 at
708 1838 33 22 his
761 1838 152 25 Store-house,
934 1846 30 14 on
985 1838 37 22 the
1038 1839 82 25 Beach,
1138 1839 70 23 below
1229 1841 31 21 his

668 1865 192 26 dwelling-house,
877 1865 75 22 where
967 1865 27 22 he
1005 1865 19 22 is
1035 1866 95 21 enabled
1141 1871 22 17 to
1175 1868 53 20 offer
1239 1872 21 17 to

668 1892 37 22 the
716 1892 73 27 public
807 1891 37 22 the
860 1892 204 22 undermentioned
1081 1893 95 27 articles,
1195 1895 66 26 being

667 1919 30 21 all
719 1919 24 21 of
763 1919 37 21 the
819 1919 51 21 best
890 1920 86 27 quality
995 1919 45 22 and
1062 1919 80 23 lowest
1164 1922 96 26 possible

668 1946 80 26 prices.

837 1980 30 14 EX
907 1980 65 14 MARY

694 2006 91 26 Pomy's
795 2006 26 20 AT
824 2006 55 21 edoc
891 2006 76 27 claret,
978 2007 22 20 in
1012 2014 68 19 cases,
1094 2008 9 20 1
1115 2007 49 21 doz.
1176 2008 63 21 each.

776 2032 65 22 Ditto
979 2033 56 22 ditto
1091 2034 13 21 2
1141 2034 63 21 ditto.

694 2059 62 28 Very
766 2060 101 26 superior
875 2063 52 24 port
938 2060 63 26 wine,
1013 2060 56 21 ditto
1093 2062 11 18 ',i
1142 2061 62 21 ditto.

777 2086 63 21 Ditto
979 2087 63 25 ditto,
1054 2088 22 21 in
1089 2091 90 23 quarter
1189 2087 69 22 casks.

694 2112 82 28 Sherry
777 2125 26 3 —
805 2114 84 27 brown,
908 2113 62 27 gold,
989 2114 57 27 pale,
1067 2114 38 22 old
1128 2115 83 27 brown,
1236 2116 23 21 in

667 2144 90 24 quarter
768 2140 69 22 casks.

695 2167 97 27 Brandy,
804 2168 23 21 in
839 2175 62 14 cases
912 2167 26 22 of
950 2169 9 20 1
972 2167 48 22 doz.
1032 2167 63 22 each.

777 2194 64 22 Ditto
952 2196 13 19 3
1004 2194 63 26 ditto,

695 2221 67 26 Rum,
778 2221 22 22 in
817 2220 65 23 hhds.
900 2221 25 21 of
935 2222 27 21 43
973 2220 94 28 gallons.

776 2248 64 21 Ditto
936 2248 28 22 47
1001 2248 64 22 ditto.

695 2275 53 25 Gin,
759 2274 52 22 half
821 2282 70 16 cases,
903 2276 9 20 1
927 2275 70 22 dozen
1009 2274 62 24 each.

694 2302 101 26 Taylor's
806 2306 67 22 stout,
885 2302 22 21 in
921 2302 69 23 wood,

713 2328 63 22 Dirto
804 2329 51 27 pale
867 2329 41 27 ale,
922 2328 63 22 ditto.

714 2356 61 21 Di'to
804 2359 67 23 stout,
883 2356 22 21 in
915 2356 76 26 bottie,
1004 2356 64 22 casks
1075 2357 26 21 of
1107 2358 13 21 3
1129 2357 49 22 doz.
1187 2357 63 22 each.

696 2382 177 23 Hebblewhite's
883 2387 67 23 stout,
962 2383 55 22 ditto
1128 2384 63 22 ditto.

741 2410 63 21 Ditto
882 2410 42 26 ale,
961 2410 54 22 ditto
1127 2411 63 22 ditto.

668 2442 145 28 Wellington,
825 2443 104 28 January
938 2445 34 25 28,
984 2445 61 20 1841.

1286 2189 143 48 LAND
1455 2189 195 22 AGENCIE
1661 2190 55 21 S.—
1716 2191 40 20 TO
1781 2191 98 22 LAND-

1362 2216 183 22 HOLDERS.—
1545 2216 49 22 The
1615 2217 156 28 Undersigned
1789 2218 44 27 beg
1857 2222 22 18 to

1286 2243 53 21 offer
1349 2242 135 23 themselves
1495 2247 21 18 to
1526 2243 59 22 their
1594 2243 85 22 friends
1690 2244 45 21 and
1750 2244 37 22 the
1804 2245 75 27 public

1286 2278 22 13 as
1319 2270 87 25 Agents
1417 2270 34 22 for
1461 2270 37 22 the
1508 2271 97 26 disposal
1613 2271 26 21 of
1645 2271 71 21 Town
1726 2272 45 20 and
1779 2272 100 27 Country

1288 2296 79 27 Lands,
1379 2297 46 21 and
1435 2301 58 18 trust
1501 2298 59 21 their
1568 2297 97 22 colonial
1677 2298 135 27 experience
1827 2306 52 20 may

1287 2323 76 22 entitle
1373 2324 61 21 them
1446 2328 23 17 to
1479 2333 13 12 n
1504 2325 65 21 share
1580 2325 26 20 of
1617 2325 36 20 the
1664 2325 74 26 public
1748 2330 131 23 patronage.

1311 2350 63 27 They
1385 2351 44 21 will
1440 2351 28 22 be
1477 2351 76 28 happy
1563 2354 22 18 to
1596 2359 93 19 arrange
1703 2352 35 21 for
1748 2352 45 21 and
1804 2360 76 20 super-

1286 2377 77 22 intend
1373 2377 38 22 the
1421 2385 93 20 surveys
1521 2378 46 21 and
1575 2379 159 21 sub-divisions
1742 2379 26 21 of
1775 2380 36 21 the
1818 2380 61 21 land.

1289 2404 84 21 Liberal
1385 2405 111 21 advances
1507 2405 45 21 will
1566 2405 28 21 be
1610 2405 65 22 made
1686 2413 28 14 on
1726 2406 64 22 lands
1801 2406 79 28 placed

1287 2431 20 21 in
1318 2431 57 21 their
1385 2431 72 22 hands
1465 2432 34 21 for
1507 2432 53 21 sale.
1590 2432 63 27 They
1662 2432 43 21 will
1714 2432 47 22 also
1768 2433 28 22 be
1806 2434 74 27 happy

1288 2462 19 17 to
1317 2459 65 20 assist
1392 2459 137 27 proprietors
1538 2459 23 21 in
1572 2459 87 27 leasing
1670 2459 59 22 their
1737 2460 72 22 lands.

1540 2493 87 21 JOHN
1637 2493 45 23 and
1694 2493 70 23 GEO.
1777 2494 102 23 WADE.

1312 2518 146 27 Wellington,
1472 2520 49 22 Oct.
1533 2521 20 24 7,
1565 2521 61 21 1840.

1288 2574 88 22 rriHE
1401 2574 158 27 Undersigned
1576 2575 59 22 have
1653 2575 71 22 Town
1744 2576 72 22 Acres
1835 2577 46 21 and

1293 2597 28 25 X
1359 2601 101 27 portions
1480 2602 26 21 of
1523 2609 64 15 acres
1604 2605 22 18 to
1641 2602 32 22 let
1687 2603 23 21 in
1731 2603 30 21 all
1778 2608 61 23 parts
1858 2604 26 22 of

1288 2628 142 27 Wellington.
1446 2629 47 21 The
1504 2632 69 18 terms
1580 2629 45 21 will
1630 2629 27 22 be
1663 2629 70 28 given
1740 2638 61 19 upon
1809 2631 72 27 appli-

1287 2655 80 22 cation.

1496 2682 133 22 HANSON
1640 2683 46 22 and
1697 2683 156 23 ALZDORF.

1312 2709 87 26 Petoni,
1411 2709 62 28 Sept.
1483 2711 34 25 29,
1530 2711 60 20 1840.

44 2518 91 49 FOR
144 2518 85 27 SALE,
239 2518 48 22 that
297 2519 90 27 English
395 2519 55 22 built
460 2520 90 21 wooden
559 2521 77 26 house,

118 2545 70 28 lately
198 2546 108 27 occupied
317 2553 24 14 as
358 2554 13 13 a
388 2546 63 22 Store
468 2553 28 15 on
515 2546 35 22 the
569 2547 68 22 River

44 2572 59 22 Hutt
119 2572 29 27 by
167 2572 89 22 Messrs.
276 2572 100 28 Hopper,
401 2573 71 27 Petre,
490 2573 45 22 and
555 2574 82 22 Moles-

44 2599 77 22 worth.
151 2599 96 22 Further
256 2603 49 23 p-irt
315 2600 73 22 culars
400 2601 93 27 enquire
503 2601 26 21 of
545 2601 92 23 Messrs.

44 2626 66 22 Petre
120 2626 45 22 and
175 2626 152 24 Molesworth.

73 2660 101 26 January
185 2662 20 24 9,
218 2662 60 20 1841.

872 2499 70 20 FOR
957 2499 97 25 SALE,

749 2532 57 22 Now
816 2532 101 27 landing,
935 2539 27 15 ex

668 2567 51 48 A
726 2566 105 22 SMALL
848 2566 163 25 QUANTITY
1027 2567 25 21 of

756 2593 47 26 red,
824 2595 46 20 and
1119 2594 66 22 white
1208 2596 52 21 seed

667 2620 90 26 wheats,
768 2620 44 22 and
823 2620 46 22 flax
879 2620 60 22 seed.
969 2620 47 22 The
1027 2621 71 22 above
1108 2629 37 14 are
1157 2622 31 22 all
1203 2630 56 19 new,

667 2647 45 22 and
736 2647 44 22 will
802 2647 148 22 recommend
969 2647 133 23 themselves
1122 2652 22 18 to
1165 2650 96 26 agricul-

667 2674 106 22 turalists.

694 2702 21 21 A
727 2701 41 22 few
778 2700 86 23 barrels
875 2701 26 22 of
912 2701 45 22 fine
969 2702 120 22 American
1107 2702 73 27 (U.S.)
1196 2703 63 22 flour.

694 2728 63 27 Also,
769 2736 28 14 an
808 2732 137 18 assortment
955 2729 26 21 of
992 2728 108 28 clothing,
1110 2730 122 26 consisting

667 2756 108 26 barragon
787 2760 68 21 coats,
867 2756 89 21 various
971 2756 68 26 sizes;
1061 2760 103 23 cantoon,
1183 2757 77 26 check,

667 2782 130 27 gambroon,
814 2782 110 22 moleskin
941 2782 45 23 and
1000 2783 53 21 cord
1069 2787 108 23 trowsers,
1197 2784 64 22 black

668 2804 104 37 fjiijhin<£,
783 2809 125 27 velveteen,
923 2810 67 26 fancy
1001 2810 43 21 and
1055 2810 87 27 spotted
1153 2811 55 27 sling
1218 2812 44 22 and

668 2836 86 27 figured
762 2836 150 22 swans-dowu
924 2837 131 24 waistcoats,
1064 2838 48 21 best
1122 2838 45 22 and
1176 2843 87 23 regatta

667 2864 73 26 shirts,
752 2867 59 18 stout
820 2863 45 22 and
875 2868 64 17 extra
950 2864 62 26 d.tto,
1029 2864 72 26 shoes,
1113 2865 44 22 and
1167 2873 81 20 pumps
1256 2874 4 18 ;

667 2892 19 25 8,
698 2892 20 24 9,
730 2890 44 21 and
786 2892 128 24 10-quarter
920 2890 114 26 blankets;
1052 2891 81 22 double
1140 2893 43 20 and
1191 2893 71 27 single

670 2917 92 22 London
770 2918 67 26 proof
842 2917 95 27 fowling
947 2918 80 28 pieces,
1038 2917 74 29 flasks,
1122 2919 63 27 belts,
1193 2920 67 27 flints,

667 2944 40 23 &c.
720 2944 39 22 &c.

943 2972 63 22 John
1022 2972 88 28 Hat.es,

799 3005 191 26 Cabinet-maker,
1002 3005 87 28 Joiner,
1102 3006 48 27 &c,

882 3032 197 27 Ingestrie-streef,
1094 3033 41 26 (Te
1146 3034 48 21 Aro
1203 3034 57 25 fla*.)

185 2716 113 21 HOUSE
314 2718 69 19 FOR
398 2718 96 21 SALE.

46 2751 48 48 A
113 2749 137 23 WOODEN
261 2750 146 22 COTTAGE
418 2751 59 22 FOR
488 2752 85 27 SALE,
583 2760 56 15 near

113 2777 82 22 Meech
206 2777 44 21 and
260 2777 139 23 Oxenhain's
409 2778 49 27 ship
467 2779 100 27 building
573 2780 62 27 yard,

46 2811 29 15 on
86 2803 37 23 the
133 2804 60 22 river
204 2804 64 22 Hutt.
306 2804 50 22 The
366 2805 103 27 building
485 2805 20 22 is
521 2808 27 20 12
564 2807 30 27 hy
610 2809 28 20 20

45 2831 51 26 feet,
108 2831 40 21 has
165 2833 12 19 2
195 2838 73 14 rooms
282 2838 28 14 on
329 2831 37 22 ihe
382 2833 86 26 ground
484 2832 63 28 flour,
564 2834 45 21 and
624 2836 14 20 2

45 2858 107 27 upstairs;
167 2858 45 21 and
222 2866 13 13 a
246 2858 60 22 work
320 2857 56 29 shop
393 2859 37 21 the
446 2859 70 22 whole
526 2860 78 28 length
614 2862 27 21 of

45 2884 37 22 the
93 2885 94 26 buiding
195 2885 19 21 is
223 2885 113 21 attached.

72 2918 45 22 For
125 2918 87 22 further
218 2919 132 27 particulars
360 2920 93 28 enquire
461 2920 26 22 of
494 2920 37 22 the
538 2922 89 27 proprie
634 2935 5 4 -

46 2949 41 24 tor,
99 2949 23 19 at
133 2946 37 21 the
181 2949 94 23 cottage.

465 2974 69 22 Hart
549 2975 59 23 Udy.

72 3000 103 27 January
182 3001 34 26 28,
226 3001 63 21 1841.

1390 2765 106 21 TOWN
1511 2765 116 21 ACRES
1641 2766 44 20 TO
1701 2766 76 25 LET,

1288 2798 179 50 NUMBERS
1482 2805 29 15 on
1521 2798 38 22 the
1569 2798 242 28 Surveyor-General's
1820 2808 60 19 map,

1423 2826 40 21 199
1559 2827 42 20 470
1697 2827 41 21 2SB

1424 2853 39 21 168
1559 2853 43 20 559
1697 2854 43 21 314

1423 2880 41 20 156
1561 2881 42 19 196
1698 2881 42 21 310

1422 2907 42 20 423
1559 2907 43 21 306
1698 2908 42 21 424

1435 2935 29 19 47
1559 2934 42 20 305
1698 2934 40 22 723

1422 2961 39 21 561
1560 2961 42 21 167
1697 2962 41 20 343

1313 2987 53 21 And
1376 2994 70 20 many
1456 2987 76 22 others
1541 2987 23 21 in
1576 2987 37 21 the
1625 2990 58 19 most
1697 2987 110 23 desirable
1820 2992 63 25 parts

1288 3014 24 22 of
1322 3014 37 22 the
1371 3018 67 18 town.
1469 3014 43 22 For
1521 3014 135 28 particulars
1670 3015 68 27 apply
1748 3018 24 18 to

1688 3042 24 20 J.
1724 3041 34 22 W.
1771 3042 82 22 Child.

1313 3067 86 28 Petoni,
1411 3067 61 23 Nov.
1482 3069 33 25 30,
1528 3068 62 21 1840.

1490 3123 70 20 FOR
1575 3122 98 25 SALE,

1288 3156 164 51 SEVERAL
1472 3156 69 21 Town
1558 3155 46 22 and
1621 3156 102 28 Country
1740 3156 103 23 Sections
1859 3157 26 22 of

1352 3183 72 22 Land.
1454 3183 77 27 Apply
1541 3186 23 17 to

1606 3209 95 22 Robert
1712 3210 27 21 R.
1751 3210 102 21 Strang.

1389 3265 107 20 TOWN
1510 3264 115 21 ACRES
1641 3265 43 21 TO
1700 3266 75 20 LET.

1287 3298 180 50 NUMBERS
1478 3306 29 14 on
1517 3297 39 23 the
1566 3298 244 28 Surveyor-General's
1819 3307 60 19 map,

1425 3327 43 20 510
1577 3327 41 20 263
1730 3327 27 21 98

1312 3360 44 22 For
1364 3360 133 27 particulars
1507 3360 68 28 apply
1585 3363 23 18 to
1618 3360 108 28 Wallace,
1737 3360 82 29 White,
1836 3362 47 23 and

1287 3387 105 21 Wallace.

1312 3414 156 26 Welliington,
1479 3414 52 22 Jan.
1542 3415 21 25 6,
1575 3415 63 21 1841.

1289 3459 86 49 FOR
1389 3459 87 26 SALE,
1491 3459 70 22 Town
1573 3460 61 21 Acre
1645 3461 96 21 number
1754 3462 47 25 657,
1813 3462 70 26 being

1359 3486 37 22 the
1408 3486 59 22 third
1476 3494 49 14 acre
1536 3485 60 23 from
1608 3486 43 22 Mr.
1663 3487 79 22 Park's
1752 3487 77 23 house.
1862 3488 21 22 It

1288 3514 15 21 is
1324 3513 68 22 about
1409 3520 43 15 one
1469 3513 107 22 minute's
1596 3513 58 22 walk
1668 3513 60 22 from
1745 3514 39 21 the
1801 3515 79 27 beach,

1288 3541 43 21 and
1340 3548 71 19 opens
1420 3547 29 14 on
1465 3548 13 13 a
1487 3539 57 23 back
1554 3546 51 15 run.

1313 3567 62 26 Also,
1388 3567 37 21 the
1436 3567 81 26 sailing
1524 3567 70 26 barge
1603 3566 94 22 moored
1703 3568 102 27 opposite
1813 3568 68 22 Tod's

1288 3594 74 22 wharf.
1395 3593 75 28 Apply
1480 3597 22 18 to
1528 3613 3 3 .

1690 3620 96 22 Robert
1796 3621 56 22 Tod.

1313 3647 147 27 Wellington,
1472 3647 103 26 January
1583 3648 35 25 30,
1630 3648 61 20 1841.

751 3087 86 20 FIVE
852 3087 138 20 POUND
980 3087 37 20 3
1004 3087 169 22 REWARD.

668 3120 148 49 STOLEN,
828 3120 77 22 within
917 3120 63 22 these
987 3121 43 21 last
1036 3121 41 21 few
1087 3123 62 26 days,
1157 3123 58 22 from
1225 3123 36 22 the

732 3148 61 21 front
809 3147 27 22 of
849 3147 29 22 H.
897 3147 111 22 Robson's
1025 3148 71 25 Store,
1114 3156 14 14 a
1143 3149 51 23 deal
1211 3158 50 15 case

666 3174 92 22 marked
770 3174 29 22 H.
811 3175 28 21 R.
850 3176 34 25 75,
896 3175 132 26 containing
1037 3182 14 14 a
1058 3175 202 25 double-barrelled

667 3202 127 27 percussion
806 3208 46 20 gun
868 3201 30 27 by
917 3201 120 27 Macauley
1056 3202 26 21 of
1098 3203 139 28 Edinburgh,
1249 3212 13 14 a

666 3228 194 27 single-barrelled
870 3229 131 27 purcussion
1011 3236 54 19 gun,
1077 3229 78 23 maker
1166 3231 26 21 E.
1201 3231 61 23 Lon-

667 3255 52 27 don,
729 3257 35 23 51,
776 3255 95 22 London
889 3255 67 27 Wall,
975 3255 102 27 London,
1096 3256 70 22 inlaid
1184 3262 23 18 at
1225 3258 36 22 the

666 3282 82 22 breech
773 3282 52 22 with
849 3282 54 27 gold
926 3283 72 21 bands
1015 3282 46 22 and
1077 3290 14 14 a
1105 3283 71 28 single
1194 3285 65 28 hare;

666 3316 13 14 a
698 3309 195 28 single-barrelled
912 3309 136 28 percussion,
1077 3310 98 22 maker's
1194 3319 66 15 name

668 3336 117 27 Williams,
807 3336 253 22 Threadneedle-street
1078 3344 29 14 on
1126 3337 36 22 the
1179 3339 81 26 barrel,

667 3363 46 21 and
723 3363 36 21 the
769 3370 67 15 name
848 3363 26 21 of
886 3363 85 28 Karley
982 3370 28 15 on
1020 3363 36 22 the
1064 3363 59 23 lock.
1147 3365 59 22 Each
1215 3373 45 19 gun

667 3397 44 15 was
722 3390 21 21 in
755 3398 13 13 a
778 3394 101 23 separate
888 3390 41 22 oak
939 3398 49 14 case
995 3390 61 22 lined
1064 3391 51 21 with
1124 3399 68 20 green
1202 3393 60 21 cloth

667 3417 46 21 and
731 3417 65 23 fitted
816 3417 52 21 with
889 3417 90 22 various
1001 3417 144 28 implements
1169 3419 35 22 for
1224 3419 37 22 the

667 3443 104 27 cleaning
786 3443 44 22 and
850 3443 79 27 taking
948 3448 23 17 to
989 3444 74 27 pieces
1083 3445 27 21 of
1128 3452 66 21 guns,
1215 3447 47 22 also

666 3470 91 27 powder
766 3469 74 28 flasks,
852 3470 51 22 shot
912 3471 64 26 belts,
988 3472 40 21 &c.
1039 3471 42 22 &c.

694 3504 113 21 Whoever
815 3504 44 21 will
870 3508 77 18 return
959 3504 61 23 them
1027 3508 22 17 to
1058 3504 38 23 the
1103 3506 160 28 Undersigned

667 3530 59 23 shall
735 3531 88 22 receive
834 3530 38 23 the
884 3531 72 22 above
966 3532 92 21 reward.

1034 3565 88 23 Harry
1131 3566 102 24 Robson.

693 3598 147 28 Wellington,
853 3598 116 28 February
978 3600 20 26 4,
1010 3600 62 21 1841.

1291 3704 143 49 NOTICE
1458 3703 27 22 IS
1510 3702 108 23 HERBY
1644 3702 108 29 GIVEN,
1771 3704 48 23 that
1843 3706 38 23 the

1368 3737 87 20 agency
1465 3730 26 22 of
1502 3730 28 21 all
1542 3729 67 22 lands
1619 3729 71 22 which
1704 3730 10 21 I
1726 3730 56 23 have
1793 3732 88 23 hereto-

1289 3759 44 22 fore
1340 3758 58 27 held,
1412 3758 19 21 is
1438 3764 51 15 now
1497 3756 137 23 transferred
1642 3760 21 18 to
1676 3757 23 22 J.
1707 3757 26 22 T.
1744 3758 135 28 Wicksteed,

1288 3786 52 27 Esq.

1620 3810 100 23 Dudley
1735 3812 119 23 Sinclair.

1314 3839 103 27 January
1427 3837 34 27 27,
1473 3839 60 21 1841.

670 3895 160 48 COALS.
831 3906 29 4 —
860 3895 23 21 A
900 3895 43 21 few
961 3897 50 20 tons
1025 3895 36 21 for
1070 3896 54 22 sale.
1154 3897 77 28 Apply
1241 3901 22 18 to

850 3922 26 22 T,
889 3922 33 22 M.
934 3922 136 22 Partridge
1081 3923 47 22 and
1137 3923 48 28 Co.,

1037 3949 197 23 Manners-street.

1932 3828 29 16 All
1968 3828 63 19 orders,
2043 3828 155 19 advertisements,
2210 3828 37 16 and
2258 3827 165 18 communication!
2435 3829 20 16 to
2465 3828 31 17 tke

1912 3849 68 19 Editor,
1987 3854 30 12 are
2022 3849 93 19 requested
2119 3851 19 14 to
2145 3849 23 16 be
2175 3849 98 16 addressed
2279 3850 19 14 to
2305 3848 38 17 this
2349 3849 64 16 Office.

1931 3452 39 16 The
1982 3452 45 16 New
2036 3452 95 17 Zealand
2142 3452 95 16 Gazette
2248 3452 42 19 will,
2302 3452 28 16 for
2341 3452 33 17 the
2385 3455 79 18 present,
2477 3454 22 17 be

1909 3473 96 21 published
2013 3473 69 19 weekly,
2090 3476 50 16 every
2147 3473 90 20 Saturday
2245 3473 91 21 morning.
2358 3474 24 16 So
2387 3478 44 12 soon
2439 3479 20 12 as
2464 3475 14 16 it
2483 3475 16 16 U

1910 3494 107 20 sufficiently
2023 3494 97 21 supported,
2131 3494 15 15 it
2154 3494 37 16 will
2201 3494 24 16 be
2232 3494 61 16 issued
2300 3495 132 20 semi-weekly.
2453 3495 46 18 Sub-

1908 3515 62 20 joined
1977 3519 30 11 are
2014 3515 27 16 the
2048 3516 56 15 terms
2109 3519 3 11 :
2114 3522 21 4 —

1932 3535 62 16 Price
2002 3539 21 12 of
2029 3539 40 12 the
2077 3535 70 17 Papeb,
2149 3542 22 5 —
2171 3534 56 22 Forty
2234 3534 83 22 shillings
2325 3540 32 16 per
2367 3541 78 16 annum,
2456 3541 43 17 pay-

1910 3556 40 16 able
1956 3556 18 16 in
1982 3556 76 16 advance
2063 3560 4 14 ;
2079 3560 20 12 or
2105 3560 32 12 one
2144 3555 78 21 shilling
2229 3556 27 16 for
2262 3556 59 21 single
2329 3558 93 17 numbers.

1931 3577 203 16 Advehtisemekts.—
2135 3576 33 17 Six
2178 3576 48 17 lines
2238 3577 36 16 and
2283 3577 66 20 under,
2361 3579 26 16 3s.
2396 3579 28 16 6d.
2432 3579 27 16 for
2465 3578 32 17 the

1909 3598 40 16 first
1959 3598 91 18 insertion,
2062 3597 36 17 and
2109 3601 31 13 one
2151 3596 78 23 shilling
2235 3598 27 16 for
2269 3599 45 16 each
2321 3600 113 19 subsequent
2440 3600 58 16 inser-

1910 3618 39 17 tion
1954 3623 3 14 |
1970 3618 46 17 from
2021 3618 27 17 six
2056 3619 18 16 to
2081 3620 30 14 ten
2117 3618 53 20 lines,
2179 3619 34 16 five
2222 3619 85 21 shillings
2319 3620 28 16 for
2358 3621 32 15 the
2402 3621 44 19 first,
2459 3620 36 17 and

1909 3643 35 12 one
1954 3638 73 21 shilling
2036 3639 36 16 and
2084 3639 83 21 sixpence
2178 3639 29 17 for
2217 3640 45 16 each
2273 3641 114 20 subsequent
2398 3641 88 16 insertion
2492 3645 4 15 ;

1909 3661 56 15 above
1977 3662 29 14 ten
2018 3660 49 19 lines,
2079 3660 33 16 five
2122 3659 86 22 shillings
2219 3661 29 17 for
2259 3661 30 16 ths
2300 3661 40 17 first
2351 3664 32 14 ten
2395 3662 53 19 lines,
2460 3662 37 16 and

1909 3681 97 20 fourpence
2013 3685 27 12 tier
2047 3681 37 16 line
2091 3681 25 16 for
2122 3681 33 16 the
2162 3685 65 13 excess
2234 3682 21 16 of
2262 3682 41 16 that
2311 3683 87 19 number;
2409 3683 37 16 and
2453 3684 44 16 two-

1909 3706 57 16 pence
1972 3706 32 16 per
2010 3702 34 16 line
2051 3702 27 16 for
2085 3702 41 16 each
2135 3702 114 21 subsequent
2256 3702 93 17 insertion.
2376 3706 3 3 '

1931 3723 152 16 Advertisements
2091 3723 33 17 will
2131 3725 33 14 not
2171 3728 67 16 appear
2248 3723 19 17 in
2278 3724 32 16 the
2321 3724 81 20 ensuing
2413 3725 83 19 number,

1910 3743 16 17 if
1934 3744 82 16 received
2022 3744 43 17 later
2072 3744 42 16 than
2125 3744 71 20 Friday,
2210 3745 21 17 10
2242 3744 72 19 o'clock,
2327 3749 43 13 a.m.
2392 3745 106 17 Advertise-

1909 3767 61 14 ments
1978 3765 60 19 will.be
2046 3765 96 17 continued
2148 3765 37 17 and
2192 3765 79 20 charged
2275 3765 49 16 until
2328 3766 167 19 counter-ordered;

1911 3786 45 16 such
1962 3786 51 16 order
2020 3788 47 15 must
2074 3786 21 16 be
2103 3788 38 14 sent
2147 3788 20 14 to
2175 3786 31 16 the
2211 3787 55 16 Office
2273 3786 52 17 three
2333 3786 45 21 days
2384 3787 61 16 before
2452 3787 46 21 pub-

1911 3807 79 18 lication,
1998 3807 32 17 and
2036 3809 52 15 must
2094 3807 20 16 be
2119 3807 20 16 in
2147 3807 81 19 writing.

700 3653 101 20 WELL
815 3653 95 20 BRED
925 3653 105 21 MARE
1046 3654 69 21 FOR
1131 3655 96 21 SALE.

668 3686 70 48 AT
755 3686 39 22 the
818 3686 59 22 close
898 3686 26 21 of
945 3687 90 21 Messrs.
1056 3687 91 22 Wades'
1166 3688 47 21 sale
1232 3697 29 14 on

734 3740 5 5 m
747 3713 116 26 Saturday,
882 3712 45 22 this
945 3713 50 28 day,
1016 3713 43 21 Mr.
1079 3714 30 21 H.
1124 3714 84 27 Taylor
1218 3716 44 21 will

667 3740 83 22 submit
764 3744 23 17 to
802 3740 77 27 public
896 3740 153 27 competition,
1060 3740 95 22 without
1164 3748 96 21 reserve,

667 3767 29 26 by
707 3767 65 21 order
781 3773 23 15 or
818 3766 38 22 the
867 3767 125 21 Executors
1007 3767 26 21 of
1049 3767 38 22 the
1104 3767 45 22 late
1160 3768 35 22 W.
1206 3769 55 22 Wil-

667 3797 46 22 ton,
725 3793 58 28 Esq.,
794 3793 116 27 deceased,
922 3801 14 14 a
945 3801 54 20 very
1010 3794 50 22 well
1067 3794 56 22 bred
1132 3801 69 21 mare,
1212 3796 51 22 four

667 3823 22 18 to
699 3821 44 21 five
752 3828 66 20 years
827 3820 45 22 old.

879 3854 85 18 TERMS,
980 3855 66 14 CASH.

1289 3894 185 48 WANTED,
1492 3901 13 14 a
1521 3899 78 21 young
1615 3900 53 15 man
1684 3894 136 28 acquainted
1830 3896 53 22 with

1386 3921 37 21 the
1434 3921 104 27 Drapery
1547 3920 115 22 Business.
1691 3920 79 29 Apply
1779 3925 23 19 to

1597 3955 30 22 D.
1638 3955 22 22 S.
1671 3955 79 22 Durie
1761 3956 45 21 and
1816 3958 39 19 Co.

47 3054 157 50 SELLING
224 3054 65 27 OFF,
306 3058 24 18 at
348 3055 37 21 the
406 3059 59 19 tents
484 3055 27 22 of
526 3056 110 24 FRANK

99 3081 128 27 LOSACK,
240 3088 55 15 near
308 3081 38 22 the
363 3082 58 22 head
439 3083 26 21 cf
479 3082 37 23 the
530 3083 51 28 bay,
599 3085 38 22 the

43 3108 115 28 following
168 3109 88 21 various
265 3113 112 24 property,
389 3113 24 19 at
421 3110 73 27 prices
510 3111 127 28 unusually

45 3135 52 23 low.

73 3168 105 27 Ploughs,
187 3169 104 27 scarifier,
301 3169 164 29 harrow-tines,
477 3174 89 24 pota'oe
576 3172 61 22 forks

46 3196 45 23 and
106 3196 62 26 hoes,
181 3196 67 28 sheep
258 3196 45 22 and
317 3198 67 21 cattle
398 3198 63 26 bells,
474 3198 90 23 Canada
574 3207 62 19 axes,

46 3222 67 23 cattle
127 3223 101 27 probang
244 3223 81 22 timber
339 3224 54 27 dogs
411 3225 44 22 and
472 3225 85 28 chain?,
569 3226 69 22 barn-

45 3249 55 23 door
110 3249 78 25 cloths,
207 3250 86 26 sickles,
305 3252 143 26 corn-sieves,
463 3259 113 15 measures
592 3254 45 21 and

45 3276 96 26 shovels,
152 3277 127 27 surveyor's
294 3277 73 28 cha'n,
380 3285 59 15 cross
449 3281 38 20 cut
502 3287 43 14 saw
554 3287 5 19 ;
560 3292 28 4 —
589 3287 48 15 ma-

44 3303 91 27 hogany
146 3303 63 22 chest
219 3304 25 21 of
251 3304 103 26 drawers,
366 3305 47 27 pier
427 3306 64 26 glass,
505 3307 51 21 card
567 3307 68 27 table,

44 3330 75 23 butler
128 3339 10 13 s
143 3334 57 23 tray,
208 3330 48 22 iron
265 3330 69 26 chest,
342 3332 79 21 hearth
428 3340 60 20 rugs,
494 3332 49 23 dish
552 3341 84 21 covers,

44 3365 70 21 paper
121 3358 34 21 for
162 3365 81 17 rooms,
256 3358 85 21 curtain
351 3366 86 20 ssrews,
448 3360 112 27 crockery,
569 3360 67 29 glass,

45 3384 44 22 and
100 3384 75 28 plated
185 3384 69 27 goods
264 3393 5 17 ;
271 3397 25 4 —
299 3385 69 22 ladies
378 3386 97 27 apparel,
487 3394 40 20 cap
537 3388 99 26 ribbons,

45 3412 92 22 scented
152 3419 71 20 soaps,
235 3411 129 28 perfumery
374 3414 25 19 of
414 3413 37 22 the
461 3414 66 21 finest
543 3415 92 26 quality,

45 3438 49 23 hair
112 3438 62 22 tooth
192 3438 45 21 and
252 3438 46 21 nail
316 3438 105 28 blushes;
424 3452 26 3 —
451 3440 123 27 stationary
592 3442 45 21 and

44 3466 94 28 playing
152 3465 70 25 cards,
235 3466 71 21 men's
321 3466 97 28 ajpirel,
430 3466 70 22 check
518 3468 44 22 and
573 3468 66 22 other

46 3493 74 27 shirts,
133 3500 12 13 a
161 3492 86 26 variety
263 3492 26 21 of
301 3494 137 26 carpenter's
447 3494 65 26 tool?,
522 3501 14 15 a
552 3502 84 20 cramp,

46 3527 66 21 camp
129 3527 28 14 ov
213 3519 68 27 tripot
295 3519 45 21 and
359 3527 72 19 crane,
447 3528 13 14 a
475 3525 79 23 pitent
570 3529 65 19 oven,

44 3547 67 27 bolts,
120 3546 71 25 locks,
204 3546 86 26 hinges,
301 3545 93 26 leather,
406 3548 14 19 2
433 3547 94 28 Spanish
545 3549 91 26 guitars,

44 3581 114 21 marquee,
178 3574 15 21 2
212 3575 65 23 tents,
294 3579 13 14 a
324 3573 26 22 M
390 3573 49 22 tosh
457 3574 39 22 life
514 3582 122 20 preserver,

44 3600 103 28 splendid
164 3600 66 21 brace
246 3599 204 23 double-barrelled
465 3600 76 28 pistols
550 3603 23 21 in
590 3610 46 14 ma-

44 3627 92 27 hogany
159 3634 62 18 case;
223 3638 27 4 —
251 3626 122 26 bees-wax,
390 3634 59 20 soap,
468 3628 80 26 starch,
565 3629 72 25 prime

45 3654 141 28 negro-head
201 3654 100 26 tobacco,
313 3653 136 23 Robinson's
464 3655 109 27 prepared
587 3656 51 22 bar-

44 3682 37 27 ley
92 3681 46 22 and
147 3683 81 25 groats,
237 3680 67 22 black
311 3687 90 21 pepper,
416 3680 90 28 allspice
514 3689 5 17 ;
520 3693 28 3 —
548 3682 88 27 spades,

45 3709 45 22 and
100 3708 90 22 shovels
206 3709 31 20 3s.
249 3707 63 25 each,
324 3707 112 27 grubbing
444 3708 55 21 hoes
509 3708 27 22 fid
549 3716 39 18 per
598 3709 38 27 lb.,

44 3742 50 16 new
104 3735 90 27 wedges
209 3734 28 22 8d
251 3741 40 21 per
306 3734 39 26 lb.,
362 3734 47 22 foot
423 3738 57 18 rests
490 3736 23 20 Is
529 3735 29 21 6d
574 3736 63 27 each,

45 3762 65 26 nails,
119 3762 45 22 fine
171 3762 67 26 clasp,
251 3769 56 19 rose,
316 3761 83 27 paling,
409 3761 86 27 shingle
503 3762 44 21 and
552 3762 83 27 batten,

46 3789 37 22 the
93 3789 36 21 4d.
141 3789 35 21 6d.
188 3788 44 22 and
249 3788 37 22 Bd.
300 3791 23 18 at
340 3788 48 22 lOd.
400 3795 39 19 per
447 3788 39 26 lb.,
501 3788 37 22 the
555 3789 49 21 lOd.
614 3794 25 17 at

45 3816 36 22 9d.
98 3823 39 19 per
146 3816 39 26 lb.,
197 3815 37 22 the
244 3814 50 22 20d.
309 3814 46 22 and
366 3814 61 28 spike
437 3818 23 18 at
469 3814 36 22 Bd.
515 3822 40 21 per
562 3815 32 22 lb.
604 3824 3 18 ;
610 3828 29 4 —

45 3843 96 22 window
157 3843 60 26 glass
226 3843 23 21 in
260 3849 92 20 squares
371 3843 26 20 10
414 3842 30 26 by
462 3842 34 26 12,
515 3842 37 22 9d.
573 3843 63 26 each,

46 3869 139 28 gunpowder
193 3870 45 20 255.
249 3876 41 20 per
299 3868 74 22 barrel
383 3868 26 21 of
421 3869 26 20 25
458 3868 50 27 lbs.,
520 3868 44 22 and
574 3869 65 22 other

45 3897 91 22 articles
153 3900 39 18 too
214 3903 123 15 numerous
355 3899 23 17 to
399 3895 109 27 mention,
527 3903 71 20 many
616 3897 27 21 of

46 3923 74 23 which
129 3930 38 16 are
178 3926 41 19 not
228 3925 22 21 to
266 3923 28 21 be
310 3922 107 22 obtained
433 3922 119 23 elsewhere
566 3923 23 22 in
601 3923 39 23 the

46 3951 94 27 Colony.

660 124 42 26 \
749 125 93 20 JOHN
865 126 125 24 LODGE,
1011 125 165 25 BUILDER,

668 158 107 48 BEGS
790 164 23 15 to
822 158 83 22 inform
917 159 38 21 the
964 159 139 22 inhabitants
1110 159 28 21 .of
1150 159 108 27 Welling-

733 190 43 21 ton,
788 185 49 22 thdt
846 185 85 28 having
941 186 56 21 been
1007 192 69 19 mnny
1086 193 64 24 years
1159 186 99 27 engaged

668 219 24 14 as
702 212 101 21 foreman
813 211 22 22 in
851 212 38 21 the
904 213 98 20 erection
1019 211 27 22 of
1059 212 119 27 buildings,
1195 213 29 21 he
1241 214 17 20 is

668 246 51 14 now
728 239 108 26 prepared
848 243 21 17 to
880 239 67 21 make
957 239 63 26 pluns
1034 238 45 22 and
1096 239 113 21 estimates
1225 239 33 21 for

668 272 46 20 any
723 264 133 27 description
873 265 25 21 of
912 265 118 27 buildings,
1049 265 44 21 and
1110 269 94 18 execute
1222 265 36 22 the

668 298 61 15 same
740 298 28 14 on
777 291 132 22 reasonable
919 295 76 24 terms,
1006 290 53 22 with
1068 291 59 27 good
1135 291 123 22 workman-

668 318 58 26 ship.

695 345 57 21 N.B.
754 355 27 4 —
782 344 22 22 A
820 344 95 22 wooden
930 344 71 22 house
1017 347 24 18 to
1057 344 28 22 be
1105 343 103 28 disposed
1227 345 29 27 of,

668 372 54 20 20fr.
736 373 27 25 hy
773 371 53 22 14ft.

694 397 124 22 Thorndon
829 398 73 24 Quay,
914 397 53 22 Jan.
977 399 34 23 21,
1024 398 62 20 1841.

2101 130 67 22 FOR
2184 131 97 27 SALE,

1907 161 70 49 AN
1992 162 179 23 EXCELLENT
2185 164 147 24 CANTEEN
2342 174 5 18 ;
2370 167 80 23 would-
2459 167 29 23 b«

1982 189 69 22 useful
2061 192 22 18 to
2093 197 41 20 any
2145 197 43 14 one
2200 193 179 27 accompanying
2389 193 38 23 the
2436 195 53 21 Sur-

1905 222 85 20 veyors.
2018 216 94 27 Enquire
2120 220 24 18 at
2154 216 37 22 the
2231 218 95 22 Gazette
2363 220 79 22 Office.

1904 260 71 20 THE
1999 260 87 22 HOPE
2111 261 132 22 COFFEE
2267 264 56 20 and
2349 264 139 22 EATING

2131 288 124 22 HOUSE.

1907 319 34 48 S
1973 319 167 23 MARSHALL
2155 320 55 29 begs
2228 322 64 23 leave
2310 326 24 19 to
2351 322 85 23 inform
2455 323 36 23 his

1947 356 10 10 •
1987 346 81 22 friends
2078 347 41 21 and
2129 347 39 22 the
2177 348 76 27 public
2263 349 23 22 in
2296 350 100 26 general,
2405 350 50 22 that
2461 351 29 22 he

1906 372 39 21 has
1954 373 83 26 opened
2046 373 38 21 the
2094 373 67 22 above
2170 374 78 28 house,
2257 376 45 22 and
2308 376 72 27 hopes
2388 376 30 22 by

1905 399 108 22 attention
2023 402 21 18 to
2055 406 106 21 economy
2171 401 44 22 and
2226 402 92 28 quality,
2336 403 84 25 t\\f\\^r-

1906 426 86 21 receive
2003 433 12 14 a
2022 425 63 22 share
2095 426 23 21 of
2130 427 57 21 their
2196 433 100 21 support.
2331 440 3 4 •
2363 433 3 4 '

1933 458 49 21 Hot
1988 458 70 28 joints
2069 459 66 28 ready
2149 460 56 21 froir
2219 475 6 5 .
2234 466 14 9 ■>-
2262 472 23 14 vl
2286 467 7 19 j
2302 465 22 21 2.
2352 464 58 22 Cold
2420 465 72 26 joints

1905 485 83 27 always
1998 486 71 27 ready.

2123 534 141 22 NOTICE.

1919 562 84 36 AZ>~
2020 573 77 20 person
2111 566 100 23 desirous
2229 569 26 21 of
2271 569 104 28 building
2391 578 29 15 on
2436 571 53 23 land

2105 592 35 22 the
2152 597 67 24 town,
2238 602 40 16 can
2289 604 95 19 procure
2392 597 55 23 land
2457 598 32 22 for

1903 617 42 22 <7ie
1955 626 90 20 purpose
2052 619 46 22 free
2109 620 23 21 of
2142 624 58 24 rent,
2217 622 31 27 by
2263 623 108 28 applying
2381 627 22 19 to
2413 624 76 23 James

1910 644 65 25 Watt,
1988 644 48 25 Esq.

668 453 51 45 A
748 450 133 27 HEWITT,
893 450 160 25 Fishmonger,
1066 450 110 22 Lambton
1185 452 72 27 Quay,

722 487 12 11 •
752 477 146 27 Wellington,
905 481 89 17 returns
1003 477 34 21 his
1048 477 86 21 sincere
1145 477 82 23 thanks
1237 482 22 18 to

668 504 38 21 the
724 503 139 22 inhabitants
880 506 25 19 ot
927 504 46 21 this
992 503 86 28 Colony
1096 504 34 21 for
1149 503 38 22 the
1206 512 53 20 very

667 529 78 23 liberal
764 533 93 23 support
872 530 29 22 he
916 529 41 22 has
973 530 84 22 hithert
1067 540 5 9 1
1086 531 110 26 received,
1215 532 43 21 and

668 557 54 26 begs
733 560 21 18 to
763 557 83 21 intorm
857 556 60 22 them
929 557 47 21 that
993 557 26 21 he
1031 557 39 21 has
1079 557 65 21 made
1154 564 105 21 arrange-

668 587 74 18 ments
757 583 35 21 for
811 590 13 14 a
839 587 105 17 constant
960 583 79 28 supply
1058 583 26 21 of
1105 583 37 21 the
1161 583 99 24 choicest

668 610 102 21 varietips
781 609 25 21 of
817 609 49 27 fish,
886 609 71 22 which
976 613 26 18 lie
1019 609 138 28 confidently
1175 618 84 15 recom-

668 636 79 22 mends
757 641 21 16 to
789 635 38 22 the
836 636 76 27 public
923 644 24 14 as
954 637 68 26 being
1029 636 26 21 of
1067 637 36 21 the
1112 637 48 21 bost
1166 639 92 26 quality.

695 663 83 21 Ofders
788 663 33 21 for
832 663 106 27 shipping
947 663 109 27 received,
1072 663 46 21 and
1128 665 130 28 punctually

668 689 108 22 attended
785 694 30 17 to.

825 723 100 15 OYSTERS
940 723 70 15 FRESH
1027 724 77 14 DAILY.

696 750 63 27 Also,
770 758 14 14 a
793 750 81 28 supply
884 750 26 22 of
926 750 127 27 vegetables
1070 750 59 23 fresh
1145 751 59 22 from
1222 752 37 22 the

667 778 85 26 garden
764 777 66 27 daily.

1286 126 70 48 ON
1371 126 86 27 SALE,
1474 133 28 15 ex

1367 153 154 27 Champagne,

1364 179 119 28 Sauterne,

1364 205 91 27 Bars-c,

1364 232 119 27 Bngnolle,

1364 258 55 22 Port
1429 259 45 22 and
1484 259 86 27 sherry,

1366 286 73 21 Cidbr
1449 286 23 21 in
1484 286 63 22 wood
1557 286 46 21 and
1611 286 79 26 bottle,

1365 312 97 21 Cherry
1474 313 104 25 Brandy,
1590 313 100 27 superior
1699 313 93 28 quality,

1364 338 117 28 Barclay's
1490 343 66 23 stout,
1568 340 22 20 in
1601 339 76 26 bottle,

1366 364 119 23 Schiedam
1495 366 22 21 in
1530 373 69 16 cases,
1611 367 108 26 superior,

1365 390 55 23 Pale
1429 392 87 28 brandy
1526 393 24 20 in
1562 396 89 23 quarter
1660 392 71 22 casks.

1311 418 111 21 Muscatel
1438 419 45 21 and
1500 419 64 21 other
1573 420 85 26 raisins,
1676 419 127 22 Barcelona
1814 423 61 22 nuts,

1285 444 55 22 shell
1350 444 110 28 almonds,
1472 446 76 26 olives,
1559 445 92 27 pickles,
1662 453 85 20 sauces,
1759 446 62 22 salad
1831 447 45 21 and

1286 470 62 23 other
1354 470 47 28 oils,
1408 472 118 26 raspberry
1532 472 45 21 and
1583 472 64 22 other
1655 474 111 26 vinegars,
1775 473 100 27 English,

1286 497 80 26 Dutch,
1383 498 45 21 and
1443 498 102 22 Colonial
1562 499 86 27 cheese,
1662 500 64 21 York
1741 500 45 21 and
1804 500 73 20 West-

1286 524 72 35 phalia
1372 524 71 28 hams,
1460 525 80 27 butter,
1558 526 62 26 soda,
1640 526 81 27 starch,
1738 526 60 27 blue,
1814 526 61 27 salts,

1286 550 63 22 black
1359 555 42 21 tea,
1414 552 76 27 coffee,
1503 559 47 15 raw
1566 553 45 21 and
1629 552 62 28 lump
1706 560 73 20 sugar,
1797 553 80 21 basket

1285 577 47 27 salt,
1349 578 53 21 bath
1416 578 81 26 bricks,
1512 587 54 19 rope
1584 580 45 21 and
1643 580 85 26 twines,
1746 580 129 21 Stockholm

1286 609 32 16 tar
1325 605 22 20 in
1356 604 49 22 half
1412 605 91 25 barrels,
1517 606 54 21 lime
1578 606 68 27 juice,
1657 606 72 21 Patna
1738 606 52 27 rice,
1800 606 75 22 mould

1286 631 96 25 candles,
1393 632 67 21 white
1472 632 56 26 lead,
1544 634 107 26 mustard,
1670 634 40 20 &c.
1727 633 40 21 &c.
1777 641 4 18 ;
1802 628 80 32 f""^'

1286 658 58 26 large
1355 662 136 19 assortment
1505 660 26 21 of
1547 660 70 21 broad
1632 660 44 21 and
1693 667 87 14 narrow
1799 667 77 20 j^ciis,

1285 684 59 26 silks,
1355 684 79 28 prints,
1446 686 135 22 mousseline
1592 687 27 21 de
1633 686 78 22 lames.
1768 691 50 24 vls,
1834 689 45 21 rib-

1286 711 61 25 bons,
1366 711 181 29 handkerchiefs,
1568 713 99 27 muslins,
1720 724 55 19 ,/es,
1799 715 80 22 haber-

1286 738 101 27 dashery,
1399 739 40 21 &c.
1451 739 40 22 &c.

1585 766 19 14 v
1624 776 45 15 .itt
1683 769 47 21 and
1742 769 109 23 Tinline.

1312 790 52 23 Jan.
1375 792 34 26 28,
1422 794 61 20 1841.

1491 850 69 20 .OS
1576 849 97 26 SALE,

1288 879 109 49 ACO
1399 879 10 9 T
1431 882 76 22 \fRY
1542 882 137 26 SECTION,
1711 884 59 24 (first
1792 884 85 26 series,)

1350 914 11 10 r
1392 916 56 15 .ioer
1457 917 53 19 very
1519 909 51 22 low.
1601 910 61 26 Also,
1673 910 34 21 for
1717 910 58 27 Sale,
1784 918 24 15 or
1818 914 23 18 to
1852 911 26 22 be

1288 933 14 21 L
1305 940 10 9 r
1318 937 5 5 '
1350 940 65 17 .yater
1424 936 102 27 frontage
1536 943 55 15 near
1601 936 38 22 the
1651 936 59 23 head
1727 937 25 22 of
1768 938 37 21 the
1822 938 55 27 Bay,

1308 967 22 16 ,d
1340 962 106 28 Building
1458 963 66 27 Plots,
1543 964 145 27 overlooking
1705 964 37 22 the
1761 964 54 28 Bay,
1834 966 45 21 and

1287 989 91 22 secured
1388 990 57 21 from
1456 990 37 22 the
1504 994 43 17 two
1558 990 116 22 nrevalent
1684 991 77 22 winds.

1313 1016 100 22 Address
1425 1017 28 22 G.
1464 1018 34 26 T.,
1667 1018 79 23 Office.

1290 1070 183 47 BUILDING
1488 1071 136 22 Allotments
1639 1075 21 18 to
1675 1072 49 28 Let,
1734 1074 23 21 in
1769 1073 48 22 that
1827 1075 52 21 Sec-

1350 1098 44 20 tion
1406 1098 106 22 bounded
1523 1105 23 20 D3
1546 1106 6 8 r
1559 1099 320 27 Taranaki-placeandCuba-

1278 1141 6 14 „
1326 1127 33 18 -et.
1390 1125 44 26 Apj
1444 1124 23 27 ly
1484 1129 21 17 to
1523 1125 64 22 John
1605 1126 72 26 Yule,
1698 1126 94 28 Petoni;
1813 1135 26 14 or
1857 1131 22 19 to

1287 1166 2 3 ■
1313 1162 18 7 r-
1357 1158 67 15 'bai.d
1435 1152 53 21 And
1496 1159 74 19 jrson,
1582 1152 146 28 Wellington.

1277 1188 2 11 1
1310 1187 30 14 >..
1352 1178 87 21 member
1450 1180 32 23 17,
1494 1180 60 20 1840.

82 126 258 20 IMMIGRATION
355 124 252 21 DEPARTMENT.

51 159 205 22 /CLASSIFIED
276 159 37 21 list
329 159 27 21 of
374 158 151 27 Immigrants,
542 157 23 21 bt
569 157 71 27 ought

53 191 38 15 >^
122 190 39 17 out
171 190 23 17 at
204 186 36 21 the
251 193 99 20 expense
360 185 25 21 of
405 185 37 21 the
463 184 54 22 New
537 184 104 22 Zealand

49 213 122 26 Company,
184 213 22 20 in
218 212 36 22 the
263 212 49 27 ship
528 212 41 20 SUO
577 216 58 22 tons,

49 239 64 27 Capt.
127 239 80 27 Petrie,
219 240 57 21 from
287 238 103 23 London.

345 270 54 18 Wale.
446 270 78 18 Female.
571 270 59 19 Total.

75 291 65 28 Adult
140 291 26 28 3,
174 291 119 23 married..
329 294 63 19 ..41
475 293 26 20 41
585 293 27 20 82

89 319 53 27 Do.,
171 319 71 27 single
273 333 75 6 ....
366 320 29 20 24
476 319 26 21 21
584 319 28 21 45

366 373 29 21 65
476 372 28 21 62
573 373 40 21 127

75 397 79 24 Under
164 399 28 22 14
200 406 65 19 yecra
275 399 27 22 of
312 407 42 20 age
367 411 29 5 —
475 409 29 5 —
585 400 28 21 92

266 452 89 22 Tctal..
569 453 43 20 219

312 506 85 16 Married.
451 505 65 21 Single.
570 504 58 18 Total.

75 526 193 26 Agriculturalists
289 529 75 19 ....11
475 527 14 20 5
587 527 32 25 16,

75 552 151 23 Blacksmiths
353 554 13 20 5
477 554 10 20 1
599 554 12 19 6

75 579 145 22 Bootmaker
354 581 134 20 10
599 580 9 20 1

75 606 95 22 Cabinet
181 611 75 16 maker
352 608 14 19 3
475 607 14 20 0
597 606 14 20 3

75 632 123 28 Carpenter
353 634 13 20 7
474 633 14 20 6
585 633 26 20 13

68 659 87 27 Cooper
353 661 10 20 3
476 660 10 20 1
597 660 14 19 2

75 686 64 26 Dyer
355 687 9 20 1
472 686 17 21 O
599 686 9 20 1

75 712 57 22 Flax
145 713 86 21 dresser
356 714 8 19 1
475 713 15 20 0
599 712 10 21 1

75 739 116 22 Labourer
353 740 13 20 2
475 740 13 20 8
585 739 26 20 10

74 765 92 23 Painter
352 768 13 19 2
475 766 11 21 1
597 766 13 20 3

74 792 88 22 Printer
353 794 9 19 1
475 792 11 21 1
597 792 14 21 2

75 820 90 27 Sawyer
354 820 134 20 10
599 819 9 20 1

75 846 114 27 Shopman
353 846 10 21 1
474 846 15 21 0
598 846 10 19 1

75 873 146 21 Stonemason
353 873 135 20 10
598 872 9 20 1

75 899 161 27 Stock-keeper
352 900 13 20 2
475 899 11 21 1
594 898 16 21 3

73 926 76 22 Tailor
353 926 9 21 1
474 926 13 21 0
598 926 9 19 1

337 980 26 21 41
460 980 29 21 24
583 980 26 20 65

74 1006 136 27 Sempstress
219 1020 32 6 ...
261 1018 5 8 1
273 1020 46 6 ....
597 1007 12 20 8

72 1034 99 21 Servant
584 1033 26 21 13

582 1088 26 21 86

291 1112 30 23 D-
337 1114 137 27 RIDDIFORD,

400 1147 138 28 Emigration
552 1148 85 27 Agent.

73 1180 146 25 Wellington,
231 1181 53 21 Feb.
295 1182 21 23 2,
331 1183 60 20 1841.
634 1182 9 11 N
