3300 4360
20 171 445 81 Hot
613 171 743 81 Lakes
1504 171 1485 81 Chronicle.

451 411 216 41 -A.3ST2D
719 415 504 43 TOTJRISTS'

463 525 453 91 Circulating
936 530 453 86 throughout
1411 529 127 69 the
1563 529 287 70 Tourist
1896 532 303 72 Resorts
2246 539 80 68 of
2361 539 126 69 the
2531 541 266 69 World.

84 675 58 21 TOL.
157 677 18 17 4.
206 675 40 19 No.
262 677 37 17 202

1255 680 137 21 ROTORUA,
1410 680 57 21 N.Z.,
1486 680 184 21 WEDNESDAY,
1688 680 124 19 OCTOBER
1827 681 29 20 14,
1875 682 47 17 1890

2849 695 255 26 PEICE—TEKEEPEN
3110 703 21 18 CI

144 820 48 25 Do
205 820 57 25 not
275 820 120 31 Forget
462 820 12 24 I

143 867 252 46 CRAIG'S
463 875 12 52 ;:

64 927 15 23 I
108 931 165 20 CURIOSITY
292 931 80 18 SHOP
390 930 47 19 and
462 915 13 33 1

199 959 143 22 MUSEUM,

465 975 11 22 I

130 999 113 24 Opposite
251 998 79 19 Grand
336 997 77 23 Hotel,
463 999 19 29 j»

63 1034 16 34 1
94 1039 125 27 PRINCES
230 1039 45 28 ST,
285 1016 197 49 RUCKLRND.I

142 1162 141 16 INSURS
308 1161 94 16 SnilTH

65 1197 41 19 TEE
112 1196 80 17 SOUTH
198 1195 101 16 BRITISH
306 1195 58 16 VIRE
369 1195 14 16 &
392 1194 98 16 MARINE

129 1218 43 16 Coy.
182 1217 30 16 OF
222 1216 57 16 NEW
287 1216 122 16 ZEALAND.

63 1251 66 15 Capital
386 1246 103 18 £1,900,000

99 1276 95 17 Unlimited
209 1275 75 21 liability
292 1275 18 16 of
317 1274 129 17 Shareholders.

63 1300 49 19 Being
120 1303 7 11 a
138 1296 77 18 Colonial
228 1297 103 16 Institution
345 1296 62 16 Profits
421 1301 28 10 are
462 1296 18 16 in-

204 1318 59 16 vested
269 1318 69 20 locally.

63 1340 42 19 Head
121 1340 57 19 Office,
399 1338 90 16 Auckland

63 1362 43 18 Local
116 1364 52 18 agent
347 1360 11 16 J
376 1359 27 18 W.
410 1359 80 22 Wrigley

63 1428 155 45 ROTORUA
241 1428 93 41 BOOT
355 1427 26 41 &
400 1427 89 41 SHOE

207 1492 127 42 DEPOT,

61 1886 14 19 A
92 1885 66 25 Large
178 1885 63 19 Stock
261 1886 21 18 of
300 1885 94 22 German,
411 1883 78 20 French

124 1912 40 18 and
173 1911 92 20 Colonial
277 1912 62 18 Boots
349 1910 76 25 always

218 1938 21 19 in
258 1937 67 19 Stock.

62 1975 62 20 BEST
133 1975 78 19 MATE
216 1975 72 19 RIAL.
326 1974 17 18 B
348 1973 47 20 EST
405 1972 84 21 WORK

61 2095 157 22 Hand-sewn
228 2094 81 23 Boots
319 2100 15 16 a
350 2093 137 29 Specialty.

63 2166 204 45 Rotorua
291 2157 196 52 Sawmill

143 2221 248 55 Company.

67 2309 114 17 fTTHITE
194 2308 55 18 AND
266 2308 53 16 RED
337 2307 65 17 PINE
421 2307 20 16 of
457 2306 32 17 the

72 2324 26 27 >\
141 2331 56 18 finest
204 2331 76 23 quality
288 2330 39 18 and
341 2330 92 22 carefully
450 2331 38 16 out.

240 2354 65 17 ALSO

60 2383 83 27 Matai,
175 2382 128 27 Pukatea,
332 2381 51 22 and
410 2380 78 23 Tawa

94 2413 129 29 Shingles,
235 2412 117 29 Palings,
366 2410 96 23 Blocks

197 2443 52 23 aud
257 2443 83 22 Posts-

80 2475 18 19 A
111 2475 52 24 good
175 2474 41 19 and
226 2474 91 19 assorted
328 2473 74 25 supply
412 2472 76 25 always

59 2508 20 12 o:i
89 2501 53 20 hand
152 2504 22 16 at
183 2500 35 19 the
228 2500 84 19 Timber
324 2499 61 23 Yard,

176 2532 184 17 ROTORUK.

60 2562 156 25 N.B.—Special
224 2568 46 12 care
280 2561 64 19 taken
354 2561 21 18 iu
393 2560 35 18 the
446 2566 33 12 sea-

228 2588 81 24 soning.

60 2627 99 18 PRICES
172 2626 40 19 AT
225 2624 146 20 CURRENT
384 2623 104 19 RATES.

91 2658 38 19 W.
146 2656 169 23 HENSHAW,
325 2656 120 22 Manager.

61 2799 426 35 CARPENTER,

157 2850 106 19 FENTON
280 2850 103 20 STREET,

146 2902 101 18 OrrosiTE

79 2937 66 18 Sashes
153 2937 54 17 made
246 2937 61 17 order.

60 3074 108 20 BARBER
190 3074 60 19 AND
280 3071 209 24 HAIRDRESSER,

59 3114 86 42 I)EG>
156 3117 20 16 to
187 3120 105 13 announce
304 3113 44 19 that
356 3113 25 18 ho
392 3113 84 18 hascom-

78 3133 14 25 y
122 3140 81 20 menced
215 3140 95 19 business
319 3140 21 18 in
352 3139 34 19 the
404 3139 50 24 shop
469 3137 21 19 in

59 3169 30 19 the
103 3167 33 19 old
152 3170 60 19 town,
233 3165 97 25 formerly
350 3165 96 24 occupied
463 3163 27 24 bj'

60 3194 27 19 Mr
96 3193 123 24 McFadyen,
230 3193 87 22 saddler,
335 3191 41 19 and
392 3191 63 24 hopes
469 3191 21 17 to

59 3221 53 19 merit
124 3227 11 12 a
145 3221 58 17 share
216 3219 20 18 of
247 3219 35 18 the
292 3218 70 25 public
372 3219 91 22 support.

78 3321 21 18 A
108 3320 83 19 Choice
202 3318 153 20 Assortment
369 3316 26 19 of
406 3316 70 19 Tobac-

60 3349 39 18 cos,
110 3344 86 26 Cigars,
207 3342 132 24 Cigarettes
346 3340 20 19 &
373 3339 117 19 Smoker's

61 3368 132 18 Recmisites.

275 3434 14 18 C
315 3434 12 17 A
356 3431 76 19 ULE
441 3431 24 21 Y,

61 3513 117 24 Plumber
194 3513 22 22 &
226 3511 114 24 General
352 3509 138 24 Mechanic

239 3575 40 14 kai
298 3569 93 20 Street,

103 3685 134 42 HORACE
260 3681 180 44 STEWART.

69 3750 93 20 lADDLE,
177 3748 126 20 HARNESS,
317 3747 54 18 AND
389 3744 101 19 COLLAR

223 3780 101 20 MAKER,

98 3815 181 23 FENTON-ST.,
294 3812 153 21 ROTORUA.

61 3901 97 22 Saddles,
175 3900 95 22 Bridles,
285 3899 95 21 Collars,
395 3895 92 23 Chains,

78 3941 55 22 Bits,
140 3941 80 22 Spurs,
229 3940 105 18 Harness
347 3938 69 22 Soap,
424 3936 41 19 &c.

78 4014 116 21 Coachaline,
205 4020 11 10 a
232 4011 116 24 waterproof
364 4008 125 24 preservative

59 4036 25 18 for
92 4038 25 17 all
125 4038 56 17 kinds
189 4038 20 16 of
221 4036 79 18 leather.

77 4070 84 19 Axleine,
180 4075 10 10 a
204 4068 73 22 perfect
292 4064 98 20 lubricant
404 4063 30 17 for
448 4068 31 12 car-

59 4092 61 23 riages,
131 4097 97 18 waggons,
238 4092 32 16 &c.

78 4125 70 17 Collars
157 4123 54 18 made
225 4124 20 15 to
259 4125 85 14 measure
359 4124 24 12 on
399 4117 33 17 the
446 4122 33 17 pre-

59 4147 49 17 mises
117 4154 11 10 a
136 4146 103 23 speciality.
278 4141 126 24 Lengthened
415 4142 74 28 expen-j

59 4174 39 14 ence
105 4171 20 17 in
134 4170 25 17 all
168 4170 67 16 classes
245 4169 20 17 of
270 4165 96 20 Saddler's
374 4163 58 18 work.
458 4163 32 16 All

59 4194 58 16 orders
127 4193 97 19 promptly
232 4189 92 20 attended
335 4189 27 17 to.

803 938 281 52 ROTORUJL
1129 940 126 45 .NEW
1292 938 273 47 ZEJILJLND.

514 1026 36 43 I)
559 1026 177 18 OTORUA.—This
745 1027 106 18 wonderful
857 1029 74 18 district
938 1030 16 16 is
962 1029 130 23 unparalleled
1100 1029 19 17 in
1127 1029 33 18 the
1168 1030 70 16 known
1247 1029 60 17 world
1315 1029 30 17 for
1353 1029 32 17 the
1394 1029 80 17 number
1482 1028 38 18 and
1528 1029 73 22 variety
1610 1030 20 16 of
1637 1029 25 17 its
1671 1029 87 18 Thermal
1768 1029 83 22 Springs.

541 1049 16 19 \j
581 1050 26 17 As
616 1056 10 11 a
635 1049 64 18 health
709 1051 59 16 resort
776 1051 24 16 its
809 1052 109 22 popularity
927 1053 14 16 is
950 1052 75 23 rapidly
1033 1053 111 22 increasing,
1154 1053 38 16 and
1204 1053 44 16 that
1261 1053 80 21 entirely
1359 1058 25 11 on
1396 1052 25 17 its
1439 1057 42 12 own
1498 1052 70 20 merits,
1585 1058 21 11 as
1622 1052 85 17 hitherto
1722 1052 81 22 nothing
1820 1053 33 16 has

512 1072 48 17 been
569 1073 49 17 done
625 1073 20 17 in
653 1073 33 16 the
694 1079 42 16 way
745 1074 19 16 of
773 1074 121 24 advertising.

547 1096 74 17 'atients
630 1096 90 22 suffering
727 1096 49 17 from
785 1096 87 22 Chronic,
882 1098 100 19 Articular,
992 1098 38 17 and
1038 1098 97 18 Muscular
1143 1098 128 19 rheumatism,
1282 1098 56 20 Gout,
1348 1097 101 19 Ithumatic
1456 1098 57 19 Gout,
1528 1098 45 16 Skin
1581 1098 92 18 Diseases.
1691 1098 85 20 Sciatica,
1794 1099 48 16 Lura-

514 1124 55 18 uago,
588 1119 108 23 Neuralgia,
715 1119 85 17 Nervous
816 1120 125 20 Exhaustion,
960 1121 77 17 Uterine
1053 1121 99 21 Ailments,
1170 1121 37 17 and
1223 1121 57 22 tardy
1296 1121 141 18 eonvalescense
1453 1121 50 17 from
1519 1122 54 16 acute
1590 1121 80 17 diseases
1686 1126 45 18 may
1747 1121 39 22 rely

513 1142 100 22 obtaining
620 1142 90 18 immense
719 1142 57 21 relief,
786 1143 39 17 and
833 1145 20 16 in
860 1144 32 17 tlio
900 1145 90 21 majority
999 1144 21 17 of
1027 1150 50 11 cases
1086 1150 12 11 a
1106 1144 91 22 complete
1207 1150 50 11 cure.

536 1203 52 16 THE
601 1202 112 18 PRIEST'S
721 1203 146 18 BATH.—This
875 1204 16 17 is
900 1205 87 22 strongly
995 1204 47 18 acid,
1056 1205 112 19 aluminous,
1185 1204 79 22 sulphur
1280 1206 64 18 water,
1362 1204 65 22 acting
1444 1210 19 11 as
1481 1209 11 13 a
1508 1204 93 22 powerful
1617 1205 43 17 skin
1675 1204 105 18 stimulant.
1812 1204 42 18 Hot

512 1225 38 17 and
560 1225 40 18 cold
611 1225 85 21 showers,
706 1225 38 17 and
753 1226 81 17 douches
843 1233 30 11 are
882 1227 91 22 provided
981 1227 37 17 and
1027 1227 126 22 comfortably
1161 1227 86 17 enclosed
1256 1227 85 23 dressing
1350 1233 61 11 rooms

536 1248 113 18 MADAME
670 1248 125 19 RACHEL'S
815 1250 145 18 BATH.—-This
969 1250 106 19 celebrated
1082 1250 71 23 Spring
1160 1250 16 18 is
1184 1256 11 11 a
1211 1251 63 16 Saline
1287 1252 60 16 water
1359 1250 47 17 with
1422 1250 91 20 Silicates,
1528 1251 38 16 and
1578 1251 34 17 has
1629 1256 24 13 an
1667 1251 82 17 alkaline
1764 1251 88 18 reaction.

512 1272 40 16 The
561 1273 58 15 water
626 1272 16 17 is
651 1271 39 17 also
698 1271 46 18 usjd
752 1272 102 23 internally
863 1274 30 16 for
900 1274 26 16 its
934 1274 96 17 beneficial
1039 1274 62 16 action
1110 1279 24 12 on
1143 1274 32 16 tlio
1183 1274 85 21 kidneys.

536 1295 52 16 THE
609 1295 68 17 BLUE
697 1295 145 18 BATH.—This
858 1296 16 17 is
891 1296 32 17 the
939 1296 71 23 largest
1025 1296 76 17 natural
1119 1296 106 23 swimming
1241 1293 47 21 bath
1302 1296 20 18 in
1337 1297 32 17 the
1386 1296 93 18 Southern
1488 1296 130 23 Hemisphere.
1644 1297 20 17 It
1673 1297 69 17 affords
1750 1296 103 19 rheumatic

512 1317 81 17 invalids
601 1323 11 12 a
621 1324 63 11 means
693 1318 20 16 of
721 1318 67 21 taking
797 1319 81 21 painless
887 1320 86 20 exercise,
983 1319 61 17 which
1053 1319 46 23 they
1107 1319 67 23 highly
1183 1319 113 23 appreciate.

536 1341 52 16 THE
597 1341 123 18 SULPHUR
727 1341 106 18 VAPOUR
842 1342 145 17 BATH.—This
993 1343 16 16 is
1014 1349 11 10 a
1032 1342 75 17 natural
1113 1343 34 16 hot
1151 1349 79 15 vapour,
1236 1342 69 22 highly
1310 1342 82 22 charged
1397 1343 47 16 with
1451 1342 79 22 sulphur
1538 1349 60 16 gases,
1611 1343 104 18 conducted
1729 1343 40 18 into
1784 1349 11 11 a
1808 1349 34 15 pro-

512 1363 54 22 perly
575 1364 118 17 constructed
702 1364 57 19 chest,
769 1364 19 18 in
798 1365 60 17 which
865 1365 32 18 the
904 1366 32 16 the
941 1366 74 21 patient
1023 1366 39 17 sits,
1073 1366 54 16 while
1136 1370 12 12 a
1154 1366 68 17 stream
1229 1366 20 17 of
1254 1366 87 22 palpable
1351 1365 79 23 sulphur
1435 1366 16 16 is
1456 1366 58 21 being
1519 1366 83 17 constanl
1608 1366 19 21 ly
1632 1366 97 22 deposited
1735 1372 24 11 on
1766 1366 32 18 the
1805 1366 47 17 skin.

536 1386 52 18 THE
609 1387 59 17 NEW
689 1387 122 17 SULPHUR
831 1389 145 17 BATH.—This
989 1389 15 17 is
1017 1394 11 12 a
1040 1394 44 17 very
1098 1390 65 20 strong
1174 1389 60 17 acidic
1246 1390 59 15 water
1316 1389 20 17 of
1349 1389 46 20 high
1408 1390 132 21 temperature,
1554 1389 38 17 and
1609 1390 86 21 strongly
1712 1389 141 18 recommended

512 1410 20 17 in
548 1415 51 12 cases
616 1410 19 17 of
650 1410 122 17 rheumatism
781 1411 39 16 and
828 1411 57 17 allied
893 1411 86 18 diseases.
1003 1411 39 18 The
1051 1411 47 18 bath
1112 1412 58 17 house
1186 1412 16 17 is
1218 1411 76 18 divided
1310 1412 40 17 into
1366 1411 69 18 Ladies
1451 1411 37 18 and
1505 1411 121 19 Gcntlcmens
1642 1412 128 22 departments
1785 1412 37 17 and
1838 1412 16 17 is

513 1433 76 22 capable
599 1433 20 18 of
626 1433 162 21 accommodating
796 1436 34 15 400
840 1434 76 17 bathers
925 1435 56 22 daily.

536 1457 52 15 THE
598 1457 161 17 ELECTRICAL
767 1457 254 18 DEPARTMENT.—This
1030 1458 119 21 department
1164 1458 15 17 is
1196 1458 71 22 replete
1284 1458 46 18 with
1344 1458 32 18 the
1393 1459 49 16 most
1456 1457 77 19 modern
1550 1458 107 23 appliances
1674 1460 29 16 for
1719 1458 88 24 carrying
1821 1459 33 17 out

512 1479 75 16 various
597 1480 57 16 forms
663 1480 19 16 of
691 1479 78 18 medical
778 1480 93 17 electrical
880 1483 102 15 treatment
990 1481 19 17 in
1018 1481 50 17 their
1079 1481 87 22 entirety.

537 1502 52 17 THE
596 1502 189 18 HYDROPATHIC
792 1503 116 18 PACKING
914 1504 53 17 AND
974 1504 119 17 MASSAGE
1098 1503 225 19 DEPARTMENT.—A
1330 1504 55 17 series
1391 1505 19 16 of
1417 1510 61 11 rooms
1485 1510 30 11 are
1525 1504 98 17 furnished
1631 1505 38 18 and
1677 1505 28 17 sot
1712 1506 54 21 apart
1773 1505 29 18 for
1808 1505 45 17 each

513 1531 39 14 sex,
559 1525 19 17 in
584 1526 55 16 order
644 1528 19 15 to
672 1531 54 17 carry
731 1528 34 15 out
773 1526 38 17 this
817 1526 103 23 important
927 1527 79 22 adjunct
1011 1529 19 16 to
1038 1528 107 17 treatment.
1151 1528 39 17 The
1195 1527 78 19 services
1281 1528 19 17 of
1305 1534 10 11 a
1321 1527 88 23 qualified
1416 1528 95 17 Masseuse
1517 1528 37 16 and
1559 1528 86 17 Masseur
1653 1534 31 11 are
1693 1528 113 17 obtainable.

583 1604 115 18 CAMILLE
711 1604 132 21 MALFROY,
853 1606 46 18 Esq.

1401 1584 92 17 Resident
1501 1583 81 18 Medical
1592 1583 168 22 Superintendent:

1479 1606 102 18 ALFRED
1595 1607 120 21 GINDERS,
1729 1608 53 17 -U.D.

720 1891 56 23 Two
789 1891 71 23 miles
874 1891 74 30 from
967 1891 121 28 Rotorua,
1110 1890 134 31 adjoining
1258 1891 150 30 interesting
1418 1891 82 23 native
1511 1892 144 23 settlement.

1032 2047 25 22 P
1075 2048 26 22 A
1125 2046 24 25 T
1164 2047 24 24 R
1209 2047 21 23 O
1248 2047 33 24 N
1298 2047 20 23 S
1329 2056 9 16 ;

653 2086 54 20 Earl
731 2087 27 18 of
779 2086 107 23 Kintore,
913 2086 54 19 Earl
992 2087 27 18 of
1041 2087 99 22 Onslow,
1162 2087 105 24 Marquis
1288 2088 26 17 of
1333 2087 128 23 Drogheda,
1485 2087 60 18 Lord
1568 2086 145 25 Carrington.

514 2118 88 19 rinTIIS
616 2119 92 19 HOTEL
719 2119 35 18 lias
764 2118 90 25 recently
865 2119 51 18 been
926 2119 141 23 considerably
1077 2119 102 23 enlarged,
1191 2119 116 23 renovated,
1319 2119 40 18 and
1369 2118 129 20 refurnished
1509 2119 114 25 regardless
1632 2120 21 18 of
1668 2125 94 19 expanse,
1781 2119 40 19 and
1837 2120 17 18 is

519 2141 26 24 JL
581 2145 71 24 widely
662 2145 74 18 known
746 2145 32 19 for
788 2145 26 18 its
825 2144 99 19 excellent
934 2144 177 22 accommodation,
1124 2145 87 22 Cuisine,
1223 2146 34 18 &c.

887 2178 75 24 Here
974 2187 45 15 are
1030 2179 41 23 the
1086 2178 80 32 Chief
1174 2180 87 30 Sights
1273 2180 32 31 of
1312 2180 41 23 the
1364 2179 118 24 District.

642 2219 70 19 The'
712 2219 126 19 Wonderful
847 2219 80 19 Steam
936 2220 46 18 and
992 2220 48 18 Hot
1048 2220 83 18 Water
1140 2220 130 23 Petrifying
1279 2220 99 23 Geysers
1393 2220 79 23 playing
1485 2221 64 20 nearly
1568 2221 32 17 100
1617 2220 37 18 feet
1671 2220 53 22 high.

513 2243 133 23 Petrifying
654 2243 105 23 Geysers,
769 2243 130 17 Cauldrons
908 2243 26 17 of
941 2242 91 23 Boiling
1039 2243 58 19 Mud
1106 2243 46 17 and
1161 2243 41 19 Oil.
1228 2244 77 22 Spout
1314 2244 65 21 Bath,
1390 2243 36 18 Oil
1435 2243 65 22 Bath,
1510 2243 72 18 Aium
1590 2243 61 18 Bath
1660 2243 21 19 &
1695 2243 78 19 Jack's
1786 2244 66 18 Bath.

513 2265 79 21 Known
604 2267 31 19 for
643 2267 34 18 the
684 2266 153 24 extraordinary
847 2272 56 13 cures
911 2266 21 19 of
943 2266 148 24 Rheumatism,
1102 2266 118 25 Keuralgia,
1230 2266 113 27 Lumbago,
1353 2267 91 23 Sciatica,
1453 2267 87 24 Kidney,
1554 2267 60 18 Liver
1623 2267 104 19 audother
1735 2269 119 23 complaints

629 2301 42 47 C.
698 2302 40 45 E.
761 2300 236 51 NELSON,

922 2358 103 26 Guide

1322 2358 124 32 Sophia.

1458 2302 279 54 Proprietor.

933 2514 38 23 On
995 2515 40 23 the
1059 2515 90 23 Direct
1172 2516 81 22 Route
1273 2519 23 20 to
1315 2516 119 23 Rotorua-

747 2554 45 19 For
809 2554 108 23 Scenery,
933 2554 108 19 Curative
1053 2554 131 24 Properties
1194 2555 26 18 of
1225 2556 41 17 the
1275 2556 73 17 Baths
1357 2556 45 18 and
1411 2556 207 22 accommodation,

656 2586 122 26 EXCEL
809 2586 71 24 ALL
912 2586 140 25 PLACES
1084 2587 46 25 OF
1159 2587 75 25 THE
1268 2587 87 25 KIND
1388 2587 32 26 IN
1452 2587 74 25 THE
1559 2587 160 26 COLONY.

539 2650 65 19 Theso
616 2650 91 26 Springs,
720 2650 65 19 which
795 2650 32 19 for
837 2649 54 18 Iheir
910 2649 95 19 Curative
1015 2649 116 27 Properties
1141 2650 40 18 and
1192 2650 137 20 Comfortable
1339 2651 96 24 Fittings,
1447 2651 51 18 have
1510 2650 49 20 been
1578 2652 129 24 pronounced
1722 2652 27 24 by
1765 2653 26 18 all
1809 2653 44 18 who

513 2676 51 19 have
585 2677 73 18 visited
678 2676 55 19 them
750 2681 75 14 second
843 2681 23 12 to
884 2681 55 14 none
955 2681 22 14 in
993 2676 53 18 New
1062 2676 105 19 Zealand.
1195 2676 43 18 The
1252 2683 110 12 numerous
1371 2676 135 20 testimonials
1515 2677 93 20 received
1618 2683 22 14 as
1651 2680 21 17 to
1682 2678 54 20 their
1745 2685 57 14 cures
1812 2679 42 19 and

513 2702 84 19 comfort
609 2702 75 19 should
703 2702 26 19 be
746 2701 98 20 sufficient
862 2704 20 16 to
900 2702 71 18 induce
987 2702 91 18 Tourists
1094 2702 40 18 and
1147 2701 67 20 others
1231 2704 21 17 to
1262 2702 47 19 visit
1320 2702 61 19 them.
1410 2702 33 19 No
1454 2706 58 15 extra
1521 2702 74 27 charge
1606 2704 17 18 is
1634 2704 58 19 made
1703 2704 32 20 for
1743 2705 35 18 the
1788 2712 35 12 use
1833 2705 21 18 of

513 2728 34 19 the
558 2728 61 19 baths
629 2732 20 15 to
659 2735 83 18 persons
752 2728 82 24 staying
844 2730 21 16 at
875 2727 33 19 the
919 2727 61 19 hotel.

831 2774 82 26 THE
940 2762 530 40 OKOROIRE~SANATORIUM

539 2817 21 18 Is
571 2816 109 19 connected
690 2815 49 19 with
750 2816 34 18 the
794 2815 135 25 Telegraphic
939 2819 74 21 system
1023 2817 22 17 of
1054 2816 34 18 the
1099 2815 82 26 Colony,
1192 2816 33 19 the
1232 2815 117 27 Telegraph
1361 2817 60 19 Office
1432 2817 107 25 adjoining
1549 2817 34 19 tlio
1594 2817 71 20 Hotel.
1693 2819 35 18 All
1736 2819 118 24 Telegrams

513 2842 102 26 promptly
626 2841 77 26 replied
713 2845 26 16 to.

540 2868 95 22 Coaches,
647 2867 98 27 Buggies,
757 2867 40 18 aud
808 2866 142 25 Conveyances
959 2869 21 17 of
990 2867 26 19 all
1027 2867 60 19 kinds
1105 2867 57 20 leave
1180 2867 40 20 this
1238 2867 63 20 Hotel
1317 2876 25 11 on
1362 2869 110 24 Tuesdays,
1493 2868 123 26 Thursdays,
1636 2869 40 20 and
1695 2870 118 24 Saturdays,
1833 2877 21 13 or

513 2895 54 24 ciail}'
578 2894 16 19 if
606 2894 101 25 requived.
750 2894 87 18 Persons
856 2900 23 11 en
900 2897 57 15 route
976 2894 31 17 for
1025 2893 91 20 Rotorua
1131 2900 33 13 are
1184 2894 102 19 therefore
1306 2895 84 18 enabled
1413 2897 18 17 to
1451 2895 47 19 visit
1508 2894 35 20 the
1559 2895 91 19 wonders
1660 2895 22 20 of
1695 2895 102 26 Okoroire,
1815 2897 39 19 and

513 2921 62 25 enjoy
585 2921 34 18 the
630 2920 89 19 Natural
729 2920 43 18 Hot
782 2918 65 20 Baths
857 2919 40 18 and
905 2926 12 11 a
926 2920 57 24 day's
994 2923 39 15 rest
1043 2920 94 24 previous
1147 2923 20 15 to
1178 2920 139 25 undertaking
1327 2927 12 12 a
1348 2921 87 25 journey
1446 2923 20 16 to
1476 2921 35 18 tho
1522 2921 73 19 Lakes.

1070 2968 84 16 THIS
1179 2968 120 16 HOTEL

686 2995 45 20 Has
737 2994 90 26 recently
839 2995 48 19 been
899 2996 84 23 erected,
993 2996 40 18 and
1047 2996 16 18 is
1074 2996 76 25 replete
1160 2997 49 18 with
1225 3003 61 18 every
1296 2998 85 18 comfort
1392 2998 31 17 for
1433 2997 91 18 Tourists
1535 2998 39 17 and
1585 2998 98 19 Invalids.

542 3022 186 20 Note.—Tourists
737 3024 21 16 to
767 3021 103 19 Eotorua!
899 3021 29 19 Be
939 3028 46 12 sure
998 3025 20 15 to
1035 3022 47 18 take
1100 3029 52 18 your
1170 3023 83 25 railway
1272 3024 73 18 tickets
1363 3024 32 17 for
1411 3022 114 21 Okokoiue.
1562 3023 143 26 Conveyances
1720 3027 52 17 meet
1791 3026 63 18 trains

513 3050 104 22 Okoroire,
630 3048 95 25 carrying
733 3053 123 10 nnsseno-firs
864 3048 20 15 t.n
896 3047 60 16 Hotel
969 3048 41 15 free
1027 3047 21 16 nt
1056 3048 80 15 phnrtra.

982 3358 239 54 RTSOr

771 3428 244 40 EXPRESS
1051 3429 136 38 LINE
1223 3429 69 40 OE
1330 3429 263 40 COACHES.

515 3481 227 56 Carrying
762 3480 96 45 Jtter
884 3479 252 57 .Majesty's
1173 3480 135 46 <Mails
1341 3493 50 34 as
1430 3493 82 43 per
1543 3482 199 47 Time-ta

1747 3483 95 47 bies

512 3588 107 20 Tauranga,

512 3611 26 17 Te
546 3610 60 19 Puke,

512 3634 26 16 To
546 3633 60 19 Puke,

677 3549 274 21 TAURANGA-ROTORTTA
962 3551 70 16 LINE,

668 3584 68 21 depart
781 3581 87 22 Tuesday
877 3581 38 17 and
924 3581 93 22 Saturday
1073 3582 11 17 8
1092 3588 44 11 a.m.

666 3607 61 17 arrive
814 3617 12 8 ~
970 3617 11 8 ~
1032 3605 51 16 10.30
1092 3611 44 11 a.m.

666 3630 68 22 depart
814 3641 11 7 ~
969 3640 11 8 ~
1032 3629 50 16 10.45
1091 3634 44 11 a.m.

668 3652 61 17 arrive
813 3664 12 5 ~
969 3664 11 6 ~
1072 3652 11 15 6
1089 3657 46 16 p.m.

1362 3552 217 18 KOTORITA-TATJPO
1595 3553 71 17 LINE.

1184 3583 85 17 Rotorua
1324 3583 67 22 depart
1573 3584 38 18 and
1632 3585 96 23 Saturday

1185 3606 97 16 Ateanmri
1325 3606 67 22 depart
1487 3619 11 7 ~
1667 3621 10 7 ~

1325 3629 66 22 depart
1486 3642 12 8 ~
1665 3643 12 8 ~

1029 3697 51 16 12.30
1089 3702 45 16 p.m.
1183 3697 92 17 Wairakei

1028 3720 51 16 12.4.3
1088 3726 46 16 p.m.
1183 3720 92 17 Ateaniur

1039 3744 41 16 3.15
1088 3749 46 16 p.m.
1183 3743 90 20 Rotorua,

1183 3697 93 18 Wairakei
1326 3697 68 22 depart

1183 3720 103 21 Ateanmri,
1328 3720 67 22 depart

1326 3675 67 22 depart
1439 3675 100 22 Thursday
1552 3675 38 17 and
1606 3676 85 22 Monday

1771 3701 28 16 5.5
1809 3707 42 10 a.m.

1750 3723 51 17 11.30
1809 3730 42 11 a.m.

1757 3748 42 15 4.30
1807 3753 44 16 p.m.

681 3799 125 34 Special
819 3798 229 31 Conveyances
1061 3799 158 30 arranged
1230 3798 50 26 for
1293 3798 33 26 at
1338 3798 54 25 the
1406 3798 146 26 Shortest
1564 3799 122 25 Notice.

837 3835 200 26 STABLES:
1055 3835 169 26 Tutanekai
1253 3835 111 30 Street,
1387 3835 143 25 Rotorua.

676 3878 113 33 Buggies,
943 3876 51 32 arpd
1011 3875 96 29 §addle
1233 3885 32 23 or?
1282 3876 52 32 fyire
1351 3884 31 15 oi->
1463 3875 120 33 <§r?orte§t
1600 3876 95 33 %>tiee.

996 3916 131 17 TERMS
1154 3917 217 17 MODEffKTe.

862 3947 145 30 Telegrams
1018 3946 53 23 and
1080 3946 100 23 Letters
1187 3946 151 31 punctually
1351 3946 117 23 attended
1477 3949 29 21 to.

512 4020 78 26 NB.
626 4017 113 26 Please
752 4014 74 25 note
840 4012 133 26 address

633 4057 61 64 e.
743 4051 460 69 ROBeRTS©N
1250 4051 48 64 &
1334 4051 127 66 m.
1499 4057 232 50 Rotors.

842 4131 306 45 contractors
1171 4125 78 45 for
1263 4125 181 47 .Messrs
1465 4125 44 45 T.
1532 4125 127 47 Cook,
1679 4126 172 56 &iSon.

1877 787 437 61 GEYSER
2388 794 370 60 HOUSE

1907 901 337 58 Hydropathic
2266 905 160 56 Hotel,
2460 908 266 48 Wairakei.

2071 984 36 19 Six
2117 984 58 19 miles
2184 985 52 20 from
2245 987 57 19 Lake
2312 987 71 26 Taupo
2394 988 99 25 (Botorua
2503 990 60 25 side.)

2051 1047 181 27 SUPERIOR
2252 1050 333 29 ACCOMMODATION.

2075 1103 51 18 ALL
2138 1104 52 17 THE
2204 1105 134 18 COMFORTS
2351 1107 32 17 OF
2395 1107 17 17 A
2424 1107 76 18 HOME
2512 1109 51 18 FOR

2121 1138 147 21 TOURISTS
2284 1141 66 18 AND
2363 1142 154 20 INVALIDS.

1877 1209 64 25 Hot
1966 1209 188 32 Swimming
2175 1211 110 32 Baths,
2312 1213 184 27 Kiri-o-Kai
2518 1222 34 19 or
2578 1217 80 25 New
2681 1216 80 27 Skin

1951 1251 94 31 Bath,
2058 1251 65 24 Hot
2135 1251 130 27 Douche
2279 1254 111 30 Baths,
2411 1255 110 26 Grand
2542 1257 144 27 Climate.

1994 1291 171 26 Elevation
2186 1294 90 30 1,350
2296 1294 63 26 feet
2372 1296 101 25 above
2486 1303 54 20 sea
2553 1298 91 26 level.

1877 1340 197 23 COMPETENT
2090 1340 120 25 GUIDES
2226 1349 123 20 accompany
2363 1345 83 19 tourists
2462 1348 21 16 to
2500 1346 34 20 the
2555 1348 81 18 various
2658 1349 66 24 places
2742 1349 21 18 of

2008 1368 90 20 interest,
2108 1367 63 20 which
2185 1368 58 21 baffle
2255 1370 34 18 the
2300 1373 51 16 most
2361 1371 59 18 facile
2431 1378 45 17 pen,
2487 1373 41 19 and
2544 1380 38 12 can
2601 1375 47 24 only
2667 1375 25 18 be
2711 1375 41 19 real-

2008 1393 43 18 ized
2062 1393 58 18 when
2129 1400 54 12 seen.

1945 1458 130 22 YS9R
2306 1462 91 18 contains
2413 1462 34 19 the
2465 1463 105 24 following
2587 1465 123 24 unequalled
2720 1465 29 19 Na-

1956 1485 54 17 tural
2030 1484 92 19 wonders
2143 1484 4 33 :
2150 1485 150 24 —Tuhuatahi,
2321 1493 23 13 or
2367 1488 62 19 Great
2452 1488 132 29 Champagne
2603 1484 111 33 Cauldron;
2729 1492 34 18 the

1956 1509 63 19 Great
2030 1509 105 20 Wairakei
2143 1509 78 26 Geyser
2229 1519 5 16 ;
2246 1513 35 18 the
2291 1513 86 25 Donkey
2389 1509 90 32 Engine;
2493 1515 35 20 the
2538 1516 54 19 Hath
2603 1516 21 19 of
2634 1517 34 18 the
2678 1517 84 24 Fairies;

1955 1535 35 19 the
2010 1535 114 24 Lightning
2140 1536 63 24 Tool;
2217 1538 34 19 the
2267 1539 89 18 Cascade
2372 1539 82 23 Gevser,
2472 1547 23 12 or
2512 1541 103 25 Dragon's
2632 1542 84 26 Mouth;
2730 1543 33 19 the

1956 1560 65 21 Black
2029 1561 90 24 Geyser;
2134 1562 35 19 the
2182 1562 49 21 Mud
2244 1565 87 24 Geyser;
2347 1566 34 18 the
2400 1566 51 18 Blue
2469 1566 68 26 Lake;
2548 1568 36 19 the
2601 1569 31 18 Oil
2651 1560 65 34 Bath;
2730 1569 33 20 the

1955 1587 82 25 Eagle's
2047 1587 61 31 Nest;
2123 1588 33 18 the
2164 1589 77 20 Devil's
2248 1590 71 20 Punch
2328 1587 69 31 Bowl;
2413 1592 35 19 tho
2456 1592 73 20 Prince
2536 1594 22 19 of
2566 1594 77 20 Wales'
2651 1594 98 21 Feathers
2759 1587 4 31 ;

1956 1613 34 18 the
2010 1613 85 24 Mirror;
2111 1614 34 18 tho
2165 1615 56 19 Twin
2242 1616 88 25 Geyser:
2345 1618 35 18 the
2397 1618 58 19 Coral
2472 1618 89 26 Geyser;
2577 1620 34 19 tho
2622 1620 64 19 Green
2703 1622 60 22 Pool;

1957 1639 129 19 Terekerehe
2096 1646 23 12 or
2137 1639 48 20 Hell
2206 1641 86 26 Geyser;
2316 1643 35 19 tho
2370 1643 68 19 Steam
2457 1644 106 21 Hammer.
2591 1646 84 19 Guide's
2693 1648 32 18 fee
2744 1650 19 16 to

1956 1665 77 24 Geyser
2043 1665 79 25 Valley,
2133 1667 23 18 5s
2164 1665 4 28 ;
2183 1667 89 21 distance
2283 1670 51 17 from
2344 1669 33 19 tho
2392 1670 60 23 hotel,
2467 1665 4 28 1
2486 1671 52 19 mile.

2330 1729 38 21 [or
2386 1728 79 19 Ladder
2484 1729 84 26 Eapids.
2606 1731 42 19 The
2665 1731 98 20 Grandest

1956 1755 79 21 .ttapids
2045 1757 22 13 in
2077 1755 35 15 the
2122 1755 100 17 Southern
2233 1755 147 25 Hemisphere;
2396 1755 73 25 falling
2485 1756 19 18 in
2523 1757 31 18 six
2573 1757 81 19 distinct
2672 1759 91 18 cascades

1957 1778 94 25 amongst
2062 1778 61 18 weird
2135 1778 38 19 and
2185 1779 79 25 rugged
2281 1787 82 17 scenery
2391 1781 95 18 Distance
2504 1781 52 20 from
2576 1783 33 19 tho
2627 1783 60 24 hotel,
2707 1785 56 18 three

1957 1803 64 19 miles.
2050 1803 73 19 Paddle
2134 1803 69 20 horses
2213 1808 19 15 to
2242 1806 47 18 visit
2304 1806 34 19 the
2353 1806 78 26 Eapids
2446 1808 21 18 7s
2478 1808 25 19 Gd
2513 1810 55 18 each.

1881 1863 230 23 KSRPiPITI
2130 1870 22 11 or
2163 1863 33 19 the
2207 1863 77 20 Devil's
2293 1865 98 25 Trumpet
2410 1866 16 18 is
2446 1867 40 17 said
2507 1869 21 17 to
2546 1869 48 17 emit
2615 1876 9 10 a
2642 1875 92 18 pressure
2744 1870 19 18 of

1961 1888 68 20 180lbs
2039 1890 22 18 of
2071 1892 62 16 steam
2146 1891 22 17 to
2176 1890 37 19 the
2220 1890 53 24 inch,
2286 1891 52 18 from
2349 1898 25 12 on
2392 1896 93 20 aperture
2495 1894 21 17 of
2535 1893 62 20 about
2616 1895 70 19 twelve
2695 1895 68 19 inches

1958 1915 19 18 in
1989 1914 104 20 diameter.
2123 1916 95 18 Distance
2238 1916 19 19 fr
2270 1924 20 11 m
2312 1917 52 19 bote]
2385 1918 56 18 three
2460 1919 40 18 and
2520 1926 12 12 a
2551 1919 44 20 half
2613 1921 68 23 miles;
2695 1921 68 19 saddle

1957 1940 70 20 horses
2037 1944 20 15 to
2064 1941 48 18 visit
2122 1941 34 18 the
2166 1942 70 22 above,
2248 1945 22 16 2s
2281 1943 24 19 Gd
2316 1943 55 20 each.

2191 2002 133 25 ~TI_L-S,
2342 2002 35 18 Ilie
2395 2002 99 20 Grandest
2512 2004 56 19 Falls
2577 2005 19 19 in
2617 2004 33 20 the
2669 2006 94 19 southern

1960 2039 100 12 ......,.,.,.
2070 2028 25 28 ~...
2126 2039 8 6 j
2143 2039 21 7 ~>.
2177 2039 8 6 j
2195 2028 37 18 „,is
2243 2036 44 17 may
2301 2028 4 28 I
2316 2035 8 13 e
2335 2029 71 17 visited
2418 2034 24 13 on
2451 2029 35 18 the
2498 2036 54 13 same
2572 2031 113 25 expedition
2697 2038 22 12 as
2730 2032 33 18 the

1959 2052 78 19 Devil's
2049 2053 103 24 Trumpet.
2182 2053 95 21 Distance
2288 2055 52 19 from
2351 2054 55 19 hotel
2416 2054 56 20 three
2483 2056 38 18 and
2533 2063 11 13 a
2561 2057 44 19 half
2614 2058 67 23 miles;
2695 2057 68 19 saddle

1956 2078 59 19 horse
2026 2084 22 13 or
2058 2078 70 25 baggy
2139 2080 22 18 2s
2172 2079 25 19 Gd
2212 2080 55 19 each.

2080 2283 58 26 Hot
2166 2284 95 26 Lakes
2281 2285 33 26 of
2330 2285 71 25 New
2420 2284 143 26 Zealand.

2017 2548 28 18 IS
2058 2549 22 17 A
2093 2548 191 20 FIRST-CLASS
2298 2551 205 18 TEMPERANCE
2516 2551 107 19 HOTEL.

1966 2617 237 22 HINGMOH
2220 2619 198 23 STREET,
2439 2618 237 24 ROTORUK-

1974 2681 60 18 NEW
2047 2681 53 17 AND
2114 2681 189 18 COMFORTABLE
2316 2681 216 19 ESTABLISHMENT
2540 2683 16 16 is
2565 2682 81 18 situated
2655 2683 19 16 in
2683 2681 31 18 tho
2723 2685 40 13 new

1940 2704 95 23 township
2043 2704 21 18 of
2072 2704 89 22 Rotorua,
2172 2704 49 18 close
2228 2705 21 18 to
2257 2705 34 18 the
2299 2705 126 18 Government
2441 2705 119 18 Sanatorium
2573 2706 38 17 and
2624 2705 64 21 Baths,
2703 2703 60 18 which

2197 2728 91 22 comprise
2297 2728 32 17 the
2338 2728 105 18 celebrated

1877 2756 93 19 Priest's
1979 2756 65 21 Bath,
2057 2756 106 17 Madame
2173 2756 85 18 Rachel
2268 2756 78 22 Baths,
2357 2756 138 18 Chameleon
2506 2757 94 18 Douche
2610 2756 65 19 Bath,
2691 2756 72 23 Large

1947 2780 56 18 Blue
2013 2779 137 23 Swimming
2159 2779 65 22 Bath,
2242 2780 102 23 Sulphur
2357 2779 94 23 Vapour
2460 2779 60 19 Bath
2530 2780 45 18 and
2585 2779 110 19 Galvanic

2232 2803 98 23 Battery
2339 2803 65 21 Bath,

1877 2826 69 17 OYER
1958 2826 92 17 WHICH
2066 2825 85 18 LARGE
2170 2826 116 17 BATHING
2304 2826 139 19 PAVILIONS
2464 2826 71 18 HAVE
2556 2827 70 17 BEEN
2646 2824 117 20 ERECTED

1982 2849 45 17 with
2037 2855 100 11 numerous
2147 2849 90 22 Dressing
2253 2850 75 17 Rooms,
2338 2851 35 15 etc.
2399 2848 75 19 Besides
2483 2850 52 16 these
2544 2850 52 17 there
2605 2850 15 16 is
2629 2850 31 16 the

1877 2872 134 19 Pain-killer
2022 2872 66 22 Bath,
2105 2871 132 23 Coffee-pot,
2253 2872 131 18 Cameron's
2398 2872 46 18 and
2459 2871 128 20 Hinemaru
2600 2873 73 17 Baths
2686 2871 24 19 in
2724 2871 39 18 the

2181 2895 149 19 Sanatorium
2347 2895 113 19 Grounds.

1878 2940 113 19 Bathgate
2010 2940 74 18 House
2100 2939 37 19 has
2154 2939 51 19 been
2224 2940 80 25 greatly
2321 2939 97 26 enlarged
2433 2940 32 18 for
2481 2940 92 19 Tourists
2589 2947 22 12 as
2631 2939 45 20 well
2693 2946 22 12 as
2733 2940 12 18 f.
2755 2946 8 11 r

2112 2965 72 25 people
2198 2966 73 24 taking
2281 2973 12 11 a
2303 2973 69 12 course
2382 2966 21 18 of
2413 2966 33 18 the
2458 2965 71 20 Baths.

2133 3000 131 19 TERMS
2285 3001 229 19 MODERATE.

1878 3132 125 20 N.B.—Most
2011 3135 21 17 of
2041 3135 52 16 those
2102 3135 24 16 wl

2099 3087 8 9 .
2154 3062 53 35 T.
2260 3063 44 34 B
2330 3064 180 34 ReN
2535 3065 50 36 T,

2199 3107 243 18 PROPRIETOR.

2102 3135 43 17 who
2153 3135 44 18 visit
2206 3137 74 17 Brent's
2290 3137 24 17 do
2323 3144 19 11 so
2352 3138 82 23 through
2444 3139 32 17 tho
2491 3140 46 17 kind
2549 3140 179 18 recommendations
2745 3141 18 17 of

2217 3160 86 22 previous
2312 3163 108 16 customers.

1969 3269 229 46 ROBERT
2230 3272 255 48 FORJfESS
2518 3274 45 46 &
2596 3274 82 49 Co.,

1916 3369 379 30 MANUFACTURERS
2333 3374 111 25 AND
2480 3375 251 31 IMPORTERS,

2070 3462 182 35 FORT
2286 3465 291 36 STR6BT.

2013 3591 161 23 EOTORUA.

2333 3595 35 19 TO
2382 3594 58 20 THE
2455 3594 104 21 PUBLIC
2574 3596 34 19 OF
2625 3596 134 19 EOTOEUA,

1898 3813 49 23 (One
1954 3814 89 17 minute's
2050 3815 50 16 walk
2109 3815 48 17 from
2164 3815 33 18 the
2203 3816 73 19 Govern-

2026 3839 55 15 ment
2088 3837 75 24 Baths.)

1994 3934 190 22 T9RMS:

1902 3976 45 23 3i?s
1954 3983 47 23 per
2018 3977 89 28 week;
2126 3977 30 23 6s
2170 3984 45 23 per
2224 3979 58 30 day.

1902 4014 61 23 Two
1973 4015 90 22 weeks
2072 4022 28 16 or
2110 4015 99 29 longer,
2227 4017 54 23 30s.

1910 4113 28 31 C.
1971 4112 135 32 HAWKER
2134 4113 140 39 WILSON,

2001 4163 186 20 PBOPEIETOE.

2336 3698 25 43 I
2374 3698 55 19 BEG
2441 3701 19 15 to
2470 3699 64 18 thank
2544 3699 34 18 the
2591 3699 71 19 Public
2673 3699 21 18 of
2702 3698 48 19 Eoto-

2388 3730 40 12 rua
2446 3724 31 19 for
2491 3725 53 17 their
2550 3727 82 16 favours
2644 3725 74 24 during
2729 3724 32 18 the

2322 3748 2 26 I
2333 3753 47 21 past
2390 3751 68 17 fifteen
2468 3756 64 18 j-ears,
2544 3751 40 18 and
2598 3756 20 13 to
2635 3750 64 24 notify
2718 3750 43 18 that

2334 3781 32 14 tor
2376 3775 34 19 the
2421 3777 131 18 convenience
2563 3776 21 19 of
2593 3777 97 18 residents
2700 3776 21 18 in
2728 3775 33 18 the

2322 3802 2 27 I
2337 3802 48 18 Now
2396 3802 115 24 Township,
2523 3802 40 18 and
2573 3808 32 19 my
2618 3802 56 19 trade
2691 3807 59 19 gener-

2334 3827 48 25 ally,
2392 3827 12 18 I
2413 3827 52 18 have
2476 3828 52 18 huilt

2321 3858 2 15 I

2360 3882 51 19 New
2421 3882 102 19 Pkejiises
2531 3889 21 12 in
2560 3883 44 18 Fen
2607 3888 37 13 ton
2650 3882 83 22 Street,

2333 3940 66 18 which
2410 3946 33 12 aie
2453 3946 44 12 now
2508 3947 50 18 open
2566 3940 32 19 for
2607 3939 98 24 business,
2722 3938 38 19 and

2332 3965 12 19 I
2354 3972 33 12 am
2405 3966 99 25 prepared
2524 3969 21 15 to
2558 3965 73 26 supply

2472 4003 70 19 Pjume
2561 4003 62 19 Meat

2332 4043 22 18 in
2365 4043 50 19 both
2425 4043 51 19 New
2486 4043 39 19 and
2537 4043 36 19 Old
2584 4043 123 24 Townships.
2718 4043 3 24 '

2364 4122 44 22 An
2420 4122 151 29 Inspection
2585 4122 22 22 is
2622 4121 106 23 invited.

2781 758 216 48 IMPERIAL
3052 766 143 49 HOTEL,

2822 816 123 24 PORT
2969 820 193 25 STREET.

2914 856 159 22 AUCKLAND.

2807 917 95 24 Splendid
2918 920 165 21 accommodation
3095 923 30 19 for
3138 924 52 19 Tour-

2782 941 35 19 ists
2826 943 40 18 and
2875 944 116 21 Travellers.

2798 980 181 33 High-class
2997 985 108 26 Wines
3125 988 62 25 and

2892 1015 113 32 Spirits
3018 1017 81 32 kept.

2827 1093 39 25 W.
2901 1095 30 24 H.
2961 1096 200 33 PEARCE,

2906 1132 176 32 Proprietor.

2784 1186 47 27 W.
2844 1188 37 25 H.
2900 1188 28 26 &
2947 1190 37 25 H.
3012 1192 31 24 C.
3071 1193 134 32 Wright,

2855 1236 131 22 SURGEON
2998 1239 135 21 DENTISTS.

2828 1305 122 23 (Successors
2960 1308 20 17 to
2991 1307 24 18 A.
3027 1307 21 19 L.

2811 1338 72 23 Notify
2891 1339 44 20 that
2946 1340 46 24 they
3002 1347 33 12 are
3045 1342 118 27 continuing
3173 1345 32 19 tlio

2785 1362 96 21 Business
2891 1366 20 18 at
2919 1366 34 19 the
2963 1366 98 19 Premises
3071 1370 33 23 top
3111 1369 20 18 of
3139 1370 55 20 Short-

2785 1388 126 22 land-street.
2939 1392 40 18 The
2989 1392 110 24 high-class
3116 1396 54 18 work
3188 1396 17 20 of

2786 1414 33 20 the
2829 1415 40 19 Into
2880 1416 31 19 Mr
2921 1416 23 20 A.
2956 1417 21 20 L.
2989 1418 82 26 Wright
3082 1420 39 19 will
3130 1421 25 19 bo
3172 1423 22 18 ad-

2786 1441 60 19 hered
2856 1444 25 21 to,
2893 1443 39 18 and
2942 1450 40 18 any
2996 1444 37 19 left
3050 1445 113 21 unfinished
3181 1448 24 20 by

2786 1466 43 20 that
2840 1468 113 24 gentleman
2965 1470 38 18 will
3015 1470 24 19 ho
3054 1474 110 22 completed
3181 1474 24 24 by

2878 1494 33 19 the
2918 1501 42 13 new
2970 1500 145 21 management.

2786 1526 112 26 Telephone
2909 1531 42 17 G57.

2821 1581 22 24 J.
2864 1581 30 25 H.
2916 1583 258 34 BUCHANAN,

2859 1630 94 26 Stone
2966 1633 169 27 Merchant.

2810 1724 115 26 Statuary,
2952 1728 157 19 Monumental
3141 1731 45 18 and

2902 1750 94 18 General
3006 1751 87 20 Mason.

2786 1782 106 20 MARBLE
2901 1785 13 17 &

2809 1806 95 20 PIECES.

3050 1787 18 17 E
3076 1787 121 21 CHIMNEY

3060 1810 82 20 VASES,
3153 1813 31 17 &c.

2814 1841 135 27 VICTORIA
2968 1844 114 26 STREET
3100 1845 79 29 EAST,

2789 1879 416 41 HUCKLHND,

2812 1940 88 26 Designs
2918 1943 38 19 and
2975 1943 63 20 Prices
3057 1945 111 20 forwarded
3187 1949 18 17 to

2787 1973 39 18 any
2835 1971 45 20 part
2890 1968 20 19 of
2920 1969 33 19 the
2963 1969 94 20 Province
3068 1976 21 14 or
3097 1971 75 26 Colony
3181 1980 24 12 on

2787 1993 126 25 application.

2836 2049 159 47 Steele
3017 2052 134 47 Bros.

2799 2147 185 43 MARAEROA
3029 2150 165 43 SAWMILL.

2786 2231 130 42 DESIRE
2925 2234 24 17 to
2958 2234 74 17 thank
3040 2234 39 17 the
3088 2235 74 21 public
3172 2236 33 18 for

2852 2257 52 21 past
2919 2256 76 18 favors
3009 2256 45 18 and
3069 2257 42 23 beg-
3130 2259 23 17 to
3169 2264 24 13 an-

2785 2283 89 13 nounce
2883 2279 51 18 that
2942 2279 85 23 having
3035 2285 13 13 a
3062 2279 61 24 large
3137 2283 68 17 stock

2785 2301 25 17 of
2820 2302 171 19 well-seasoned
2999 2303 117 18 first-class
3125 2304 80 19 timber

2786 2329 28 13 on
2824 2324 60 19 hand
2893 2325 55 23 they
2956 2331 37 12 are
3002 2326 109 23 prepared
3118 2328 24 17 to
3149 2328 56 18 fulfil

2786 2347 76 19 orders
2872 2349 24 17 at
2904 2349 98 18 reduced
3010 2350 67 18 rates.

2790 2415 46 42 T.
2876 2415 62 43 M.
2977 2415 107 43 H*™
3086 2416 29 18 80
3116 2417 23 21 *
3151 2418 17 18 5
3170 2430 9 5 -

2819 2477 139 19 BARRISTER
2973 2479 51 16 AND
3034 2478 136 22 SOLICITOR,

2800 2517 35 21 lIS,
2857 2517 95 18 Victoria
2972 2518 85 21 Arcade,
3079 2518 100 19 Auckxaxi

2786 2596 90 18 Barrister
2888 2597 35 16 and
2939 2597 83 18 Solicitor
3036 2597 19 17 of
3071 2597 31 18 tho
3119 2597 41 24 Sup]

2877 2620 62 19 Court,
2946 2620 82 19 Qnfurio,
3035 2620 78 17 Canada.

2830 2705 204 33 nmmuk
3072 2694 91 46 irlfi

2786 2849 71 18 Lo'sses
2868 2851 41 16 Pah
3086 2850 119 22 £20,000,000

2786 2881 50 17 Fiue
2848 2881 97 17 Premium
2960 2881 91 17 Exceeds
3097 2881 108 23 £1,100,000

2786 2912 147 18 Accumulated
2936 2912 67 18 Fuxds
3008 2912 81 18 Exceed
3098 2912 107 23 £1,000,000

2855 2951 36 20 W.
2913 2951 91 19 WARD
3022 2951 108 23 BAKER,

2831 2990 82 20 )istrict
2921 2991 113 22 Manager,
3043 2991 127 19 Auckland.

2869 3030 38 19 W.
2920 3031 27 18 A.
2961 3030 160 22 WILLIAMS,

2843 3071 69 17 Local
2931 3071 81 22 Agent,
3040 3070 106 18 Rotorua.

2840 3133 105 40 DAVID
2974 3132 178 43 SHERRIFF,

2843 3257 72 17 AitvWA
2941 3257 88 21 STREET,
3053 3255 102 20 BOTOItUA.

2813 3305 21 18 Is
2853 3312 42 11 now
2914 3304 92 24 earning
3024 3309 24 13 on
3068 3304 32 18 the
3116 3304 86 20 business

2787 3339 60 24 lately
2867 3339 108 18 conducted
2995 3338 26 24 by
3038 3337 72 19 Messrs
3129 3339 73 18 Jeeklii,

2787 3373 37 18 and
2836 3373 73 23 Cotter,
2921 3372 39 19 and
2969 3373 17 18 is
2996 3372 96 24 prepared
3102 3375 19 15 to
3135 3372 67 25 suppl)

2787 3407 34 18 the
2831 3406 67 26 public
2908 3407 46 19 with
2965 3406 63 25 prime
3035 3405 76 26 quality
3122 3406 20 18 of
3154 3410 48 15 meat

2787 3441 38 19 and
2835 3441 57 19 small
2902 3441 61 25 goods

2859 3485 33 19 AT
2907 3483 114 21 LOWEST
3037 3482 99 20 PRICES.

2812 3563 170 24 WYWYARD
2996 3562 183 30 &PUECHAS,

2846 3615 125 19 BARRISTERS
2979 3620 41 13 AXD
3030 3614 119 22 SOLICITORS,

2786 3670 76 18 B.X.Z.
2871 3669 116 23 Chambers,
2996 3669 99 23 QueenSt,
3103 3668 100 19 Auckland

2878 3764 50 19 have
2938 3770 70 18 money
3017 3766 20 16 to
3047 3762 45 19 loud
3103 3769 25 11 on
3143 3762 48 18 Mort-

2802 3796 6 9 »
2820 3796 6 9 »
2935 3791 21 17 of
2970 3788 97 20 Freehold
3081 3788 38 19 and
3134 3787 57 19 Lease-

2791 3815 39 19 lold
2841 3821 93 19 property
2944 3819 20 15 at
2974 3819 79 15 current
3061 3817 57 15 rates.

2799 3866 13 15 A
2828 3863 154 19 UCELAND
2995 3859 207 21 ADVERTISING

2790 3879 37 27 /\_
2936 3885 109 20 AGENCY,

2805 3918 98 17 Victoria
2915 3918 86 19 Arcade,
3015 3916 70 19 Queex
3099 3914 80 17 Street.

2836 3978 121 23 Advertising
2962 3978 19 16 in
2989 3977 26 16 all
3026 3976 23 17 its
3057 3974 91 17 branches.

2782 4001 53 20 New,
2848 4001 75 23 Unique
2939 4000 38 17 and
2989 3998 80 18 Tasteful
3085 3996 64 17 Advert

2952 4022 88 18 Medium.

2807 4047 66 17 Orders
2883 4047 48 17 from
2939 4046 25 17 all
2972 4047 50 21 parts
3031 4041 85 20 attended
3123 4043 19 15 to
3156 4041 47 16 -with

2818 4118 33 18 OB
2876 4115 138 20 PRINTING-
3035 4113 19 18 of
3064 4111 2 25 ■
3076 4118 59 17 every
3158 4111 33 19 des-

2784 4139 23 21 tf
2843 4142 84 26 criptibn
2937 4139 94 21 executed
3046 4137 46 20 with
3111 4139 91 17 neatness

2784 4168 38 19 and
2832 4168 95 20 despatch
2936 4170 20 16 at
2966 4167 34 18 the
3009 4165 114 19 Cheonicle
3135 4163 67 19 Office,
