<?xml version="1.0" encoding="UTF-8"?>
<alto xmlns:xsi="http://www.w3.org/2001/XMLSchema-instance" xsi:noNamespaceSchemaLocation="//docstorage2/impdata1/docWORKS_KBNL/schema/alto-1-2.xsd" xmlns:xlink="http://www.w3.org/TR/xlink">
	<Description>
		<MeasurementUnit>mm10</MeasurementUnit>
		<sourceImageInformation>
			<fileName>//docstorage2/impdata3/IN/NZ_7/HLC/1896/HLC_18961014/PM_01/0004.tif</fileName>
		</sourceImageInformation>
		<OCRProcessing ID="OCRPROCESSING_1">
			<preProcessingStep>
				<processingSoftware>
					<softwareCreator>CCS Content Conversion Specialists GmbH, Germany</softwareCreator>
					<softwareName>CCS docWORKS</softwareName>
					<softwareVersion>6.6-1.8</softwareVersion>
				</processingSoftware>
			</preProcessingStep>
			<ocrProcessingStep>
				<processingSoftware>
					<softwareCreator>ABBYY (BIT Software), Russia</softwareCreator>
					<softwareName>FineReader</softwareName>
					<softwareVersion>10.0</softwareVersion>
				</processingSoftware>
			</ocrProcessingStep>
		</OCRProcessing>
	</Description>
	<Styles>
		<TextStyle ID="TXT_0" FONTSIZE="8" FONTFAMILY="Times New Roman"/>
		<TextStyle ID="TXT_1" FONTSIZE="7" FONTFAMILY="Times New Roman"/>
		<TextStyle ID="TXT_2" FONTSIZE="10" FONTFAMILY="Times New Roman"/>
		<TextStyle ID="TXT_3" FONTSIZE="10" FONTFAMILY="Times New Roman" FONTSTYLE="bold"/>
		<TextStyle ID="TXT_4" FONTSIZE="16" FONTFAMILY="Times New Roman" FONTSTYLE="bold"/>
		<TextStyle ID="TXT_5" FONTSIZE="25" FONTFAMILY="Arial" FONTSTYLE="bold"/>
		<TextStyle ID="TXT_6" FONTSIZE="20" FONTFAMILY="Times New Roman"/>
		<TextStyle ID="TXT_7" FONTSIZE="12" FONTFAMILY="Times New Roman" FONTSTYLE="bold"/>
		<TextStyle ID="TXT_8" FONTSIZE="10" FONTFAMILY="Arial"/>
		<TextStyle ID="TXT_9" FONTSIZE="14" FONTFAMILY="Arial"/>
		<TextStyle ID="TXT_10" FONTSIZE="13" FONTFAMILY="Arial" FONTSTYLE="bold"/>
		<TextStyle ID="TXT_11" FONTSIZE="11" FONTFAMILY="Times New Roman"/>
		<TextStyle ID="TXT_12" FONTSIZE="15" FONTFAMILY="Times New Roman" FONTSTYLE="bold"/>
		<TextStyle ID="TXT_13" FONTSIZE="7" FONTFAMILY="Times New Roman" FONTSTYLE="bold"/>
		<TextStyle ID="TXT_14" FONTSIZE="44" FONTFAMILY="Times New Roman" FONTSTYLE="bold"/>
		<TextStyle ID="TXT_15" FONTSIZE="19" FONTFAMILY="Times New Roman"/>
		<TextStyle ID="TXT_16" FONTSIZE="21" FONTFAMILY="Arial" FONTSTYLE="bold"/>
		<TextStyle ID="TXT_17" FONTSIZE="28" FONTFAMILY="Times New Roman"/>
		<TextStyle ID="TXT_18" FONTSIZE="30" FONTFAMILY="Times New Roman"/>
		<TextStyle ID="TXT_19" FONTSIZE="11" FONTFAMILY="Arial" FONTSTYLE="bold"/>
		<TextStyle ID="TXT_20" FONTSIZE="8" FONTFAMILY="Times New Roman" FONTSTYLE="italics"/>
		<TextStyle ID="TXT_21" FONTSIZE="9" FONTFAMILY="Times New Roman" FONTSTYLE="bold"/>
		<TextStyle ID="TXT_22" FONTSIZE="9" FONTFAMILY="Times New Roman"/>
		<TextStyle ID="TXT_23" FONTSIZE="12" FONTFAMILY="Times New Roman"/>
		<TextStyle ID="TXT_24" FONTSIZE="11" FONTFAMILY="Courier New"/>
		<TextStyle ID="TXT_25" FONTSIZE="13" FONTFAMILY="Arial"/>
		<TextStyle ID="TXT_26" FONTSIZE="2" FONTFAMILY="Arial"/>
		<TextStyle ID="TXT_27" FONTSIZE="13" FONTFAMILY="Times New Roman"/>
		<TextStyle ID="TXT_28" FONTSIZE="4" FONTFAMILY="Times New Roman"/>
		<TextStyle ID="TXT_29" FONTSIZE="13" FONTFAMILY="Times New Roman" FONTSTYLE="italics"/>
		<TextStyle ID="TXT_30" FONTSIZE="24" FONTFAMILY="Times New Roman"/>
		<TextStyle ID="TXT_31" FONTSIZE="24" FONTFAMILY="Times New Roman" FONTSTYLE="italics"/>
		<TextStyle ID="TXT_32" FONTSIZE="15" FONTFAMILY="Times New Roman"/>
		<TextStyle ID="TXT_33" FONTSIZE="15" FONTFAMILY="Times New Roman" FONTSTYLE="italics"/>
		<TextStyle ID="TXT_34" FONTSIZE="21" FONTFAMILY="Arial"/>
		<TextStyle ID="TXT_35" FONTSIZE="17" FONTFAMILY="Times New Roman" FONTSTYLE="bold"/>
		<TextStyle ID="TXT_36" FONTSIZE="17" FONTFAMILY="Times New Roman" FONTSTYLE="bold italics"/>
		<TextStyle ID="TXT_37" FONTSIZE="20" FONTFAMILY="Times New Roman" FONTSTYLE="italics"/>
		<TextStyle ID="TXT_38" FONTSIZE="14" FONTFAMILY="Times New Roman"/>
		<TextStyle ID="TXT_39" FONTSIZE="7" FONTFAMILY="Arial"/>
		<TextStyle ID="TXT_40" FONTSIZE="18" FONTFAMILY="Times New Roman"/>
		<TextStyle ID="TXT_41" FONTSIZE="10" FONTFAMILY="Arial" FONTSTYLE="bold"/>
		<TextStyle ID="TXT_42" FONTSIZE="10" FONTFAMILY="Times New Roman" FONTSTYLE="italics"/>
		<TextStyle ID="TXT_43" FONTSIZE="4" FONTFAMILY="Times New Roman" FONTSTYLE="bold"/>
		<TextStyle ID="TXT_44" FONTSIZE="6" FONTFAMILY="Times New Roman"/>
		<ParagraphStyle ID="PAR_RIGHT" ALIGN="Right"/>
		<ParagraphStyle ID="PAR_LEFT" ALIGN="Left"/>
	</Styles>
	<Layout>
		<Page ID="P4" PHYSICAL_IMG_NR="4" HEIGHT="4360" WIDTH="3300" ACCURACY="98.58" PC="0.840">
			<TopMargin ID="P4_TM00001" HPOS="0" VPOS="0" WIDTH="3300" HEIGHT="157"/>
			<LeftMargin ID="P4_LM00001" HPOS="0" VPOS="157" WIDTH="66" HEIGHT="4080"/>
			<RightMargin ID="P4_RM00001" HPOS="3251" VPOS="157" WIDTH="49" HEIGHT="4080"/>
			<BottomMargin ID="P4_BM00001" HPOS="0" VPOS="4237" WIDTH="3300" HEIGHT="123"/>
			<PrintSpace ID="P4_PS00001" HPOS="66" VPOS="157" WIDTH="3185" HEIGHT="4080">
				<TextBlock ID="P4_TB00001" HPOS="1258" VPOS="157" WIDTH="884" HEIGHT="27" STYLEREFS="TXT_0 PAR_RIGHT">
					<TextLine ID="P4_TL00001" HPOS="1258" VPOS="157" WIDTH="884" HEIGHT="27">
						<String ID="P4_ST00001" HPOS="1258" VPOS="157" WIDTH="59" HEIGHT="20" CONTENT="THE" WC="0.90" CC="988"/>
						<SP ID="P4_SP00001" HPOS="1317" VPOS="177" WIDTH="13"/>
						<String ID="P4_ST00002" HPOS="1330" VPOS="158" WIDTH="58" HEIGHT="20" CONTENT="HOT" WC="0.93" CC="729"/>
						<SP ID="P4_SP00002" HPOS="1388" VPOS="178" WIDTH="14"/>
						<String ID="P4_ST00003" HPOS="1402" VPOS="157" WIDTH="92" HEIGHT="21" CONTENT="LAKES" WC="0.95" CC="99766"/>
						<SP ID="P4_SP00003" HPOS="1494" VPOS="178" WIDTH="14"/>
						<String ID="P4_ST00004" HPOS="1508" VPOS="159" WIDTH="166" HEIGHT="21" CONTENT="CHSONICLE" WC="0.36" CC="587682646"/>
						<SP ID="P4_SP00004" HPOS="1674" VPOS="180" WIDTH="12"/>
						<String ID="P4_ST00005" HPOS="1686" VPOS="160" WIDTH="191" HEIGHT="24" CONTENT="WEDNESDAY," WC="0.98" CC="9579539973"/>
						<SP ID="P4_SP00005" HPOS="1877" VPOS="184" WIDTH="16"/>
						<String ID="P4_ST00006" HPOS="1893" VPOS="161" WIDTH="128" HEIGHT="22" CONTENT="OCTOBER" WC="0.98" CC="0181469"/>
						<SP ID="P4_SP00006" HPOS="2021" VPOS="184" WIDTH="14"/>
						<String ID="P4_ST00007" HPOS="2035" VPOS="165" WIDTH="32" HEIGHT="19" CONTENT="14," WC="0.45" CC="663"/>
						<SP ID="P4_SP00007" HPOS="2067" VPOS="184" WIDTH="16"/>
						<String ID="P4_ST00008" HPOS="2083" VPOS="165" WIDTH="59" HEIGHT="19" CONTENT="1896," WC="0.49" CC="05666"/>
					</TextLine>
				</TextBlock>
				<TextBlock ID="P4_TB00002" HPOS="2802" VPOS="4136" WIDTH="437" HEIGHT="100" STYLEREFS="TXT_1 PAR_LEFT">
					<TextLine ID="P4_TL00002" HPOS="2812" VPOS="4138" WIDTH="427" HEIGHT="23">
						<String ID="P4_ST00009" HPOS="2812" VPOS="4138" WIDTH="80" HEIGHT="17" CONTENT="Printed" WC="0.97" CC="6405468"/>
						<SP ID="P4_SP00008" HPOS="2892" VPOS="4155" WIDTH="16"/>
						<String ID="P4_ST00010" HPOS="2908" VPOS="4138" WIDTH="38" HEIGHT="17" CONTENT="and" WC="0.94" CC="880"/>
						<SP ID="P4_SP00009" HPOS="2946" VPOS="4155" WIDTH="17"/>
						<String ID="P4_ST00011" HPOS="2963" VPOS="4139" WIDTH="101" HEIGHT="21" CONTENT="published" WC="0.98" CC="274867705"/>
						<SP ID="P4_SP00010" HPOS="3064" VPOS="4160" WIDTH="10"/>
						<String ID="P4_ST00012" HPOS="3074" VPOS="4139" WIDTH="26" HEIGHT="22" CONTENT="by" WC="0.15" CC="79"/>
						<SP ID="P4_SP00011" HPOS="3100" VPOS="4161" WIDTH="9"/>
						<String ID="P4_ST00013" HPOS="3109" VPOS="4140" WIDTH="21" HEIGHT="17" CONTENT="F." WC="0.56" CC="71"/>
						<SP ID="P4_SP00012" HPOS="3130" VPOS="4161" WIDTH="10"/>
						<String ID="P4_ST00014" HPOS="3140" VPOS="4140" WIDTH="21" HEIGHT="17" CONTENT="F." WC="0.70" CC="50"/>
						<SP ID="P4_SP00013" HPOS="3161" VPOS="4161" WIDTH="15"/>
						<String ID="P4_ST00015" HPOS="3176" VPOS="4140" WIDTH="63" HEIGHT="17" CONTENT='"Watt.' WC="0.96" CC="588277"/>
					</TextLine>
					<TextLine ID="P4_TL00003" HPOS="2835" VPOS="4161" WIDTH="403" HEIGHT="24">
						<String ID="P4_ST00016" HPOS="2835" VPOS="4162" WIDTH="21" HEIGHT="16" CONTENT="at" WC="0.73" CC="50"/>
						<SP ID="P4_SP00014" HPOS="2856" VPOS="4178" WIDTH="8"/>
						<String ID="P4_ST00017" HPOS="2864" VPOS="4161" WIDTH="32" HEIGHT="17" CONTENT="the" WC="0.92" CC="767"/>
						<SP ID="P4_SP00015" HPOS="2896" VPOS="4178" WIDTH="8"/>
						<String ID="P4_ST00018" HPOS="2904" VPOS="4162" WIDTH="104" HEIGHT="22" CONTENT="registered" WC="0.99" CC="0094506630"/>
						<SP ID="P4_SP00016" HPOS="3008" VPOS="4184" WIDTH="14"/>
						<String ID="P4_ST00019" HPOS="3022" VPOS="4162" WIDTH="86" HEIGHT="23" CONTENT="printing" WC="0.98" CC="15080886"/>
						<SP ID="P4_SP00017" HPOS="3108" VPOS="4185" WIDTH="10"/>
						<String ID="P4_ST00020" HPOS="3118" VPOS="4163" WIDTH="55" HEIGHT="18" CONTENT="office," WC="0.98" CC="4000824"/>
						<SP ID="P4_SP00018" HPOS="3173" VPOS="4185" WIDTH="11"/>
						<String ID="P4_ST00021" HPOS="3184" VPOS="4163" WIDTH="54" HEIGHT="17" CONTENT='Hint"' WC="0.95" CC="56877"/>
					</TextLine>
					<TextLine ID="P4_TL00004" HPOS="2834" VPOS="4185" WIDTH="217" HEIGHT="21">
						<String ID="P4_ST00022" HPOS="2834" VPOS="4190" WIDTH="44" HEIGHT="11" CONTENT="moa" WC="0.71" CC="340"/>
						<SP ID="P4_SP00019" HPOS="2878" VPOS="4201" WIDTH="8"/>
						<String ID="P4_ST00023" HPOS="2886" VPOS="4186" WIDTH="63" HEIGHT="20" CONTENT="street," WC="0.99" CC="6424000"/>
						<SP ID="P4_SP00020" HPOS="2949" VPOS="4206" WIDTH="10"/>
						<String ID="P4_ST00024" HPOS="2959" VPOS="4185" WIDTH="92" HEIGHT="17" CONTENT="Rotorua." WC="0.68" CC="03025490"/>
					</TextLine>
					<TextLine ID="P4_TL00005" HPOS="2831" VPOS="4214" WIDTH="393" HEIGHT="22">
						<String ID="P4_ST00025" HPOS="2831" VPOS="4214" WIDTH="172" HEIGHT="22" CONTENT="WEDNESDAY," WC="0.98" CC="9776466930"/>
						<SP ID="P4_SP00021" HPOS="3003" VPOS="4236" WIDTH="8"/>
						<String ID="P4_ST00026" HPOS="3011" VPOS="4216" WIDTH="117" HEIGHT="18" CONTENT="OCTOBER" WC="0.97" CC="5395745"/>
						<SP ID="P4_SP00022" HPOS="3128" VPOS="4236" WIDTH="10"/>
						<String ID="P4_ST00027" HPOS="3138" VPOS="4218" WIDTH="27" HEIGHT="18" CONTENT="14," WC="0.62" CC="073"/>
						<SP ID="P4_SP00023" HPOS="3165" VPOS="4236" WIDTH="10"/>
						<String ID="P4_ST00028" HPOS="3175" VPOS="4217" WIDTH="49" HEIGHT="18" CONTENT="1896." WC="0.85" CC="50000"/>
					</TextLine>
				</TextBlock>
				<ComposedBlock ID="P4_CB00001" HPOS="66" VPOS="241" WIDTH="898" HEIGHT="3961" TYPE="Advertisement">
					<TextBlock ID="P4_TB00003" HPOS="66" VPOS="241" WIDTH="898" HEIGHT="3961" STYLEREFS="TXT_1 PAR_LEFT">
						<TextLine ID="P4_TL00006" HPOS="217" VPOS="375" WIDTH="601" HEIGHT="27">
							<String ID="P4_ST00029" HPOS="217" VPOS="376" WIDTH="46" HEIGHT="20" CONTENT="One" WC="0.96" CC="460"/>
							<SP ID="P4_SP00024" HPOS="263" VPOS="396" WIDTH="15"/>
							<String ID="P4_ST00030" HPOS="278" VPOS="376" WIDTH="22" HEIGHT="20" CONTENT="of" WC="0.29" CC="76"/>
							<SP ID="P4_SP00025" HPOS="300" VPOS="396" WIDTH="17"/>
							<String ID="P4_ST00031" HPOS="317" VPOS="376" WIDTH="33" HEIGHT="19" CONTENT="the" WC="0.92" CC="974"/>
							<SP ID="P4_SP00026" HPOS="350" VPOS="396" WIDTH="11"/>
							<String ID="P4_ST00032" HPOS="361" VPOS="376" WIDTH="118" HEIGHT="19" CONTENT="necessities" WC="0.99" CC="61037764005"/>
							<SP ID="P4_SP00027" HPOS="479" VPOS="396" WIDTH="10"/>
							<String ID="P4_ST00033" HPOS="489" VPOS="375" WIDTH="22" HEIGHT="19" CONTENT="of" WC="0.51" CC="36"/>
							<SP ID="P4_SP00028" HPOS="511" VPOS="396" WIDTH="10"/>
							<String ID="P4_ST00034" HPOS="521" VPOS="375" WIDTH="35" HEIGHT="20" CONTENT="the" WC="0.93" CC="486"/>
							<SP ID="P4_SP00029" HPOS="556" VPOS="396" WIDTH="9"/>
							<String ID="P4_ST00035" HPOS="565" VPOS="376" WIDTH="80" HEIGHT="26" CONTENT="coming" WC="0.97" CC="428576"/>
							<SP ID="P4_SP00030" HPOS="645" VPOS="402" WIDTH="10"/>
							<String ID="P4_ST00036" HPOS="655" VPOS="377" WIDTH="76" HEIGHT="19" CONTENT="Season" WC="0.96" CC="559767"/>
							<SP ID="P4_SP00031" HPOS="731" VPOS="402" WIDTH="10"/>
							<String ID="P4_ST00037" HPOS="741" VPOS="377" WIDTH="42" HEIGHT="19" CONTENT="will" WC="0.95" CC="7674"/>
							<SP ID="P4_SP00032" HPOS="783" VPOS="402" WIDTH="9"/>
							<String ID="P4_ST00038" HPOS="792" VPOS="377" WIDTH="26" HEIGHT="20" CONTENT="be" WC="0.27" CC="94"/>
						</TextLine>
						<TextLine ID="P4_TL00007" HPOS="79" VPOS="431" WIDTH="885" HEIGHT="28">
							<String ID="P4_ST00039" HPOS="79" VPOS="431" WIDTH="16" HEIGHT="24" CONTENT="'." WC="0.47" CC="73" STYLEREFS="TXT_2"/>
							<SP ID="P4_SP00033" HPOS="95" VPOS="455" WIDTH="38"/>
							<String ID="P4_ST00040" HPOS="133" VPOS="433" WIDTH="116" HEIGHT="23" CONTENT="COOL" WC="0.95" CC="7538" STYLEREFS="TXT_3"/>
							<SP ID="P4_SP00034" HPOS="249" VPOS="456" WIDTH="40"/>
							<String ID="P4_ST00041" HPOS="289" VPOS="432" WIDTH="97" HEIGHT="24" CONTENT="AND" WC="0.91" CC="877" STYLEREFS="TXT_3"/>
							<SP ID="P4_SP00035" HPOS="386" VPOS="456" WIDTH="41"/>
							<String ID="P4_ST00042" HPOS="427" VPOS="431" WIDTH="334" HEIGHT="26" CONTENT="REFRESHING" WC="0.98" CC="7777607067" STYLEREFS="TXT_3"/>
							<SP ID="P4_SP00036" HPOS="761" VPOS="457" WIDTH="40"/>
							<String ID="P4_ST00043" HPOS="801" VPOS="433" WIDTH="163" HEIGHT="26" CONTENT="DRINK" WC="0.96" CC="77096" STYLEREFS="TXT_3"/>
						</TextLine>
						<TextLine ID="P4_TL00008" HPOS="98" VPOS="490" WIDTH="840" HEIGHT="28">
							<String ID="P4_ST00044" HPOS="98" VPOS="493" WIDTH="142" HEIGHT="20" CONTENT="Untinctured" WC="0.43" CC="78707085069"/>
							<SP ID="P4_SP00037" HPOS="240" VPOS="513" WIDTH="12"/>
							<String ID="P4_ST00045" HPOS="252" VPOS="493" WIDTH="25" HEIGHT="25" CONTENT="by" WC="0.56" CC="17"/>
							<SP ID="P4_SP00038" HPOS="277" VPOS="518" WIDTH="7"/>
							<String ID="P4_ST00046" HPOS="284" VPOS="499" WIDTH="39" HEIGHT="16" CONTENT="any" WC="0.93" CC="269"/>
							<SP ID="P4_SP00039" HPOS="323" VPOS="518" WIDTH="10"/>
							<String ID="P4_ST00047" HPOS="333" VPOS="490" WIDTH="129" HEIGHT="21" CONTENT="Deleterious" WC="0.98" CC="76877036026"/>
							<SP ID="P4_SP00040" HPOS="462" VPOS="518" WIDTH="17"/>
							<String ID="P4_ST00048" HPOS="479" VPOS="492" WIDTH="100" HEIGHT="19" CONTENT="Chemical" WC="0.98" CC="08674706"/>
							<SP ID="P4_SP00041" HPOS="579" VPOS="518" WIDTH="11"/>
							<String ID="P4_ST00049" HPOS="590" VPOS="492" WIDTH="138" HEIGHT="25" CONTENT="Compounds." WC="0.99" CC="0070457080"/>
							<SP ID="P4_SP00042" HPOS="728" VPOS="518" WIDTH="28"/>
							<String ID="P4_ST00050" HPOS="756" VPOS="493" WIDTH="19" HEIGHT="19" CONTENT="A" WC="1.00" CC="9"/>
							<SP ID="P4_SP00043" HPOS="775" VPOS="518" WIDTH="10"/>
							<String ID="P4_ST00051" HPOS="785" VPOS="493" WIDTH="60" HEIGHT="20" CONTENT="drink" WC="0.96" CC="87481"/>
							<SP ID="P4_SP00044" HPOS="845" VPOS="518" WIDTH="10"/>
							<String ID="P4_ST00052" HPOS="855" VPOS="495" WIDTH="22" HEIGHT="18" CONTENT="at" WC="0.28" CC="77"/>
							<SP ID="P4_SP00045" HPOS="877" VPOS="518" WIDTH="11"/>
							<String ID="P4_ST00053" HPOS="888" VPOS="500" WIDTH="50" HEIGHT="13" CONTENT="once" WC="0.97" CC="0705"/>
						</TextLine>
						<TextLine ID="P4_TL00009" HPOS="293" VPOS="546" WIDTH="443" HEIGHT="31">
							<String ID="P4_ST00054" HPOS="293" VPOS="546" WIDTH="187" HEIGHT="30" CONTENT="Exhilarating" WC="0.99" CC="097305503097" STYLEREFS="TXT_2"/>
							<SP ID="P4_SP00046" HPOS="480" VPOS="576" WIDTH="20"/>
							<String ID="P4_ST00055" HPOS="500" VPOS="546" WIDTH="53" HEIGHT="23" CONTENT="and" WC="0.92" CC="777" STYLEREFS="TXT_2"/>
							<SP ID="P4_SP00047" HPOS="553" VPOS="576" WIDTH="16"/>
							<String ID="P4_ST00056" HPOS="569" VPOS="546" WIDTH="167" HEIGHT="31" CONTENT="Refreshing," WC="0.98" CC="90771290977" STYLEREFS="TXT_2"/>
						</TextLine>
						<TextLine ID="P4_TL00010" HPOS="72" VPOS="601" WIDTH="891" HEIGHT="26">
							<String ID="P4_ST00057" HPOS="72" VPOS="602" WIDTH="39" HEIGHT="19" CONTENT="and" WC="0.92" CC="577"/>
							<SP ID="P4_SP00048" HPOS="111" VPOS="621" WIDTH="13"/>
							<String ID="P4_ST00058" HPOS="124" VPOS="602" WIDTH="64" HEIGHT="19" CONTENT="which" WC="0.96" CC="97437"/>
							<SP ID="P4_SP00049" HPOS="188" VPOS="621" WIDTH="16"/>
							<String ID="P4_ST00059" HPOS="204" VPOS="601" WIDTH="37" HEIGHT="19" CONTENT=";rill" WC="0.30" CC="97745"/>
							<SP ID="P4_SP00050" HPOS="241" VPOS="621" WIDTH="12"/>
							<String ID="P4_ST00060" HPOS="253" VPOS="608" WIDTH="61" HEIGHT="19" CONTENT="prove" WC="0.97" CC="43570"/>
							<SP ID="P4_SP00051" HPOS="314" VPOS="627" WIDTH="9"/>
							<String ID="P4_ST00061" HPOS="323" VPOS="608" WIDTH="12" HEIGHT="13" CONTENT="a" WC="0.31" CC="6"/>
							<SP ID="P4_SP00052" HPOS="335" VPOS="627" WIDTH="10"/>
							<String ID="P4_ST00062" HPOS="345" VPOS="601" WIDTH="117" HEIGHT="25" CONTENT="preventive" WC="0.98" CC="8659270189"/>
							<SP ID="P4_SP00053" HPOS="462" VPOS="627" WIDTH="12"/>
							<String ID="P4_ST00063" HPOS="474" VPOS="601" WIDTH="21" HEIGHT="18" CONTENT="of" WC="0.65" CC="06"/>
							<SP ID="P4_SP00054" HPOS="495" VPOS="627" WIDTH="9"/>
							<String ID="P4_ST00064" HPOS="504" VPOS="601" WIDTH="116" HEIGHT="25" CONTENT="Dyspepsia" WC="0.98" CC="777900771"/>
							<SP ID="P4_SP00055" HPOS="620" VPOS="627" WIDTH="15"/>
							<String ID="P4_ST00065" HPOS="635" VPOS="601" WIDTH="40" HEIGHT="19" CONTENT="and" WC="0.99" CC="030"/>
							<SP ID="P4_SP00056" HPOS="675" VPOS="627" WIDTH="16"/>
							<String ID="P4_ST00066" HPOS="691" VPOS="602" WIDTH="28" HEIGHT="19" CONTENT="all" WC="1.00" CC="010"/>
							<SP ID="P4_SP00057" HPOS="719" VPOS="627" WIDTH="16"/>
							<String ID="P4_ST00067" HPOS="735" VPOS="602" WIDTH="94" HEIGHT="21" CONTENT="Internal" WC="0.98" CC="07305696"/>
							<SP ID="P4_SP00058" HPOS="829" VPOS="627" WIDTH="19"/>
							<String ID="P4_ST00068" HPOS="848" VPOS="602" WIDTH="115" HEIGHT="22" CONTENT="Disorders." WC="0.99" CC="7505800401"/>
						</TextLine>
						<TextLine ID="P4_TL00011" HPOS="98" VPOS="626" WIDTH="866" HEIGHT="27">
							<String ID="P4_ST00069" HPOS="98" VPOS="628" WIDTH="87" HEIGHT="19" CONTENT="Aerated" WC="0.98" CC="8226007"/>
							<SP ID="P4_SP00059" HPOS="185" VPOS="647" WIDTH="12"/>
							<String ID="P4_ST00070" HPOS="197" VPOS="628" WIDTH="84" HEIGHT="19" CONTENT="Waters" WC="0.98" CC="970000"/>
							<SP ID="P4_SP00060" HPOS="281" VPOS="647" WIDTH="10"/>
							<String ID="P4_ST00071" HPOS="291" VPOS="628" WIDTH="39" HEIGHT="19" CONTENT="and" WC="0.95" CC="085"/>
							<SP ID="P4_SP00061" HPOS="330" VPOS="647" WIDTH="11"/>
							<String ID="P4_ST00072" HPOS="341" VPOS="628" WIDTH="96" HEIGHT="22" CONTENT="Cordials," WC="0.98" CC="990567360"/>
							<SP ID="P4_SP00062" HPOS="437" VPOS="650" WIDTH="20"/>
							<String ID="P4_ST00073" HPOS="457" VPOS="628" WIDTH="123" HEIGHT="24" CONTENT="comprising" WC="0.98" CC="7779571077"/>
							<SP ID="P4_SP00063" HPOS="580" VPOS="652" WIDTH="16"/>
							<String ID="P4_ST00074" HPOS="596" VPOS="628" WIDTH="34" HEIGHT="19" CONTENT="the" WC="0.95" CC="516"/>
							<SP ID="P4_SP00064" HPOS="630" VPOS="652" WIDTH="9"/>
							<String ID="P4_ST00075" HPOS="639" VPOS="626" WIDTH="75" HEIGHT="21" CONTENT="Purest" WC="0.97" CC="842705"/>
							<SP ID="P4_SP00065" HPOS="714" VPOS="652" WIDTH="10"/>
							<String ID="P4_ST00076" HPOS="724" VPOS="628" WIDTH="122" HEIGHT="25" CONTENT="Lemonade," WC="0.99" CC="705087002"/>
							<SP ID="P4_SP00066" HPOS="846" VPOS="653" WIDTH="17"/>
							<String ID="P4_ST00077" HPOS="863" VPOS="630" WIDTH="35" HEIGHT="20" CONTENT="the" WC="0.92" CC="777"/>
							<SP ID="P4_SP00067" HPOS="898" VPOS="653" WIDTH="10"/>
							<String ID="P4_ST00078" HPOS="908" VPOS="631" WIDTH="56" HEIGHT="19" CONTENT="Most" WC="0.95" CC="6383"/>
						</TextLine>
						<TextLine ID="P4_TL00012" HPOS="71" VPOS="654" WIDTH="601" HEIGHT="25">
							<String ID="P4_ST00079" HPOS="71" VPOS="654" WIDTH="103" HEIGHT="20" CONTENT="Delicious" WC="0.98" CC="907069600"/>
							<SP ID="P4_SP00068" HPOS="174" VPOS="674" WIDTH="11"/>
							<String ID="P4_ST00080" HPOS="185" VPOS="654" WIDTH="80" HEIGHT="25" CONTENT="Ginger" WC="0.96" CC="768974"/>
							<SP ID="P4_SP00069" HPOS="265" VPOS="679" WIDTH="9"/>
							<String ID="P4_ST00081" HPOS="274" VPOS="654" WIDTH="46" HEIGHT="24" CONTENT="Ale," WC="0.97" CC="8013"/>
							<SP ID="P4_SP00070" HPOS="320" VPOS="679" WIDTH="14"/>
							<String ID="P4_ST00082" HPOS="334" VPOS="654" WIDTH="178" HEIGHT="25" CONTENT="Highly-charged" WC="0.99" CC="63770716722909"/>
							<SP ID="P4_SP00071" HPOS="512" VPOS="679" WIDTH="18"/>
							<String ID="P4_ST00083" HPOS="530" VPOS="654" WIDTH="53" HEIGHT="19" CONTENT="Soda" WC="0.95" CC="7509"/>
							<SP ID="P4_SP00072" HPOS="583" VPOS="679" WIDTH="11"/>
							<String ID="P4_ST00084" HPOS="594" VPOS="654" WIDTH="78" HEIGHT="24" CONTENT="Water," WC="0.97" CC="740383"/>
						</TextLine>
						<TextLine ID="P4_TL00013" HPOS="277" VPOS="704" WIDTH="480" HEIGHT="41">
							<String ID="P4_ST00085" HPOS="277" VPOS="704" WIDTH="402" HEIGHT="38" CONTENT="ZOLKKON" WC="0.56" CC="0037944" STYLEREFS="TXT_4"/>
							<SP ID="P4_SP00073" HPOS="679" VPOS="742" WIDTH="22"/>
							<String ID="P4_ST00086" HPOS="701" VPOS="708" WIDTH="56" HEIGHT="37" CONTENT="B," WC="0.24" CC="86" STYLEREFS="TXT_4"/>
						</TextLine>
						<TextLine ID="P4_TL00014" HPOS="70" VPOS="765" WIDTH="894" HEIGHT="29">
							<String ID="P4_ST00087" HPOS="70" VPOS="772" WIDTH="10" HEIGHT="12" CONTENT="a" WC="0.90" CC="0"/>
							<SP ID="P4_SP00074" HPOS="80" VPOS="784" WIDTH="11"/>
							<String ID="P4_ST00088" HPOS="91" VPOS="772" WIDTH="43" HEIGHT="13" CONTENT="new" WC="0.94" CC="709"/>
							<SP ID="P4_SP00075" HPOS="134" VPOS="785" WIDTH="9"/>
							<String ID="P4_ST00089" HPOS="143" VPOS="765" WIDTH="150" HEIGHT="26" CONTENT="Invigorating," WC="0.99" CC="0698905504850"/>
							<SP ID="P4_SP00076" HPOS="293" VPOS="791" WIDTH="10"/>
							<String ID="P4_ST00090" HPOS="303" VPOS="765" WIDTH="150" HEIGHT="21" CONTENT="non-alcoholic" WC="0.99" CC="7570542475052"/>
							<SP ID="P4_SP00077" HPOS="453" VPOS="791" WIDTH="10"/>
							<String ID="P4_ST00091" HPOS="463" VPOS="767" WIDTH="105" HEIGHT="25" CONTENT="Beverage" WC="0.99" CC="60700000"/>
							<SP ID="P4_SP00078" HPOS="568" VPOS="792" WIDTH="8"/>
							<String ID="P4_ST00092" HPOS="576" VPOS="765" WIDTH="4" HEIGHT="29" CONTENT=";" WC="0.44" CC="5"/>
							<SP ID="P4_SP00079" HPOS="580" VPOS="794" WIDTH="17"/>
							<String ID="P4_ST00093" HPOS="597" VPOS="767" WIDTH="56" HEIGHT="19" CONTENT="Lime" WC="0.96" CC="6039"/>
							<SP ID="P4_SP00080" HPOS="653" VPOS="794" WIDTH="9"/>
							<String ID="P4_ST00094" HPOS="662" VPOS="767" WIDTH="59" HEIGHT="20" CONTENT="Juice" WC="0.98" CC="77000"/>
							<SP ID="P4_SP00081" HPOS="721" VPOS="794" WIDTH="18"/>
							<String ID="P4_ST00095" HPOS="739" VPOS="768" WIDTH="88" HEIGHT="24" CONTENT="Cordial," WC="0.99" CC="02100270"/>
							<SP ID="P4_SP00082" HPOS="827" VPOS="794" WIDTH="12"/>
							<String ID="P4_ST00096" HPOS="839" VPOS="768" WIDTH="125" HEIGHT="26" CONTENT="Raspberry," WC="0.99" CC="7401804790"/>
						</TextLine>
						<TextLine ID="P4_TL00015" HPOS="71" VPOS="791" WIDTH="893" HEIGHT="29">
							<String ID="P4_ST00097" HPOS="71" VPOS="791" WIDTH="140" HEIGHT="26" CONTENT="Peppermint," WC="0.98" CC="87970878883"/>
							<SP ID="P4_SP00083" HPOS="211" VPOS="817" WIDTH="12"/>
							<String ID="P4_ST00098" HPOS="223" VPOS="792" WIDTH="77" HEIGHT="24" CONTENT="Cloves," WC="0.98" CC="5704781"/>
							<SP ID="P4_SP00084" HPOS="300" VPOS="817" WIDTH="11"/>
							<String ID="P4_ST00099" HPOS="311" VPOS="792" WIDTH="51" HEIGHT="19" CONTENT="Pine" WC="0.95" CC="7174"/>
							<SP ID="P4_SP00085" HPOS="362" VPOS="817" WIDTH="9"/>
							<String ID="P4_ST00100" HPOS="371" VPOS="792" WIDTH="74" HEIGHT="25" CONTENT="Apple," WC="0.96" CC="899450"/>
							<SP ID="P4_SP00086" HPOS="445" VPOS="817" WIDTH="12"/>
							<String ID="P4_ST00101" HPOS="457" VPOS="793" WIDTH="41" HEIGHT="18" CONTENT="and" WC="0.95" CC="075"/>
							<SP ID="P4_SP00087" HPOS="498" VPOS="817" WIDTH="10"/>
							<String ID="P4_ST00102" HPOS="508" VPOS="794" WIDTH="77" HEIGHT="18" CONTENT="Lt-mon" WC="0.15" CC="978978"/>
							<SP ID="P4_SP00088" HPOS="585" VPOS="817" WIDTH="10"/>
							<String ID="P4_ST00103" HPOS="595" VPOS="793" WIDTH="77" HEIGHT="26" CONTENT="Syrups" WC="0.97" CC="085497"/>
							<SP ID="P4_SP00089" HPOS="672" VPOS="819" WIDTH="10"/>
							<String ID="P4_ST00104" HPOS="682" VPOS="795" WIDTH="39" HEIGHT="18" CONTENT="and" WC="0.94" CC="970"/>
							<SP ID="P4_SP00090" HPOS="721" VPOS="819" WIDTH="20"/>
							<String ID="P4_ST00105" HPOS="741" VPOS="795" WIDTH="136" HEIGHT="25" CONTENT="Sarsaparilla" WC="0.41" CC="749529505576"/>
							<SP ID="P4_SP00091" HPOS="877" VPOS="820" WIDTH="16"/>
							<String ID="P4_ST00106" HPOS="893" VPOS="802" WIDTH="35" HEIGHT="12" CONTENT="are" WC="0.95" CC="256"/>
							<SP ID="P4_SP00092" HPOS="928" VPOS="820" WIDTH="9"/>
							<String ID="P4_ST00107" HPOS="937" VPOS="795" WIDTH="27" HEIGHT="19" CONTENT="all" WC="0.94" CC="806"/>
						</TextLine>
						<TextLine ID="P4_TL00016" HPOS="341" VPOS="819" WIDTH="348" HEIGHT="26">
							<String ID="P4_ST00108" HPOS="341" VPOS="819" WIDTH="156" HEIGHT="19" CONTENT="manufactured" WC="0.99" CC="996086753400"/>
							<SP ID="P4_SP00093" HPOS="497" VPOS="838" WIDTH="11"/>
							<String ID="P4_ST00109" HPOS="508" VPOS="826" WIDTH="26" HEIGHT="12" CONTENT="on" WC="0.40" CC="47"/>
							<SP ID="P4_SP00094" HPOS="534" VPOS="838" WIDTH="9"/>
							<String ID="P4_ST00110" HPOS="543" VPOS="819" WIDTH="35" HEIGHT="20" CONTENT="the" WC="0.95" CC="077"/>
							<SP ID="P4_SP00095" HPOS="578" VPOS="839" WIDTH="7"/>
							<String ID="P4_ST00111" HPOS="585" VPOS="820" WIDTH="104" HEIGHT="25" CONTENT="premises." WC="0.98" CC="975507670"/>
						</TextLine>
						<TextLine ID="P4_TL00017" HPOS="261" VPOS="844" WIDTH="510" HEIGHT="28">
							<String ID="P4_ST00112" HPOS="261" VPOS="844" WIDTH="117" HEIGHT="20" CONTENT="Lemonade" WC="0.99" CC="40507012"/>
							<SP ID="P4_SP00096" HPOS="378" VPOS="864" WIDTH="8"/>
							<String ID="P4_ST00113" HPOS="386" VPOS="845" WIDTH="41" HEIGHT="19" CONTENT="and" WC="0.92" CC="388"/>
							<SP ID="P4_SP00097" HPOS="427" VPOS="864" WIDTH="10"/>
							<String ID="P4_ST00114" HPOS="437" VPOS="845" WIDTH="78" HEIGHT="25" CONTENT="Ginger" WC="0.97" CC="407926"/>
							<SP ID="P4_SP00098" HPOS="515" VPOS="870" WIDTH="10"/>
							<String ID="P4_ST00115" HPOS="525" VPOS="845" WIDTH="44" HEIGHT="25" CONTENT="Ale," WC="1.00" CC="0001"/>
							<SP ID="P4_SP00099" HPOS="569" VPOS="870" WIDTH="12"/>
							<String ID="P4_ST00116" HPOS="581" VPOS="848" WIDTH="71" HEIGHT="23" CONTENT="quarts" WC="0.98" CC="900154"/>
							<SP ID="P4_SP00100" HPOS="652" VPOS="871" WIDTH="10"/>
							<String ID="P4_ST00117" HPOS="662" VPOS="846" WIDTH="41" HEIGHT="19" CONTENT="and" WC="0.96" CC="063"/>
							<SP ID="P4_SP00101" HPOS="703" VPOS="871" WIDTH="6"/>
							<String ID="P4_ST00118" HPOS="709" VPOS="846" WIDTH="62" HEIGHT="26" CONTENT="pints." WC="0.97" CC="857033"/>
						</TextLine>
						<TextLine ID="P4_TL00018" HPOS="362" VPOS="944" WIDTH="87" HEIGHT="41">
							<String ID="P4_ST00119" HPOS="362" VPOS="944" WIDTH="87" HEIGHT="41" CONTENT="m" WC="0.12" CC="8" STYLEREFS="TXT_5"/>
						</TextLine>
						<TextLine ID="P4_TL00019" HPOS="846" VPOS="946" WIDTH="71" HEIGHT="47">
							<String ID="P4_ST00120" HPOS="846" VPOS="946" WIDTH="71" HEIGHT="47" CONTENT="TU" WC="0.45" CC="09" STYLEREFS="TXT_6"/>
						</TextLine>
						<TextLine ID="P4_TL00020" HPOS="768" VPOS="1009" WIDTH="13" HEIGHT="24">
							<String ID="P4_ST00121" HPOS="768" VPOS="1009" WIDTH="13" HEIGHT="24" CONTENT="?" STYLE="subscript" WC="0.26" CC="7" STYLEREFS="TXT_7"/>
							<SP ID="P4_SP00102" HPOS="781" VPOS="1033" WIDTH="0"/>
						</TextLine>
						<TextLine ID="P4_TL00021" HPOS="355" VPOS="1081" WIDTH="148" HEIGHT="25">
							<String ID="P4_ST00122" HPOS="355" VPOS="1081" WIDTH="63" HEIGHT="25" CONTENT="AB" WC="1.00" CC="00" STYLEREFS="TXT_8"/>
							<SP ID="P4_SP00103" HPOS="418" VPOS="1106" WIDTH="21"/>
							<String ID="P4_ST00123" HPOS="439" VPOS="1081" WIDTH="20" HEIGHT="25" CONTENT="S" WC="0.53" CC="4" STYLEREFS="TXT_8"/>
							<SP ID="P4_SP00104" HPOS="459" VPOS="1106" WIDTH="20"/>
							<String ID="P4_ST00124" HPOS="479" VPOS="1081" WIDTH="24" HEIGHT="25" CONTENT="O" WC="1.00" CC="0" STYLEREFS="TXT_8"/>
						</TextLine>
						<TextLine ID="P4_TL00022" HPOS="98" VPOS="1247" WIDTH="499" HEIGHT="24">
							<String ID="P4_ST00125" HPOS="98" VPOS="1248" WIDTH="66" HEIGHT="23" CONTENT="OUR" WC="0.97" CC="080" STYLEREFS="TXT_3"/>
							<SP ID="P4_SP00105" HPOS="164" VPOS="1271" WIDTH="23"/>
							<String ID="P4_ST00126" HPOS="187" VPOS="1247" WIDTH="165" HEIGHT="24" CONTENT="PREMISES" WC="0.99" CC="70080200" STYLEREFS="TXT_3"/>
							<SP ID="P4_SP00106" HPOS="352" VPOS="1271" WIDTH="23"/>
							<String ID="P4_ST00127" HPOS="375" VPOS="1247" WIDTH="158" HEIGHT="24" CONTENT="DISPOSED" WC="0.99" CC="00070009" STYLEREFS="TXT_3"/>
							<SP ID="P4_SP00107" HPOS="533" VPOS="1271" WIDTH="24"/>
							<String ID="P4_ST00128" HPOS="557" VPOS="1247" WIDTH="40" HEIGHT="23" CONTENT="OF" WC="0.64" CC="07" STYLEREFS="TXT_3"/>
						</TextLine>
						<TextLine ID="P4_TL00023" HPOS="466" VPOS="1273" WIDTH="468" HEIGHT="24">
							<String ID="P4_ST00129" HPOS="466" VPOS="1273" WIDTH="37" HEIGHT="23" CONTENT="TO" WC="0.69" CC="50" STYLEREFS="TXT_3"/>
							<SP ID="P4_SP00108" HPOS="503" VPOS="1296" WIDTH="14"/>
							<String ID="P4_ST00130" HPOS="517" VPOS="1273" WIDTH="51" HEIGHT="23" CONTENT="MR" WC="0.65" CC="60" STYLEREFS="TXT_2"/>
							<SP ID="P4_SP00109" HPOS="568" VPOS="1296" WIDTH="23"/>
							<String ID="P4_ST00131" HPOS="591" VPOS="1273" WIDTH="24" HEIGHT="24" CONTENT="J." WC="0.38" CC="92" STYLEREFS="TXT_3"/>
							<SP ID="P4_SP00110" HPOS="615" VPOS="1297" WIDTH="21"/>
							<String ID="P4_ST00132" HPOS="636" VPOS="1273" WIDTH="126" HEIGHT="24" CONTENT="TONSON" WC="0.86" CC="500200" STYLEREFS="TXT_3"/>
							<SP ID="P4_SP00111" HPOS="762" VPOS="1297" WIDTH="16"/>
							<String ID="P4_ST00133" HPOS="778" VPOS="1273" WIDTH="156" HEIGHT="24" CONTENT="GARLICK." WC="0.53" CC="76060772" STYLEREFS="TXT_3"/>
						</TextLine>
						<TextLine ID="P4_TL00024" HPOS="72" VPOS="1343" WIDTH="576" HEIGHT="47">
							<String ID="P4_ST00134" HPOS="72" VPOS="1343" WIDTH="404" HEIGHT="47" CONTENT="Electro-Plated" WC="0.99" CC="45060744769046" STYLEREFS="TXT_6"/>
							<SP ID="P4_SP00112" HPOS="476" VPOS="1390" WIDTH="22"/>
							<String ID="P4_ST00135" HPOS="498" VPOS="1343" WIDTH="150" HEIGHT="45" CONTENT="Ware" WC="0.95" CC="8770" STYLEREFS="TXT_6"/>
						</TextLine>
						<TextLine ID="P4_TL00025" HPOS="672" VPOS="1400" WIDTH="289" HEIGHT="57">
							<String ID="P4_ST00136" HPOS="672" VPOS="1400" WIDTH="289" HEIGHT="57" CONTENT="Lampware" WC="0.71" CC="20099000" STYLEREFS="TXT_6"/>
						</TextLine>
						<TextLine ID="P4_TL00026" HPOS="71" VPOS="1458" WIDTH="300" HEIGHT="47">
							<String ID="P4_ST00137" HPOS="71" VPOS="1458" WIDTH="300" HEIGHT="47" CONTENT="Brushware" WC="0.31" CC="609699099" STYLEREFS="TXT_6"/>
						</TextLine>
						<TextLine ID="P4_TL00027" HPOS="496" VPOS="1515" WIDTH="465" HEIGHT="46">
							<String ID="P4_ST00138" HPOS="496" VPOS="1515" WIDTH="287" HEIGHT="46" CONTENT="Enamelled" WC="0.98" CC="298504606" STYLEREFS="TXT_6"/>
							<SP ID="P4_SP00113" HPOS="783" VPOS="1561" WIDTH="27"/>
							<String ID="P4_ST00139" HPOS="810" VPOS="1515" WIDTH="151" HEIGHT="46" CONTENT="Ware" WC="0.96" CC="8090" STYLEREFS="TXT_6"/>
						</TextLine>
						<TextLine ID="P4_TL00028" HPOS="72" VPOS="1572" WIDTH="639" HEIGHT="57">
							<String ID="P4_ST00140" HPOS="72" VPOS="1573" WIDTH="204" HEIGHT="55" CONTENT="Knives," WC="0.98" CC="4627077" STYLEREFS="TXT_6"/>
							<SP ID="P4_SP00114" HPOS="276" VPOS="1628" WIDTH="34"/>
							<String ID="P4_ST00141" HPOS="310" VPOS="1572" WIDTH="171" HEIGHT="56" CONTENT="Forks," WC="0.97" CC="740554" STYLEREFS="TXT_6"/>
							<SP ID="P4_SP00115" HPOS="481" VPOS="1628" WIDTH="23"/>
							<String ID="P4_ST00142" HPOS="504" VPOS="1572" WIDTH="207" HEIGHT="57" CONTENT="Spoons." WC="0.99" CC="0900004" STYLEREFS="TXT_6"/>
						</TextLine>
						<TextLine ID="P4_TL00029" HPOS="147" VPOS="1691" WIDTH="735" HEIGHT="48">
							<String ID="P4_ST00143" HPOS="147" VPOS="1692" WIDTH="56" HEIGHT="38" CONTENT='J".' WC="0.94" CC="860" STYLEREFS="TXT_9"/>
							<SP ID="P4_SP00116" HPOS="203" VPOS="1730" WIDTH="55"/>
							<String ID="P4_ST00144" HPOS="258" VPOS="1691" WIDTH="61" HEIGHT="36" CONTENT="&lt;£c" WC="0.19" CC="688" STYLEREFS="TXT_9"/>
							<SP ID="P4_SP00117" HPOS="319" VPOS="1730" WIDTH="50"/>
							<String ID="P4_ST00145" HPOS="369" VPOS="1691" WIDTH="58" HEIGHT="38" CONTENT="vJ," WC="0.36" CC="774" STYLEREFS="TXT_9"/>
							<SP ID="P4_SP00118" HPOS="427" VPOS="1730" WIDTH="51"/>
							<String ID="P4_ST00146" HPOS="478" VPOS="1691" WIDTH="404" HEIGHT="48" CONTENT='ZDiaZKZETZ",' WC="0.22" CC="788878768867" STYLEREFS="TXT_9"/>
						</TextLine>
						<TextLine ID="P4_TL00031" HPOS="135" VPOS="1789" WIDTH="767" HEIGHT="31">
							<String ID="P4_ST00147" HPOS="135" VPOS="1790" WIDTH="109" HEIGHT="30" CONTENT="Having" WC="0.98" CC="707009" STYLEREFS="TXT_2"/>
							<SP ID="P4_SP00119" HPOS="244" VPOS="1820" WIDTH="15"/>
							<String ID="P4_ST00148" HPOS="259" VPOS="1790" WIDTH="56" HEIGHT="23" CONTENT="sold" WC="0.97" CC="5026" STYLEREFS="TXT_2"/>
							<SP ID="P4_SP00120" HPOS="315" VPOS="1820" WIDTH="14"/>
							<String ID="P4_ST00149" HPOS="329" VPOS="1797" WIDTH="47" HEIGHT="16" CONTENT="our" WC="0.92" CC="586" STYLEREFS="TXT_2"/>
							<SP ID="P4_SP00121" HPOS="376" VPOS="1820" WIDTH="19"/>
							<String ID="P4_ST00150" HPOS="395" VPOS="1790" WIDTH="91" HEIGHT="26" CONTENT="Queen" WC="0.97" CC="85008" STYLEREFS="TXT_2"/>
							<SP ID="P4_SP00122" HPOS="486" VPOS="1820" WIDTH="15"/>
							<String ID="P4_ST00151" HPOS="501" VPOS="1790" WIDTH="53" HEIGHT="23" CONTENT="and" WC="0.97" CC="006" STYLEREFS="TXT_2"/>
							<SP ID="P4_SP00123" HPOS="554" VPOS="1820" WIDTH="15"/>
							<String ID="P4_ST00152" HPOS="569" VPOS="1790" WIDTH="84" HEIGHT="23" CONTENT="Lome" WC="0.97" CC="6080" STYLEREFS="TXT_2"/>
							<SP ID="P4_SP00124" HPOS="653" VPOS="1820" WIDTH="16"/>
							<String ID="P4_ST00153" HPOS="669" VPOS="1790" WIDTH="85" HEIGHT="23" CONTENT="Street" WC="1.00" CC="000000" STYLEREFS="TXT_2"/>
							<SP ID="P4_SP00125" HPOS="754" VPOS="1820" WIDTH="15"/>
							<String ID="P4_ST00154" HPOS="769" VPOS="1789" WIDTH="133" HEIGHT="24" CONTENT="Premises" WC="0.99" CC="77070005" STYLEREFS="TXT_2"/>
						</TextLine>
						<TextLine ID="P4_TL00032" HPOS="190" VPOS="1821" WIDTH="658" HEIGHT="26">
							<String ID="P4_ST00155" HPOS="190" VPOS="1823" WIDTH="27" HEIGHT="22" CONTENT="to" WC="0.78" CC="40" STYLEREFS="TXT_2"/>
							<SP ID="P4_SP00126" HPOS="217" VPOS="1845" WIDTH="12"/>
							<String ID="P4_ST00156" HPOS="229" VPOS="1821" WIDTH="41" HEIGHT="23" CONTENT="Mr" WC="0.94" CC="01" STYLEREFS="TXT_2"/>
							<SP ID="P4_SP00127" HPOS="270" VPOS="1845" WIDTH="9"/>
							<String ID="P4_ST00157" HPOS="279" VPOS="1821" WIDTH="23" HEIGHT="23" CONTENT="J." WC="0.53" CC="90" STYLEREFS="TXT_2"/>
							<SP ID="P4_SP00128" HPOS="302" VPOS="1845" WIDTH="17"/>
							<String ID="P4_ST00158" HPOS="319" VPOS="1821" WIDTH="25" HEIGHT="23" CONTENT="T." WC="1.00" CC="00" STYLEREFS="TXT_2"/>
							<SP ID="P4_SP00129" HPOS="344" VPOS="1845" WIDTH="12"/>
							<String ID="P4_ST00159" HPOS="356" VPOS="1821" WIDTH="114" HEIGHT="26" CONTENT="Garliek," WC="0.59" CC="70600764" STYLEREFS="TXT_2"/>
							<SP ID="P4_SP00130" HPOS="470" VPOS="1847" WIDTH="12"/>
							<String ID="P4_ST00160" HPOS="482" VPOS="1821" WIDTH="46" HEIGHT="23" CONTENT="the" WC="1.00" CC="000" STYLEREFS="TXT_2"/>
							<SP ID="P4_SP00131" HPOS="528" VPOS="1847" WIDTH="10"/>
							<String ID="P4_ST00161" HPOS="538" VPOS="1821" WIDTH="86" HEIGHT="23" CONTENT="whole" WC="0.99" CC="60000" STYLEREFS="TXT_2"/>
							<SP ID="P4_SP00132" HPOS="624" VPOS="1847" WIDTH="11"/>
							<String ID="P4_ST00162" HPOS="635" VPOS="1821" WIDTH="28" HEIGHT="23" CONTENT="of" WC="0.75" CC="05" STYLEREFS="TXT_2"/>
							<SP ID="P4_SP00133" HPOS="663" VPOS="1847" WIDTH="9"/>
							<String ID="P4_ST00163" HPOS="672" VPOS="1828" WIDTH="45" HEIGHT="16" CONTENT="our" WC="0.96" CC="073" STYLEREFS="TXT_2"/>
							<SP ID="P4_SP00134" HPOS="717" VPOS="1847" WIDTH="12"/>
							<String ID="P4_ST00164" HPOS="729" VPOS="1821" WIDTH="79" HEIGHT="23" CONTENT="Stock" WC="1.00" CC="00000" STYLEREFS="TXT_2"/>
							<SP ID="P4_SP00135" HPOS="808" VPOS="1847" WIDTH="12"/>
							<String ID="P4_ST00165" HPOS="820" VPOS="1821" WIDTH="28" HEIGHT="23" CONTENT="of" WC="0.61" CC="06" STYLEREFS="TXT_2"/>
						</TextLine>
						<TextLine ID="P4_TL00033" HPOS="300" VPOS="1863" WIDTH="436" HEIGHT="33">
							<String ID="P4_ST00166" HPOS="300" VPOS="1863" WIDTH="436" HEIGHT="33" CONTENT="IRONMONGERY," WC="0.99" CC="580060882860" STYLEREFS="TXT_2"/>
						</TextLine>
						<TextLine ID="P4_TL00034" HPOS="96" VPOS="1913" WIDTH="839" HEIGHT="30">
							<String ID="P4_ST00167" HPOS="96" VPOS="1914" WIDTH="73" HEIGHT="23" CONTENT="Must" WC="0.98" CC="0700" STYLEREFS="TXT_2"/>
							<SP ID="P4_SP00136" HPOS="169" VPOS="1937" WIDTH="9"/>
							<String ID="P4_ST00168" HPOS="178" VPOS="1914" WIDTH="32" HEIGHT="23" CONTENT="he" WC="0.50" CC="90" STYLEREFS="TXT_2"/>
							<SP ID="P4_SP00137" HPOS="210" VPOS="1937" WIDTH="11"/>
							<String ID="P4_ST00169" HPOS="221" VPOS="1913" WIDTH="57" HEIGHT="24" CONTENT="sold" WC="0.99" CC="4000" STYLEREFS="TXT_2"/>
							<SP ID="P4_SP00138" HPOS="278" VPOS="1937" WIDTH="10"/>
							<String ID="P4_ST00170" HPOS="288" VPOS="1914" WIDTH="39" HEIGHT="23" CONTENT="for" WC="0.99" CC="001" STYLEREFS="TXT_2"/>
							<SP ID="P4_SP00139" HPOS="327" VPOS="1937" WIDTH="10"/>
							<String ID="P4_ST00171" HPOS="337" VPOS="1913" WIDTH="75" HEIGHT="29" CONTENT="Cash," WC="0.98" CC="40604" STYLEREFS="TXT_2"/>
							<SP ID="P4_SP00140" HPOS="412" VPOS="1942" WIDTH="10"/>
							<String ID="P4_ST00172" HPOS="422" VPOS="1920" WIDTH="29" HEIGHT="16" CONTENT="as" WC="0.50" CC="90" STYLEREFS="TXT_2"/>
							<SP ID="P4_SP00141" HPOS="451" VPOS="1942" WIDTH="14"/>
							<String ID="P4_ST00173" HPOS="465" VPOS="1920" WIDTH="41" HEIGHT="17" CONTENT="we" WC="0.64" CC="70" STYLEREFS="TXT_2"/>
							<SP ID="P4_SP00142" HPOS="506" VPOS="1942" WIDTH="9"/>
							<String ID="P4_ST00174" HPOS="515" VPOS="1913" WIDTH="60" HEIGHT="30" CONTENT="give" WC="0.98" CC="0070" STYLEREFS="TXT_2"/>
							<SP ID="P4_SP00143" HPOS="575" VPOS="1943" WIDTH="7"/>
							<String ID="P4_ST00175" HPOS="582" VPOS="1920" WIDTH="34" HEIGHT="23" CONTENT="up" WC="0.18" CC="78" STYLEREFS="TXT_2"/>
							<SP ID="P4_SP00144" HPOS="616" VPOS="1943" WIDTH="7"/>
							<String ID="P4_ST00176" HPOS="623" VPOS="1913" WIDTH="151" HEIGHT="30" CONTENT="possession" WC="0.99" CC="5030025104" STYLEREFS="TXT_2"/>
							<SP ID="P4_SP00145" HPOS="774" VPOS="1943" WIDTH="9"/>
							<String ID="P4_ST00177" HPOS="783" VPOS="1914" WIDTH="29" HEIGHT="23" CONTENT="in" WC="0.62" CC="07" STYLEREFS="TXT_2"/>
							<SP ID="P4_SP00146" HPOS="812" VPOS="1943" WIDTH="9"/>
							<String ID="P4_ST00178" HPOS="821" VPOS="1913" WIDTH="114" HEIGHT="25" CONTENT="Oetoher." WC="0.80" CC="02009030" STYLEREFS="TXT_2"/>
						</TextLine>
						<TextLine ID="P4_TL00035" HPOS="68" VPOS="2101" WIDTH="891" HEIGHT="49">
							<String ID="P4_ST00179" HPOS="68" VPOS="2101" WIDTH="163" HEIGHT="47" CONTENT="WILL" WC="0.98" CC="9001" STYLEREFS="TXT_6"/>
							<SP ID="P4_SP00147" HPOS="231" VPOS="2148" WIDTH="17"/>
							<String ID="P4_ST00180" HPOS="248" VPOS="2101" WIDTH="74" HEIGHT="47" CONTENT="BE" WC="0.41" CC="64" STYLEREFS="TXT_6"/>
							<SP ID="P4_SP00148" HPOS="322" VPOS="2148" WIDTH="19"/>
							<String ID="P4_ST00181" HPOS="341" VPOS="2101" WIDTH="220" HEIGHT="47" CONTENT="ISSUED" WC="0.99" CC="000056" STYLEREFS="TXT_6"/>
							<SP ID="P4_SP00149" HPOS="561" VPOS="2148" WIDTH="24"/>
							<String ID="P4_ST00182" HPOS="585" VPOS="2103" WIDTH="144" HEIGHT="45" CONTENT="THIS" WC="0.99" CC="0400" STYLEREFS="TXT_6"/>
							<SP ID="P4_SP00150" HPOS="729" VPOS="2148" WIDTH="30"/>
							<String ID="P4_ST00183" HPOS="759" VPOS="2101" WIDTH="200" HEIGHT="49" CONTENT="WEEK." WC="0.97" CC="44613" STYLEREFS="TXT_6"/>
						</TextLine>
						<TextLine ID="P4_TL00036" HPOS="900" VPOS="2446" WIDTH="26" HEIGHT="36">
							<String ID="P4_ST00184" HPOS="900" VPOS="2446" WIDTH="26" HEIGHT="36" CONTENT="1" WC="0.16" CC="8" STYLEREFS="TXT_9"/>
						</TextLine>
						<TextLine ID="P4_TL00037" HPOS="138" VPOS="2449" WIDTH="24" HEIGHT="35">
							<String ID="P4_ST00185" HPOS="138" VPOS="2449" WIDTH="24" HEIGHT="35" CONTENT="£" WC="1.00" CC="9" STYLEREFS="TXT_10"/>
						</TextLine>
						<TextLine ID="P4_TL00038" HPOS="331" VPOS="2545" WIDTH="369" HEIGHT="33">
							<String ID="P4_ST00186" HPOS="331" VPOS="2545" WIDTH="52" HEIGHT="33" CONTENT="By" WC="0.53" CC="26" STYLEREFS="TXT_11"/>
							<SP ID="P4_SP00151" HPOS="383" VPOS="2578" WIDTH="18"/>
							<String ID="P4_ST00187" HPOS="401" VPOS="2545" WIDTH="165" HEIGHT="26" CONTENT="ELSDON" WC="0.49" CC="453744" STYLEREFS="TXT_11"/>
							<SP ID="P4_SP00152" HPOS="566" VPOS="2578" WIDTH="22"/>
							<String ID="P4_ST00188" HPOS="588" VPOS="2545" WIDTH="112" HEIGHT="27" CONTENT="BEST." WC="0.98" CC="00453" STYLEREFS="TXT_11"/>
						</TextLine>
						<TextLine ID="P4_TL00039" HPOS="89" VPOS="2719" WIDTH="874" HEIGHT="36">
							<String ID="P4_ST00189" HPOS="89" VPOS="2728" WIDTH="7" HEIGHT="27" CONTENT="I" WC="0.44" CC="5" STYLEREFS="TXT_11"/>
							<SP ID="P4_SP00153" HPOS="96" VPOS="2755" WIDTH="13"/>
							<String ID="P4_ST00190" HPOS="109" VPOS="2719" WIDTH="69" HEIGHT="26" CONTENT="SHE" WC="0.92" CC="983" STYLEREFS="TXT_11"/>
							<SP ID="P4_SP00154" HPOS="178" VPOS="2755" WIDTH="19"/>
							<String ID="P4_ST00191" HPOS="197" VPOS="2719" WIDTH="122" HEIGHT="33" CONTENT="Papers" WC="0.98" CC="641053" STYLEREFS="TXT_11"/>
							<SP ID="P4_SP00155" HPOS="319" VPOS="2755" WIDTH="15"/>
							<String ID="P4_ST00192" HPOS="334" VPOS="2725" WIDTH="74" HEIGHT="20" CONTENT="now" WC="0.93" CC="629" STYLEREFS="TXT_11"/>
							<SP ID="P4_SP00156" HPOS="408" VPOS="2755" WIDTH="13"/>
							<String ID="P4_ST00193" HPOS="421" VPOS="2719" WIDTH="176" HEIGHT="33" CONTENT="appearing" WC="0.98" CC="802074067" STYLEREFS="TXT_11"/>
							<SP ID="P4_SP00157" HPOS="597" VPOS="2755" WIDTH="12"/>
							<String ID="P4_ST00194" HPOS="609" VPOS="2719" WIDTH="35" HEIGHT="26" CONTENT="in" WC="0.80" CC="30" STYLEREFS="TXT_11"/>
							<SP ID="P4_SP00158" HPOS="644" VPOS="2755" WIDTH="15"/>
							<String ID="P4_ST00195" HPOS="659" VPOS="2719" WIDTH="55" HEIGHT="26" CONTENT="the" WC="0.97" CC="070" STYLEREFS="TXT_11"/>
							<SP ID="P4_SP00159" HPOS="714" VPOS="2755" WIDTH="12"/>
							<String ID="P4_ST00196" HPOS="726" VPOS="2719" WIDTH="85" HEIGHT="27" CONTENT="HOT" WC="0.92" CC="658" STYLEREFS="TXT_11"/>
							<SP ID="P4_SP00160" HPOS="811" VPOS="2755" WIDTH="12"/>
							<String ID="P4_ST00197" HPOS="823" VPOS="2719" WIDTH="140" HEIGHT="27" CONTENT="LAKES" WC="0.96" CC="99804" STYLEREFS="TXT_11"/>
						</TextLine>
						<TextLine ID="P4_TL00040" HPOS="84" VPOS="2745" WIDTH="880" HEIGHT="42">
							<String ID="P4_ST00198" HPOS="84" VPOS="2745" WIDTH="19" HEIGHT="38" CONTENT="1" WC="0.17" CC="8" STYLEREFS="TXT_11"/>
							<SP ID="P4_SP00161" HPOS="103" VPOS="2783" WIDTH="17"/>
							<String ID="P4_ST00199" HPOS="120" VPOS="2752" WIDTH="244" HEIGHT="27" CONTENT="CHRONICLE" WC="0.98" CC="775397742" STYLEREFS="TXT_11"/>
							<SP ID="P4_SP00162" HPOS="364" VPOS="2783" WIDTH="12"/>
							<String ID="P4_ST00200" HPOS="376" VPOS="2753" WIDTH="103" HEIGHT="25" CONTENT="under" WC="0.97" CC="70906" STYLEREFS="TXT_11"/>
							<SP ID="P4_SP00163" HPOS="479" VPOS="2783" WIDTH="12"/>
							<String ID="P4_ST00201" HPOS="491" VPOS="2753" WIDTH="54" HEIGHT="25" CONTENT="the" WC="0.94" CC="590" STYLEREFS="TXT_11"/>
							<SP ID="P4_SP00164" HPOS="545" VPOS="2783" WIDTH="15"/>
							<String ID="P4_ST00202" HPOS="560" VPOS="2754" WIDTH="102" HEIGHT="25" CONTENT="above" WC="0.97" CC="98105" STYLEREFS="TXT_11"/>
							<SP ID="P4_SP00165" HPOS="662" VPOS="2783" WIDTH="12"/>
							<String ID="P4_ST00203" HPOS="674" VPOS="2753" WIDTH="73" HEIGHT="25" CONTENT="title" WC="0.99" CC="70020" STYLEREFS="TXT_11"/>
							<SP ID="P4_SP00166" HPOS="747" VPOS="2783" WIDTH="12"/>
							<String ID="P4_ST00204" HPOS="759" VPOS="2753" WIDTH="70" HEIGHT="26" CONTENT="will" WC="0.98" CC="9000" STYLEREFS="TXT_11"/>
							<SP ID="P4_SP00167" HPOS="829" VPOS="2783" WIDTH="8"/>
							<String ID="P4_ST00205" HPOS="837" VPOS="2753" WIDTH="127" HEIGHT="34" CONTENT="shortly" WC="0.98" CC="7905007" STYLEREFS="TXT_11"/>
						</TextLine>
						<TextLine ID="P4_TL00041" HPOS="68" VPOS="2785" WIDTH="548" HEIGHT="33">
							<String ID="P4_ST00206" HPOS="68" VPOS="2785" WIDTH="39" HEIGHT="26" CONTENT="toe" WC="0.95" CC="334" STYLEREFS="TXT_11"/>
							<SP ID="P4_SP00168" HPOS="107" VPOS="2811" WIDTH="13"/>
							<String ID="P4_ST00207" HPOS="120" VPOS="2786" WIDTH="169" HEIGHT="32" CONTENT="published" WC="0.98" CC="589000909" STYLEREFS="TXT_11"/>
							<SP ID="P4_SP00169" HPOS="289" VPOS="2818" WIDTH="13"/>
							<String ID="P4_ST00208" HPOS="302" VPOS="2785" WIDTH="33" HEIGHT="26" CONTENT="in" WC="0.68" CC="06" STYLEREFS="TXT_11"/>
							<SP ID="P4_SP00170" HPOS="335" VPOS="2818" WIDTH="13"/>
							<String ID="P4_ST00209" HPOS="348" VPOS="2786" WIDTH="166" HEIGHT="32" CONTENT="pamphlet" WC="1.00" CC="00500310" STYLEREFS="TXT_11"/>
							<SP ID="P4_SP00171" HPOS="514" VPOS="2818" WIDTH="12"/>
							<String ID="P4_ST00210" HPOS="526" VPOS="2785" WIDTH="90" HEIGHT="26" CONTENT="form." WC="0.98" CC="72020" STYLEREFS="TXT_11"/>
						</TextLine>
						<TextLine ID="P4_TL00042" HPOS="274" VPOS="2892" WIDTH="485" HEIGHT="57">
							<String ID="P4_ST00211" HPOS="274" VPOS="2892" WIDTH="130" HEIGHT="47" CONTENT="Price" WC="0.96" CC="67175" STYLEREFS="TXT_6"/>
							<SP ID="P4_SP00172" HPOS="404" VPOS="2939" WIDTH="26"/>
							<String ID="P4_ST00212" HPOS="430" VPOS="2892" WIDTH="95" HEIGHT="48" CONTENT="One" WC="0.95" CC="074" STYLEREFS="TXT_6"/>
							<SP ID="P4_SP00173" HPOS="525" VPOS="2940" WIDTH="34"/>
							<String ID="P4_ST00213" HPOS="559" VPOS="2893" WIDTH="200" HEIGHT="56" CONTENT="Shilling." WC="0.98" CC="781150784" STYLEREFS="TXT_6"/>
						</TextLine>
						<TextLine ID="P4_TL00043" HPOS="102" VPOS="3079" WIDTH="858" HEIGHT="35">
							<String ID="P4_ST00214" HPOS="102" VPOS="3079" WIDTH="191" HEIGHT="33" CONTENT="Advertising" WC="0.99" CC="06007900507" STYLEREFS="TXT_8"/>
							<SP ID="P4_SP00174" HPOS="293" VPOS="3112" WIDTH="12"/>
							<String ID="P4_ST00215" HPOS="305" VPOS="3080" WIDTH="106" HEIGHT="26" CONTENT="Terms" WC="0.98" CC="24604" STYLEREFS="TXT_8"/>
							<SP ID="P4_SP00175" HPOS="411" VPOS="3112" WIDTH="15"/>
							<String ID="P4_ST00216" HPOS="426" VPOS="3087" WIDTH="38" HEIGHT="19" CONTENT="on" WC="0.58" CC="16" STYLEREFS="TXT_8"/>
							<SP ID="P4_SP00176" HPOS="464" VPOS="3112" WIDTH="16"/>
							<String ID="P4_ST00217" HPOS="480" VPOS="3081" WIDTH="188" HEIGHT="33" CONTENT="application" WC="0.99" CC="30040589035" STYLEREFS="TXT_8"/>
							<SP ID="P4_SP00177" HPOS="668" VPOS="3114" WIDTH="21"/>
							<String ID="P4_ST00218" HPOS="689" VPOS="3083" WIDTH="33" HEIGHT="24" CONTENT="at" WC="0.40" CC="65" STYLEREFS="TXT_8"/>
							<SP ID="P4_SP00178" HPOS="722" VPOS="3114" WIDTH="20"/>
							<String ID="P4_ST00219" HPOS="742" VPOS="3081" WIDTH="218" HEIGHT="26" CONTENT="CHRONICLE" WC="0.99" CC="200090504" STYLEREFS="TXT_8"/>
						</TextLine>
						<TextLine ID="P4_TL00044" HPOS="70" VPOS="3112" WIDTH="104" HEIGHT="26">
							<String ID="P4_ST00220" HPOS="70" VPOS="3112" WIDTH="104" HEIGHT="26" CONTENT="Office." WC="0.99" CC="0422300" STYLEREFS="TXT_8"/>
						</TextLine>
						<TextLine ID="P4_TL00045" HPOS="70" VPOS="3302" WIDTH="889" HEIGHT="27">
							<String ID="P4_ST00221" HPOS="70" VPOS="3302" WIDTH="79" HEIGHT="19" CONTENT="Under" WC="0.96" CC="77507"/>
							<SP ID="P4_SP00179" HPOS="149" VPOS="3321" WIDTH="6"/>
							<String ID="P4_ST00222" HPOS="155" VPOS="3302" WIDTH="41" HEIGHT="19" CONTENT="the" WC="0.97" CC="070"/>
							<SP ID="P4_SP00180" HPOS="196" VPOS="3321" WIDTH="6"/>
							<String ID="P4_ST00223" HPOS="202" VPOS="3302" WIDTH="172" HEIGHT="23" CONTENT="distinguished" WC="0.99" CC="8063007706708"/>
							<SP ID="P4_SP00181" HPOS="374" VPOS="3325" WIDTH="5"/>
							<String ID="P4_ST00224" HPOS="379" VPOS="3303" WIDTH="129" HEIGHT="24" CONTENT="pa/fcronage" WC="0.56" CC="88844606000"/>
							<SP ID="P4_SP00182" HPOS="508" VPOS="3327" WIDTH="8"/>
							<String ID="P4_ST00225" HPOS="516" VPOS="3304" WIDTH="26" HEIGHT="18" CONTENT="of" WC="0.60" CC="43"/>
							<SP ID="P4_SP00183" HPOS="542" VPOS="3327" WIDTH="3"/>
							<String ID="P4_ST00226" HPOS="545" VPOS="3303" WIDTH="43" HEIGHT="20" CONTENT="His" WC="0.95" CC="706"/>
							<SP ID="P4_SP00184" HPOS="588" VPOS="3327" WIDTH="6"/>
							<String ID="P4_ST00227" HPOS="594" VPOS="3304" WIDTH="141" HEIGHT="25" CONTENT="Excellency" WC="0.99" CC="6620000707"/>
							<SP ID="P4_SP00185" HPOS="735" VPOS="3329" WIDTH="8"/>
							<String ID="P4_ST00228" HPOS="743" VPOS="3305" WIDTH="61" HEIGHT="18" CONTENT="Lord" WC="0.98" CC="3030"/>
							<SP ID="P4_SP00186" HPOS="804" VPOS="3329" WIDTH="9"/>
							<String ID="P4_ST00229" HPOS="813" VPOS="3305" WIDTH="146" HEIGHT="24" CONTENT="Carrington," WC="0.64" CC="30456008074"/>
						</TextLine>
						<TextLine ID="P4_TL00046" HPOS="91" VPOS="3334" WIDTH="844" HEIGHT="23">
							<String ID="P4_ST00230" HPOS="91" VPOS="3334" WIDTH="120" HEIGHT="18" CONTENT="Governor" WC="0.98" CC="80615714"/>
							<SP ID="P4_SP00187" HPOS="211" VPOS="3352" WIDTH="9"/>
							<String ID="P4_ST00231" HPOS="220" VPOS="3334" WIDTH="26" HEIGHT="18" CONTENT="of" WC="1.00" CC="00"/>
							<SP ID="P4_SP00188" HPOS="246" VPOS="3352" WIDTH="6"/>
							<String ID="P4_ST00232" HPOS="252" VPOS="3334" WIDTH="101" HEIGHT="23" CONTENT="N.S.W.," WC="0.72" CC="3060900"/>
							<SP ID="P4_SP00189" HPOS="353" VPOS="3357" WIDTH="10"/>
							<String ID="P4_ST00233" HPOS="363" VPOS="3334" WIDTH="47" HEIGHT="18" CONTENT="and" WC="0.99" CC="300"/>
							<SP ID="P4_SP00190" HPOS="410" VPOS="3357" WIDTH="9"/>
							<String ID="P4_ST00234" HPOS="419" VPOS="3335" WIDTH="62" HEIGHT="18" CONTENT="Lord" WC="0.95" CC="9490"/>
							<SP ID="P4_SP00191" HPOS="481" VPOS="3357" WIDTH="17"/>
							<String ID="P4_ST00235" HPOS="498" VPOS="3335" WIDTH="95" HEIGHT="19" CONTENT="Onslow" WC="0.97" CC="093617"/>
							<SP ID="P4_SP00192" HPOS="593" VPOS="3357" WIDTH="8"/>
							<String ID="P4_ST00236" HPOS="601" VPOS="3336" WIDTH="120" HEIGHT="19" CONTENT="Governor" WC="0.98" CC="72577016"/>
							<SP ID="P4_SP00193" HPOS="721" VPOS="3357" WIDTH="8"/>
							<String ID="P4_ST00237" HPOS="729" VPOS="3337" WIDTH="27" HEIGHT="18" CONTENT="of" WC="0.54" CC="17"/>
							<SP ID="P4_SP00194" HPOS="756" VPOS="3357" WIDTH="6"/>
							<String ID="P4_ST00238" HPOS="762" VPOS="3336" WIDTH="59" HEIGHT="20" CONTENT="New" WC="0.94" CC="609"/>
							<SP ID="P4_SP00195" HPOS="821" VPOS="3357" WIDTH="8"/>
							<String ID="P4_ST00239" HPOS="829" VPOS="3337" WIDTH="106" HEIGHT="20" CONTENT="Zealand." WC="0.99" CC="50049000"/>
						</TextLine>
						<TextLine ID="P4_TL00047" HPOS="229" VPOS="3594" WIDTH="578" HEIGHT="42">
							<String ID="P4_ST00240" HPOS="229" VPOS="3594" WIDTH="41" HEIGHT="33" CONTENT="T" WC="0.41" CC="5" STYLEREFS="TXT_12"/>
							<SP ID="P4_SP00196" HPOS="270" VPOS="3627" WIDTH="26"/>
							<String ID="P4_ST00241" HPOS="296" VPOS="3595" WIDTH="47" HEIGHT="34" CONTENT="K" WC="0.25" CC="7" STYLEREFS="TXT_12"/>
							<SP ID="P4_SP00197" HPOS="343" VPOS="3629" WIDTH="26"/>
							<String ID="P4_ST00242" HPOS="369" VPOS="3596" WIDTH="49" HEIGHT="34" CONTENT="V" WC="0.12" CC="8" STYLEREFS="TXT_12"/>
							<SP ID="P4_SP00198" HPOS="418" VPOS="3630" WIDTH="31"/>
							<String ID="P4_ST00243" HPOS="449" VPOS="3596" WIDTH="44" HEIGHT="33" CONTENT="R" WC="0.21" CC="7" STYLEREFS="TXT_12"/>
							<SP ID="P4_SP00199" HPOS="493" VPOS="3630" WIDTH="27"/>
							<String ID="P4_ST00244" HPOS="520" VPOS="3598" WIDTH="46" HEIGHT="33" CONTENT="75" WC="0.19" CC="78" STYLEREFS="TXT_12"/>
							<SP ID="P4_SP00200" HPOS="566" VPOS="3631" WIDTH="31"/>
							<String ID="P4_ST00245" HPOS="597" VPOS="3598" WIDTH="46" HEIGHT="35" CONTENT="N" WC="0.18" CC="8" STYLEREFS="TXT_12"/>
							<SP ID="P4_SP00201" HPOS="643" VPOS="3633" WIDTH="31"/>
							<String ID="P4_ST00246" HPOS="674" VPOS="3599" WIDTH="44" HEIGHT="36" CONTENT="G" WC="0.25" CC="7" STYLEREFS="TXT_12"/>
							<SP ID="P4_SP00202" HPOS="718" VPOS="3635" WIDTH="27"/>
							<String ID="P4_ST00247" HPOS="745" VPOS="3601" WIDTH="62" HEIGHT="35" CONTENT="75." WC="0.22" CC="885" STYLEREFS="TXT_12"/>
						</TextLine>
						<TextLine ID="P4_TL00048" HPOS="70" VPOS="3671" WIDTH="891" HEIGHT="34">
							<String ID="P4_ST00248" HPOS="70" VPOS="3674" WIDTH="13" HEIGHT="14" CONTENT="r" STYLE="superscript" WC="0.26" CC="7" STYLEREFS="TXT_13"/>
							<String ID="P4_ST00249" HPOS="84" VPOS="3673" WIDTH="72" HEIGHT="23" CONTENT="PHE" WC="0.36" CC="872" STYLEREFS="TXT_13"/>
							<SP ID="P4_SP00203" HPOS="156" VPOS="3696" WIDTH="16"/>
							<String ID="P4_ST00250" HPOS="172" VPOS="3671" WIDTH="15" HEIGHT="12" CONTENT='"' WC="0.91" CC="0"/>
							<SP ID="P4_SP00204" HPOS="187" VPOS="3696" WIDTH="10"/>
							<String ID="P4_ST00251" HPOS="197" VPOS="3674" WIDTH="104" HEIGHT="24" CONTENT='STAR"' WC="0.98" CC="00970" STYLEREFS="TXT_13"/>
							<SP ID="P4_SP00205" HPOS="301" VPOS="3698" WIDTH="11"/>
							<String ID="P4_ST00252" HPOS="312" VPOS="3676" WIDTH="17" HEIGHT="19" CONTENT="is" WC="0.23" CC="77"/>
							<SP ID="P4_SP00206" HPOS="329" VPOS="3698" WIDTH="10"/>
							<String ID="P4_ST00253" HPOS="339" VPOS="3678" WIDTH="131" HEIGHT="23" CONTENT="pronounced" WC="0.98" CC="1326647369"/>
							<SP ID="P4_SP00207" HPOS="470" VPOS="3701" WIDTH="10"/>
							<String ID="P4_ST00254" HPOS="480" VPOS="3678" WIDTH="28" HEIGHT="25" CONTENT="by" WC="0.21" CC="95"/>
							<SP ID="P4_SP00208" HPOS="508" VPOS="3703" WIDTH="14"/>
							<String ID="P4_ST00255" HPOS="522" VPOS="3679" WIDTH="26" HEIGHT="19" CONTENT="its" WC="0.94" CC="707"/>
							<SP ID="P4_SP00209" HPOS="548" VPOS="3703" WIDTH="12"/>
							<String ID="P4_ST00256" HPOS="560" VPOS="3679" WIDTH="88" HEIGHT="21" CONTENT="Patrons" WC="0.98" CC="7006085"/>
							<SP ID="P4_SP00210" HPOS="648" VPOS="3703" WIDTH="16"/>
							<String ID="P4_ST00257" HPOS="664" VPOS="3683" WIDTH="20" HEIGHT="17" CONTENT="to" WC="1.00" CC="00"/>
							<SP ID="P4_SP00211" HPOS="684" VPOS="3703" WIDTH="15"/>
							<String ID="P4_ST00258" HPOS="699" VPOS="3681" WIDTH="26" HEIGHT="21" CONTENT="be" WC="0.44" CC="73"/>
							<SP ID="P4_SP00212" HPOS="725" VPOS="3703" WIDTH="15"/>
							<String ID="P4_ST00259" HPOS="740" VPOS="3682" WIDTH="35" HEIGHT="20" CONTENT="the" WC="0.97" CC="070"/>
							<SP ID="P4_SP00213" HPOS="775" VPOS="3703" WIDTH="17"/>
							<String ID="P4_ST00260" HPOS="792" VPOS="3683" WIDTH="47" HEIGHT="20" CONTENT="best" WC="0.97" CC="9050"/>
							<SP ID="P4_SP00214" HPOS="839" VPOS="3703" WIDTH="12"/>
							<String ID="P4_ST00261" HPOS="851" VPOS="3684" WIDTH="54" HEIGHT="20" CONTENT="built" WC="0.96" CC="76565"/>
							<SP ID="P4_SP00215" HPOS="905" VPOS="3704" WIDTH="14"/>
							<String ID="P4_ST00262" HPOS="919" VPOS="3685" WIDTH="42" HEIGHT="20" CONTENT="and" WC="0.95" CC="183"/>
						</TextLine>
						<TextLine ID="P4_TL00049" HPOS="75" VPOS="3700" WIDTH="535" HEIGHT="25">
							<String ID="P4_ST00263" HPOS="75" VPOS="3700" WIDTH="26" HEIGHT="17" CONTENT="JL" WC="0.17" CC="69"/>
							<SP ID="P4_SP00216" HPOS="101" VPOS="3717" WIDTH="35"/>
							<String ID="P4_ST00264" HPOS="136" VPOS="3700" WIDTH="45" HEIGHT="19" CONTENT="best" WC="0.96" CC="6333"/>
							<SP ID="P4_SP00217" HPOS="181" VPOS="3719" WIDTH="9"/>
							<String ID="P4_ST00265" HPOS="190" VPOS="3701" WIDTH="107" HEIGHT="19" CONTENT="furnished" WC="0.98" CC="503657707"/>
							<SP ID="P4_SP00218" HPOS="297" VPOS="3720" WIDTH="10"/>
							<String ID="P4_ST00266" HPOS="307" VPOS="3702" WIDTH="63" HEIGHT="19" CONTENT="Hotel" WC="0.97" CC="65700"/>
							<SP ID="P4_SP00219" HPOS="370" VPOS="3721" WIDTH="10"/>
							<String ID="P4_ST00267" HPOS="380" VPOS="3703" WIDTH="21" HEIGHT="18" CONTENT="in" WC="0.25" CC="77"/>
							<SP ID="P4_SP00220" HPOS="401" VPOS="3721" WIDTH="10"/>
							<String ID="P4_ST00268" HPOS="411" VPOS="3704" WIDTH="35" HEIGHT="19" CONTENT="the" WC="0.96" CC="280"/>
							<SP ID="P4_SP00221" HPOS="446" VPOS="3723" WIDTH="10"/>
							<String ID="P4_ST00269" HPOS="456" VPOS="3704" WIDTH="68" HEIGHT="19" CONTENT="North" WC="0.97" CC="30297"/>
							<SP ID="P4_SP00222" HPOS="524" VPOS="3723" WIDTH="9"/>
							<String ID="P4_ST00270" HPOS="533" VPOS="3705" WIDTH="77" HEIGHT="20" CONTENT="Island." WC="0.97" CC="4864770"/>
						</TextLine>
						<TextLine ID="P4_TL00050" HPOS="103" VPOS="3731" WIDTH="581" HEIGHT="28">
							<String ID="P4_ST00271" HPOS="103" VPOS="3731" WIDTH="136" HEIGHT="27" CONTENT="Private" WC="0.99" CC="6003007" STYLEREFS="TXT_2"/>
							<SP ID="P4_SP00223" HPOS="239" VPOS="3758" WIDTH="12"/>
							<String ID="P4_ST00272" HPOS="251" VPOS="3732" WIDTH="106" HEIGHT="27" CONTENT="Suites" WC="0.99" CC="070007" STYLEREFS="TXT_2"/>
							<SP ID="P4_SP00224" HPOS="357" VPOS="3759" WIDTH="9"/>
							<String ID="P4_ST00273" HPOS="366" VPOS="3735" WIDTH="21" HEIGHT="18" CONTENT="of" STYLE="superscript" WC="0.28" CC="77" STYLEREFS="TXT_2"/>
							<SP ID="P4_SP00225" HPOS="387" VPOS="3759" WIDTH="10"/>
							<String ID="P4_ST00274" HPOS="397" VPOS="3735" WIDTH="133" HEIGHT="24" CONTENT="Apartments" WC="0.98" CC="6902780557" STYLEREFS="TXT_2"/>
							<SP ID="P4_SP00226" HPOS="530" VPOS="3759" WIDTH="10"/>
							<String ID="P4_ST00275" HPOS="540" VPOS="3737" WIDTH="32" HEIGHT="19" CONTENT="for" WC="0.95" CC="425" STYLEREFS="TXT_2"/>
							<SP ID="P4_SP00227" HPOS="572" VPOS="3759" WIDTH="10"/>
							<String ID="P4_ST00276" HPOS="582" VPOS="3737" WIDTH="102" HEIGHT="21" CONTENT="Families." WC="0.99" CC="505534070" STYLEREFS="TXT_2"/>
						</TextLine>
						<TextLine ID="P4_TL00051" HPOS="383" VPOS="3767" WIDTH="550" HEIGHT="31">
							<String ID="P4_ST00277" HPOS="383" VPOS="3767" WIDTH="104" HEIGHT="31" CONTENT="Sample" WC="0.98" CC="609410" STYLEREFS="TXT_2"/>
							<SP ID="P4_SP00228" HPOS="487" VPOS="3798" WIDTH="14"/>
							<String ID="P4_ST00278" HPOS="501" VPOS="3769" WIDTH="95" HEIGHT="25" CONTENT="Booms" WC="0.97" CC="72084" STYLEREFS="TXT_2"/>
							<SP ID="P4_SP00229" HPOS="596" VPOS="3798" WIDTH="20"/>
							<String ID="P4_ST00279" HPOS="616" VPOS="3772" WIDTH="33" HEIGHT="19" CONTENT="for" WC="0.92" CC="966" STYLEREFS="TXT_2"/>
							<SP ID="P4_SP00230" HPOS="649" VPOS="3798" WIDTH="14"/>
							<String ID="P4_ST00280" HPOS="663" VPOS="3773" WIDTH="133" HEIGHT="21" CONTENT="Commercial" WC="0.98" CC="6897035660" STYLEREFS="TXT_2"/>
							<SP ID="P4_SP00231" HPOS="796" VPOS="3798" WIDTH="10"/>
							<String ID="P4_ST00281" HPOS="806" VPOS="3775" WIDTH="127" HEIGHT="22" CONTENT="Gentlemen." WC="0.99" CC="7070605071" STYLEREFS="TXT_2"/>
						</TextLine>
						<TextLine ID="P4_TL00052" HPOS="68" VPOS="3798" WIDTH="892" HEIGHT="35">
							<String ID="P4_ST00282" HPOS="68" VPOS="3798" WIDTH="89" HEIGHT="20" CONTENT="Coaches" WC="0.97" CC="7297706"/>
							<SP ID="P4_SP00232" HPOS="157" VPOS="3818" WIDTH="9"/>
							<String ID="P4_ST00283" HPOS="166" VPOS="3798" WIDTH="57" HEIGHT="19" CONTENT="leave" WC="0.97" CC="60764"/>
							<SP ID="P4_SP00233" HPOS="223" VPOS="3818" WIDTH="10"/>
							<String ID="P4_ST00284" HPOS="233" VPOS="3798" WIDTH="34" HEIGHT="20" CONTENT="the" WC="0.94" CC="088"/>
							<SP ID="P4_SP00234" HPOS="267" VPOS="3818" WIDTH="9"/>
							<String ID="P4_ST00285" HPOS="276" VPOS="3799" WIDTH="63" HEIGHT="20" CONTENT="Hotel" WC="0.97" CC="72075"/>
							<SP ID="P4_SP00235" HPOS="339" VPOS="3819" WIDTH="8"/>
							<String ID="P4_ST00286" HPOS="347" VPOS="3801" WIDTH="32" HEIGHT="19" CONTENT="for" WC="0.97" CC="232"/>
							<SP ID="P4_SP00236" HPOS="379" VPOS="3820" WIDTH="16"/>
							<String ID="P4_ST00287" HPOS="395" VPOS="3803" WIDTH="35" HEIGHT="18" CONTENT="the" WC="0.94" CC="077"/>
							<SP ID="P4_SP00237" HPOS="430" VPOS="3821" WIDTH="13"/>
							<String ID="P4_ST00288" HPOS="443" VPOS="3803" WIDTH="68" HEIGHT="20" CONTENT="Lakea" WC="0.44" CC="07936"/>
							<SP ID="P4_SP00238" HPOS="511" VPOS="3823" WIDTH="18"/>
							<String ID="P4_ST00289" HPOS="529" VPOS="3811" WIDTH="26" HEIGHT="13" CONTENT="on" WC="0.47" CC="27"/>
							<SP ID="P4_SP00239" HPOS="555" VPOS="3824" WIDTH="16"/>
							<String ID="P4_ST00290" HPOS="571" VPOS="3806" WIDTH="75" HEIGHT="19" CONTENT="arrival" WC="0.98" CC="5567600"/>
							<SP ID="P4_SP00240" HPOS="646" VPOS="3825" WIDTH="16"/>
							<String ID="P4_ST00291" HPOS="662" VPOS="3807" WIDTH="21" HEIGHT="19" CONTENT="of" WC="0.56" CC="17"/>
							<SP ID="P4_SP00241" HPOS="683" VPOS="3826" WIDTH="17"/>
							<String ID="P4_ST00292" HPOS="700" VPOS="3808" WIDTH="26" HEIGHT="19" CONTENT="all" WC="0.95" CC="760"/>
							<SP ID="P4_SP00242" HPOS="726" VPOS="3827" WIDTH="18"/>
							<String ID="P4_ST00293" HPOS="744" VPOS="3811" WIDTH="105" HEIGHT="18" CONTENT="steamers." WC="0.99" CC="600682570"/>
							<SP ID="P4_SP00243" HPOS="849" VPOS="3829" WIDTH="29"/>
							<String ID="P4_ST00294" HPOS="878" VPOS="3811" WIDTH="82" HEIGHT="22" CONTENT="Special" WC="0.98" CC="7944025"/>
						</TextLine>
						<TextLine ID="P4_TL00053" HPOS="176" VPOS="3826" WIDTH="679" HEIGHT="34">
							<String ID="P4_ST00295" HPOS="176" VPOS="3826" WIDTH="92" HEIGHT="24" CONTENT=".Buggies" WC="0.97" CC="68088808"/>
							<SP ID="P4_SP00244" HPOS="268" VPOS="3850" WIDTH="16"/>
							<String ID="P4_ST00296" HPOS="284" VPOS="3826" WIDTH="40" HEIGHT="19" CONTENT="and" WC="0.97" CC="070"/>
							<SP ID="P4_SP00245" HPOS="324" VPOS="3850" WIDTH="10"/>
							<String ID="P4_ST00297" HPOS="334" VPOS="3827" WIDTH="75" HEIGHT="19" CONTENT="Saadlo" WC="0.57" CC="806108"/>
							<SP ID="P4_SP00246" HPOS="409" VPOS="3850" WIDTH="11"/>
							<String ID="P4_ST00298" HPOS="420" VPOS="3828" WIDTH="79" HEIGHT="20" CONTENT="Horses" WC="0.97" CC="776601"/>
							<SP ID="P4_SP00247" HPOS="499" VPOS="3850" WIDTH="9"/>
							<String ID="P4_ST00299" HPOS="508" VPOS="3836" WIDTH="37" HEIGHT="13" CONTENT="can" WC="0.97" CC="207"/>
							<SP ID="P4_SP00248" HPOS="545" VPOS="3850" WIDTH="16"/>
							<String ID="P4_ST00300" HPOS="561" VPOS="3831" WIDTH="26" HEIGHT="19" CONTENT="be" WC="0.48" CC="63"/>
							<SP ID="P4_SP00249" HPOS="587" VPOS="3850" WIDTH="16"/>
							<String ID="P4_ST00301" HPOS="603" VPOS="3832" WIDTH="98" HEIGHT="20" CONTENT="obtained" WC="0.98" CC="07044790"/>
							<SP ID="P4_SP00250" HPOS="701" VPOS="3852" WIDTH="16"/>
							<String ID="P4_ST00302" HPOS="717" VPOS="3834" WIDTH="32" HEIGHT="19" CONTENT="for" WC="0.95" CC="705"/>
							<SP ID="P4_SP00251" HPOS="749" VPOS="3853" WIDTH="10"/>
							<String ID="P4_ST00303" HPOS="759" VPOS="3835" WIDTH="28" HEIGHT="19" CONTENT="all" WC="0.96" CC="407"/>
							<SP ID="P4_SP00252" HPOS="787" VPOS="3854" WIDTH="11"/>
							<String ID="P4_ST00304" HPOS="798" VPOS="3840" WIDTH="57" HEIGHT="20" CONTENT="parts" WC="0.97" CC="69060"/>
						</TextLine>
						<TextLine ID="P4_TL00054" HPOS="424" VPOS="3855" WIDTH="178" HEIGHT="27">
							<String ID="P4_ST00305" HPOS="424" VPOS="3855" WIDTH="22" HEIGHT="19" CONTENT="of" WC="0.25" CC="68"/>
							<SP ID="P4_SP00253" HPOS="446" VPOS="3874" WIDTH="9"/>
							<String ID="P4_ST00306" HPOS="455" VPOS="3855" WIDTH="36" HEIGHT="19" CONTENT="the" WC="0.97" CC="060"/>
							<SP ID="P4_SP00254" HPOS="491" VPOS="3874" WIDTH="16"/>
							<String ID="P4_ST00307" HPOS="507" VPOS="3856" WIDTH="95" HEIGHT="26" CONTENT="Country." WC="0.99" CC="50070350"/>
						</TextLine>
						<TextLine ID="P4_TL00055" HPOS="68" VPOS="3884" WIDTH="891" HEIGHT="40">
							<String ID="P4_ST00308" HPOS="68" VPOS="3884" WIDTH="188" HEIGHT="28" CONTENT="First-class" WC="0.98" CC="72578403767" STYLEREFS="TXT_11"/>
							<SP ID="P4_SP00255" HPOS="256" VPOS="3912" WIDTH="13"/>
							<String ID="P4_ST00309" HPOS="269" VPOS="3885" WIDTH="125" HEIGHT="34" CONTENT="Sailing" WC="0.98" CC="1700067" STYLEREFS="TXT_11"/>
							<SP ID="P4_SP00256" HPOS="394" VPOS="3919" WIDTH="12"/>
							<String ID="P4_ST00310" HPOS="406" VPOS="3889" WIDTH="64" HEIGHT="25" CONTENT="and" WC="0.94" CC="637" STYLEREFS="TXT_11"/>
							<SP ID="P4_SP00257" HPOS="470" VPOS="3919" WIDTH="12"/>
							<String ID="P4_ST00311" HPOS="482" VPOS="3890" WIDTH="137" HEIGHT="34" CONTENT="Rowing" WC="0.97" CC="709069" STYLEREFS="TXT_11"/>
							<SP ID="P4_SP00258" HPOS="619" VPOS="3924" WIDTH="13"/>
							<String ID="P4_ST00312" HPOS="632" VPOS="3892" WIDTH="99" HEIGHT="29" CONTENT="Boats" WC="0.97" CC="70076" STYLEREFS="TXT_11"/>
							<SP ID="P4_SP00259" HPOS="731" VPOS="3924" WIDTH="12"/>
							<String ID="P4_ST00313" HPOS="743" VPOS="3895" WIDTH="49" HEIGHT="26" CONTENT="for" WC="0.93" CC="846" STYLEREFS="TXT_11"/>
							<SP ID="P4_SP00260" HPOS="792" VPOS="3924" WIDTH="12"/>
							<String ID="P4_ST00314" HPOS="804" VPOS="3896" WIDTH="155" HEIGHT="28" CONTENT="Pleasure" WC="0.99" CC="60082700" STYLEREFS="TXT_11"/>
						</TextLine>
						<TextLine ID="P4_TL00056" HPOS="332" VPOS="3921" WIDTH="363" HEIGHT="35">
							<String ID="P4_ST00315" HPOS="332" VPOS="3921" WIDTH="62" HEIGHT="24" CONTENT="and" WC="0.92" CC="479" STYLEREFS="TXT_11"/>
							<SP ID="P4_SP00261" HPOS="394" VPOS="3945" WIDTH="19"/>
							<String ID="P4_ST00316" HPOS="413" VPOS="3921" WIDTH="135" HEIGHT="35" CONTENT="Fishing" WC="0.97" CC="6039079" STYLEREFS="TXT_11"/>
							<SP ID="P4_SP00262" HPOS="548" VPOS="3956" WIDTH="12"/>
							<String ID="P4_ST00317" HPOS="560" VPOS="3924" WIDTH="135" HEIGHT="28" CONTENT="Parties." WC="0.99" CC="74400064" STYLEREFS="TXT_11"/>
						</TextLine>
						<TextLine ID="P4_TL00057" HPOS="70" VPOS="3959" WIDTH="889" HEIGHT="39">
							<String ID="P4_ST00318" HPOS="70" VPOS="3960" WIDTH="62" HEIGHT="26" CONTENT="The" WC="0.96" CC="055" STYLEREFS="TXT_8"/>
							<SP ID="P4_SP00263" HPOS="132" VPOS="3986" WIDTH="33"/>
							<String ID="P4_ST00319" HPOS="165" VPOS="3959" WIDTH="164" HEIGHT="26" CONTENT="Saltwater" WC="0.99" CC="406074007" STYLEREFS="TXT_8"/>
							<SP ID="P4_SP00264" HPOS="329" VPOS="3986" WIDTH="29"/>
							<String ID="P4_ST00320" HPOS="358" VPOS="3960" WIDTH="128" HEIGHT="36" CONTENT="Bathing" WC="0.98" CC="0773407" STYLEREFS="TXT_8"/>
							<SP ID="P4_SP00265" HPOS="486" VPOS="3996" WIDTH="35"/>
							<String ID="P4_ST00321" HPOS="521" VPOS="3965" WIDTH="127" HEIGHT="27" CONTENT="Pavilion" WC="1.00" CC="00401005" STYLEREFS="TXT_8"/>
							<SP ID="P4_SP00266" HPOS="648" VPOS="3996" WIDTH="36"/>
							<String ID="P4_ST00322" HPOS="684" VPOS="3968" WIDTH="23" HEIGHT="26" CONTENT="is" WC="0.93" CC="00" STYLEREFS="TXT_8"/>
							<SP ID="P4_SP00267" HPOS="707" VPOS="3996" WIDTH="35"/>
							<String ID="P4_ST00323" HPOS="742" VPOS="3970" WIDTH="102" HEIGHT="26" CONTENT="within" WC="0.98" CC="800055" STYLEREFS="TXT_8"/>
							<SP ID="P4_SP00268" HPOS="844" VPOS="3996" WIDTH="25"/>
							<String ID="P4_ST00324" HPOS="869" VPOS="3972" WIDTH="90" HEIGHT="26" CONTENT="three" WC="0.98" CC="40600" STYLEREFS="TXT_8"/>
						</TextLine>
						<TextLine ID="P4_TL00058" HPOS="272" VPOS="3994" WIDTH="487" HEIGHT="33">
							<String ID="P4_ST00325" HPOS="272" VPOS="3994" WIDTH="139" HEIGHT="25" CONTENT="minutes'" WC="0.99" CC="05050044" STYLEREFS="TXT_8"/>
							<SP ID="P4_SP00269" HPOS="411" VPOS="4019" WIDTH="22"/>
							<String ID="P4_ST00326" HPOS="433" VPOS="3996" WIDTH="75" HEIGHT="26" CONTENT="walk" WC="0.97" CC="0069" STYLEREFS="TXT_8"/>
							<SP ID="P4_SP00270" HPOS="508" VPOS="4022" WIDTH="21"/>
							<String ID="P4_ST00327" HPOS="529" VPOS="3999" WIDTH="33" HEIGHT="24" CONTENT="of" WC="0.80" CC="04" STYLEREFS="TXT_8"/>
							<SP ID="P4_SP00271" HPOS="562" VPOS="4023" WIDTH="14"/>
							<String ID="P4_ST00328" HPOS="576" VPOS="3999" WIDTH="55" HEIGHT="26" CONTENT="the" WC="1.00" CC="000" STYLEREFS="TXT_8"/>
							<SP ID="P4_SP00272" HPOS="631" VPOS="4025" WIDTH="13"/>
							<String ID="P4_ST00329" HPOS="644" VPOS="4001" WIDTH="115" HEIGHT="26" CONTENT='"Star."' WC="0.98" CC="3102943" STYLEREFS="TXT_8"/>
						</TextLine>
						<TextLine ID="P4_TL00059" HPOS="288" VPOS="4032" WIDTH="450" HEIGHT="33">
							<String ID="P4_ST00330" HPOS="288" VPOS="4032" WIDTH="119" HEIGHT="27" CONTENT="Telegrams" WC="0.98" CC="905694598"/>
							<SP ID="P4_SP00273" HPOS="407" VPOS="4059" WIDTH="20"/>
							<String ID="P4_ST00331" HPOS="427" VPOS="4036" WIDTH="78" HEIGHT="19" CONTENT="receive" WC="0.98" CC="4000397"/>
							<SP ID="P4_SP00274" HPOS="505" VPOS="4059" WIDTH="27"/>
							<String ID="P4_ST00332" HPOS="532" VPOS="4042" WIDTH="81" HEIGHT="23" CONTENT="prompt" WC="0.98" CC="015980"/>
							<SP ID="P4_SP00275" HPOS="613" VPOS="4065" WIDTH="19"/>
							<String ID="P4_ST00333" HPOS="632" VPOS="4043" WIDTH="106" HEIGHT="19" CONTENT="attention." WC="0.99" CC="4190722030"/>
						</TextLine>
						<TextLine ID="P4_TL00060" HPOS="376" VPOS="4170" WIDTH="282" HEIGHT="32">
							<String ID="P4_ST00334" HPOS="376" VPOS="4170" WIDTH="282" HEIGHT="32" CONTENT="PROPRIETOR." WC="0.98" CC="77075759060" STYLEREFS="TXT_3"/>
						</TextLine>
					</TextBlock>
				</ComposedBlock>
				<ComposedBlock ID="P4_CB00002" HPOS="980" VPOS="376" WIDTH="902" HEIGHT="3711" TYPE="Advertisement">
					<TextBlock ID="P4_TB00004" HPOS="980" VPOS="376" WIDTH="902" HEIGHT="3711" STYLEREFS="TXT_0 PAR_LEFT">
						<TextLine ID="P4_TL00061" HPOS="1352" VPOS="376" WIDTH="153" HEIGHT="35">
							<String ID="P4_ST00335" HPOS="1352" VPOS="376" WIDTH="153" HEIGHT="35" CONTENT="THE" WC="0.95" CC="607" STYLEREFS="TXT_4"/>
						</TextLine>
						<TextLine ID="P4_TL00062" HPOS="985" VPOS="478" WIDTH="892" HEIGHT="112">
							<String ID="P4_ST00336" HPOS="985" VPOS="478" WIDTH="165" HEIGHT="109" CONTENT='"Hot' WC="0.97" CC="1607" STYLEREFS="TXT_14"/>
							<SP ID="P4_SP00276" HPOS="1150" VPOS="587" WIDTH="71"/>
							<String ID="P4_ST00337" HPOS="1221" VPOS="478" WIDTH="206" HEIGHT="109" CONTENT="Lakes" WC="0.95" CC="97857" STYLEREFS="TXT_14"/>
							<SP ID="P4_SP00277" HPOS="1427" VPOS="587" WIDTH="74"/>
							<String ID="P4_ST00338" HPOS="1501" VPOS="480" WIDTH="376" HEIGHT="110" CONTENT='Chronicle."' WC="0.98" CC="79376774731" STYLEREFS="TXT_14"/>
						</TextLine>
						<TextLine ID="P4_TL00063" HPOS="990" VPOS="738" WIDTH="890" HEIGHT="59">
							<String ID="P4_ST00339" HPOS="990" VPOS="738" WIDTH="242" HEIGHT="55" CONTENT="Published" WC="0.98" CC="569067759" STYLEREFS="TXT_15"/>
							<SP ID="P4_SP00278" HPOS="1232" VPOS="793" WIDTH="23"/>
							<String ID="P4_ST00340" HPOS="1255" VPOS="750" WIDTH="144" HEIGHT="45" CONTENT="every" WC="0.95" CC="67678" STYLEREFS="TXT_15"/>
							<SP ID="P4_SP00279" HPOS="1399" VPOS="795" WIDTH="17"/>
							<String ID="P4_ST00341" HPOS="1416" VPOS="738" WIDTH="285" HEIGHT="59" CONTENT="Wednesday" WC="0.97" CC="969787976" STYLEREFS="TXT_15"/>
							<SP ID="P4_SP00280" HPOS="1701" VPOS="797" WIDTH="15"/>
							<String ID="P4_ST00342" HPOS="1716" VPOS="740" WIDTH="137" HEIGHT="48" CONTENT="After" SUBS_TYPE="HypPart1" SUBS_CONTENT="Afternoon," WC="0.97" CC="80567" STYLEREFS="TXT_15"/>
							<HYP HPOS="1853" VPOS="740" WIDTH="27" CONTENT="-"/>
						</TextLine>
						<TextLine ID="P4_TL00064" HPOS="1368" VPOS="808" WIDTH="135" HEIGHT="39">
							<String ID="P4_ST00343" HPOS="1368" VPOS="808" WIDTH="135" HEIGHT="39" CONTENT="noon," SUBS_TYPE="HypPart2" SUBS_CONTENT="Afternoon," WC="0.97" CC="52383" STYLEREFS="TXT_15"/>
						</TextLine>
						<TextLine ID="P4_TL00065" HPOS="1194" VPOS="978" WIDTH="485" HEIGHT="44">
							<String ID="P4_ST00344" HPOS="1194" VPOS="978" WIDTH="113" HEIGHT="41" CONTENT="RATES" WC="0.96" CC="58954" STYLEREFS="TXT_12"/>
							<SP ID="P4_SP00281" HPOS="1307" VPOS="1019" WIDTH="25"/>
							<String ID="P4_ST00345" HPOS="1332" VPOS="978" WIDTH="44" HEIGHT="41" CONTENT="OF" WC="0.29" CC="94" STYLEREFS="TXT_12"/>
							<SP ID="P4_SP00282" HPOS="1376" VPOS="1019" WIDTH="26"/>
							<String ID="P4_ST00346" HPOS="1402" VPOS="979" WIDTH="277" HEIGHT="43" CONTENT="SUBSCRIPTION:" WC="0.98" CC="8878853660888" STYLEREFS="TXT_12"/>
						</TextLine>
						<TextLine ID="P4_TL00066" HPOS="1149" VPOS="1050" WIDTH="539" HEIGHT="21">
							<String ID="P4_ST00347" HPOS="1149" VPOS="1050" WIDTH="64" HEIGHT="18" CONTENT="PAID" WC="0.95" CC="7907" STYLEREFS="TXT_1"/>
							<SP ID="P4_SP00283" HPOS="1213" VPOS="1068" WIDTH="14"/>
							<String ID="P4_ST00348" HPOS="1227" VPOS="1051" WIDTH="29" HEIGHT="18" CONTENT="IN" WC="0.57" CC="08" STYLEREFS="TXT_1"/>
							<SP ID="P4_SP00284" HPOS="1256" VPOS="1069" WIDTH="12"/>
							<String ID="P4_ST00349" HPOS="1268" VPOS="1051" WIDTH="131" HEIGHT="19" CONTENT="ADVANCE." WC="0.98" CC="87797310" STYLEREFS="TXT_1"/>
							<SP ID="P4_SP00285" HPOS="1399" VPOS="1070" WIDTH="189"/>
							<String ID="P4_ST00350" HPOS="1588" VPOS="1052" WIDTH="100" HEIGHT="19" CONTENT="BOOKEI" WC="0.69" CC="713410" STYLEREFS="TXT_1"/>
						</TextLine>
						<TextLine ID="P4_TL00067" HPOS="1172" VPOS="1091" WIDTH="495" HEIGHT="29">
							<String ID="P4_ST00351" HPOS="1172" VPOS="1091" WIDTH="45" HEIGHT="23" CONTENT="Six" WC="0.98" CC="005" STYLEREFS="TXT_2"/>
							<SP ID="P4_SP00286" HPOS="1217" VPOS="1114" WIDTH="11"/>
							<String ID="P4_ST00352" HPOS="1228" VPOS="1091" WIDTH="108" HEIGHT="24" CONTENT="Months" WC="0.98" CC="900091" STYLEREFS="TXT_2"/>
							<SP ID="P4_SP00287" HPOS="1336" VPOS="1115" WIDTH="10"/>
							<String ID="P4_ST00353" HPOS="1346" VPOS="1092" WIDTH="28" HEIGHT="22" CONTENT="5s" WC="0.48" CC="72" STYLEREFS="TXT_2"/>
							<SP ID="P4_SP00288" HPOS="1374" VPOS="1115" WIDTH="11"/>
							<String ID="P4_ST00354" HPOS="1385" VPOS="1099" WIDTH="6" HEIGHT="21" CONTENT=";" WC="1.00" CC="0" STYLEREFS="TXT_2"/>
							<SP ID="P4_SP00289" HPOS="1391" VPOS="1120" WIDTH="240"/>
							<String ID="P4_ST00355" HPOS="1631" VPOS="1094" WIDTH="36" HEIGHT="23" CONTENT="6s." WC="0.84" CC="040" STYLEREFS="TXT_2"/>
						</TextLine>
						<TextLine ID="P4_TL00068" HPOS="1170" VPOS="1117" WIDTH="497" HEIGHT="29">
							<String ID="P4_ST00356" HPOS="1170" VPOS="1118" WIDTH="54" HEIGHT="23" CONTENT="One" WC="0.95" CC="650" STYLEREFS="TXT_2"/>
							<SP ID="P4_SP00290" HPOS="1224" VPOS="1141" WIDTH="16"/>
							<String ID="P4_ST00357" HPOS="1240" VPOS="1117" WIDTH="68" HEIGHT="24" CONTENT="Year" WC="0.98" CC="3015" STYLEREFS="TXT_2"/>
							<SP ID="P4_SP00291" HPOS="1308" VPOS="1141" WIDTH="10"/>
							<String ID="P4_ST00358" HPOS="1318" VPOS="1118" WIDTH="44" HEIGHT="23" CONTENT="10s" WC="0.85" CC="013" STYLEREFS="TXT_2"/>
							<SP ID="P4_SP00292" HPOS="1362" VPOS="1141" WIDTH="11"/>
							<String ID="P4_ST00359" HPOS="1373" VPOS="1125" WIDTH="5" HEIGHT="21" CONTENT=";" WC="1.00" CC="0" STYLEREFS="TXT_2"/>
							<SP ID="P4_SP00293" HPOS="1378" VPOS="1146" WIDTH="238"/>
							<String ID="P4_ST00360" HPOS="1616" VPOS="1120" WIDTH="51" HEIGHT="24" CONTENT="12s." WC="0.45" CC="0866" STYLEREFS="TXT_2"/>
						</TextLine>
						<TextLine ID="P4_TL00069" HPOS="1011" VPOS="1277" WIDTH="870" HEIGHT="31">
							<String ID="P4_ST00361" HPOS="1011" VPOS="1277" WIDTH="66" HEIGHT="21" CONTENT="Three" WC="0.96" CC="96433" STYLEREFS="TXT_1"/>
							<SP ID="P4_SP00294" HPOS="1077" VPOS="1298" WIDTH="11"/>
							<String ID="P4_ST00362" HPOS="1088" VPOS="1278" WIDTH="101" HEIGHT="26" CONTENT="Shillings" WC="0.98" CC="496040791" STYLEREFS="TXT_1"/>
							<SP ID="P4_SP00295" HPOS="1189" VPOS="1304" WIDTH="10"/>
							<String ID="P4_ST00363" HPOS="1199" VPOS="1285" WIDTH="36" HEIGHT="19" CONTENT="per" WC="0.95" CC="803" STYLEREFS="TXT_1"/>
							<SP ID="P4_SP00296" HPOS="1235" VPOS="1304" WIDTH="10"/>
							<String ID="P4_ST00364" HPOS="1245" VPOS="1279" WIDTH="47" HEIGHT="19" CONTENT="inch" WC="0.95" CC="4727" STYLEREFS="TXT_1"/>
							<SP ID="P4_SP00297" HPOS="1292" VPOS="1304" WIDTH="6"/>
							<String ID="P4_ST00365" HPOS="1298" VPOS="1285" WIDTH="37" HEIGHT="19" CONTENT="per" WC="0.97" CC="043" STYLEREFS="TXT_1"/>
							<SP ID="P4_SP00298" HPOS="1335" VPOS="1304" WIDTH="10"/>
							<String ID="P4_ST00366" HPOS="1345" VPOS="1279" WIDTH="61" HEIGHT="24" CONTENT="issue," WC="0.98" CC="545200" STYLEREFS="TXT_1"/>
							<SP ID="P4_SP00299" HPOS="1406" VPOS="1304" WIDTH="10"/>
							<String ID="P4_ST00367" HPOS="1416" VPOS="1287" WIDTH="28" HEIGHT="19" CONTENT="up" WC="0.59" CC="80" STYLEREFS="TXT_1"/>
							<SP ID="P4_SP00300" HPOS="1444" VPOS="1306" WIDTH="7"/>
							<String ID="P4_ST00368" HPOS="1451" VPOS="1283" WIDTH="21" HEIGHT="16" CONTENT="to" WC="0.77" CC="30" STYLEREFS="TXT_1"/>
							<SP ID="P4_SP00301" HPOS="1472" VPOS="1306" WIDTH="8"/>
							<String ID="P4_ST00369" HPOS="1480" VPOS="1282" WIDTH="11" HEIGHT="17" CONTENT="3" WC="0.39" CC="6" STYLEREFS="TXT_1"/>
							<SP ID="P4_SP00302" HPOS="1491" VPOS="1306" WIDTH="8"/>
							<String ID="P4_ST00370" HPOS="1499" VPOS="1281" WIDTH="114" HEIGHT="19" CONTENT="insertions." WC="0.99" CC="08600000730" STYLEREFS="TXT_1"/>
							<SP ID="P4_SP00303" HPOS="1613" VPOS="1306" WIDTH="17"/>
							<String ID="P4_ST00371" HPOS="1630" VPOS="1282" WIDTH="131" HEIGHT="26" CONTENT="Suhsequent" WC="0.55" CC="7090070476" STYLEREFS="TXT_1"/>
							<SP ID="P4_SP00304" HPOS="1761" VPOS="1308" WIDTH="7"/>
							<String ID="P4_ST00372" HPOS="1768" VPOS="1282" WIDTH="113" HEIGHT="21" CONTENT="Insertions" WC="0.98" CC="7677614076" STYLEREFS="TXT_1"/>
						</TextLine>
						<TextLine ID="P4_TL00070" HPOS="985" VPOS="1304" WIDTH="524" HEIGHT="28">
							<String ID="P4_ST00373" HPOS="985" VPOS="1304" WIDTH="45" HEIGHT="20" CONTENT="half" WC="0.95" CC="9560" STYLEREFS="TXT_1"/>
							<SP ID="P4_SP00305" HPOS="1030" VPOS="1324" WIDTH="9"/>
							<String ID="P4_ST00374" HPOS="1039" VPOS="1309" WIDTH="61" HEIGHT="15" CONTENT="rates." WC="0.99" CC="050060" STYLEREFS="TXT_1"/>
							<SP ID="P4_SP00306" HPOS="1100" VPOS="1324" WIDTH="31"/>
							<String ID="P4_ST00375" HPOS="1131" VPOS="1305" WIDTH="82" HEIGHT="25" CONTENT="Special" WC="0.97" CC="6924462" STYLEREFS="TXT_1"/>
							<SP ID="P4_SP00307" HPOS="1213" VPOS="1330" WIDTH="9"/>
							<String ID="P4_ST00376" HPOS="1222" VPOS="1307" WIDTH="62" HEIGHT="18" CONTENT="terms" WC="0.98" CC="00056" STYLEREFS="TXT_1"/>
							<SP ID="P4_SP00308" HPOS="1284" VPOS="1330" WIDTH="11"/>
							<String ID="P4_ST00377" HPOS="1295" VPOS="1306" WIDTH="33" HEIGHT="18" CONTENT="for" WC="0.95" CC="606" STYLEREFS="TXT_1"/>
							<SP ID="P4_SP00309" HPOS="1328" VPOS="1330" WIDTH="8"/>
							<String ID="P4_ST00378" HPOS="1336" VPOS="1305" WIDTH="73" HEIGHT="26" CONTENT="longer" WC="0.98" CC="605604" STYLEREFS="TXT_1"/>
							<SP ID="P4_SP00310" HPOS="1409" VPOS="1331" WIDTH="12"/>
							<String ID="P4_ST00379" HPOS="1421" VPOS="1306" WIDTH="88" HEIGHT="26" CONTENT="periods." WC="0.99" CC="02154730" STYLEREFS="TXT_1"/>
						</TextLine>
						<TextLine ID="P4_TL00071" HPOS="1011" VPOS="1358" WIDTH="870" HEIGHT="32">
							<String ID="P4_ST00380" HPOS="1011" VPOS="1359" WIDTH="180" HEIGHT="19" CONTENT="Announcements" WC="0.98" CC="8675670706757" STYLEREFS="TXT_1"/>
							<SP ID="P4_SP00311" HPOS="1191" VPOS="1378" WIDTH="10"/>
							<String ID="P4_ST00381" HPOS="1201" VPOS="1359" WIDTH="21" HEIGHT="19" CONTENT="of" WC="0.47" CC="09" STYLEREFS="TXT_1"/>
							<SP ID="P4_SP00312" HPOS="1222" VPOS="1378" WIDTH="12"/>
							<String ID="P4_ST00382" HPOS="1234" VPOS="1358" WIDTH="70" HEIGHT="20" CONTENT="Births" WC="0.98" CC="654001" STYLEREFS="TXT_1"/>
							<SP ID="P4_SP00313" HPOS="1304" VPOS="1378" WIDTH="11"/>
							<String ID="P4_ST00383" HPOS="1315" VPOS="1359" WIDTH="40" HEIGHT="19" CONTENT="and" WC="0.91" CC="877" STYLEREFS="TXT_1"/>
							<SP ID="P4_SP00314" HPOS="1355" VPOS="1378" WIDTH="10"/>
							<String ID="P4_ST00384" HPOS="1365" VPOS="1358" WIDTH="79" HEIGHT="20" CONTENT="Deaths" WC="0.97" CC="737097" STYLEREFS="TXT_1"/>
							<SP ID="P4_SP00315" HPOS="1444" VPOS="1378" WIDTH="10"/>
							<String ID="P4_ST00385" HPOS="1454" VPOS="1366" WIDTH="34" HEIGHT="13" CONTENT="are" WC="0.98" CC="060" STYLEREFS="TXT_1"/>
							<SP ID="P4_SP00316" HPOS="1488" VPOS="1379" WIDTH="10"/>
							<String ID="P4_ST00386" HPOS="1498" VPOS="1360" WIDTH="89" HEIGHT="24" CONTENT="charged" WC="0.99" CC="0071422" STYLEREFS="TXT_1"/>
							<SP ID="P4_SP00317" HPOS="1587" VPOS="1384" WIDTH="15"/>
							<String ID="P4_ST00387" HPOS="1602" VPOS="1362" WIDTH="23" HEIGHT="17" CONTENT="2s" WC="0.72" CC="50" STYLEREFS="TXT_1"/>
							<SP ID="P4_SP00318" HPOS="1625" VPOS="1384" WIDTH="16"/>
							<String ID="P4_ST00388" HPOS="1641" VPOS="1362" WIDTH="54" HEIGHT="24" CONTENT="each," WC="0.99" CC="10700" STYLEREFS="TXT_1"/>
							<SP ID="P4_SP00319" HPOS="1695" VPOS="1386" WIDTH="20"/>
							<String ID="P4_ST00389" HPOS="1715" VPOS="1365" WIDTH="37" HEIGHT="17" CONTENT="not" WC="0.95" CC="707" STYLEREFS="TXT_1"/>
							<SP ID="P4_SP00320" HPOS="1752" VPOS="1386" WIDTH="18"/>
							<String ID="P4_ST00390" HPOS="1770" VPOS="1363" WIDTH="111" HEIGHT="27" CONTENT="exceeding" WC="0.99" CC="060300589" STYLEREFS="TXT_1"/>
						</TextLine>
						<TextLine ID="P4_TL00072" HPOS="985" VPOS="1385" WIDTH="895" HEIGHT="29">
							<String ID="P4_ST00391" HPOS="985" VPOS="1387" WIDTH="24" HEIGHT="17" CONTENT="30" WC="0.41" CC="65" STYLEREFS="TXT_1"/>
							<SP ID="P4_SP00321" HPOS="1009" VPOS="1404" WIDTH="11"/>
							<String ID="P4_ST00392" HPOS="1020" VPOS="1385" WIDTH="72" HEIGHT="19" CONTENT="words." WC="0.96" CC="797960" STYLEREFS="TXT_1"/>
							<SP ID="P4_SP00322" HPOS="1092" VPOS="1404" WIDTH="29"/>
							<String ID="P4_ST00393" HPOS="1121" VPOS="1385" WIDTH="105" HEIGHT="25" CONTENT="Marriage" WC="0.99" CC="57006602" STYLEREFS="TXT_1"/>
							<SP ID="P4_SP00323" HPOS="1226" VPOS="1410" WIDTH="10"/>
							<String ID="P4_ST00394" HPOS="1236" VPOS="1387" WIDTH="172" HEIGHT="17" CONTENT="announcements" WC="0.99" CC="8362770300710" STYLEREFS="TXT_1"/>
							<SP ID="P4_SP00324" HPOS="1408" VPOS="1410" WIDTH="17"/>
							<String ID="P4_ST00395" HPOS="1425" VPOS="1388" WIDTH="28" HEIGHT="17" CONTENT="3s." WC="0.72" CC="700" STYLEREFS="TXT_1"/>
							<SP ID="P4_SP00325" HPOS="1453" VPOS="1410" WIDTH="27"/>
							<String ID="P4_ST00396" HPOS="1480" VPOS="1386" WIDTH="93" HEIGHT="25" CONTENT="NOTE." WC="0.98" CC="40062" STYLEREFS="TXT_13"/>
							<String ID="P4_ST00397" HPOS="1576" VPOS="1387" WIDTH="111" HEIGHT="24" CONTENT="—These" WC="0.96" CC="867267" STYLEREFS="TXT_13"/>
							<SP ID="P4_SP00326" HPOS="1687" VPOS="1411" WIDTH="15"/>
							<String ID="P4_ST00398" HPOS="1702" VPOS="1388" WIDTH="111" HEIGHT="26" CONTENT="charges" WC="0.96" CC="0988868" STYLEREFS="TXT_13"/>
							<SP ID="P4_SP00327" HPOS="1813" VPOS="1414" WIDTH="24"/>
							<String ID="P4_ST00399" HPOS="1837" VPOS="1397" WIDTH="43" HEIGHT="17" CONTENT="are" WC="0.91" CC="975" STYLEREFS="TXT_13"/>
						</TextLine>
						<TextLine ID="P4_TL00073" HPOS="984" VPOS="1410" WIDTH="312" HEIGHT="31">
							<String ID="P4_ST00400" HPOS="984" VPOS="1412" WIDTH="39" HEIGHT="23" CONTENT="for" WC="0.98" CC="204" STYLEREFS="TXT_2"/>
							<SP ID="P4_SP00328" HPOS="1023" VPOS="1435" WIDTH="11"/>
							<String ID="P4_ST00401" HPOS="1034" VPOS="1411" WIDTH="179" HEIGHT="30" CONTENT="Prepayment" WC="0.99" CC="7005097007" STYLEREFS="TXT_2"/>
							<SP ID="P4_SP00329" HPOS="1213" VPOS="1441" WIDTH="10"/>
							<String ID="P4_ST00402" HPOS="1223" VPOS="1410" WIDTH="73" HEIGHT="30" CONTENT="Only-" WC="0.99" CC="20004" STYLEREFS="TXT_2"/>
						</TextLine>
						<TextLine ID="P4_TL00074" HPOS="1092" VPOS="1559" WIDTH="677" HEIGHT="54">
							<String ID="P4_ST00403" HPOS="1092" VPOS="1559" WIDTH="242" HEIGHT="49" CONTENT="JOBBLNS" WC="0.32" CC="8387838" STYLEREFS="TXT_15"/>
							<SP ID="P4_SP00330" HPOS="1334" VPOS="1608" WIDTH="35"/>
							<String ID="P4_ST00404" HPOS="1369" VPOS="1562" WIDTH="400" HEIGHT="51" CONTENT="DEPJIRTJAEJJT." WC="0.43" CC="50577677914772" STYLEREFS="TXT_15"/>
						</TextLine>
						<TextLine ID="P4_TL00075" HPOS="986" VPOS="1647" WIDTH="159" HEIGHT="33">
							<String ID="P4_ST00405" HPOS="986" VPOS="1647" WIDTH="159" HEIGHT="33" CONTENT="Invoices," WC="0.99" CC="293202363" STYLEREFS="TXT_11"/>
						</TextLine>
						<TextLine ID="P4_TL00076" HPOS="1037" VPOS="1689" WIDTH="174" HEIGHT="33">
							<String ID="P4_ST00406" HPOS="1037" VPOS="1689" WIDTH="174" HEIGHT="33" CONTENT="Billheads," WC="0.99" CC="4000700950" STYLEREFS="TXT_11"/>
						</TextLine>
						<TextLine ID="P4_TL00077" HPOS="1086" VPOS="1731" WIDTH="240" HEIGHT="34">
							<String ID="P4_ST00407" HPOS="1086" VPOS="1731" WIDTH="104" HEIGHT="27" CONTENT="Memo" WC="0.96" CC="7350" STYLEREFS="TXT_11"/>
							<SP ID="P4_SP00331" HPOS="1190" VPOS="1758" WIDTH="14"/>
							<String ID="P4_ST00408" HPOS="1204" VPOS="1733" WIDTH="122" HEIGHT="32" CONTENT="Forms," WC="0.97" CC="906673" STYLEREFS="TXT_11"/>
						</TextLine>
						<TextLine ID="P4_TL00078" HPOS="1138" VPOS="1773" WIDTH="229" HEIGHT="32">
							<String ID="P4_ST00409" HPOS="1138" VPOS="1773" WIDTH="82" HEIGHT="26" CONTENT="Bills" WC="0.99" CC="60002" STYLEREFS="TXT_11"/>
							<SP ID="P4_SP00332" HPOS="1220" VPOS="1799" WIDTH="14"/>
							<String ID="P4_ST00410" HPOS="1234" VPOS="1774" WIDTH="34" HEIGHT="26" CONTENT="of" WC="0.23" CC="59" STYLEREFS="TXT_11"/>
							<SP ID="P4_SP00333" HPOS="1268" VPOS="1800" WIDTH="9"/>
							<String ID="P4_ST00411" HPOS="1277" VPOS="1775" WIDTH="90" HEIGHT="30" CONTENT="Fare," WC="0.96" CC="93642" STYLEREFS="TXT_11"/>
						</TextLine>
						<TextLine ID="P4_TL00079" HPOS="1188" VPOS="1816" WIDTH="289" HEIGHT="35">
							<String ID="P4_ST00412" HPOS="1188" VPOS="1816" WIDTH="154" HEIGHT="26" CONTENT="Business" WC="0.98" CC="27209067" STYLEREFS="TXT_11"/>
							<SP ID="P4_SP00334" HPOS="1342" VPOS="1842" WIDTH="25"/>
							<String ID="P4_ST00413" HPOS="1367" VPOS="1817" WIDTH="110" HEIGHT="34" CONTENT="Cards," WC="0.97" CC="775931" STYLEREFS="TXT_11"/>
						</TextLine>
						<TextLine ID="P4_TL00080" HPOS="1238" VPOS="1858" WIDTH="272" HEIGHT="35">
							<String ID="P4_ST00414" HPOS="1238" VPOS="1858" WIDTH="142" HEIGHT="33" CONTENT="Visiting" WC="0.98" CC="70604069" STYLEREFS="TXT_11"/>
							<SP ID="P4_SP00335" HPOS="1380" VPOS="1891" WIDTH="21"/>
							<String ID="P4_ST00415" HPOS="1401" VPOS="1860" WIDTH="109" HEIGHT="33" CONTENT="Cards," WC="0.97" CC="689050" STYLEREFS="TXT_11"/>
						</TextLine>
						<TextLine ID="P4_TL00081" HPOS="1319" VPOS="1900" WIDTH="224" HEIGHT="34">
							<String ID="P4_ST00416" HPOS="1319" VPOS="1900" WIDTH="97" HEIGHT="26" CONTENT="Menu" WC="0.97" CC="7008" STYLEREFS="TXT_11"/>
							<SP ID="P4_SP00336" HPOS="1416" VPOS="1926" WIDTH="19"/>
							<String ID="P4_ST00417" HPOS="1435" VPOS="1902" WIDTH="108" HEIGHT="32" CONTENT="Cards," WC="0.99" CC="600060" STYLEREFS="TXT_11"/>
						</TextLine>
						<TextLine ID="P4_TL00082" HPOS="1372" VPOS="1942" WIDTH="289" HEIGHT="36">
							<String ID="P4_ST00418" HPOS="1372" VPOS="1942" WIDTH="154" HEIGHT="34" CONTENT="Luggage" WC="0.97" CC="9899093" STYLEREFS="TXT_11"/>
							<SP ID="P4_SP00337" HPOS="1526" VPOS="1976" WIDTH="12"/>
							<String ID="P4_ST00419" HPOS="1538" VPOS="1945" WIDTH="123" HEIGHT="33" CONTENT="Labels," WC="0.99" CC="1070163" STYLEREFS="TXT_11"/>
						</TextLine>
						<TextLine ID="P4_TL00083" HPOS="1416" VPOS="1985" WIDTH="329" HEIGHT="35">
							<String ID="P4_ST00420" HPOS="1416" VPOS="1985" WIDTH="75" HEIGHT="26" CONTENT="Ball" WC="0.99" CC="3000" STYLEREFS="TXT_11"/>
							<SP ID="P4_SP00338" HPOS="1491" VPOS="2011" WIDTH="19"/>
							<String ID="P4_ST00421" HPOS="1510" VPOS="1986" WIDTH="235" HEIGHT="34" CONTENT="Programmes," WC="0.99" CC="86505000530" STYLEREFS="TXT_11"/>
						</TextLine>
						<TextLine ID="P4_TL00084" HPOS="1470" VPOS="2030" WIDTH="172" HEIGHT="33">
							<String ID="P4_ST00422" HPOS="1470" VPOS="2030" WIDTH="172" HEIGHT="33" CONTENT="Circulars," WC="0.99" CC="6054800863" STYLEREFS="TXT_11"/>
						</TextLine>
						<TextLine ID="P4_TL00085" HPOS="1155" VPOS="2192" WIDTH="224" HEIGHT="33">
							<String ID="P4_ST00423" HPOS="1155" VPOS="2192" WIDTH="65" HEIGHT="33" CONTENT="&amp;c.," WC="0.56" CC="2634" STYLEREFS="TXT_11"/>
							<SP ID="P4_SP00339" HPOS="1220" VPOS="2225" WIDTH="102"/>
							<String ID="P4_ST00424" HPOS="1322" VPOS="2193" WIDTH="57" HEIGHT="27" CONTENT="&amp;c." WC="0.66" CC="270" STYLEREFS="TXT_11"/>
						</TextLine>
						<TextLine ID="P4_TL00086" HPOS="1047" VPOS="2275" WIDTH="776" HEIGHT="60">
							<String ID="P4_ST00425" HPOS="1047" VPOS="2275" WIDTH="125" HEIGHT="49" CONTENT="Done" WC="0.97" CC="1073" STYLEREFS="TXT_15"/>
							<SP ID="P4_SP00340" HPOS="1172" VPOS="2324" WIDTH="34"/>
							<String ID="P4_ST00426" HPOS="1206" VPOS="2284" WIDTH="51" HEIGHT="40" CONTENT="at" WC="0.36" CC="75" STYLEREFS="TXT_15"/>
							<SP ID="P4_SP00341" HPOS="1257" VPOS="2324" WIDTH="37"/>
							<String ID="P4_ST00427" HPOS="1294" VPOS="2279" WIDTH="82" HEIGHT="48" CONTENT="the" WC="0.99" CC="003" STYLEREFS="TXT_15"/>
							<SP ID="P4_SP00342" HPOS="1376" VPOS="2327" WIDTH="22"/>
							<String ID="P4_ST00428" HPOS="1398" VPOS="2280" WIDTH="224" HEIGHT="55" CONTENT="Shortest" WC="0.97" CC="88089489" STYLEREFS="TXT_15"/>
							<SP ID="P4_SP00343" HPOS="1622" VPOS="2335" WIDTH="20"/>
							<String ID="P4_ST00429" HPOS="1642" VPOS="2281" WIDTH="181" HEIGHT="50" CONTENT=".Notice." WC="0.98" CC="73093853" STYLEREFS="TXT_15"/>
						</TextLine>
						<TextLine ID="P4_TL00087" HPOS="1301" VPOS="2555" WIDTH="577" HEIGHT="61">
							<String ID="P4_ST00430" HPOS="1301" VPOS="2555" WIDTH="577" HEIGHT="61" CONTENT="STATIONERY!!" WC="0.99" CC="000040707006" STYLEREFS="TXT_16"/>
						</TextLine>
						<TextLine ID="P4_TL00088" HPOS="1235" VPOS="2666" WIDTH="414" HEIGHT="51">
							<String ID="P4_ST00431" HPOS="1235" VPOS="2666" WIDTH="72" HEIGHT="46" CONTENT="On" WC="0.63" CC="06" STYLEREFS="TXT_15"/>
							<SP ID="P4_SP00344" HPOS="1307" VPOS="2712" WIDTH="24"/>
							<String ID="P4_ST00432" HPOS="1331" VPOS="2666" WIDTH="114" HEIGHT="48" CONTENT="Sale" WC="0.98" CC="0070" STYLEREFS="TXT_15"/>
							<SP ID="P4_SP00345" HPOS="1445" VPOS="2714" WIDTH="30"/>
							<String ID="P4_ST00433" HPOS="1475" VPOS="2672" WIDTH="54" HEIGHT="44" CONTENT="at" WC="0.72" CC="50" STYLEREFS="TXT_15"/>
							<SP ID="P4_SP00346" HPOS="1529" VPOS="2716" WIDTH="34"/>
							<String ID="P4_ST00434" HPOS="1563" VPOS="2670" WIDTH="86" HEIGHT="47" CONTENT="the" WC="0.96" CC="090" STYLEREFS="TXT_15"/>
						</TextLine>
						<TextLine ID="P4_TL00089" HPOS="985" VPOS="2869" WIDTH="548" HEIGHT="28">
							<String ID="P4_ST00435" HPOS="985" VPOS="2869" WIDTH="66" HEIGHT="19" CONTENT="Plain" WC="0.97" CC="70738"/>
							<SP ID="P4_SP00347" HPOS="1051" VPOS="2888" WIDTH="8"/>
							<String ID="P4_ST00436" HPOS="1059" VPOS="2870" WIDTH="47" HEIGHT="19" CONTENT="and" WC="0.93" CC="648"/>
							<SP ID="P4_SP00348" HPOS="1106" VPOS="2889" WIDTH="9"/>
							<String ID="P4_ST00437" HPOS="1115" VPOS="2871" WIDTH="81" HEIGHT="24" CONTENT="Fancy" WC="0.96" CC="59505"/>
							<SP ID="P4_SP00349" HPOS="1196" VPOS="2895" WIDTH="8"/>
							<String ID="P4_ST00438" HPOS="1204" VPOS="2872" WIDTH="67" HEIGHT="23" CONTENT="Note," WC="0.99" CC="90001"/>
							<SP ID="P4_SP00350" HPOS="1271" VPOS="2895" WIDTH="16"/>
							<String ID="P4_ST00439" HPOS="1287" VPOS="2872" WIDTH="133" HEIGHT="24" CONTENT="Envelopes" WC="0.98" CC="789113905"/>
							<SP ID="P4_SP00351" HPOS="1420" VPOS="2896" WIDTH="8"/>
							<String ID="P4_ST00440" HPOS="1428" VPOS="2874" WIDTH="31" HEIGHT="19" CONTENT="all" WC="0.97" CC="044"/>
							<SP ID="P4_SP00352" HPOS="1459" VPOS="2896" WIDTH="9"/>
							<String ID="P4_ST00441" HPOS="1468" VPOS="2874" WIDTH="65" HEIGHT="23" CONTENT="sizes," WC="0.98" CC="406052"/>
						</TextLine>
						<TextLine ID="P4_TL00090" HPOS="985" VPOS="2893" WIDTH="729" HEIGHT="30">
							<String ID="P4_ST00442" HPOS="985" VPOS="2893" WIDTH="126" HEIGHT="24" CONTENT="Mourning" WC="0.99" CC="03850007"/>
							<SP ID="P4_SP00353" HPOS="1111" VPOS="2917" WIDTH="9"/>
							<String ID="P4_ST00443" HPOS="1120" VPOS="2895" WIDTH="75" HEIGHT="22" CONTENT="Paper" WC="0.97" CC="60806"/>
							<SP ID="P4_SP00354" HPOS="1195" VPOS="2917" WIDTH="8"/>
							<String ID="P4_ST00444" HPOS="1203" VPOS="2895" WIDTH="46" HEIGHT="19" CONTENT="and" WC="0.96" CC="047"/>
							<SP ID="P4_SP00355" HPOS="1249" VPOS="2917" WIDTH="9"/>
							<String ID="P4_ST00445" HPOS="1258" VPOS="2896" WIDTH="138" HEIGHT="23" CONTENT="Envelopes," WC="1.00" CC="5070000020"/>
							<SP ID="P4_SP00356" HPOS="1396" VPOS="2919" WIDTH="15"/>
							<String ID="P4_ST00446" HPOS="1411" VPOS="2897" WIDTH="153" HEIGHT="19" CONTENT="Commercial" WC="0.99" CC="6000072203"/>
							<SP ID="P4_SP00357" HPOS="1564" VPOS="2919" WIDTH="8"/>
							<String ID="P4_ST00447" HPOS="1572" VPOS="2899" WIDTH="142" HEIGHT="24" CONTENT="Stationery," WC="0.99" CC="61020000660"/>
						</TextLine>
						<TextLine ID="P4_TL00091" HPOS="985" VPOS="2916" WIDTH="500" HEIGHT="27">
							<String ID="P4_ST00448" HPOS="985" VPOS="2916" WIDTH="116" HEIGHT="24" CONTENT="Foolscap" WC="0.99" CC="60037200"/>
							<SP ID="P4_SP00358" HPOS="1101" VPOS="2940" WIDTH="9"/>
							<String ID="P4_ST00449" HPOS="1110" VPOS="2918" WIDTH="74" HEIGHT="23" CONTENT="Paper" WC="0.97" CC="69005"/>
							<SP ID="P4_SP00359" HPOS="1184" VPOS="2941" WIDTH="9"/>
							<String ID="P4_ST00450" HPOS="1193" VPOS="2919" WIDTH="46" HEIGHT="17" CONTENT="and" WC="0.95" CC="076"/>
							<SP ID="P4_SP00360" HPOS="1239" VPOS="2941" WIDTH="10"/>
							<String ID="P4_ST00451" HPOS="1249" VPOS="2919" WIDTH="89" HEIGHT="19" CONTENT="Official" WC="1.00" CC="04113000"/>
							<SP ID="P4_SP00361" HPOS="1338" VPOS="2941" WIDTH="9"/>
							<String ID="P4_ST00452" HPOS="1347" VPOS="2920" WIDTH="138" HEIGHT="23" CONTENT="Envelopes," WC="0.99" CC="8000030043"/>
						</TextLine>
						<TextLine ID="P4_TL00092" HPOS="985" VPOS="2940" WIDTH="696" HEIGHT="29">
							<String ID="P4_ST00453" HPOS="985" VPOS="2940" WIDTH="116" HEIGHT="24" CONTENT="Drawing," WC="0.98" CC="16070970"/>
							<SP ID="P4_SP00362" HPOS="1101" VPOS="2964" WIDTH="11"/>
							<String ID="P4_ST00454" HPOS="1112" VPOS="2941" WIDTH="115" HEIGHT="23" CONTENT="Exercise," WC="0.99" CC="760922300"/>
							<SP ID="P4_SP00363" HPOS="1227" VPOS="2964" WIDTH="8"/>
							<String ID="P4_ST00455" HPOS="1235" VPOS="2942" WIDTH="181" HEIGHT="20" CONTENT="Memorandum" WC="0.99" CC="0080400059"/>
							<SP ID="P4_SP00364" HPOS="1416" VPOS="2964" WIDTH="8"/>
							<String ID="P4_ST00456" HPOS="1424" VPOS="2944" WIDTH="46" HEIGHT="19" CONTENT="and" WC="1.00" CC="000"/>
							<SP ID="P4_SP00365" HPOS="1470" VPOS="2964" WIDTH="9"/>
							<String ID="P4_ST00457" HPOS="1479" VPOS="2945" WIDTH="109" HEIGHT="19" CONTENT="Account" WC="0.98" CC="9126750"/>
							<SP ID="P4_SP00366" HPOS="1588" VPOS="2964" WIDTH="9"/>
							<String ID="P4_ST00458" HPOS="1597" VPOS="2945" WIDTH="84" HEIGHT="24" CONTENT="Books," WC="0.97" CC="615643"/>
						</TextLine>
						<TextLine ID="P4_TL00093" HPOS="984" VPOS="2963" WIDTH="517" HEIGHT="27">
							<String ID="P4_ST00459" HPOS="984" VPOS="2963" WIDTH="109" HEIGHT="24" CONTENT="Ledgers," WC="0.98" CC="60090660"/>
							<SP ID="P4_SP00367" HPOS="1093" VPOS="2987" WIDTH="11"/>
							<String ID="P4_ST00460" HPOS="1104" VPOS="2964" WIDTH="117" HEIGHT="23" CONTENT="Journals," WC="0.99" CC="007400072"/>
							<SP ID="P4_SP00368" HPOS="1221" VPOS="2987" WIDTH="11"/>
							<String ID="P4_ST00461" HPOS="1232" VPOS="2965" WIDTH="52" HEIGHT="24" CONTENT="Day" WC="1.00" CC="000"/>
							<SP ID="P4_SP00369" HPOS="1284" VPOS="2989" WIDTH="8"/>
							<String ID="P4_ST00462" HPOS="1292" VPOS="2966" WIDTH="47" HEIGHT="18" CONTENT="and" WC="0.94" CC="950"/>
							<SP ID="P4_SP00370" HPOS="1339" VPOS="2989" WIDTH="9"/>
							<String ID="P4_ST00463" HPOS="1348" VPOS="2966" WIDTH="61" HEIGHT="19" CONTENT="Cash" WC="0.95" CC="6347"/>
							<SP ID="P4_SP00371" HPOS="1409" VPOS="2989" WIDTH="8"/>
							<String ID="P4_ST00464" HPOS="1417" VPOS="2967" WIDTH="84" HEIGHT="23" CONTENT="Books," WC="0.99" CC="400442"/>
						</TextLine>
						<TextLine ID="P4_TL00094" HPOS="984" VPOS="2987" WIDTH="535" HEIGHT="27">
							<String ID="P4_ST00465" HPOS="984" VPOS="2987" WIDTH="82" HEIGHT="18" CONTENT="Letter" WC="0.99" CC="700006"/>
							<SP ID="P4_SP00372" HPOS="1066" VPOS="3005" WIDTH="8"/>
							<String ID="P4_ST00466" HPOS="1074" VPOS="2987" WIDTH="84" HEIGHT="23" CONTENT="Books," WC="0.98" CC="003762"/>
							<SP ID="P4_SP00373" HPOS="1158" VPOS="3010" WIDTH="11"/>
							<String ID="P4_ST00467" HPOS="1169" VPOS="2989" WIDTH="107" HEIGHT="22" CONTENT="Brushes," WC="0.98" CC="66747060"/>
							<SP ID="P4_SP00374" HPOS="1276" VPOS="3011" WIDTH="11"/>
							<String ID="P4_ST00468" HPOS="1287" VPOS="2989" WIDTH="84" HEIGHT="19" CONTENT="Water" WC="0.98" CC="90004"/>
							<SP ID="P4_SP00375" HPOS="1371" VPOS="3011" WIDTH="9"/>
							<String ID="P4_ST00469" HPOS="1380" VPOS="2990" WIDTH="80" HEIGHT="23" CONTENT="Wells," WC="0.98" CC="900440"/>
							<SP ID="P4_SP00376" HPOS="1460" VPOS="3013" WIDTH="11"/>
							<String ID="P4_ST00470" HPOS="1471" VPOS="2991" WIDTH="48" HEIGHT="23" CONTENT="&amp;c," WC="0.71" CC="080"/>
						</TextLine>
						<TextLine ID="P4_TL00095" HPOS="984" VPOS="3010" WIDTH="480" HEIGHT="27">
							<String ID="P4_ST00471" HPOS="984" VPOS="3010" WIDTH="124" HEIGHT="24" CONTENT="Stephen's" WC="0.98" CC="700970902"/>
							<SP ID="P4_SP00377" HPOS="1108" VPOS="3034" WIDTH="9"/>
							<String ID="P4_ST00472" HPOS="1117" VPOS="3011" WIDTH="105" HEIGHT="24" CONTENT="Writing" WC="0.99" CC="0100270"/>
							<SP ID="P4_SP00378" HPOS="1222" VPOS="3035" WIDTH="8"/>
							<String ID="P4_ST00473" HPOS="1230" VPOS="3013" WIDTH="47" HEIGHT="17" CONTENT="and" WC="0.98" CC="060"/>
							<SP ID="P4_SP00379" HPOS="1277" VPOS="3035" WIDTH="9"/>
							<String ID="P4_ST00474" HPOS="1286" VPOS="3013" WIDTH="107" HEIGHT="24" CONTENT="Copying" WC="0.98" CC="4009179"/>
							<SP ID="P4_SP00380" HPOS="1393" VPOS="3037" WIDTH="8"/>
							<String ID="P4_ST00475" HPOS="1401" VPOS="3014" WIDTH="63" HEIGHT="23" CONTENT="Inks," WC="0.98" CC="44033"/>
						</TextLine>
						<TextLine ID="P4_TL00096" HPOS="983" VPOS="3033" WIDTH="572" HEIGHT="28">
							<String ID="P4_ST00476" HPOS="983" VPOS="3033" WIDTH="107" HEIGHT="24" CONTENT="Blotting" WC="0.99" CC="44590000"/>
							<SP ID="P4_SP00381" HPOS="1090" VPOS="3057" WIDTH="8"/>
							<String ID="P4_ST00477" HPOS="1098" VPOS="3035" WIDTH="80" HEIGHT="23" CONTENT="Paper," WC="0.98" CC="630063"/>
							<SP ID="P4_SP00382" HPOS="1178" VPOS="3058" WIDTH="11"/>
							<String ID="P4_ST00478" HPOS="1189" VPOS="3035" WIDTH="112" HEIGHT="19" CONTENT="Business" WC="0.99" CC="65402025"/>
							<SP ID="P4_SP00383" HPOS="1301" VPOS="3058" WIDTH="9"/>
							<String ID="P4_ST00479" HPOS="1310" VPOS="3037" WIDTH="47" HEIGHT="18" CONTENT="and" WC="0.98" CC="060"/>
							<SP ID="P4_SP00384" HPOS="1357" VPOS="3058" WIDTH="8"/>
							<String ID="P4_ST00480" HPOS="1365" VPOS="3037" WIDTH="103" HEIGHT="24" CONTENT="Visiting" WC="0.99" CC="73710050"/>
							<SP ID="P4_SP00385" HPOS="1468" VPOS="3061" WIDTH="9"/>
							<String ID="P4_ST00481" HPOS="1477" VPOS="3037" WIDTH="78" HEIGHT="23" CONTENT="Cards," WC="0.97" CC="607760"/>
						</TextLine>
						<TextLine ID="P4_TL00097" HPOS="983" VPOS="3056" WIDTH="621" HEIGHT="28">
							<String ID="P4_ST00482" HPOS="983" VPOS="3056" WIDTH="57" HEIGHT="19" CONTENT="Blue" WC="0.98" CC="0560"/>
							<SP ID="P4_SP00386" HPOS="1040" VPOS="3075" WIDTH="9"/>
							<String ID="P4_ST00483" HPOS="1049" VPOS="3057" WIDTH="98" HEIGHT="23" CONTENT="Pencils," WC="0.99" CC="40940520"/>
							<SP ID="P4_SP00387" HPOS="1147" VPOS="3080" WIDTH="11"/>
							<String ID="P4_ST00484" HPOS="1158" VPOS="3058" WIDTH="62" HEIGHT="18" CONTENT="Lead" WC="0.99" CC="3000"/>
							<SP ID="P4_SP00388" HPOS="1220" VPOS="3080" WIDTH="8"/>
							<String ID="P4_ST00485" HPOS="1228" VPOS="3059" WIDTH="47" HEIGHT="18" CONTENT="and" WC="0.99" CC="030"/>
							<SP ID="P4_SP00389" HPOS="1275" VPOS="3080" WIDTH="9"/>
							<String ID="P4_ST00486" HPOS="1284" VPOS="3059" WIDTH="65" HEIGHT="19" CONTENT="Slate" WC="0.98" CC="72002"/>
							<SP ID="P4_SP00390" HPOS="1349" VPOS="3080" WIDTH="10"/>
							<String ID="P4_ST00487" HPOS="1359" VPOS="3060" WIDTH="97" HEIGHT="23" CONTENT="Pencils," WC="0.99" CC="70460090"/>
							<SP ID="P4_SP00391" HPOS="1456" VPOS="3083" WIDTH="11"/>
							<String ID="P4_ST00488" HPOS="1467" VPOS="3062" WIDTH="47" HEIGHT="17" CONTENT="and" WC="0.98" CC="050"/>
							<SP ID="P4_SP00392" HPOS="1514" VPOS="3083" WIDTH="8"/>
							<String ID="P4_ST00489" HPOS="1522" VPOS="3062" WIDTH="82" HEIGHT="22" CONTENT="Slates," WC="0.99" CC="0400270"/>
						</TextLine>
						<TextLine ID="P4_TL00098" HPOS="983" VPOS="3080" WIDTH="784" HEIGHT="29">
							<String ID="P4_ST00490" HPOS="983" VPOS="3080" WIDTH="110" HEIGHT="24" CONTENT="Marking" WC="0.99" CC="0740090"/>
							<SP ID="P4_SP00393" HPOS="1093" VPOS="3104" WIDTH="8"/>
							<String ID="P4_ST00491" HPOS="1101" VPOS="3081" WIDTH="51" HEIGHT="22" CONTENT="Ink," WC="0.98" CC="2701"/>
							<SP ID="P4_SP00394" HPOS="1152" VPOS="3104" WIDTH="11"/>
							<String ID="P4_ST00492" HPOS="1163" VPOS="3081" WIDTH="66" HEIGHT="19" CONTENT="India" WC="0.97" CC="47700"/>
							<SP ID="P4_SP00395" HPOS="1229" VPOS="3104" WIDTH="8"/>
							<String ID="P4_ST00493" HPOS="1237" VPOS="3082" WIDTH="94" HEIGHT="19" CONTENT="Rubber" WC="0.96" CC="888807"/>
							<SP ID="P4_SP00396" HPOS="1331" VPOS="3104" WIDTH="9"/>
							<String ID="P4_ST00494" HPOS="1340" VPOS="3083" WIDTH="85" HEIGHT="24" CONTENT="Bands," WC="0.98" CC="597030"/>
							<SP ID="P4_SP00397" HPOS="1425" VPOS="3107" WIDTH="10"/>
							<String ID="P4_ST00495" HPOS="1435" VPOS="3084" WIDTH="62" HEIGHT="19" CONTENT="Gum" WC="0.91" CC="879"/>
							<SP ID="P4_SP00398" HPOS="1497" VPOS="3107" WIDTH="9"/>
							<String ID="P4_ST00496" HPOS="1506" VPOS="3085" WIDTH="46" HEIGHT="18" CONTENT="and" WC="0.97" CC="160"/>
							<SP ID="P4_SP00399" HPOS="1552" VPOS="3107" WIDTH="9"/>
							<String ID="P4_ST00497" HPOS="1561" VPOS="3084" WIDTH="116" HEIGHT="20" CONTENT="Gummed" WC="0.96" CC="878970"/>
							<SP ID="P4_SP00400" HPOS="1677" VPOS="3107" WIDTH="8"/>
							<String ID="P4_ST00498" HPOS="1685" VPOS="3086" WIDTH="82" HEIGHT="23" CONTENT="Paper," WC="0.98" CC="208170"/>
						</TextLine>
						<TextLine ID="P4_TL00099" HPOS="983" VPOS="3103" WIDTH="403" HEIGHT="27">
							<String ID="P4_ST00499" HPOS="983" VPOS="3103" WIDTH="104" HEIGHT="20" CONTENT="Indexed" WC="0.98" CC="5300920"/>
							<SP ID="P4_SP00401" HPOS="1087" VPOS="3123" WIDTH="9"/>
							<String ID="P4_ST00500" HPOS="1096" VPOS="3104" WIDTH="68" HEIGHT="23" CONTENT="Files," WC="0.99" CC="600040"/>
							<SP ID="P4_SP00402" HPOS="1164" VPOS="3127" WIDTH="14"/>
							<String ID="P4_ST00501" HPOS="1178" VPOS="3105" WIDTH="47" HEIGHT="18" CONTENT="and" WC="0.98" CC="060"/>
							<SP ID="P4_SP00403" HPOS="1225" VPOS="3127" WIDTH="8"/>
							<String ID="P4_ST00502" HPOS="1233" VPOS="3105" WIDTH="74" HEIGHT="24" CONTENT="Paper" WC="0.96" CC="60926"/>
							<SP ID="P4_SP00404" HPOS="1307" VPOS="3129" WIDTH="9"/>
							<String ID="P4_ST00503" HPOS="1316" VPOS="3106" WIDTH="70" HEIGHT="24" CONTENT="Clips," WC="0.98" CC="500064"/>
						</TextLine>
						<TextLine ID="P4_TL00100" HPOS="983" VPOS="3127" WIDTH="298" HEIGHT="23">
							<String ID="P4_ST00504" HPOS="983" VPOS="3127" WIDTH="136" HEIGHT="23" CONTENT="Inkstands," WC="0.99" CC="6705007053"/>
							<SP ID="P4_SP00405" HPOS="1119" VPOS="3150" WIDTH="10"/>
							<String ID="P4_ST00505" HPOS="1129" VPOS="3128" WIDTH="46" HEIGHT="18" CONTENT="and" WC="0.94" CC="970"/>
							<SP ID="P4_SP00406" HPOS="1175" VPOS="3150" WIDTH="10"/>
							<String ID="P4_ST00506" HPOS="1185" VPOS="3128" WIDTH="96" HEIGHT="20" CONTENT="Bottles." WC="1.00" CC="50004000"/>
						</TextLine>
						<TextLine ID="P4_TL00101" HPOS="1016" VPOS="3228" WIDTH="827" HEIGHT="32">
							<String ID="P4_ST00507" HPOS="1016" VPOS="3228" WIDTH="21" HEIGHT="25" CONTENT="A" WC="1.00" CC="0" STYLEREFS="TXT_8"/>
							<SP ID="P4_SP00407" HPOS="1037" VPOS="3253" WIDTH="21"/>
							<String ID="P4_ST00508" HPOS="1058" VPOS="3228" WIDTH="140" HEIGHT="27" CONTENT="CHOICE" WC="0.99" CC="300160" STYLEREFS="TXT_8"/>
							<SP ID="P4_SP00408" HPOS="1198" VPOS="3255" WIDTH="15"/>
							<String ID="P4_ST00509" HPOS="1213" VPOS="3229" WIDTH="210" HEIGHT="28" CONTENT="SELECTION" WC="0.99" CC="600001508" STYLEREFS="TXT_8"/>
							<SP ID="P4_SP00409" HPOS="1423" VPOS="3257" WIDTH="20"/>
							<String ID="P4_ST00510" HPOS="1443" VPOS="3232" WIDTH="47" HEIGHT="25" CONTENT="OF" WC="1.00" CC="00" STYLEREFS="TXT_8"/>
							<SP ID="P4_SP00410" HPOS="1490" VPOS="3257" WIDTH="16"/>
							<String ID="P4_ST00511" HPOS="1506" VPOS="3230" WIDTH="186" HEIGHT="29" CONTENT="BIRTHDAY" WC="0.99" CC="67000402" STYLEREFS="TXT_8"/>
							<SP ID="P4_SP00411" HPOS="1692" VPOS="3259" WIDTH="20"/>
							<String ID="P4_ST00512" HPOS="1712" VPOS="3232" WIDTH="131" HEIGHT="28" CONTENT="CARDS." WC="0.98" CC="200554" STYLEREFS="TXT_8"/>
						</TextLine>
						<TextLine ID="P4_TL00102" HPOS="984" VPOS="3375" WIDTH="886" HEIGHT="66">
							<String ID="P4_ST00513" HPOS="984" VPOS="3375" WIDTH="348" HEIGHT="61" CONTENT="NEWS" WC="0.96" CC="4631" STYLEREFS="TXT_17"/>
							<SP ID="P4_SP00412" HPOS="1332" VPOS="3436" WIDTH="63"/>
							<String ID="P4_ST00514" HPOS="1395" VPOS="3378" WIDTH="475" HEIGHT="63" CONTENT="AGENCY." WC="0.97" CC="9673625" STYLEREFS="TXT_17"/>
						</TextLine>
						<TextLine ID="P4_TL00103" HPOS="1045" VPOS="3481" WIDTH="771" HEIGHT="57">
							<String ID="P4_ST00515" HPOS="1045" VPOS="3481" WIDTH="193" HEIGHT="56" CONTENT="English," WC="0.98" CC="17964770" STYLEREFS="TXT_15"/>
							<SP ID="P4_SP00413" HPOS="1238" VPOS="3537" WIDTH="27"/>
							<String ID="P4_ST00516" HPOS="1265" VPOS="3481" WIDTH="205" HEIGHT="57" CONTENT="Foreign," WC="0.98" CC="30441970" STYLEREFS="TXT_15"/>
							<SP ID="P4_SP00414" HPOS="1470" VPOS="3538" WIDTH="30"/>
							<String ID="P4_ST00517" HPOS="1500" VPOS="3484" WIDTH="90" HEIGHT="46" CONTENT="and" WC="0.92" CC="777" STYLEREFS="TXT_15"/>
							<SP ID="P4_SP00415" HPOS="1590" VPOS="3538" WIDTH="24"/>
							<String ID="P4_ST00518" HPOS="1614" VPOS="3485" WIDTH="202" HEIGHT="48" CONTENT="Colonial" WC="0.99" CC="60600390" STYLEREFS="TXT_15"/>
						</TextLine>
						<TextLine ID="P4_TL00104" HPOS="1135" VPOS="3547" WIDTH="594" HEIGHT="58">
							<String ID="P4_ST00519" HPOS="1135" VPOS="3547" WIDTH="180" HEIGHT="56" CONTENT="Papers," WC="0.98" CC="4060772" STYLEREFS="TXT_15"/>
							<SP ID="P4_SP00416" HPOS="1315" VPOS="3603" WIDTH="22"/>
							<String ID="P4_ST00520" HPOS="1337" VPOS="3547" WIDTH="282" HEIGHT="58" CONTENT=".Magazines," WC="0.99" CC="49090117303" STYLEREFS="TXT_15"/>
							<SP ID="P4_SP00417" HPOS="1619" VPOS="3605" WIDTH="23"/>
							<String ID="P4_ST00521" HPOS="1642" VPOS="3550" WIDTH="87" HEIGHT="48" CONTENT="&amp;e." WC="0.71" CC="052" STYLEREFS="TXT_15"/>
						</TextLine>
						<TextLine ID="P4_TL00105" HPOS="984" VPOS="3621" WIDTH="890" HEIGHT="51">
							<String ID="P4_ST00522" HPOS="984" VPOS="3621" WIDTH="187" HEIGHT="43" CONTENT="SYDNEY" WC="0.99" CC="106001" STYLEREFS="TXT_12"/>
							<SP ID="P4_SP00418" HPOS="1171" VPOS="3664" WIDTH="39"/>
							<String ID="P4_ST00523" HPOS="1210" VPOS="3624" WIDTH="238" HEIGHT="43" CONTENT="BULLETIN" WC="0.99" CC="00040016" STYLEREFS="TXT_12"/>
							<SP ID="P4_SP00419" HPOS="1448" VPOS="3667" WIDTH="39"/>
							<String ID="P4_ST00524" HPOS="1487" VPOS="3627" WIDTH="30" HEIGHT="41" CONTENT="&amp;" WC="1.00" CC="0" STYLEREFS="TXT_12"/>
							<SP ID="P4_SP00420" HPOS="1517" VPOS="3668" WIDTH="38"/>
							<String ID="P4_ST00525" HPOS="1555" VPOS="3629" WIDTH="319" HEIGHT="43" CONTENT="CANTERBURY" WC="0.99" CC="0080225130" STYLEREFS="TXT_12"/>
						</TextLine>
						<TextLine ID="P4_TL00106" HPOS="1233" VPOS="3681" WIDTH="394" HEIGHT="45">
							<String ID="P4_ST00526" HPOS="1233" VPOS="3681" WIDTH="147" HEIGHT="42" CONTENT="TIMES" WC="0.99" CC="02212" STYLEREFS="TXT_12"/>
							<SP ID="P4_SP00421" HPOS="1380" VPOS="3723" WIDTH="27"/>
							<String ID="P4_ST00527" HPOS="1407" VPOS="3683" WIDTH="62" HEIGHT="41" CONTENT="ON" WC="0.59" CC="34" STYLEREFS="TXT_12"/>
							<SP ID="P4_SP00422" HPOS="1469" VPOS="3724" WIDTH="28"/>
							<String ID="P4_ST00528" HPOS="1497" VPOS="3685" WIDTH="130" HEIGHT="41" CONTENT="SALE." WC="0.99" CC="05110" STYLEREFS="TXT_12"/>
						</TextLine>
						<TextLine ID="P4_TL00107" HPOS="1177" VPOS="3859" WIDTH="492" HEIGHT="74">
							<String ID="P4_ST00529" HPOS="1177" VPOS="3859" WIDTH="93" HEIGHT="71" CONTENT="To" WC="1.00" CC="00" STYLEREFS="TXT_18"/>
							<SP ID="P4_SP00423" HPOS="1270" VPOS="3930" WIDTH="51"/>
							<String ID="P4_ST00530" HPOS="1321" VPOS="3860" WIDTH="348" HEIGHT="73" CONTENT="Tourists." WC="0.98" CC="039753056" STYLEREFS="TXT_18"/>
						</TextLine>
						<TextLine ID="P4_TL00108" HPOS="981" VPOS="3978" WIDTH="892" HEIGHT="67">
							<String ID="P4_ST00531" HPOS="981" VPOS="3978" WIDTH="193" HEIGHT="60" CONTENT="Jlgeney" WC="0.23" CC="8792958" STYLEREFS="TXT_15"/>
							<SP ID="P4_SP00424" HPOS="1174" VPOS="4038" WIDTH="23"/>
							<String ID="P4_ST00532" HPOS="1197" VPOS="3980" WIDTH="77" HEIGHT="49" CONTENT="for" WC="0.97" CC="206" STYLEREFS="TXT_15"/>
							<SP ID="P4_SP00425" HPOS="1274" VPOS="4038" WIDTH="20"/>
							<String ID="P4_ST00533" HPOS="1294" VPOS="3983" WIDTH="218" HEIGHT="49" CONTENT=".Martin's" WC="0.98" CC="780894040" STYLEREFS="TXT_15"/>
							<SP ID="P4_SP00426" HPOS="1512" VPOS="4038" WIDTH="24"/>
							<String ID="P4_ST00534" HPOS="1536" VPOS="3987" WIDTH="169" HEIGHT="49" CONTENT="Photos" WC="0.98" CC="570017" STYLEREFS="TXT_15"/>
							<SP ID="P4_SP00427" HPOS="1705" VPOS="4038" WIDTH="21"/>
							<String ID="P4_ST00535" HPOS="1726" VPOS="3988" WIDTH="56" HEIGHT="47" CONTENT="of" WC="0.91" CC="10" STYLEREFS="TXT_15"/>
							<SP ID="P4_SP00428" HPOS="1782" VPOS="4038" WIDTH="10"/>
							<String ID="P4_ST00536" HPOS="1792" VPOS="3991" WIDTH="81" HEIGHT="54" CONTENT="the" WC="0.95" CC="075" STYLEREFS="TXT_15"/>
						</TextLine>
						<TextLine ID="P4_TL00109" HPOS="1326" VPOS="4040" WIDTH="209" HEIGHT="47">
							<String ID="P4_ST00537" HPOS="1326" VPOS="4040" WIDTH="209" HEIGHT="47" CONTENT="District." WC="0.99" CC="500081702" STYLEREFS="TXT_15"/>
						</TextLine>
					</TextBlock>
				</ComposedBlock>
				<ComposedBlock ID="P4_CB00003" HPOS="1895" VPOS="227" WIDTH="896" HEIGHT="3673" TYPE="Advertisement">
					<TextBlock ID="P4_TB00005" HPOS="1895" VPOS="227" WIDTH="896" HEIGHT="3673" STYLEREFS="TXT_0 PAR_LEFT">
						<TextLine ID="P4_TL00110" HPOS="1933" VPOS="354" WIDTH="830" HEIGHT="59">
							<String ID="P4_ST00538" HPOS="1933" VPOS="354" WIDTH="341" HEIGHT="59" CONTENT="Hydropathic" WC="0.98" CC="56773950936" STYLEREFS="TXT_15"/>
							<SP ID="P4_SP00429" HPOS="2274" VPOS="413" WIDTH="43"/>
							<String ID="P4_ST00539" HPOS="2317" VPOS="355" WIDTH="163" HEIGHT="57" CONTENT="Hotel," WC="0.98" CC="520044" STYLEREFS="TXT_15"/>
							<SP ID="P4_SP00430" HPOS="2480" VPOS="413" WIDTH="48"/>
							<String ID="P4_ST00540" HPOS="2528" VPOS="358" WIDTH="235" HEIGHT="48" CONTENT="Rotorua." WC="0.63" CC="13048730" STYLEREFS="TXT_15"/>
						</TextLine>
						<TextLine ID="P4_TL00111" HPOS="2189" VPOS="437" WIDTH="323" HEIGHT="36">
							<String ID="P4_ST00541" HPOS="2189" VPOS="437" WIDTH="225" HEIGHT="35" CONTENT="ESTABLISHED" WC="0.99" CC="01096261004" STYLEREFS="TXT_19"/>
							<SP ID="P4_SP00431" HPOS="2414" VPOS="472" WIDTH="21"/>
							<String ID="P4_ST00542" HPOS="2435" VPOS="439" WIDTH="77" HEIGHT="34" CONTENT="1881." WC="0.62" CC="26512" STYLEREFS="TXT_19"/>
						</TextLine>
						<TextLine ID="P4_TL00112" HPOS="1903" VPOS="496" WIDTH="885" HEIGHT="32">
							<String ID="P4_ST00543" HPOS="1903" VPOS="496" WIDTH="72" HEIGHT="19" CONTENT="Under" WC="0.97" CC="68005"/>
							<SP ID="P4_SP00432" HPOS="1975" VPOS="515" WIDTH="14"/>
							<String ID="P4_ST00544" HPOS="1989" VPOS="497" WIDTH="35" HEIGHT="20" CONTENT="the" WC="0.95" CC="670"/>
							<SP ID="P4_SP00433" HPOS="2024" VPOS="517" WIDTH="10"/>
							<String ID="P4_ST00545" HPOS="2034" VPOS="499" WIDTH="112" HEIGHT="24" CONTENT="patronage" WC="0.98" CC="920038276"/>
							<SP ID="P4_SP00434" HPOS="2146" VPOS="523" WIDTH="11"/>
							<String ID="P4_ST00546" HPOS="2157" VPOS="498" WIDTH="21" HEIGHT="19" CONTENT="of" WC="0.41" CC="65"/>
							<SP ID="P4_SP00435" HPOS="2178" VPOS="523" WIDTH="10"/>
							<String ID="P4_ST00547" HPOS="2188" VPOS="498" WIDTH="34" HEIGHT="19" CONTENT="Sir" WC="0.94" CC="664"/>
							<SP ID="P4_SP00436" HPOS="2222" VPOS="523" WIDTH="10"/>
							<String ID="P4_ST00548" HPOS="2232" VPOS="498" WIDTH="35" HEIGHT="20" CONTENT="W." WC="0.47" CC="73" STYLEREFS="TXT_20"/>
							<SP ID="P4_SP00437" HPOS="2267" VPOS="523" WIDTH="20"/>
							<String ID="P4_ST00549" HPOS="2287" VPOS="498" WIDTH="88" HEIGHT="24" CONTENT="Jervois," WC="0.47" CC="68471480"/>
							<SP ID="P4_SP00438" HPOS="2375" VPOS="523" WIDTH="16"/>
							<String ID="P4_ST00550" HPOS="2391" VPOS="499" WIDTH="50" HEIGHT="19" CONTENT="Earl" WC="0.94" CC="9964"/>
							<SP ID="P4_SP00439" HPOS="2441" VPOS="523" WIDTH="17"/>
							<String ID="P4_ST00551" HPOS="2458" VPOS="500" WIDTH="38" HEIGHT="19" CONTENT="and" WC="0.93" CC="089"/>
							<SP ID="P4_SP00440" HPOS="2496" VPOS="523" WIDTH="18"/>
							<String ID="P4_ST00552" HPOS="2514" VPOS="500" WIDTH="101" HEIGHT="21" CONTENT="Countess" WC="0.98" CC="53279074"/>
							<SP ID="P4_SP00441" HPOS="2615" VPOS="523" WIDTH="18"/>
							<String ID="P4_ST00553" HPOS="2633" VPOS="502" WIDTH="23" HEIGHT="20" CONTENT="o£" WC="0.68" CC="06"/>
							<SP ID="P4_SP00442" HPOS="2656" VPOS="523" WIDTH="19"/>
							<String ID="P4_ST00554" HPOS="2675" VPOS="501" WIDTH="113" HEIGHT="27" CONTENT="Hopctoun" WC="0.53" CC="70982026"/>
						</TextLine>
						<TextLine ID="P4_TL00113" HPOS="2074" VPOS="524" WIDTH="548" HEIGHT="24">
							<String ID="P4_ST00555" HPOS="2074" VPOS="524" WIDTH="35" HEIGHT="20" CONTENT="the" WC="0.93" CC="574"/>
							<SP ID="P4_SP00443" HPOS="2109" VPOS="544" WIDTH="12"/>
							<String ID="P4_ST00556" HPOS="2121" VPOS="525" WIDTH="55" HEIGHT="19" CONTENT="Hoe." WC="0.97" CC="6070"/>
							<SP ID="P4_SP00444" HPOS="2176" VPOS="544" WIDTH="11"/>
							<String ID="P4_ST00557" HPOS="2187" VPOS="525" WIDTH="90" HEIGHT="20" CONTENT="Premier" WC="0.98" CC="7705306"/>
							<SP ID="P4_SP00445" HPOS="2277" VPOS="545" WIDTH="9"/>
							<String ID="P4_ST00558" HPOS="2286" VPOS="525" WIDTH="40" HEIGHT="20" CONTENT="ami" WC="0.93" CC="575"/>
							<SP ID="P4_SP00446" HPOS="2326" VPOS="545" WIDTH="15"/>
							<String ID="P4_ST00559" HPOS="2341" VPOS="525" WIDTH="104" HEIGHT="20" CONTENT="Members" WC="0.99" CC="0080007"/>
							<SP ID="P4_SP00447" HPOS="2445" VPOS="545" WIDTH="15"/>
							<String ID="P4_ST00560" HPOS="2460" VPOS="526" WIDTH="23" HEIGHT="19" CONTENT="of" WC="0.65" CC="24"/>
							<SP ID="P4_SP00448" HPOS="2483" VPOS="545" WIDTH="10"/>
							<String ID="P4_ST00561" HPOS="2493" VPOS="527" WIDTH="129" HEIGHT="21" CONTENT="Parliament." WC="0.99" CC="64343070700"/>
						</TextLine>
						<TextLine ID="P4_TL00114" HPOS="1929" VPOS="627" WIDTH="858" HEIGHT="29">
							<String ID="P4_ST00562" HPOS="1929" VPOS="627" WIDTH="42" HEIGHT="19" CONTENT="The" WC="0.95" CC="077"/>
							<SP ID="P4_SP00449" HPOS="1971" VPOS="646" WIDTH="11"/>
							<String ID="P4_ST00563" HPOS="1982" VPOS="627" WIDTH="64" HEIGHT="21" CONTENT="Hotel" WC="0.97" CC="62505"/>
							<SP ID="P4_SP00450" HPOS="2046" VPOS="648" WIDTH="13"/>
							<String ID="P4_ST00564" HPOS="2059" VPOS="630" WIDTH="15" HEIGHT="18" CONTENT="is" WC="0.62" CC="07"/>
							<SP ID="P4_SP00451" HPOS="2074" VPOS="648" WIDTH="10"/>
							<String ID="P4_ST00565" HPOS="2084" VPOS="629" WIDTH="89" HEIGHT="20" CONTENT="situated" WC="0.98" CC="76500079"/>
							<SP ID="P4_SP00452" HPOS="2173" VPOS="649" WIDTH="10"/>
							<String ID="P4_ST00566" HPOS="2183" VPOS="636" WIDTH="26" HEIGHT="12" CONTENT="on" WC="0.88" CC="20"/>
							<SP ID="P4_SP00453" HPOS="2209" VPOS="649" WIDTH="11"/>
							<String ID="P4_ST00567" HPOS="2220" VPOS="636" WIDTH="26" HEIGHT="13" CONTENT="an" WC="0.41" CC="47"/>
							<SP ID="P4_SP00454" HPOS="2246" VPOS="649" WIDTH="9"/>
							<String ID="P4_ST00568" HPOS="2255" VPOS="629" WIDTH="94" HEIGHT="21" CONTENT="elevated" WC="0.99" CC="06070606"/>
							<SP ID="P4_SP00455" HPOS="2349" VPOS="650" WIDTH="10"/>
							<String ID="P4_ST00569" HPOS="2359" VPOS="630" WIDTH="90" HEIGHT="26" CONTENT="position" WC="0.98" CC="70710666"/>
							<SP ID="P4_SP00456" HPOS="2449" VPOS="656" WIDTH="10"/>
							<String ID="P4_ST00570" HPOS="2459" VPOS="637" WIDTH="26" HEIGHT="14" CONTENT="on" WC="0.63" CC="07"/>
							<SP ID="P4_SP00457" HPOS="2485" VPOS="656" WIDTH="10"/>
							<String ID="P4_ST00571" HPOS="2495" VPOS="631" WIDTH="35" HEIGHT="21" CONTENT="the" WC="0.96" CC="190"/>
							<SP ID="P4_SP00458" HPOS="2530" VPOS="656" WIDTH="9"/>
							<String ID="P4_ST00572" HPOS="2539" VPOS="632" WIDTH="69" HEIGHT="21" CONTENT="shores" WC="0.96" CC="870797"/>
							<SP ID="P4_SP00459" HPOS="2608" VPOS="656" WIDTH="16"/>
							<String ID="P4_ST00573" HPOS="2624" VPOS="633" WIDTH="22" HEIGHT="20" CONTENT="of" WC="0.73" CC="40"/>
							<SP ID="P4_SP00460" HPOS="2646" VPOS="656" WIDTH="15"/>
							<String ID="P4_ST00574" HPOS="2661" VPOS="633" WIDTH="56" HEIGHT="20" CONTENT="Lake" WC="0.96" CC="6805"/>
							<SP ID="P4_SP00461" HPOS="2717" VPOS="656" WIDTH="15"/>
							<String ID="P4_ST00575" HPOS="2732" VPOS="632" WIDTH="55" HEIGHT="20" CONTENT="Roto" WC="0.97" CC="7401"/>
						</TextLine>
						<TextLine ID="P4_TL00115" HPOS="1904" VPOS="656" WIDTH="541" HEIGHT="25">
							<String ID="P4_ST00576" HPOS="1904" VPOS="660" WIDTH="43" HEIGHT="17" CONTENT="rua," WC="0.78" CC="0530"/>
							<SP ID="P4_SP00462" HPOS="1947" VPOS="677" WIDTH="10"/>
							<String ID="P4_ST00577" HPOS="1957" VPOS="656" WIDTH="123" HEIGHT="19" CONTENT="convenient" WC="0.98" CC="4687060480"/>
							<SP ID="P4_SP00463" HPOS="2080" VPOS="677" WIDTH="11"/>
							<String ID="P4_ST00578" HPOS="2091" VPOS="660" WIDTH="21" HEIGHT="15" CONTENT="to" WC="0.71" CC="05"/>
							<SP ID="P4_SP00464" HPOS="2112" VPOS="677" WIDTH="10"/>
							<String ID="P4_ST00579" HPOS="2122" VPOS="656" WIDTH="27" HEIGHT="19" CONTENT="all" WC="0.96" CC="900"/>
							<SP ID="P4_SP00465" HPOS="2149" VPOS="677" WIDTH="11"/>
							<String ID="P4_ST00580" HPOS="2160" VPOS="656" WIDTH="34" HEIGHT="19" CONTENT="ihe" WC="0.34" CC="675"/>
							<SP ID="P4_SP00466" HPOS="2194" VPOS="677" WIDTH="10"/>
							<String ID="P4_ST00581" HPOS="2204" VPOS="656" WIDTH="65" HEIGHT="25" CONTENT="sights" WC="0.96" CC="868708"/>
							<SP ID="P4_SP00467" HPOS="2269" VPOS="681" WIDTH="10"/>
							<String ID="P4_ST00582" HPOS="2279" VPOS="656" WIDTH="21" HEIGHT="20" CONTENT="in" WC="0.64" CC="07"/>
							<SP ID="P4_SP00468" HPOS="2300" VPOS="681" WIDTH="10"/>
							<String ID="P4_ST00583" HPOS="2310" VPOS="656" WIDTH="36" HEIGHT="20" CONTENT="the" WC="0.97" CC="070"/>
							<SP ID="P4_SP00469" HPOS="2346" VPOS="681" WIDTH="10"/>
							<String ID="P4_ST00584" HPOS="2356" VPOS="657" WIDTH="89" HEIGHT="20" CONTENT="district." WC="0.99" CC="028030003"/>
						</TextLine>
						<TextLine ID="P4_TL00116" HPOS="1976" VPOS="705" WIDTH="749" HEIGHT="32">
							<String ID="P4_ST00585" HPOS="1976" VPOS="705" WIDTH="113" HEIGHT="32" CONTENT="Sulphur" WC="0.97" CC="0607795" STYLEREFS="TXT_21"/>
							<SP ID="P4_SP00470" HPOS="2089" VPOS="737" WIDTH="13"/>
							<String ID="P4_ST00586" HPOS="2102" VPOS="708" WIDTH="52" HEIGHT="24" CONTENT="and" WC="0.94" CC="087" STYLEREFS="TXT_21"/>
							<SP ID="P4_SP00471" HPOS="2154" VPOS="737" WIDTH="12"/>
							<String ID="P4_ST00587" HPOS="2166" VPOS="708" WIDTH="113" HEIGHT="24" CONTENT="Mineral" WC="0.98" CC="6080630" STYLEREFS="TXT_21"/>
							<SP ID="P4_SP00472" HPOS="2279" VPOS="737" WIDTH="14"/>
							<String ID="P4_ST00588" HPOS="2293" VPOS="709" WIDTH="84" HEIGHT="24" CONTENT="Baths" WC="0.97" CC="60075" STYLEREFS="TXT_21"/>
							<SP ID="P4_SP00473" HPOS="2377" VPOS="737" WIDTH="13"/>
							<String ID="P4_ST00589" HPOS="2390" VPOS="709" WIDTH="21" HEIGHT="20" CONTENT="in" WC="0.42" CC="47" STYLEREFS="TXT_22"/>
							<SP ID="P4_SP00474" HPOS="2411" VPOS="737" WIDTH="11"/>
							<String ID="P4_ST00590" HPOS="2422" VPOS="709" WIDTH="37" HEIGHT="20" CONTENT="the" WC="0.95" CC="804" STYLEREFS="TXT_22"/>
							<SP ID="P4_SP00475" HPOS="2459" VPOS="737" WIDTH="11"/>
							<String ID="P4_ST00591" HPOS="2470" VPOS="710" WIDTH="95" HEIGHT="21" CONTENT="Grounds" WC="0.97" CC="5668677" STYLEREFS="TXT_22"/>
							<SP ID="P4_SP00476" HPOS="2565" VPOS="737" WIDTH="11"/>
							<String ID="P4_ST00592" HPOS="2576" VPOS="712" WIDTH="21" HEIGHT="19" CONTENT="of" WC="0.86" CC="20" STYLEREFS="TXT_22"/>
							<SP ID="P4_SP00477" HPOS="2597" VPOS="737" WIDTH="11"/>
							<String ID="P4_ST00593" HPOS="2608" VPOS="712" WIDTH="35" HEIGHT="20" CONTENT="the" WC="0.96" CC="090" STYLEREFS="TXT_22"/>
							<SP ID="P4_SP00478" HPOS="2643" VPOS="737" WIDTH="10"/>
							<String ID="P4_ST00594" HPOS="2653" VPOS="712" WIDTH="72" HEIGHT="21" CONTENT="Hotel." WC="0.98" CC="600254" STYLEREFS="TXT_22"/>
						</TextLine>
						<TextLine ID="P4_TL00117" HPOS="2037" VPOS="813" WIDTH="627" HEIGHT="28">
							<String ID="P4_ST00595" HPOS="2037" VPOS="813" WIDTH="19" HEIGHT="19" CONTENT="A" WC="1.00" CC="9"/>
							<SP ID="P4_SP00479" HPOS="2056" VPOS="832" WIDTH="16"/>
							<String ID="P4_ST00596" HPOS="2072" VPOS="813" WIDTH="108" HEIGHT="20" CONTENT="reduction" WC="0.99" CC="609400346"/>
							<SP ID="P4_SP00480" HPOS="2180" VPOS="833" WIDTH="16"/>
							<String ID="P4_ST00597" HPOS="2196" VPOS="813" WIDTH="17" HEIGHT="19" CONTENT="is" WC="0.52" CC="27"/>
							<SP ID="P4_SP00481" HPOS="2213" VPOS="833" WIDTH="17"/>
							<String ID="P4_ST00598" HPOS="2230" VPOS="813" WIDTH="59" HEIGHT="21" CONTENT="made" WC="0.96" CC="5091"/>
							<SP ID="P4_SP00482" HPOS="2289" VPOS="834" WIDTH="15"/>
							<String ID="P4_ST00599" HPOS="2304" VPOS="816" WIDTH="22" HEIGHT="17" CONTENT="to" WC="0.83" CC="03"/>
							<SP ID="P4_SP00483" HPOS="2326" VPOS="834" WIDTH="11"/>
							<String ID="P4_ST00600" HPOS="2337" VPOS="815" WIDTH="78" HEIGHT="25" CONTENT="weekly" WC="0.97" CC="707609"/>
							<SP ID="P4_SP00484" HPOS="2415" VPOS="840" WIDTH="10"/>
							<String ID="P4_ST00601" HPOS="2425" VPOS="822" WIDTH="23" HEIGHT="12" CONTENT="or" WC="0.53" CC="54"/>
							<SP ID="P4_SP00485" HPOS="2448" VPOS="840" WIDTH="10"/>
							<String ID="P4_ST00602" HPOS="2458" VPOS="815" WIDTH="91" HEIGHT="26" CONTENT="monthly" WC="0.98" CC="7300755"/>
							<SP ID="P4_SP00486" HPOS="2549" VPOS="841" WIDTH="10"/>
							<String ID="P4_ST00603" HPOS="2559" VPOS="816" WIDTH="105" HEIGHT="21" CONTENT="boarders." WC="0.99" CC="064103480"/>
						</TextLine>
						<TextLine ID="P4_TL00118" HPOS="1905" VPOS="863" WIDTH="882" HEIGHT="33">
							<String ID="P4_ST00604" HPOS="1905" VPOS="863" WIDTH="70" HEIGHT="19" CONTENT="Guide" WC="0.97" CC="70490"/>
							<SP ID="P4_SP00487" HPOS="1975" VPOS="882" WIDTH="9"/>
							<String ID="P4_ST00605" HPOS="1984" VPOS="863" WIDTH="69" HEIGHT="21" CONTENT="Books" WC="0.97" CC="75090"/>
							<SP ID="P4_SP00488" HPOS="2053" VPOS="884" WIDTH="11"/>
							<String ID="P4_ST00606" HPOS="2064" VPOS="865" WIDTH="39" HEIGHT="19" CONTENT="and" WC="0.95" CC="660"/>
							<SP ID="P4_SP00489" HPOS="2103" VPOS="884" WIDTH="9"/>
							<String ID="P4_ST00607" HPOS="2112" VPOS="866" WIDTH="135" HEIGHT="20" CONTENT="information" WC="0.98" CC="27907904607"/>
							<SP ID="P4_SP00490" HPOS="2247" VPOS="886" WIDTH="11"/>
							<String ID="P4_ST00608" HPOS="2258" VPOS="867" WIDTH="63" HEIGHT="23" CONTENT="gratis" WC="0.96" CC="869067"/>
							<SP ID="P4_SP00491" HPOS="2321" VPOS="890" WIDTH="10"/>
							<String ID="P4_ST00609" HPOS="2331" VPOS="870" WIDTH="23" HEIGHT="16" CONTENT="at" WC="0.63" CC="70"/>
							<SP ID="P4_SP00492" HPOS="2354" VPOS="890" WIDTH="10"/>
							<String ID="P4_ST00610" HPOS="2364" VPOS="866" WIDTH="54" HEIGHT="20" CONTENT="Cook" WC="0.97" CC="5541"/>
							<SP ID="P4_SP00493" HPOS="2418" VPOS="890" WIDTH="18"/>
							<String ID="P4_ST00611" HPOS="2436" VPOS="867" WIDTH="39" HEIGHT="19" CONTENT="and" WC="0.94" CC="664"/>
							<SP ID="P4_SP00494" HPOS="2475" VPOS="890" WIDTH="18"/>
							<String ID="P4_ST00612" HPOS="2493" VPOS="867" WIDTH="57" HEIGHT="21" CONTENT="Sons'" WC="0.97" CC="54702"/>
							<SP ID="P4_SP00495" HPOS="2550" VPOS="890" WIDTH="16"/>
							<String ID="P4_ST00613" HPOS="2566" VPOS="869" WIDTH="51" HEIGHT="25" CONTENT="(sole" WC="0.99" CC="50020"/>
							<SP ID="P4_SP00496" HPOS="2617" VPOS="894" WIDTH="16"/>
							<String ID="P4_ST00614" HPOS="2633" VPOS="870" WIDTH="81" HEIGHT="26" CONTENT="agents)" WC="0.98" CC="0707771"/>
							<SP ID="P4_SP00497" HPOS="2714" VPOS="896" WIDTH="17"/>
							<String ID="P4_ST00615" HPOS="2731" VPOS="869" WIDTH="56" HEIGHT="20" CONTENT="office" WC="0.99" CC="600001"/>
						</TextLine>
						<TextLine ID="P4_TL00119" HPOS="2218" VPOS="893" WIDTH="269" HEIGHT="25">
							<String ID="P4_ST00616" HPOS="2218" VPOS="893" WIDTH="128" HEIGHT="25" CONTENT="throughout" WC="0.98" CC="0753297346"/>
							<SP ID="P4_SP00498" HPOS="2346" VPOS="918" WIDTH="10"/>
							<String ID="P4_ST00617" HPOS="2356" VPOS="893" WIDTH="34" HEIGHT="20" CONTENT="the" WC="0.96" CC="073"/>
							<SP ID="P4_SP00499" HPOS="2390" VPOS="918" WIDTH="11"/>
							<String ID="P4_ST00618" HPOS="2401" VPOS="893" WIDTH="86" HEIGHT="25" CONTENT="Colony." WC="0.98" CC="0751793"/>
						</TextLine>
						<TextLine ID="P4_TL00120" HPOS="1904" VPOS="938" WIDTH="883" HEIGHT="65">
							<String ID="P4_ST00619" HPOS="1904" VPOS="938" WIDTH="45" HEIGHT="49" CONTENT="T." WC="0.56" CC="61" STYLEREFS="TXT_15"/>
							<SP ID="P4_SP00500" HPOS="1949" VPOS="987" WIDTH="24"/>
							<String ID="P4_ST00620" HPOS="1973" VPOS="940" WIDTH="43" HEIGHT="49" CONTENT="C." WC="0.51" CC="71" STYLEREFS="TXT_15"/>
							<SP ID="P4_SP00501" HPOS="2016" VPOS="989" WIDTH="20"/>
							<String ID="P4_ST00621" HPOS="2036" VPOS="941" WIDTH="330" HEIGHT="55" CONTENT="ORAOJiHRT," WC="0.30" CC="8688688760" STYLEREFS="TXT_15"/>
							<SP ID="P4_SP00502" HPOS="2366" VPOS="996" WIDTH="57"/>
							<String ID="P4_ST00622" HPOS="2423" VPOS="969" WIDTH="20" HEIGHT="9" CONTENT="-" WC="0.57" CC="4" STYLEREFS="TXT_15"/>
							<SP ID="P4_SP00503" HPOS="2443" VPOS="996" WIDTH="52"/>
							<String ID="P4_ST00623" HPOS="2495" VPOS="970" WIDTH="17" HEIGHT="8" CONTENT="-" WC="0.59" CC="4" STYLEREFS="TXT_15"/>
							<SP ID="P4_SP00504" HPOS="2512" VPOS="996" WIDTH="46"/>
							<String ID="P4_ST00624" HPOS="2558" VPOS="946" WIDTH="229" HEIGHT="57" CONTENT=".Manager" WC="0.97" CC="79878708" STYLEREFS="TXT_15"/>
						</TextLine>
						<TextLine ID="P4_TL00121" HPOS="1940" VPOS="1173" WIDTH="820" HEIGHT="71">
							<String ID="P4_ST00625" HPOS="1940" VPOS="1173" WIDTH="275" HEIGHT="68" CONTENT="Nome" WC="0.94" CC="2879" STYLEREFS="TXT_17"/>
							<SP ID="P4_SP00505" HPOS="2215" VPOS="1241" WIDTH="33"/>
							<String ID="P4_ST00626" HPOS="2248" VPOS="1176" WIDTH="103" HEIGHT="66" CONTENT="T0" WC="0.39" CC="56" STYLEREFS="TXT_17"/>
							<SP ID="P4_SP00506" HPOS="2351" VPOS="1242" WIDTH="28"/>
							<String ID="P4_ST00627" HPOS="2379" VPOS="1176" WIDTH="381" HEIGHT="68" CONTENT="TOURISTS." WC="0.97" CC="684888683" STYLEREFS="TXT_17"/>
						</TextLine>
						<TextLine ID="P4_TL00122" HPOS="1938" VPOS="1316" WIDTH="853" HEIGHT="37">
							<String ID="P4_ST00628" HPOS="1938" VPOS="1316" WIDTH="65" HEIGHT="26" CONTENT="The" WC="0.92" CC="874" STYLEREFS="TXT_23"/>
							<SP ID="P4_SP00507" HPOS="2003" VPOS="1342" WIDTH="19"/>
							<String ID="P4_ST00629" HPOS="2022" VPOS="1317" WIDTH="217" HEIGHT="32" CONTENT="undersigned" WC="0.98" CC="88565669509" STYLEREFS="TXT_23"/>
							<SP ID="P4_SP00508" HPOS="2239" VPOS="1349" WIDTH="19"/>
							<String ID="P4_ST00630" HPOS="2258" VPOS="1317" WIDTH="28" HEIGHT="26" CONTENT="is" WC="0.95" CC="00" STYLEREFS="TXT_23"/>
							<SP ID="P4_SP00509" HPOS="2286" VPOS="1349" WIDTH="23"/>
							<String ID="P4_ST00631" HPOS="2309" VPOS="1324" WIDTH="74" HEIGHT="21" CONTENT="now" WC="0.93" CC="909" STYLEREFS="TXT_23"/>
							<SP ID="P4_SP00510" HPOS="2383" VPOS="1349" WIDTH="22"/>
							<String ID="P4_ST00632" HPOS="2405" VPOS="1318" WIDTH="141" HEIGHT="34" CONTENT="running" WC="0.98" CC="5809007" STYLEREFS="TXT_23"/>
							<SP ID="P4_SP00511" HPOS="2546" VPOS="1352" WIDTH="22"/>
							<String ID="P4_ST00633" HPOS="2568" VPOS="1319" WIDTH="143" HEIGHT="34" CONTENT="Buggies" WC="0.98" CC="6409007" STYLEREFS="TXT_23"/>
							<SP ID="P4_SP00512" HPOS="2711" VPOS="1353" WIDTH="23"/>
							<String ID="P4_ST00634" HPOS="2734" VPOS="1321" WIDTH="57" HEIGHT="26" CONTENT='anc"' WC="0.48" CC="0685" STYLEREFS="TXT_23"/>
						</TextLine>
						<TextLine ID="P4_TL00123" HPOS="1905" VPOS="1349" WIDTH="882" HEIGHT="36">
							<String ID="P4_ST00635" HPOS="1905" VPOS="1349" WIDTH="142" HEIGHT="27" CONTENT="Coaches" WC="0.98" CC="6042740" STYLEREFS="TXT_23"/>
							<SP ID="P4_SP00513" HPOS="2047" VPOS="1376" WIDTH="22"/>
							<String ID="P4_ST00636" HPOS="2069" VPOS="1351" WIDTH="33" HEIGHT="25" CONTENT="to" WC="0.54" CC="26" STYLEREFS="TXT_23"/>
							<SP ID="P4_SP00514" HPOS="2102" VPOS="1376" WIDTH="20"/>
							<String ID="P4_ST00637" HPOS="2122" VPOS="1350" WIDTH="54" HEIGHT="26" CONTENT="the" WC="0.98" CC="400" STYLEREFS="TXT_23"/>
							<SP ID="P4_SP00515" HPOS="2176" VPOS="1376" WIDTH="14"/>
							<String ID="P4_ST00638" HPOS="2190" VPOS="1350" WIDTH="166" HEIGHT="33" CONTENT="following" WC="0.98" CC="840007069" STYLEREFS="TXT_23"/>
							<SP ID="P4_SP00516" HPOS="2356" VPOS="1383" WIDTH="12"/>
							<String ID="P4_ST00639" HPOS="2368" VPOS="1352" WIDTH="108" HEIGHT="33" CONTENT="places" WC="0.99" CC="225020" STYLEREFS="TXT_23"/>
							<SP ID="P4_SP00517" HPOS="2476" VPOS="1385" WIDTH="14"/>
							<String ID="P4_ST00640" HPOS="2490" VPOS="1352" WIDTH="34" HEIGHT="26" CONTENT="of" WC="0.69" CC="06" STYLEREFS="TXT_23"/>
							<SP ID="P4_SP00518" HPOS="2524" VPOS="1385" WIDTH="13"/>
							<String ID="P4_ST00641" HPOS="2537" VPOS="1353" WIDTH="133" HEIGHT="27" CONTENT="interest" WC="0.99" CC="07909010" STYLEREFS="TXT_23"/>
							<SP ID="P4_SP00519" HPOS="2670" VPOS="1385" WIDTH="19"/>
							<String ID="P4_ST00642" HPOS="2689" VPOS="1354" WIDTH="34" HEIGHT="26" CONTENT="in" WC="0.64" CC="07" STYLEREFS="TXT_23"/>
							<SP ID="P4_SP00520" HPOS="2723" VPOS="1385" WIDTH="21"/>
							<String ID="P4_ST00643" HPOS="2744" VPOS="1354" WIDTH="43" HEIGHT="26" CONTENT="th&lt;" WC="0.10" CC="997" STYLEREFS="TXT_23"/>
						</TextLine>
						<TextLine ID="P4_TL00124" HPOS="1903" VPOS="1382" WIDTH="881" HEIGHT="38">
							<String ID="P4_ST00644" HPOS="1903" VPOS="1382" WIDTH="244" HEIGHT="33" CONTENT="neighborhood" WC="0.99" CC="509907509059" STYLEREFS="TXT_23"/>
							<SP ID="P4_SP00521" HPOS="2147" VPOS="1415" WIDTH="16"/>
							<String ID="P4_ST00645" HPOS="2163" VPOS="1389" WIDTH="34" HEIGHT="20" CONTENT="at" WC="0.65" CC="06" STYLEREFS="TXT_23"/>
							<SP ID="P4_SP00522" HPOS="2197" VPOS="1415" WIDTH="18"/>
							<String ID="P4_ST00646" HPOS="2215" VPOS="1385" WIDTH="128" HEIGHT="33" CONTENT="greatly" WC="0.98" CC="0409009" STYLEREFS="TXT_23"/>
							<SP ID="P4_SP00523" HPOS="2343" VPOS="1418" WIDTH="25"/>
							<String ID="P4_ST00647" HPOS="2368" VPOS="1385" WIDTH="138" HEIGHT="26" CONTENT="reduced" WC="0.98" CC="0507109" STYLEREFS="TXT_23"/>
							<SP ID="P4_SP00524" HPOS="2506" VPOS="1418" WIDTH="24"/>
							<String ID="P4_ST00648" HPOS="2530" VPOS="1388" WIDTH="92" HEIGHT="25" CONTENT="rates." WC="0.98" CC="870153" STYLEREFS="TXT_23"/>
							<SP ID="P4_SP00525" HPOS="2622" VPOS="1418" WIDTH="49"/>
							<String ID="P4_ST00649" HPOS="2671" VPOS="1387" WIDTH="113" HEIGHT="33" CONTENT="Specia" WC="0.89" CC="500000" STYLEREFS="TXT_23"/>
						</TextLine>
						<TextLine ID="P4_TL00125" HPOS="1904" VPOS="1417" WIDTH="480" HEIGHT="33">
							<String ID="P4_ST00650" HPOS="1904" VPOS="1417" WIDTH="185" HEIGHT="26" CONTENT="reductions" WC="0.99" CC="4097100122" STYLEREFS="TXT_23"/>
							<SP ID="P4_SP00526" HPOS="2089" VPOS="1443" WIDTH="8"/>
							<String ID="P4_ST00651" HPOS="2097" VPOS="1417" WIDTH="50" HEIGHT="26" CONTENT="for" WC="0.95" CC="066" STYLEREFS="TXT_23"/>
							<SP ID="P4_SP00527" HPOS="2147" VPOS="1443" WIDTH="12"/>
							<String ID="P4_ST00652" HPOS="2159" VPOS="1417" WIDTH="90" HEIGHT="33" CONTENT="large" WC="0.99" CC="00600" STYLEREFS="TXT_23"/>
							<SP ID="P4_SP00528" HPOS="2249" VPOS="1450" WIDTH="7"/>
							<String ID="P4_ST00653" HPOS="2256" VPOS="1418" WIDTH="128" HEIGHT="32" CONTENT="parties." WC="0.99" CC="00400161" STYLEREFS="TXT_23"/>
						</TextLine>
						<TextLine ID="P4_TL00126" HPOS="1903" VPOS="1457" WIDTH="888" HEIGHT="26">
							<String ID="P4_ST00654" HPOS="1903" VPOS="1457" WIDTH="332" HEIGHT="26" CONTENT="WHAKAEBWAREWA;" WC="0.31" CC="64997779772790"/>
							<SP ID="P4_SP00529" HPOS="2235" VPOS="1483" WIDTH="37"/>
							<String ID="P4_ST00655" HPOS="2272" VPOS="1459" WIDTH="172" HEIGHT="22" CONTENT="WAIRAKEI," WC="0.61" CC="904608500"/>
							<SP ID="P4_SP00530" HPOS="2444" VPOS="1483" WIDTH="23"/>
							<String ID="P4_ST00656" HPOS="2467" VPOS="1458" WIDTH="101" HEIGHT="21" CONTENT="TAUPO" WC="0.66" CC="90131"/>
							<SP ID="P4_SP00531" HPOS="2568" VPOS="1483" WIDTH="15"/>
							<String ID="P4_ST00657" HPOS="2583" VPOS="1460" WIDTH="20" HEIGHT="19" CONTENT="&amp;" WC="1.00" CC="0"/>
							<SP ID="P4_SP00532" HPOS="2603" VPOS="1483" WIDTH="17"/>
							<String ID="P4_ST00658" HPOS="2620" VPOS="1462" WIDTH="61" HEIGHT="19" CONTENT="THE" WC="0.92" CC="965"/>
							<SP ID="P4_SP00533" HPOS="2681" VPOS="1483" WIDTH="15"/>
							<String ID="P4_ST00659" HPOS="2696" VPOS="1462" WIDTH="94" HEIGHT="21" CONTENT="&#34;SPA;'" WC="0.52" CC="277910"/>
							<String ID="P4_ST00660" HPOS="2790" VPOS="1457" WIDTH="1" HEIGHT="26" CONTENT=";" STYLE="superscript" WC="0.40" CC="5"/>
						</TextLine>
						<TextLine ID="P4_TL00127" HPOS="2046" VPOS="1481" WIDTH="608" HEIGHT="24">
							<String ID="P4_ST00661" HPOS="2046" VPOS="1481" WIDTH="144" HEIGHT="19" CONTENT="TIKITERE" WC="0.41" CC="65839272"/>
							<SP ID="P4_SP00534" HPOS="2190" VPOS="1500" WIDTH="14"/>
							<String ID="P4_ST00662" HPOS="2204" VPOS="1481" WIDTH="21" HEIGHT="19" CONTENT="&amp;" WC="0.85" CC="1"/>
							<SP ID="P4_SP00535" HPOS="2225" VPOS="1500" WIDTH="12"/>
							<String ID="P4_ST00663" HPOS="2237" VPOS="1482" WIDTH="105" HEIGHT="19" CONTENT="OKERE" WC="0.46" CC="07665"/>
							<SP ID="P4_SP00536" HPOS="2342" VPOS="1501" WIDTH="14"/>
							<String ID="P4_ST00664" HPOS="2356" VPOS="1481" WIDTH="111" HEIGHT="24" CONTENT="PALLS;" WC="0.96" CC="797950"/>
							<SP ID="P4_SP00537" HPOS="2467" VPOS="1505" WIDTH="14"/>
							<String ID="P4_ST00665" HPOS="2481" VPOS="1482" WIDTH="173" HEIGHT="23" CONTENT="WAIOTAPU." WC="0.65" CC="900090622"/>
						</TextLine>
						<TextLine ID="P4_TL00128" HPOS="1928" VPOS="1512" WIDTH="861" HEIGHT="25">
							<String ID="P4_ST00666" HPOS="1928" VPOS="1512" WIDTH="128" HEIGHT="19" CONTENT="N.B.—The" WC="0.65" CC="00308940"/>
							<SP ID="P4_SP00538" HPOS="2056" VPOS="1531" WIDTH="9"/>
							<String ID="P4_ST00667" HPOS="2065" VPOS="1513" WIDTH="103" HEIGHT="18" CONTENT="Tikitere" WC="0.67" CC="01860072"/>
							<SP ID="P4_SP00539" HPOS="2168" VPOS="1531" WIDTH="9"/>
							<String ID="P4_ST00668" HPOS="2177" VPOS="1514" WIDTH="54" HEIGHT="23" CONTENT="Trip" WC="0.97" CC="0609"/>
							<SP ID="P4_SP00540" HPOS="2231" VPOS="1537" WIDTH="9"/>
							<String ID="P4_ST00669" HPOS="2240" VPOS="1519" WIDTH="44" HEIGHT="13" CONTENT="can" WC="0.94" CC="247"/>
							<SP ID="P4_SP00541" HPOS="2284" VPOS="1537" WIDTH="9"/>
							<String ID="P4_ST00670" HPOS="2293" VPOS="1519" WIDTH="54" HEIGHT="14" CONTENT="now" WC="0.94" CC="709"/>
							<SP ID="P4_SP00542" HPOS="2347" VPOS="1537" WIDTH="7"/>
							<String ID="P4_ST00671" HPOS="2354" VPOS="1515" WIDTH="29" HEIGHT="18" CONTENT="be" WC="0.69" CC="60"/>
							<SP ID="P4_SP00543" HPOS="2383" VPOS="1537" WIDTH="9"/>
							<String ID="P4_ST00672" HPOS="2392" VPOS="1515" WIDTH="117" HEIGHT="18" CONTENT="extended" WC="0.99" CC="00107400"/>
							<SP ID="P4_SP00544" HPOS="2509" VPOS="1537" WIDTH="9"/>
							<String ID="P4_ST00673" HPOS="2518" VPOS="1516" WIDTH="24" HEIGHT="17" CONTENT="to" WC="0.58" CC="80"/>
							<SP ID="P4_SP00545" HPOS="2542" VPOS="1537" WIDTH="10"/>
							<String ID="P4_ST00674" HPOS="2552" VPOS="1516" WIDTH="38" HEIGHT="19" CONTENT="the" WC="0.97" CC="070"/>
							<SP ID="P4_SP00546" HPOS="2590" VPOS="1537" WIDTH="10"/>
							<String ID="P4_ST00675" HPOS="2600" VPOS="1516" WIDTH="59" HEIGHT="19" CONTENT="head" WC="0.98" CC="7002"/>
							<SP ID="P4_SP00547" HPOS="2659" VPOS="1537" WIDTH="8"/>
							<String ID="P4_ST00676" HPOS="2667" VPOS="1517" WIDTH="28" HEIGHT="19" CONTENT="of" WC="0.91" CC="01"/>
							<SP ID="P4_SP00548" HPOS="2695" VPOS="1537" WIDTH="5"/>
							<String ID="P4_ST00677" HPOS="2700" VPOS="1517" WIDTH="89" HEIGHT="19" CONTENT="Rotoiti" WC="0.64" CC="6060055"/>
						</TextLine>
						<TextLine ID="P4_TL00129" HPOS="1903" VPOS="1535" WIDTH="886" HEIGHT="29">
							<String ID="P4_ST00678" HPOS="1903" VPOS="1535" WIDTH="86" HEIGHT="19" CONTENT="thence" WC="0.98" CC="375360"/>
							<SP ID="P4_SP00549" HPOS="1989" VPOS="1554" WIDTH="15"/>
							<String ID="P4_ST00679" HPOS="2004" VPOS="1537" WIDTH="25" HEIGHT="17" CONTENT="to" WC="0.42" CC="64"/>
							<SP ID="P4_SP00550" HPOS="2029" VPOS="1554" WIDTH="14"/>
							<String ID="P4_ST00680" HPOS="2043" VPOS="1537" WIDTH="114" HEIGHT="22" CONTENT="Rotoehu," WC="0.68" CC="70200960"/>
							<SP ID="P4_SP00551" HPOS="2157" VPOS="1559" WIDTH="18"/>
							<String ID="P4_ST00681" HPOS="2175" VPOS="1537" WIDTH="102" HEIGHT="24" CONTENT="opening" WC="0.98" CC="0900177"/>
							<SP ID="P4_SP00552" HPOS="2277" VPOS="1561" WIDTH="12"/>
							<String ID="P4_ST00682" HPOS="2289" VPOS="1543" WIDTH="33" HEIGHT="18" CONTENT="up" WC="0.58" CC="80"/>
							<SP ID="P4_SP00553" HPOS="2322" VPOS="1561" WIDTH="16"/>
							<String ID="P4_ST00683" HPOS="2338" VPOS="1543" WIDTH="66" HEIGHT="13" CONTENT="some" WC="0.98" CC="6002"/>
							<SP ID="P4_SP00554" HPOS="2404" VPOS="1561" WIDTH="18"/>
							<String ID="P4_ST00684" HPOS="2422" VPOS="1538" WIDTH="26" HEIGHT="18" CONTENT="of" WC="1.00" CC="00"/>
							<SP ID="P4_SP00555" HPOS="2448" VPOS="1561" WIDTH="14"/>
							<String ID="P4_ST00685" HPOS="2462" VPOS="1538" WIDTH="40" HEIGHT="19" CONTENT="the" WC="0.94" CC="573"/>
							<SP ID="P4_SP00556" HPOS="2502" VPOS="1561" WIDTH="21"/>
							<String ID="P4_ST00686" HPOS="2523" VPOS="1539" WIDTH="114" HEIGHT="20" CONTENT="Grandest" WC="0.97" CC="76939459"/>
							<SP ID="P4_SP00557" HPOS="2637" VPOS="1561" WIDTH="13"/>
							<String ID="P4_ST00687" HPOS="2650" VPOS="1541" WIDTH="103" HEIGHT="23" CONTENT="Scenery" WC="0.98" CC="6550416"/>
							<SP ID="P4_SP00558" HPOS="2753" VPOS="1564" WIDTH="20"/>
							<String ID="P4_ST00688" HPOS="2773" VPOS="1540" WIDTH="16" HEIGHT="19" CONTENT="ii" WC="0.55" CC="25"/>
						</TextLine>
						<TextLine ID="P4_TL00130" HPOS="1903" VPOS="1558" WIDTH="174" HEIGHT="20">
							<String ID="P4_ST00689" HPOS="1903" VPOS="1559" WIDTH="59" HEIGHT="18" CONTENT="New" WC="0.94" CC="509"/>
							<SP ID="P4_SP00559" HPOS="1962" VPOS="1577" WIDTH="9"/>
							<String ID="P4_ST00690" HPOS="1971" VPOS="1558" WIDTH="106" HEIGHT="20" CONTENT="Zealand." WC="0.99" CC="52510000"/>
						</TextLine>
						<TextLine ID="P4_TL00131" HPOS="1917" VPOS="1606" WIDTH="866" HEIGHT="31">
							<String ID="P4_ST00691" HPOS="1917" VPOS="1606" WIDTH="95" HEIGHT="28" CONTENT="Special" WC="0.97" CC="1986772"/>
							<SP ID="P4_SP00560" HPOS="2012" VPOS="1634" WIDTH="11"/>
							<String ID="P4_ST00692" HPOS="2023" VPOS="1609" WIDTH="171" HEIGHT="27" CONTENT="Conveyances" WC="0.98" CC="57676675480"/>
							<SP ID="P4_SP00561" HPOS="2194" VPOS="1636" WIDTH="11"/>
							<String ID="P4_ST00693" HPOS="2205" VPOS="1608" WIDTH="46" HEIGHT="20" CONTENT="and" WC="0.92" CC="884"/>
							<SP ID="P4_SP00562" HPOS="2251" VPOS="1636" WIDTH="11"/>
							<String ID="P4_ST00694" HPOS="2262" VPOS="1609" WIDTH="87" HEIGHT="20" CONTENT="Saddle" WC="0.98" CC="273006"/>
							<SP ID="P4_SP00563" HPOS="2349" VPOS="1636" WIDTH="12"/>
							<String ID="P4_ST00695" HPOS="2361" VPOS="1609" WIDTH="85" HEIGHT="25" CONTENT="}4©rses" WC="0.44" CC="7970463"/>
							<SP ID="P4_SP00564" HPOS="2446" VPOS="1636" WIDTH="10"/>
							<String ID="P4_ST00696" HPOS="2456" VPOS="1613" WIDTH="23" HEIGHT="16" CONTENT="to" WC="0.18" CC="87"/>
							<SP ID="P4_SP00565" HPOS="2479" VPOS="1636" WIDTH="11"/>
							<String ID="P4_ST00697" HPOS="2490" VPOS="1610" WIDTH="27" HEIGHT="19" CONTENT="all" WC="1.00" CC="000"/>
							<SP ID="P4_SP00566" HPOS="2517" VPOS="1636" WIDTH="12"/>
							<String ID="P4_ST00698" HPOS="2529" VPOS="1614" WIDTH="60" HEIGHT="23" CONTENT="parts" WC="0.96" CC="47364"/>
							<SP ID="P4_SP00567" HPOS="2589" VPOS="1637" WIDTH="16"/>
							<String ID="P4_ST00699" HPOS="2605" VPOS="1612" WIDTH="22" HEIGHT="19" CONTENT="of" WC="0.27" CC="77"/>
							<SP ID="P4_SP00568" HPOS="2627" VPOS="1637" WIDTH="12"/>
							<String ID="P4_ST00700" HPOS="2639" VPOS="1611" WIDTH="40" HEIGHT="21" CONTENT="the" WC="0.93" CC="747"/>
							<SP ID="P4_SP00569" HPOS="2679" VPOS="1637" WIDTH="17"/>
							<String ID="P4_ST00701" HPOS="2696" VPOS="1611" WIDTH="87" HEIGHT="21" CONTENT="district" WC="0.98" CC="03764577"/>
						</TextLine>
						<TextLine ID="P4_TL00132" HPOS="2231" VPOS="1637" WIDTH="241" HEIGHT="23">
							<String ID="P4_ST00702" HPOS="2231" VPOS="1639" WIDTH="22" HEIGHT="16" CONTENT="at" WC="0.48" CC="09"/>
							<SP ID="P4_SP00570" HPOS="2253" VPOS="1655" WIDTH="12"/>
							<String ID="P4_ST00703" HPOS="2265" VPOS="1637" WIDTH="116" HEIGHT="22" CONTENT="Moderate" WC="0.97" CC="87077797"/>
							<SP ID="P4_SP00571" HPOS="2381" VPOS="1659" WIDTH="11"/>
							<String ID="P4_ST00704" HPOS="2392" VPOS="1637" WIDTH="80" HEIGHT="23" CONTENT="f^ates." WC="0.46" CC="7875610"/>
						</TextLine>
						<TextLine ID="P4_TL00134" HPOS="1950" VPOS="1683" WIDTH="823" HEIGHT="27">
							<String ID="P4_ST00705" HPOS="1950" VPOS="1683" WIDTH="49" HEIGHT="19" CONTENT="Bus" WC="0.93" CC="664"/>
							<SP ID="P4_SP00572" HPOS="1999" VPOS="1702" WIDTH="5"/>
							<String ID="P4_ST00706" HPOS="2004" VPOS="1683" WIDTH="78" HEIGHT="19" CONTENT="leaves" WC="0.97" CC="504925"/>
							<SP ID="P4_SP00573" HPOS="2082" VPOS="1702" WIDTH="8"/>
							<String ID="P4_ST00707" HPOS="2090" VPOS="1684" WIDTH="64" HEIGHT="18" CONTENT="Lake" WC="0.98" CC="0070"/>
							<SP ID="P4_SP00574" HPOS="2154" VPOS="1702" WIDTH="6"/>
							<String ID="P4_ST00708" HPOS="2160" VPOS="1684" WIDTH="86" HEIGHT="23" CONTENT="House," WC="0.98" CC="603600"/>
							<SP ID="P4_SP00575" HPOS="2246" VPOS="1707" WIDTH="9"/>
							<String ID="P4_ST00709" HPOS="2255" VPOS="1684" WIDTH="85" HEIGHT="25" CONTENT="calling" WC="0.99" CC="0005039"/>
							<SP ID="P4_SP00576" HPOS="2340" VPOS="1709" WIDTH="6"/>
							<String ID="P4_ST00710" HPOS="2346" VPOS="1686" WIDTH="25" HEIGHT="18" CONTENT="at" WC="0.52" CC="09"/>
							<SP ID="P4_SP00577" HPOS="2371" VPOS="1709" WIDTH="7"/>
							<String ID="P4_ST00711" HPOS="2378" VPOS="1684" WIDTH="32" HEIGHT="20" CONTENT="all" WC="0.95" CC="930"/>
							<SP ID="P4_SP00578" HPOS="2410" VPOS="1709" WIDTH="6"/>
							<String ID="P4_ST00712" HPOS="2416" VPOS="1685" WIDTH="84" HEIGHT="19" CONTENT="Hotels" WC="0.99" CC="400004"/>
							<SP ID="P4_SP00579" HPOS="2500" VPOS="1709" WIDTH="5"/>
							<String ID="P4_ST00713" HPOS="2505" VPOS="1686" WIDTH="46" HEIGHT="18" CONTENT="and" WC="1.00" CC="000"/>
							<SP ID="P4_SP00580" HPOS="2551" VPOS="1709" WIDTH="6"/>
							<String ID="P4_ST00714" HPOS="2557" VPOS="1686" WIDTH="115" HEIGHT="24" CONTENT="Boarding" WC="0.98" CC="20860039"/>
							<SP ID="P4_SP00581" HPOS="2672" VPOS="1710" WIDTH="7"/>
							<String ID="P4_ST00715" HPOS="2679" VPOS="1687" WIDTH="94" HEIGHT="18" CONTENT="Houses" WC="0.99" CC="404410"/>
						</TextLine>
						<TextLine ID="P4_TL00135" HPOS="1927" VPOS="1705" WIDTH="692" HEIGHT="26">
							<String ID="P4_ST00716" HPOS="1927" VPOS="1705" WIDTH="36" HEIGHT="19" CONTENT="for" WC="0.97" CC="007"/>
							<SP ID="P4_SP00582" HPOS="1963" VPOS="1724" WIDTH="8"/>
							<String ID="P4_ST00717" HPOS="1971" VPOS="1707" WIDTH="227" HEIGHT="23" CONTENT="Whakarewarewa," WC="0.57" CC="98061309471060"/>
							<SP ID="P4_SP00583" HPOS="2198" VPOS="1730" WIDTH="11"/>
							<String ID="P4_ST00718" HPOS="2209" VPOS="1708" WIDTH="68" HEIGHT="18" CONTENT="twice" WC="0.99" CC="00007"/>
							<SP ID="P4_SP00584" HPOS="2277" VPOS="1730" WIDTH="9"/>
							<String ID="P4_ST00719" HPOS="2286" VPOS="1709" WIDTH="118" HEIGHT="22" CONTENT="forenoon," WC="1.00" CC="003050011"/>
							<SP ID="P4_SP00585" HPOS="2404" VPOS="1731" WIDTH="11"/>
							<String ID="P4_ST00720" HPOS="2415" VPOS="1709" WIDTH="69" HEIGHT="18" CONTENT="twice" WC="0.99" CC="00400"/>
							<SP ID="P4_SP00586" HPOS="2484" VPOS="1731" WIDTH="9"/>
							<String ID="P4_ST00721" HPOS="2493" VPOS="1709" WIDTH="126" HEIGHT="21" CONTENT="afternoon." WC="1.00" CC="0000600004"/>
						</TextLine>
						<TextLine ID="P4_TL00136" HPOS="2210" VPOS="1741" WIDTH="415" HEIGHT="57">
							<String ID="P4_ST00722" HPOS="2210" VPOS="1741" WIDTH="46" HEIGHT="47" CONTENT="J." WC="0.28" CC="94" STYLEREFS="TXT_15"/>
							<SP ID="P4_SP00587" HPOS="2256" VPOS="1788" WIDTH="46"/>
							<String ID="P4_ST00723" HPOS="2302" VPOS="1742" WIDTH="323" HEIGHT="56" CONTENT="FALLOONA," WC="0.41" CC="464755772" STYLEREFS="TXT_15"/>
						</TextLine>
						<TextLine ID="P4_TL00137" HPOS="2055" VPOS="1891" WIDTH="588" HEIGHT="30">
							<String ID="P4_ST00724" HPOS="2055" VPOS="1891" WIDTH="136" HEIGHT="28" CONTENT="STRBi.ES" WC="0.57" CC="36703760" STYLEREFS="TXT_24"/>
							<SP ID="P4_SP00588" HPOS="2191" VPOS="1919" WIDTH="25"/>
							<String ID="P4_ST00725" HPOS="2216" VPOS="1892" WIDTH="79" HEIGHT="27" CONTENT="NEAR" WC="0.94" CC="6576" STYLEREFS="TXT_24"/>
							<SP ID="P4_SP00589" HPOS="2295" VPOS="1919" WIDTH="26"/>
							<String ID="P4_ST00726" HPOS="2321" VPOS="1893" WIDTH="76" HEIGHT="27" CONTENT="LAKE" WC="0.95" CC="4776" STYLEREFS="TXT_24"/>
							<SP ID="P4_SP00590" HPOS="2397" VPOS="1920" WIDTH="21"/>
							<String ID="P4_ST00727" HPOS="2418" VPOS="1893" WIDTH="99" HEIGHT="27" CONTENT="HOUSE" WC="0.97" CC="55606" STYLEREFS="TXT_24"/>
							<SP ID="P4_SP00591" HPOS="2517" VPOS="1920" WIDTH="23"/>
							<String ID="P4_ST00728" HPOS="2540" VPOS="1895" WIDTH="103" HEIGHT="26" CONTENT="HOTEL." WC="0.97" CC="723645" STYLEREFS="TXT_24"/>
						</TextLine>
						<TextLine ID="P4_TL00138" HPOS="2647" VPOS="2151" WIDTH="102" HEIGHT="42">
							<String ID="P4_ST00729" HPOS="2647" VPOS="2151" WIDTH="102" HEIGHT="42" CONTENT="ASW" WC="0.36" CC="954" STYLEREFS="TXT_25"/>
						</TextLine>
						<TextLine ID="P4_TL00139" HPOS="2041" VPOS="2670" WIDTH="173" HEIGHT="24">
							<String ID="P4_ST00730" HPOS="2041" VPOS="2670" WIDTH="43" HEIGHT="24" CONTENT="Very" WC="0.94" CC="9627" STYLEREFS="TXT_22"/>
							<SP ID="P4_SP00592" HPOS="2084" VPOS="2694" WIDTH="5"/>
							<String ID="P4_ST00731" HPOS="2089" VPOS="2671" WIDTH="45" HEIGHT="23" CONTENT="old" WC="0.95" CC="445" STYLEREFS="TXT_22"/>
							<SP ID="P4_SP00593" HPOS="2134" VPOS="2694" WIDTH="9"/>
							<String ID="P4_ST00732" HPOS="2143" VPOS="2671" WIDTH="71" HEIGHT="23" CONTENT="Special" WC="0.98" CC="2670079" STYLEREFS="TXT_22"/>
						</TextLine>
						<TextLine ID="P4_TL00140" HPOS="2396" VPOS="2721" WIDTH="46" HEIGHT="35">
							<String ID="P4_ST00733" HPOS="2396" VPOS="2721" WIDTH="46" HEIGHT="35" CONTENT="Oi" WC="0.24" CC="77" STYLEREFS="TXT_10"/>
						</TextLine>
						<TextLine ID="P4_TL00141" HPOS="1932" VPOS="2751" WIDTH="32" HEIGHT="16">
							<String ID="P4_ST00734" HPOS="1932" VPOS="2751" WIDTH="32" HEIGHT="16" CONTENT=".-!);;-'■•" WC="0.49" CC="0087860388" STYLEREFS="TXT_26"/>
						</TextLine>
						<TextLine ID="P4_TL00142" HPOS="2241" VPOS="2799" WIDTH="481" HEIGHT="48">
							<String ID="P4_ST00735" HPOS="2241" VPOS="2800" WIDTH="221" HEIGHT="47" CONTENT="SCOTLAND" WC="0.97" CC="67777978" STYLEREFS="TXT_27"/>
							<SP ID="P4_SP00594" HPOS="2462" VPOS="2847" WIDTH="21"/>
							<String ID="P4_ST00736" HPOS="2483" VPOS="2799" WIDTH="239" HEIGHT="47" CONTENT="PROOUIIEf" WC="0.28" CC="757779557" STYLEREFS="TXT_27"/>
						</TextLine>
						<TextLine ID="P4_TL00143" HPOS="2042" VPOS="2865" WIDTH="171" HEIGHT="43">
							<String ID="P4_ST00737" HPOS="2042" VPOS="2865" WIDTH="171" HEIGHT="43" CONTENT="'D£.L.BRAWI" WC="0.49" CC="06719326773" STYLEREFS="TXT_22"/>
						</TextLine>
						<TextLine ID="P4_TL00144" HPOS="2042" VPOS="2907" WIDTH="169" HEIGHT="14">
							<String ID="P4_ST00738" HPOS="2042" VPOS="2907" WIDTH="90" HEIGHT="14" CONTENT="ftDISTILLERS" WC="0.98" CC="878767787875" STYLEREFS="TXT_28"/>
							<SP ID="P4_SP00595" HPOS="2132" VPOS="2921" WIDTH="6"/>
							<String ID="P4_ST00739" HPOS="2138" VPOS="2908" WIDTH="73" HEIGHT="13" CONTENT="COMP.ASVI." WC="0.42" CC="2706397784" STYLEREFS="TXT_28"/>
						</TextLine>
						<TextLine ID="P4_TL00145" HPOS="2256" VPOS="2935" WIDTH="209" HEIGHT="46">
							<String ID="P4_ST00740" HPOS="2256" VPOS="2935" WIDTH="209" HEIGHT="46" CONTENT="Proprietors:-" WC="0.98" CC="7778557877766" STYLEREFS="TXT_29"/>
						</TextLine>
						<TextLine ID="P4_TL00146" HPOS="2214" VPOS="2983" WIDTH="521" HEIGHT="67">
							<String ID="P4_ST00741" HPOS="2214" VPOS="2992" WIDTH="51" HEIGHT="57" CONTENT="*" WC="0.25" CC="7" STYLEREFS="TXT_30"/>
							<SP ID="P4_SP00596" HPOS="2265" VPOS="3049" WIDTH="20"/>
							<String ID="P4_ST00742" HPOS="2285" VPOS="2983" WIDTH="286" HEIGHT="67" CONTENT="DISTILLERS" WC="0.97" CC="7776578797" STYLEREFS="TXT_30"/>
							<SP ID="P4_SP00597" HPOS="2571" VPOS="3050" WIDTH="37"/>
							<String ID="P4_ST00743" HPOS="2608" VPOS="2987" WIDTH="47" HEIGHT="62" CONTENT="0" WC="1.00" CC="9" STYLEREFS="TXT_31"/>
							<SP ID="P4_SP00598" HPOS="2655" VPOS="3050" WIDTH="29"/>
							<String ID="P4_ST00744" HPOS="2684" VPOS="2987" WIDTH="51" HEIGHT="63" CONTENT="Ip" WC="0.22" CC="78" STYLEREFS="TXT_30"/>
						</TextLine>
						<TextLine ID="P4_TL00147" HPOS="2223" VPOS="3061" WIDTH="427" HEIGHT="38">
							<String ID="P4_ST00745" HPOS="2223" VPOS="3074" WIDTH="40" HEIGHT="25" CONTENT="-a" WC="0.56" CC="44" STYLEREFS="TXT_32"/>
							<SP ID="P4_SP00599" HPOS="2263" VPOS="3099" WIDTH="51"/>
							<String ID="P4_ST00746" HPOS="2314" VPOS="3061" WIDTH="172" HEIGHT="36" CONTENT="ammm," WC="0.20" CC="79974" STYLEREFS="TXT_33"/>
							<SP ID="P4_SP00600" HPOS="2486" VPOS="3099" WIDTH="21"/>
							<String ID="P4_ST00747" HPOS="2507" VPOS="3064" WIDTH="143" HEIGHT="30" CONTENT="scokm/?." WC="0.24" CC="87988773" STYLEREFS="TXT_33"/>
						</TextLine>
						<TextLine ID="P4_TL00148" HPOS="1944" VPOS="3129" WIDTH="800" HEIGHT="34">
							<String ID="P4_ST00748" HPOS="1944" VPOS="3129" WIDTH="467" HEIGHT="31" CONTENT="WHOLESALE" WC="0.98" CC="771475906" STYLEREFS="TXT_32"/>
							<SP ID="P4_SP00601" HPOS="2411" VPOS="3160" WIDTH="36"/>
							<String ID="P4_ST00749" HPOS="2447" VPOS="3132" WIDTH="297" HEIGHT="31" CONTENT="-A.GKE2STTS" WC="0.23" CC="59489888848" STYLEREFS="TXT_32"/>
						</TextLine>
						<TextLine ID="P4_TL00149" HPOS="1906" VPOS="3186" WIDTH="878" HEIGHT="57">
							<String ID="P4_ST00750" HPOS="1906" VPOS="3187" WIDTH="61" HEIGHT="51" CONTENT="L." WC="0.78" CC="04" STYLEREFS="TXT_34"/>
							<SP ID="P4_SP00602" HPOS="1967" VPOS="3238" WIDTH="72"/>
							<String ID="P4_ST00751" HPOS="2039" VPOS="3186" WIDTH="68" HEIGHT="53" CONTENT="D." WC="0.56" CC="26" STYLEREFS="TXT_34"/>
							<SP ID="P4_SP00603" HPOS="2107" VPOS="3239" WIDTH="71"/>
							<String ID="P4_ST00752" HPOS="2178" VPOS="3186" WIDTH="329" HEIGHT="54" CONTENT="NATHAN" WC="0.97" CC="650068" STYLEREFS="TXT_34"/>
							<SP ID="P4_SP00604" HPOS="2507" VPOS="3240" WIDTH="64"/>
							<String ID="P4_ST00753" HPOS="2571" VPOS="3188" WIDTH="49" HEIGHT="55" CONTENT="&amp;" WC="0.48" CC="5" STYLEREFS="TXT_34"/>
							<SP ID="P4_SP00605" HPOS="2620" VPOS="3243" WIDTH="64"/>
							<String ID="P4_ST00754" HPOS="2684" VPOS="3188" WIDTH="100" HEIGHT="54" CONTENT="Co." WC="0.93" CC="676" STYLEREFS="TXT_34"/>
						</TextLine>
						<TextLine ID="P4_TL00150" HPOS="1943" VPOS="3281" WIDTH="798" HEIGHT="65">
							<String ID="P4_ST00755" HPOS="1943" VPOS="3281" WIDTH="432" HEIGHT="54" CONTENT="WAVERLEY" WC="1.00" CC="00000000" STYLEREFS="TXT_34"/>
							<SP ID="P4_SP00606" HPOS="2375" VPOS="3335" WIDTH="85"/>
							<String ID="P4_ST00756" HPOS="2460" VPOS="3282" WIDTH="281" HEIGHT="64" CONTENT="HOTEL," WC="0.99" CC="503006" STYLEREFS="TXT_34"/>
						</TextLine>
						<TextLine ID="P4_TL00151" HPOS="1999" VPOS="3346" WIDTH="691" HEIGHT="36">
							<String ID="P4_ST00757" HPOS="1999" VPOS="3346" WIDTH="169" HEIGHT="35" CONTENT="QUEEN" WC="0.95" CC="68888" STYLEREFS="TXT_27"/>
							<SP ID="P4_SP00607" HPOS="2168" VPOS="3381" WIDTH="26"/>
							<String ID="P4_ST00758" HPOS="2194" VPOS="3346" WIDTH="204" HEIGHT="36" CONTENT="STB.EET," WC="0.21" CC="88878884" STYLEREFS="TXT_27"/>
							<SP ID="P4_SP00608" HPOS="2398" VPOS="3382" WIDTH="19"/>
							<String ID="P4_ST00759" HPOS="2417" VPOS="3346" WIDTH="273" HEIGHT="33" CONTENT="AUCKLAND," WC="0.97" CC="977797796" STYLEREFS="TXT_27"/>
						</TextLine>
						<TextLine ID="P4_TL00152" HPOS="2127" VPOS="3385" WIDTH="436" HEIGHT="22">
							<String ID="P4_ST00760" HPOS="2127" VPOS="3385" WIDTH="109" HEIGHT="19" CONTENT="UNDER" WC="0.97" CC="29270"/>
							<SP ID="P4_SP00609" HPOS="2236" VPOS="3404" WIDTH="12"/>
							<String ID="P4_ST00761" HPOS="2248" VPOS="3386" WIDTH="75" HEIGHT="19" CONTENT="NEW" WC="0.93" CC="278"/>
							<SP ID="P4_SP00610" HPOS="2323" VPOS="3405" WIDTH="13"/>
							<String ID="P4_ST00762" HPOS="2336" VPOS="3386" WIDTH="227" HEIGHT="21" CONTENT="MANAGEMENT." WC="0.99" CC="00307706090"/>
						</TextLine>
						<TextLine ID="P4_TL00153" HPOS="2116" VPOS="3417" WIDTH="457" HEIGHT="65">
							<String ID="P4_ST00763" HPOS="2116" VPOS="3417" WIDTH="457" HEIGHT="65" CONTENT="JOSEPJOIeRJIE," WC="0.42" CC="70845792677704" STYLEREFS="TXT_15"/>
						</TextLine>
						<TextLine ID="P4_TL00154" HPOS="2025" VPOS="3496" WIDTH="639" HEIGHT="26">
							<String ID="P4_ST00764" HPOS="2025" VPOS="3496" WIDTH="62" HEIGHT="25" CONTENT="(Late" WC="0.96" CC="99460"/>
							<SP ID="P4_SP00611" HPOS="2087" VPOS="3521" WIDTH="9"/>
							<String ID="P4_ST00765" HPOS="2096" VPOS="3496" WIDTH="21" HEIGHT="19" CONTENT="of" WC="0.60" CC="07"/>
							<SP ID="P4_SP00612" HPOS="2117" VPOS="3521" WIDTH="10"/>
							<String ID="P4_ST00766" HPOS="2127" VPOS="3496" WIDTH="35" HEIGHT="19" CONTENT="the" WC="0.97" CC="070"/>
							<SP ID="P4_SP00613" HPOS="2162" VPOS="3521" WIDTH="10"/>
							<String ID="P4_ST00767" HPOS="2172" VPOS="3496" WIDTH="57" HEIGHT="19" CONTENT="Lake" WC="0.94" CC="9377"/>
							<SP ID="P4_SP00614" HPOS="2229" VPOS="3521" WIDTH="10"/>
							<String ID="P4_ST00768" HPOS="2239" VPOS="3496" WIDTH="71" HEIGHT="20" CONTENT="House" WC="0.97" CC="60605"/>
							<SP ID="P4_SP00615" HPOS="2310" VPOS="3521" WIDTH="15"/>
							<String ID="P4_ST00769" HPOS="2325" VPOS="3496" WIDTH="40" HEIGHT="20" CONTENT="and" WC="0.94" CC="267"/>
							<SP ID="P4_SP00616" HPOS="2365" VPOS="3521" WIDTH="15"/>
							<String ID="P4_ST00770" HPOS="2380" VPOS="3496" WIDTH="74" HEIGHT="20" CONTENT="Palace" WC="0.98" CC="740024"/>
							<SP ID="P4_SP00617" HPOS="2454" VPOS="3521" WIDTH="11"/>
							<String ID="P4_ST00771" HPOS="2465" VPOS="3497" WIDTH="78" HEIGHT="23" CONTENT="Hotels," WC="0.99" CC="7020470"/>
							<SP ID="P4_SP00618" HPOS="2543" VPOS="3521" WIDTH="12"/>
							<String ID="P4_ST00772" HPOS="2555" VPOS="3498" WIDTH="109" HEIGHT="24" CONTENT="Rotorua,)" WC="0.69" CC="801105710"/>
						</TextLine>
						<TextLine ID="P4_TL00155" HPOS="2145" VPOS="3526" WIDTH="398" HEIGHT="25">
							<String ID="P4_ST00773" HPOS="2145" VPOS="3526" WIDTH="51" HEIGHT="20" CONTENT="Has" WC="0.94" CC="652"/>
							<SP ID="P4_SP00619" HPOS="2196" VPOS="3546" WIDTH="5"/>
							<String ID="P4_ST00774" HPOS="2201" VPOS="3528" WIDTH="52" HEIGHT="23" CONTENT="just" WC="0.95" CC="4646"/>
							<SP ID="P4_SP00620" HPOS="2253" VPOS="3551" WIDTH="8"/>
							<String ID="P4_ST00775" HPOS="2261" VPOS="3528" WIDTH="74" HEIGHT="18" CONTENT="taken" WC="0.99" CC="00006"/>
							<SP ID="P4_SP00621" HPOS="2335" VPOS="3551" WIDTH="10"/>
							<String ID="P4_ST00776" HPOS="2345" VPOS="3533" WIDTH="56" HEIGHT="13" CONTENT="over" WC="0.97" CC="0606"/>
							<SP ID="P4_SP00622" HPOS="2401" VPOS="3551" WIDTH="9"/>
							<String ID="P4_ST00777" HPOS="2410" VPOS="3528" WIDTH="49" HEIGHT="18" CONTENT="this" WC="0.96" CC="5716"/>
							<SP ID="P4_SP00623" HPOS="2459" VPOS="3551" WIDTH="8"/>
							<String ID="P4_ST00778" HPOS="2467" VPOS="3529" WIDTH="76" HEIGHT="19" CONTENT="Hotel." WC="0.98" CC="756600"/>
						</TextLine>
						<TextLine ID="P4_TL00156" HPOS="1898" VPOS="3549" WIDTH="893" HEIGHT="25">
							<String ID="P4_ST00779" HPOS="1898" VPOS="3549" WIDTH="129" HEIGHT="20" CONTENT="Travellers" WC="0.99" CC="0649000063"/>
							<SP ID="P4_SP00624" HPOS="2027" VPOS="3569" WIDTH="8"/>
							<String ID="P4_ST00780" HPOS="2035" VPOS="3549" WIDTH="48" HEIGHT="20" CONTENT="will" WC="0.96" CC="9036"/>
							<SP ID="P4_SP00625" HPOS="2083" VPOS="3569" WIDTH="8"/>
							<String ID="P4_ST00781" HPOS="2091" VPOS="3550" WIDTH="49" HEIGHT="19" CONTENT="find" WC="1.00" CC="0010"/>
							<SP ID="P4_SP00626" HPOS="2140" VPOS="3569" WIDTH="9"/>
							<String ID="P4_ST00782" HPOS="2149" VPOS="3556" WIDTH="71" HEIGHT="18" CONTENT="every" WC="0.98" CC="20077"/>
							<SP ID="P4_SP00627" HPOS="2220" VPOS="3574" WIDTH="7"/>
							<String ID="P4_ST00783" HPOS="2227" VPOS="3550" WIDTH="99" HEIGHT="19" CONTENT="Modern" WC="0.98" CC="100546"/>
							<SP ID="P4_SP00628" HPOS="2326" VPOS="3574" WIDTH="9"/>
							<String ID="P4_ST00784" HPOS="2335" VPOS="3551" WIDTH="162" HEIGHT="19" CONTENT="Convenience" WC="0.99" CC="70600500620"/>
							<SP ID="P4_SP00629" HPOS="2497" VPOS="3574" WIDTH="8"/>
							<String ID="P4_ST00785" HPOS="2505" VPOS="3551" WIDTH="123" HEIGHT="19" CONTENT="combined" WC="0.98" CC="00271826"/>
							<SP ID="P4_SP00630" HPOS="2628" VPOS="3574" WIDTH="5"/>
							<String ID="P4_ST00786" HPOS="2633" VPOS="3550" WIDTH="57" HEIGHT="20" CONTENT="with" WC="0.98" CC="0090"/>
							<SP ID="P4_SP00631" HPOS="2690" VPOS="3574" WIDTH="6"/>
							<String ID="P4_ST00787" HPOS="2696" VPOS="3551" WIDTH="95" HEIGHT="23" CONTENT="Civility" WC="0.99" CC="80000206"/>
						</TextLine>
						<TextLine ID="P4_TL00157" HPOS="2204" VPOS="3574" WIDTH="280" HEIGHT="23">
							<String ID="P4_ST00788" HPOS="2204" VPOS="3574" WIDTH="46" HEIGHT="18" CONTENT="and" WC="0.98" CC="040"/>
							<SP ID="P4_SP00632" HPOS="2250" VPOS="3592" WIDTH="6"/>
							<String ID="P4_ST00789" HPOS="2256" VPOS="3574" WIDTH="97" HEIGHT="23" CONTENT="Prompt" WC="0.98" CC="650910"/>
							<SP ID="P4_SP00633" HPOS="2353" VPOS="3597" WIDTH="7"/>
							<String ID="P4_ST00790" HPOS="2360" VPOS="3574" WIDTH="124" HEIGHT="20" CONTENT="attention." WC="0.99" CC="2003700070"/>
						</TextLine>
						<TextLine ID="P4_TL00158" HPOS="1924" VPOS="3618" WIDTH="866" HEIGHT="27">
							<String ID="P4_ST00791" HPOS="1924" VPOS="3618" WIDTH="44" HEIGHT="19" CONTENT="The" WC="0.93" CC="990"/>
							<SP ID="P4_SP00634" HPOS="1968" VPOS="3637" WIDTH="12"/>
							<String ID="P4_ST00792" HPOS="1980" VPOS="3618" WIDTH="97" HEIGHT="19" CONTENT="situation" WC="0.98" CC="466405508"/>
							<SP ID="P4_SP00635" HPOS="2077" VPOS="3637" WIDTH="11"/>
							<String ID="P4_ST00793" HPOS="2088" VPOS="3619" WIDTH="22" HEIGHT="19" CONTENT="of" WC="0.36" CC="48"/>
							<SP ID="P4_SP00636" HPOS="2110" VPOS="3638" WIDTH="13"/>
							<String ID="P4_ST00794" HPOS="2123" VPOS="3618" WIDTH="36" HEIGHT="20" CONTENT="the" WC="0.96" CC="091"/>
							<SP ID="P4_SP00637" HPOS="2159" VPOS="3638" WIDTH="16"/>
							<String ID="P4_ST00795" HPOS="2175" VPOS="3618" WIDTH="125" HEIGHT="20" CONTENT="Waverley" WC="0.45" CC="99007726"/>
							<SP ID="P4_SP00638" HPOS="2300" VPOS="3638" WIDTH="17"/>
							<String ID="P4_ST00796" HPOS="2317" VPOS="3619" WIDTH="84" HEIGHT="19" CONTENT="renders" WC="0.98" CC="2079044"/>
							<SP ID="P4_SP00639" HPOS="2401" VPOS="3638" WIDTH="19"/>
							<String ID="P4_ST00797" HPOS="2420" VPOS="3619" WIDTH="17" HEIGHT="19" CONTENT="it" WC="0.54" CC="09"/>
							<SP ID="P4_SP00640" HPOS="2437" VPOS="3638" WIDTH="18"/>
							<String ID="P4_ST00798" HPOS="2455" VPOS="3619" WIDTH="97" HEIGHT="26" CONTENT="specially" WC="0.98" CC="796065707"/>
							<SP ID="P4_SP00641" HPOS="2552" VPOS="3645" WIDTH="19"/>
							<String ID="P4_ST00799" HPOS="2571" VPOS="3620" WIDTH="119" HEIGHT="19" CONTENT="convenient" WC="0.98" CC="0765074579"/>
							<SP ID="P4_SP00642" HPOS="2690" VPOS="3645" WIDTH="17"/>
							<String ID="P4_ST00800" HPOS="2707" VPOS="3619" WIDTH="33" HEIGHT="19" CONTENT="for" WC="0.97" CC="035"/>
							<SP ID="P4_SP00643" HPOS="2740" VPOS="3645" WIDTH="14"/>
							<String ID="P4_ST00801" HPOS="2754" VPOS="3619" WIDTH="36" HEIGHT="19" CONTENT="the" WC="0.96" CC="064"/>
						</TextLine>
						<TextLine ID="P4_TL00159" HPOS="1898" VPOS="3643" WIDTH="892" HEIGHT="28">
							<String ID="P4_ST00802" HPOS="1898" VPOS="3644" WIDTH="118" HEIGHT="25" CONTENT="Travelling" WC="0.99" CC="5705002569"/>
							<SP ID="P4_SP00644" HPOS="2016" VPOS="3669" WIDTH="10"/>
							<String ID="P4_ST00803" HPOS="2026" VPOS="3643" WIDTH="75" HEIGHT="21" CONTENT="Public" WC="0.97" CC="768621"/>
							<SP ID="P4_SP00645" HPOS="2101" VPOS="3669" WIDTH="9"/>
							<String ID="P4_ST00804" HPOS="2110" VPOS="3645" WIDTH="41" HEIGHT="19" CONTENT="and" WC="0.94" CC="970"/>
							<SP ID="P4_SP00646" HPOS="2151" VPOS="3669" WIDTH="18"/>
							<String ID="P4_ST00805" HPOS="2169" VPOS="3643" WIDTH="87" HEIGHT="21" CONTENT="Visitors" WC="0.98" CC="76440027"/>
							<SP ID="P4_SP00647" HPOS="2256" VPOS="3669" WIDTH="17"/>
							<String ID="P4_ST00806" HPOS="2273" VPOS="3649" WIDTH="20" HEIGHT="15" CONTENT="to" WC="1.00" CC="00"/>
							<SP ID="P4_SP00648" HPOS="2293" VPOS="3669" WIDTH="17"/>
							<String ID="P4_ST00807" HPOS="2310" VPOS="3645" WIDTH="35" HEIGHT="19" CONTENT="the" WC="0.95" CC="390"/>
							<SP ID="P4_SP00649" HPOS="2345" VPOS="3669" WIDTH="17"/>
							<String ID="P4_ST00808" HPOS="2362" VPOS="3645" WIDTH="48" HEIGHT="24" CONTENT="City" WC="0.96" CC="5109"/>
							<SP ID="P4_SP00650" HPOS="2410" VPOS="3669" WIDTH="14"/>
							<String ID="P4_ST00809" HPOS="2424" VPOS="3645" WIDTH="53" HEIGHT="19" CONTENT="from" WC="0.97" CC="0347"/>
							<SP ID="P4_SP00651" HPOS="2477" VPOS="3669" WIDTH="16"/>
							<String ID="P4_ST00810" HPOS="2493" VPOS="3646" WIDTH="35" HEIGHT="18" CONTENT="the" WC="0.96" CC="073"/>
							<SP ID="P4_SP00652" HPOS="2528" VPOS="3669" WIDTH="15"/>
							<String ID="P4_ST00811" HPOS="2543" VPOS="3645" WIDTH="91" HEIGHT="26" CONTENT="Country" WC="0.98" CC="6427109"/>
							<SP ID="P4_SP00653" HPOS="2634" VPOS="3671" WIDTH="16"/>
							<String ID="P4_ST00812" HPOS="2650" VPOS="3645" WIDTH="27" HEIGHT="25" CONTENT="by" WC="0.63" CC="70"/>
							<SP ID="P4_SP00654" HPOS="2677" VPOS="3671" WIDTH="20"/>
							<String ID="P4_ST00813" HPOS="2697" VPOS="3645" WIDTH="54" HEIGHT="19" CONTENT="train" WC="0.98" CC="04057"/>
							<SP ID="P4_SP00655" HPOS="2751" VPOS="3671" WIDTH="17"/>
							<String ID="P4_ST00814" HPOS="2768" VPOS="3652" WIDTH="22" HEIGHT="12" CONTENT="or" WC="0.56" CC="53"/>
						</TextLine>
						<TextLine ID="P4_TL00160" HPOS="1898" VPOS="3673" WIDTH="93" HEIGHT="16">
							<String ID="P4_ST00815" HPOS="1898" VPOS="3673" WIDTH="93" HEIGHT="16" CONTENT="steamer." WC="0.99" CC="40056030"/>
						</TextLine>
						<TextLine ID="P4_TL00161" HPOS="1898" VPOS="3696" WIDTH="890" HEIGHT="30">
							<String ID="P4_ST00816" HPOS="1898" VPOS="3696" WIDTH="104" HEIGHT="30" CONTENT="Special" WC="0.99" CC="0900000" STYLEREFS="TXT_21"/>
							<SP ID="P4_SP00656" HPOS="2002" VPOS="3726" WIDTH="9"/>
							<String ID="P4_ST00817" HPOS="2011" VPOS="3696" WIDTH="208" HEIGHT="29" CONTENT="Arrangements" WC="0.99" CC="947579090704" STYLEREFS="TXT_21"/>
							<SP ID="P4_SP00657" HPOS="2219" VPOS="3726" WIDTH="11"/>
							<String ID="P4_ST00818" HPOS="2230" VPOS="3697" WIDTH="75" HEIGHT="23" CONTENT="made" WC="0.97" CC="6700" STYLEREFS="TXT_21"/>
							<SP ID="P4_SP00658" HPOS="2305" VPOS="3726" WIDTH="10"/>
							<String ID="P4_ST00819" HPOS="2315" VPOS="3697" WIDTH="40" HEIGHT="23" CONTENT="for" WC="0.96" CC="505" STYLEREFS="TXT_21"/>
							<SP ID="P4_SP00659" HPOS="2355" VPOS="3726" WIDTH="11"/>
							<String ID="P4_ST00820" HPOS="2366" VPOS="3696" WIDTH="47" HEIGHT="24" CONTENT="the" WC="0.97" CC="070" STYLEREFS="TXT_21"/>
							<SP ID="P4_SP00660" HPOS="2413" VPOS="3726" WIDTH="15"/>
							<String ID="P4_ST00821" HPOS="2428" VPOS="3697" WIDTH="176" HEIGHT="25" CONTENT="convenience" WC="0.99" CC="61050912500" STYLEREFS="TXT_21"/>
							<SP ID="P4_SP00661" HPOS="2604" VPOS="3726" WIDTH="14"/>
							<String ID="P4_ST00822" HPOS="2618" VPOS="3697" WIDTH="28" HEIGHT="23" CONTENT="of" WC="0.65" CC="60" STYLEREFS="TXT_22"/>
							<SP ID="P4_SP00662" HPOS="2646" VPOS="3726" WIDTH="11"/>
							<String ID="P4_ST00823" HPOS="2657" VPOS="3696" WIDTH="131" HEIGHT="24" CONTENT="Families." WC="0.99" CC="700000063" STYLEREFS="TXT_21"/>
						</TextLine>
						<TextLine ID="P4_TL00162" HPOS="2091" VPOS="3734" WIDTH="510" HEIGHT="18">
							<String ID="P4_ST00824" HPOS="2091" VPOS="3734" WIDTH="202" HEIGHT="17" CONTENT="NIGHT" WC="0.96" CC="42777"/>
							<SP ID="P4_SP00663" HPOS="2293" VPOS="3751" WIDTH="44"/>
							<String ID="P4_ST00825" HPOS="2337" VPOS="3734" WIDTH="264" HEIGHT="18" CONTENT="PORTER." WC="0.97" CC="4778774"/>
						</TextLine>
						<TextLine ID="P4_TL00163" HPOS="1900" VPOS="3776" WIDTH="888" HEIGHT="33">
							<String ID="P4_ST00826" HPOS="1900" VPOS="3776" WIDTH="176" HEIGHT="26" CONTENT="First-class" WC="0.99" CC="00750463000" STYLEREFS="TXT_8"/>
							<SP ID="P4_SP00664" HPOS="2076" VPOS="3802" WIDTH="16"/>
							<String ID="P4_ST00827" HPOS="2092" VPOS="3776" WIDTH="117" HEIGHT="27" CONTENT="Billiard" WC="1.00" CC="10100070" STYLEREFS="TXT_8"/>
							<SP ID="P4_SP00665" HPOS="2209" VPOS="3803" WIDTH="17"/>
							<String ID="P4_ST00828" HPOS="2226" VPOS="3777" WIDTH="119" HEIGHT="25" CONTENT="Rooms." WC="1.00" CC="000000" STYLEREFS="TXT_8"/>
							<SP ID="P4_SP00666" HPOS="2345" VPOS="3803" WIDTH="37"/>
							<String ID="P4_ST00829" HPOS="2382" VPOS="3776" WIDTH="101" HEIGHT="26" CONTENT="Wines" WC="1.00" CC="00200" STYLEREFS="TXT_8"/>
							<SP ID="P4_SP00667" HPOS="2483" VPOS="3803" WIDTH="13"/>
							<String ID="P4_ST00830" HPOS="2496" VPOS="3777" WIDTH="61" HEIGHT="26" CONTENT="and" WC="0.99" CC="020" STYLEREFS="TXT_8"/>
							<SP ID="P4_SP00668" HPOS="2557" VPOS="3803" WIDTH="15"/>
							<String ID="P4_ST00831" HPOS="2572" VPOS="3776" WIDTH="109" HEIGHT="33" CONTENT="Spirits" WC="0.98" CC="0557383" STYLEREFS="TXT_8"/>
							<SP ID="P4_SP00669" HPOS="2681" VPOS="3809" WIDTH="14"/>
							<String ID="P4_ST00832" HPOS="2695" VPOS="3776" WIDTH="33" HEIGHT="25" CONTENT="of" WC="1.00" CC="00" STYLEREFS="TXT_8"/>
							<SP ID="P4_SP00670" HPOS="2728" VPOS="3809" WIDTH="5"/>
							<String ID="P4_ST00833" HPOS="2733" VPOS="3776" WIDTH="55" HEIGHT="26" CONTENT="the" WC="0.96" CC="801" STYLEREFS="TXT_8"/>
						</TextLine>
						<TextLine ID="P4_TL00164" HPOS="1978" VPOS="3809" WIDTH="732" HEIGHT="27">
							<String ID="P4_ST00834" HPOS="1978" VPOS="3810" WIDTH="70" HEIGHT="25" CONTENT="best" WC="0.96" CC="8008" STYLEREFS="TXT_8"/>
							<SP ID="P4_SP00671" HPOS="2048" VPOS="3835" WIDTH="15"/>
							<String ID="P4_ST00835" HPOS="2063" VPOS="3809" WIDTH="126" HEIGHT="26" CONTENT="Brands." WC="0.98" CC="0776704" STYLEREFS="TXT_8"/>
							<SP ID="P4_SP00672" HPOS="2189" VPOS="3835" WIDTH="45"/>
							<String ID="P4_ST00836" HPOS="2234" VPOS="3809" WIDTH="171" HEIGHT="26" CONTENT="Hancock's" WC="0.99" CC="050401840" STYLEREFS="TXT_8"/>
							<SP ID="P4_SP00673" HPOS="2405" VPOS="3835" WIDTH="22"/>
							<String ID="P4_ST00837" HPOS="2427" VPOS="3809" WIDTH="83" HEIGHT="27" CONTENT="Prize" WC="0.97" CC="16662" STYLEREFS="TXT_8"/>
							<SP ID="P4_SP00674" HPOS="2510" VPOS="3836" WIDTH="13"/>
							<String ID="P4_ST00838" HPOS="2523" VPOS="3809" WIDTH="104" HEIGHT="27" CONTENT="XXXX" WC="1.00" CC="0000" STYLEREFS="TXT_8"/>
							<SP ID="P4_SP00675" HPOS="2627" VPOS="3836" WIDTH="14"/>
							<String ID="P4_ST00839" HPOS="2641" VPOS="3809" WIDTH="69" HEIGHT="26" CONTENT="Ales" WC="0.99" CC="0400" STYLEREFS="TXT_8"/>
						</TextLine>
						<TextLine ID="P4_TL00165" HPOS="2172" VPOS="3842" WIDTH="338" HEIGHT="33">
							<String ID="P4_ST00840" HPOS="2172" VPOS="3842" WIDTH="112" HEIGHT="33" CONTENT="always" WC="0.98" CC="836200" STYLEREFS="TXT_8"/>
							<SP ID="P4_SP00676" HPOS="2284" VPOS="3875" WIDTH="19"/>
							<String ID="P4_ST00841" HPOS="2303" VPOS="3848" WIDTH="38" HEIGHT="20" CONTENT="on" WC="0.34" CC="48" STYLEREFS="TXT_8"/>
							<SP ID="P4_SP00677" HPOS="2341" VPOS="3875" WIDTH="27"/>
							<String ID="P4_ST00842" HPOS="2368" VPOS="3842" WIDTH="142" HEIGHT="33" CONTENT="draught." WC="0.98" CC="09069694" STYLEREFS="TXT_8"/>
						</TextLine>
					</TextBlock>
				</ComposedBlock>
				<ComposedBlock ID="P4_CB00004" HPOS="1895" VPOS="3902" WIDTH="453" HEIGHT="335" TYPE="Advertisement">
					<TextBlock ID="P4_TB00006" HPOS="1895" VPOS="3902" WIDTH="453" HEIGHT="335" STYLEREFS="TXT_1 PAR_LEFT">
						<TextLine ID="P4_TL00166" HPOS="2225" VPOS="3916" WIDTH="105" HEIGHT="24">
							<String ID="P4_ST00843" HPOS="2225" VPOS="3916" WIDTH="105" HEIGHT="24" CONTENT="JAPIER," WC="0.47" CC="9760570"/>
						</TextLine>
						<TextLine ID="P4_TL00167" HPOS="1897" VPOS="3916" WIDTH="342" HEIGHT="46">
							<String ID="P4_ST00844" HPOS="1897" VPOS="3916" WIDTH="51" HEIGHT="44" CONTENT="M" WC="0.73" CC="2" STYLEREFS="TXT_35"/>
							<String ID="P4_ST00845" HPOS="1951" VPOS="3917" WIDTH="16" HEIGHT="18" CONTENT="K" STYLE="superscript" WC="0.36" CC="6" STYLEREFS="TXT_35"/>
							<SP ID="P4_SP00678" HPOS="1967" VPOS="3960" WIDTH="36"/>
							<String ID="P4_ST00846" HPOS="2003" VPOS="3916" WIDTH="79" HEIGHT="44" CONTENT="W." WC="0.44" CC="55" STYLEREFS="TXT_36"/>
							<SP ID="P4_SP00679" HPOS="2082" VPOS="3960" WIDTH="39"/>
							<String ID="P4_ST00847" HPOS="2121" VPOS="3916" WIDTH="47" HEIGHT="44" CONTENT="J." WC="0.50" CC="54" STYLEREFS="TXT_36"/>
							<SP ID="P4_SP00680" HPOS="2168" VPOS="3960" WIDTH="32"/>
							<String ID="P4_ST00848" HPOS="2200" VPOS="3916" WIDTH="39" HEIGHT="46" CONTENT="N" WC="0.27" CC="7" STYLEREFS="TXT_35"/>
						</TextLine>
						<TextLine ID="P4_TL00168" HPOS="1897" VPOS="3979" WIDTH="433" HEIGHT="19">
							<String ID="P4_ST00849" HPOS="1897" VPOS="3979" WIDTH="172" HEIGHT="19" CONTENT="BARRISTER" WC="0.98" CC="697625567" STYLEREFS="TXT_13"/>
							<SP ID="P4_SP00681" HPOS="2069" VPOS="3998" WIDTH="12"/>
							<String ID="P4_ST00850" HPOS="2081" VPOS="3979" WIDTH="66" HEIGHT="19" CONTENT="AND" WC="0.91" CC="996" STYLEREFS="TXT_13"/>
							<SP ID="P4_SP00682" HPOS="2147" VPOS="3998" WIDTH="18"/>
							<String ID="P4_ST00851" HPOS="2165" VPOS="3979" WIDTH="165" HEIGHT="19" CONTENT="SOLICITOR." WC="0.98" CC="5465538503" STYLEREFS="TXT_13"/>
						</TextLine>
						<TextLine ID="P4_TL00169" HPOS="1897" VPOS="4019" WIDTH="435" HEIGHT="23">
							<String ID="P4_ST00852" HPOS="1897" VPOS="4019" WIDTH="146" HEIGHT="19" CONTENT="Commissioner" WC="0.99" CC="319436431541"/>
							<SP ID="P4_SP00683" HPOS="2043" VPOS="4038" WIDTH="16"/>
							<String ID="P4_ST00853" HPOS="2059" VPOS="4020" WIDTH="20" HEIGHT="17" CONTENT="of" WC="0.39" CC="74"/>
							<SP ID="P4_SP00684" HPOS="2079" VPOS="4038" WIDTH="13"/>
							<String ID="P4_ST00854" HPOS="2092" VPOS="4019" WIDTH="32" HEIGHT="17" CONTENT="the" WC="0.90" CC="897"/>
							<SP ID="P4_SP00685" HPOS="2124" VPOS="4038" WIDTH="13"/>
							<String ID="P4_ST00855" HPOS="2137" VPOS="4019" WIDTH="92" HEIGHT="23" CONTENT="Supreme" WC="0.98" CC="5592010"/>
							<SP ID="P4_SP00686" HPOS="2229" VPOS="4042" WIDTH="13"/>
							<String ID="P4_ST00856" HPOS="2242" VPOS="4020" WIDTH="59" HEIGHT="18" CONTENT="Court" WC="0.98" CC="51702"/>
							<SP ID="P4_SP00687" HPOS="2301" VPOS="4042" WIDTH="11"/>
							<String ID="P4_ST00857" HPOS="2312" VPOS="4020" WIDTH="20" HEIGHT="18" CONTENT="of" WC="1.00" CC="00"/>
						</TextLine>
						<TextLine ID="P4_TL00170" HPOS="2092" VPOS="4043" WIDTH="44" HEIGHT="22">
							<String ID="P4_ST00858" HPOS="2092" VPOS="4043" WIDTH="44" HEIGHT="22" CONTENT="Fiji." WC="0.97" CC="70244"/>
						</TextLine>
						<TextLine ID="P4_TL00171" HPOS="1897" VPOS="4073" WIDTH="435" HEIGHT="19">
							<String ID="P4_ST00859" HPOS="1897" VPOS="4073" WIDTH="89" HEIGHT="18" CONTENT="Solicitor" WC="0.99" CC="504416081"/>
							<SP ID="P4_SP00688" HPOS="1986" VPOS="4091" WIDTH="7"/>
							<String ID="P4_ST00860" HPOS="1993" VPOS="4075" WIDTH="21" HEIGHT="17" CONTENT="to" WC="0.73" CC="05"/>
							<SP ID="P4_SP00689" HPOS="2014" VPOS="4092" WIDTH="8"/>
							<String ID="P4_ST00861" HPOS="2022" VPOS="4074" WIDTH="34" HEIGHT="17" CONTENT="the" WC="0.95" CC="076"/>
							<SP ID="P4_SP00690" HPOS="2056" VPOS="4092" WIDTH="12"/>
							<String ID="P4_ST00862" HPOS="2068" VPOS="4074" WIDTH="47" HEIGHT="17" CONTENT="N.Z." WC="0.52" CC="7271"/>
							<SP ID="P4_SP00691" HPOS="2115" VPOS="4092" WIDTH="15"/>
							<String ID="P4_ST00863" HPOS="2130" VPOS="4074" WIDTH="128" HEIGHT="18" CONTENT="Government" WC="0.98" CC="7469468230"/>
							<SP ID="P4_SP00692" HPOS="2258" VPOS="4092" WIDTH="14"/>
							<String ID="P4_ST00864" HPOS="2272" VPOS="4074" WIDTH="60" HEIGHT="18" CONTENT="under" WC="0.95" CC="77954"/>
						</TextLine>
						<TextLine ID="P4_TL00172" HPOS="1945" VPOS="4097" WIDTH="339" HEIGHT="18">
							<String ID="P4_ST00865" HPOS="1945" VPOS="4099" WIDTH="11" HEIGHT="7" CONTENT='"' WC="0.31" CC="6"/>
							<SP ID="P4_SP00693" HPOS="1956" VPOS="4106" WIDTH="7"/>
							<String ID="P4_ST00866" HPOS="1963" VPOS="4097" WIDTH="40" HEIGHT="17" CONTENT="The" WC="0.96" CC="308"/>
							<SP ID="P4_SP00694" HPOS="2003" VPOS="4114" WIDTH="7"/>
							<String ID="P4_ST00867" HPOS="2010" VPOS="4097" WIDTH="99" HEIGHT="18" CONTENT="Advances" WC="0.98" CC="96666106"/>
							<SP ID="P4_SP00695" HPOS="2109" VPOS="4115" WIDTH="8"/>
							<String ID="P4_ST00868" HPOS="2117" VPOS="4098" WIDTH="20" HEIGHT="17" CONTENT="to" WC="0.87" CC="10"/>
							<SP ID="P4_SP00696" HPOS="2137" VPOS="4115" WIDTH="7"/>
							<String ID="P4_ST00869" HPOS="2144" VPOS="4097" WIDTH="79" HEIGHT="18" CONTENT="Settlers" WC="0.98" CC="76304257"/>
							<SP ID="P4_SP00697" HPOS="2223" VPOS="4115" WIDTH="5"/>
							<String ID="P4_ST00870" HPOS="2228" VPOS="4097" WIDTH="56" HEIGHT="18" CONTENT='Act."' WC="0.96" CC="90636"/>
						</TextLine>
						<TextLine ID="P4_TL00173" HPOS="1895" VPOS="4127" WIDTH="435" HEIGHT="23">
							<String ID="P4_ST00871" HPOS="1895" VPOS="4127" WIDTH="100" HEIGHT="18" CONTENT="Victoria" WC="0.98" CC="70494709"/>
							<SP ID="P4_SP00698" HPOS="1995" VPOS="4145" WIDTH="9"/>
							<String ID="P4_ST00872" HPOS="2004" VPOS="4128" WIDTH="90" HEIGHT="20" CONTENT="Arcade," WC="0.98" CC="0809860"/>
							<SP ID="P4_SP00699" HPOS="2094" VPOS="4148" WIDTH="10"/>
							<String ID="P4_ST00873" HPOS="2104" VPOS="4128" WIDTH="112" HEIGHT="22" CONTENT="Queen-st," WC="0.64" CC="640081820"/>
							<SP ID="P4_SP00700" HPOS="2216" VPOS="4150" WIDTH="10"/>
							<String ID="P4_ST00874" HPOS="2226" VPOS="4129" WIDTH="104" HEIGHT="17" CONTENT="Auckland." WC="0.99" CC="080037600"/>
						</TextLine>
						<TextLine ID="P4_TL00174" HPOS="1919" VPOS="4167" WIDTH="413" HEIGHT="23">
							<String ID="P4_ST00875" HPOS="1919" VPOS="4167" WIDTH="71" HEIGHT="23" CONTENT="Money" WC="0.97" CC="70608"/>
							<SP ID="P4_SP00701" HPOS="1990" VPOS="4190" WIDTH="9"/>
							<String ID="P4_ST00876" HPOS="1999" VPOS="4169" WIDTH="20" HEIGHT="16" CONTENT="to" WC="0.87" CC="02"/>
							<SP ID="P4_SP00702" HPOS="2019" VPOS="4190" WIDTH="7"/>
							<String ID="P4_ST00877" HPOS="2026" VPOS="4167" WIDTH="54" HEIGHT="18" CONTENT="Lend" WC="0.95" CC="0869"/>
							<SP ID="P4_SP00703" HPOS="2080" VPOS="4190" WIDTH="9"/>
							<String ID="P4_ST00878" HPOS="2089" VPOS="4174" WIDTH="23" HEIGHT="11" CONTENT="on" WC="0.52" CC="45"/>
							<SP ID="P4_SP00704" HPOS="2112" VPOS="4190" WIDTH="10"/>
							<String ID="P4_ST00879" HPOS="2122" VPOS="4168" WIDTH="85" HEIGHT="17" CONTENT="freehold" WC="0.98" CC="00709565"/>
							<SP ID="P4_SP00705" HPOS="2207" VPOS="4190" WIDTH="15"/>
							<String ID="P4_ST00880" HPOS="2222" VPOS="4169" WIDTH="82" HEIGHT="21" CONTENT="sccuiity" WC="0.35" CC="76476909"/>
							<SP ID="P4_SP00706" HPOS="2304" VPOS="4190" WIDTH="8"/>
							<String ID="P4_ST00881" HPOS="2312" VPOS="4169" WIDTH="20" HEIGHT="17" CONTENT="at" WC="0.42" CC="55"/>
						</TextLine>
						<TextLine ID="P4_TL00175" HPOS="1895" VPOS="4190" WIDTH="436" HEIGHT="24">
							<String ID="P4_ST00882" HPOS="1895" VPOS="4190" WIDTH="37" HEIGHT="17" CONTENT="low" WC="0.92" CC="559"/>
							<SP ID="P4_SP00707" HPOS="1932" VPOS="4207" WIDTH="17"/>
							<String ID="P4_ST00883" HPOS="1949" VPOS="4192" WIDTH="50" HEIGHT="16" CONTENT="rates" WC="0.96" CC="65277"/>
							<SP ID="P4_SP00708" HPOS="1999" VPOS="4208" WIDTH="17"/>
							<String ID="P4_ST00884" HPOS="2016" VPOS="4191" WIDTH="20" HEIGHT="18" CONTENT="of" WC="0.27" CC="77"/>
							<SP ID="P4_SP00709" HPOS="2036" VPOS="4209" WIDTH="13"/>
							<String ID="P4_ST00885" HPOS="2049" VPOS="4191" WIDTH="83" HEIGHT="18" CONTENT="interest." WC="0.99" CC="073580300"/>
							<SP ID="P4_SP00710" HPOS="2132" VPOS="4209" WIDTH="31"/>
							<String ID="P4_ST00886" HPOS="2163" VPOS="4190" WIDTH="71" HEIGHT="24" CONTENT="Money" WC="0.97" CC="81409"/>
							<SP ID="P4_SP00711" HPOS="2234" VPOS="4214" WIDTH="12"/>
							<String ID="P4_ST00887" HPOS="2246" VPOS="4191" WIDTH="85" HEIGHT="18" CONTENT="invested" WC="0.98" CC="58636077"/>
						</TextLine>
						<TextLine ID="P4_TL00176" HPOS="1895" VPOS="4213" WIDTH="266" HEIGHT="24">
							<String ID="P4_ST00888" HPOS="1895" VPOS="4213" WIDTH="30" HEIGHT="18" CONTENT="for" WC="0.93" CC="694"/>
							<SP ID="P4_SP00712" HPOS="1925" VPOS="4231" WIDTH="9"/>
							<String ID="P4_ST00889" HPOS="1934" VPOS="4213" WIDTH="68" HEIGHT="18" CONTENT="clients" WC="0.98" CC="3658506"/>
							<SP ID="P4_SP00713" HPOS="2002" VPOS="4231" WIDTH="7"/>
							<String ID="P4_ST00890" HPOS="2009" VPOS="4214" WIDTH="40" HEIGHT="17" CONTENT="free" WC="0.96" CC="2571"/>
							<SP ID="P4_SP00714" HPOS="2049" VPOS="4231" WIDTH="9"/>
							<String ID="P4_ST00891" HPOS="2058" VPOS="4214" WIDTH="19" HEIGHT="17" CONTENT="of" WC="0.82" CC="30"/>
							<SP ID="P4_SP00715" HPOS="2077" VPOS="4231" WIDTH="8"/>
							<String ID="P4_ST00892" HPOS="2085" VPOS="4214" WIDTH="76" HEIGHT="23" CONTENT="charge." WC="1.00" CC="0000000"/>
						</TextLine>
					</TextBlock>
				</ComposedBlock>
				<ComposedBlock ID="P4_CB00005" HPOS="2351" VPOS="3905" WIDTH="440" HEIGHT="332" TYPE="Advertisement">
					<TextBlock ID="P4_TB00007" HPOS="2351" VPOS="3905" WIDTH="440" HEIGHT="332" STYLEREFS="TXT_1 PAR_RIGHT">
						<TextLine ID="P4_TL00177" HPOS="2360" VPOS="3909" WIDTH="428" HEIGHT="55">
							<String ID="P4_ST00893" HPOS="2360" VPOS="3909" WIDTH="210" HEIGHT="46" CONTENT="Rotorua" WC="0.30" CC="7293878" STYLEREFS="TXT_6"/>
							<SP ID="P4_SP00716" HPOS="2570" VPOS="3955" WIDTH="26"/>
							<String ID="P4_ST00894" HPOS="2596" VPOS="3909" WIDTH="192" HEIGHT="55" CONTENT="Library" WC="0.97" CC="8067799" STYLEREFS="TXT_6"/>
						</TextLine>
						<TextLine ID="P4_TL00178" HPOS="2356" VPOS="3998" WIDTH="433" HEIGHT="48">
							<String ID="P4_ST00895" HPOS="2356" VPOS="3998" WIDTH="104" HEIGHT="48" CONTENT="OPEN" WC="0.96" CC="1738"/>
							<SP ID="P4_SP00717" HPOS="2460" VPOS="4046" WIDTH="11"/>
							<String ID="P4_ST00896" HPOS="2471" VPOS="3999" WIDTH="52" HEIGHT="19" CONTENT="from" WC="0.94" CC="9727"/>
							<SP ID="P4_SP00718" HPOS="2523" VPOS="4046" WIDTH="12"/>
							<String ID="P4_ST00897" HPOS="2535" VPOS="4001" WIDTH="23" HEIGHT="17" CONTENT="10" WC="0.72" CC="50"/>
							<SP ID="P4_SP00719" HPOS="2558" VPOS="4046" WIDTH="11"/>
							<String ID="P4_ST00898" HPOS="2569" VPOS="4006" WIDTH="47" HEIGHT="12" CONTENT="a.m." WC="0.99" CC="0040"/>
							<SP ID="P4_SP00720" HPOS="2616" VPOS="4046" WIDTH="11"/>
							<String ID="P4_ST00899" HPOS="2627" VPOS="4001" WIDTH="21" HEIGHT="16" CONTENT="to" WC="1.00" CC="00"/>
							<SP ID="P4_SP00721" HPOS="2648" VPOS="4046" WIDTH="10"/>
							<String ID="P4_ST00900" HPOS="2658" VPOS="4000" WIDTH="11" HEIGHT="17" CONTENT="5" WC="0.27" CC="7"/>
							<SP ID="P4_SP00722" HPOS="2669" VPOS="4046" WIDTH="10"/>
							<String ID="P4_ST00901" HPOS="2679" VPOS="4004" WIDTH="49" HEIGHT="19" CONTENT="p.m." WC="0.97" CC="9020"/>
							<SP ID="P4_SP00723" HPOS="2728" VPOS="4046" WIDTH="20"/>
							<String ID="P4_ST00902" HPOS="2748" VPOS="3999" WIDTH="41" HEIGHT="18" CONTENT="and" WC="0.97" CC="070"/>
						</TextLine>
						<TextLine ID="P4_TL00179" HPOS="2417" VPOS="4023" WIDTH="371" HEIGHT="27">
							<String ID="P4_ST00903" HPOS="2417" VPOS="4027" WIDTH="45" HEIGHT="17" CONTENT="6.30" WC="0.76" CC="2033"/>
							<SP ID="P4_SP00724" HPOS="2462" VPOS="4044" WIDTH="9"/>
							<String ID="P4_ST00904" HPOS="2471" VPOS="4027" WIDTH="23" HEIGHT="17" CONTENT="to" WC="0.57" CC="61"/>
							<SP ID="P4_SP00725" HPOS="2494" VPOS="4044" WIDTH="9"/>
							<String ID="P4_ST00905" HPOS="2503" VPOS="4027" WIDTH="23" HEIGHT="17" CONTENT="10" WC="0.65" CC="70"/>
							<SP ID="P4_SP00726" HPOS="2526" VPOS="4044" WIDTH="7"/>
							<String ID="P4_ST00906" HPOS="2533" VPOS="4031" WIDTH="49" HEIGHT="19" CONTENT="p.m." WC="0.98" CC="1050"/>
							<SP ID="P4_SP00727" HPOS="2582" VPOS="4050" WIDTH="5"/>
							<String ID="P4_ST00907" HPOS="2587" VPOS="4024" WIDTH="93" HEIGHT="25" CONTENT="Sundays" WC="0.98" CC="1378042"/>
							<SP ID="P4_SP00728" HPOS="2680" VPOS="4050" WIDTH="5"/>
							<String ID="P4_ST00908" HPOS="2685" VPOS="4023" WIDTH="32" HEIGHT="20" CONTENT="till" WC="0.97" CC="0731"/>
							<SP ID="P4_SP00729" HPOS="2717" VPOS="4050" WIDTH="4"/>
							<String ID="P4_ST00909" HPOS="2721" VPOS="4025" WIDTH="13" HEIGHT="18" CONTENT="9" WC="0.75" CC="2"/>
							<SP ID="P4_SP00730" HPOS="2734" VPOS="4050" WIDTH="5"/>
							<String ID="P4_ST00910" HPOS="2739" VPOS="4030" WIDTH="49" HEIGHT="19" CONTENT="pm." WC="0.45" CC="960"/>
						</TextLine>
						<TextLine ID="P4_TL00180" HPOS="2374" VPOS="4053" WIDTH="394" HEIGHT="25">
							<String ID="P4_ST00911" HPOS="2374" VPOS="4053" WIDTH="176" HEIGHT="25" CONTENT="Subscription:" WC="0.99" CC="7894040995545"/>
							<SP ID="P4_SP00731" HPOS="2550" VPOS="4078" WIDTH="12"/>
							<String ID="P4_ST00912" HPOS="2562" VPOS="4055" WIDTH="43" HEIGHT="18" CONTENT="20s" WC="0.56" CC="615"/>
							<SP ID="P4_SP00732" HPOS="2605" VPOS="4078" WIDTH="9"/>
							<String ID="P4_ST00913" HPOS="2614" VPOS="4053" WIDTH="42" HEIGHT="19" CONTENT="Per" WC="0.95" CC="705"/>
							<SP ID="P4_SP00733" HPOS="2656" VPOS="4078" WIDTH="8"/>
							<String ID="P4_ST00914" HPOS="2664" VPOS="4053" WIDTH="104" HEIGHT="20" CONTENT="Annum." WC="0.97" CC="970730"/>
						</TextLine>
						<TextLine ID="P4_TL00181" HPOS="2382" VPOS="4082" WIDTH="406" HEIGHT="26">
							<String ID="P4_ST00915" HPOS="2382" VPOS="4083" WIDTH="88" HEIGHT="20" CONTENT="Visitors" WC="0.98" CC="76609077"/>
							<SP ID="P4_SP00734" HPOS="2470" VPOS="4103" WIDTH="15"/>
							<String ID="P4_ST00916" HPOS="2485" VPOS="4090" WIDTH="48" HEIGHT="18" CONTENT="may" WC="0.95" CC="633"/>
							<SP ID="P4_SP00735" HPOS="2533" VPOS="4108" WIDTH="17"/>
							<String ID="P4_ST00917" HPOS="2550" VPOS="4089" WIDTH="85" HEIGHT="19" CONTENT="procure" WC="0.98" CC="3425733"/>
							<SP ID="P4_SP00736" HPOS="2635" VPOS="4108" WIDTH="14"/>
							<String ID="P4_ST00918" HPOS="2649" VPOS="4082" WIDTH="69" HEIGHT="20" CONTENT="Books" WC="0.96" CC="55275"/>
							<SP ID="P4_SP00737" HPOS="2718" VPOS="4108" WIDTH="18"/>
							<String ID="P4_ST00919" HPOS="2736" VPOS="4083" WIDTH="52" HEIGHT="19" CONTENT="from" WC="0.97" CC="5541"/>
						</TextLine>
						<TextLine ID="P4_TL00182" HPOS="2355" VPOS="4109" WIDTH="435" HEIGHT="26">
							<String ID="P4_ST00920" HPOS="2355" VPOS="4109" WIDTH="35" HEIGHT="19" CONTENT="tlio" WC="0.44" CC="1766"/>
							<SP ID="P4_SP00738" HPOS="2390" VPOS="4128" WIDTH="10"/>
							<String ID="P4_ST00921" HPOS="2400" VPOS="4109" WIDTH="88" HEIGHT="26" CONTENT="Library" WC="0.98" CC="8000940"/>
							<SP ID="P4_SP00739" HPOS="2488" VPOS="4135" WIDTH="9"/>
							<String ID="P4_ST00922" HPOS="2497" VPOS="4116" WIDTH="26" HEIGHT="13" CONTENT="on" WC="0.54" CC="17"/>
							<SP ID="P4_SP00740" HPOS="2523" VPOS="4135" WIDTH="18"/>
							<String ID="P4_ST00923" HPOS="2541" VPOS="4109" WIDTH="85" HEIGHT="24" CONTENT="making" WC="0.96" CC="909477"/>
							<SP ID="P4_SP00741" HPOS="2626" VPOS="4135" WIDTH="18"/>
							<String ID="P4_ST00924" HPOS="2644" VPOS="4116" WIDTH="11" HEIGHT="12" CONTENT="a" WC="0.60" CC="3"/>
							<SP ID="P4_SP00742" HPOS="2655" VPOS="4135" WIDTH="19"/>
							<String ID="P4_ST00925" HPOS="2674" VPOS="4109" WIDTH="79" HEIGHT="25" CONTENT="deposit" WC="0.98" CC="0090266"/>
							<SP ID="P4_SP00743" HPOS="2753" VPOS="4135" WIDTH="16"/>
							<String ID="P4_ST00926" HPOS="2769" VPOS="4109" WIDTH="21" HEIGHT="19" CONTENT="of" WC="0.81" CC="30"/>
						</TextLine>
						<TextLine ID="P4_TL00183" HPOS="2355" VPOS="4134" WIDTH="434" HEIGHT="26">
							<String ID="P4_ST00927" HPOS="2355" VPOS="4138" WIDTH="35" HEIGHT="16" CONTENT="not" WC="0.93" CC="755"/>
							<SP ID="P4_SP00744" HPOS="2390" VPOS="4154" WIDTH="10"/>
							<String ID="P4_ST00928" HPOS="2400" VPOS="4135" WIDTH="41" HEIGHT="19" CONTENT="less" WC="0.98" CC="4040"/>
							<SP ID="P4_SP00745" HPOS="2441" VPOS="4154" WIDTH="9"/>
							<String ID="P4_ST00929" HPOS="2450" VPOS="4135" WIDTH="50" HEIGHT="19" CONTENT="than" WC="0.95" CC="0797"/>
							<SP ID="P4_SP00746" HPOS="2500" VPOS="4154" WIDTH="20"/>
							<String ID="P4_ST00930" HPOS="2520" VPOS="4137" WIDTH="28" HEIGHT="22" CONTENT="ss," WC="0.45" CC="771"/>
							<SP ID="P4_SP00747" HPOS="2548" VPOS="4159" WIDTH="19"/>
							<String ID="P4_ST00931" HPOS="2567" VPOS="4135" WIDTH="40" HEIGHT="19" CONTENT="and" WC="0.95" CC="075"/>
							<SP ID="P4_SP00748" HPOS="2607" VPOS="4159" WIDTH="16"/>
							<String ID="P4_ST00932" HPOS="2623" VPOS="4134" WIDTH="126" HEIGHT="26" CONTENT="purchasing" WC="0.99" CC="0562703079"/>
							<SP ID="P4_SP00749" HPOS="2749" VPOS="4160" WIDTH="21"/>
							<String ID="P4_ST00933" HPOS="2770" VPOS="4137" WIDTH="19" HEIGHT="17" CONTENT="Is" WC="0.35" CC="57"/>
						</TextLine>
						<TextLine ID="P4_TL00184" HPOS="2355" VPOS="4160" WIDTH="337" HEIGHT="26">
							<String ID="P4_ST00934" HPOS="2355" VPOS="4168" WIDTH="80" HEIGHT="17" CONTENT="coupon" WC="0.97" CC="088907"/>
							<SP ID="P4_SP00750" HPOS="2435" VPOS="4185" WIDTH="9"/>
							<String ID="P4_ST00935" HPOS="2444" VPOS="4161" WIDTH="32" HEIGHT="19" CONTENT="for" WC="0.95" CC="047"/>
							<SP ID="P4_SP00751" HPOS="2476" VPOS="4185" WIDTH="10"/>
							<String ID="P4_ST00936" HPOS="2486" VPOS="4168" WIDTH="61" HEIGHT="18" CONTENT="every" WC="0.98" CC="07070"/>
							<SP ID="P4_SP00752" HPOS="2547" VPOS="4186" WIDTH="11"/>
							<String ID="P4_ST00937" HPOS="2558" VPOS="4161" WIDTH="53" HEIGHT="18" CONTENT="Four" WC="0.97" CC="1037"/>
							<SP ID="P4_SP00753" HPOS="2611" VPOS="4186" WIDTH="8"/>
							<String ID="P4_ST00938" HPOS="2619" VPOS="4160" WIDTH="73" HEIGHT="19" CONTENT="books." WC="0.98" CC="825000"/>
						</TextLine>
						<TextLine ID="P4_TL00185" HPOS="2381" VPOS="4186" WIDTH="408" HEIGHT="25">
							<String ID="P4_ST00939" HPOS="2381" VPOS="4187" WIDTH="43" HEIGHT="19" CONTENT="The" WC="0.91" CC="976"/>
							<SP ID="P4_SP00754" HPOS="2424" VPOS="4206" WIDTH="18"/>
							<String ID="P4_ST00940" HPOS="2442" VPOS="4187" WIDTH="87" HEIGHT="24" CONTENT="Library" WC="0.98" CC="8070079"/>
							<SP ID="P4_SP00755" HPOS="2529" VPOS="4211" WIDTH="22"/>
							<String ID="P4_ST00941" HPOS="2551" VPOS="4187" WIDTH="18" HEIGHT="19" CONTENT="is" WC="0.98" CC="00"/>
							<SP ID="P4_SP00756" HPOS="2569" VPOS="4211" WIDTH="19"/>
							<String ID="P4_ST00942" HPOS="2588" VPOS="4192" WIDTH="52" HEIGHT="19" CONTENT="open" WC="0.96" CC="4537"/>
							<SP ID="P4_SP00757" HPOS="2640" VPOS="4211" WIDTH="22"/>
							<String ID="P4_ST00943" HPOS="2662" VPOS="4186" WIDTH="74" HEIGHT="25" CONTENT="during" WC="0.97" CC="076077"/>
							<SP ID="P4_SP00758" HPOS="2736" VPOS="4211" WIDTH="19"/>
							<String ID="P4_ST00944" HPOS="2755" VPOS="4187" WIDTH="34" HEIGHT="19" CONTENT="the" WC="0.96" CC="270"/>
						</TextLine>
						<TextLine ID="P4_TL00186" HPOS="2355" VPOS="4213" WIDTH="94" HEIGHT="24">
							<String ID="P4_ST00945" HPOS="2355" VPOS="4213" WIDTH="94" HEIGHT="24" CONTENT="evening." WC="0.97" CC="36884790"/>
						</TextLine>
					</TextBlock>
				</ComposedBlock>
				<ComposedBlock ID="P4_CB00006" HPOS="2802" VPOS="227" WIDTH="449" HEIGHT="3908" TYPE="Advertisement">
					<TextBlock ID="P4_TB00008" HPOS="2802" VPOS="227" WIDTH="449" HEIGHT="3908" STYLEREFS="TXT_1 PAR_LEFT">
						<TextLine ID="P4_TL00187" HPOS="2819" VPOS="227" WIDTH="426" HEIGHT="51">
							<String ID="P4_ST00946" HPOS="2819" VPOS="227" WIDTH="231" HEIGHT="43" CONTENT="HINEM&lt;U" WC="0.48" CC="4134669" STYLEREFS="TXT_12"/>
							<SP ID="P4_SP00759" HPOS="3050" VPOS="270" WIDTH="30"/>
							<String ID="P4_ST00947" HPOS="3080" VPOS="231" WIDTH="165" HEIGHT="47" CONTENT="STORE." WC="0.96" CC="568766" STYLEREFS="TXT_12"/>
						</TextLine>
						<TextLine ID="P4_TL00188" HPOS="2827" VPOS="296" WIDTH="421" HEIGHT="36">
							<String ID="P4_ST00948" HPOS="2827" VPOS="296" WIDTH="158" HEIGHT="36" CONTENT="Y\/JLLLIAM" WC="0.34" CC="7971497339"/>
							<SP ID="P4_SP00760" HPOS="2985" VPOS="332" WIDTH="21"/>
							<String ID="P4_ST00949" HPOS="3006" VPOS="299" WIDTH="110" HEIGHT="20" CONTENT="ROGERS" WC="0.97" CC="726066"/>
							<SP ID="P4_SP00761" HPOS="3116" VPOS="332" WIDTH="15"/>
							<String ID="P4_ST00950" HPOS="3131" VPOS="300" WIDTH="72" HEIGHT="21" CONTENT="directs" WC="0.98" CC="5752762"/>
							<SP ID="P4_SP00762" HPOS="3203" VPOS="332" WIDTH="16"/>
							<String ID="P4_ST00951" HPOS="3219" VPOS="306" WIDTH="29" HEIGHT="17" CONTENT="at-" WC="0.94" CC="554"/>
						</TextLine>
						<TextLine ID="P4_TL00189" HPOS="2834" VPOS="322" WIDTH="414" HEIGHT="30">
							<String ID="P4_ST00952" HPOS="2834" VPOS="322" WIDTH="13" HEIGHT="18" CONTENT="T" WC="0.25" CC="7"/>
							<SP ID="P4_SP00763" HPOS="2847" VPOS="340" WIDTH="7"/>
							<String ID="P4_ST00953" HPOS="2854" VPOS="326" WIDTH="9" HEIGHT="14" CONTENT="T" WC="0.30" CC="6"/>
							<SP ID="P4_SP00764" HPOS="2863" VPOS="340" WIDTH="33"/>
							<String ID="P4_ST00954" HPOS="2896" VPOS="324" WIDTH="78" HEIGHT="19" CONTENT="tention." WC="0.62" CC="00386470"/>
							<SP ID="P4_SP00765" HPOS="2974" VPOS="343" WIDTH="10"/>
							<String ID="P4_ST00955" HPOS="2984" VPOS="327" WIDTH="21" HEIGHT="16" CONTENT="to" WC="0.42" CC="91"/>
							<SP ID="P4_SP00766" HPOS="3005" VPOS="343" WIDTH="7"/>
							<String ID="P4_ST00956" HPOS="3012" VPOS="325" WIDTH="36" HEIGHT="19" CONTENT="the" WC="0.93" CC="774"/>
							<SP ID="P4_SP00767" HPOS="3048" VPOS="344" WIDTH="9"/>
							<String ID="P4_ST00957" HPOS="3057" VPOS="326" WIDTH="106" HEIGHT="26" CONTENT="following" WC="0.98" CC="618407377"/>
							<SP ID="P4_SP00768" HPOS="3163" VPOS="352" WIDTH="7"/>
							<String ID="P4_ST00958" HPOS="3170" VPOS="327" WIDTH="49" HEIGHT="21" CONTENT="Hues" WC="0.94" CC="8876"/>
							<SP ID="P4_SP00769" HPOS="3219" VPOS="352" WIDTH="10"/>
							<String ID="P4_ST00959" HPOS="3229" VPOS="332" WIDTH="19" HEIGHT="18" CONTENT="of" WC="0.34" CC="57"/>
						</TextLine>
						<TextLine ID="P4_TL00190" HPOS="2840" VPOS="353" WIDTH="389" HEIGHT="49">
							<String ID="P4_ST00960" HPOS="2840" VPOS="353" WIDTH="177" HEIGHT="44" CONTENT="eitiei" WC="0.15" CC="887888" STYLEREFS="TXT_6"/>
							<SP ID="P4_SP00770" HPOS="3017" VPOS="397" WIDTH="47"/>
							<String ID="P4_ST00961" HPOS="3064" VPOS="353" WIDTH="165" HEIGHT="49" CONTENT="ee&amp;m." WC="0.24" CC="87786" STYLEREFS="TXT_37"/>
						</TextLine>
						<TextLine ID="P4_TL00191" HPOS="2818" VPOS="402" WIDTH="357" HEIGHT="24">
							<String ID="P4_ST00962" HPOS="2818" VPOS="402" WIDTH="102" HEIGHT="24" CONTENT="Bycroft's" WC="0.40" CC="897666205"/>
							<SP ID="P4_SP00771" HPOS="2920" VPOS="426" WIDTH="10"/>
							<String ID="P4_ST00963" HPOS="2930" VPOS="403" WIDTH="111" HEIGHT="21" CONTENT="Snowdrift" WC="0.98" CC="662904276"/>
							<SP ID="P4_SP00772" HPOS="3041" VPOS="426" WIDTH="9"/>
							<String ID="P4_ST00964" HPOS="3050" VPOS="405" WIDTH="53" HEIGHT="19" CONTENT="N.Z." WC="0.65" CC="6070"/>
							<SP ID="P4_SP00773" HPOS="3103" VPOS="426" WIDTH="8"/>
							<String ID="P4_ST00965" HPOS="3111" VPOS="406" WIDTH="64" HEIGHT="20" CONTENT="Flour" WC="0.98" CC="70206"/>
						</TextLine>
						<TextLine ID="P4_TL00192" HPOS="2819" VPOS="428" WIDTH="430" HEIGHT="26">
							<String ID="P4_ST00966" HPOS="2819" VPOS="428" WIDTH="102" HEIGHT="24" CONTENT="Sultanas," WC="0.99" CC="740057360"/>
							<SP ID="P4_SP00774" HPOS="2921" VPOS="452" WIDTH="11"/>
							<String ID="P4_ST00967" HPOS="2932" VPOS="429" WIDTH="101" HEIGHT="20" CONTENT="Muscatel" WC="0.98" CC="73619005"/>
							<SP ID="P4_SP00775" HPOS="3033" VPOS="452" WIDTH="9"/>
							<String ID="P4_ST00968" HPOS="3042" VPOS="431" WIDTH="40" HEIGHT="19" CONTENT="and" WC="0.95" CC="750"/>
							<SP ID="P4_SP00776" HPOS="3082" VPOS="452" WIDTH="8"/>
							<String ID="P4_ST00969" HPOS="3090" VPOS="431" WIDTH="98" HEIGHT="21" CONTENT="Valencia" WC="0.98" CC="74506060"/>
							<SP ID="P4_SP00777" HPOS="3188" VPOS="452" WIDTH="13"/>
							<String ID="P4_ST00970" HPOS="3201" VPOS="435" WIDTH="48" HEIGHT="19" CONTENT="RaU" WC="0.32" CC="729"/>
						</TextLine>
						<TextLine ID="P4_TL00193" HPOS="2871" VPOS="455" WIDTH="207" HEIGHT="21">
							<String ID="P4_ST00971" HPOS="2871" VPOS="455" WIDTH="47" HEIGHT="21" CONTENT="sins," WC="0.97" CC="07652"/>
							<SP ID="P4_SP00778" HPOS="2918" VPOS="476" WIDTH="12"/>
							<String ID="P4_ST00972" HPOS="2930" VPOS="456" WIDTH="40" HEIGHT="19" CONTENT="and" WC="0.94" CC="870"/>
							<SP ID="P4_SP00779" HPOS="2970" VPOS="476" WIDTH="9"/>
							<String ID="P4_ST00973" HPOS="2979" VPOS="456" WIDTH="99" HEIGHT="20" CONTENT="Currants" WC="0.99" CC="05050707"/>
						</TextLine>
						<TextLine ID="P4_TL00194" HPOS="2819" VPOS="480" WIDTH="393" HEIGHT="30">
							<String ID="P4_ST00974" HPOS="2819" VPOS="480" WIDTH="50" HEIGHT="24" CONTENT="Figs" WC="0.96" CC="6370"/>
							<SP ID="P4_SP00780" HPOS="2869" VPOS="504" WIDTH="7"/>
							<String ID="P4_ST00975" HPOS="2876" VPOS="481" WIDTH="40" HEIGHT="19" CONTENT="and" WC="0.97" CC="072"/>
							<SP ID="P4_SP00781" HPOS="2916" VPOS="504" WIDTH="11"/>
							<String ID="P4_ST00976" HPOS="2927" VPOS="481" WIDTH="111" HEIGHT="20" CONTENT="Preserved" WC="0.99" CC="740006901"/>
							<SP ID="P4_SP00782" HPOS="3038" VPOS="504" WIDTH="11"/>
							<String ID="P4_ST00977" HPOS="3049" VPOS="483" WIDTH="83" HEIGHT="26" CONTENT="Ginger," WC="0.98" CC="6027564"/>
							<SP ID="P4_SP00783" HPOS="3132" VPOS="509" WIDTH="11"/>
							<String ID="P4_ST00978" HPOS="3143" VPOS="484" WIDTH="69" HEIGHT="26" CONTENT="Spices" WC="0.96" CC="487277"/>
						</TextLine>
						<TextLine ID="P4_TL00195" HPOS="2818" VPOS="506" WIDTH="279" HEIGHT="28">
							<String ID="P4_ST00979" HPOS="2818" VPOS="506" WIDTH="76" HEIGHT="19" CONTENT="Lemon" WC="0.98" CC="03516"/>
							<SP ID="P4_SP00784" HPOS="2894" VPOS="525" WIDTH="10"/>
							<String ID="P4_ST00980" HPOS="2904" VPOS="508" WIDTH="40" HEIGHT="18" CONTENT="and" WC="0.94" CC="645"/>
							<SP ID="P4_SP00785" HPOS="2944" VPOS="526" WIDTH="11"/>
							<String ID="P4_ST00981" HPOS="2955" VPOS="508" WIDTH="81" HEIGHT="26" CONTENT="Orange" WC="0.97" CC="419770"/>
							<SP ID="P4_SP00786" HPOS="3036" VPOS="534" WIDTH="12"/>
							<String ID="P4_ST00982" HPOS="3048" VPOS="509" WIDTH="49" HEIGHT="20" CONTENT="Peel" WC="0.95" CC="8805"/>
						</TextLine>
						<TextLine ID="P4_TL00196" HPOS="2873" VPOS="533" WIDTH="325" HEIGHT="29">
							<String ID="P4_ST00983" HPOS="2873" VPOS="533" WIDTH="71" HEIGHT="19" CONTENT="White" WC="0.97" CC="87300"/>
							<SP ID="P4_SP00787" HPOS="2944" VPOS="552" WIDTH="10"/>
							<String ID="P4_ST00984" HPOS="2954" VPOS="534" WIDTH="114" HEIGHT="25" CONTENT="Sugar—A" WC="0.97" CC="7601389"/>
							<SP ID="P4_SP00788" HPOS="3068" VPOS="559" WIDTH="15"/>
							<String ID="P4_ST00985" HPOS="3083" VPOS="536" WIDTH="115" HEIGHT="26" CONTENT="Speciality." WC="0.98" CC="78717605670"/>
						</TextLine>
						<TextLine ID="P4_TL00197" HPOS="2820" VPOS="558" WIDTH="429" HEIGHT="28">
							<String ID="P4_ST00986" HPOS="2820" VPOS="558" WIDTH="51" HEIGHT="19" CONTENT="New" WC="0.90" CC="987"/>
							<SP ID="P4_SP00789" HPOS="2871" VPOS="577" WIDTH="9"/>
							<String ID="P4_ST00987" HPOS="2880" VPOS="559" WIDTH="92" HEIGHT="20" CONTENT="Zealand" WC="0.98" CC="7405080"/>
							<SP ID="P4_SP00790" HPOS="2972" VPOS="579" WIDTH="6"/>
							<String ID="P4_ST00988" HPOS="2978" VPOS="560" WIDTH="64" HEIGHT="26" CONTENT="Dairy" WC="0.95" CC="77489"/>
							<SP ID="P4_SP00791" HPOS="3042" VPOS="586" WIDTH="7"/>
							<String ID="P4_ST00989" HPOS="3049" VPOS="562" WIDTH="145" HEIGHT="21" CONTENT="Association's" WC="0.99" CC="3573780043630"/>
							<SP ID="P4_SP00792" HPOS="3194" VPOS="586" WIDTH="7"/>
							<String ID="P4_ST00990" HPOS="3201" VPOS="565" WIDTH="48" HEIGHT="21" CONTENT="But-" WC="0.53" CC="6506"/>
						</TextLine>
						<TextLine ID="P4_TL00198" HPOS="2845" VPOS="602" WIDTH="380" HEIGHT="34">
							<String ID="P4_ST00991" HPOS="2845" VPOS="610" WIDTH="61" HEIGHT="20" CONTENT="TEA." WC="0.46" CC="8480"/>
							<SP ID="P4_SP00793" HPOS="2906" VPOS="630" WIDTH="50"/>
							<String ID="P4_ST00992" HPOS="2956" VPOS="602" WIDTH="123" HEIGHT="31" CONTENT="'COFFEE." WC="0.98" CC="51257070"/>
							<SP ID="P4_SP00794" HPOS="3079" VPOS="633" WIDTH="54"/>
							<String ID="P4_ST00993" HPOS="3133" VPOS="615" WIDTH="92" HEIGHT="21" CONTENT="COCOA." WC="1.00" CC="001000"/>
						</TextLine>
						<TextLine ID="P4_TL00199" HPOS="2820" VPOS="659" WIDTH="431" HEIGHT="33">
							<String ID="P4_ST00994" HPOS="2820" VPOS="659" WIDTH="88" HEIGHT="20" CONTENT="General" WC="0.98" CC="6070146"/>
							<SP ID="P4_SP00795" HPOS="2908" VPOS="679" WIDTH="12"/>
							<String ID="P4_ST00995" HPOS="2920" VPOS="661" WIDTH="129" HEIGHT="21" CONTENT="Assortment" WC="0.98" CC="0752567078"/>
							<SP ID="P4_SP00796" HPOS="3049" VPOS="682" WIDTH="15"/>
							<String ID="P4_ST00996" HPOS="3064" VPOS="664" WIDTH="23" HEIGHT="19" CONTENT="of" WC="0.58" CC="44"/>
							<SP ID="P4_SP00797" HPOS="3087" VPOS="683" WIDTH="16"/>
							<String ID="P4_ST00997" HPOS="3103" VPOS="664" WIDTH="148" HEIGHT="28" CONTENT="Storekeeper'?" WC="0.99" CC="5006080093868"/>
						</TextLine>
						<TextLine ID="P4_TL00200" HPOS="2997" VPOS="689" WIDTH="76" HEIGHT="20">
							<String ID="P4_ST00998" HPOS="2997" VPOS="689" WIDTH="76" HEIGHT="20" CONTENT="Goods." WC="0.98" CC="663031"/>
						</TextLine>
						<TextLine ID="P4_TL00201" HPOS="2880" VPOS="739" WIDTH="312" HEIGHT="45">
							<String ID="P4_ST00999" HPOS="2880" VPOS="739" WIDTH="160" HEIGHT="43" CONTENT="HIHEMOA" WC="0.38" CC="6272679" STYLEREFS="TXT_12"/>
							<SP ID="P4_SP00798" HPOS="3040" VPOS="782" WIDTH="29"/>
							<String ID="P4_ST01000" HPOS="3069" VPOS="743" WIDTH="123" HEIGHT="41" CONTENT="STORE," WC="0.98" CC="297300" STYLEREFS="TXT_12"/>
						</TextLine>
						<TextLine ID="P4_TL00202" HPOS="2927" VPOS="875" WIDTH="223" HEIGHT="26">
							<String ID="P4_ST01001" HPOS="2927" VPOS="875" WIDTH="223" HEIGHT="26" CONTENT="ARCHITECT," WC="0.99" CC="0957005461"/>
						</TextLine>
						<TextLine ID="P4_TL00203" HPOS="2900" VPOS="910" WIDTH="276" HEIGHT="28">
							<String ID="P4_ST01002" HPOS="2900" VPOS="910" WIDTH="98" HEIGHT="26" CONTENT="Building" WC="0.98" CC="00507179"/>
							<SP ID="P4_SP00799" HPOS="2998" VPOS="936" WIDTH="14"/>
							<String ID="P4_ST01003" HPOS="3012" VPOS="912" WIDTH="110" HEIGHT="26" CONTENT="Surveyor," WC="0.99" CC="400705532"/>
							<SP ID="P4_SP00800" HPOS="3122" VPOS="938" WIDTH="18"/>
							<String ID="P4_ST01004" HPOS="3140" VPOS="915" WIDTH="36" HEIGHT="18" CONTENT="&amp;c." WC="0.84" CC="220"/>
						</TextLine>
						<TextLine ID="P4_TL00204" HPOS="2822" VPOS="983" WIDTH="429" HEIGHT="27">
							<String ID="P4_ST01005" HPOS="2822" VPOS="984" WIDTH="70" HEIGHT="23" CONTENT="Agent" WC="0.98" CC="30560"/>
							<SP ID="P4_SP00801" HPOS="2892" VPOS="1007" WIDTH="20"/>
							<String ID="P4_ST01006" HPOS="2912" VPOS="983" WIDTH="32" HEIGHT="20" CONTENT="for" WC="0.94" CC="466"/>
							<SP ID="P4_SP00802" HPOS="2944" VPOS="1007" WIDTH="19"/>
							<String ID="P4_ST01007" HPOS="2963" VPOS="984" WIDTH="35" HEIGHT="19" CONTENT="the" WC="0.96" CC="370"/>
							<SP ID="P4_SP00803" HPOS="2998" VPOS="1007" WIDTH="23"/>
							<String ID="P4_ST01008" HPOS="3021" VPOS="985" WIDTH="99" HEIGHT="20" CONTENT="National" WC="0.97" CC="79747065"/>
							<SP ID="P4_SP00804" HPOS="3120" VPOS="1007" WIDTH="25"/>
							<String ID="P4_ST01009" HPOS="3145" VPOS="987" WIDTH="46" HEIGHT="21" CONTENT="Fire" WC="0.97" CC="7060"/>
							<SP ID="P4_SP00805" HPOS="3191" VPOS="1008" WIDTH="23"/>
							<String ID="P4_ST01010" HPOS="3214" VPOS="990" WIDTH="37" HEIGHT="20" CONTENT="and" WC="0.91" CC="779"/>
						</TextLine>
						<TextLine ID="P4_TL00205" HPOS="2913" VPOS="1010" WIDTH="249" HEIGHT="23">
							<String ID="P4_ST01011" HPOS="2913" VPOS="1010" WIDTH="81" HEIGHT="20" CONTENT="Marine" WC="0.96" CC="797647"/>
							<SP ID="P4_SP00806" HPOS="2994" VPOS="1030" WIDTH="6"/>
							<String ID="P4_ST01012" HPOS="3000" VPOS="1012" WIDTH="116" HEIGHT="20" CONTENT="Insurance" WC="0.98" CC="068640729"/>
							<SP ID="P4_SP00807" HPOS="3116" VPOS="1032" WIDTH="11"/>
							<String ID="P4_ST01013" HPOS="3127" VPOS="1014" WIDTH="35" HEIGHT="19" CONTENT="Co." WC="0.94" CC="590"/>
						</TextLine>
						<TextLine ID="P4_TL00206" HPOS="2829" VPOS="1067" WIDTH="422" HEIGHT="26">
							<String ID="P4_ST01014" HPOS="2829" VPOS="1067" WIDTH="206" HEIGHT="26" CONTENT="IVTOKOIA" WC="0.41" CC="49858090"/>
							<SP ID="P4_SP00808" HPOS="3035" VPOS="1093" WIDTH="71"/>
							<String ID="P4_ST01015" HPOS="3106" VPOS="1071" WIDTH="145" HEIGHT="22" CONTENT="T7IE¥" WC="0.32" CC="97276"/>
						</TextLine>
						<TextLine ID="P4_TL00207" HPOS="2821" VPOS="1152" WIDTH="430" HEIGHT="51">
							<String ID="P4_ST01016" HPOS="2821" VPOS="1152" WIDTH="430" HEIGHT="51" CONTENT="BOAHDIK^HOUSEI," WC="0.25" CC="818888788478886" STYLEREFS="TXT_38"/>
						</TextLine>
						<TextLine ID="P4_TL00208" HPOS="2821" VPOS="1212" WIDTH="430" HEIGHT="35">
							<String ID="P4_ST01017" HPOS="2821" VPOS="1212" WIDTH="111" HEIGHT="28" CONTENT="Opposite" WC="0.97" CC="29674667"/>
							<SP ID="P4_SP00809" HPOS="2932" VPOS="1240" WIDTH="15"/>
							<String ID="P4_ST01018" HPOS="2947" VPOS="1214" WIDTH="40" HEIGHT="21" CONTENT="the" WC="0.91" CC="967"/>
							<SP ID="P4_SP00810" HPOS="2987" VPOS="1240" WIDTH="15"/>
							<String ID="P4_ST01019" HPOS="3002" VPOS="1216" WIDTH="55" HEIGHT="19" CONTENT="Post" WC="0.95" CC="7734"/>
							<SP ID="P4_SP00811" HPOS="3057" VPOS="1240" WIDTH="11"/>
							<String ID="P4_ST01020" HPOS="3068" VPOS="1216" WIDTH="47" HEIGHT="21" CONTENT="and" WC="0.93" CC="674"/>
							<SP ID="P4_SP00812" HPOS="3115" VPOS="1240" WIDTH="11"/>
							<String ID="P4_ST01021" HPOS="3126" VPOS="1218" WIDTH="125" HEIGHT="29" CONTENT="Telegraph" WC="0.98" CC="964760795"/>
						</TextLine>
						<TextLine ID="P4_TL00209" HPOS="2998" VPOS="1241" WIDTH="80" HEIGHT="21">
							<String ID="P4_ST01022" HPOS="2998" VPOS="1241" WIDTH="80" HEIGHT="21" CONTENT="Office." WC="0.98" CC="0760662" STYLEREFS="TXT_39"/>
						</TextLine>
						<TextLine ID="P4_TL00210" HPOS="2821" VPOS="1271" WIDTH="430" HEIGHT="27">
							<String ID="P4_ST01023" HPOS="2821" VPOS="1271" WIDTH="45" HEIGHT="18" CONTENT="And" WC="0.91" CC="769"/>
							<SP ID="P4_SP00813" HPOS="2866" VPOS="1289" WIDTH="21"/>
							<String ID="P4_ST01024" HPOS="2887" VPOS="1278" WIDTH="48" HEIGHT="13" CONTENT="near" WC="0.94" CC="7895"/>
							<SP ID="P4_SP00814" HPOS="2935" VPOS="1291" WIDTH="21"/>
							<String ID="P4_ST01025" HPOS="2956" VPOS="1273" WIDTH="33" HEIGHT="19" CONTENT="the" WC="0.95" CC="570"/>
							<SP ID="P4_SP00815" HPOS="2989" VPOS="1292" WIDTH="21"/>
							<String ID="P4_ST01026" HPOS="3010" VPOS="1273" WIDTH="121" HEIGHT="21" CONTENT="Celebrated" WC="0.98" CC="6060840986"/>
							<SP ID="P4_SP00816" HPOS="3131" VPOS="1294" WIDTH="25"/>
							<String ID="P4_ST01027" HPOS="3156" VPOS="1276" WIDTH="95" HEIGHT="22" CONTENT="PRIEST" WC="0.96" CC="688875"/>
						</TextLine>
						<TextLine ID="P4_TL00211" HPOS="2860" VPOS="1298" WIDTH="345" HEIGHT="25">
							<String ID="P4_ST01028" HPOS="2860" VPOS="1298" WIDTH="117" HEIGHT="20" CONTENT="RACHEL" WC="0.97" CC="792815"/>
							<SP ID="P4_SP00817" HPOS="2977" VPOS="1318" WIDTH="17"/>
							<String ID="P4_ST01029" HPOS="2994" VPOS="1301" WIDTH="39" HEIGHT="18" CONTENT="and" WC="0.94" CC="088"/>
							<SP ID="P4_SP00818" HPOS="3033" VPOS="1319" WIDTH="14"/>
							<String ID="P4_ST01030" HPOS="3047" VPOS="1301" WIDTH="57" HEIGHT="19" CONTENT="other" WC="0.95" CC="99973"/>
							<SP ID="P4_SP00819" HPOS="3104" VPOS="1320" WIDTH="12"/>
							<String ID="P4_ST01031" HPOS="3116" VPOS="1302" WIDTH="53" HEIGHT="20" CONTENT="BAT" WC="0.90" CC="799"/>
							<SP ID="P4_SP00820" HPOS="3169" VPOS="1322" WIDTH="5"/>
							<String ID="P4_ST01032" HPOS="3174" VPOS="1304" WIDTH="31" HEIGHT="19" CONTENT="US" WC="0.10" CC="89"/>
						</TextLine>
						<TextLine ID="P4_TL00212" HPOS="2964" VPOS="1325" WIDTH="146" HEIGHT="22">
							<String ID="P4_ST01033" HPOS="2964" VPOS="1325" WIDTH="146" HEIGHT="22" CONTENT="ROTORUA." WC="0.71" CC="90070500"/>
						</TextLine>
						<TextLine ID="P4_TL00213" HPOS="2821" VPOS="1375" WIDTH="425" HEIGHT="32">
							<String ID="P4_ST01034" HPOS="2821" VPOS="1375" WIDTH="109" HEIGHT="32" CONTENT="TERMS:" WC="0.97" CC="959470"/>
							<SP ID="P4_SP00821" HPOS="2930" VPOS="1407" WIDTH="10"/>
							<String ID="P4_ST01035" HPOS="2940" VPOS="1378" WIDTH="43" HEIGHT="19" CONTENT="25s" WC="0.42" CC="367"/>
							<SP ID="P4_SP00822" HPOS="2983" VPOS="1407" WIDTH="7"/>
							<String ID="P4_ST01036" HPOS="2990" VPOS="1383" WIDTH="42" HEIGHT="19" CONTENT="per" WC="0.95" CC="605"/>
							<SP ID="P4_SP00823" HPOS="3032" VPOS="1407" WIDTH="6"/>
							<String ID="P4_ST01037" HPOS="3038" VPOS="1380" WIDTH="73" HEIGHT="22" CONTENT="week," WC="0.99" CC="90000"/>
							<SP ID="P4_SP00824" HPOS="3111" VPOS="1407" WIDTH="10"/>
							<String ID="P4_ST01038" HPOS="3121" VPOS="1381" WIDTH="28" HEIGHT="19" CONTENT="5s" WC="0.48" CC="63"/>
							<SP ID="P4_SP00825" HPOS="3149" VPOS="1407" WIDTH="6"/>
							<String ID="P4_ST01039" HPOS="3155" VPOS="1386" WIDTH="41" HEIGHT="19" CONTENT="per" WC="0.96" CC="604"/>
							<SP ID="P4_SP00826" HPOS="3196" VPOS="1407" WIDTH="7"/>
							<String ID="P4_ST01040" HPOS="3203" VPOS="1383" WIDTH="43" HEIGHT="24" CONTENT="day" WC="0.94" CC="096"/>
						</TextLine>
						<TextLine ID="P4_TL00214" HPOS="2854" VPOS="1409" WIDTH="365" HEIGHT="50">
							<String ID="P4_ST01041" HPOS="2854" VPOS="1409" WIDTH="114" HEIGHT="39" CONTENT="MRS" WC="0.94" CC="079" STYLEREFS="TXT_4"/>
							<SP ID="P4_SP00827" HPOS="2968" VPOS="1448" WIDTH="44"/>
							<String ID="P4_ST01042" HPOS="3012" VPOS="1411" WIDTH="207" HEIGHT="48" CONTENT="YOUNG," WC="0.96" CC="676693" STYLEREFS="TXT_4"/>
						</TextLine>
						<TextLine ID="P4_TL00215" HPOS="2954" VPOS="1459" WIDTH="173" HEIGHT="22">
							<String ID="P4_ST01043" HPOS="2954" VPOS="1459" WIDTH="173" HEIGHT="22" CONTENT="Phopiiietsess." WC="0.46" CC="58096877077060"/>
						</TextLine>
						<TextLine ID="P4_TL00216" HPOS="2822" VPOS="1525" WIDTH="429" HEIGHT="66">
							<String ID="P4_ST01044" HPOS="2822" VPOS="1525" WIDTH="153" HEIGHT="49" CONTENT="Rotor" WC="0.97" CC="51038" STYLEREFS="TXT_40"/>
							<SP ID="P4_SP00828" HPOS="2975" VPOS="1574" WIDTH="2"/>
							<String ID="P4_ST01045" HPOS="2977" VPOS="1541" WIDTH="63" HEIGHT="34" CONTENT="ua" WC="0.28" CC="76" STYLEREFS="TXT_40"/>
							<SP ID="P4_SP00829" HPOS="3040" VPOS="1575" WIDTH="19"/>
							<String ID="P4_ST01046" HPOS="3059" VPOS="1529" WIDTH="192" HEIGHT="62" CONTENT="Bakery" WC="0.96" CC="568479" STYLEREFS="TXT_40"/>
						</TextLine>
						<TextLine ID="P4_TL00217" HPOS="2833" VPOS="1727" WIDTH="407" HEIGHT="40">
							<String ID="P4_ST01047" HPOS="2833" VPOS="1727" WIDTH="104" HEIGHT="34" CONTENT="BAKER" WC="0.97" CC="08413" STYLEREFS="TXT_41"/>
							<SP ID="P4_SP00830" HPOS="2937" VPOS="1761" WIDTH="12"/>
							<String ID="P4_ST01048" HPOS="2949" VPOS="1731" WIDTH="27" HEIGHT="31" CONTENT="&amp;" WC="0.67" CC="3" STYLEREFS="TXT_41"/>
							<SP ID="P4_SP00831" HPOS="2976" VPOS="1762" WIDTH="9"/>
							<String ID="P4_ST01049" HPOS="2985" VPOS="1731" WIDTH="255" HEIGHT="36" CONTENT="CONFECTIONER." WC="0.99" CC="5685260052041" STYLEREFS="TXT_41"/>
						</TextLine>
						<TextLine ID="P4_TL00218" HPOS="2871" VPOS="1807" WIDTH="327" HEIGHT="37">
							<String ID="P4_ST01050" HPOS="2871" VPOS="1807" WIDTH="85" HEIGHT="25" CONTENT="Bread" WC="0.97" CC="74009" STYLEREFS="TXT_3"/>
							<SP ID="P4_SP00832" HPOS="2956" VPOS="1832" WIDTH="14"/>
							<String ID="P4_ST01051" HPOS="2970" VPOS="1810" WIDTH="134" HEIGHT="25" CONTENT="delivered" WC="0.99" CC="507260307" STYLEREFS="TXT_3"/>
							<SP ID="P4_SP00833" HPOS="3104" VPOS="1835" WIDTH="16"/>
							<String ID="P4_ST01052" HPOS="3120" VPOS="1812" WIDTH="78" HEIGHT="32" CONTENT="daily." WC="0.98" CC="095090" STYLEREFS="TXT_3"/>
						</TextLine>
						<TextLine ID="P4_TL00219" HPOS="2872" VPOS="1877" WIDTH="153" HEIGHT="21">
							<String ID="P4_ST01053" HPOS="2872" VPOS="1877" WIDTH="153" HEIGHT="21" CONTENT="GKOCERIE.*" WC="0.50" CC="7832380077"/>
						</TextLine>
						<TextLine ID="P4_TL00220" HPOS="3016" VPOS="1915" WIDTH="145" HEIGHT="23">
							<String ID="P4_ST01054" HPOS="3016" VPOS="1915" WIDTH="145" HEIGHT="23" CONTENT="DRAPERY." WC="0.98" CC="80773960"/>
						</TextLine>
						<TextLine ID="P4_TL00221" HPOS="2818" VPOS="1978" WIDTH="432" HEIGHT="25">
							<String ID="P4_ST01055" HPOS="2818" VPOS="1978" WIDTH="123" HEIGHT="20" CONTENT="GENERAL" WC="0.96" CC="6679799"/>
							<SP ID="P4_SP00834" HPOS="2941" VPOS="1998" WIDTH="6"/>
							<String ID="P4_ST01056" HPOS="2947" VPOS="1981" WIDTH="208" HEIGHT="21" CONTENT="STOREKEEPER'S" WC="0.99" CC="7917406376746"/>
							<SP ID="P4_SP00835" HPOS="3155" VPOS="2002" WIDTH="7"/>
							<String ID="P4_ST01057" HPOS="3162" VPOS="1984" WIDTH="88" HEIGHT="19" CONTENT="GOODS." WC="0.98" CC="105773"/>
						</TextLine>
						<TextLine ID="P4_TL00222" HPOS="2835" VPOS="2032" WIDTH="394" HEIGHT="55">
							<String ID="P4_ST01058" HPOS="2835" VPOS="2032" WIDTH="42" HEIGHT="45" CONTENT="J." WC="0.82" CC="30" STYLEREFS="TXT_40"/>
							<SP ID="P4_SP00836" HPOS="2877" VPOS="2077" WIDTH="31"/>
							<String ID="P4_ST01059" HPOS="2908" VPOS="2033" WIDTH="47" HEIGHT="47" CONTENT="R." WC="0.52" CC="90" STYLEREFS="TXT_40"/>
							<SP ID="P4_SP00837" HPOS="2955" VPOS="2080" WIDTH="35"/>
							<String ID="P4_ST01060" HPOS="2990" VPOS="2034" WIDTH="239" HEIGHT="53" CONTENT="LONDON," WC="0.96" CC="9887885" STYLEREFS="TXT_40"/>
						</TextLine>
						<TextLine ID="P4_TL00223" HPOS="2950" VPOS="2104" WIDTH="166" HEIGHT="25">
							<String ID="P4_ST01061" HPOS="2950" VPOS="2104" WIDTH="166" HEIGHT="25" CONTENT="SOLICITOR," WC="0.99" CC="6060609190"/>
						</TextLine>
						<TextLine ID="P4_TL00224" HPOS="2839" VPOS="2138" WIDTH="386" HEIGHT="26">
							<String ID="P4_ST01062" HPOS="2839" VPOS="2139" WIDTH="28" HEIGHT="20" CONTENT="20," WC="0.45" CC="771"/>
							<SP ID="P4_SP00838" HPOS="2867" VPOS="2159" WIDTH="11"/>
							<String ID="P4_ST01063" HPOS="2878" VPOS="2138" WIDTH="218" HEIGHT="26" CONTENT="Shobtland-stbeet," WC="0.32" CC="78088898837786580"/>
							<SP ID="P4_SP00839" HPOS="3096" VPOS="2164" WIDTH="10"/>
							<String ID="P4_ST01064" HPOS="3106" VPOS="2143" WIDTH="119" HEIGHT="19" CONTENT="Auckland." WC="0.98" CC="990678770"/>
						</TextLine>
						<TextLine ID="P4_TL00225" HPOS="2814" VPOS="2183" WIDTH="434" HEIGHT="30">
							<String ID="P4_ST01065" HPOS="2814" VPOS="2183" WIDTH="155" HEIGHT="21" CONTENT="N.B.—Attends" WC="0.38" CC="907088157896"/>
							<SP ID="P4_SP00840" HPOS="2969" VPOS="2204" WIDTH="8"/>
							<String ID="P4_ST01066" HPOS="2977" VPOS="2189" WIDTH="81" HEIGHT="21" CONTENT="country" WC="0.98" CC="0858039"/>
							<SP ID="P4_SP00841" HPOS="3058" VPOS="2210" WIDTH="9"/>
							<String ID="P4_ST01067" HPOS="3067" VPOS="2189" WIDTH="68" HEIGHT="17" CONTENT="Courts" WC="0.96" CC="676496"/>
							<SP ID="P4_SP00842" HPOS="3135" VPOS="2210" WIDTH="8"/>
							<String ID="P4_ST01068" HPOS="3143" VPOS="2190" WIDTH="26" HEIGHT="22" CONTENT="by" WC="1.00" CC="99"/>
							<SP ID="P4_SP00843" HPOS="3169" VPOS="2212" WIDTH="12"/>
							<String ID="P4_ST01069" HPOS="3181" VPOS="2191" WIDTH="67" HEIGHT="22" CONTENT="special" WC="0.98" CC="6060670"/>
						</TextLine>
						<TextLine ID="P4_TL00226" HPOS="2814" VPOS="2211" WIDTH="138" HEIGHT="20">
							<String ID="P4_ST01070" HPOS="2814" VPOS="2211" WIDTH="138" HEIGHT="20" CONTENT="arrangement." WC="0.99" CC="663768606640"/>
						</TextLine>
						<TextLine ID="P4_TL00227" HPOS="2869" VPOS="2264" WIDTH="314" HEIGHT="52">
							<String ID="P4_ST01071" HPOS="2869" VPOS="2264" WIDTH="314" HEIGHT="52" CONTENT="JJUCK.LJI.ND" WC="0.34" CC="878627786707" STYLEREFS="TXT_40"/>
						</TextLine>
						<TextLine ID="P4_TL00228" HPOS="2825" VPOS="2343" WIDTH="408" HEIGHT="47">
							<String ID="P4_ST01072" HPOS="2825" VPOS="2343" WIDTH="175" HEIGHT="44" CONTENT="COFFEE" WC="0.99" CC="002340" STYLEREFS="TXT_12"/>
							<SP ID="P4_SP00844" HPOS="3000" VPOS="2387" WIDTH="41"/>
							<String ID="P4_ST01073" HPOS="3041" VPOS="2347" WIDTH="192" HEIGHT="43" CONTENT="PALACE." WC="0.99" CC="5906000" STYLEREFS="TXT_12"/>
						</TextLine>
						<TextLine ID="P4_TL00229" HPOS="2862" VPOS="2416" WIDTH="333" HEIGHT="37">
							<String ID="P4_ST01074" HPOS="2862" VPOS="2416" WIDTH="145" HEIGHT="32" CONTENT="QTTEEN" WC="0.28" CC="977638" STYLEREFS="TXT_3"/>
							<SP ID="P4_SP00845" HPOS="3007" VPOS="2448" WIDTH="21"/>
							<String ID="P4_ST01075" HPOS="3028" VPOS="2419" WIDTH="167" HEIGHT="34" CONTENT="STREET," WC="0.98" CC="0874270" STYLEREFS="TXT_3"/>
						</TextLine>
						<TextLine ID="P4_TL00230" HPOS="2810" VPOS="2475" WIDTH="437" HEIGHT="37">
							<String ID="P4_ST01076" HPOS="2810" VPOS="2475" WIDTH="65" HEIGHT="25" CONTENT="Also" WC="0.98" CC="8000" STYLEREFS="TXT_42"/>
							<SP ID="P4_SP00846" HPOS="2875" VPOS="2500" WIDTH="22"/>
							<String ID="P4_ST01077" HPOS="2897" VPOS="2479" WIDTH="108" HEIGHT="30" CONTENT="opposite" WC="0.97" CC="69975266" STYLEREFS="TXT_42"/>
							<SP ID="P4_SP00847" HPOS="3005" VPOS="2509" WIDTH="22"/>
							<String ID="P4_ST01078" HPOS="3027" VPOS="2479" WIDTH="108" HEIGHT="24" CONTENT="Herald" WC="0.97" CC="678930" STYLEREFS="TXT_42"/>
							<SP ID="P4_SP00848" HPOS="3135" VPOS="2509" WIDTH="28"/>
							<String ID="P4_ST01079" HPOS="3163" VPOS="2480" WIDTH="84" HEIGHT="32" CONTENT="Office." WC="0.98" CC="4000676" STYLEREFS="TXT_42"/>
						</TextLine>
						<TextLine ID="P4_TL00231" HPOS="2839" VPOS="2588" WIDTH="372" HEIGHT="60">
							<String ID="P4_ST01080" HPOS="2839" VPOS="2588" WIDTH="52" HEIGHT="47" CONTENT="E." WC="0.48" CC="54" STYLEREFS="TXT_40"/>
							<SP ID="P4_SP00849" HPOS="2891" VPOS="2635" WIDTH="50"/>
							<String ID="P4_ST01081" HPOS="2941" VPOS="2589" WIDTH="270" HEIGHT="59" CONTENT="WATERS," WC="0.99" CC="6605200" STYLEREFS="TXT_40"/>
						</TextLine>
						<TextLine ID="P4_TL00232" HPOS="2908" VPOS="2668" WIDTH="242" HEIGHT="28">
							<String ID="P4_ST01082" HPOS="2908" VPOS="2668" WIDTH="242" HEIGHT="28" CONTENT="PROPRIETOR." WC="1.00" CC="40000300000" STYLEREFS="TXT_8"/>
						</TextLine>
						<TextLine ID="P4_TL00233" HPOS="2860" VPOS="2735" WIDTH="333" HEIGHT="33">
							<String ID="P4_ST01083" HPOS="2860" VPOS="2735" WIDTH="29" HEIGHT="26" CONTENT="J." WC="0.35" CC="93" STYLEREFS="TXT_3"/>
							<SP ID="P4_SP00850" HPOS="2889" VPOS="2761" WIDTH="20"/>
							<String ID="P4_ST01084" HPOS="2909" VPOS="2736" WIDTH="50" HEIGHT="26" CONTENT="W." WC="0.36" CC="92" STYLEREFS="TXT_3"/>
							<SP ID="P4_SP00851" HPOS="2959" VPOS="2762" WIDTH="25"/>
							<String ID="P4_ST01085" HPOS="2984" VPOS="2736" WIDTH="209" HEIGHT="32" CONTENT="WRIGLEY," WC="0.43" CC="67469243" STYLEREFS="TXT_3"/>
						</TextLine>
						<TextLine ID="P4_TL00234" HPOS="2833" VPOS="2801" WIDTH="387" HEIGHT="27">
							<String ID="P4_ST01086" HPOS="2833" VPOS="2801" WIDTH="387" HEIGHT="27" CONTENT="ARCHITECT," WC="0.98" CC="9756096693"/>
						</TextLine>
						<TextLine ID="P4_TL00235" HPOS="2937" VPOS="2836" WIDTH="186" HEIGHT="18">
							<String ID="P4_ST01087" HPOS="2937" VPOS="2836" WIDTH="186" HEIGHT="18" CONTENT="ROTORUK." WC="0.33" CC="77477774"/>
						</TextLine>
						<TextLine ID="P4_TL00236" HPOS="2836" VPOS="2898" WIDTH="408" HEIGHT="25">
							<String ID="P4_ST01088" HPOS="2836" VPOS="2898" WIDTH="70" HEIGHT="25" CONTENT="Agent" WC="0.99" CC="00054"/>
							<SP ID="P4_SP00852" HPOS="2906" VPOS="2923" WIDTH="9"/>
							<String ID="P4_ST01089" HPOS="2915" VPOS="2900" WIDTH="33" HEIGHT="19" CONTENT="for" WC="0.97" CC="025"/>
							<SP ID="P4_SP00853" HPOS="2948" VPOS="2923" WIDTH="14"/>
							<String ID="P4_ST01090" HPOS="2962" VPOS="2900" WIDTH="36" HEIGHT="19" CONTENT="the" WC="0.96" CC="091"/>
							<SP ID="P4_SP00854" HPOS="2998" VPOS="2923" WIDTH="18"/>
							<String ID="P4_ST01091" HPOS="3016" VPOS="2900" WIDTH="64" HEIGHT="20" CONTENT="South" WC="0.96" CC="50959"/>
							<SP ID="P4_SP00855" HPOS="3080" VPOS="2923" WIDTH="22"/>
							<String ID="P4_ST01092" HPOS="3102" VPOS="2902" WIDTH="78" HEIGHT="19" CONTENT="British" WC="0.98" CC="7633650"/>
							<SP ID="P4_SP00856" HPOS="3180" VPOS="2923" WIDTH="20"/>
							<String ID="P4_ST01093" HPOS="3200" VPOS="2903" WIDTH="44" HEIGHT="19" CONTENT="Fire" WC="0.95" CC="6545"/>
						</TextLine>
						<TextLine ID="P4_TL00237" HPOS="2810" VPOS="2924" WIDTH="374" HEIGHT="30">
							<String ID="P4_ST01094" HPOS="2810" VPOS="2924" WIDTH="40" HEIGHT="19" CONTENT="and" WC="0.94" CC="079"/>
							<SP ID="P4_SP00857" HPOS="2850" VPOS="2943" WIDTH="11"/>
							<String ID="P4_ST01095" HPOS="2861" VPOS="2924" WIDTH="81" HEIGHT="21" CONTENT="Marine" WC="0.98" CC="602540"/>
							<SP ID="P4_SP00858" HPOS="2942" VPOS="2945" WIDTH="9"/>
							<String ID="P4_ST01096" HPOS="2951" VPOS="2926" WIDTH="113" HEIGHT="20" CONTENT="Insurance" WC="0.99" CC="080820540"/>
							<SP ID="P4_SP00859" HPOS="3064" VPOS="2946" WIDTH="10"/>
							<String ID="P4_ST01097" HPOS="3074" VPOS="2927" WIDTH="110" HEIGHT="27" CONTENT="Company." WC="0.97" CC="49894891"/>
						</TextLine>
						<TextLine ID="P4_TL00238" HPOS="2812" VPOS="2984" WIDTH="430" HEIGHT="43">
							<String ID="P4_ST01098" HPOS="2812" VPOS="2984" WIDTH="120" HEIGHT="34" CONTENT="UNITED" WC="0.97" CC="681666" STYLEREFS="TXT_41"/>
							<SP ID="P4_SP00860" HPOS="2932" VPOS="3018" WIDTH="21"/>
							<String ID="P4_ST01099" HPOS="2953" VPOS="2987" WIDTH="188" HEIGHT="33" CONTENT="INSURANCE" WC="0.98" CC="320749961" STYLEREFS="TXT_41"/>
							<SP ID="P4_SP00861" HPOS="3141" VPOS="3020" WIDTH="20"/>
							<String ID="P4_ST01100" HPOS="3161" VPOS="2990" WIDTH="81" HEIGHT="37" CONTENT="COY.," WC="0.97" CC="26343" STYLEREFS="TXT_41"/>
						</TextLine>
						<TextLine ID="P4_TL00239" HPOS="2874" VPOS="3093" WIDTH="310" HEIGHT="31">
							<String ID="P4_ST01101" HPOS="2874" VPOS="3093" WIDTH="152" HEIGHT="30" CONTENT="CAPITAL," WC="0.98" CC="58704471" STYLEREFS="TXT_3"/>
							<SP ID="P4_SP00862" HPOS="3026" VPOS="3123" WIDTH="16"/>
							<String ID="P4_ST01102" HPOS="3042" VPOS="3095" WIDTH="142" HEIGHT="29" CONTENT="£500,000." WC="0.57" CC="864241143" STYLEREFS="TXT_3"/>
						</TextLine>
						<TextLine ID="P4_TL00240" HPOS="2815" VPOS="3161" WIDTH="430" HEIGHT="45">
							<String ID="P4_ST01103" HPOS="2815" VPOS="3161" WIDTH="91" HEIGHT="45" CONTENT="FIRE" WC="0.98" CC="0073"/>
							<SP ID="P4_SP00863" HPOS="2906" VPOS="3206" WIDTH="8"/>
							<String ID="P4_ST01104" HPOS="2914" VPOS="3163" WIDTH="53" HEIGHT="19" CONTENT="risks" WC="0.96" CC="74297"/>
							<SP ID="P4_SP00864" HPOS="2967" VPOS="3206" WIDTH="9"/>
							<String ID="P4_ST01105" HPOS="2976" VPOS="3164" WIDTH="21" HEIGHT="18" CONTENT="of" WC="0.65" CC="06"/>
							<SP ID="P4_SP00865" HPOS="2997" VPOS="3206" WIDTH="7"/>
							<String ID="P4_ST01106" HPOS="3004" VPOS="3164" WIDTH="27" HEIGHT="19" CONTENT="all" WC="0.95" CC="164"/>
							<SP ID="P4_SP00866" HPOS="3031" VPOS="3206" WIDTH="9"/>
							<String ID="P4_ST01107" HPOS="3040" VPOS="3165" WIDTH="74" HEIGHT="19" CONTENT="classes" WC="0.98" CC="3568600"/>
							<SP ID="P4_SP00867" HPOS="3114" VPOS="3206" WIDTH="6"/>
							<String ID="P4_ST01108" HPOS="3120" VPOS="3166" WIDTH="125" HEIGHT="19" CONTENT="undertaken" WC="0.98" CC="7295117963"/>
						</TextLine>
						<TextLine ID="P4_TL00241" HPOS="2883" VPOS="3189" WIDTH="263" HEIGHT="22">
							<String ID="P4_ST01109" HPOS="2883" VPOS="3192" WIDTH="20" HEIGHT="16" CONTENT="at" WC="0.71" CC="50"/>
							<SP ID="P4_SP00868" HPOS="2903" VPOS="3208" WIDTH="11"/>
							<String ID="P4_ST01110" HPOS="2914" VPOS="3189" WIDTH="70" HEIGHT="20" CONTENT="lowest" WC="0.97" CC="048479"/>
							<SP ID="P4_SP00869" HPOS="2984" VPOS="3209" WIDTH="11"/>
							<String ID="P4_ST01111" HPOS="2995" VPOS="3194" WIDTH="80" HEIGHT="16" CONTENT="current" WC="0.97" CC="7746073"/>
							<SP ID="P4_SP00870" HPOS="3075" VPOS="3210" WIDTH="10"/>
							<String ID="P4_ST01112" HPOS="3085" VPOS="3196" WIDTH="61" HEIGHT="15" CONTENT="rates." WC="0.97" CC="990770"/>
						</TextLine>
						<TextLine ID="P4_TL00242" HPOS="2813" VPOS="3222" WIDTH="431" HEIGHT="29">
							<String ID="P4_ST01113" HPOS="2813" VPOS="3222" WIDTH="76" HEIGHT="21" CONTENT="Claims" WC="0.97" CC="047768"/>
							<SP ID="P4_SP00871" HPOS="2889" VPOS="3243" WIDTH="8"/>
							<String ID="P4_ST01114" HPOS="2897" VPOS="3224" WIDTH="73" HEIGHT="20" CONTENT="settled" WC="0.99" CC="2402009"/>
							<SP ID="P4_SP00872" HPOS="2970" VPOS="3244" WIDTH="10"/>
							<String ID="P4_ST01115" HPOS="2980" VPOS="3226" WIDTH="103" HEIGHT="25" CONTENT="promptly" WC="0.98" CC="94007550"/>
							<SP ID="P4_SP00873" HPOS="3083" VPOS="3251" WIDTH="11"/>
							<String ID="P4_ST01116" HPOS="3094" VPOS="3227" WIDTH="40" HEIGHT="19" CONTENT="and" WC="0.94" CC="970"/>
							<SP ID="P4_SP00874" HPOS="3134" VPOS="3251" WIDTH="12"/>
							<String ID="P4_ST01117" HPOS="3146" VPOS="3227" WIDTH="98" HEIGHT="21" CONTENT="liberally." WC="0.98" CC="1781396770"/>
						</TextLine>
						<TextLine ID="P4_TL00243" HPOS="2824" VPOS="3271" WIDTH="410" HEIGHT="28">
							<String ID="P4_ST01118" HPOS="2824" VPOS="3271" WIDTH="49" HEIGHT="18" CONTENT="New" WC="0.91" CC="679"/>
							<SP ID="P4_SP00875" HPOS="2873" VPOS="3289" WIDTH="9"/>
							<String ID="P4_ST01119" HPOS="2882" VPOS="3273" WIDTH="82" HEIGHT="18" CONTENT="Zealand" WC="0.97" CC="4670679"/>
							<SP ID="P4_SP00876" HPOS="2964" VPOS="3291" WIDTH="11"/>
							<String ID="P4_ST01120" HPOS="2975" VPOS="3274" WIDTH="56" HEIGHT="17" CONTENT="Head" WC="0.94" CC="6298"/>
							<SP ID="P4_SP00877" HPOS="3031" VPOS="3291" WIDTH="9"/>
							<String ID="P4_ST01121" HPOS="3040" VPOS="3274" WIDTH="63" HEIGHT="22" CONTENT="Office," WC="0.99" CC="0111470"/>
							<SP ID="P4_SP00878" HPOS="3103" VPOS="3296" WIDTH="10"/>
							<String ID="P4_ST01122" HPOS="3113" VPOS="3276" WIDTH="121" HEIGHT="23" CONTENT="Wellington." WC="0.98" CC="28508679610"/>
						</TextLine>
						<TextLine ID="P4_TL00244" HPOS="2848" VPOS="3300" WIDTH="364" HEIGHT="23">
							<String ID="P4_ST01123" HPOS="2848" VPOS="3300" WIDTH="91" HEIGHT="18" CONTENT="Resident" WC="0.98" CC="06850649"/>
							<SP ID="P4_SP00879" HPOS="2939" VPOS="3318" WIDTH="9"/>
							<String ID="P4_ST01124" HPOS="2948" VPOS="3301" WIDTH="47" HEIGHT="21" CONTENT="Sec," WC="0.96" CC="7180"/>
							<SP ID="P4_SP00880" HPOS="2995" VPOS="3322" WIDTH="9"/>
							<String ID="P4_ST01125" HPOS="3004" VPOS="3302" WIDTH="68" HEIGHT="18" CONTENT="James" WC="0.95" CC="99837"/>
							<SP ID="P4_SP00881" HPOS="3072" VPOS="3322" WIDTH="9"/>
							<String ID="P4_ST01126" HPOS="3081" VPOS="3303" WIDTH="18" HEIGHT="18" CONTENT="S." WC="0.46" CC="63"/>
							<SP ID="P4_SP00882" HPOS="3099" VPOS="3322" WIDTH="14"/>
							<String ID="P4_ST01127" HPOS="3113" VPOS="3302" WIDTH="99" HEIGHT="21" CONTENT="Jameson." WC="0.97" CC="69783772"/>
						</TextLine>
						<TextLine ID="P4_TL00245" HPOS="2939" VPOS="3336" WIDTH="184" HEIGHT="23">
							<String ID="P4_ST01128" HPOS="2939" VPOS="3336" WIDTH="100" HEIGHT="17" CONTENT="Auckland" WC="0.98" CC="97090970"/>
							<SP ID="P4_SP00883" HPOS="3039" VPOS="3353" WIDTH="10"/>
							<String ID="P4_ST01129" HPOS="3049" VPOS="3336" WIDTH="74" HEIGHT="23" CONTENT="Agent:" WC="0.96" CC="997483"/>
						</TextLine>
						<TextLine ID="P4_TL00246" HPOS="2875" VPOS="3361" WIDTH="308" HEIGHT="23">
							<String ID="P4_ST01130" HPOS="2875" VPOS="3361" WIDTH="22" HEIGHT="19" CONTENT="A." WC="0.29" CC="94"/>
							<SP ID="P4_SP00884" HPOS="2897" VPOS="3380" WIDTH="14"/>
							<String ID="P4_ST01131" HPOS="2911" VPOS="3361" WIDTH="110" HEIGHT="23" CONTENT="Heather," WC="0.98" CC="74967070"/>
							<SP ID="P4_SP00885" HPOS="3021" VPOS="3384" WIDTH="11"/>
							<String ID="P4_ST01132" HPOS="3032" VPOS="3364" WIDTH="77" HEIGHT="18" CONTENT="Custom" WC="0.96" CC="355958"/>
							<SP ID="P4_SP00886" HPOS="3109" VPOS="3384" WIDTH="7"/>
							<String ID="P4_ST01133" HPOS="3116" VPOS="3364" WIDTH="67" HEIGHT="19" CONTENT="Street." WC="0.97" CC="7567767"/>
						</TextLine>
						<TextLine ID="P4_TL00247" HPOS="2946" VPOS="3401" WIDTH="168" HEIGHT="23">
							<String ID="P4_ST01134" HPOS="2946" VPOS="3401" WIDTH="86" HEIGHT="17" CONTENT="Rotorua" WC="0.46" CC="0392559"/>
							<SP ID="P4_SP00887" HPOS="3032" VPOS="3418" WIDTH="8"/>
							<String ID="P4_ST01135" HPOS="3040" VPOS="3401" WIDTH="74" HEIGHT="23" CONTENT="Agent:" WC="0.96" CC="994665"/>
						</TextLine>
						<TextLine ID="P4_TL00248" HPOS="2860" VPOS="3431" WIDTH="340" HEIGHT="24">
							<String ID="P4_ST01136" HPOS="2860" VPOS="3432" WIDTH="22" HEIGHT="17" CONTENT="F." WC="0.67" CC="60"/>
							<SP ID="P4_SP00888" HPOS="2882" VPOS="3449" WIDTH="13"/>
							<String ID="P4_ST01137" HPOS="2895" VPOS="3433" WIDTH="21" HEIGHT="17" CONTENT="F." WC="0.67" CC="60"/>
							<SP ID="P4_SP00889" HPOS="2916" VPOS="3450" WIDTH="11"/>
							<String ID="P4_ST01138" HPOS="2927" VPOS="3431" WIDTH="68" HEIGHT="24" CONTENT="Watt," WC="0.96" CC="97770"/>
							<SP ID="P4_SP00890" HPOS="2995" VPOS="3455" WIDTH="14"/>
							<String ID="P4_ST01139" HPOS="3009" VPOS="3433" WIDTH="117" HEIGHT="19" CONTENT="Ciihoxicie" WC="0.42" CC="7667084086"/>
							<SP ID="P4_SP00891" HPOS="3126" VPOS="3455" WIDTH="11"/>
							<String ID="P4_ST01140" HPOS="3137" VPOS="3434" WIDTH="63" HEIGHT="19" CONTENT="Office." WC="0.99" CC="7000500"/>
						</TextLine>
						<TextLine ID="P4_TL00249" HPOS="2812" VPOS="3477" WIDTH="394" HEIGHT="23">
							<String ID="P4_ST01141" HPOS="2812" VPOS="3477" WIDTH="30" HEIGHT="17" CONTENT="W." WC="0.61" CC="52"/>
							<SP ID="P4_SP00892" HPOS="2842" VPOS="3494" WIDTH="6"/>
							<String ID="P4_ST01142" HPOS="2848" VPOS="3477" WIDTH="23" HEIGHT="18" CONTENT="L." WC="0.76" CC="40"/>
							<SP ID="P4_SP00893" HPOS="2871" VPOS="3495" WIDTH="7"/>
							<String ID="P4_ST01143" HPOS="2878" VPOS="3478" WIDTH="98" HEIGHT="22" CONTENT="Fohster," WC="0.61" CC="60702661"/>
							<SP ID="P4_SP00894" HPOS="2976" VPOS="3500" WIDTH="11"/>
							<String ID="P4_ST01144" HPOS="2987" VPOS="3483" WIDTH="44" HEIGHT="17" CONTENT="c.e.," WC="0.84" CC="00610"/>
							<SP ID="P4_SP00895" HPOS="3031" VPOS="3500" WIDTH="26"/>
							<String ID="P4_ST01145" HPOS="3057" VPOS="3480" WIDTH="26" HEIGHT="17" CONTENT="H." WC="0.65" CC="60"/>
							<SP ID="P4_SP00896" HPOS="3083" VPOS="3500" WIDTH="11"/>
							<String ID="P4_ST01146" HPOS="3094" VPOS="3481" WIDTH="29" HEIGHT="17" CONTENT="W." WC="0.64" CC="70"/>
							<SP ID="P4_SP00897" HPOS="3123" VPOS="3500" WIDTH="9"/>
							<String ID="P4_ST01147" HPOS="3132" VPOS="3481" WIDTH="74" HEIGHT="17" CONTENT="Mitch:" WC="0.96" CC="939487"/>
						</TextLine>
						<TextLine ID="P4_TL00250" HPOS="2896" VPOS="3515" WIDTH="318" HEIGHT="13">
							<String ID="P4_ST01148" HPOS="2896" VPOS="3515" WIDTH="40" HEIGHT="10" CONTENT="LATE" WC="0.94" CC="7993" STYLEREFS="TXT_43"/>
							<SP ID="P4_SP00898" HPOS="2936" VPOS="3525" WIDTH="132"/>
							<String ID="P4_ST01149" HPOS="3068" VPOS="3516" WIDTH="96" HEIGHT="12" CONTENT="AUTHORISED" WC="0.98" CC="9666666747" STYLEREFS="TXT_43"/>
							<SP ID="P4_SP00899" HPOS="3164" VPOS="3528" WIDTH="9"/>
							<String ID="P4_ST01150" HPOS="3173" VPOS="3517" WIDTH="5" HEIGHT="11" CONTENT="I" WC="1.00" CC="0" STYLEREFS="TXT_43"/>
							<SP ID="P4_SP00900" HPOS="3178" VPOS="3528" WIDTH="6"/>
							<String ID="P4_ST01151" HPOS="3184" VPOS="3518" WIDTH="30" HEIGHT="10" CONTENT="AND" WC="0.91" CC="894" STYLEREFS="TXT_43"/>
						</TextLine>
						<TextLine ID="P4_TL00251" HPOS="2813" VPOS="3529" WIDTH="430" HEIGHT="16">
							<String ID="P4_ST01152" HPOS="2813" VPOS="3529" WIDTH="79" HEIGHT="12" CONTENT="EFOINEER" WC="0.34" CC="48647576" STYLEREFS="TXT_43"/>
							<SP ID="P4_SP00901" HPOS="2892" VPOS="3541" WIDTH="7"/>
							<String ID="P4_ST01153" HPOS="2899" VPOS="3531" WIDTH="71" HEIGHT="11" CONTENT="MIDLAND" WC="0.97" CC="7549777" STYLEREFS="TXT_43"/>
							<SP ID="P4_SP00902" HPOS="2970" VPOS="3542" WIDTH="5"/>
							<String ID="P4_ST01154" HPOS="2975" VPOS="3532" WIDTH="77" HEIGHT="13" CONTENT="RAILWAY," WC="0.97" CC="79777770" STYLEREFS="TXT_43"/>
							<SP ID="P4_SP00903" HPOS="3052" VPOS="3545" WIDTH="20"/>
							<String ID="P4_ST01155" HPOS="3072" VPOS="3534" WIDTH="9" HEIGHT="8" CONTENT="fc" WC="0.29" CC="77" STYLEREFS="TXT_43"/>
							<SP ID="P4_SP00904" HPOS="3081" VPOS="3545" WIDTH="9"/>
							<String ID="P4_ST01156" HPOS="3090" VPOS="3533" WIDTH="56" HEIGHT="11" CONTENT="UINIKO" WC="0.51" CC="374055" STYLEREFS="TXT_43"/>
							<SP ID="P4_SP00905" HPOS="3146" VPOS="3545" WIDTH="14"/>
							<String ID="P4_ST01157" HPOS="3160" VPOS="3535" WIDTH="83" HEIGHT="10" CONTENT="SURVEYOR." WC="0.98" CC="087176070" STYLEREFS="TXT_43"/>
						</TextLine>
						<TextLine ID="P4_TL00252" HPOS="2813" VPOS="3547" WIDTH="429" HEIGHT="20">
							<String ID="P4_ST01158" HPOS="2813" VPOS="3547" WIDTH="86" HEIGHT="17" CONTENT="HaUHAKI" WC="0.49" CC="7078084" STYLEREFS="TXT_43"/>
							<SP ID="P4_SP00906" HPOS="2899" VPOS="3564" WIDTH="10"/>
							<String ID="P4_ST01159" HPOS="2909" VPOS="3550" WIDTH="58" HEIGHT="14" CONTENT="I'.LIH!J" WC="0.29" CC="87087888" STYLEREFS="TXT_43"/>
							<String ID="P4_ST01160" HPOS="2968" VPOS="3557" WIDTH="7" HEIGHT="7" CONTENT="e" STYLE="subscript" WC="0.23" CC="7" STYLEREFS="TXT_43"/>
							<String ID="P4_ST01161" HPOS="2977" VPOS="3554" WIDTH="40" HEIGHT="11" CONTENT="ULA.." WC="0.44" CC="79900" STYLEREFS="TXT_43"/>
							<SP ID="P4_SP00907" HPOS="3017" VPOS="3565" WIDTH="39"/>
							<String ID="P4_ST01162" HPOS="3056" VPOS="3549" WIDTH="83" HEIGHT="17" CONTENT="RoTOEUA" WC="0.27" CC="7764769" STYLEREFS="TXT_43"/>
							<SP ID="P4_SP00908" HPOS="3139" VPOS="3566" WIDTH="9"/>
							<String ID="P4_ST01163" HPOS="3148" VPOS="3551" WIDTH="13" HEIGHT="15" CONTENT="&amp;" WC="0.60" CC="3" STYLEREFS="TXT_43"/>
							<SP ID="P4_SP00909" HPOS="3161" VPOS="3566" WIDTH="9"/>
							<String ID="P4_ST01164" HPOS="3170" VPOS="3553" WIDTH="72" HEIGHT="14" CONTENT="JrAEHOA." WC="0.30" CC="57978790" STYLEREFS="TXT_43"/>
						</TextLine>
						<TextLine ID="P4_TL00253" HPOS="2814" VPOS="3617" WIDTH="427" HEIGHT="50">
							<String ID="P4_ST01165" HPOS="2814" VPOS="3617" WIDTH="160" HEIGHT="42" CONTENT="FORSTER" WC="0.36" CC="2667856" STYLEREFS="TXT_12"/>
							<SP ID="P4_SP00910" HPOS="2974" VPOS="3659" WIDTH="27"/>
							<String ID="P4_ST01166" HPOS="3001" VPOS="3619" WIDTH="25" HEIGHT="40" CONTENT="&amp;" WC="0.69" CC="3" STYLEREFS="TXT_12"/>
							<SP ID="P4_SP00911" HPOS="3026" VPOS="3659" WIDTH="33"/>
							<String ID="P4_ST01167" HPOS="3059" VPOS="3619" WIDTH="182" HEIGHT="48" CONTENT="MITCHELL," WC="0.98" CC="629745954" STYLEREFS="TXT_12"/>
						</TextLine>
						<TextLine ID="P4_TL00254" HPOS="2840" VPOS="3676" WIDTH="379" HEIGHT="29">
							<String ID="P4_ST01168" HPOS="2840" VPOS="3676" WIDTH="111" HEIGHT="27" CONTENT="MINING" WC="0.97" CC="066854" STYLEREFS="TXT_2"/>
							<SP ID="P4_SP00912" HPOS="2951" VPOS="3703" WIDTH="17"/>
							<String ID="P4_ST01169" HPOS="2968" VPOS="3676" WIDTH="171" HEIGHT="29" CONTENT="ENGINEERS" WC="0.98" CC="600755763" STYLEREFS="TXT_2"/>
							<SP ID="P4_SP00913" HPOS="3139" VPOS="3705" WIDTH="20"/>
							<String ID="P4_ST01170" HPOS="3159" VPOS="3680" WIDTH="60" HEIGHT="25" CONTENT="AND" WC="0.93" CC="980" STYLEREFS="TXT_2"/>
						</TextLine>
						<TextLine ID="P4_TL00255" HPOS="2940" VPOS="3712" WIDTH="187" HEIGHT="30">
							<String ID="P4_ST01171" HPOS="2940" VPOS="3712" WIDTH="187" HEIGHT="30" CONTENT="SURVEYORS," WC="0.99" CC="5440500424" STYLEREFS="TXT_2"/>
						</TextLine>
						<TextLine ID="P4_TL00256" HPOS="2811" VPOS="3753" WIDTH="431" HEIGHT="22">
							<String ID="P4_ST01172" HPOS="2811" VPOS="3753" WIDTH="121" HEIGHT="20" CONTENT="VALUERS" WC="0.98" CC="7079004"/>
							<SP ID="P4_SP00914" HPOS="2932" VPOS="3773" WIDTH="12"/>
							<String ID="P4_ST01173" HPOS="2944" VPOS="3756" WIDTH="33" HEIGHT="17" CONTENT="OF" WC="0.35" CC="57"/>
							<SP ID="P4_SP00915" HPOS="2977" VPOS="3773" WIDTH="9"/>
							<String ID="P4_ST01174" HPOS="2986" VPOS="3756" WIDTH="100" HEIGHT="17" CONTENT="MINING" WC="0.98" CC="007737"/>
							<SP ID="P4_SP00916" HPOS="3086" VPOS="3773" WIDTH="11"/>
							<String ID="P4_ST01175" HPOS="3097" VPOS="3757" WIDTH="54" HEIGHT="17" CONTENT="AND" WC="0.91" CC="977"/>
							<SP ID="P4_SP00917" HPOS="3151" VPOS="3774" WIDTH="9"/>
							<String ID="P4_ST01176" HPOS="3160" VPOS="3757" WIDTH="82" HEIGHT="18" CONTENT="OTHER" WC="0.97" CC="35707"/>
						</TextLine>
						<TextLine ID="P4_TL00257" HPOS="2944" VPOS="3778" WIDTH="167" HEIGHT="21">
							<String ID="P4_ST01177" HPOS="2944" VPOS="3778" WIDTH="167" HEIGHT="21" CONTENT="PROPERTIES," WC="0.99" CC="70080051243"/>
						</TextLine>
						<TextLine ID="P4_TL00258" HPOS="2881" VPOS="3815" WIDTH="295" HEIGHT="21">
							<String ID="P4_ST01178" HPOS="2881" VPOS="3815" WIDTH="108" HEIGHT="21" CONTENT="Hatjbaxi," WC="0.36" CC="708879743"/>
							<SP ID="P4_SP00918" HPOS="2989" VPOS="3836" WIDTH="17"/>
							<String ID="P4_ST01179" HPOS="3006" VPOS="3815" WIDTH="52" HEIGHT="18" CONTENT="Netv" WC="0.29" CC="7388"/>
							<SP ID="P4_SP00919" HPOS="3058" VPOS="3836" WIDTH="13"/>
							<String ID="P4_ST01180" HPOS="3071" VPOS="3817" WIDTH="105" HEIGHT="17" CONTENT="Zealjvnd." WC="0.49" CC="600779760"/>
						</TextLine>
						<TextLine ID="P4_TL00259" HPOS="2834" VPOS="3878" WIDTH="406" HEIGHT="20">
							<String ID="P4_ST01181" HPOS="2834" VPOS="3878" WIDTH="95" HEIGHT="17" CONTENT="Members" WC="0.98" CC="0458551"/>
							<SP ID="P4_SP00920" HPOS="2929" VPOS="3895" WIDTH="8"/>
							<String ID="P4_ST01182" HPOS="2937" VPOS="3879" WIDTH="21" HEIGHT="16" CONTENT="of" WC="0.69" CC="32"/>
							<SP ID="P4_SP00921" HPOS="2958" VPOS="3895" WIDTH="9"/>
							<String ID="P4_ST01183" HPOS="2967" VPOS="3878" WIDTH="31" HEIGHT="18" CONTENT="the" WC="0.93" CC="773"/>
							<SP ID="P4_SP00922" HPOS="2998" VPOS="3896" WIDTH="9"/>
							<String ID="P4_ST01184" HPOS="3007" VPOS="3879" WIDTH="49" HEIGHT="17" CONTENT="N.Z." WC="0.58" CC="9050"/>
							<SP ID="P4_SP00923" HPOS="3056" VPOS="3896" WIDTH="8"/>
							<String ID="P4_ST01185" HPOS="3064" VPOS="3879" WIDTH="92" HEIGHT="18" CONTENT="Institute" WC="0.98" CC="606343096"/>
							<SP ID="P4_SP00924" HPOS="3156" VPOS="3897" WIDTH="11"/>
							<String ID="P4_ST01186" HPOS="3167" VPOS="3881" WIDTH="21" HEIGHT="16" CONTENT="of" WC="0.98" CC="00"/>
							<SP ID="P4_SP00925" HPOS="3188" VPOS="3897" WIDTH="13"/>
							<String ID="P4_ST01187" HPOS="3201" VPOS="3880" WIDTH="30" HEIGHT="18" CONTENT="Sur" SUBS_TYPE="HypPart1" SUBS_CONTENT="Surveyors." WC="0.96" CC="672"/>
							<HYP HPOS="3231" VPOS="3880" WIDTH="9" CONTENT="-"/>
						</TextLine>
						<TextLine ID="P4_TL00260" HPOS="2810" VPOS="3906" WIDTH="73" HEIGHT="17">
							<String ID="P4_ST01188" HPOS="2810" VPOS="3906" WIDTH="73" HEIGHT="17" CONTENT="veyors." SUBS_TYPE="HypPart2" SUBS_CONTENT="Surveyors." WC="0.98" CC="3780144"/>
						</TextLine>
						<TextLine ID="P4_TL00261" HPOS="2811" VPOS="3943" WIDTH="106" HEIGHT="18">
							<String ID="P4_ST01189" HPOS="2811" VPOS="3943" WIDTH="106" HEIGHT="18" CONTENT="Address—" WC="0.98" CC="06470228"/>
						</TextLine>
						<TextLine ID="P4_TL00262" HPOS="2880" VPOS="3978" WIDTH="295" HEIGHT="23">
							<String ID="P4_ST01190" HPOS="2880" VPOS="3978" WIDTH="120" HEIGHT="20" CONTENT="NOKMANBT" WC="0.37" CC="91690777" STYLEREFS="TXT_44"/>
							<SP ID="P4_SP00926" HPOS="3000" VPOS="3998" WIDTH="12"/>
							<String ID="P4_ST01191" HPOS="3012" VPOS="3980" WIDTH="64" HEIGHT="21" CONTENT="ROAD'," WC="0.98" CC="700750" STYLEREFS="TXT_44"/>
							<SP ID="P4_SP00927" HPOS="3076" VPOS="4001" WIDTH="11"/>
							<String ID="P4_ST01192" HPOS="3087" VPOS="3981" WIDTH="88" HEIGHT="18" CONTENT="PAEItOA." WC="0.48" CC="70628790" STYLEREFS="TXT_44"/>
						</TextLine>
						<TextLine ID="P4_TL00263" HPOS="2837" VPOS="4057" WIDTH="403" HEIGHT="26">
							<String ID="P4_ST01193" HPOS="2837" VPOS="4057" WIDTH="11" HEIGHT="16" CONTENT="1" WC="1.00" CC="9"/>
							<SP ID="P4_SP00928" HPOS="2848" VPOS="4073" WIDTH="43"/>
							<String ID="P4_ST01194" HPOS="2891" VPOS="4057" WIDTH="83" HEIGHT="24" CONTENT="printed" WC="0.98" CC="0777000"/>
							<SP ID="P4_SP00929" HPOS="2974" VPOS="4081" WIDTH="12"/>
							<String ID="P4_ST01195" HPOS="2986" VPOS="4057" WIDTH="92" HEIGHT="26" CONTENT="heading" WC="0.97" CC="8718489"/>
							<SP ID="P4_SP00930" HPOS="3078" VPOS="4083" WIDTH="10"/>
							<String ID="P4_ST01196" HPOS="3088" VPOS="4059" WIDTH="21" HEIGHT="17" CONTENT="at" WC="0.17" CC="69"/>
							<SP ID="P4_SP00931" HPOS="3109" VPOS="4083" WIDTH="9"/>
							<String ID="P4_ST01197" HPOS="3118" VPOS="4058" WIDTH="65" HEIGHT="25" CONTENT="cheap" WC="0.97" CC="60470"/>
							<SP ID="P4_SP00932" HPOS="3183" VPOS="4083" WIDTH="8"/>
							<String ID="P4_ST01198" HPOS="3191" VPOS="4060" WIDTH="49" HEIGHT="17" CONTENT="rates" WC="0.96" CC="20977"/>
						</TextLine>
						<TextLine ID="P4_TL00264" HPOS="2812" VPOS="4081" WIDTH="216" HEIGHT="21">
							<String ID="P4_ST01199" HPOS="2812" VPOS="4085" WIDTH="21" HEIGHT="15" CONTENT="at" WC="0.62" CC="42"/>
							<SP ID="P4_SP00933" HPOS="2833" VPOS="4100" WIDTH="10"/>
							<String ID="P4_ST01200" HPOS="2843" VPOS="4081" WIDTH="106" HEIGHT="21" CONTENT="Chronicle" WC="0.99" CC="403674800"/>
							<SP ID="P4_SP00934" HPOS="2949" VPOS="4102" WIDTH="15"/>
							<String ID="P4_ST01201" HPOS="2964" VPOS="4083" WIDTH="64" HEIGHT="19" CONTENT="office." WC="0.99" CC="6700010"/>
						</TextLine>
					</TextBlock>
				</ComposedBlock>
			</PrintSpace>
		</Page>
	</Layout>
</alto>
