4270 5790
206 182 129 50 County
374 182 178 41 Elections.

252 268 104 21 TEVIOT
373 268 114 21 PJDISG.

130 303 42 28 On
217 303 138 38 Saturday
389 304 46 28 Mr
459 304 75 28 John
556 303 89 37 Inglis

156 344 159 28 nominated
329 355 29 17 as
378 344 216 37 representative
617 344 28 27 of

89 382 48 29 the
163 383 98 29 Teviot
290 384 94 37 riding
403 385 44 27 for
464 384 48 29 the
535 383 109 38 County

89 422 117 29 Council
217 424 36 36 by
268 425 45 26 Mr
333 425 75 27 John
433 424 82 34 Kerr,
538 424 105 27 Millers

88 460 72 38 Flat,
174 463 85 38 being
280 463 137 29 seconded
438 463 38 40 by
502 463 42 28 Mr
566 463 27 29 J.
609 463 31 29 B.

87 502 147 37 Bennetts,
256 505 162 35 Roxburgh.
466 504 46 28 Mr
535 504 105 28 Burton

87 553 56 17 was
174 545 147 34 returning
355 545 101 34 officer,
482 544 54 27 and
563 545 76 27 there

87 583 85 38 being
184 593 37 18 no
237 584 165 37 opposition,
418 585 45 27 Mr
485 584 89 37 Inglis
584 593 55 18 was

87 623 127 29 declared
228 623 66 39 duly
307 624 114 28 elected.

125 664 45 27 Mr
181 663 81 34 Kerr,
276 664 166 36 addressing
464 664 47 27 the
536 663 85 36 newly-

86 701 105 29 elected
211 703 124 27 member
350 702 53 28 and
428 702 78 28 those
516 706 121 33 present,

87 742 57 26 said
159 741 34 27 he
206 741 54 27 had
275 741 123 28 watched
412 745 101 33 county
524 746 113 23 matters

85 783 93 36 pretty
191 780 102 38 closely
314 781 102 38 during
437 784 93 25 recent
548 791 87 27 years,
644 780 1 39 j

85 821 54 26 and
152 820 34 27 he
196 820 120 35 thought
328 821 46 26 the
398 819 162 28 councillors
574 821 60 26 who
644 819 1 36 i

82 859 67 28 took
162 858 78 29 office
253 869 34 17 on
309 859 47 27 the
377 861 111 35 present
508 858 123 28 occasion
644 858 1 38 j

82 898 91 29 would
198 903 49 24 not
276 899 37 37 by
332 908 53 28 any
410 908 93 18 means
525 898 69 28 have
617 908 15 17 v

82 939 54 28 bed
147 938 29 29 of
189 949 74 18 roses
277 939 102 37 during
397 938 47 28 the
464 939 68 27 next
554 938 91 29 three:

80 989 89 27 years.
209 978 57 28 The
299 983 103 31 county
433 977 85 28 funds
561 989 70 17 were
643 977 2 39 :

80 1021 94 35 pretty
185 1018 63 34 low,
262 1017 55 28 and
337 1018 77 27 there
437 1027 55 17 was
515 1028 16 17 a
551 1021 79 33 great
644 1017 1 39 (

82 1059 61 28 deal
157 1058 29 28 of
200 1058 74 28 work
285 1063 28 23 to
339 1058 34 27 be
387 1056 79 30 done.
507 1056 45 30 He
574 1058 59 35 felt,
644 1056 1 37 I

82 1100 136 31 however,
228 1098 60 27 that
302 1098 20 26 it
336 1097 90 27 would
450 1098 33 25 be
503 1101 128 32 ungrate-
644 1097 1 36 ;

80 1138 43 27 fill
136 1147 35 19 on
184 1136 44 30 his
240 1142 61 32 part
315 1135 54 29 and
393 1145 35 19 on
450 1136 46 28 the
518 1139 63 34 part
604 1135 29 29 of
644 1135 1 39 ■

82 1179 47 27 the
154 1176 109 29 setters
286 1176 29 29 of
334 1175 104 29 Millers
546 1176 22 27 if
594 1176 34 28 he
644 1175 1 36 j

80 1217 115 29 allowed
209 1218 46 27 the
268 1220 110 34 present
402 1216 179 37 opportunity
603 1219 27 24 to
644 1216 1 38 1

80 1268 64 26 piss
179 1256 116 28 without
315 1263 86 20 'some
433 1254 178 37 acknowleclg
623 1272 5 5 .
644 1254 1 40 j

80 1300 76 24 ment
170 1296 29 27 of
210 1296 46 27 the
273 1294 75 28 work
370 1293 89 28 which
482 1293 35 29 Cr
538 1289 91 43 Inglis
644 1289 1 43 |

80 1336 53 28 had
143 1336 71 28 done
226 1335 45 28 for
292 1334 73 28 them
380 1333 27 27 in
426 1334 46 27 the
492 1337 70 35 past,
577 1334 54 29 and
644 1333 1 39 '

80 1375 176 38 particularly
267 1375 28 27 in
306 1378 108 33 respect
423 1377 27 24 to
466 1374 46 27 the
525 1374 105 28 Millers

80 1416 63 28 Flat
153 1414 106 39 bridge.
299 1413 43 29 He
365 1413 56 29 had
443 1414 112 29 worked
579 1426 52 17 un-
644 1413 1 40 i

81 1456 140 35 ceasingly
235 1460 27 21 to
276 1454 83 32 bring
367 1454 84 26 about
465 1458 47 23 the
525 1465 90 17 accom-

80 1494 149 40 plishment
256 1492 29 30 of
320 1493 54 28 this
409 1493 221 31 much-needed

80 1536 92 38 public
186 1534 2 41 .
199 1534 85 36 work,
305 1534 55 28 and
382 1534 55 29 had
468 1540 48 24 not
541 1536 91 30 rested
644 1534 1 41 j

81 1577 68 27 until
170 1577 34 27 he
226 1586 55 17 saw
308 1576 47 26 the
376 1579 100 24 matter
497 1576 28 27 in
549 1576 81 35 train,
644 1576 1 35 j

81 1616 53 28 and
149 1616 33 28 he
207 1616 57 28 (the
288 1614 126 39 speaker)
438 1624 55 20 was
516 1616 65 35 glad
603 1620 29 25 to
644 1614 1 39 :

81 1656 56 28 find
151 1667 61 18 now
226 1656 59 28 that
297 1656 36 28 Cr
347 1655 90 38 Inglis
456 1656 91 28 would
561 1657 70 29 have
644 1655 1 38 j

82 1698 47 26 the
141 1696 179 38 opportunity
334 1696 28 27 of
376 1696 97 37 seeing
494 1697 48 28 the
555 1697 76 27 work
644 1696 1 38 j

81 1736 153 37 completed
269 1736 80 27 while
387 1736 55 28 still
485 1737 28 28 in
547 1737 77 29 office
644 1736 1 37 |

82 1775 80 29 Their
186 1776 102 28 thanks
302 1787 54 17 was
375 1777 56 28 also
454 1776 52 29 due
532 1780 28 26 to
584 1778 47 28 the
644 1775 1 31 !

82 1818 147 33 chairman,
264 1817 36 27 Cr
330 1817 118 34 Bennet,
482 1819 60 27 who
579 1818 53 28 had
644 1817 1 34 :

82 1867 72 29 gone
164 1856 122 39 through
296 1857 46 28 the
356 1857 109 29 district
487 1858 55 28 and
565 1858 66 28 edu-
644 1856 1 40 1

83 1897 77 29 cated
181 1897 47 29 the
254 1897 95 38 public
379 1908 30 18 as
441 1902 29 25 to
500 1899 48 29 the
575 1903 59 24 rate
644 1897 1 38 i

82 1947 143 26 necessary
250 1938 44 27 for
323 1938 48 26 the
403 1939 174 36 prosecution
605 1938 30 27 of

82 1978 47 27 the
139 1976 83 29 work.
264 1977 45 27 Mr
323 1977 150 28 Larnach's
496 1978 94 28 efforts
605 1978 25 26 in

83 2018 47 26 the
144 2021 97 23 matter
262 2027 70 17 were
355 2016 57 28 also
438 2018 149 37 deserving
605 2018 30 26 of
644 2016 1 41 j

83 2057 92 39 public
187 2056 258 39 acknowledgment
464 2057 55 28 and
543 2057 89 29 would
644 2056 1 40 ;

83 2102 57 29 not;
155 2099 33 27 he
201 2098 128 37 thought,
344 2098 33 27 be
399 2108 64 17 soon
488 2098 140 36 forgotten

83 2139 37 36 by
146 2138 45 28 tho
213 2136 135 30 residents
381 2137 28 27 of
438 2138 47 27 the
510 2137 122 29 districts
644 2136 1 40 j

83 2177 157 29 interested.
291 2176 58 29 The
384 2178 66 37 days
483 2177 28 27 of
543 2180 85 33 punts
644 2176 1 39 '
644 2176 1 39 r

84 2229 71 19 were
167 2217 66 34 long
247 2227 69 24 gone
330 2217 46 34 bv,
389 2229 30 17 as
431 2218 48 29 the
495 2217 88 29 traffic
596 2229 34 17 on

83 2260 48 26 the
157 2259 69 26 main
261 2258 79 28 roads
364 2269 53 16 was
440 2259 42 27 six
503 2260 80 26 times
602 2269 29 17 as
644 2258 1 39 j

82 2297 83 30 much
178 2307 29 18 ms
227 2297 21 28 it
271 2307 54 18 was
343 2297 187 29 half-a-dozen
552 2307 79 28 years
643 2293 2 42 j

82 2350 63 26 ago,
172 2340 46 27 the
244 2339 166 37 freightage,
436 2339 145 37 especially
602 2339 27 28 in
643 2339 2 37 j

82 2380 108 35 mining
229 2378 132 35 material,
409 2378 85 36 being
542 2378 89 38 vastly
643 2378 2 40 j

80 2420 151 34 increased,
247 2419 86 28 which
356 2430 53 17 was
429 2430 16 18 a
457 2420 109 37 subject
589 2419 42 29 for
643 2419 2 38 i

80 2459 231 39 congratulation.
352 2458 25 28 It
388 2469 54 17 was
453 2469 65 28 very
528 2459 103 28 flatter-
643 2455 2 43 i

80 2502 49 36 iiig
155 2504 28 24 to
208 2500 37 28 Cr
268 2498 90 40 Inglis
388 2499 59 29 that
468 2499 33 29 he
520 2499 52 29 had
596 2510 35 18 no
643 2496 2 42 !

79 2541 156 37 opposition
245 2540 54 27 this
311 2540 106 35 time,as
428 2541 20 26 it
459 2550 55 17 was
525 2550 16 17 a
550 2540 80 36 proof
643 2540 2 39 (

78 2582 63 28 that
172 2581 77 27 there
278 2589 56 18 was
355 2580 119 37 nothing
498 2579 131 36 radically
643 2579 2 47 j

78 2631 99 22 wrong
199 2623 29 27 at
247 2617 35 31 all
305 2620 105 33 events,
435 2618 54 29 and
512 2619 61 28 that
595 2619 34 29 he

77 2661 55 29 had
158 2662 83 34 given
266 2660 50 28 full
339 2658 170 30 satisfaction
532 2664 28 24 to
583 2660 47 28 the
642 2658 2 38 i

77 2701 130 37 majority
235 2700 31 28 of
298 2701 47 27 the
379 2703 165 34 ratepayers.
586 2699 44 27 He
642 2699 3 39 <

76 2740 211 37 congratulated
309 2740 46 27 the
368 2739 92 36 riding
477 2749 35 17 on
526 2739 104 37 having

76 2782 82 37 again
179 2779 115 31 secured
318 2778 37 30 Cr
376 2778 100 39 Inglis'
500 2778 128 35 services,

76 2822 54 28 and
144 2820 60 28 that
219 2820 156 34 gentleman
386 2829 34 18 on
434 2820 42 26 his
492 2828 120 18 re-acces-

75 2862 60 25 sion
148 2863 28 23 to
190 2858 85 28 office.

111 2898 47 28 Mr
177 2897 134 28 Bennetts
337 2896 59 28 said
420 2895 35 29 he
480 2905 55 19 was
560 2906 66 26 very

75 2937 112 41 pleased
212 2939 28 24 to
261 2936 69 28 have
362 2937 71 27 been
460 2935 36 29 Cr
527 2935 99 36 Inglis'

76 2977 132 30 seconder
221 2986 34 18 on
269 2975 54 29 this
337 2976 132 28 occasion.
510 2976 44 28 He
573 2975 54 29 had

75 3016 137 42 appeared
226 3016 27 28 in
268 3016 47 28 the
328 3025 72 19 same
410 3016 124 38 capacity
545 3020 28 24 at
583 3016 47 28 the

76 3059 129 37 previous
225 3056 177 28 noininaticn.
425 3057 52 27 <md
504 3056 34 28 lie
564 3056 64 28 then

75 3099 61 28 told
148 3098 73 28 them
244 3096 66 36 they
333 3105 69 17 were
428 3097 113 36 putting
567 3096 28 27 it!
616 3106 14 16 a

75 3144 26 22 in
105 3148 35 18 an
162 3137 61 27 who
247 3145 56 19 was
329 3135 167 37 thoroughly
522 3135 108 34 honest,

77 3175 238 41 straightforward
324 3174 54 28 and
389 3175 116 30 zealous.
544 3176 86 28 These

77 3216 216 31 characteristics
308 3216 44 26 Mr
371 3216 89 36 Inglis
479 3217 104 37 proved
599 3217 31 26 he

77 3256 144 42 possessed
234 3260 27 24 to
275 3256 47 28 the
336 3255 94 27 fullest
449 3260 106 31 extent,
575 3256 53 28 and

75 3300 87 27 hence
181 3308 36 17 no
239 3295 88 29 doubt
349 3305 77 18 arose
447 3298 27 26 in
497 3298 47 27 the
567 3307 48 18 con-

75 3338 96 29 tinued
193 3333 158 32 confidence
377 3335 89 30 which
489 3338 48 28 the
557 3338 57 26 rate-

76 3388 98 28 payers
206 3374 52 30 had
284 3376 29 27 in
345 3375 66 28 him.
463 3377 87 27 There
576 3387 55 17 was

76 3418 119 37 nothing
216 3426 73 18 more
308 3415 102 28 absurd
429 3416 66 28 than
510 3417 46 28 the
569 3416 60 28 idea

77 3458 64 29 held
162 3458 38 37 by
223 3467 81 27 many
326 3455 97 39 people
447 3458 60 29 who
533 3456 97 30 should

76 3498 35 28 be
126 3499 91 27 better
226 3493 147 37 informed,
381 3498 60 27 that
454 3509 16 15 a
482 3498 149 28 councillor

77 3538 80 28 could
172 3547 35 22 sro
223 3536 56 27 into
293 3536 46 26 the
353 3536 103 28 council
480 3537 53 27 and
552 3547 78 18 carry

253 3568 4 14 •
376 3568 4 14 •
610 3568 6 14 i

77 3578 35 26 all
126 3577 94 27 befcrc
231 3576 65 32 him,
308 3575 145 38 obtaining
461 3585 82 29 every
553 3575 76 28 work

77 3618 60 28 that
150 3617 34 29 he
199 3615 160 31 considered
373 3627 144 27 necessary
540 3617 27 27 in
588 3616 42 28 his

76 3658 103 34 riding.
219 3657 37 27 C'r
283 3657 86 38 Inglis
393 3657 53 27 had
469 3657 111 27 worked
601 3667 29 17 as

76 3697 69 29 hard
159 3707 29 17 as
201 3695 81 29 could
307 3696 71 28 hate
402 3698 69 27 been
496 3696 132 39 expected

76 3742 29 23 to
115 3740 49 35 get
174 3748 14 16 a
200 3737 53 26 fair
260 3737 368 38 amountofrepresentation

75 3778 44 28 for
147 3777 43 27 his
214 3776 200 37 constituency,
439 3777 55 27 and
520 3787 34 17 on
582 3777 46 27 the

75 3817 89 29 whole
178 3817 33 29 lie
224 3817 55 28 had
292 3817 68 27 been
383 3827 64 28 very
468 3817 159 29 successful.

74 3858 80 28 With
181 3857 99 34 regard
307 3860 28 24 to
360 3858 71 28 their
456 3868 59 17 own
538 3857 90 34 roads,

73 3897 66 36 they
160 3897 54 26 had
239 3897 69 26 been
333 3897 111 27 centred
471 3906 36 27 up
532 3896 55 27 and
614 3907 14 16 a

75 3939 80 33 great
168 3935 58 29 deal
242 3935 52 28 had
401 3935 71 29 dorle
493 3939 29 25 to
543 3936 84 28 them.

77 3977 45 27 He
143 3975 87 29 would
245 3975 54 28 like
313 3979 28 25 to
355 3985 44 19 see
413 3986 74 18 more
501 3977 79 33 done,
600 3976 28 27 of

75 4022 104 28 bourse,
203 4016 49 27 but
277 4015 120 38 thought
418 4016 46 27 the
485 4015 74 41 plain
573 4015 55 28 fact

74 4056 89 28 which
177 4055 116 38 stopped
307 4056 64 34 this,
384 4065 29 18 as
433 4055 61 28 well
508 4066 29 17 as
550 4055 78 28 other

74 4105 144 27 necessary
232 4095 86 33 work,
327 4106 55 17 was
397 4096 45 27 the
454 4098 72 25 want
540 4095 29 28 of
582 4096 46 27 the

75 4137 20 28 £
109 4135 62 29 s.-d.
212 4135 44 28 He
268 4145 55 18 was
336 4145 16 18 a
365 4139 75 32 great
461 4135 120 28 believer
599 4136 28 27 in

75 4175 131 38 enlarged
233 4184 103 28 powers
369 4175 44 28 for
437 4175 68 28 local
533 4175 94 28 bodies

73 4215 94 28 rather
179 4215 66 28 than
259 4215 147 35 curtailing
420 4215 84 35 them,
515 4225 30 18 as
558 4215 68 28 local

74 4254 220 30 administration
326 4260 73 24 must
437 4266 85 27 prove
553 4265 74 19 more

75 4295 181 33 economical;
270 4296 52 25 and
338 4297 46 25 the
395 4297 96 35 people
501 4296 88 34 living
598 4297 27 25 in

75 4345 14 17 a
119 4333 117 35 district,
265 4333 54 28 and
345 4333 99 39 chiefly
468 4333 159 36 interested,

72 4385 73 18 were
158 4374 93 29 bound
265 4379 28 24 to
307 4374 32 29 be
354 4375 46 28 the
411 4375 62 28 best
479 4375 104 37 judges
597 4375 30 28 of

73 4414 62 29 how
153 4414 53 28 and
230 4414 90 28 where
343 4425 99 27 money
468 4415 96 27 should
592 4415 35 28 be

73 4458 89 34 spent.
202 4453 75 38 They
295 4465 76 25 were,
394 4455 63 28 then
462 4472 7 16 >
495 4455 46 28 the
563 4455 62 28 be>t

73 4505 63 18 men
148 4500 28 23 to
186 4494 160 29 administer
355 4491 68 32 local
435 4505 125 23 revenue,
571 4492 53 31 and

72 4535 73 27 their
157 4534 97 36 sphere
268 4533 30 28 of
319 4534 88 27 action
423 4534 97 28 should
535 4535 34 27 be
581 4535 28 26 in-

72 4573 110 30 creased
193 4573 92 29 rather
294 4574 65 28 than
370 4574 173 29 diminished.
578 4572 44 31 He

72 4615 81 37 again
167 4614 206 38 congratulated
390 4613 36 30 Cr
440 4615 86 35 Inglis
538 4626 33 18 on
581 4615 43 28 his

73 4655 169 33 re-election,
274 4655 53 27 and
360 4655 88 36 hoped
475 4655 33 27 he
535 4655 87 29 would

73 4694 66 32 long
152 4694 128 28 continue
293 4697 29 25 to
336 4704 77 18 serve
426 4695 46 27 the
487 4694 94 32 riding
593 4706 30 17 as

103 4734 5 5 •
310 4730 7 10 i
458 4728 5 11 :
562 4720 16 13 a
628 4720 2 20 ■

72 4733 139 39 Jaithfully
225 4744 29 19 as
267 4734 34 29 he
310 4733 53 30 had
379 4734 69 29 done
458 4735 25 27 in
496 4735 46 28 the
552 4739 69 34 past.

111 4776 37 27 Cv
161 4776 88 34 Inglis
263 4776 49 27 felt
324 4777 87 36 proud
421 4775 53 28 and
485 4776 136 29 honoured

73 4819 28 24 to
114 4815 66 27 hear
192 4815 47 27 the
253 4815 65 26 kind
332 4815 153 28 references
498 4815 81 29 made
595 4820 27 24 to

73 4854 111 29 himself
198 4854 35 36 by
246 4854 43 28 Lis
299 4855 155 27 nominator
463 4855 52 28 and
528 4866 78 19 secon-

73 4894 58 34 der,
140 4894 53 27 and
204 4894 38 36 by
252 4894 47 27 the
309 4894 145 28 continued
466 4895 156 29 confidence

72 4935 95 27 shown
190 4934 28 27 in
240 4933 56 28 him
324 4934 36 36 by
384 4934 47 28 the
456 4937 165 35 ratepayers.

75 4974 43 28 He
132 4973 80 29 could
235 4983 92 18 assure
350 4974 73 27 them
445 4974 76 29 office
534 4975 28 28 in
576 4976 46 28 the

72 5014 106 28 council
193 5024 55 18 was
266 5024 35 18 no
322 5014 131 35 sinecure,
475 5026 30 17 as
530 5016 21 28 it
574 5026 32 19 en-

72 5054 83 26 tailed
167 5063 15 16 a
192 5053 187 27 considerable
390 5055 118 26 sacrifice
517 5055 30 27 of
557 5055 65 27 time

73 5092 54 28 and
160 5094 127 27 constant
320 5091 162 38 application
516 5096 27 26 to
576 5094 46 29 the

72 5132 90 28 duties
176 5130 123 37 imposed
309 5141 34 17 on
357 5132 83 28 them.
479 5133 57 28 The
550 5134 52 27 Tua-

71 5171 72 38 peka
176 5167 113 32 Council
321 5170 53 28 had
399 5181 35 17 no
459 5177 161 32 psrmanent

73 5212 132 36 engineer
230 5220 51 16 nor
311 5209 145 38 inspector,
488 5213 53 27 and
568 5214 53 26 this

71 5261 72 28 give
167 5248 162 30 councillors
354 5261 14 16 a
394 5255 77 29 great
501 5252 59 28 deal
592 5252 29 29 of

70 5301 117 19 onerous
225 5289 86 28 work.
369 5289 75 37 Tioy
481 5301 70 19 were
588 5304 33 17 an

70 5330 219 29 administrative
298 5329 74 38 body
380 5340 67 27 pure
455 5331 55 29 and
517 5332 105 38 simple,

71 5370 55 28 and
148 5369 66 29 each
237 5369 130 33 member,
396 5369 33 27 he
451 5370 90 37 might
565 5382 56 27 say,

71 5409 160 40 practically
252 5409 150 29 controlled
423 5409 48 29 the
492 5412 114 36 expendi-

71 5459 63 21 ture
146 5450 27 29 in
187 5450 43 30 his
249 5449 103 38 riding,
367 5449 89 29 which
477 5450 116 30 entailed
608 5463 14 17 a

71 5493 40 27 lot
124 5491 29 29 of
166 5489 216 39 responsibility.
421 5490 41 27 On
478 5491 46 27 the
538 5492 84 29 whole

71 5532 47 27 the
132 5530 106 29 council
249 5530 54 26 had
323 5529 70 28 done
412 5530 71 26 their
506 5531 75 27 work
595 5532 26 27 in

71 5582 14 17 a
110 5581 65 27 very
200 5569 200 29 Conscientious
425 5579 123 25 manner,
569 5572 52 26 and

70 5612 80 28 those
162 5610 29 29 of
200 5609 48 30 the
258 5613 157 35 ratepayers
426 5608 60 30 who
498 5610 124 30 watched

71 5650 4 39 l
83 5652 60 28 heir
150 5650 182 39 proceedings
341 5650 183 37 intelligently
534 5651 88 29 would

70 5691 36 29 be
128 5691 76 35 quite
230 5699 88 19 aware
335 5689 60 28 that
417 5689 44 29 for
484 5690 49 28 the
556 5694 66 25 next

679 183 77 27 three
767 191 80 27 years
860 179 65 37 they
946 177 91 29 would
1061 177 70 28 have
1153 186 16 18 a
1195 175 36 27 lot

678 221 28 28 of
716 221 97 28 labour
834 219 54 28 and
910 228 98 27 worry.
1056 217 50 28 Ihe
1127 218 103 34 county

677 261 180 39 expenditure
871 270 54 17 was
947 258 101 36 always
1062 256 166 38 increasing,

677 303 120 27 whereas
831 301 47 27 the
913 308 119 18 revenue
1066 294 52 31 had
1158 297 68 27 been

659 336 2 42 i
675 341 170 37 decreasing,
864 339 54 28 and
940 337 200 39 consequently
1161 336 65 36 they

675 376 90 35 would
794 380 108 38 require
930 378 47 29 the
1006 377 104 30 benefit
1132 376 29 29 of
1178 385 31 19 ex-

658 416 1 43 ;
673 420 147 39 perienced
844 421 192 35 management
1056 418 103 36 during*
1181 416 47 27 the

658 454 1 44 I
673 465 68 25 next
770 460 78 29 three
877 469 88 29 years.
1005 457 99 36 Owing
1130 459 28 25 to
1181 454 48 30 the

658 498 1 42 :
678 501 231 39 representations
922 499 79 28 made
1014 499 38 29 bv
1066 498 47 28 the
1126 499 101 33 county

658 538 1 39 j
675 541 106 29 council
791 545 28 23 to
832 541 48 26 the
889 539 187 28 Government
1085 541 53 23 two
1146 545 80 27 years

672 592 62 26 ago,
760 580 54 28 and
840 579 47 28 the
913 577 215 29 dissatisfaction
1155 575 66 35 they

671 619 148 40 expressed
842 622 28 25 at
893 618 46 28 the
962 616 78 29 small
1063 618 111 26 amount
1193 614 29 28 of
1230 614 1 45 j

669 670 119 19 revenue
797 658 134 29 available
953 657 43 27 for
1014 656 46 27 the
1085 655 133 27 mainten-
1230 651 1 38 !

666 710 66 17 ance
747 699 29 28 of
798 697 71 28 main
891 695 90 34 roads;
1005 694 72 28 their
1099 701 117 19 revenue

665 738 43 28 for
720 738 54 27 this
792 745 119 27 purpose
934 734 55 27 had
1014 734 68 26 been
1104 731 110 37 supple-
1230 731 1 41 j

666 776 110 30 mented
797 776 37 36 by
855 776 97 36 grants
962 766 37 46 —■
1009 782 51 18 one
1086 774 83 35 grant
1186 771 30 27 of
1228 766 3 46 j

662 817 75 27 £350
760 815 54 27 and
837 823 51 19 one
911 812 29 27 of
960 812 74 27 £503
1047 823 5 21 ;
1075 810 107 28 besides
1197 821 16 16 a
1228 810 2 34 |

661 854 78 28 small
749 856 82 34 grant
846 856 27 24 to
895 852 34 27 be
950 849 118 37 entirely
1085 852 82 34 spent
1185 848 26 27 in
1227 844 3 46 j

661 893 123 41 Waipori
797 892 102 37 riding.
939 890 77 37 They
1038 887 174 39 represented
1227 887 2 47 j

661 935 36 36 by
711 933 105 29 motion
827 933 29 27 in
875 931 47 29 the
939 929 108 30 council
1067 929 60 28 that
1147 928 65 38 they

659 984 70 18 were
743 973 64 36 only
821 969 155 31 subsidised
991 971 30 26 5s
1035 969 28 27 in
1078 968 46 28 the
1139 969 19 27 £
1171 967 43 28 for

660 1013 54 29 this
737 1021 137 30 purpose;
902 1010 121 27 whereas
1053 1008 65 36 they
1141 1017 71 18 were
1227 1008 2 43 j

662 1054 108 37 subject
782 1056 28 24 to
824 1052 46 27 the
884 1061 73 18 same
983 1053 75 25 taxes
1078 1059 30 18 as
1131 1048 78 29 those
1227 1048 2 43 !

661 1093 116 34 directly
797 1090 149 28 interested
965 1089 44 27 for
1030 1089 182 35 maintaining
1228 1085 1 42 1

661 1131 133 37 railways,
809 1130 28 27 ill
851 1129 88 28 which
954 1128 65 37 they
1042 1127 50 27 had
1117 1126 64 38 only
1199 1136 16 17 a
1228 1126 2 42 1

661 1174 103 25 remote
774 1170 125 34 interest,
911 1167 54 30 and
976 1167 54 29 had
1044 1169 29 26 at
1083 1167 45 28 the
1141 1176 73 18 same
1228 1167 2 37 ,

660 1211 66 28 time
748 1214 28 25 to
800 1209 131 30 maintain
948 1208 72 29 their
1042 1218 61 17 own
1124 1207 90 28 roads,
1228 1207 2 35 j

661 1251 45 28 Mr
719 1251 126 28 Larnach
860 1250 53 27 had
937 1249 68 27 been
1028 1258 34 17 an
1080 1247 63 28 able
1165 1246 49 28 ad-
1228 1246 2 39 j

659 1294 98 25 vocate
771 1291 27 27 in
812 1289 54 29 this
883 1291 108 31 matter,
1013 1286 55 29 and
1082 1286 75 29 since
1168 1286 46 28 the
1227 1280 3 42 j

659 1331 87 28 above
770 1333 96 36 grants
884 1328 55 28 had
965 1328 68 29 been
1064 1324 93 37 voted,
1181 1326 33 28 he
1228 1324 1 45 :

660 1381 56 18 was
737 1371 64 37 glad
828 1374 28 23 t>
876 1380 44 17 see
946 1369 61 27 that
1034 1367 102 34 €l/»00
1160 1367 54 27 had
1228 1367 2 41 :

662 1412 68 29 been
745 1409 83 31 voted
842 1409 43 30 for
905 1409 46 28 the
977 1407 190 30 maintenance
1187 1405 44 39 of,

662 1453 46 26 the
731 1451 73 27 main
828 1449 65 28 road
917 1449 71 28 from
1016 1448 146 27 Lawrence
1188 1451 28 23 to
1230 1448 1 42 j

663 1489 96 39 Clyde,
779 1489 54 29 and
859 1487 76 31 £SOO
962 1491 28 26 to
1019 1487 47 28 the
1094 1486 122 39 Waipori
1230 1486 1 42 ]

661 1533 103 37 riding.
804 1536 39 24 As
857 1531 35 28 he
906 1529 53 30 had
974 1529 67 35 said,
1055 1529 46 28 the
1111 1528 105 30 council

661 1583 56 18 was
743 1583 34 17 an
804 1571 221 28 administrative
1058 1570 82 36 body,
1162 1569 56 28 and
1230 1569 1 37 ,

663 1616 48 25 not
724 1613 28 27 in
767 1622 52 27 any
830 1620 78 19 sense
922 1621 15 17 a
951 1609 121 40 political
1091 1619 59 25 one,
1164 1608 54 29 and
1230 1608 1 41 ;

662 1653 73 29 their
744 1653 68 37 duty
827 1661 54 19 was
904 1651 103 36 merely
1021 1654 27 25 to
1071 1649 148 30 distribute

663 1694 47 27 the
736 1701 118 20 revenue
880 1691 54 28 and
955 1695 49 24 not
1030 1694 28 25 to
1084 1690 134 38 legislate.
1230 1690 1 38 |

664 1733 26 28 It
704 1733 90 28 would
807 1733 33 28 be
867 1731 169 28 understood
1062 1731 77 28 there
1162 1741 55 17 was
1230 1728 1 44 j

663 1778 48 24 not
722 1773 80 28 much
826 1782 75 19 more
922 1771 43 28 for
988 1771 56 28 him
1066 1775 27 24 to
1114 1771 55 28 add
1191 1771 27 27 in
1230 1767 1 40 J

663 1813 175 39 explanation
862 1812 29 28 of
915 1811 46 28 the
975 1811 130 29 council's
1120 1810 98 38 policy,
1230 1810 1 42 j

664 1854 44 27 He
744 1853 89 28 would
869 1855 113 25 content
1008 1851 111 28 himself
1152 1851 67 27 with
1230 1851 1 30 I

663 1892 139 38 thanking
830 1893 47 28 the
910 1896 159 33 ratepayers
1092 1891 122 37 through
1230 1886 1 47 j

663 1935 42 26 his
718 1933 173 28 nominators
908 1931 43 28 for
972 1932 73 27 their
1070 1930 149 29 continued
1230 1930 1 31 i

663 1973 168 29 confidence.

702 2014 43 26 Mr
767 2013 107 27 Burton
896 2013 66 26 then
986 2010 99 37 posted
1109 2020 36 28 up
1172 2010 46 27 the

663 2053 89 28 notice
774 2053 28 28 of
827 2051 36 29 Cr
890 2049 99 39 Inglis'
1015 2049 124 36 election,
1165 2049 54 28 and

663 2094 78 27 those
755 2096 113 34 present
882 2091 151 38 dispersed.

698 2170 45 27 Mr
764 2169 31 29 F.
821 2169 134 34 Oudaille>
976 2168 85 36 being
1082 2168 47 27 the
1155 2167 64 37 only

660 2209 147 30 candidate
819 2207 159 30 nominated
995 2208 42 28 for
1050 2207 169 29 Waitahuna

659 2251 92 38 riding
765 2251 52 26 last
831 2250 113 36 Friday,
964 2250 33 25 he
1011 2258 55 17 was
1091 2248 126 28 declared

660 2290 66 36 duly
740 2289 115 28 elected.

696 2329 55 30 For
765 2329 126 30 Gabriels
905 2329 94 38 riding
1021 2329 106 30 Messrs
1140 2328 77 29 John

660 2371 116 28 Michael
801 2371 53 27 and
875 2370 27 27 J.
929 2370 36 27 K.
991 2372 12 24 I*
1013 2371 109 37 impson
1146 2370 72 27 have

660 2411 69 29 been
747 2410 171 30 dominated.

696 2451 104 29 Messrs
814 2451 83 28 Robt.
920 2449 4 31 »
943 2453 77 25 otlon
1047 2450 55 28 and
1125 2449 30 28 F.
1174 2449 43 28 VV.

659 2491 110 32 Knight
790 2491 69 28 have
891 2491 69 27 been
989 2489 164 29 nominated
1175 2489 44 29 for

660 2533 46 27 the
719 2542 119 26 vacancy
852 2533 28 26 in
895 2531 124 37 Waipori
1038 2531 104 35 riding.

697 2573 39 27 At
748 2571 123 38 Tapanui
884 2582 35 17 on
943 2569 139 39 Saturday
1098 2571 46 27 Mr
1157 2570 59 28 Jas.

660 2611 57 29 Sim
741 2622 55 18 was
816 2612 47 27 the
890 2611 64 35 only
976 2620 50 19 one
1053 2610 162 29 nominated

657 2653 44 28 for
708 2653 62 28 that
778 2652 102 37 riding,
889 2651 54 28 and
957 2651 34 28 he
1002 2662 54 17 was
1066 2650 150 35 therefore,

658 2692 126 28 declared
796 2685 66 42 duly
873 2691 115 28 elected.

696 2731 97 29 Clarks
807 2731 94 37 riding
924 2731 48 27 has
993 2730 124 35 brought
1139 2730 77 27 forth

657 2774 54 25 two
723 2766 317 40 candidates—naniely,
1053 2769 106 28 Messrs
1179 2769 35 28 A.

656 2810 163 29 Fraserand
834 2809 46 28 W.
899 2809 171 37 Livingston.

692 2850 33 27 In
761 2850 115 26 Browns
909 2849 94 32 riding
1035 2849 47 27 the
1110 2848 98 33 sitting
1208 2848 3 33 1

655 2888 122 28 member
779 2888 83 27 —Mr
885 2887 30 27 S.
941 2890 96 34 JLLonry
1039 2887 61 28 —is
1121 2891 29 25 to
1178 2888 36 27 be

656 2927 121 38 opposed
791 2928 38 35 by
843 2926 46 28 Mr
901 2926 75 29 Wm.
994 2926 135 29 Osborne.

695 2967 55 29 For
776 2966 48 29 the
849 2966 87 29 honor
960 2966 29 28 of
1020 2966 195 38 representing

659 3008 153 28 Beaumont
832 3007 93 37 riding
948 3007 77 28 there
1047 3007 23 27 is
1094 3010 28 25 to
1146 3008 35 27 be
1199 3017 15 18 a

660 3048 141 28 contested
824 3048 115 28 election
962 3047 56 29 this
1040 3057 66 27 year
1171 3047 45 29 Mr

661 3088 28 27 C.
703 3088 29 27 C.
748 3088 121 27 Rawlins
889 3088 103 35 having
1012 3088 70 26 been
1106 3088 90 26 nomin-

659 3127 62 28 ated
746 3128 28 26 in
807 3127 156 38 opposition
993 3130 29 24 to
1050 3126 44 28 Mr
1118 3126 96 29 James

662 3167 115 29 Bennet.

696 3210 38 26 At
748 3208 140 28 Uunrobin
899 3218 34 17 on
946 3207 148 37 Saturday,
1110 3208 103 28 Messrs

659 3246 72 30 John
748 3247 131 29 Edieand
892 3246 82 30 Chas.
985 3246 87 29 Kerse
1084 3257 70 18 were
1165 3248 47 28 the

658 3288 161 28 candidates
849 3287 160 29 nominated
1040 3287 45 28 for
1119 3287 94 29 James

659 3328 101 32 riding.

731 3354 16 11 O

702 3410 183 52 Roxburgh
913 3409 179 53 Dredging
1120 3408 55 45 Co.

720 3493 123 23 Annual
862 3494 134 20 general
1012 3495 138 20 meeting.

695 3535 13 25 '1
718 3534 34 27 lie
765 3533 101 28 annual
881 3533 122 38 meeting
1026 3533 28 28 of
1076 3533 122 28 sharehol-

658 3573 62 26 ders
733 3575 29 25 of
775 3574 46 27 the
833 3573 87 27 above
934 3579 135 31 Company
1080 3584 55 17 was
1149 3573 64 28 held

658 3615 28 27 at
700 3613 47 28 the
761 3613 116 33 English
901 3613 111 28 Church
1035 3613 178 30 Schoolroom

658 3664 36 16 on
728 3652 139 38 Saturday
894 3653 127 37 evening.
1062 3653 116 30 Present
1183 3671 29 3 —

659 3692 103 29 Messrs
777 3692 75 38 Coop
875 3692 38 35 (in
928 3692 46 27 the
987 3693 97 35 chair),
1099 3693 28 28 J.
1143 3693 52 28 Bur-

658 3736 56 30 ton,
727 3732 114 34 M'Kay,
853 3732 116 38 Cooper,
981 3732 122 36 Telford,
1115 3733 78 37 Camp-

658 3773 65 33 bell,
739 3772 54 28 and
808 3772 114 28 Haines.

873 3820 128 21 minutes.

694 3854 57 27 The
767 3854 118 27 minutes
894 3853 30 27 of
936 3853 45 28 the
990 3854 127 35 previous
1129 3857 68 24 meet-

657 3893 48 31 ing
720 3902 69 17 were
803 3892 65 28 read
882 3892 53 27 and
950 3892 158 27 cotifii'.ned.

685 3918 17 10 O

724 3940 100 21 REPOKT
844 3940 55 20 AND
920 3939 227 21 BALANCE-SHEET.

694 3972 58 28 The
778 3966 149 40 cliairnlan,
960 3965 27 33 in
1021 3972 113 34 moving
1165 3972 48 28 the

656 4012 128 38 adoption
800 4012 29 27 nf
842 4012 47 27 the
904 4014 92 35 report
1009 4011 54 28 and
1087 4011 110 28 balance-

656 4052 87 34 sheet,
757 4052 57 28 said
829 4052 65 37 they
909 4052 52 27 had
977 4055 47 25 not
1038 4051 53 27 had
1106 4062 30 18 as
1150 4062 45 18 suc-

656 4092 114 28 cessful
784 4102 94 26 ayeir
891 4102 29 17 as
943 4092 64 36 they
1035 4092 81 28 could
1142 4092 69 27 have

655 4132 114 29 wished,
783 4132 50 28 but
847 4132 101 28 miners
968 4140 70 20 were
1060 4142 16 18 a
1097 4131 113 39 hopeful

656 4172 82 37 body;
753 4180 28 20 as
795 4182 14 17 a
824 4172 68 33 rule,
906 4172 54 27 and
974 4172 34 27 he
1028 4172 90 37 hoped
1142 4175 68 25 next

654 4222 66 26 year
746 4212 71 28 their
843 4215 92 33 report
960 4212 91 35 might
1077 4212 34 28 be
1136 4222 75 18 more

654 4252 148 29 favorable.
861 4252 78 38 They
971 4251 62 37 had,
1071 4252 137 35 however,

655 4293 83 27 taken
777 4303 65 17 over
873 4304 15 16 a
922 4293 134 27 thousand
1091 4292 118 36 pounds'

655 4332 87 27 worth
762 4331 28 29 of
813 4331 65 33 gold
904 4335 48 25 out
977 4331 30 28 of
1031 4331 73 29 their
1130 4327 78 33 claim

654 4372 101 38 during
776 4373 46 27 the
845 4382 74 27 year,
945 4372 260 35 notwithstanding.

692 4412 58 28 The
762 4412 131 38 adoption
920 4412 30 29 of
975 4413 47 27 the
1048 4415 93 33 report
1155 4411 54 29 and

654 4452 205 28 balauce-sheet
875 4462 53 18 was
948 4452 137 28 seconded
1106 4452 37 38 by
1163 4451 47 29 Mr

656 4492 139 35 Campbell
810 4492 53 28 and
878 4492 115 28 carried.

652 4541 80 19 ELECT
743 4541 35 19 OX
798 4541 33 19 OF
850 4537 132 24 DIRECTOR
1005 4541 55 19 AXD
1082 4541 124 19 AUDITOR.

689 4572 57 28 The
774 4572 140 28 chairman
946 4572 91 28 stated
1070 4572 61 28 that
1162 4572 47 28 Mr

654 4612 153 29 Crookston
828 4622 54 19 was
896 4613 47 28 the
958 4612 116 35 retiring
1088 4612 121 29 director

652 4654 36 28 bv
701 4653 129 28 effluxion
854 4653 29 27 of
908 4653 75 28 time.
1023 4653 45 27 He
1089 4662 57 18 was
1164 4659 29 20 re-

650 4692 104 29 elected
770 4688 200 39 unanimously,
981 4702 29 17 as
1024 4702 56 17 was
1091 4691 57 27 also
1160 4690 47 28 Mr

650 4732 105 28 Haines
769 4736 28 24 to
812 4732 46 28 the
871 4731 119 36 position
1007 4730 30 28 of
1049 4729 120 29 auditor.

805 4779 174 21 COURESPOND
984 4774 48 24 Kite
1037 4779 21 18 K.

689 4812 26 29 A
728 4811 83 29 letter
822 4817 53 21 \Vas
886 4810 65 28 read
962 4810 71 26 from
1046 4808 104 28 Messrs
1160 4809 46 27 W.

653 4854 103 27 Burton
790 4851 55 29 aild
879 4847 79 37 Bain,
991 4848 117 37 offering
1136 4847 73 28 their

650 4892 102 38 special
767 4891 80 29 claim
868 4890 30 28 of
920 4888 169 29 half-a-mile
1113 4887 28 27 of
1161 4887 48 27 the

650 4934 81 33 river,
770 4932 86 27 about
893 4941 16 16 a
945 4926 264 40 quarter-of-a-mile

649 4973 87 28 above
748 4968 230 32 Commissioners
986 4967 63 28 Flat
1063 4966 122 34 (Malone
1196 4976 12 17 s

651 5013 116 35 Beach),
779 5011 46 28 for
837 5008 149 39 dredging,
1001 5007 46 28 the
1062 5005 105 38 dredge
1180 5008 27 25 to

651 5054 33 25 be
708 5050 104 28 shifted
833 5050 78 26 there
936 5048 72 25 from
1035 5047 35 25 its
1098 5047 111 34 present

649 5090 121 40 position
784 5092 28 24 at
828 5090 84 26 terms
926 5084 89 29 which
1026 5093 70 19 were
1107 5082 100 29 stated.

687 5130 58 28 The
755 5128 141 29 chairman
908 5125 58 29 said
977 5126 59 26 that
1046 5134 34 18 on
1093 5126 115 25 account

650 5170 28 29 of
701 5170 47 28 the
762 5166 70 31 drift
845 5175 35 20 011
896 5165 73 29 their
992 5166 113 36 present
1128 5162 80 29 claim

650 5211 20 26 it
687 5220 54 16 was
755 5208 77 38 quite
845 5204 190 33 unworkable,
1049 5203 55 27 and
1117 5203 23 26 it
1153 5212 55 17 was

651 5245 209 39 unfortunately
886 5254 67 28 very
978 5242 82 29 liable
1086 5245 28 25 to
1141 5240 67 29 such

649 5287 209 40 contingencies
891 5295 33 19 on
959 5285 116 26 account
1101 5282 29 27 of
1161 5281 48 28 the

650 5330 121 37 sluicing
796 5328 95 28 claims
912 5323 187 35 immediately
1120 5322 89 28 above

650 5370 30 28 it.
720 5369 58 27 Tim
792 5367 104 36 dredge
918 5364 54 28 had
993 5364 70 27 been
1090 5362 55 27 laid
1171 5370 38 28 up

650 5410 43 29 for
706 5421 16 17 a
735 5408 76 30 week
826 5410 62 35 past
903 5405 36 38 by
953 5404 48 29 the
1019 5402 78 31 drift.

688 5450 83 29 After
783 5458 76 20 some
882 5444 153 31 discussion
1049 5455 30 18 as
1093 5447 28 25 to
1134 5451 76 28 ways

651 5491 54 28 and
720 5501 104 23 means,
845 5489 23 27 it
891 5497 55 18 was
972 5484 126 35 decided,
1112 5494 36 19 on
1162 5482 47 29 the

652 5530 103 28 motion
769 5529 30 29 of
821 5529 45 27 Mr
889 5527 116 38 Cooper,
1021 5522 137 31 seconded
1173 5522 38 37 by

652 5569 45 28 Mr
710 5570 105 28 Haines
828 5581 5 16 :
882 5564 73 31 That
976 5563 104 32 Messrs
1102 5564 109 28 Burton

651 5609 55 30 and
729 5608 96 32 Bain's
848 5608 67 30 offer
938 5607 34 29 be
999 5603 142 41 accepted,
1154 5601 56 31 and

653 5650 58 28 that
725 5651 47 28 the
787 5650 105 35 dredge
905 5649 36 28 be
962 5647 104 29 shifted
1087 5650 29 24 to
1139 5643 73 30 their

652 5689 89 36 claim,
765 5690 48 28 the
832 5691 113 34 present
959 5685 157 40 Roxburgh
1131 5684 81 30 claim

1249 168 4 43 I
1266 177 26 23 to
1308 174 34 27 be
1365 172 143 39 protected
1528 172 43 27 for
1592 170 43 30 six
1661 168 112 29 months
1793 169 28 26 at

1248 211 1 30 ;
1263 212 47 29 the
1324 222 73 18 same

1299 254 26 27 A
1338 252 177 30 shareholder
1527 249 85 31 asked
1625 249 63 29 how
1708 247 68 38 long
1795 247 22 29 it

1260 293 90 27 would
1365 294 35 26 be
1423 293 94 27 before
1539 292 67 35 they
1629 290 80 27 Could
1730 287 86 38 apply

1259 332 43 28 for
1315 332 162 39 protection,
1489 331 56 29 and
1555 340 55 18 was
1621 329 59 29 told
1691 329 47 28 the
1747 327 68 29 20th

1259 372 28 28 of
1301 376 68 24 next
1383 372 105 27 month.

1296 412 82 28 After
1397 421 75 18 some
1494 410 141 35 desultory
1649 407 165 34 discussion,

1258 452 46 28 the
1320 451 100 28 motion
1436 459 55 20 was
1506 452 49 35 put
1570 455 27 22 to
1620 448 48 29 the
1690 446 123 39 meeting

1257 492 54 28 and
1325 489 114 30 carried.

1294 533 25 25 A
1346 534 62 23 Vote
1430 527 30 30 of
1482 529 101 28 thanks
1610 530 28 27 to
1664 529 48 27 the
1738 527 75 29 chair

1254 569 165 30 terminated
1435 568 47 27 the
1496 567 133 38 meeting.

1294 662 183 49 Roxburgh
1506 661 138 40 Cricket
1670 659 93 41 Club.

1284 745 57 27 The
1354 743 101 28 annual
1472 743 121 35 meeting
1614 741 29 28 of
1656 742 47 27 the
1717 742 87 28 above

1244 785 64 28 club
1324 794 54 17 was
1392 783 64 28 held
1468 786 30 24 at
1511 782 48 28 the
1578 780 169 29 Athenaeum
1768 792 35 17 on

1245 823 138 36 Saturday
1397 822 91 36 night,
1510 822 80 27 when
1612 820 79 27 there
1712 830 55 17 was
1787 830 16 17 a

1244 863 75 37 large
1353 860 174 36 attendance,
1555 859 54 29 and
1640 858 45 29 Mr
1711 859 91 37 Reiily

1244 901 138 39 presided.

1282 943 44 28 Mr
1342 941 183 34 Winchester,
1540 941 29 28 in
1582 941 48 29 the
1644 940 118 29 absence
1774 939 29 28 of

1244 983 45 28 the
1303 985 147 33 secretary,
1472 981 90 28 stated
1585 982 61 27 that
1667 981 48 26 the
1738 980 63 27 club

1244 1023 54 28 had
1312 1032 33 18 no
1361 1022 16 27 b
1386 1021 87 28 ilauce
1494 1025 28 24 to
1543 1021 75 32 their-,
1637 1019 89 30 credit
1745 1020 56 27 this

1243 1069 74 31 year,
1341 1063 50 28 but
1417 1062 67 37 they
1510 1061 54 30 had
1590 1064 87 27 assets
1703 1060 29 27 in
1754 1060 48 28 the

1244 1103 85 37 shape
1343 1102 28 27 of
1385 1102 63 26 club
1466 1101 147 28 materials.

1365 1148 133 24 ELECTION,
1506 1148 33 19 OP
1552 1148 135 20 OFFICERS.

1281 1180 57 29 The
1348 1180 141 38 following
1500 1180 106 28 officers
1614 1189 71 19 were
1695 1177 107 30 elected

1245 1222 41 28 for
1297 1223 46 26 the
1358 1221 118 37 ensuing
1490 1230 96 18 season
1598 1232 5 15 :
1608 1218 192 34 —-President,

1248 1263 41 26 Mr
1319 1262 33 26 D.
1379 1261 153 33 Cormack;
1562 1258 240 40 vice-presidents,

1246 1302 38 27 Dr
1298 1301 109 35 Mullin,
1423 1300 103 29 Missrs
1550 1299 115 39 Cooper,
1686 1298 116 33 Haines,

1245 1341 89 38 B)yd,
1367 1340 97 38 Reiily,
1504 1340 27 30 J.
1572 1341 117 32 Burton,
1723 1338 80 35 Bain,

1246 1383 108 33 Dunne,
1375 1382 35 27 D.
1436 1382 165 34 Robertson,
1624 1380 105 36 Jeffery
1748 1378 56 28 and

1246 1423 111 29 Moodie
1367 1435 7 22 ;
1395 1421 120 38 captain,
1543 1421 41 28 Mr
1608 1420 175 29 Winchester
1795 1431 7 22 ;

1245 1461 239 39 deputy-captain,
1520 1462 44 26 Mr
1596 1461 33 27 G.
1657 1458 123 29 Ormond
1798 1470 5 21 j

1247 1507 136 34 secretary
1395 1501 53 30 and
1460 1506 145 31 treasurer,
1614 1500 43 29 Mr
1666 1498 137 38 B.Reiily;

1247 1545 111 36 general
1398 1544 167 34 committee,
1597 1543 47 28 the
1685 1541 119 37 captain,

1247 1581 449 42 deputy-captain,secretary,and
1703 1580 102 29 Messrs

1249 1623 80 36 Hart,
1354 1624 85 34 Snell,
1465 1623 144 35 Cormack,
1634 1621 99 34 Sands,
1755 1620 47 29 W.

1249 1666 106 28 Burton
1381 1665 54 28 and
1463 1663 103 28 Howell
1579 1675 7 23 ;
1617 1661 93 30 match
1730 1671 55 18 com-

1250 1707 103 33 mittee,
1367 1705 47 28 the
1431 1704 119 38 captain,
1566 1701 238 40 deputy-captain,

1248 1747 55 27 and
1318 1746 44 28 Mr
1376 1745 81 29 Hart.

1430 1793 197 21 SUBSCRIPTION.

1286 1827 57 28 The
1353 1827 99 28 annual
1465 1825 185 37 subscription
1662 1833 53 18 was
1730 1822 74 28 fixed

1249 1871 29 24 a'.
1287 1868 30 28 5s
1326 1879 29 17 as
1365 1865 220 35 heretofore,and
1596 1864 44 29 for
1646 1863 107 39 juniors
1764 1863 40 28 3s»

1430 1914 116 21 OPENING
1567 1913 61 20 DAY.

1287 1947 57 28 The
1358 1947 49 28 Oth
1421 1947 30 28 of
1471 1945 158 29 November
1651 1952 55 18 was
1731 1942 75 29 fixed

1249 1999 29 17 as
1292 1989 48 27 the
1353 1987 123 38 opening
1496 1986 51 36 day
1562 1985 29 28 of
1605 1984 45 27 the
1665 1993 105 25 season,
1792 1993 15 18 a

1249 2028 108 28 scratch
1379 2027 91 28 match
1491 2030 27 24 to
1546 2025 33 27 be
1605 2022 138 38 arranged
1763 2023 44 28 for

1251 2068 60 29 that
1325 2067 72 30 date.

1400 2116 108 19 ANNUAL
1531 2114 127 19 CONCERT.

1288 2148 27 28 It
1328 2159 55 17 was
1395 2145 115 30 decided
1525 2150 27 23 to
1567 2144 63 29 hold
1645 2144 48 27 the
1706 2143 100 28 annual

1249 2192 111 24 concert
1374 2199 33 17 on
1424 2198 15 17 a
1452 2187 63 27 date
1529 2189 28 24 to
1571 2185 34 26 be
1619 2183 74 28 fixed
1708 2183 96 28 within

1249 2240 16 18 a
1285 2229 107 35 month,
1412 2228 54 28 and
1493 2227 47 28 the
1562 2224 143 38 following
1729 2234 57 19 com-

1251 2270 94 26 mittee
1378 2279 69 16 were
1480 2264 148 39 appointed
1664 2268 29 23 to
1725 2263 81 28 make

1249 2310 224 38 arrangements:
1553 2304 101 29 Messrs
1690 2302 45 31 W.
1771 2303 34 29 A.

1250 2350 99 35 Reiily,
1357 2349 144 32 Cormack,
1506 2345 183 34 Winchester,
1696 2345 110 34 Dunne,

1249 2389 54 29 and
1319 2390 31 28 B.
1365 2389 35 28 V.
1416 2388 97 37 Reiily-

1287 2430 65 28 This
1365 2427 152 30 concluded
1539 2428 46 27 the
1599 2426 135 34 business,
1748 2425 55 27 and

1248 2481 15 17 a
1277 2474 63 24 vote
1349 2469 29 29 of
1386 2467 101 30 thanks
1499 2472 27 23 to
1539 2467 46 28 the
1593 2465 76 30 chair
1679 2464 123 39 brought

1249 2511 46 28 the
1309 2510 121 36 meeting
1444 2512 28 25 to
1485 2519 16 17 a
1514 2508 81 29 close.

1365 2603 178 42 Cromwell
1572 2603 114 41 Notes.

1383 2688 63 26 (Own
1459 2686 205 26 Correspondent.)

1463 2726 116 21 MINING.

1282 2767 57 28 The
1365 2766 110 29 electric
1509 2764 106 37 dredge
1647 2764 49 28 has
1728 2764 71 28 been

1244 2806 104 30 shifted
1369 2811 29 23 to
1423 2806 132 28 Scotland
1575 2804 101 35 Beach,
1699 2804 102 37 higher

1244 2858 35 26 up
1290 2847 46 27 the
1349 2847 81 32 river,
1442 2846 72 28 from
1528 2846 48 28 the
1590 2844 209 29 Cornishman's

1244 2884 100 36 Beach,
1371 2885 90 28 where
1494 2884 49 28 she
1577 2894 56 18 was
1672 2884 128 35 working

1243 2926 103 28 before,
1387 2924 57 28 She
1457 2924 22 28 is
1502 2927 29 25 to
1553 2927 71 25 start
1647 2923 77 28 work
1740 2923 55 27 this

1244 2965 86 36 week,
1344 2963 55 30 and
1412 2965 66 36 they
1499 2966 99 37 expect
1611 2966 28 26 to
1654 2966 49 35 get
1722 2972 75 20 some

1244 3008 77 37 large
1334 3004 152 39 wash-up's
1500 3005 29 29 of
1539 3006 47 28 the
1595 3004 102 39 golden
1706 3003 92 29 metal.

1245 3048 65 38 May
1319 3046 72 30 their
1399 3047 190 36 expectations
1599 3055 85 28 prove
1695 3047 105 25 correct

1282 3088 57 28 The
1353 3090 135 34 pontoons
1503 3088 28 25 of
1551 3086 48 27 the
1621 3095 61 17 new
1696 3084 105 37 dredge

1244 3128 43 28 for
1300 3128 46 28 the
1373 3135 74 19 same
1473 3135 136 28 company
1631 3134 46 18 are
1703 3123 98 28 almost

1245 3168 126 29 finished.
1437 3166 45 29 Mr
1528 3163 169 33 Sutherland
1745 3163 56 36 (the

1245 3210 117 33 builder)
1380 3206 100 35 would;
1494 3217 36 18 no
1544 3202 96 36 doubt,
1655 3206 70 26 have
1747 3204 53 27 had

1245 3250 73 27 them
1334 3244 117 32 finished
1465 3247 54 28 had
1533 3256 52 18 one
1599 3245 29 29 of
1641 3244 43 28 his
1701 3243 99 35 hands,

1245 3291 46 28 Mr
1305 3289 113 37 Nelson,
1432 3295 49 20 not
1494 3287 54 28 had
1569 3287 48 27 the
1638 3284 163 29 misfortune

1245 3335 28 24 to
1287 3327 85 31 break
1386 3330 42 28 his
1449 3327 54 37 leg.
1544 3326 105 28 Whilst
1671 3323 130 38 carrying

1246 3382 15 17 a
1274 3372 47 33 log
1335 3380 34 18 on
1383 3368 86 30 board
1489 3368 34 27 he
1685 3365 48 27 the
1755 3363 46 37 log

1246 3411 99 37 frilling
1358 3421 34 17 on
1414 3403 42 35 his
1482 3402 47 43 leg
1548 3405 56 29 and
1629 3403 138 37 breaking
1780 3403 21 28 it

1245 3453 87 29 above
1346 3451 47 29 the
1407 3451 80 28 knee.
1529 3448 43 28 He
1599 3455 55 19 was
1675 3444 85 30 taken
1773 3446 28 26 to

1247 3495 46 26 the
1308 3492 143 29 Cromwell
1467 3489 138 36 Hospital,
1619 3486 93 28 where
1725 3485 34 27 he
1778 3484 23 27 is

1245 3532 181 40 progressing
1441 3528 172 37 favourably.

1282 3573 58 27 The
1353 3573 159 36 carpenters
1536 3567 68 29 have
1628 3561 117 31 finished
1766 3575 33 17 on

1246 3614 99 36 M'Lay
1365 3613 55 28 and
1440 3606 106 42 party's
1560 3606 106 39 dredge
1679 3608 29 26 at
1721 3605 59 29 Low-

1247 3655 78 28 burn.
1367 3654 55 27 She
1442 3652 23 27 is
1487 3653 28 24 to
1539 3649 35 29 be
1599 3648 84 28 taken
1705 3650 28 24 to
1753 3646 47 28 the

1244 3693 125 39 opposite
1383 3692 59 29 side
1456 3689 28 29 of
1508 3688 47 29 the
1568 3688 73 29 river
1654 3686 55 28 this
1723 3686 76 29 week

1245 3735 44 26 for
1301 3733 47 28 the
1368 3740 119 30 purpose
1510 3728 28 28 of
1562 3728 113 37 putting
1696 3726 103 30 aboard

1244 3774 47 27 the
1324 3772 167 36 machinery*
1522 3768 90 28 which
1651 3768 22 27 is
1713 3767 87 37 being

1244 3812 123 40 speedily
1393 3810 92 31 carted
1512 3814 37 32 lip
1575 3809 37 37 by
1637 3807 62 29 that
1724 3808 60 29 well-

1245 3855 100 26 known
1531 3850 71 28 Jack
1630 3848 165 29 Robertson.

1244 3893 57 27 The
1325 3892 105 35 dredge
1450 3892 49 26 has
1519 3889 68 27 been
1611 3888 97 28 visited
1726 3888 36 35 by
1783 3898 14 16 a

1243 3935 79 33 great
1348 3931 117 29 number
1489 3928 28 30 of
1539 3926 178 38 dredgemen,
1743 3927 53 28 and

1243 3973 70 27 from
1329 3972 73 28 what
1415 3972 14 28 I
1443 3981 49 19 can
1508 3970 73 33 hear,
1596 3968 67 37 they
1683 3968 35 27 all
1733 3978 48 18 con-

1242 4012 73 29 sider
1340 4012 61 28 that
1428 4008 166 38 everything
1607 4008 85 28 about
1705 4008 50 27 her
1774 4008 23 27 is

1242 4063 36 27 up
1292 4056 28 24 to
1335 4052 72 34 date,
1421 4051 120 35 liothing
1560 4048 139 28 whatever
1712 4048 86 37 being

1240 4103 34 17 on
1303 4093 46 27 the
1375 4092 77 30 weak
1480 4090 75 33 side;
1575 4088 48 28 the
1651 4089 77 27 boats
1751 4097 46 19 are

1242 4132 71 29 built
1336 4135 28 26 to
1385 4142 78 26 carry
1490 4130 47 29 the
1550 4128 104 36 weight
1667 4127 29 29 of
1708 4128 89 36 heavy

1241 4173 166 35 machinery,
1441 4171 86 36 being
1560 4169 61 28 80ft
1651 4168 76 39 long,
1753 4168 44 28 9ft

1240 4213 89 35 beam,
1339 4212 54 28 and
1409 4212 42 28 Gft
1463 4211 78 36 deep*

1278 4246 142 36 Crookson
1435 4252 54 29 and
1503 4253 81 36 party
1608 4257 46 21 are
1667 4241 129 46 reported

1240 4297 27 24 to
1282 4295 33 26 be
1329 4304 34 16 on
1379 4304 16 16 a
1408 4292 126 36 splendid
1550 4300 50 18 run
1626 4290 30 26 of
1681 4288 67 37 gold
1767 4292 28 23 at

1239 4335 119 34 present.
1390 4330 65 30 This
1467 4330 85 38 being
1562 4339 16 18 a
1588 4328 108 39 private
1705 4330 89 35 party,

1239 4373 54 29 and
1320 4383 65 27 very
1410 4372 126 37 reticent,
1562 4370 22 28 it
1609 4369 23 29 is
1658 4368 69 28 hard
1753 4368 43 28 for

1266 4424 83 26 yours
1363 4413 74 31 trulv
1481 4415 29 25 to
1522 4410 57 28 find
1593 4412 48 25 out
1654 4408 49 28 the
1715 4410 81 26 exact

1238 4457 113 31 return;
1371 4453 52 28 but
1435 4452 48 29 the
1496 4450 105 37 dredge
1623 4448 24 29 is
1667 4447 128 39 working

1238 4505 76 24 away
1332 4493 127 34 steadily,
1474 4491 55 29 and
1543 4491 36 36 by
1599 4488 47 29 the
1670 4488 125 38 pleasant

1238 4534 63 28 look
1334 4544 34 17 on
1402 4527 46 33 tlie
1481 4527 201 31 shareholders'
1720 4528 73 28 faces

1237 4574 95 35 things
1349 4575 74 25 must
1437 4572 34 28 be
1484 4570 116 36 looking
1613 4568 105 36 bright.

1275 4613 58 29 The
1339 4615 109 26 current
1451 4622 7 12 4
1458 4606 93 40 -wheel
1557 4608 105 38 dredge
1671 4606 123 38 (Kleogli

1237 4654 54 27 and
1305 4653 91 36 party)
1422 4652 23 26 is
1459 4649 127 35 working
1599 4657 86 24 away,
1701 4647 56 26 and
1770 4647 23 26 is

1237 4685 128 43 reported
1386 4694 28 22 to
1435 4690 69 25 have
1525 4685 131 28 obtained
1680 4684 65 27 15oz
1765 4684 27 26 in

1237 4734 55 25 two
1303 4730 76 37 days.
1414 4727 65 28 This
1491 4724 98 29 should
1600 4723 82 28 make
1694 4721 100 39 M'Lay

1237 4770 54 28 and
1304 4772 81 35 party
1494 4777 30 17 as
1534 4765 49 28 she
1593 4764 23 27 is
1628 4762 127 36 working
1764 4767 29 23 at

1238 4810 46 28 tli«
1297 4809 60 27 foot
1371 4807 29 28 of
1413 4804 71 30 their
1504 4805 89 33 claim,
1614 4803 91 27 where
1727 4802 67 36 they

1237 4848 95 29 intend
1348 4850 28 25 to
1390 4848 69 27 start
1473 4844 157 39 operations
1644 4842 67 29 with
1723 4842 72 28 their

1237 4893 86 24 steam
1338 4886 111 36 dredge;

1275 4928 47 28 Mr
1336 4924 169 30 Sutherland
1515 4934 53 18 was
1583 4923 46 28 the
1643 4920 151 31 successful

1238 4967 127 29 tenderer
1391 4965 43 28 for
1466 4965 46 27 the
1539 4963 128 37 building
1694 4962 28 27 of
1747 4962 48 27 the

1237 5012 136 34 pontoons
1388 5005 43 28 for
1445 5004 94 38 Hotop
1553 5003 54 28 and
1626 4995 95 45 Jolly's
1734 5012 59 17 new

1237 5048 105 34 dredge
1365 5056 35 15 on
1423 5045 46 26 the
1491 5044 109 31 Clutha,
1616 5042 54 26 and
1691 5042 104 26 Messrs

1238 5071 208 44 Postfethwaite
1478 5082 54 28 and
1562 5080 184 39 Stephenson,
1767 5078 29 30 of

1240 5120 137 36 Dunedin,
1388 5133 46 18 are
1446 5127 27 24 to
1483 5122 77 28 build
1570 5122 48 28 the
1626 5120 159 36 machinery
1788 5136 6 13 i

1448 5198 137 21 CYCLTNG.

1276 5240 57 28 The
1347 5233 102 35 entries
1465 5236 41 30 for
1519 5235 45 30 the
1574 5235 110 38 cycling
1698 5236 97 27 events

1238 5285 28 23 at
1280 5290 50 18 our
1355 5282 91 34 sports
1469 5278 69 26 have
1565 5275 102 33 closed,
1681 5274 55 28 and
1749 5283 46 19 are

1239 5331 65 26 very
1326 5320 88 36 large.
1452 5318 88 28 Three
1563 5316 29 28 of
1608 5326 69 26 your
1698 5313 96 30 cracks

1239 5361 69 27 have
1340 5357 113 30 entered
1456 5356 153 37 —namely,
1647 5355 35 27 R.
1715 5353 80 29 Sdotfc

1242 5400 72 36 (who
1353 5397 80 31 takes
1474 5406 74 20 some
1588 5393 138 38 beating),
1759 5391 35 31 D.

1240 5440 133 36 O'Leary,
1399 5438 54 28 and
1476 5436 31 30 T.
1538 5436 19 28 P
1588 5434 114 30 Michell
1703 5433 92 29 —and

1239 5480 99 31 should
1352 5490 41 18 we
1415 5478 34 29 be
1474 5478 139 28 fortunate
1635 5474 111 39 enough
1766 5476 29 27 to

1239 5522 69 27 have
1319 5520 55 27 fine
1387 5518 128 33 weather,
1529 5517 23 27 it
1565 5516 54 28 will
1632 5516 35 27 be
1686 5524 17 19 a
1717 5513 78 37 day's

1240 5563 77 35 sport
1330 5558 89 30 worth
1439 5555 170 38 witnessing.

1278 5600 66 28 Two
1366 5598 46 29 old
1440 5595 101 31 R.C.C.
1564 5595 137 29 members
1726 5593 70 29 have

1238 5641 95 41 joined
1347 5640 46 28 the
1411 5638 26 29 V
1451 5636 76 37 C.C.,
1541 5636 56 29 and
1616 5646 31 19 as
1665 5635 68 36 they
1751 5643 46 20 are

1242 5682 68 29 both
1335 5678 112 38 getting
1480 5687 61 19 new
1574 5674 224 40 Massey-Harris

1852 167 137 27 machines
2000 175 41 17 we
2054 173 50 19 can
2118 159 106 40 depend
2240 168 74 27 upon
2329 157 71 27 them

1850 206 115 37 making
1977 205 95 36 thing's
2087 203 78 27 hum.-

1887 246 46 28 Mr
1954 245 32 29 E.
2009 243 118 30 Watson
2147 240 49 29 has
2353 236 47 30 the

1846 286 68 28 cake
1956 286 44 27 for
2013 283 136 35 breaking
2163 281 46 26 the
2222 276 97 30 record
2329 277 69 29 from

1848 325 145 29 Cromwell
2012 327 28 25 to
2055 321 95 38 Clyde.
2191 319 26 27 A
2230 316 74 39 good
2317 326 80 27 many

1845 364 29 30 of
1887 375 50 19 our
1950 364 111 38 cyclists
2074 363 70 26 have
2166 358 54 28 had
2233 368 16 16 a
2271 359 45 34 try
2328 358 28 26 at
2375 357 22 27 it

1848 406 106 36 (plenty
1968 404 28 29 of
2010 404 75 28 them
2099 412 34 18 on
2147 398 71 29 their
2231 396 106 36 heads),
2347 396 50 29 but

1845 444 118 29 Watson
1982 442 122 38 brought
2123 440 22 27 it
2159 439 80 27 down
2250 440 29 23 to
2292 436 101 28 45min.

1833 476 1 47 !
1846 485 146 38 Saturday,
2013 484 86 36 being
2120 481 46 28 the
2191 478 53 28 last
2267 476 61 35 daVj
2351 476 45 30 Mr

1843 525 109 29 Ritchie
1966 522 155 30 undertook
2139 525 28 23 to
2181 522 46 25 cut
2241 528 16 17 a
2270 517 64 28 slice
2348 518 45 33 off,

1841 565 51 28 but
1916 564 84 29 failed
2025 563 39 37 by
2098 570 52 19 one
2179 558 120 32 minute;
2330 556 64 30 thus

1841 605 117 29 Watson
1968 603 80 30 takes
2059 602 47 29 the
2120 599 109 39 trophy,
2239 596 89 29 which
2338 608 55 18 was

1841 645 146 37 presented
2001 645 37 36 by
2054 643 44 28 Mr
2118 641 71 28 Dick
2306 638 28 29 of
2348 638 45 28 the

1840 683 106 29 (jrolden
1961 686 62 33 Age
2041 681 94 29 Hotel.

179 87 169 49 Friday,
373 88 235 38 November
630 86 38 43 6,
694 85 119 39 1896.

1846 70 198 37 MOUNT
2132 62 224 41 EENGEB.
2411 61 5 5 '
2444 55 141 47 MAIL

1871 759 119 28 Ortainly
2010 759 40 22 the
2078 759 53 21 best
2144 756 114 23 medicine
2274 754 83 25 known
2375 755 19 24 is

1841 825 28 21 its
1883 824 132 27 eminently
2029 823 115 28 powerful
2159 821 80 22 effects
2257 821 22 20 in
2295 821 96 28 coughs,

1839 854 73 28 co'ds,
1920 854 128 28 inflnenz-i;
2062 854 37 23 the
2110 853 72 24 relief
2191 853 19 22 is

1841 887 26 23 In
1879 888 91 22 sen'ons
1983 895 63 15 cases
2059 886 3 24 ;
2071 887 32 23 nd
2118 886 92 24 accider.
2216 888 19 20 t3
2250 886 24 22 of
2283 886 28 22 all
2323 886 70 24 kinds

1840 920 27 24 be
1877 920 57 30 they
1948 919 105 29 wounds,
2065 920 80 29 hum?,
2160 918 128 30 sca'.dmgs,
2301 919 91 29 sprains

1840 958 15 18 it
1872 953 18 22 is
1907 953 40 22 the
1957 952 74 23 safest
2057 953 121 28 remedy--
2187 958 29 15 no
2230 958 47 15 swe
2291 950 100 31 ling-in

1839 985 39 23 infl
1889 985 131 22 immition,
2056 983 43 23 Lk
2105 992 9 7 j
2128 982 134 30 surprising
2276 982 81 24 eflfeits
2369 985 22 21 in

1837 1025 81 21 croup,
1948 1016 120 30 diptheria
2108 1015 130 22 bmnch'tis
2256 1013 120 26 inflimma-

1838 1049 48 25 tion
1900 1049 23 23 of
1935 1049 40 23 the
1989 1049 75 30 lunga,
2079 1047 120 32 spellings
2213 1053 48 21 etc;
2274 1047 115 25 diarrhoea

1838 1082 121 30 dysentry,
1977 1082 111 22 diseases
2102 1081 26 22 of
2140 1081 101 28 kidneys
2255 1088 45 15 ana
2328 1081 49 22 urii-

1840 1122 39 21 ary
1891 1121 95 22 organs.
2023 1112 27 24 In
2065 1121 40 15 use
2118 1117 24 19 at
2161 1113 30 22 all
2207 1110 114 31 hospitals
2345 1112 44 21 and

1839 1145 99 24 medical
1952 1146 82 23 clinics
2048 1145 29 23 nil
2159 1145 40 23 til?
2212 1143 78 30 globe,
2307 1148 82 18 natron

1839 1177 49 24 ised
1903 1178 29 27 by
1947 1178 35 23 his
2004 1176 103 30 Majesty
2135 1178 41 23 the
2195 1175 62 29 King
2286 1176 23 22 of
2330 1175 59 31 Italy

1839 1210 108 25 crowned
1968 1210 54 24 with
2035 1210 78 23 m?dal
2127 1209 47 24 and
2192 1208 103 31 diploma
2309 1213 19 19 at
2353 1209 37 23 the

1841 1242 174 25 International
2030 1242 138 24 Kxhibtion
2187 1248 24 17 at
2235 1242 154 23 Amsterdam

1839 1275 70 23 Trust
1926 1275 21 23 in
1967 1276 39 22 the
2023 1275 122 30 approved
2161 1274 83 24 article
2262 1273 43 23 and
2317 1273 71 31 reject

1839 1307 32 24 all
1885 1308 90 23 others.

1870 1339 147 32 Hollowuy'a
2051 1340 127 24 O'ntntrn!:
2213 1339 47 24 and
2294 1338 98 24 Pil's.—

1841 1373 85 23 Whi'st
1959 1375 40 21 the
2028 1374 148 22 inhabitants
2197 1371 25 23 of
2251 1378 39 17 jur
2327 1375 65 26 great

1838 1406 67 24 cities
1930 1405 73 25 suffer
2035 1404 59 25 from
2121 1405 40 24 the
2185 1404 80 25 effects
2288 1404 28 22 of
2335 1411 57 17 over

1837 1439 124 27 crowding
1972 1439 46 23 and
2032 1439 30 22 all
2118 1438 126 23 attend*nt
2257 1437 66 23 evils,
2335 1437 56 22 both

1848 1472 107 29 phys'cal
1971 1471 46 22 »nd
2031 1469 133 30 moral,'he
2178 1477 63 14 more
2259 1469 82 23 r-dm*t
2362 1477 29 13 an

1837 1504 121 29 energetic
1975 1510 39 17 em
2026 1507 71 28 grant
2116 1503 45 23 will
2179 1502 24 24 in
2229 1502 35 23 hi*
2295 1507 52 19 tu~n
2366 1502 26 23 be

1839 1539 59 24 iaMe
1912 1543 23 18 to
1951 1535 72 26 suffer
2036 1539 23 21 in
2076 1538 34 22 his
2126 1545 49 16 new
2193 1538 69 21 home
2277 1536 59 23 from
2352 1536 40 23 the

1839 1578 59 16 w:int
1912 1571 21 23 jf
1948 1571 73 28 ready
2034 1571 53 22 skill
2100 1571 45 21 and
2161 1571 38 22 the
2213 1573 66 23 g-eat.
2293 1569 99 23 medical

1839 1610 120 17 res'iurc-js
1984 1603 25 22 of
2029 1600 34 32 h;s
2083 1603 79 22 native
2184 1603 37 21 laa
2232 1602 7 21 1
2258 1600 89 32 always
2370 1607 21 16 a*

1837 1636 137 24 command.
2015 1636 43 22 Ihe
2074 1635 50 23 be3t
2138 1634 84 24 advice
2237 1642 12 14 a
2262 1634 75 23 friend
2351 1643 41 15 cm

1837 1670 54 29 give
1912 1670 19 23 is
1945 1670 33 22 for
1989 1670 48 23 him
2051 1673 23 18 to
2090 1667 53 23 take
2162 1676 11 14 a
2189 1668 86 30 suppiy
2288 1668 24 22 of
2330 1668 64 23 these

1838 1703 50 22 well
1903 1702 87 22 known
2003 1701 114 23 remedies
2134 1709 25 15 as
2175 1705 49 23 part
2237 1700 23 22 «>f
2272 1701 35 22 his
2324 1699 69 24 outfi*

1838 1734 35 23 for
1899 1735 31 30 by
1948 1735 117 24 attention
2103 1737 40 20 the
2155 1733 74 30 easily
2251 1733 143 23 underto'd

1837 1768 48 23 and
1900 1773 38 24 3ct
1961 1771 79 24 ample
2063 1768 130 22 directions
2207 1766 74 23 which
2302 1773 47 16 acc<
2358 1773 17 16 m-

1840 1808 59 22 pany
1912 1800 57 25 each
1983 1801 44 23 box
2043 1800 46 24 and
2105 1806 40 23 pot
2162 1799 28 23 he
2212 1798 45 23 will
2281 1806 73 16 never
2368 1801 27 21 be

1837 1839 23 18 at
1872 1833 62 24 fault
1961 1834 68 23 when
2052 1832 71 24 taken
2142 1828 24 28 ill
2190 1839 26 16 or
2242 1832 75 23 under
2348 1839 46 22 any

1837 1865 97 24 adverse
1957 1866 106 23 sanitary
2078 1865 136 23 conditions
2232 1864 24 22 of
2284 1864 47 25 life,

1838 2033 285 30 WATCHMAKER
2141 2032 25 29 &
2180 2032 106 28 JEWE
2296 2032 98 29 LLER

1931 2087 70 29 Ross
2022 2087 98 34 PlacJe,
2143 2085 162 29 LaWßence.

1840 2167 140 35 Watches,
2002 2162 101 32 Clocks
2124 2165 55 28 and
2201 2164 144 38 Jewellery
2366 2166 28 28 of

1883 2207 36 29 all
1933 2206 183 39 descriptions
2130 2205 69 39 kept
2212 2203 27 31 in
2255 2204 93 31 Stock.

1856 2260 70 26 Nice
1941 2258 138 28 Selection
2093 2258 29 28 of
2142 2258 66 27 Geitf
2213 2275 6 16 j
2233 2257 142 38 Wedding

1970 2300 54 26 arid
2040 2296 110 40 Keeper
2164 2296 96 40 Rings.

1835 2378 19 21 A
1868 2378 107 21 CHOICE
1997 2377 184 21 ASSORTMENT
2203 2377 34 20 OF
2257 2377 136 21 ARTICLES

1858 2411 140 22 SUITABLE
2013 2411 56 21 FOR
2084 2410 141 22 WEDMNG
2235 2410 148 22 PRESENTS.

1893 2479 155 38 Spectacles
2061 2482 28 25 to
2105 2478 61 29 Suit
2180 2478 35 29 all
2230 2478 105 39 Sights.

1853 2560 106 29 Watch
1990 2568 55 19 and
2079 2559 90 28 Clock
2206 2558 116 29 Repairs
2355 2568 17 19 a

2039 2600 158 27 (Specialty.

1836 2680 112 38 Repairs
1961 2690 31 18 or
2006 2679 102 28 Orders
2126 2679 71 28 from
2212 2680 45 28 the
2271 2682 119 35 country

1882 2721 38 36 by
1941 2722 63 35 post
2027 2719 55 28 will
2104 2719 105 28 receive
2232 2722 112 35 prompt

2037 2759 146 28 attention.

1830 2834 190 57 rjIEVIOT
2079 2834 311 30 DISPENSARY.

1927 2926 46 37 F.
2021 2926 264 42 JFFFERY,

1828 2983 133 26 CHEMIST,
1976 2985 192 25 BOOKSELLER,
2183 2983 204 26 TOBACCONIST,

1893 3017 81 22 NEWS
1990 3018 103 26 AGENT,
2108 3018 163 25 STATIONER,
2286 3018 38 21 &c.

1832 3096 130 29 FANCY
1991 3097 124 28 GOODS
2148 3097 54 27 and
2235 3090 150 34 PATENT

1891 3142 217 29 MEDICINES
2129 3142 28 28 of
2179 3142 34 28 all
2235 3142 93 29 kinds.

2014 3235 97 22 AGENT
2129 3234 81 22 FOR-

1832 3274 125 30 Dresden
1972 3270 85 34 Piano
2073 3274 47 30 Co;

1830 3315 91 28 North
1928 3315 172 36 Queensland
2110 3314 61 29 Fird
2180 3314 147 30 Insurance
2337 3311 47 33 Co.

1835 3355 107 35 R&glan
1957 3351 135 38 Bicycles.

1842 3418 38 56 J>
1912 3418 113 22 OBhi
2055 3418 21 22 it
2105 3418 18 21 T
2192 3423 21 16 x\i
2217 3416 5 10 N
2254 3417 20 23 K
2311 3423 15 17 A
2364 3424 10 16 1

1877 3484 122 23 General
2030 3483 104 24 J'rapfb
2153 3491 50 16 a>b
2216 3484 7 18 (
2234 3491 109 16 lothies

1955 3524 61 23 Ross
2041 3525 67 23 Plate
2133 3524 130 23 Lawience.

1893 3590 57 23 New
1970 3589 47 24 and
2037 3587 159 25 Fashionab'e
2222 3589 104 30 Drapery

1860 3622 80 32 Ltrge
1952 3624 64 23 stock
2033 3621 26 28 ]M
2077 3622 35 24 n't
2125 3624 46 22 aiid
2259 3624 69 23 Cioth
2342 3632 5 5 •
2357 3633 12 20 g

1893 3657 85 23 Ladies
1994 3657 47 23 aiid
2055 3664 5 12 »
2074 3656 106 23 bildrens
2193 3657 130 29 requisites'.

1859 3700 75 23 Visits
2140 3700 46 23 and
2222 3707 39 16 sur
2270 3700 112 31 •O-iudiap

1830 3735 104 21 districts
1949 3733 106 25 monthly

1837 3811 275 31 HTERBERT
2160 3810 100 31 AND
2310 3811 20 30 C
2343 3811 42 37 0.,

2021 3876 169 22 LAWRENCE.

1985 3963 154 33 iitl-OIi'TEUS
2159 3975 33 19 OF
2192 3983 35 4 —

1827 4013 202 39 Ironmongery

1914 4059 190 39 Agricultural
2128 4058 183 38 Implements

2091 4105 187 37 Agricultural
2299 4106 86 27 fceeds

2004 4161 215 30 GROCERIES

1847 4217 96 33 Teas
2061 4220 96 28 teas
2270 4219 97 28 teas

1834 4267 127 39 (Ceylon)
2053 4267 121 35 (Indian)
2263 4265 119 35 (China.)

1827 4353 189 71 JOHNS
2058 4352 33 39 &
2128 4351 252 44 M'COMBE,

1825 4436 131 23 GROCERS
1971 4437 62 21 AND
2051 4434 137 22 GENERAL
2204 4433 178 26 MERCHANTS,

1964 4486 159 27 MILLERS
2143 4483 99 28 FLAT.

1860 4566 58 28 The
1956 4564 105 38 largest
2093 4563 54 28 and
2181 4562 197 27 best*assorted

1824 4606 86 28 Stock
1924 4605 29 29 of
1968 4603 116 30 General
2098 4601 93 30 Goods
2211 4602 26 27 in
2260 4612 53 26 any
2329 4611 32 27 up-

1823 4648 116 33 country
1954 4648 73 24 store
2039 4644 28 27 in
2083 4644 99 33 OtagO:

1860 4683 142 28 Groceries
2027 4682 55 28 and
2106 4680 154 29 Provisions
2279 4680 29 28 of
2330 4680 48 28 the

1823 4722 61 28 best
1895 4721 82 29 kinds
1991 4725 29 24 at
2030 4726 72 24 most
2112 4720 157 29 reasonable
2279 4720 96 38 prices.

1862 4761 149 38 Crockery,
2044 4762 162 34 Glassware,
2233 4760 126 29 Ironmon-

1823 4812 78 28 gery,
1916 4803 93 34 Boots)
2025 4803 95 33 Shoes,
2135 4801 50 28 &c.

1862 4841 158 30 Customers
2034 4842 99 29 waited
2147 4852 34 18 on
2196 4841 27 28 ill
2243 4841 34 28 all
2302 4844 75 36 parts

1823 4881 29 30 of
1865 4881 47 28 the
1928 4882 118 29 district.

2023 4958 142 21 AGENCIES
2173 4965 5 14 t

1826 4997 175 29 Manchester
2015 4996 62 30 Fire
2091 4997 149 28 Insurance
2255 4997 47 30 Co.

1825 5037 158 27 Australian
1992 5036 110 27 Mutual
2110 5037 148 27 Provident
2269 5038 110 34 Society

1825 5106 209 52 yiCTORIA
2053 5105 144 29 LIVERY
2212 5106 166 29 STABLES

1913 5172 71 23 PEEL
1997 5172 112 26 STREET,
2126 5171 165 24 LAWRENCE.

1825 5240 35 43 T.
1889 5240 121 50 Dwyer
2056 5250 6 30 :
2110 5250 8 30 :
2174 5238 204 52 Proprietor.

1861 5327 58 28 The
1932 5337 67 26 very
2012 5327 62 28 best
2089 5327 129 36 Stabling
2236 5327 143 36 provided,

1823 5367 66 28 with
1903 5377 16 17 a
1933 5365 101 30 Groom
2048 5366 101 38 always
2163 5366 29 28 in
2206 5367 172 28 attendance.

1825 5448 25 28 A
1873 5447 160 30 Handsome
2058 5447 56 29 and

1922 5494 155 42 Hearse
2102 5511 52 25 on
2183 5499 103 35 Hire.

1863 5585 158 31 First-class
2055 5586 94 40 Single
2183 5584 54 30 and
2272 5584 108 30 Double

1827 5626 141 40 Buggies;
1989 5628 66 35 also,
2070 5626 110 30 Ladies'
2194 5625 54 30 and
2269 5625 96 31 Gentle-

1828 5668 88 29 men's
1930 5667 102 30 Saddle
2046 5668 115 29 Horsesi

2544 3234 44 39 A.
2667 3229 303 50 MILLER,

2417 3311 134 27 BUILDER,
2566 3311 107 21 JOINER
2687 3311 61 21 AND
2768 3309 205 25 UNDERTAKER*

2512 3363 72 27 Ross
2605 3362 99 34 Place,
2724 3361 164 29 Lawrence.

2422 3450 122 33 PLANS
2558 3452 81 30 AND
2653 3447 319 35 SPECIFICATIONS

2560 3506 27 28 A
2607 3504 225 30 SPECIALTY,

2417 3597 155 38 Quantities
2587 3597 139 39 Prepared
2748 3597 56 29 and
2825 3595 148 29 Estimates

2443 3640 89 28 Given
2545 3639 44 28 for
2601 3639 35 27 all
2651 3639 101 27 classes
2765 3638 29 28 of
2808 3636 135 30 Builders'

2652 3678 99 29 Work.

2417 3749 34 56 J
2532 3750 48 37 H.
2645 3748 328 42 PEARSON,

2518 3814 68 22 ROSS
2600 3814 97 28 PLACE;
2713 3814 167 27 LAWRENCE;

2462 3859 267 34 CONTRACTOR,
2749 3858 183 35 BUILDER,

2556 3961 278 30 UNDERTAKER.

2418 4035 147 28 Contracts
2579 4033 84 30 taken
2674 4034 44 29 for
2731 4029 138 34 Builders*
2891 4034 82 29 vVork

2537 4075 29 28 of
2579 4085 81 28 every
2675 4074 177 39 description.

2479 4146 199 21 ESTIMATES
2709 4147 195 20 PREPARED.

2452 4205 25 28 A
2492 4205 196 28 well-assorted
2716 4204 85 29 Stock
2823 4204 29 29 of
2873 4202 83 29 Eurni-

2416 4249 60 24 ture
2489 4245 101 39 always
2605 4256 34 17 011
2653 4245 82 28 hand:

2453 4285 133 28 Funerals
2598 4285 155 28 conducted
2766 4286 27 25 in
2804 4285 36 26 all
2853 4287 75 33 parts
2942 4277 30 33 of

2415 4323 46 29 the
2490 4324 123 29 District.
2653 4324 106 27 Hearse
2785 4321 134 40 provided
2949 4320 22 28 if

2415 4364 136 38 required.

2415 4427 61 53 B.
2568 4413 401 52 ''WINN,

2412 4495 66 20 PAIN
2490 4494 56 25 fEK,
2571 4491 131 27 GLAZIER,
2726 4489 93 22 PAPER
2840 4489 130 24 HANGER,

2485 4520 69 21 SIGN
2575 4520 115 19 WRITER
2713 4518 62 20 AND
2798 4516 95 21 HOUSE

2601 4544 178 25 DECORATOR,

2500 4585 72 27 Ross
2594 4585 98 33 Place,
2713 4584 162 27 Lawrence.

2718 4632 22 11 .71

2443 4664 42 28 O.i
2501 4662 62 28 Sale
2577 4673 15 17 a
2603 4662 76 38 large
2690 4662 56 28 and
2756 4662 92 29 varied
2858 4665 89 26 assort-

2407 4708 74 24 ment
2495 4703 28 27 of
2537 4701 68 35 Oils,
2622 4700 103 37 Paints,
2748 4701 98 35 Scrim,
2871 4701 90 35 Glass,

2408 4742 227 41 Paperhangings
2658 4742 55 29 and
2733 4741 136 30 Painters'
2890 4741 66 30 Sun-
2956 4753 7 11 1

2406 4785 84 29 dries.

2444 4823 67 28 New
2521 4821 54 29 and
2584 4821 171 30 fashionable
2764 4815 74 36 Wall

2408 4865 70 27 from
2491 4863 37 27 5d
2549 4872 50 28 per
2620 4863 76 36 piece
2720 4863 136 37 upwards.
2899 4866 48 24 Pat-

2408 4910 74 23 terns
2496 4906 62 25 sent
2572 4912 34 18 on
2627 4903 176 37 application,
2820 4907 63 34 post

2446 4943 147 28 Estimates
2606 4941 84 39 given
2704 4942 42 29 for
2771 4942 118 29 General
2911 4943 36 28 Re-

2409 4985 72 38 pairs
2487 5000 6 13 »

2447 5022 163 30 Celebrated
2626 5023 130 28 Lustruss
2775 5023 91 34 Paint,
2881 5023 84 37 ready

2412 5061 99 33 mixed,
2526 5061 35 27 all
2576 5060 123 29 Colours.

2412 5137 69 55 M.
2569 5132 34 43 J.
2654 5132 4 60 '
2692 5137 33 38 B
2771 5140 35 35 L
2852 5134 115 49 ot,

2436 5203 199 24 WHITEHAVEN
2641 5204 118 26 .STREET,
2776 5205 170 22 LAWRENCE.

2413 5284 126 31 BOARD
2565 5282 82 30 AND
2677 5282 220 30 RESIDENCE
2918 5284 50 28 AT

2455 5334 257 31 REASONABLE
2733 5333 188 30 CHAKGES.

2520 5416 95 30 Meals
2635 5425 32 19 at
2686 5423 50 20 all
2755 5414 107 30 Hours.

2429 5500 58 27 The
2500 5500 63 27 best
2578 5496 244 30 Accommodation
2844 5496 44 28 for
2900 5496 49 29 the

2550 5536 159 38 Travelling
2723 5535 107 29 Public.

2411 5625 103 32 GOOD
2530 5622 201 33 STABLING.
2772 5621 95 30 OATS
2885 5620 82 31 AND

2525 5664 128 32 CHAFF
2672 5663 53 30 ON
2748 5662 107 31 SALE.

2621 160 241 56 SCRAP
2916 158 211 56 BOOK
3174 157 204 56 ITEM.

2515 258 236 31 SOMETHING.
2761 260 76 29 FOR
2855 261 82 29 YOU
2958 260 81 29 AND
3061 259 76 31 THE
3158 258 130 31 OTHER
3308 257 165 29 PARTY—

2765 336 102 36 Prints,
2888 338 100 27 Blouse
3009 337 128 36 Muslins,
3157 337 55 28 and
3233 336 125 28 Sateens.

2497 403 90 29 Novel
2600 404 55 28 and
2669 414 60 18 new
2742 403 75 29 ideas
2831 404 29 28 in
2878 405 89 28 Prints
2980 405 55 28 and
3050 405 136 28 Galateas.

2498 442 72 29 Hats
2583 444 55 28 and
2652 444 71 28 Hats
2975 454 32 20 to
3028 444 87 30 Stare

2499 483 101 30 Orders
2616 485 36 37 by
2665 485 67 28 Post
2745 484 89 29 afford
2849 485 46 28 the
2909 485 162 30 Advertiser
3085 484 188 40 unspeakable
3284 482 118 40 delight.
3441 481 112 29 There's

2422 532 35 18 an
2471 525 175 28 unutterable
2660 525 126 38 pleasure
2798 525 29 28 in
2841 525 109 39 tearing
2961 536 70 27 open
3045 526 47 27 the
3102 525 133 38 envelope
3244 524 163 36 containing
3415 532 35 18 an
3462 522 92 29 order.

2498 560 58 32 The
2569 565 121 28 author's
2704 565 92 38 object
2809 565 29 28 in
2852 565 80 38 being
2932 560 3 43 1
2949 566 28 27 in
2993 565 125 29 business
3131 565 23 28 is
3168 569 28 24 to
3210 565 35 28 do
3259 564 82 29 much
3355 563 43 29 for
3410 572 64 28 you,
3491 562 64 35 and,

2423 613 100 20 excuse
2537 615 52 25 me,
2606 605 158 39 something
2779 605 44 29 for
2837 605 118 30 himself.

3082 696 48 34 Jl

2570 799 102 29 CASH
2692 799 164 34 DRAPER,
2879 799 202 36 CLOTHIER,
3102 800 82 28 aND
3205 800 211 30 IMPORTER.

2810 849 70 29 Ros3
2902 849 96 36 Place,
3020 850 164 30 Lawrence.

2930 949 231 36 WHAT'S
3229 950 183 36 THIS?

2782 1043 169 55 COLONIAL
2965 1044 191 28 Tweed—Mosgiel,
3170 1046 95 26 Kaiapoij
3275 1047 40 20 au>l
3326 1046 202 27 Uoslyn—Trousers
3539 1048 21 20 to

2851 1077 98 19 measure;
2959 1072 53 19 from
3022 1072 40 21 13s.

2830 1104 93 20 Colonial
2932 1105 40 19 and
2982 1105 83 24 Euglisli
3075 1106 73 20 Tweed
3158 1106 36 20 Sac
3205 1106 56 20 Suits
3271 1108 20 18 ta
3301 1112 99 19 measure,
3419 1107 53 20 fiom
3487 1106 28 21 £3
3530 1108 30 20 3s.

3040 1170 70 29 WE
3168 1171 142 29 WANT

2780 1209 44 23 Our
2834 1217 61 20 many
2904 1211 85 21 Friends
2999 1211 39 21 and
3048 1211 36 21 the
3093 1211 70 26 public
3170 1213 21 19 to
3201 1211 59 21 know
3269 1211 47 21 that
3325 1218 28 15 we
3360 1212 51 21 have
3417 1213 45 26 just
3471 1213 88 26 opened,

2929 1244 26 15 tx
2964 1244 33 16 s.s.
3010 1239 113 26 Kaikoura,
3134 1246 38 14 our
3181 1239 91 21 Season's
3281 1239 104 26 shipment
3395 1239 21 22 of

2779 1287 96 25 (CENTS'
2890 1293 73 20 HATS
2979 1292 52 25 (best
3045 1293 84 25 makes),
3146 1293 69 26 TIES;
3230 1293 133 24 COLLARS,
3378 1293 103 21 SHIRTS
3492 1293 68 27 (ready

2828 1319 59 21 made
2896 1326 22 14 or
2927 1322 21 18 to
2958 1320 73 26 order),
3042 1313 126 28 CYCLING
3175 1320 151 22 SWEATERS
3335 1321 40 21 and
3385 1321 126 21 CYCLING

3088 1348 164 23 STOCKINGS.

2829 1401 70 27 Agent
2918 1401 31 22 for
2967 1402 98 27 Tunpeka
3081 1402 110 21 for—New
3214 1402 67 28 Rapid
3303 1403 102 27 Bicycles;
3429 1403 49 27 also,
3498 1403 62 28 Cycle

2779 1428 82 27 Lamps,
2871 1430 62 24 Bells,
2944 1430 86 21 Outside
3040 1430 81 23 Covers,
3132 1430 40 21 and
3181 1431 27 20 all
3218 1432 134 24 Cyclealities.

2920 1649 94 30 ROSS
3036 1649 132 37 PLACE,
3190 1650 229 29 LAWRENCE.

2575 2015 223 59 WOOL
2852 2015 282 56 SEASON
3188 2014 228 60 1896-7.

2480 2183 149 32 ALGETY
2650 2184 81 30 AND
2754 2183 197 36 COMPANY,
3118 2185 56 39 beg
3194 2189 28 24 to
3243 2185 89 39 notify
3350 2185 204 40 Woolgrowers

2422 2265 54 28 and
2490 2265 126 27 Farmers
2631 2264 60 27 that
2705 2263 65 36 they
2783 2263 55 27 will
2852 2261 65 28 hold
2932 2263 71 26 their
3024 2262 129 38 Opening
3168 2262 61 29 Sale
3243 2263 44 28 for*
3301 2264 45 27 the
3362 2263 104 30 Season
3480 2275 35 18 on

2693 2340 223 35 THURSDAY,
2956 2341 72 28 17th
3067 2340 218 30 DECEMBER.

2493 2498 47 28 All
2556 2497 84 39 Clips,
2653 2498 127 28 however
2792 2497 88 34 snlall,
2894 2495 55 29 will
2963 2496 33 28 be
3010 2495 96 29 shown
3120 2499 28 26 to
3172 2497 61 29 best
3252 2497 165 41 advantage.
3458 2497 93 41 Every

2419 2538 40 28 lot
2478 2538 101 28 valued
2600 2539 74 36 prior
2694 2541 29 24 to
2743 2537 65 34 sale,
2831 2537 56 27 and
2906 2545 105 19 owners
3031 2537 129 28 interests
3179 2537 71 38 fully
3264 2540 151 36 protected.
3469 2540 83 30 Wool

2423 2578 87 28 Facks
2523 2577 125 38 supplied
2661 2581 29 24 at
2703 2577 96 28 lowest
2812 2580 111 25 current
2936 2580 83 24 rates.

2495 2655 193 39 Specification
2701 2652 97 31 Forms
2811 2654 55 28 and
2879 2653 100 30 Labels
2992 2653 98 38 posted
3103 2664 36 19 on
3152 2655 176 38 application;

2735 2808 125 30 Address
2879 2818 70 28 your
2970 2808 215 38 Consignments
3205 2813 29 26 to

2773 3076 219 29 DUNB
3033 3077 23 27 D
3096 3078 13 26 I
3148 3078 27 28 N

3024 3248 112 25 FANCY
3163 3249 110 24 GOODS
3292 3251 69 23 AND
3382 3252 164 26 DRAPERY.

3015 3311 97 53 FJ
3156 3311 85 24 WAT'
3255 3314 38 21 RS
3319 3314 89 24 desires
3434 3321 25 18 to
3485 3316 73 30 notify

3057 3361 5 6 .
3095 3346 21 21 if
3123 3349 25 18 at
3163 3346 42 22 she
3299 3346 23 24 in
3332 3349 66 21 stock
3416 3347 84 25 Ladies
3513 3354 45 18 and

3008 3377 115 23 Children
3133 3385 11 15 s
3163 3377 196 32 Underclothing,
3376 3381 47 22 and
3436 3382 30 21 all
3486 3381 73 24 kinds

3008 3410 24 22 ef
3047 3410 116 30 Drapery.

3039 3454 80 32 Fancy
3133 3455 81 25 Goods
3225 3465 14 15 a
3254 3457 136 32 Specialty.

3045 3498 134 23 Christmas
3188 3500 48 23 and
3248 3500 54 23 New
3316 3500 63 25 Year
3391 3506 107 25 presents

3131 3539 13 14 a
3161 3537 64 24 great
3239 3533 88 28 variety
3339 3539 23 18 to
3376 3535 60 23 hand
3440 3561 6 6 #

3130 3565 135 23 Infection
3277 3565 95 24 Invited

3032 3595 112 32 Gaining
3158 3597 44 24 and
3275 3599 152 25 needlework
3440 3601 86 30 tii'ght

3099 3633 111 22 Summer
3222 3631 82 25 Goods
3320 3640 52 16 now
3386 3641 29 16 on
3434 3635 61 23 haud

3010 3673 266 27 Address—Ormond's
3286 3676 114 33 Building
3412 3680 142 30 Roxburgh.

3072 3812 30 28 H,
3151 3813 22 25 R
3206 3815 20 24 A
3260 3815 11 25 I
3304 3816 19 25 Ki
3360 3815 22 27 H
3417 3820 18 23 A
3469 3819 36 26 M.

3132 3884 23 22 Is
3174 3887 116 28 prepared
3315 3890 24 21 to
3366 3889 77 29 repair

3132 3953 106 26 BOOTi
3267 3963 49 16 and
3347 3958 100 24 SHOE
3503 3953 56 29 3

3130 4028 24 21 at
3182 4026 122 24 moderate
3334 4027 107 32 chargesj

3041 4093 59 24 Also
3293 4096 47 24 and
3370 4097 165 25 Concertina?.

3071 4233 121 25 MESSRS
3220 4234 87 25 £IDD
3337 4237 69 24 AND
3432 4238 66 30 CO.,

3111 4290 109 30 Surgical
3238 4294 47 21 and
3304 4292 151 26 Mechanical

3230 4322 109 25 Dentists

3201 4367 44 30 (B}
3274 4369 91 29 exam.)

3011 4535 82 65 Mr
3115 4532 85 25 XIDD
3227 4536 54 23 who
3306 4535 43 24 has
3373 4536 46 24 had
3445 4536 109 25 fourteen

3111 4579 68 22 years
3194 4574 134 29 experience
3350 4574 54 23 with
3425 4574 37 24 Mr
3488 4575 23 23 S.
3532 4579 22 21 s.

3001 4606 80 31 Myers
3109 4612 54 23 miy
3191 4606 28 22 be
3246 4607 126 24 consulted
3401 4612 22 19 at
3453 4605 99 28 Heron's

3001 4636 131 25 o'um'nerci
3141 4638 17 22 il
3181 4637 72 25 Hotel
3267 4640 134 30 Rozbutsrh,
3425 4640 51 23 G-;t.
3487 4641 33 27 '23
3520 4641 33 27 rd,

3000 4671 48 21 and
3064 4670 24 23 in
3103 4668 76 24 future
3191 4677 70 23 every
3272 4671 77 23 fourth
3361 4671 92 30 Friday.

3033 4707 31 18 As
3088 4709 31 16 vn
3149 4702 80 23 intend
3253 4703 94 29 visiting
3381 4704 46 22 this
3458 4704 93 25 district

2999 4734 109 31 monthly
3119 4734 18 24 it
3149 4736 45 22 will
3211 4743 56 17 save
3286 4735 100 32 patients
3398 4736 40 24 the
3448 4744 103 23 expense

3000 4768 25 23 of
3038 4774 72 24 going
3123 4774 23 17 to
3165 4769 73 26 L'oWa,
3265 4769 48 22 aid
3328 4777 26 14 a=i
3372 4778 33 15 we
3423 4776 112 23 guarante

3000 4801 30 22 all
3043 4802 62 22 work
3124 4800 102 30 patieuta
3239 4808 52 22 miy
3312 4802 47 28 rely
3381 4809 31 16 on
3429 4803 90 29 getting

3000 4832 127 25 first-class
3141 4833 88 24 art'de.

3030 4866 74 23 Tetftn
3128 4866 122 23 extracted
3280 4865 47 23 and
3358 4866 109 29 replaced
3496 4867 54 22 with

3001 4902 134 25 temporary
3148 4902 37 18 art
3196 4897 59 24 ficial
3268 4905 57 15 ones
3340 4899 82 23 within
3435 4900 27 22 48
3478 4899 73 23 hours

3031 4930 106 24 Painless
3149 4931 141 23 txtarctions
3304 4931 57 22 with
3372 4931 96 23 Nitrous
3478 4932 73 23 Oxide

3001 4962 48 24 Gas
3065 4962 116 24 Coeoaine
3198 4961 72 25 Ether
3286 4971 26 15 or
3326 4962 162 25 Chloroform.

3017 4995 117 31 Stopping
3142 4995 56 24 with
3210 4995 61 24 Gold
3282 4995 124 30 Amalgam
3418 5004 26 15 or
3453 4996 99 25 Cement

3032 5028 82 29 Singls
3125 5028 77 23 Tooth
3216 5028 46 23 10j.
3280 5030 53 21 Sets
3346 5028 95 30 equa'ly
3456 5030 80 22 moder-

3002 5065 56 18 ate..
3105 5061 185 26 Arrangements
3307 5059 46 23 will
3367 5059 28 23 be
3412 5060 69 22 made
3497 5061 55 21 with

3003 5091 66 24 those
3090 5089 51 25 who
3158 5096 87 19 cannot
3272 5099 46 23 p*y
3343 5091 43 24 full
3409 5097 98 20 amount
3529 5096 24 20 at

3003 5131 64 16 once.
3112 5124 73 22 Teeth
3207 5124 69 23 made
3302 5124 31 28 by
3360 5124 69 23 other
3452 5126 102 22 dentists

3004 5157 99 29 proving
3114 5155 183 31 unsatisfactory
3306 5162 53 24 may
3370 5155 28 25 be
3408 5157 145 31 remodel[ed

3002 5194 23 18 at
3036 5189 69 23 small
3116 5192 60 20 cost.

3003 5233 46 26 gaT
3057 5230 32 25 Ex
3098 5230 115 24 tractions
3220 5232 52 22 —2s
3288 5230 40 26 6d.
3362 5230 106 28 Gas—7s
3483 5230 42 26 6de

3001 5363 42 56 F
3047 5404 10 15 t
3141 5364 32 40 J.
3253 5366 301 45 WILLIAMS,

3024 5435 202 23 HAIRDRESSER
3246 5437 63 21 AND
3328 5437 202 30 TOBACCONIST,

3197 5475 164 32 LAWRENCBi

3037 5544 151 33 LADIES*
3219 5546 299 35 HA.IRCOMBINGS

3081 5587 111 31 MADE
3212 5588 92 31 INTO
3324 5589 146 32 PLAITS.

3002 5661 100 30 Orders
3112 5663 37 38 by
3158 5666 63 35 post
3229 5664 141 37 promptly
3374 5665 133 29 attended
3516 5668 38 27 to*

3596 155 342 54 (COMMERCIAL
3984 155 165 36 HOTEL,

3788 209 168 22 ROXBURGH.

3662 301 37 29 H.
3721 301 35 29 11.
3779 301 109 35 Heron,
3910 300 168 39 Proprietor.

3629 404 58 29 One
3700 405 28 28 of
3741 405 47 28 the
3802 405 62 28 best
3877 405 104 28 known
4000 403 55 29 and
4075 405 74 26 most

3590 444 180 29 comfortable
3791 443 154 32 Hostelries
3969 444 28 28 in
4019 443 47 29 the
4090 442 38 39 Up-

3589 489 117 34 country
3720 485 138 30 Districts.

3628 535 78 30 Cobb
3720 537 55 29 and
3790 536 74 30 Co.'s
3879 537 86 37 Royal
3988 537 66 28 Mail
4078 536 69 27 Line

3590 576 28 29 of
3642 576 121 30 Coaches
3776 577 122 39 running
3920 577 125 29 between
4069 576 58 29 Law-

3591 626 80 21 rence
3695 617 55 30 and
3772 617 186 37 Queenstown
3982 617 89 30 arrive
4090 616 53 29 and

3591 657 96 37 depart
3702 658 83 37 daily.

3591 748 117 40 Liquors
3723 749 28 29 of
3764 749 47 28 the
3825 750 63 28 best
3896 749 102 28 brands
4008 749 64 37 only
4081 748 68 38 kept

3805 790 28 27 in
3847 790 88 28 stock.

3591 891 124 38 Buggies
3728 892 56 28 and
3800 892 101 29 Saddle
3910 892 104 29 Horses
4024 903 35 17 on
4069 892 78 28 Hire.

3593 965 281 37 RAILWAY
3951 967 198 33 HOTEL,

3685 1031 66 21 ROSS
3769 1031 98 26 PLACE,
3889 1031 169 23 LAWRENCE.

3592 1098 108 34 John
3729 1098 149 43 LafFey,
3909 1098 235 43 Proprietor

3669 1155 78 35 (Late
3761 1155 28 28 of
3803 1155 144 28 Havelock
3961 1155 107 36 Hotel.)

3628 1233 62 28 J.L.
3704 1233 70 38 begs
3795 1236 27 25 to
3836 1233 126 28 intimate
3975 1233 60 28 that
4049 1234 34 27 he
4096 1234 50 27 has

3590 1273 154 37 purchased
3775 1273 48 28 the
3854 1273 87 28 above
3967 1273 177 28 well-known

3590 1312 140 39 Hostelry,
3739 1313 55 28 and
3810 1313 92 39 hopes,
3913 1313 38 37 by
3960 1312 79 30 strict
4052 1316 76 25 atten-

3589 1354 58 29 tion
3661 1357 27 24 to
3702 1353 47 29 the
3758 1353 118 29 comfort
3885 1354 29 28 of
3927 1352 151 30 Travellers
4087 1354 56 27 and

3589 1393 47 30 the
3648 1393 93 39 public
3755 1393 149 40 generally,
3918 1397 28 26 to
3963 1397 71 26 meet
4047 1393 66 30 with
4128 1404 16 18 a

3588 1434 52 29 fair
3653 1434 79 28 share
3746 1445 28 17 or
3786 1438 163 33 patronage.

3625 1473 58 28 The
3708 1472 122 39 Railway
3852 1473 24 29 is
3899 1483 50 19 one
3963 1473 29 28 of
4005 1473 47 28 the
4065 1473 60 28 best-

3586 1513 149 40 appointed
3748 1513 97 30 Hotels
3855 1513 107 30 outside
3971 1513 29 30 of
4012 1513 128 30 Dunedin

3588 1555 97 28 Under
3697 1554 87 29 J.L.'s
3799 1559 201 33 management,
4010 1555 47 27 the
4069 1565 55 18 com-

3588 1594 55 28 fort
3657 1593 28 29 of
3694 1598 112 34 patrons
3815 1594 54 28 will
3880 1595 35 28 be
3926 1595 78 28 made
4015 1604 16 17 a
4041 1594 102 38 special

3587 1634 115 36 feature,
3716 1634 54 28 and
3784 1644 35 19 no
3832 1635 82 28 effort
3925 1635 53 30 will
3995 1635 33 28 be
4042 1634 100 39 spared

3589 1678 27 25 to
3630 1675 64 38 give
3708 1684 83 28 every
3805 1675 181 29 satisfaction.

3589 1746 58 30 The
3659 1747 63 29 best
3735 1747 103 29 brands
3852 1748 29 28 of
3902 1747 105 36 Wines,
4032 1747 111 39 Spirits,

3624 1787 56 29 and
3695 1787 66 29 Ales
3774 1788 101 38 always
3894 1788 68 38 kept
3974 1788 28 28 in
4016 1788 88 29 stock.

3589 1860 129 39 Simpsdn
3731 1860 55 29 and
3802 1855 97 34 Ilart's
3912 1861 65 29 Ales
3992 1861 100 38 always
4107 1872 36 17 011

3836 1901 67 38 Tap.

3588 1973 156 28 First-class
3758 1973 129 33 Stabling
3900 1974 246 28 Accommodation

3868 2002 16 9 o

3923 2039 221 43 hotel,

3683 2098 67 21 ROSS
3764 2098 97 24 PLACE,
3876 2098 169 21 LAWRENCE.

3586 2164 34 28 R.
3641 2164 112 29 WEBB
3961 2164 181 30 Proprietor.

3622 2245 58 28 The
3734 2246 123 28 Masonic
3914 2246 100 28 affords
4038 2246 37 27 all
4095 2246 47 26 the

3585 2284 131 28 comforts
3729 2285 29 28 of
3770 2295 16 18 a
3800 2285 88 36 home,
3900 2285 55 28 and
3969 2284 23 29 is
4006 2284 133 40 provided

3584 2325 67 29 with
3664 2326 47 28 the
3734 2336 66 28 very
3820 2327 60 28 best
3895 2326 246 29 Accommodation

3584 2365 44 28 for
3653 2365 161 29 Travellers.
3854 2366 158 28 First-class
4046 2365 94 29 Table.

3585 2405 67 29 Best
3671 2404 97 31 Wines
3791 2406 54 29 and
3868 2406 100 38 Spirits
3991 2406 101 37 always
4113 2406 30 27 in

3585 2445 89 29 stock.

3707 2513 134 22 CHARGES
3860 2513 160 21 MODERATE.

3620 2565 58 30 The
3703 2568 159 38 Proprietor
3888 2568 100 29 wishes
4013 2570 29 27 to
4066 2568 76 28 draw

3585 2605 109 41 Special
3718 2608 137 29 attention
3880 2610 28 26 to
3937 2608 47 28 the
4012 2606 131 40 Stabling

3584 2647 247 30 Accommodation
3850 2648 144 38 provided,
4007 2648 92 28 which
4118 2648 24 27 is

3585 2687 154 34 unlimited,
3753 2688 55 27 and
3821 2688 29 27 of
3863 2688 47 27 the
3923 2688 63 27 best
3999 2688 79 28 kind.

3588 2749 295 57 yiCTORIA
3944 2750 198 35 .HOTEL,

3674 2816 71 22 PEEL
3758 2817 111 26 STREET,
3885 2816 171 22 LAWRENCE.

3607 2907 170 36 Ronald
3806 2906 311 43 Montgomery,

3778 2962 180 30 Proprietor.

3583 3055 59 31 One
3665 3055 29 29 of
3715 3055 47 29 the
3783 3058 72 26 most
3881 3055 181 29 comfortable
4083 3056 57 28 and

3852 3094 154 29 Hostelries
4017 3105 36 18 on
4065 3095 46 28 the

3734 3134 88 37 Otago
3837 3133 159 30 Goldfields.

3688 3227 56 20 HOT
3766 3226 61 20 AND
3848 3226 73 20 COLD
3940 3226 99 20 BATHS.

3615 3294 109 29 Sample
3743 3294 96 28 Rooms
3860 3302 50 19 for
3929 3293 181 31 Travellers.

3590 3375 168 37 Passengers
3766 3373 87 29 Called
3862 3373 43 29 for
3913 3373 46 29 the
3968 3374 73 38 early
4050 3374 92 29 Train;

3598 3520 61 58 D.
3707 3520 61 58 M
3801 3518 12 24 1

3845 3518 124 25 TCH
4003 3519 17 23 E
4053 3519 19 24 L
4103 3518 20 24 L

3653 3662 69 25 THE
3767 3661 160 26 POPULAR
3962 3661 119 31 HOUiE,

3773 3724 197 25 LAWRENCE.

3606 3807 10 16 s
3630 3805 51 17 now
3698 3796 103 32 opening
3820 3803 30 23 up
3869 3794 39 25 hi>
3931 3793 63 25 First
4016 3792 125 33 Shipment

3608 3843 24 23 of
3649 3841 141 25 SUMMER
3807 3838 168 29 DR-IPERY,
3994 3838 130 24 consisting

3606 3886 24 23 of
3638 3886 29 22 all
3679 3886 39 23 the
3727 3886 69 22 latest
3807 3882 117 25 novelties
3934 3883 34 22 for
3980 3881 39 23 the
4028 3881 93 28 coming

3674 3927 90 25 season,
3783 3920 46 26 and
3844 3921 76 31 prices
3933 3922 23 21 to
3975 3919 87 24 match*

3712 3962 120 28 Millineiy
3846 3968 14 16 a
3884 3958 135 31 Speciality.

3787 4095 75 29 V'iails
3898 4094 89 29 Millers
4013 4097 53 25 Flat
4107 4096 31 24 nd

3596 4139 128 31 Roxburgh
3736 4146 72 22 every
3823 4139 35 23 six
3876 4137 85 25 week*.

3740 5120 50 38 nn

3740 5145 106 70 Hal

4112 5503 4 2 *

3643 5575 153 33 TOTHILL,
3818 5577 142 28 WATSON
3985 5583 18 21 4
4022 5581 59 33 CO.,

3601 5663 54 25 So'e
3668 5665 89 29 Ageota
3772 5665 36 26 for
3823 5668 76 27 Otag<>
3916 5668 47 25 *nd
3978 5669 141 26 Southlands
