4228 5840
113 177 88 27 HOW
221 178 75 26 THE
315 178 98 26 BOER
432 176 148 26 COURTS.

94 238 49 24 The
153 239 115 27 following
284 244 95 19 account
397 239 22 23 of
437 238 57 23 Boer
512 237 115 28 courtship

66 278 99 19 customs
181 277 19 21 is
218 277 57 21 from
292 284 14 13 a
325 275 83 29 capital
428 281 69 22 paper
513 273 30 28 by
562 272 65 22 Olive

66 310 119 24 Schreiner
209 312 22 22 in
256 312 39 22 the
320 312 89 28 August
433 309 93 23 number
545 307 23 22 of
587 306 40 23 the

66 346 162 31 'Fortnightly
239 348 92 22 Review
341 346 4 31 ;

96 383 73 23 When
181 384 26 21 he
219 384 39 22 has
268 383 77 22 seated
363 381 89 24 himself
469 382 23 22 in
509 380 39 22 the
564 379 63 23 front

66 421 70 20 room,
148 417 39 18 the
198 414 166 21 house-mother
381 413 23 21 in
421 412 39 21 her
476 411 71 22 elbow
564 410 63 21 chair

66 443 106 30 proceeds
185 448 21 17 to
222 444 87 29 inquire
326 443 59 22 after
402 442 38 22 the
458 441 76 22 health
552 440 22 21 of
592 440 35 20 his

66 475 114 26 relatives,
192 473 52 28 and,
257 474 16 22 if
284 473 39 23 she
333 480 50 15 now
393 475 71 19 meets
479 471 46 22 him
543 470 35 22 for
588 470 39 22 the

66 504 50 22 first
125 504 61 27 time,
195 505 98 28 inquires
302 504 37 21 the
350 503 94 22 number
451 501 23 22 of
482 501 33 22 his
524 501 103 21 brothers

67 534 45 23 and
125 534 86 27 sisters,
228 534 44 23 and
289 534 116 30 questions
425 532 46 21 him
489 530 92 30 gravely
599 537 28 14 on

68 565 66 23 other
145 566 75 29 points
230 565 22 23 of
263 564 103 31 personal
382 562 44 24 and
444 562 78 30 family
540 562 87 28 history

68 596 23 22 of
101 596 39 22 the
157 603 60 15 same
234 600 88 21 nature,
341 595 73 21 which
430 594 19 22 is
465 592 129 23 considered
615 598 13 15 a

68 626 71 27 polite
153 626 120 22 attention.
312 625 71 22 There
400 631 37 14 are
453 623 57 22 from
531 623 54 21 time
604 624 24 19 to

67 656 56 21 time
133 655 70 30 slight
212 655 118 29 creakings
340 655 22 22 of
373 654 38 22 the
422 653 54 22 door
486 652 23 22 of
527 652 38 22 the
576 651 39 22 bed-

68 692 61 16 room
145 687 23 21 in
185 686 72 22 which
276 686 39 22 the
334 685 123 29 daughters
476 690 37 15 are
533 682 96 28 attiring

68 716 142 28 themselves,
223 724 24 15 as
257 724 41 14 one
308 724 25 14 or
343 716 65 22 other
418 717 109 26 attempts
538 716 24 18 to
573 719 56 22 peep

68 747 97 29 through
178 748 38 21 the
226 747 66 22 crack
304 748 22 21 in
337 747 39 21 the
386 745 81 22 boards
478 752 24 14 or
512 747 23 18 to
546 743 53 21 hold
610 744 18 20 it

68 777 96 29 slightly
174 778 55 27 ajar.
261 777 22 22 If
293 778 63 21 there
367 776 26 22 be
411 779 44 19 two
472 774 22 23 of
510 773 105 29 marriage-

69 807 51 22 able
130 814 48 22 age,
195 808 56 28 they
260 808 55 22 both
333 810 41 25 put
385 814 28 14 on
424 805 59 23 their
500 804 50 22 best
567 803 62 22 clean

68 843 77 22 gowns
153 837 44 22 and
203 838 30 21 tie
242 837 62 22 clean
312 835 173 24 handkerchiefs
493 833 71 23 round
571 833 58 22 their

68 867 89 22 throats
168 875 6 19 ;
202 867 45 22 and
272 868 17 21 if
308 867 54 29 they
382 866 27 22 be
428 873 23 14 so
471 865 115 22 fortunate
606 870 23 15 as

69 899 24 19 to
117 898 124 21 remember
265 900 24 19 to
313 897 65 27 bring
402 898 39 19 the
466 896 108 21 cocoanut;
599 892 30 22 oil

68 927 49 21 into
138 927 39 22 the
202 934 61 14 room
291 927 54 28 they
369 925 89 28 heavily
483 924 62 21 dress
569 922 61 22 their

69 957 50 22 hair
138 957 58 23 with
215 957 25 22 it.
272 957 54 23 Just
345 964 24 15 as
390 957 37 21 the
447 953 73 24 Kaffir
534 952 61 23 maid
611 952 19 22 is

70 987 106 31 bringing
189 988 37 22 the
237 988 71 30 lights
319 988 48 23 into
378 988 38 22 the
426 986 62 23 front
498 992 61 16 room
576 984 53 29 they

68 1025 84 21 appear
163 1018 44 21 and
217 1019 70 21 shake
305 1019 71 20 hands
388 1019 55 20 with
461 1017 39 21 the
517 1019 110 24 stranger,

69 1047 51 21 who
137 1047 93 28 silently
242 1048 55 22 rises
313 1047 45 22 and
378 1046 94 22 extends
488 1044 22 31 hi
521 1044 10 31 3
542 1044 86 31 fingers,

69 1077 44 22 and
125 1077 54 28 they
190 1077 55 23 both
263 1077 94 29 proceed
373 1077 70 22 about
459 1075 60 23 their
534 1075 96 28 evening

69 1107 66 28 duty,
147 1108 121 29 preparing
279 1108 38 22 the
333 1107 67 23 coffee
416 1106 44 23 and
475 1112 98 22 supper;
588 1104 42 23 but

67 1138 24 21 in
108 1137 68 29 doing
192 1145 25 14 so
228 1138 54 22 both
294 1138 47 21 find
352 1138 19 21 it
386 1143 118 21 necessary
515 1140 24 18 to
550 1139 78 18 return

67 1167 129 28 frequently
205 1169 23 19 to
240 1167 51 21 look
307 1167 35 21 for
352 1167 127 28 something
489 1167 23 19 in
522 1166 38 20 the
569 1165 60 21 little

68 1197 52 21 wall
131 1197 115 29 cupboard
256 1197 23 23 in
291 1197 39 23 the
340 1197 62 23 front
416 1204 68 19 room,
497 1202 25 16 or
534 1199 22 19 to
567 1193 62 24 fetch

70 1235 59 14 some
145 1228 80 21 article
242 1228 58 22 from
315 1229 39 21 the
370 1228 100 28 sleeping
489 1230 141 26 apartments

68 1258 74 22 which
153 1265 56 22 open
219 1263 42 17 out
270 1259 23 22 of
310 1259 26 22 ic.
367 1259 48 22 The
433 1265 75 22 young
526 1265 50 14 man
588 1257 42 20 sits

69 1296 27 14 on
108 1288 38 22 the
157 1289 47 21 sofa
215 1289 44 21 and
271 1293 63 17 turns
353 1289 34 21 his
398 1287 147 29 riding-whip
557 1286 71 22 round

68 1317 45 23 and
131 1318 78 27 round,
232 1319 127 28 answering
379 1319 38 21 the
442 1315 186 24 house-mother's

67 1348 116 28 questions
211 1355 25 15 or
260 1349 82 28 sitting
373 1348 75 26 silent,
475 1346 41 23 but
547 1345 80 28 keenly

67 1378 79 29 noting
164 1378 39 22 the
220 1378 106 23 different
336 1378 82 28 figures
435 1385 25 15 or
477 1377 65 22 other
552 1376 75 28 points

66 1407 24 22 of
106 1408 150 22 resemblance
275 1416 25 14 or
319 1409 120 21 difference
461 1407 101 21 between
588 1406 39 21 the

66 1437 84 21 sisters.
174 1437 152 28 By-and-byc,
336 1439 64 20 when
413 1438 38 20 the
461 1436 79 26 family
547 1435 80 28 gather

66 1466 72 21 round
149 1466 38 21 the
198 1474 82 21 supper
292 1467 68 26 table,
374 1468 39 20 the
423 1467 62 21 elder
494 1465 62 29 girls,
567 1471 60 15 more

66 1496 119 29 especially
206 1497 39 21 the
265 1497 80 27 eldest,
367 1497 55 22 wait
446 1503 27 15 on
495 1496 60 21 them
567 1503 5 17 ;
588 1494 39 22 the

66 1526 100 22 children
179 1526 56 29 keep
242 1527 59 22 their
309 1534 52 22 eyes
371 1526 59 22 fixed
441 1534 28 14 on
478 1525 39 23 the
525 1528 103 25 stranger

66 1563 56 15 even
139 1564 25 15 as
183 1556 54 29 they
247 1561 45 24 eat,
303 1557 45 23 and
359 1557 38 23 the
413 1563 74 23 young
498 1562 50 15 man
564 1554 64 22 looks

67 1587 49 23 into
127 1587 35 23 his
179 1587 63 30 plate
252 1588 44 23 and
313 1592 48 19 eats
378 1587 100 30 silently,
491 1594 24 15 or
531 1592 97 17 answers

67 1619 116 28 questions
201 1619 57 22 from
275 1620 39 22 the
331 1619 162 27 house-father,
505 1618 41 22 but
564 1620 64 19 notes

67 1649 31 21 all
118 1649 52 22 that
195 1650 64 22 takes
289 1650 68 29 place.
401 1649 72 21 When
498 1654 83 23 supper
609 1648 19 21 is

67 1678 72 22 ended
158 1679 39 22 the
212 1680 80 28 family
307 1684 78 17 return
402 1683 24 18 to
437 1680 38 21 the
486 1679 61 21 front
558 1684 69 19 room,

68 1708 44 23 and
132 1709 40 22 the
192 1717 76 22 young
289 1710 100 22 children
410 1713 65 25 troop
496 1708 31 22 off
547 1712 23 17 to
586 1707 42 22 bed

67 1747 42 14 one
120 1739 29 29 by
160 1747 48 15 one.
240 1740 63 22 Then
315 1748 73 14 comes
399 1740 38 22 the
449 1740 56 21 hour
515 1738 22 22 of
548 1738 52 22 trial
612 1738 17 21 if

68 1769 39 22 the
126 1776 77 23 young
223 1778 50 14 man
291 1770 26 23 be
337 1770 89 23 bashful
444 1769 43 23 and
504 1768 85 22 unused
606 1771 22 19 to

67 1800 117 28 courtship
194 1809 6 18 ;
216 1801 42 26 for,
277 1801 83 29 haviog
379 1800 65 22 made
464 1807 30 21 up
513 1800 33 21 his
567 1798 61 22 mind

67 1829 74 22 which
159 1830 112 29 daughter
284 1831 26 22 he
328 1831 83 22 desires
422 1834 24 19 to
455 1837 45 22 pay
511 1829 21 30 hi
543 1829 10 30 3
564 1829 54 30 atten-

68 1860 48 21 tion
127 1865 32 23 to,
171 1861 19 21 it
200 1862 18 21 is
230 1868 50 15 now
291 1868 116 22 necessary
415 1862 27 20 he
450 1859 79 23 should
539 1861 89 27 request

68 1890 39 22 the
125 1891 98 28 parents'
234 1892 131 28 permission
384 1896 23 18 to
425 1891 30 22 sit
472 1897 31 22 up
514 1890 54 21 with
581 1891 44 19 her.

67 1919 23 23 If
109 1921 74 22 either
203 1921 39 22 the
261 1926 92 24 parents
373 1928 26 15 or
422 1921 39 22 the
480 1926 75 23 young
576 1919 52 29 lady

68 1950 178 29 objectwhich
266 1953 70 21 latter
355 1953 18 21 is
393 1951 84 22 seldom
496 1950 37 22 the
551 1957 77 14 case

70 1980 62 22 there
143 1982 18 21 is
172 1990 13 13 a
194 1982 89 24 refusal,
294 1982 44 22 and
348 1982 38 22 the
394 1981 116 28 courtship
519 1981 17 21 is
545 1978 83 30 nipped

68 2011 22 21 in
107 2011 45 21 this
168 2012 29 21 its
209 2019 55 21 very
275 2012 50 22 first
336 2013 68 27 phase
413 2020 5 17 ;
433 2011 18 22 if
462 2011 53 28 they
527 2012 100 23 consent,

68 2040 38 22 the
118 2041 88 22 mother
217 2042 128 27 freouently
353 2045 49 25 gets
411 2045 47 22 out,
470 2048 25 15 or
506 2040 76 22 allows
589 2039 39 22 the

68 2070 112 29 daughter
200 2075 23 18 to
243 2075 39 26 get
301 2074 48 25 out,
370 2079 13 14 a
402 2072 78 28 couple
505 2070 22 22 of
552 2069 76 22 tallow

67 2101 98 28 candles,
185 2102 74 22 which
277 2109 37 15 are
331 2106 23 18 to
369 2102 27 22 be
413 2102 69 22 burnt
497 2100 81 29 during
590 2100 38 22 the

67 2131 72 29 night.
172 2131 71 28 Then,
263 2133 64 22 when
345 2133 38 21 the
401 2136 46 18 rest
458 2132 22 22 of
496 2132 38 21 the
550 2131 78 28 family

68 2161 57 21 have
152 2162 91 28 retired,
273 2163 37 21 the
340 2162 87 22 maiden
453 2162 22 21 of
500 2161 34 21 his
553 2161 75 21 choice

68 2199 73 15 comes
152 2192 22 22 in
185 2192 45 23 and
240 2197 61 19 3eats
312 2193 81 23 herself
409 2192 75 23 beside
495 2192 45 22 him
552 2199 26 14 on
591 2191 37 22 the

68 2222 54 21 sofa.
155 2223 66 21 From
233 2224 54 20 time
299 2227 23 17 to
334 2225 54 19 time
397 2224 62 20 there
466 2230 37 13 are
512 2222 117 27 creakings

68 2255 24 17 at
112 2251 40 21 the
171 2251 106 22 different
297 2252 105 21 bedroom
422 2252 65 21 doors
506 2251 51 21 that
573 2257 55 20 open

67 2281 49 21 into
139 2281 39 22 the
200 2281 62 22 front
284 2289 69 20 room,
378 2289 24 14 as
425 2281 38 22 the
485 2279 101 24 children
604 2286 24 15 or

67 2311 65 22 other
162 2312 110 23 members
301 2312 22 23 of
353 2312 39 23 the
421 2312 79 28 family
524 2314 39 26 get
589 2314 41 19 out

66 2342 23 21 of
113 2342 43 21 bed
182 2346 23 18 to
230 2350 56 21 peep
315 2342 99 29 through
439 2345 25 19 at
493 2342 69 26 them,
585 2340 43 22 and

66 2371 39 22 the
120 2378 76 23 young
211 2373 89 21 maiden
317 2380 52 21 may
387 2380 55 14 even
461 2375 92 25 suggest
569 2370 61 22 their

65 2401 96 29 retiring
171 2404 22 19 to
203 2402 37 21 the
250 2402 56 21 back
315 2409 62 14 room
385 2402 14 21 if
409 2403 63 20 there
480 2402 26 20 be
515 2408 41 14 one
566 2408 6 19 ;
588 2401 41 21 but

66 2430 59 23 after
149 2439 13 14 a
186 2432 68 22 while
279 2432 39 22 the
342 2432 74 22 whole
441 2430 123 23 household
589 2430 39 22 fall

66 2462 81 28 asleep,
168 2463 38 21 the
225 2462 76 23 tallow
321 2462 79 23 caudle
420 2462 69 22 burns
509 2461 71 29 dimly
600 2469 28 14 on

66 2493 39 21 the
122 2492 68 28 table,
210 2493 44 22 and
273 2493 38 22 the
327 2493 72 28 youth
418 2493 43 21 and
479 2492 87 22 maiden
578 2499 51 21 pass

67 2522 39 22 the
123 2522 53 29 long
193 2523 66 29 night
276 2523 77 22 seated
364 2523 49 22 side
423 2522 31 30 by
464 2522 48 22 side
523 2521 43 22 and
578 2528 38 15 con-

67 2553 97 29 versing,
186 2553 38 22 the
246 2553 43 29 girl
313 2554 116 28 generally
450 2552 91 29 making
560 2551 68 23 coffee

66 2590 54 15 near
136 2583 110 30 morning,
268 2583 52 23 that
337 2583 55 28 they
412 2590 50 23 may
480 2583 57 29 keep
558 2582 56 22 them-

67 2614 71 22 selves
162 2614 85 22 awake.
292 2615 79 21 About
396 2615 58 25 four,
481 2621 25 14 or
531 2620 12 14 a
568 2613 61 21 little

68 2644 87 26 earlier,
172 2644 39 21 she
227 2644 62 29 gives
306 2644 46 21 him
369 2651 13 14 a
400 2643 54 22 final
471 2650 50 22 cup,
540 2642 43 22 and
602 2643 27 21 he

68 2673 88 22 saddles
167 2674 34 22 his
212 2674 63 22 horse
286 2674 43 22 and
340 2674 62 23 rides
414 2682 63 21 away
487 2682 6 18 ;
509 2673 44 22 and
564 2672 64 23 when

68 2704 40 20 the
119 2708 45 17 rest
174 2704 21 21 of
207 2705 39 20 the
255 2705 79 28 family
341 2705 44 21 rise
399 2705 26 21 he
436 2705 18 21 is
465 2704 90 27 already
564 2710 62 21 gone.

68 2733 33 22 To
112 2733 26 22 be
148 2733 70 23 found
230 2735 62 21 there
308 2736 64 20 when
385 2735 39 21 the
440 2742 40 14 suu
496 2741 48 15 rose
556 2732 72 22 would

68 2763 27 22 be
105 2771 13 13 a
129 2763 80 22 breach
220 2764 22 21 of
259 2765 119 27 etiquette.
411 2764 22 21 If
449 2764 39 22 the
503 2763 71 28 youth
585 2763 44 21 and

68 2792 88 23 maiden
167 2793 57 23 have
239 2794 113 29 approveij
369 2793 24 23 of
410 2801 41 15 one
470 2793 94 23 another
574 2792 55 30 they

68 2824 56 22 have
140 2824 64 22 made
214 2832 12 14 a
237 2825 95 28 promise
350 2827 24 20 to
393 2825 115 28 exchange
524 2824 46 28 ring
570 2824 23 28 3,
605 2831 25 14 or

68 2854 57 21 have
145 2855 99 28 actually
264 2854 133 29 exchanged
419 2855 69 26 them,
510 2853 43 22 and
573 2854 57 20 have

68 2883 64 21 made
143 2891 28 14 an
181 2884 157 28 appointment
350 2886 34 19 for
396 2884 34 21 his
444 2886 54 19 next
508 2883 89 28 coming
607 2883 22 21 in

69 2920 13 14 a
92 2912 63 23 week
165 2921 25 14 or
200 2917 37 18 ten
250 2914 62 28 days'
323 2914 61 22 time.
416 2913 22 22 If
453 2914 73 21 either
536 2914 39 20 has
586 2912 33 22 dis-

69 2943 62 22 liked
141 2944 39 22 the
191 2944 72 27 ether,
276 2945 62 21 there
350 2945 17 21 is
379 2952 28 14 no
418 2944 110 28 necessity
538 2944 35 21 for
583 2943 46 21 him

69 2977 23 19 to
103 2977 85 24 return,
201 2975 43 21 and
256 2976 23 20 in
289 2982 30 14 no
329 2982 49 14 case
390 2976 18 20 is
419 2975 73 21 either
509 2973 74 22 bound
600 2973 28 23 bv

68 3004 45 21 this
124 3003 50 22 first
185 3005 59 20 visit.
277 3005 35 20 He
324 3011 50 21 may
411 3005 48 20 ride
476 3003 71 22 round
583 3003 44 21 and

68 3034 31 20 sit
108 3040 30 21 up
150 3033 55 21 with
216 3033 47 21 half
278 3041 12 13 a
301 3033 68 21 dozen
388 3033 99 21 maidens
505 3033 21 20 in
543 3039 72 14 succes-

67 3062 56 28 sion,
144 3062 44 22 and
207 3062 47 23 this
273 3061 12 30 i
297 3061 11 30 3
320 3061 35 30 not
379 3062 157 29 uncommonly
560 3061 65 27 done,

68 3093 85 30 though
169 3093 38 23 the
217 3101 75 22 young
303 3101 50 15 man
365 3093 49 23 who
457 3093 60 23 rides
534 3091 72 24 round

68 3127 37 18 too
118 3124 65 21 much
201 3131 53 14 runs
272 3125 38 20 the
327 3124 47 21 risk
392 3124 23 21 of
432 3124 116 28 acquiriug
559 3131 13 13 a
583 3123 42 21 bad

66 3161 72 21 name,
146 3161 24 15 as
178 3154 19 23 it
204 3154 17 23 is
232 3154 111 30 supposed
355 3154 38 23 the
404 3154 54 30 girls
469 3157 56 19 have
536 3152 89 23 refused

66 3185 54 25 him,
146 3192 25 14 or
195 3185 51 21 that
270 3185 28 21 he
321 3185 19 21 is
364 3188 40 18 not
428 3185 85 21 serious
543 3184 23 21 in
591 3184 34 21 his

66 3214 130 22 intentions.
237 3213 22 23 If
283 3214 29 22 all
332 3221 52 22 goes
403 3213 170 28 satisfactorily,
598 3213 27 22 he

66 3246 89 21 returns
172 3245 65 29 again
255 3245 22 22 in
294 3253 12 14 a
324 3244 62 23 week
404 3252 25 15 or
440 3248 37 19 ten
489 3244 61 28 days'
562 3244 61 27 time,

66 3274 44 23 and
135 3275 41 23 sits
196 3283 30 22 up
246 3283 54 14 once
320 3283 67 14 more.
429 3274 51 23 Ani
501 3275 19 22 it
536 3275 19 22 is
575 3281 50 16 now

67 3312 116 23 necessary
200 3306 26 22 he
244 3305 81 23 should
341 3305 67 23 think
426 3313 53 22 very
496 3305 91 29 gravely
602 3305 24 22 of

66 3336 40 22 the
116 3339 90 24 matter,
226 3337 34 21 for
278 3337 38 21 the
327 3336 62 22 third
404 3344 25 14 or
444 3337 76 21 fourth
532 3336 54 22 time
598 3335 27 22 he

67 3373 79 21 comes,
159 3366 87 23 instead
265 3366 22 22 of
299 3365 75 31 riding
390 3373 63 22 away
464 3366 74 23 before
549 3365 73 28 dawn,

67 3397 20 22 it
103 3398 19 21 is
139 3397 136 22 understood
294 3398 51 22 that
363 3399 27 20 he
406 3398 46 22 will
468 3399 54 21 wait
539 3397 35 23 till
586 3398 39 21 the

67 3430 92 25 parents
170 3428 56 20 have
237 3428 65 25 risen,
315 3427 44 22 and
368 3429 26 20 he
402 3427 43 22 and
454 3428 38 21 the
503 3427 88 22 maiden
602 3427 23 21 of

68 3457 23 28 hi
103 3457 11 28 3
126 3457 69 28 choice
212 3457 46 21 will
276 3457 39 21 ask
335 3457 37 21 the
390 3457 96 28 parents'
497 3460 93 19 consent
601 3460 24 19 to

68 3486 39 21 the
118 3486 108 29 marriage
237 3495 5 14 :
259 3486 43 22 and
321 3487 18 22 it
357 3487 17 21 is
392 3486 46 23 also
449 3494 27 15 an
487 3486 136 23 understood

68 3516 65 29 thing
145 3516 50 23 that
206 3518 27 21 he
249 3516 73 23 would
340 3519 40 20 not
396 3518 57 21 have
463 3525 61 14 come
535 3516 43 23 had
590 3517 34 22 his

68 3553 49 14 own
129 3551 90 24 parents
237 3551 40 17 not
287 3547 127 22 consented.
446 3547 47 22 The
504 3547 72 22 elders
586 3554 38 14 are

68 3583 51 15 now
138 3576 102 30 formally
261 3577 68 22 asked
348 3580 22 19 to
385 3578 50 28 give
447 3577 58 23 their
522 3580 100 25 consent,

68 3607 46 21 this
131 3611 52 24 part
202 3608 23 21 of
245 3608 37 21 the
303 3608 144 29 proceedings
463 3608 66 29 being
544 3608 80 28 purely

68 3636 86 28 formal,
166 3645 24 14 as
202 3637 43 22 had
258 3638 30 21 all
299 3638 38 22 the
348 3642 91 24 parents
449 3642 39 18 not
500 3638 123 22 concurred

68 3670 94 20 matters
192 3667 72 23 would
288 3676 68 14 never
381 3669 56 21 have
462 3668 95 22 reached
578 3669 47 21 this

68 3700 68 26 stage.
174 3697 46 23 The
240 3698 103 29 wedding
363 3699 19 21 is
401 3699 112 28 supposed
533 3702 22 18 to
571 3698 54 22 take

68 3726 62 30 place
153 3727 70 24 about
242 3728 63 23 three
330 3728 73 23 weeks
428 3730 58 21 after
511 3728 53 28 this,
586 3728 39 22 the

68 3765 116 22 ceremony
201 3759 22 22 of
242 3760 68 22 ou'em
331 3767 53 20 vrciy
402 3760 107 29 (parents'
527 3760 96 28 asking),

68 3788 44 23 and
131 3789 19 23 it
169 3790 18 22 is
211 3790 73 22 either
304 3789 140 24 determined
465 3793 23 19 to
503 3789 62 23 fetch
587 3793 38 19 the

68 3820 101 23 minister
184 3820 56 23 from
252 3820 37 23 the
300 3824 89 19 nearest
403 3821 81 29 village
495 3820 74 23 where
585 3827 41 15 one

67 3850 18 21 is
97 3853 23 18 to
131 3850 26 21 be
167 3850 77 26 found,
256 3858 25 14 or
291 3859 13 13 a
314 3852 95 26 journey
420 3852 19 20 is
449 3850 142 22 undertaken
603 3853 23 18 to

67 3879 39 21 the
116 3882 51 26 spot
178 3880 73 21 where
262 3880 27 21 he
296 3880 90 21 resides.

86 3933 190 29 SHOCKING
295 3934 76 26 END
391 3934 45 27 OF
456 3936 26 24 A
501 3933 87 27 PARA-

267 3973 165 26 CHUTIST.

96 4033 66 23 From
174 4034 102 23 America
287 4032 47 29 come
346 4032 12 29 3
370 4032 11 29 a
390 4033 81 23 fearful
482 4035 62 26 story
556 4032 72 22 which

69 4064 80 22 should
159 4069 43 23 put
219 4072 28 14 au
264 4064 127 22 endeven
413 4064 22 21 in
454 4063 50 22 that
522 4063 45 21 free
585 4062 44 21 and

69 4093 144 29 enlightened
242 4093 106 22 landto
377 4092 155 29 parachuting.
583 4091 47 23 The

69 4124 79 21 victim
159 4130 44 15 was
223 4131 13 14 a
256 4123 48 22 Mrs
333 4122 105 27 Hibbert,
460 4121 170 29 professionally

71 4153 82 21 known
177 4160 25 14 as
250 4152 127 28 Victoria,''
401 4159 13 14 a
438 4152 42 21 tall
509 4151 121 22 handsome

71 4183 94 30 English
186 4190 94 20 woman,
302 4190 53 21 very
375 4182 96 29 popular
492 4187 24 17 at
535 4185 96 26 country

71 4214 55 22 fairs
136 4214 34 22 for
181 4214 39 22 her
235 4214 128 28 brightness
378 4213 44 22 and
438 4212 114 29 audacity.
584 4211 47 24 Oue

71 4244 24 22 of
105 4244 63 22 these
178 4244 57 21 fi-Les
255 4244 53 21 took
328 4244 62 28 place
410 4248 25 17 at
456 4243 78 28 Leroy,
553 4243 23 21 in
595 4242 34 23 St.

73 4274 67 21 Louis
164 4273 72 26 State,
262 4274 44 21 last
335 4273 86 25 month,
454 4272 43 22 and
530 4272 101 22 Victoria

71 4310 47 15 was
155 4302 129 22 advertised
323 4304 23 20 to
391 4301 66 23 make
496 4309 12 15 a
543 4301 88 22 balloon

71 4334 78 20 ascent
182 4332 44 22 and
259 4332 123 29 parachute
416 4331 91 23 descent
540 4331 23 21 in
593 4331 38 22 the

71 4362 65 24 usual
165 4369 56 24 way.
262 4362 44 24 She
335 4361 88 24 seemed
452 4361 179 31 unaccountably

71 4402 96 15 nervous
177 4394 45 22 and
240 4394 89 27 unwell,
341 4394 43 22 and
396 4394 48 21 said
461 4394 38 21 she
516 4393 75 22 feared
602 4400 28 14 an

71 4425 110 26 accident,
198 4424 42 22 but
262 4424 109 25 declined,
384 4423 65 22 when
469 4425 39 20 her
529 4422 101 22 husband

71 4455 85 29 begged
167 4455 40 21 her
217 4458 24 18 to
252 4458 109 25 postpone
372 4455 38 21 the
421 4453 132 27 exhibition,
567 4455 24 20 to
601 4452 29 23 do

71 4493 30 14 so.
134 4485 58 23 Over
202 4485 66 27 5,000
283 4491 91 23 persons
392 4484 44 22 had
452 4491 61 15 come
529 4483 56 23 from
601 4483 29 22 all

70 4515 86 23 around
171 4518 24 20 to
210 4515 91 22 witness
312 4515 39 21 the
366 4514 69 27 show,
447 4514 45 22 and
503 4514 54 29 they
569 4516 61 20 must

70 4549 48 24 not,
140 4545 103 23 Victoria
262 4545 56 27 said,
339 4544 28 22 be
384 4544 165 29 disappointed.
582 4543 49 23 Nor

70 4583 58 15 were
145 4576 62 28 they.
238 4575 48 22 The
303 4575 69 29 sight,
383 4575 90 27 indeed,
490 4574 84 29 proved
588 4582 42 14 one

70 4606 52 22 that
136 4613 58 14 none
211 4605 24 22 of
254 4606 61 21 them
332 4612 38 15 are
387 4604 70 29 likely
474 4608 23 19 to
514 4604 74 30 forget
605 4607 25 20 to

69 4636 61 22 their
153 4635 71 29 dying
243 4635 51 29 day.
335 4635 47 22 The
407 4635 89 21 balloon
518 4634 110 22 ascended

69 4666 79 27 slowly
159 4669 23 17 to
193 4672 28 14 au
231 4665 98 21 altitude
340 4665 22 20 of
377 4665 69 20 about
459 4665 91 25 I,oooft,
563 4665 65 20 when

70 4703 13 13 a
98 4695 58 21 faint
171 4702 84 14 scream
266 4702 45 13 was
329 4693 76 27 heard,
418 4693 44 22 and
474 4693 39 22 the
523 4693 105 22 horrified

70 4726 126 26 spectators
203 4724 108 21 observed
320 4724 50 21 that
378 4723 102 22 Victoria
489 4723 43 22 had
541 4723 87 28 slipped

70 4754 57 21 from
139 4753 39 22 her
188 4753 68 29 perch
264 4752 44 23 and
316 4759 45 16 was
368 4752 114 29 dangling,
495 4752 133 29 apparently

71 4783 127 26 insensible,
220 4783 29 28 by
269 4790 42 14 one
330 4790 55 18 arm,
407 4783 73 21 which
506 4789 45 15 was
570 4782 58 22 fixed

71 4813 99 28 through
186 4820 13 14 a
214 4813 57 28 loop.
304 4812 190 28 Simultaneously
510 4812 38 22 the
567 4820 49 21 para-

70 4844 68 21 chute
149 4842 110 22 detached
277 4842 62 23 itself
354 4842 57 22 from
428 4842 38 21 the
478 4842 94 27 balloon,
585 4842 44 22 and

71 4874 40 19 the
121 4873 69 20 latter
201 4872 98 21 relieved
309 4872 23 21 of
344 4872 29 21 its
384 4872 84 28 weight
478 4872 77 20 soared
566 4879 63 19 away

71 4903 49 21 into
137 4902 38 22 the
191 4901 77 23 clouds
286 4901 58 22 until
363 4902 18 21 it
398 4909 45 14 was
460 4900 77 30 nearly
548 4901 43 22 lost
607 4904 23 20 to

72 4933 64 22 view.
168 4931 47 23 The
231 4931 110 28 husbind,
359 4932 105 29 realising
480 4931 38 23 the
534 4931 97 30 perilous

72 4963 110 23 situation
202 4963 22 22 in
243 4963 72 21 which
341 4962 34 22 his
400 4963 51 21 wife
475 4969 46 15 was
544 4961 89 29 placed'

71 4994 91 21 became
169 4992 78 23 crazed
252 4992 56 23 with
315 4992 63 28 grief,
384 4992 44 21 and
436 4995 60 25 wept
503 4992 43 21 and
555 4992 74 21 raved.

73 5023 104 29 Rushing
197 5026 23 18 to
236 5023 39 21 the
294 5022 101 28 dressing
416 5025 49 19 tent
486 5022 27 21 he
532 5021 72 22 seized
619 5029 13 14 a

73 5053 102 23 revolver
186 5052 43 23 and
242 5053 52 21 shot
311 5056 24 18 at
353 5052 43 22 and
408 5051 108 22 wounded
536 5051 95 27 himself,

73 5084 42 23 but
135 5083 75 23 before
227 5083 27 22 he
265 5090 44 15 was
327 5082 50 22 able
395 5084 24 20 to
436 5082 53 22 take
507 5081 34 22 his
556 5081 38 22 life
605 5081 28 22 he

73 5122 47 14 was
138 5113 109 30 grappled
272 5113 55 21 with
348 5112 29 29 by
396 5120 28 13 an
444 5111 121 22 attendant
589 5111 44 22 and

73 5143 133 24 restrained.
247 5142 114 29 Suddenly
383 5150 13 13 a
420 5142 64 21 small
508 5141 61 29 body
588 5148 45 15 was

73 5183 52 14 seen
145 5177 24 19 to
188 5174 64 22 leave
272 5173 38 22 the
330 5173 88 22 balloon
438 5171 44 23 and
500 5175 58 19 start
578 5179 27 14 on
621 5179 12 13 a

73 5204 130 24 downward
224 5204 82 28 plunge
325 5203 23 22 of
370 5203 57 27 fully
447 5201 60 28 3,000
507 5201 25 28 ft
552 5204 23 19 to
595 5201 39 22 the

73 5234 95 31 ground.
200 5234 32 22 As
243 5234 18 22 it
272 5232 141 30 approached
424 5232 18 22 it
453 5239 46 15 was
509 5238 51 15 seen
573 5233 23 20 to
607 5230 27 23 be

73 5267 40 23 the
130 5265 148 23 unfortunate
289 5270 92 16 woman.
422 5262 48 23 The
486 5262 60 28 body
556 5261 78 23 struck

73 5297 40 22 the
133 5299 39 26 top
192 5295 23 22 of
236 5302 28 14 an
284 5294 44 21 elm
348 5297 47 18 tree
416 5293 55 21 with
491 5291 144 23 tremendous

72 5327 69 27 force,
161 5325 53 27 and,
232 5324 89 28 tearing
341 5323 97 29 through
458 5323 39 21 the
517 5322 116 26 branches,

73 5356 102 31 dropped
195 5363 27 15 on
249 5355 38 22 the
311 5353 66 23 earth
402 5360 12 15 a
433 5351 114 31 shapeless
567 5359 65 14 mass.

73 5389 109 22 Needless
203 5391 23 19 to
245 5393 41 22 say
306 5384 103 24 Victoria
428 5391 45 15 was
490 5383 63 30 quite
569 5382 64 23 dead.

72 5419 48 22 The
130 5417 134 23 attendants
280 5415 44 22 and
342 5414 75 22 crowd
435 5413 66 22 Btood
511 5412 124 22 transfixed

71 5448 57 23 with
139 5448 80 22 horror
228 5453 25 15 as
265 5445 39 22 the
315 5444 148 23 unfortunate
474 5441 110 28 husband,
596 5441 39 23 the

71 5478 68 24 blood
156 5477 96 30 pouring
268 5476 57 22 from
344 5474 39 24 the
393 5472 82 25 wound
490 5472 23 23 in
524 5472 35 23 his
569 5471 65 27 neck,

73 5509 99 22 tottered
191 5506 99 24 towards
309 5505 40 23 the
369 5511 78 21 corpse
462 5502 53 26 and,
532 5502 57 21 with
607 5508 28 15 an

71 5538 115 31 appalling
196 5544 47 24 cry,
255 5535 62 31 flung
327 5534 91 24 himself
428 5540 60 24 upon
498 5532 26 23 it.
555 5531 81 23 Before

71 5578 14 14 a
95 5570 79 22 doctor
184 5568 66 23 could
261 5567 66 24 reach
338 5566 39 23 the
394 5568 53 26 spot
464 5564 28 22 he
502 5565 38 20 too
550 5569 46 16 was
606 5569 30 15 no

72 5607 66 15 more.
179 5599 47 23 The
246 5598 73 23 entire
339 5601 141 21 occurrence,
501 5593 24 23 of
548 5599 86 20 course,

71 5630 54 28 only
134 5629 108 29 occupied
252 5637 13 14 a
275 5629 43 22 few
328 5626 94 24 seconds
424 5625 62 23 far
496 5624 44 23 less
550 5622 56 24 than
616 5622 20 23 it

73 5660 64 23 takes
148 5662 24 21 to
183 5659 48 24 tell.

745 167 242 32 AUSTRALIAN
1005 164 121 29 NOTES.

879 245 134 27 SYDNEY,
1029 244 108 24 October
1152 242 32 22 52.

685 280 56 23 New
766 278 96 24 Zealand
887 278 145 29 shipmasters
1067 273 90 28 trading
1190 273 25 19 to

657 310 111 24 Southern
780 310 47 22 coal
837 312 63 27 ports
912 308 64 22 know
987 306 39 23 the
1041 304 83 29 danger
1141 304 61 20 atten-

656 341 56 23 dant
722 348 28 16 on
762 340 98 29 loading,
877 339 74 28 owing
961 341 23 19 to
1001 336 38 22 the
1055 334 94 23 absence
1165 332 22 21 of
1203 338 13 15 a

656 372 47 21 safe
715 371 88 26 haibor,
820 372 64 20 when
900 369 73 29 larger
988 365 82 24 vessels
1087 364 48 22 call.
1166 361 49 23 Bad

656 402 100 21 weather
766 408 72 15 comes
849 408 35 19 on,
896 399 44 22 and
950 398 55 28 they
1014 403 38 15 are
1062 392 121 31 compelled
1192 395 24 19 to

656 431 73 29 flight.
781 430 77 23 Under
889 429 54 22 such
976 428 172 21 circumstances
1178 423 38 22 the

657 460 111 24 Southern
774 461 109 23 collieries
891 467 36 15 are
936 454 153 32 handicapped
1098 451 118 32 compared

658 492 55 21 with
734 491 127 23 Newcastle
881 490 43 22 and
945 490 30 21 its
995 490 88 27 greater
1102 484 111 24 facilities.

656 521 49 23 The
715 521 119 30 Assembly
845 520 85 23 carried
941 527 13 14 a
964 518 84 23 motion
1060 515 108 28 referring
1178 518 38 18 tne

657 552 103 30 question
781 551 23 24 of
822 550 154 31 constructing
995 556 13 16 a
1027 547 46 24 safe
1093 545 80 24 harbor
1193 546 24 20 at

658 583 55 22 Port
738 583 104 27 Kembla,
868 583 73 21 which
966 588 45 14 was
1035 577 96 24 selected
1158 576 59 22 after

658 614 115 28 inquiring
780 614 48 21 into
839 612 39 23 the
889 612 77 22 claims
974 611 22 21 of
1006 605 210 31 Woollongongand

658 643 118 27 Bellambi,
788 647 24 17 to
823 643 38 21 the
872 642 78 21 Public
962 640 82 21 Works
1054 637 140 23 Committee.

688 673 68 22 Much
768 673 54 22 time
834 680 45 14 was
896 670 85 24 wasted
1000 670 23 22 in
1039 667 124 29 discussing
1179 665 39 22 the

659 703 92 29 Sunday
776 703 91 29 trading
895 701 111 31 question.
1058 699 46 23 One
1131 696 86 23 zealous

659 734 98 23 member
768 733 116 29 martyred
903 731 89 24 himself
1011 731 23 22 iu
1050 730 39 22 the
1100 727 75 32 public
1185 727 21 23 in-

660 767 70 19 terest
741 765 29 28 by
781 764 82 29 calling
875 766 24 20 at
909 763 102 22 fourteen
1018 760 79 23 hotels.
1128 758 27 23 In
1164 757 53 22 each

659 795 101 22 instance
771 795 39 22 the
820 794 95 22 licensee
926 800 68 15 never
1004 790 68 24 failed
1082 792 24 20 to
1121 788 40 23 ask
1172 788 46 22 him

660 826 34 21 his
714 825 104 28 position.
860 824 47 22 The
927 823 52 27 only
999 823 64 28 point
1082 820 23 22 of
1124 820 94 20 interest

659 854 91 23 elicited
761 854 83 30 during
855 854 38 22 the
904 853 124 22 discussion
1043 857 45 15 was
1106 849 38 23 the
1162 849 56 21 view

659 885 23 21 of
701 886 39 20 the
761 884 107 27 Premier,
888 884 50 21 who
958 882 98 29 thought
1075 880 52 22 that
1146 878 72 23 hotels

660 914 80 22 should
752 914 26 22 be
794 921 57 22 open
863 917 24 18 at
896 912 76 22 stated
990 912 67 21 hours
1072 917 28 15 on
1117 908 100 28 Sunday,

660 944 44 23 and
722 945 27 21 he
769 943 113 31 promised
900 946 24 20 to
942 945 95 27 support
1056 946 44 24 any
1118 945 63 16 move
1196 939 22 21 in

661 975 52 24 that
724 975 117 24 direction.

687 1006 37 22 An
735 1006 65 22 effort
812 1014 45 14 was
868 1005 64 23 made
943 1007 23 20 to
976 1004 66 28 bring
1053 1009 29 22 np
1094 1002 38 22 the
1143 1004 76 25 report

660 1036 22 22 of
693 1037 39 21 the
743 1035 42 23 Old
797 1036 47 29 Age
856 1035 107 22 Pensions
973 1033 134 23 Committee
1124 1031 35 22 for
1175 1030 32 21 dis-

660 1066 96 27 cussion,
778 1065 42 22 but
839 1065 39 22 the
899 1065 99 22 Premier
1021 1060 101 24 declined
1143 1062 24 20 to
1192 1059 26 22 be

660 1096 76 23 drawn
748 1103 28 15 on
788 1103 23 14 so
823 1096 124 28 important
965 1101 13 15 a
996 1095 89 24 matter,
1098 1091 80 26 which,
1191 1089 27 23 he

659 1127 56 25 said,
728 1126 103 29 required
843 1127 38 21 the
893 1133 70 14 recess
974 1125 34 21 for
1018 1122 170 23 consideration.

687 1156 48 22 The
758 1155 114 23 Women's
891 1154 120 22 Franchise
1035 1152 45 22 Bill
1105 1158 45 15 was
1175 1150 33 22 dis-

660 1185 95 30 charged
767 1185 56 22 from
836 1185 38 22 the
884 1184 71 23 Order
964 1183 71 30 Paper
1045 1185 25 19 at
1080 1181 39 23 the
1129 1182 90 29 request

660 1216 22 23 of
693 1216 38 23 the
742 1216 98 23 member
851 1216 50 22 who
911 1214 102 24 fathered
1025 1213 25 23 it.

687 1247 47 22 The
764 1246 94 29 Savings
892 1246 64 22 Bank
991 1244 44 23 Bill
1069 1242 79 30 passed
1181 1242 38 22 the

660 1277 126 27 Assembly,
809 1276 44 22 and
882 1276 38 21 the
954 1273 92 24 Council
1075 1272 79 29 placed
1181 1272 39 22 the

660 1307 119 20 Franchise
799 1305 123 22 Extension
948 1304 44 22 Bill
1017 1310 27 14 on
1068 1303 39 21 the
1128 1301 92 23 Statute

658 1336 69 22 Book.
760 1335 46 22 The
827 1334 116 23 Abolition
962 1333 24 22 of
1010 1332 90 30 Capital
1124 1331 82 23 Punish-

658 1370 62 18 ment
739 1365 44 23 Bill
803 1369 39 26 got
868 1364 98 30 through
990 1364 129 21 committee
1140 1364 22 21 in
1181 1363 39 22 the

657 1396 119 28 Assembly
794 1395 115 29 listlessly,
928 1402 28 14 an
974 1394 67 22 effort
1058 1397 24 19 to
1097 1394 72 21 retain
1181 1394 39 21 the

657 1433 103 21 supreme
777 1425 93 28 penalty
889 1425 34 22 for
941 1424 91 22 murder
1042 1423 67 29 being
1120 1423 99 28 rejected

657 1454 30 30 by
697 1456 27 21 20
736 1461 23 16 to
769 1456 19 21 8.

685 1484 121 29 Naturally
818 1484 40 23 the
868 1484 58 23 alien
936 1486 53 27 part
999 1483 23 22 of
1037 1482 39 23 the
1086 1482 133 30 population

656 1515 29 22 do
696 1517 40 21 not
746 1515 80 29 regard
837 1515 38 22 the
887 1514 139 22 Restriction
1037 1514 45 22 Act
1090 1514 55 21 with
1153 1513 53 21 calm-

657 1552 56 15 ness.
745 1546 36 21 An
793 1545 108 29 Assyrian
913 1545 116 22 merchant
1044 1543 92 29 writing
1147 1546 23 19 to
1181 1543 39 21 the

657 1576 66 23 Press
733 1576 111 23 advances
854 1576 62 23 what
932 1578 60 20 must
1009 1574 28 23 be
1054 1581 28 16 an
1098 1573 107 23 unlooked-

657 1608 35 22 for
711 1608 59 22 blow
790 1611 23 19 to
834 1608 38 21 the
892 1606 105 29 religious
1017 1606 97 22 element
1138 1605 22 22 in
1181 1604 39 23 the

659 1638 114 29 Ministry.
805 1637 35 23 He
858 1645 51 20 says
925 1638 53 22 that
992 1636 18 22 if
1027 1635 77 24 Christ
1120 1642 61 16 came
1197 1637 23 19 to

658 1668 91 28 Sydney
760 1668 88 22 neither
863 1667 37 22 He
916 1675 40 14 nor
972 1667 42 22 His
1032 1665 105 29 disciples
1154 1665 66 22 could

658 1698 27 22 be
695 1698 121 26 admitted,
835 1697 94 23 because
946 1696 55 29 they
1015 1703 58 16 were
1089 1695 128 29 Assyrians.

658 1728 47 23 The
720 1729 77 21 writer
807 1728 143 29 indignantly
962 1730 75 20 scouts
1053 1727 39 22 the
1107 1726 51 22 idea
1168 1726 52 22 that

658 1759 88 22 colored
757 1766 61 15 races
837 1766 57 14 were
912 1758 142 26 Caucasians,
1067 1757 86 28 though
1166 1756 54 29 they

658 1789 94 22 claimed
773 1788 39 23 the
832 1788 75 23 habits
927 1788 44 22 and
991 1791 98 19 customs
1109 1786 23 23 of
1157 1787 63 22 those

658 1819 101 22 civilised
771 1819 84 29 people.
887 1818 47 23 The
943 1818 70 23 latter
1020 1819 119 27 argument
1150 1816 70 22 avails

658 1849 102 30 nothing,
783 1849 94 22 because
902 1849 38 21 the
956 1849 45 21 Act
1020 1847 101 30 specifies
1143 1846 30 22 all
1196 1854 24 14 as

658 1880 104 22 Asiatics.
795 1880 47 22 One
861 1879 99 21 member
980 1878 22 22 of
1022 1879 39 21 the
1085 1877 134 29 deputation

660 1909 137 28 mournfully
808 1908 48 23 told
867 1910 38 21 the
917 1908 100 22 Premier
1028 1908 51 21 that
1089 1907 39 22 the
1139 1907 80 22 Sultan

658 1939 92 23 forbade
759 1940 34 22 his
808 1943 147 25 countrymen
967 1938 89 29 leaving
1065 1938 71 27 home,
1146 1937 72 22 which

658 1969 79 23 caused
755 1969 37 23 Mr
811 1969 58 23 P,eid
884 1973 24 18 to
929 1969 88 23 remark
1038 1969 52 21 that
1108 1968 27 22 he
1155 1968 64 29 quite

658 2000 80 29 agreed
750 2000 55 22 with
822 2001 39 21 the
875 1999 89 27 Sultan,
977 2000 50 21 who
1042 2006 46 14 was
1098 2006 13 14 a
1121 1998 97 22 sensible

658 2037 57 15 man.

686 2060 47 22 The
750 2060 101 22 militant
870 2059 110 23 members
1000 2059 23 22 of
1043 2059 39 22 the
1098 2058 120 29 Assembly

658 2090 97 23 invaded
776 2090 38 23 the
835 2089 101 24 Colonial
955 2088 138 31 Secretary's
1112 2089 63 22 office
1195 2089 23 21 in

658 2126 78 24 strong
746 2122 67 26 force,
827 2121 41 22 and
880 2120 115 30 preferred
1006 2128 12 14 a
1034 2123 90 26 request
1135 2120 34 22 for
1180 2119 39 23 the

658 2151 236 22 re-establishmentof
904 2151 39 22 the
951 2150 81 21 Easter
1041 2153 176 24 encampments,

658 2181 74 23 which
750 2189 57 15 were
823 2180 132 24 abandoned
974 2180 71 23 under
1063 2180 39 23 the
1120 2180 84 23 Govern-

659 2213 79 21 ment's
754 2212 168 22 retrenchment
940 2211 81 29 policy.
1059 2211 37 22 Mr
1115 2211 105 22 Brunker

658 2241 113 28 promised
781 2244 24 19 to
820 2241 118 27 favorably
948 2241 86 21 submit
1044 2241 39 21 the
1094 2243 91 25 request
1196 2243 24 18 to

659 2271 34 21 his
704 2270 132 28 colleagues,
848 2270 86 29 though
953 2270 19 22 it
988 2272 75 19 meant
1074 2277 28 14 an
1113 2269 93 29 expendi-

659 2303 51 21 ture
729 2301 23 23 of
767 2302 101 26 26,000.
910 2300 47 24 The
977 2304 96 26 country
1093 2299 45 24 had
1154 2303 66 26 spent

660 2333 133 25 5,000,000
803 2340 27 14 on
846 2332 92 22 defence
949 2338 114 22 purposes,
1076 2331 43 21 and
1131 2331 28 21 he
1169 2338 38 14 con-

658 2362 89 22 sidered
758 2363 19 21 it
787 2370 13 13 a
809 2361 164 29 short-sighted
985 2361 74 29 policy
1070 2363 24 20 to
1104 2361 65 21 allow
1180 2361 39 22 the

660 2392 71 21 whole
741 2392 23 21 of
776 2392 37 21 the
823 2392 61 21 work
896 2394 23 19 to
930 2392 90 21 become
1030 2390 128 22 ineffective
1166 2390 30 28 by
1206 2397 13 14 a

660 2421 81 23 refusal
754 2425 22 19 to
787 2429 44 22 pay
842 2421 111 22 sufficient
964 2424 24 19 to
998 2420 78 23 enable
1094 2420 39 23 the
1147 2420 71 23 forces

660 2455 23 20 to
693 2451 90 24 become
794 2451 104 24 efficient.

687 2483 60 22 Both
767 2483 39 22 the
826 2483 138 22 investment
983 2482 43 22 and
1048 2483 85 27 mining
1153 2481 64 22 stock

659 2512 100 23 markets
779 2520 37 15 are
837 2513 54 22 dull.
938 2512 75 23 Prices
1035 2512 22 22 of
1081 2512 138 22 investment

658 2543 65 22 stock
734 2543 85 22 remain
830 2543 87 29 steady.
949 2542 158 23 Transactions
1117 2542 23 22 in
1151 2542 68 22 silver

658 2581 38 15 are
712 2580 54 22 very
784 2573 95 28 limited,
899 2573 136 23 insufficient
1053 2576 23 20 to
1093 2580 66 15 cause
1175 2579 43 22 any

659 2604 103 22 material
779 2604 82 22 alterat
872 2611 28 15 on
918 2604 23 22 in
959 2604 78 28 prices,
1059 2603 85 29 though
1156 2603 63 22 there

659 2641 46 14 was
720 2641 13 15 a
750 2634 71 28 slight
838 2634 76 28 easiug
933 2633 111 29 tendency
1054 2636 25 19 at
1096 2634 39 21 the
1151 2632 65 23 close.

659 2664 58 23 Gold
736 2664 76 22 shares
829 2664 58 22 close
905 2663 123 30 neglected.
1061 2662 155 28 Westralians,

659 2695 22 21 in
697 2695 74 21 which
790 2698 58 18 most
865 2694 101 22 business
984 2695 18 21 is
1020 2693 64 27 done,
1097 2700 38 16 are
1146 2693 70 27 weak,

660 2724 55 23 with
727 2732 13 14 a
751 2723 130 23 downward
893 2723 72 23 trend.

688 2754 47 22 The
744 2754 56 22 wool
808 2754 56 22 sales
872 2761 38 15 are
921 2754 21 21 in
954 2754 42 21 full
1006 2754 71 27 swing
1087 2753 23 22 in
1119 2753 98 28 Sydney,

660 2783 140 27 Melbourne,
822 2783 43 23 and
891 2783 109 23 Adelaide
1020 2784 56 22 with
1100 2790 120 15 numerous

660 2815 102 22 auctions
787 2814 82 30 during
891 2814 37 22 the
949 2814 69 23 week.
1064 2814 71 30 Large
1159 2816 48 20 cata-

660 2845 76 28 logues
757 2845 56 21 have
833 2845 55 22 been
908 2845 133 27 submitted,
1069 2845 38 22 the
1131 2848 90 25 greater

661 2875 129 27 proportion
801 2874 23 22 of
839 2874 39 22 the
888 2874 104 29 offerings
1004 2874 83 29 having
1097 2874 55 22 been
1163 2874 55 22 sold.

660 2903 152 30 Competition
846 2904 140 29 throughout
1017 2911 46 15 was
1096 2903 124 28 extremely

660 2933 64 28 keen,
744 2934 93 28 English
848 2934 43 23 and
902 2934 97 23 German
1010 2934 83 29 buyers
1103 2934 118 29 operating

660 2968 57 19 most
737 2964 78 29 freely,
830 2964 66 23 while
913 2965 131 22 Americans
1063 2964 48 23 still
1128 2964 62 23 show
1208 2972 13 14 a

660 2995 110 28 tendency
795 2998 23 18 to
844 2995 52 22 hold
926 2995 36 21 off.
1014 2994 125 29 Compared
1164 2995 56 22 with

658 3027 76 19 recent
757 3024 57 22 sales
843 3025 72 27 prices
946 3024 23 22 of
997 3024 58 28 good
1086 3024 135 28 qualities

658 3053 91 27 merino,
761 3053 104 28 greasies,
877 3053 102 27 scoured,
992 3053 44 22 and
1054 3053 166 22 cross-breds

657 3083 114 24 advanced
789 3083 58 30 fully
862 3085 13 22 5
892 3091 40 23 per
949 3089 69 23 cent.,
1031 3084 67 23 while
1116 3084 104 23 inferiors

656 3115 44 21 and
726 3115 72 28 pieces
823 3122 58 14 were
905 3115 23 21 in
954 3115 75 21 better
1053 3115 97 21 demand
1175 3115 45 21 and

656 3143 82 24 firmer.
792 3144 48 24 The
864 3145 100 23 markets
989 3145 74 23 closed
1088 3144 62 24 brisk
1175 3145 45 23 and

657 3175 107 29 buoyant.
802 3176 132 21 Melbourne
950 3175 138 23 established
1109 3183 13 14 a
1142 3176 77 21 record

656 3208 25 19 at
697 3212 42 15 one
755 3205 53 27 sale,
820 3213 54 14 over
893 3206 65 26 3,000
975 3206 61 21 bales
1055 3206 66 29 being
1136 3205 83 23 offered

656 3235 44 23 and
712 3242 68 23 every
790 3242 42 16 one
842 3235 56 23 sold.

684 3265 92 31 Sydney
795 3267 84 29 import
898 3266 101 23 markets
1018 3274 38 15 are
1076 3266 93 23 marked
1188 3266 30 30 by

656 3297 122 29 quietness,
795 3298 73 21 which
889 3298 89 28 usually
998 3297 162 23 characterises
1180 3298 39 21 the

656 3327 42 22 eud
719 3328 23 21 of
766 3328 39 21 the
826 3328 85 21 month.
944 3328 84 21 Metals
1048 3335 37 14 are
1105 3328 24 21 in
1145 3328 74 21 active

656 3357 104 28 demand,
772 3357 57 23 with
846 3358 72 26 prices
932 3357 50 23 firm
993 3358 30 21 all
1034 3357 78 23 round.
1145 3358 21 22 A
1176 3357 44 23 fair

656 3388 89 23 volume
761 3389 22 22 of
804 3389 63 22 trade
885 3389 19 22 is
921 3388 69 30 doing
1006 3389 35 22 for
1058 3391 88 27 export,
1158 3397 49 21 espe-

655 3419 67 28 cially
733 3420 22 21 in
773 3419 38 22 the
822 3419 110 22 direction
949 3420 22 21 of
985 3420 123 21 Westralia
1125 3420 43 21 and
1181 3420 39 21 the

655 3448 96 22 Islands.
783 3448 141 23 Breadstuffs
939 3449 43 22 felt
997 3449 40 22 the
1056 3449 67 22 effect
1142 3449 23 22 of
1180 3449 40 22 the

655 3478 100 22 advance
775 3479 23 21 in
818 3479 86 28 foreign
921 3479 44 22 and
985 3479 109 22 southern
1110 3479 107 22 markets.

656 3509 46 22 The
713 3509 157 29 discouraging
882 3513 87 25 reports
978 3509 121 29 regarding
1106 3509 39 22 the
1156 3516 64 22 crop
1221 3509 1 29 3

655 3539 23 22 in
709 3539 107 22 southern
829 3539 114 22 .districts
963 3539 45 22 and
1029 3539 38 22 the
1086 3540 72 28 heavy
1183 3539 25 22 de-

656 3569 78 22 mands
747 3576 28 15 on
785 3569 77 22 behalf
878 3570 23 21 of
914 3570 66 22 other
997 3570 106 27 colonies,
1121 3571 51 21 who
1183 3576 37 16 are

655 3608 50 14 now
723 3599 101 30 drawing
839 3608 28 14 on
886 3608 40 14 our
942 3600 114 28 imported
1072 3601 84 25 stocks,
1173 3601 47 21 also

655 3630 144 21 contributed
825 3634 24 17 to
874 3630 39 21 the
943 3630 138 28 stringency.
1127 3630 27 21 In
1179 3630 40 21 the

656 3659 82 24 middle
750 3660 23 22 of
784 3662 39 20 the
834 3660 62 23 week
906 3659 38 24 the
954 3660 141 29 speculative
1105 3660 63 23 fever
1175 3667 45 15 was

655 3690 61 29 high.
749 3690 81 28 Heavy
850 3690 121 29 purchases
991 3690 24 22 of
1039 3690 56 22 flour
1120 3690 36 22 led
1182 3690 39 22 the

657 3719 93 24 Millers'
771 3720 141 23 Association
933 3723 24 20 to
978 3720 58 23 raise
1057 3721 39 21 the
1116 3720 62 29 price
1197 3719 23 23 of

656 3751 56 22 local
724 3754 24 19 to
762 3752 51 21 ll.
845 3751 140 23 Californian
1002 3752 18 21 is
1036 3750 85 29 quoted
1132 3754 25 19 at
1168 3751 50 22 lO.

657 3782 65 22 Local
735 3782 86 28 milling
839 3781 43 22 and
902 3780 42 24 No.
967 3782 9 21 1
996 3780 139 24 Californian
1147 3781 74 22 wheat

656 3820 37 14 are
714 3812 122 29 nominally
856 3811 84 30 quoted
961 3815 25 19 at
1004 3813 32 21 4s.
1068 3811 47 23 The
1133 3811 89 23 market

656 3843 70 21 closes
741 3846 85 23 strong,
846 3843 41 20 but
903 3842 104 22 steadier.
1041 3842 131 28 Reviewing
1183 3843 39 20 the

656 3872 106 27 position,
789 3871 39 21 the
854 3872 6 10 '
869 3871 91 28 Sydney
986 3870 106 28 Morning
1121 3870 101 22 Herald'

657 3908 52 22 says
726 3900 39 23 the
783 3900 93 23 outlook
892 3900 18 22 is
926 3900 35 22 for
978 3907 13 15 a
1008 3900 90 28 general
1116 3900 92 30 importa-

658 3931 48 23 tion
717 3931 22 23 of
751 3931 74 23 wheat
836 3931 29 29 by
881 3931 31 22 all
928 3931 39 23 the
982 3931 98 22 colonies
1091 3935 55 19 next
1159 3939 60 22 year.

658 3962 48 22 The
718 3962 139 28 'Telegraph
864 3961 5 10 5
881 3961 101 23 remarks
1001 3961 52 23 that
1070 3962 19 22 it
1104 3963 19 21 is
1137 3962 73 29 signifi-

659 3994 53 20 cant
726 3992 52 21 that
802 3997 25 16 ati
851 3991 39 22 the
915 3994 92 26 present
1031 3992 55 22 time
1110 3992 39 22 the
1169 3992 53 29 only

660 4021 121 23 Freetrade
792 4022 79 28 colony
889 4022 18 21 is
925 4022 39 21 the
982 4022 73 22 active
1073 4025 76 19 centre
1164 4022 58 23 from

660 4052 73 21 which
758 4051 118 29 protected
901 4058 128 16 consumers
1049 4052 51 22 look
1121 4053 35 21 for
1170 4060 39 22 sup-

660 4081 64 28 plies,
737 4081 45 21 and
793 4081 49 21 feed
853 4081 44 21 and
909 4081 97 28 produce
1018 4082 56 21 lines
1084 4089 38 15 are
1133 4083 86 28 steady.

688 4111 47 21 The
755 4110 85 22 British
866 4110 56 22 New
946 4111 88 22 Guinea
1048 4111 117 29 golafields
1185 4119 37 15 are

661 4141 64 28 again
745 4140 125 28 attracting
886 4148 13 14 a
915 4140 57 30 good
992 4140 50 23 deal
1058 4141 23 22 of
1098 4142 122 27 attention,

661 4170 43 22 and
720 4178 13 14 a
749 4170 94 22 number
863 4170 22 22 of
905 4178 50 14 men
975 4178 38 15 are
1028 4170 97 31 flocking
1141 4175 23 19 to
1183 4171 39 23 the

662 4200 125 24 Mambarie
806 4200 59 24 field.
907 4201 72 23 Three
1004 4205 141 26 prospectors
1166 4203 56 22 have

661 4232 107 22 obtained
783 4232 67 22 900oz
860 4239 28 14 on
900 4232 46 21 this
959 4232 59 22 field.
1051 4232 47 22 The
1109 4232 51 29 gold
1171 4234 19 20 is
1200 4234 22 21 of

662 4262 111 21 excellent
782 4262 96 28 quality,
891 4262 44 21 and
949 4262 81 21 valued
1041 4264 25 19 at
1076 4262 57 21 from
1144 4264 31 21 3
1187 4264 35 21 18a

662 4294 23 19 to
696 4292 31 21 4
743 4298 39 22 per
792 4298 77 14 ounce.
874 4292 8 8 *

817 4332 202 25 MELBOURNE.
1035 4333 110 22 Octokeb
1158 4333 34 22 25.

689 4362 47 25 The
760 4362 65 25 State
849 4362 64 24 Bank
939 4362 45 25 Bill
1009 4363 39 24 has
1073 4362 55 25 been
1153 4362 68 31 fairly

661 4394 117 23 launched.
809 4394 100 22 Premier
926 4394 95 28 Turner,
1038 4395 23 22 in
1079 4395 90 29 moving
1184 4395 39 22 the

661 4425 81 21 second
753 4425 100 29 reading,
865 4424 119 29 explained
1003 4425 30 21 its
1044 4426 59 20 main
1115 4425 105 22 features.

661 4455 92 22 Besides
770 4455 173 29 amalgamation
962 4455 22 22 of
1005 4455 39 22 the
1062 4455 79 27 banks,
1160 4455 63 22 there

662 4493 57 14 were
736 4489 133 25 guarantees
887 4485 29 29 by
927 4486 39 21 the
981 4486 155 22 Government
1146 4486 23 22 of
1184 4486 39 22 the

661 4515 94 30 Savings
776 4515 64 23 Bank
860 4515 100 28 deposits
980 4515 44 23 and
1044 4515 121 30 providing
1184 4515 25 23 ad-

660 4553 81 15 vances
751 4553 28 15 on
791 4546 38 22 the
846 4545 79 23 Credit
941 4545 94 23 Foncier
1052 4549 86 26 system
1149 4550 23 18 to
1183 4546 39 22 the

659 4576 156 29 agriculturist
844 4576 44 22 and
918 4576 133 29 pastoralist
1081 4580 25 19 at
1129 4577 28 23 4A
1181 4583 40 23 per

659 4609 68 23 cent.,
746 4606 38 22 the
802 4606 111 29 principal
931 4606 44 22 and
993 4607 96 22 interest
1105 4606 67 29 being
1188 4614 22 15 re-

659 4636 95 29 payable
779 4636 23 22 in
821 4637 170 28 seventy-three
1012 4636 136 29 half-yearly
1167 4643 40 22 pay-

659 4668 80 23 ments,
762 4668 22 19 to
804 4665 27 21 be
852 4665 65 21 made
936 4665 72 21 under
1033 4666 38 21 the
1091 4666 88 22 control
1198 4666 23 22 of

659 4695 176 22 commissioners
850 4695 44 22 and
912 4695 231 29 inspectors-general.
1176 4695 30 22 Ad-

659 4733 80 14 vances
750 4733 37 14 are
798 4729 23 18 to
832 4725 27 22 be
870 4725 22 22 of
908 4726 38 21 the
962 4725 118 22 minimum
1090 4728 93 19 amount
1198 4726 23 21 of

659 4755 45 22 SO
714 4754 44 23 and
774 4762 13 14 a
804 4755 123 21 maximum
937 4754 23 22 of
978 4754 88 27 2,000.
1098 4754 48 22 The
1157 4754 65 22 State

659 4784 64 23 Bank
742 4784 47 23 will
805 4785 56 22 have
878 4784 40 23 the
936 4784 113 22 exclusive
1066 4783 63 30 right
1144 4784 23 22 of
1183 4784 40 22 the

659 4817 53 20 note
737 4815 66 26 issue,
836 4815 74 22 which
942 4815 47 22 will
1020 4814 28 22 be
1079 4814 88 22 limited
1198 4817 24 19 to

660 4845 140 27 2,000,000,
812 4845 56 22 with
886 4851 76 23 power
980 4848 24 19 to
1014 4844 39 22 the
1063 4844 159 22 Governor-in-

660 4874 92 22 Council
763 4879 24 17 to
797 4876 99 20 increase
906 4875 26 21 it.
975 4874 65 21 With
1056 4874 81 28 regard
1148 4876 24 19 to
1183 4874 40 21 the

660 4907 60 19 state
744 4904 23 22 of
791 4905 39 22 the
854 4904 106 28 finances,
986 4904 28 22 he
1038 4903 49 23 said
1111 4903 54 23 that
1184 4902 39 24 the

660 4935 154 22 Government
833 4935 44 23 had
901 4935 117 22 command
1044 4934 22 23 of
1091 4934 133 27 1,800,000

661 4965 22 22 of
698 4965 52 27 gold
768 4973 95 20 reserve,
881 4966 67 22 while
965 4966 135 26 1,400,000
1116 4964 107 23 obtained

662 4997 23 19 at
696 4996 13 20 3
719 5002 39 18 per
769 4997 57 20 cent,
837 4995 74 22 would
922 4998 78 19 return
1012 4995 103 27 42,000.
1146 4994 24 22 It
1178 5001 46 15 was

661 5024 120 22 estimated
799 5025 51 23 that
867 5025 96 28 25,000
980 5023 76 24 would
1072 5024 27 22 be
1117 5023 105 23 obtained

663 5054 56 22 from
739 5059 91 17 current
849 5058 114 24 accounts,
984 5055 93 29 making
1096 5054 128 30 altogether

663 5084 69 22 about
742 5085 103 27 67,000,
857 5085 73 22 which
941 5085 75 23 would
1034 5085 27 22 be
1071 5084 113 23 sufficient
1200 5086 24 21 to

663 5117 59 19 meet
732 5115 38 21 the
781 5122 107 21 expenses
899 5116 23 21 of
932 5116 39 21 the
988 5116 59 21 bank
1059 5115 44 22 and
1115 5122 44 22 any
1170 5114 51 22 loss.

664 5143 46 23 The
721 5143 81 23 debate
812 5152 46 15 was
868 5145 132 30 adjourned.

691 5174 67 22 After
775 5175 39 21 the
829 5175 87 29 Supply
933 5176 44 21 Bill
995 5175 80 29 passed
1094 5175 38 22 the
1148 5175 76 22 House

664 5207 39 25 got
715 5206 22 19 to
748 5204 62 21 work
821 5211 28 15 on
861 5205 38 22 the
910 5205 156 22 Constitution
1077 5205 45 22 Bill
1132 5204 23 23 in
1166 5211 44 15 com-

664 5234 86 26 mittee,
772 5234 73 23 which
870 5235 107 28 promises
1001 5238 24 20 to
1045 5235 28 23 be
1092 5243 14 14 a
1129 5234 95 29 lengthy

664 5266 108 20 contract.

692 5293 32 22 To
735 5293 110 23 celebrate
855 5294 116 30 Trafalgar
982 5295 50 29 Day
1041 5296 38 22 the
1090 5294 135 23 Federation

667 5322 86 30 League
763 5324 108 28 arranged
890 5324 34 22 for
934 5332 13 14 a
964 5326 85 21 lecture
1065 5326 30 28 by
1105 5325 40 21 the
1163 5324 59 22 Hon.

665 5353 96 22 Thomas
773 5353 26 22 A.
812 5353 95 29 Brassey
917 5362 28 15 on
964 5355 39 23 the
1013 5355 122 30 principles
1145 5354 23 23 of
1186 5353 39 23 the

666 5383 106 30 Imperial
783 5384 96 23 Defence
891 5385 93 30 League.
1017 5386 35 23 He
1068 5393 56 22 gave
1141 5393 29 15 an
1185 5393 25 14 ex-

666 5414 103 21 haustive
780 5414 81 21 review
872 5415 23 20 of
905 5416 38 20 the
951 5416 67 21 naval
1029 5423 113 14 resources
1152 5415 23 21 of
1186 5415 39 20 the

665 5442 90 30 leading
761 5442 113 22 countries
882 5443 24 22 of
915 5444 39 21 the
964 5444 79 28 world,
1052 5444 90 29 leading
1152 5447 25 19 to
1185 5444 39 22 the

665 5472 135 29 comforting
811 5472 125 24 conclusion
949 5473 50 24 that
1011 5475 38 22 the
1059 5473 86 25 British
1156 5473 69 29 Navy

666 5510 45 14 wa3
728 5503 66 28 equal
811 5505 24 19 to
853 5503 38 21 the
909 5503 76 21 navies
1001 5504 23 21 of
1041 5511 44 21 any
1103 5505 65 21 other
1178 5506 47 19 two

665 5532 50 23 first
737 5533 57 21 class
819 5531 97 29 Powers,
936 5532 45 22 aud
1005 5540 24 15 bo
1052 5533 52 30 long
1123 5540 24 15 as
1166 5533 44 29 Eng-

665 5562 53 23 land
741 5563 44 22 had
809 5562 87 23 control
919 5562 23 22 of
963 5562 38 23 the
1023 5570 48 15 seas
1095 5564 39 21 she
1159 5562 66 23 could

667 5593 108 22 maintain
818 5592 40 22 her
900 5592 82 22 Indian
1023 5593 45 22 and
1109 5593 116 23 Canadian

665 5623 137 30 possessions
825 5621 78 30 safely.
944 5621 27 23 In
992 5622 38 22 the
1050 5626 67 19 event
1136 5623 23 22 of
1179 5629 46 15 war

666 5653 86 24 British
776 5659 123 16 commerce
927 5651 74 31 might
1031 5652 28 23 be
1083 5652 142 29 enormously

666 5684 117 30 damaged,
796 5683 42 24 but
855 5687 40 19 not
912 5685 24 21 to
954 5683 55 22 such
1026 5690 28 15 an
1072 5686 80 19 extent
1162 5691 24 14 as
1201 5683 24 22 in

666 5716 39 22 the
722 5715 45 23 last
783 5717 65 28 great
865 5720 52 21 war,
930 5713 65 22 when
1012 5712 39 23 the
1067 5713 57 23 total
1141 5713 45 22 loss
1201 5714 24 21 to

665 5745 88 28 British
763 5750 123 23 commerce
896 5750 46 19 was
989 5749 41 26 per
1039 5744 59 26 cent.
1129 5742 96 32 Dealing

1244 160 107 30 specially
1369 159 56 22 with
1441 158 125 26 Australia,
1585 157 27 22 he
1632 157 49 22 said
1698 157 52 22 that
1764 157 40 22 the

1243 190 66 22 naval
1319 190 61 21 force
1390 187 138 23 maintained
1539 187 30 27 by
1579 186 86 29 foreign
1681 186 90 22 Powers
1781 187 23 21 in

1244 220 39 23 the
1300 216 167 33 neighborhood
1484 216 24 23 of
1523 216 116 23 Australia
1658 223 44 15 was
1713 217 78 22 exceed-

1244 250 62 29 ingly
1316 249 73 26 small,
1401 248 42 22 but
1460 247 22 23 in
1500 247 40 22 the
1557 246 96 24 Chinese
1668 249 82 20 waters
1766 247 38 22 the

1244 280 97 23 Russian
1356 278 45 22 and
1418 277 87 22 French
1521 276 125 28 squadrons
1661 284 58 14 were
1729 277 74 28 equal,

1244 311 17 23 if
1278 312 41 20 not
1328 308 109 30 superior,
1450 310 22 19 to
1484 306 38 23 the
1533 306 87 22 British
1630 306 120 30 squadron.
1782 306 22 23 If

1244 341 39 23 the
1293 339 86 23 British
1390 337 113 31 squadron
1512 343 57 15 were
1580 336 105 23 defeated
1696 337 39 21 the
1745 344 44 14 com-

1245 370 66 24 mand
1321 370 24 22 of
1355 369 38 22 the
1404 376 37 14 sea
1456 367 102 23 between
1576 366 39 22 the
1632 365 61 30 Cape
1707 367 23 22 of
1740 367 64 22 Good

1245 402 65 28 Hope
1329 400 44 21 and
1394 399 38 22 the
1450 397 56 24 Suez
1522 397 71 22 Canal
1610 397 75 21 Mould
1702 397 27 21 be
1749 399 41 20 tem-

1245 430 98 31 porarily
1354 430 44 22 lost
1409 432 23 19 to
1442 428 70 22 Great
1522 426 96 23 Bri'ain.
1650 426 48 23 The
1709 426 94 23 British-

1244 461 81 24 Indian
1336 459 44 23 and
1391 458 132 24 Australian
1543 464 123 16 commerce
1682 457 75 23 would
1777 457 27 23 be

1245 490 150 30 interrupted,
1406 489 43 22 and
1462 487 115 23 Australia
1589 487 53 23 then
1658 487 27 23 be
1702 487 68 23 liable
1782 491 22 19 to

1245 523 27 22 be
1282 520 97 25 invaded
1389 519 31 30 by
1430 527 13 14 a
1451 518 98 23 Russian
1566 517 53 22 fleet
1629 517 58 22 from
1697 517 94 23 Vladivo-

1245 552 71 25 stok.
1347 551 48 24 The
1405 549 133 25 Australian
1554 548 114 31 squadron
1684 548 65 23 could
1765 551 41 20 not

1245 585 95 29 prevent
1350 582 54 23 such
1425 589 28 15 an
1477 580 110 23 invasion.
1618 579 23 23 If
1660 579 40 22 the
1718 579 87 23 British

1246 613 111 31 squadron
1382 619 28 15 on
1435 611 39 22 the
1504 610 95 23 Chinese
1630 609 85 23 station
1748 616 57 16 were

1245 642 161 28 strengthened
1422 642 19 21 it
1456 640 74 22 would
1546 640 57 21 have
1618 646 13 15 a
1646 638 57 30 good
1723 639 83 22 chance

1246 678 24 20 to
1280 674 75 22 defeat
1366 673 39 22 the
1415 670 116 24 combined
1543 669 64 23 fleets
1623 669 23 23 of
1663 668 81 23 Russia
1761 669 44 22 and

1246 705 91 23 France.
1369 703 85 24 Should
1475 700 111 31 England,
1603 701 23 22 in
1645 700 38 23 the
1701 703 68 19 event
1783 700 23 22 of

1246 744 53 19 war,
1312 734 46 23 find
1369 734 39 23 the
1418 740 108 22 expenses
1537 734 38 21 too
1585 734 71 28 great,
1669 731 27 22 he
1708 731 98 29 thought

1246 767 20 23 it
1281 765 74 23 would
1372 764 27 22 be
1415 771 13 15 a
1444 764 45 22 fair
1508 763 66 29 thing
1589 766 24 19 to
1623 762 41 23 ask
1676 762 38 22 the
1725 761 67 29 depen-

1248 797 87 23 dencies
1345 798 24 20 to
1380 795 64 22 share
1455 795 22 21 in
1493 793 119 29 defraying
1623 792 39 23 the
1672 795 56 24 cost,
1740 792 66 22 while

1247 827 88 22 natives
1345 825 80 22 should
1437 825 27 21 be
1475 823 111 23 available
1597 823 35 21 for
1641 823 85 21 service
1742 822 23 21 in
1776 821 30 22 all

1248 861 62 26 parts
1320 856 23 23 of
1360 856 38 22 the
1409 853 70 24 world
1496 854 23 21 in
1535 860 101 15 common
1653 852 56 22 with
1720 851 86 22 British

1247 887 100 23 soldiers.
1385 885 35 22 He
1445 884 52 22 held
1522 883 40 22 the
1593 883 92 29 opinion
1707 882 51 21 that
1782 885 25 18 at

1248 919 97 27 present,
1355 915 77 22 whilst
1442 915 39 21 the
1491 912 132 23 Australian
1641 912 97 22 colonies
1749 919 57 13 were

1248 947 132 29 developing
1389 945 59 22 their
1455 950 113 17 resources
1579 942 44 23 and
1632 941 140 31 population,
1778 948 28 16 no

1247 979 55 23 such
1327 977 85 23 tribute
1437 983 45 16 was
1499 973 135 29 demanded,
1655 973 42 24 but
1721 972 59 24 after
1795 981 13 14 a

1248 1011 65 26 delay
1322 1009 23 21 of
1362 1015 40 15 one
1413 1014 25 15 or
1448 1010 46 19 two
1509 1006 150 29 generations,
1677 1004 18 22 if
1714 1004 79 22 circum-

1247 1044 87 17 stances
1344 1037 80 23 should
1435 1037 65 26 arise,
1510 1036 55 29 they
1580 1035 66 23 could
1661 1037 41 19 not
1712 1033 96 29 imagine

1247 1076 44 23 any
1301 1068 123 31 procedure
1435 1067 52 22 that
1496 1065 75 24 would
1582 1072 61 15 more
1653 1064 89 30 greatly
1757 1071 38 15 con-

1247 1100 56 23 duce
1314 1103 24 19 to
1348 1099 39 23 the
1397 1098 74 29 safety
1488 1097 23 23 of
1528 1096 29 23 all
1575 1096 40 23 the
1629 1095 113 24 countries
1757 1101 39 16 con-

1247 1130 82 23 cerned
1340 1130 54 22 than
1406 1132 23 20 to
1439 1129 28 22 be
1477 1129 23 21 in
1510 1135 13 15 a
1533 1127 97 30 position
1642 1129 23 19 to
1680 1131 65 17 enter
1760 1126 48 21 into

1249 1168 12 14 a
1271 1160 135 23 Federation
1423 1159 56 21 with
1497 1158 39 22 the
1553 1157 91 22 Mother
1660 1156 103 28 Country
1780 1162 28 14 on

1248 1191 68 29 fairly
1337 1190 66 31 equal
1423 1192 75 20 terms.
1538 1187 36 23 He
1594 1186 69 23 asked
1688 1185 39 24 the
1751 1185 43 22 Aus-

1249 1222 94 22 tralians
1357 1221 23 22 of
1397 1220 78 29 to-day
1496 1223 23 18 to
1534 1227 36 13 see
1590 1218 51 22 that
1659 1217 38 22 the
1715 1215 93 24 colonial

1249 1253 100 28 military
1361 1251 70 22 forces
1442 1256 57 15 were
1510 1249 56 28 kept
1581 1247 49 22 well
1641 1246 112 29 equipped
1764 1245 44 22 and

1249 1283 92 29 capable
1364 1281 23 23 of
1409 1280 80 28 taking
1513 1279 39 22 the
1576 1277 53 23 field
1651 1278 89 27 against
1764 1275 33 22 dis-

1249 1312 98 30 ciplined
1367 1316 82 24 troops.
1490 1307 104 31 England
1614 1307 39 21 did
1673 1309 40 18 not
1728 1308 80 26 expect

1249 1344 52 23 that
1318 1341 116 25 Australia
1449 1338 73 25 would
1533 1338 53 23 take
1602 1343 44 23 any
1656 1336 84 22 serious
1758 1339 50 25 step

1249 1374 99 23 towards
1362 1371 154 29 contributing
1528 1373 23 19 to
1569 1368 37 23 the
1622 1367 91 23 defence
1729 1366 23 22 of
1771 1366 37 22 the

1252 1405 89 28 Empire
1352 1404 58 22 until
1420 1403 71 22 Great
1505 1400 87 23 Britain
1608 1405 45 15 was
1664 1397 109 29 prepared
1785 1399 23 19 to

1249 1435 51 26 give
1329 1434 40 21 her
1390 1441 12 13 a
1420 1433 62 21 voice
1502 1432 22 20 in
1549 1430 38 21 the
1611 1427 87 22 control
1723 1427 22 21 of
1770 1427 38 20 the

1250 1463 205 29 Empire'sdefence
1463 1459 153 30 expenditure.
1636 1456 58 23 Lord
1703 1456 103 28 Brassey,

1249 1494 133 28 concurring
1392 1493 22 22 in
1423 1492 39 22 the
1472 1491 68 22 views
1550 1489 22 22 of
1583 1488 34 22 his
1631 1494 48 20 son,
1697 1486 49 22 said
1757 1485 51 23 that

1251 1524 76 22 whilst
1338 1524 26 22 he
1385 1521 127 30 recognised
1534 1519 37 22 the
1589 1517 129 23 difficulties
1735 1516 22 22 in
1769 1515 39 23 the

1249 1561 50 21 way
1319 1554 23 22 of
1366 1551 106 31 Imperial
1497 1548 134 25 Federation
1656 1547 27 22 he
1709 1546 99 29 thought

1250 1584 64 24 when
1334 1584 39 24 the
1393 1583 96 24 colonies
1508 1587 58 17 were
1590 1579 21 23 in
1632 1585 14 16 a
1665 1576 99 30 position
1785 1580 23 19 to

1249 1615 100 23 federate
1365 1615 55 22 with
1437 1614 38 22 the
1491 1611 90 24 Mother
1598 1609 102 28 Country
1717 1616 28 14 on
1764 1614 44 23 any

1250 1647 43 21 fair
1303 1646 60 22 basis
1379 1646 39 21 her
1432 1647 122 19 statesmen
1570 1639 73 24 would
1660 1639 26 22 be
1785 1641 23 19 to

1250 1677 38 21 the
1297 1676 51 22 task
1359 1675 23 22 of
1392 1675 87 27 solving
1489 1673 39 21 the
1538 1671 118 26 problems,
1669 1668 44 23 and
1732 1668 76 21 whilst

1250 1714 49 15 men
1308 1707 23 21 in
1338 1706 29 22 all
1377 1708 62 27 parts
1449 1705 22 21 of
1481 1703 37 22 the
1528 1701 90 29 Empire
1629 1698 65 24 stood
1702 1698 106 23 shoulder

1250 1740 24 19 to
1293 1736 106 23 shoulder
1415 1735 38 22 the
1470 1732 95 24 colonial
1585 1729 127 30 legislators
1733 1728 75 23 would

1249 1767 67 23 stand
1331 1766 48 22 side
1396 1765 29 29 by
1436 1764 47 23 side
1494 1762 55 23 with
1560 1761 39 23 the
1617 1759 107 30 Imperial
1735 1766 61 22 repre-

1249 1797 123 23 sentatives
1383 1797 21 21 in
1422 1794 135 28 controlling
1571 1792 39 23 the
1620 1790 150 30 expenditure
1780 1797 27 15 on

1249 1827 106 28 Imperial
1366 1826 97 22 defence.

1277 1858 47 22 The
1349 1856 71 23 whole
1447 1856 94 21 interest
1565 1853 18 22 is
1608 1851 92 23 centred
1726 1851 23 22 in
1769 1850 39 23 the

1249 1887 136 23 breadstuff's
1400 1886 93 22 market.
1526 1883 47 23 The
1590 1881 152 29 oft-repeated
1759 1888 37 22 pre-

1249 1919 85 22 diction
1359 1918 18 22 is
1401 1916 76 29 amply
1498 1912 102 25 fulfilled.
1645 1914 45 21 For
1719 1919 12 14 a
1756 1912 52 29 long

1250 1950 54 21 time
1328 1948 83 22 millers
1436 1948 55 20 have
1516 1945 55 21 been
1592 1943 103 29 working
1715 1950 28 14 on
1770 1943 38 21 the

1248 1980 80 21 lowest
1359 1976 95 31 possible
1487 1975 75 22 stocks
1597 1974 55 22 with
1683 1974 39 21 the
1751 1973 57 22 view

1249 2009 23 22 of
1296 2009 73 28 tiding
1399 2014 54 15 over
1480 2006 36 22 till
1550 2004 39 23 the
1622 2011 50 15 new
1702 2011 54 21 crop
1790 2003 18 22 is

1249 2039 75 28 ready.
1363 2038 20 22 A
1405 2035 151 25 combination
1578 2034 23 22 of
1625 2034 181 27 circumstances,

1249 2069 110 27 however,
1385 2067 75 23 forced
1491 2065 39 23 the
1559 2065 104 30 position.
1703 2064 47 22 The
1775 2070 22 16 re-

1249 2102 52 20 turn
1326 2099 23 22 of
1373 2098 38 23 the
1429 2098 39 22 hot
1484 2096 100 23 weather
1599 2094 80 24 caused
1700 2095 39 23 the
1755 2101 53 23 crop

1249 2130 91 22 outlook
1349 2129 65 28 again
1422 2131 22 19 to
1451 2128 89 22 become
1549 2126 111 29 anything
1667 2126 41 21 but
1717 2125 91 29 bright;

1249 2160 72 29 heavy
1329 2159 64 23 trade
1404 2157 106 23 demands
1518 2156 44 22 and
1571 2158 38 20 the
1620 2156 109 29 purchase
1740 2157 22 20 of
1770 2156 38 21 the

1249 2190 80 23 border
1339 2189 108 23 districts'
1456 2187 77 24 stocks
1549 2194 27 15 on
1588 2185 109 24 Adelaide
1713 2189 95 20 account

1249 2220 96 23 reduced
1356 2220 38 21 the
1404 2219 92 27 already
1505 2218 136 21 insufficient
1650 2217 100 28 supplies
1761 2220 24 18 to
1796 2225 12 13 a

1249 2250 122 21 minimum.
1403 2248 33 22 On
1448 2250 39 26 top
1497 2247 23 22 of
1535 2248 64 21 these
1609 2253 77 14 causes
1696 2253 62 14 came
1769 2246 39 21 the

1249 2280 54 22 rises
1321 2279 22 23 in
1361 2278 85 29 foreign
1467 2276 105 23 markets.
1604 2276 150 29 Throughout
1769 2275 39 23 the

1249 2310 61 23 week
1320 2310 38 23 the
1369 2309 99 22 markets
1475 2316 58 15 were
1541 2314 55 23 very
1604 2307 96 23 excited.
1732 2306 76 23 Prices

1248 2341 23 22 of
1282 2341 74 22 wheat
1371 2338 116 24 advanced
1507 2338 90 29 rapidly
1608 2338 57 22 from
1683 2338 24 21 4s
1724 2337 42 23 lOd
1785 2340 23 19 to

1248 2373 24 21 5s
1291 2371 36 22 4d.
1359 2370 47 22 The
1426 2369 90 23 market
1535 2368 70 22 closes
1625 2368 117 28 irregular,
1766 2367 42 22 but

1248 2401 56 26 firm,
1317 2403 24 19 at
1350 2401 25 21 5s
1385 2399 50 28 sid,
1445 2399 43 21 and
1500 2405 55 15 even
1570 2398 65 22 small
1650 2398 58 22 sales
1723 2404 37 15 are
1775 2404 22 15 re-

1248 2430 80 31 ported
1338 2433 24 20 at
1372 2431 24 22 5j
1406 2429 35 24 61.
1473 2428 89 28 Stocks,
1582 2428 55 23 both
1655 2428 22 23 of
1691 2427 58 23 flour
1763 2427 44 23 and

1248 2462 81 27 wheat,
1348 2469 37 14 are
1403 2461 66 29 being
1486 2459 171 30 supplemented
1674 2458 29 30 by
1714 2458 83 24 Califor-

1248 2493 52 21 nian
1310 2493 56 21 from
1378 2489 97 30 Sydney.
1507 2490 69 22 Flour
1591 2490 19 22 is
1620 2490 64 29 quiet
1695 2492 24 19 at
1729 2490 45 22 l2
1785 2490 23 23 7s

1247 2523 28 22 6d
1287 2524 23 20 to
1326 2522 44 23 l2
1382 2522 36 21 10s
1427 2529 6 19 ;
1449 2521 65 22 other
1524 2521 56 22 lines
1590 2528 39 14 are
1639 2519 87 30 steady.

1275 2552 47 23 The
1333 2553 94 28 imports
1444 2551 35 23 for
1498 2551 40 22 the
1557 2551 52 22 nine
1625 2550 91 23 months
1736 2549 72 24 ended

1248 2582 131 31 September
1398 2582 115 23 increased
1529 2581 140 28 1,280,000.
1709 2580 48 23 The
1771 2587 25 16 ex-

1247 2618 63 25 ports
1321 2613 118 23 decreased
1450 2613 111 26 372,000
1571 2611 120 29 compared
1702 2611 56 23 with
1770 2611 38 22 the

1248 2643 174 30 corresponding
1432 2643 77 29 period
1520 2642 23 23 of
1556 2642 45 22 last
1611 2649 60 22 year.

1441 2684 165 27 BRISBANE,
1623 2684 110 23 October
1744 2684 34 23 25.

1276 2715 47 24 The
1348 2715 80 23 Public
1453 2715 89 23 Service
1567 2714 52 28 Bill,
1646 2714 90 29 dealing
1754 2714 55 22 with

1248 2746 169 23 retrenchment
1427 2746 23 22 in
1462 2746 38 22 the
1511 2745 59 23 Civil
1581 2745 97 26 Service,
1698 2745 40 21 has
1754 2743 56 23 been

1248 2776 53 22 read
1322 2783 13 14 a
1353 2775 81 22 second
1455 2776 60 21 time.
1547 2774 47 22 The
1612 2774 59 22 Hon.
1690 2774 37 21 Mr
1742 2773 69 22 Tozer

1249 2806 75 23 stated
1336 2806 51 22 that
1397 2806 60 22 since
1476 2806 53 22 1890
1544 2804 39 23 the
1594 2804 94 23 number
1698 2804 23 23 of
1735 2804 64 23 classi-

1249 2837 44 22 fied
1310 2837 86 21 officers
1413 2836 44 22 had
1475 2835 55 23 been
1548 2835 96 22 reduced
1662 2835 29 29 by
1702 2842 53 14 over
1770 2835 41 22 200

1250 2867 44 22 and
1305 2867 39 22 the
1354 2866 92 22 salaries
1455 2865 31 29 by
1497 2865 102 27 42,700.

1277 2896 118 28 Although
1413 2896 23 21 in
1455 2895 38 22 the
1509 2896 121 21 meantime
1648 2901 13 16 a
1671 2901 49 15 new
1731 2893 66 29 depar-

1250 2928 50 21 ture
1312 2926 43 22 had
1370 2925 54 23 been
1436 2925 99 28 created,
1546 2925 74 29 owing
1631 2926 24 21 to
1666 2924 38 23 the
1717 2924 94 23 adverse

1250 2961 52 19 vote
1319 2964 28 15 on
1366 2956 38 23 the
1422 2956 103 29 question
1542 2955 24 23 of
1583 2955 176 29 compensation,
1771 2955 40 23 the

1250 2988 153 22 Government
1413 2987 57 22 have
1481 2986 135 23 withdrawn
1627 2985 39 23 the
1675 2985 103 23 Diseases
1788 2985 23 22 of

1250 3018 78 21 Plants
1339 3017 51 26 Bill,
1403 3016 90 28 dealing
1505 3017 55 21 with
1577 3016 40 22 the
1632 3016 138 21 eradication
1788 3015 23 21 of

1250 3048 71 20 insect
1338 3046 43 21 and
1402 3046 94 28 fungoid
1516 3049 68 25 pests.
1622 3045 47 21 The
1688 3044 123 22 Estimates

1250 3076 81 24 debate
1341 3075 99 31 brought
1450 3075 57 24 from
1519 3075 39 24 the
1569 3074 100 24 Premier
1687 3074 39 24 the
1742 3076 57 22 state-

1250 3111 62 19 ment
1322 3107 52 22 that
1384 3115 44 20 any
1439 3114 80 22 money
1530 3107 102 22 received
1650 3114 24 14 as
1690 3106 40 22 the
1740 3105 72 23 result

1249 3138 23 23 of
1282 3138 39 22 the
1339 3137 60 23 Loan
1411 3136 45 24 Bill
1472 3137 74 23 would
1559 3136 27 24 be
1601 3136 79 30 placed
1698 3136 56 22 with
1773 3136 38 22 the

1249 3168 65 23 Bank
1324 3168 23 22 of
1364 3168 105 29 England
1486 3168 44 22 and
1547 3171 41 19 not
1598 3168 56 22 with
1665 3167 39 23 the
1714 3167 84 27 Queens-

1249 3199 53 21 land
1333 3197 109 23 National
1474 3197 72 23 Bank.
1599 3197 47 23 The
1676 3197 62 22 Loan
1767 3196 44 22 Bill

1248 3229 103 22 contains
1380 3228 97 28 nothing
1506 3230 41 21 not
1577 3227 93 30 already
1697 3226 114 30 approved

1248 3260 23 22 of
1295 3259 30 30 by
1350 3258 145 24 Parliament.
1537 3258 130 31 Regarding
1697 3258 38 22 the
1760 3262 51 17 vote

1249 3290 35 23 for
1317 3290 162 30 immigration,
1515 3289 28 23 he
1578 3289 49 23 said
1664 3289 52 22 that
1748 3288 63 22 three

1248 3324 80 26 agents
1338 3321 75 21 would
1424 3321 27 21 be
1462 3323 50 19 sent
1529 3320 72 22 Home
1620 3322 23 20 to
1660 3320 62 28 place
1737 3319 75 21 before

1249 3351 39 22 the
1309 3350 85 23 British
1413 3350 80 30 people
1509 3350 39 22 the
1564 3349 106 23 facilities
1683 3349 83 22 offered
1782 3348 29 28 by

1249 3380 143 29 Queensland
1403 3381 34 23 for
1448 3382 39 22 the
1497 3380 132 24 settlement
1640 3380 23 23 of
1674 3379 38 24 the
1723 3378 87 31 people.

1249 3413 95 28 Coming
1363 3420 83 21 groups
1463 3412 47 22 will
1530 3412 57 22 have
1611 3411 39 22 the
1675 3411 53 21 land
1749 3409 63 23 made

1249 3442 112 22 available
1371 3442 35 22 for
1417 3443 62 21 them
1489 3449 28 14 on
1529 3441 89 22 arrival.

1441 3482 168 24 ADELAIDE,
1626 3481 109 23 October
1749 3482 33 21 25.

1277 3513 27 23 In
1316 3514 39 22 the
1365 3513 120 29 Assembly
1496 3513 39 22 the
1545 3512 81 23 second
1638 3512 93 29 reading
1741 3512 23 22 of
1774 3512 39 22 the

1249 3544 45 23 Bill
1305 3545 121 28 providing
1442 3544 36 22 for
1492 3545 287 26 oue-ratepayer-one-vote
1790 3541 22 22 in

1250 3574 122 30 municipal
1391 3574 108 23 elections
1519 3572 43 23 and
1583 3573 35 22 for
1638 3572 115 29 removing
1774 3572 39 22 the

1249 3606 213 21 disfranchisement
1480 3604 23 21 of
1517 3611 92 21 persons
1629 3604 23 21 in
1672 3609 87 16 arrears
1778 3602 35 22 for

1249 3642 61 15 races
1335 3642 45 14 was
1414 3633 93 23 carried.
1553 3633 48 22 The
1631 3632 128 27 Treasurer,
1790 3632 23 21 in

1249 3666 92 28 moving
1357 3665 39 22 the
1414 3664 65 23 State
1496 3663 108 23 Advance
1623 3663 123 23 Extension
1759 3662 52 27 Bill,

1250 3694 131 23 announced
1407 3694 52 22 that
1477 3694 38 21 the
1537 3693 65 22 State
1623 3693 60 22 bank
1703 3693 61 21 since
1783 3693 30 21 its

1250 3726 173 22 establishment
1433 3724 23 22 in
1468 3723 79 23 March
1559 3723 43 23 had
1619 3722 48 24 lent
1678 3723 96 27 81,500
1785 3730 28 15 on

1250 3756 115 29 approved
1376 3755 118 26 advances,
1514 3754 45 22 and
1576 3754 97 27 42,500
1691 3761 60 15 more
1767 3760 46 16 was

1250 3786 102 23 claimed.
1384 3786 32 23 Th
1443 3792 54 21 very
1508 3784 116 23 beneficial
1639 3784 66 23 effect
1722 3783 91 31 already

1250 3816 148 30 experienced
1418 3815 101 30 justified
1541 3816 38 23 the
1599 3815 118 22 extension
1737 3814 23 23 of
1774 3816 39 21 the

1251 3848 80 27 sphere
1351 3847 23 21 of
1398 3847 39 21 the
1463 3846 78 21 bank's
1561 3846 135 27 operations.
1729 3844 84 28 Steady

1250 3884 103 21 progress
1371 3876 19 21 is
1408 3875 65 29 being
1494 3874 65 22 made
1579 3875 56 21 with
1655 3874 39 22 the
1711 3873 102 23 Pastoral

1251 3907 45 22 Bill
1306 3908 23 21 in
1340 3906 136 23 committee.

1280 3938 46 22 The
1343 3940 90 19 harvest
1448 3940 116 26 prospects
1582 3944 37 15 are
1636 3935 62 31 daily
1713 3936 100 30 growing

1252 3976 78 19 worse,
1347 3968 74 29 owiDg
1443 3971 23 17 to
1490 3967 39 21 the
1551 3967 135 21 continuous
1705 3962 107 33 drought,

1252 3999 73 21 which
1343 3999 19 21 is
1379 3996 121 29 especially
1518 4004 76 15 severe
1618 3997 22 23 in
1666 3997 39 22 the
1729 3996 82 23 North.

1252 4028 67 23 Local
1344 4028 75 22 wheat
1439 4027 100 29 supplies
1564 4034 38 16 are
1622 4027 135 29 practically
1777 4033 24 16 ex-

1251 4058 104 27 hausted,
1368 4058 55 21 such
1433 4057 65 22 small
1512 4058 99 28 supplies
1621 4065 24 15 as
1656 4065 37 15 are
1703 4057 110 22 available

1251 4089 67 28 being
1329 4087 98 29 brought
1437 4094 53 14 over
1501 4087 38 22 the
1550 4087 117 23 Victorian
1678 4087 82 23 border
1770 4087 43 22 and

1251 4119 58 21 from
1320 4117 91 30 Sydney
1428 4120 23 19 to
1471 4117 57 28 keep
1546 4117 83 22 millers
1646 4118 67 29 going
1728 4117 36 23 till
1776 4117 37 22 the

1252 4156 49 14 new
1311 4155 54 21 crop
1376 4148 18 21 is
1405 4155 28 14 on
1444 4147 38 22 the
1493 4147 95 22 market.
1621 4147 47 22 The
1685 4148 6 11 '
1701 4147 112 29 Register'

1252 4187 51 22 says
1323 4179 19 22 it
1362 4181 61 19 must
1443 4185 49 14 now
1515 4177 26 22 be
1561 4177 112 24 admitted
1699 4178 52 23 that
1776 4178 37 23 the

1252 4210 92 22 harvest
1361 4209 47 23 will
1426 4211 40 20 not
1483 4215 55 16 even
1559 4208 27 23 be
1604 4216 28 16 an
1649 4216 95 23 average
1763 4216 48 16 one.

1252 4241 47 21 The
1310 4240 90 29 general
1410 4239 90 28 opinion
1512 4239 19 21 is
1541 4239 52 22 that
1604 4239 38 22 the
1658 4239 62 29 yield
1732 4240 44 22 will
1786 4240 27 21 be

1252 4277 54 21 very
1325 4270 49 21 low.
1406 4268 48 23 The
1474 4268 135 23 breadstuffj
1629 4269 90 22 market
1738 4270 19 21 is
1774 4277 26 14 un-

1252 4299 88 22 settled.
1374 4298 83 22 Wheat
1472 4298 18 21 is
1506 4298 84 29 quoted
1607 4301 25 20 at
1648 4300 32 26 ss,
1692 4299 44 22 and
1753 4307 60 14 some

1253 4329 81 28 buyers
1352 4335 38 14 are
1407 4328 110 29 prepared
1534 4332 24 18 to
1575 4335 44 22 pay
1637 4328 79 30 more.!
1728 4329 85 29 .Roller

1252 4358 64 30 Hour,
1328 4359 91 24 1215s
1430 4362 23 20 to
1463 4359 52 23 l3.

1497 4390 112 26 PERTH,
1626 4391 109 23 October
1749 4392 33 23 23.

1281 4420 123 30 Following
1416 4421 38 22 the
1464 4421 102 28 example
1576 4421 23 23 of
1606 4421 39 23 her
1655 4421 62 23 elder
1726 4423 86 26 sisters,

1253 4450 45 23 this
1309 4451 80 28 colony
1400 4453 39 20 has
1457 4451 123 29 developed
1596 4459 14 15 a
1625 4451 127 24 full-blown
1763 4459 37 16 con-

1252 4482 129 22 stitutional
1391 4481 120 30 difficulty.
1542 4481 48 23 The
1597 4482 88 23 trouble
1693 4483 39 21 has
1740 4483 72 22 arisen

1252 4512 23 22 in
1283 4512 131 22 connection
1423 4513 56 22 with
1488 4516 38 19 the
1535 4512 100 29 recently
1640 4513 79 29 pissed
1725 4513 75 23 Consti-

1252 4543 75 21 tution
1338 4542 152 23 Amendment
1500 4542 44 23 Bill
1556 4543 97 29 relating
1663 4546 24 19 to
1697 4543 40 22 the
1744 4543 57 23 aboli-

1251 4573 48 22 tion
1311 4572 22 23 of
1344 4572 38 23 the
1393 4572 135 30 Aborigines
1544 4572 132 25 Protection
1692 4574 83 27 Board,
1789 4577 24 20 to

1251 4603 72 22 which
1336 4603 38 22 the
1385 4602 99 24 Crown's
1494 4607 76 19 assent
1581 4611 45 15 was
1636 4603 89 23 refused
1736 4611 29 15 on
1774 4604 39 22 the

1251 4633 105 28 strength
1372 4633 24 22 of
1411 4640 14 14 a
1441 4633 86 22 minute
1542 4637 52 19 sent
1605 4633 29 29 by
1646 4634 39 22 the
1694 4634 117 22 Governor

1251 4666 24 17 to
1286 4663 39 21 the
1336 4662 72 22 Home
1418 4663 68 21 Office
1497 4663 45 21 and
1551 4663 24 21 in
1585 4663 67 21 order
1662 4666 24 19 to
1700 4664 112 21 ascertain

1251 4691 39 22 the
1302 4692 64 22 truth
1377 4699 25 15 or
1417 4692 120 23 otherwise
1547 4692 24 23 of
1589 4692 38 23 the
1637 4692 93 30 charges
1747 4693 65 23 made

1251 4722 89 27 against
1359 4722 91 22 settlers
1471 4722 22 21 of
1512 4722 87 28 alleged
1613 4722 160 24 ill-treatment
1790 4723 23 22 of

1252 4750 102 23 Natives.
1407 4750 37 23 Mr
1469 4750 103 30 Simpson
1602 4752 79 23 moved
1716 4753 22 23 in
1773 4753 39 23 the

1252 4781 119 29 Assembly
1391 4781 52 22 that
1463 4781 39 23 the
1526 4781 135 24 Governor's
1685 4783 83 23 refusal
1788 4783 23 23 of

1251 4814 77 18 assent
1347 4818 45 15 was
1411 4811 131 22 subversive
1561 4812 24 22 of
1601 4812 38 23 the
1657 4813 73 29 rights
1740 4814 23 22 of
1773 4814 39 22 the

1252 4840 79 29 people
1357 4840 23 23 of
1404 4841 39 22 the
1460 4842 87 28 colony,
1565 4842 44 22 and
1632 4846 40 19 not
1686 4844 126 22 calculated

1253 4873 23 18 to
1291 4870 84 28 inspire
1392 4870 127 22 confidence
1544 4872 22 20 in
1592 4873 39 20 the
1650 4872 107 29 Imperial
1779 4881 22 14 re-

1252 4899 114 30 cognition
1396 4900 23 22 of
1450 4900 39 22 the
1520 4901 111 29 principle
1661 4902 23 23 of
1718 4903 93 23 colonial

1253 4931 211 28 self-government.
1503 4931 100 24 Premier
1622 4932 92 24 Forrest
1731 4934 81 23 moved

1253 4960 155 23 amendments
1436 4962 86 28 setting
1550 4962 61 23 forth
1639 4963 40 22 the
1709 4972 91 21 arrange-

1253 4993 73 19 ments
1351 4991 110 28 proposed
1491 4992 35 21 for
1547 4993 39 21 the
1613 4993 90 22 welfare
1726 4994 24 22 of
1774 4995 39 21 the

1253 5020 126 25 aborigines
1394 5020 30 29 by
1439 5021 101 30 creating
1555 5028 13 16 a
1583 5021 144 30 department
1742 5023 71 24 under

1254 5051 38 22 the
1309 5050 88 22 control
1413 5051 23 21 of
1451 5058 13 14 a
1481 5051 137 29 responsible
1634 5052 113 28 Minister,
1768 5054 44 23 and

1253 5080 87 30 stating
1359 5080 52 23 that
1432 5080 39 23 the
1490 5081 153 25 Government
1662 5083 44 23 and
1729 5083 71 23 Parlia-

1253 5113 63 19 ment
1327 5118 57 14 were
1401 5110 85 29 always
1496 5112 86 29 willing
1599 5115 24 20 to
1638 5113 52 22 look
1700 5113 59 23 after
1774 5114 39 22 the

1255 5140 102 27 Natives,
1371 5141 72 21 which
1455 5141 38 23 the
1504 5141 73 23 Board
1588 5150 58 15 were
1660 5143 115 30 incapable
1790 5145 23 22 of

1254 5171 129 28 effectually
1403 5171 75 29 doing.
1518 5171 27 23 In
1571 5172 39 23 the
1634 5181 78 15 course
1731 5174 23 23 of
1778 5175 35 22 his

1253 5200 82 29 speech
1345 5200 39 23 the
1401 5200 99 23 Premier
1511 5202 98 23 referred
1627 5207 23 18 to
1665 5204 39 22 the
1714 5204 99 29 position

1255 5230 102 23 assumed
1378 5230 29 30 by
1427 5231 116 24 Governor
1562 5232 82 29 Smith,
1666 5234 50 22 who
1735 5235 19 22 is
1774 5233 39 24 the

1254 5261 57 23 head
1331 5261 23 23 of
1373 5261 39 23 the
1429 5261 133 31 Aborigines
1579 5263 130 24 Protection
1730 5263 81 28 Board,

1254 5298 24 15 a3
1314 5291 66 28 being
1416 5292 39 22 the
1490 5294 71 21 result
1596 5293 23 22 of
1658 5294 155 28 inexperience

1254 5321 23 22 of
1298 5321 40 22 the
1359 5320 85 24 Native
1465 5323 112 28 question.
1618 5322 36 23 He
1669 5322 70 23 found
1754 5324 59 21 fault

1255 5350 56 23 with
1340 5351 38 22 the
1403 5351 154 23 Constitution
1581 5353 46 21 Act
1657 5353 88 30 placing
1774 5353 39 23 the

1254 5381 116 24 Governor
1380 5383 23 22 in
1413 5383 55 22 such
1478 5391 13 14 a
1501 5383 98 29 position
1618 5383 51 23 that
1686 5385 28 21 he
1730 5383 44 23 had
1790 5387 23 19 to

1255 5415 97 18 re-enter
1377 5413 38 20 the
1439 5419 68 14 arena
1526 5413 23 20 of
1573 5413 90 27 politics
1683 5413 88 21 instead
1791 5413 22 21 of

1254 5440 130 30 preserving
1394 5448 13 14 a
1417 5441 172 22 constitutional
1599 5441 100 22 attitude
1715 5441 98 22 towards

1255 5471 34 22 his
1306 5470 114 23 Advisers.
1453 5470 35 23 He
1504 5470 118 30 expressed
1643 5473 75 28 regret
1734 5473 25 21 at
1775 5471 38 23 the

1254 5501 112 28 sweeping
1377 5503 123 19 statement
1509 5501 24 21 of
1545 5501 39 21 the
1601 5501 110 28 Anglican
1728 5501 85 29 Bishop

1253 5530 23 22 of
1287 5529 78 29 Perth,
1384 5530 74 23 which
1468 5533 48 19 cast
1526 5537 13 15 a
1549 5529 96 24 baseless
1655 5531 115 29 aspersion
1784 5538 29 15 on

1255 5560 38 23 the
1303 5560 91 23 settlers
1404 5561 23 21 in
1442 5560 112 23 reference
1572 5564 24 19 to
1613 5561 60 22 their
1690 5564 123 20 treatment

1253 5590 24 23 of
1297 5590 38 23 the
1355 5590 102 23 Natives.
1495 5590 38 22 Mr
1549 5590 122 30 Simpson's
1691 5591 122 22 resolution

1254 5627 45 15 was
1315 5620 95 26 carried,
1428 5620 39 22 the
1487 5620 153 23 Government
1659 5621 79 30 voting
1757 5621 56 23 with

1254 5650 39 23 the
1307 5650 115 30 minority.

1868 157 217 29 IMPORTANT
2103 158 44 27 TO
2173 152 185 30 COLONIAL

1898 195 105 27 BANK
2022 190 304 32 SHAREHOLDERS.

2011 272 199 23 WELLINGTON,
2221 272 105 19 Octobkk
2335 268 31 21 29.

1861 298 25 21 In
1907 299 37 22 the
1968 301 78 28 Appeal
2069 302 71 23 Court,
2155 300 22 20 in
2194 298 37 21 the
2249 303 46 14 case
2313 295 21 21 of
2356 294 38 21 the

1835 325 94 23 Colonial
1937 328 58 22 Bank
2004 329 42 21 and
2055 329 37 21 the
2102 327 59 22 Bank
2170 326 22 21 of
2202 325 51 21 New
2262 322 99 25 Zealand,

1858 359 45 22 The
1917 360 61 22 Chief
1987 363 82 20 Justice
2078 362 43 21 said
2131 361 22 20 in
2162 360 32 20 his
2204 358 123 27 judgment:
2348 355 45 22 The

1833 386 75 26 selling
1917 388 59 22 Bank
1986 390 40 21 had
2035 389 75 27 agreed
2117 388 48 21 that
2174 387 37 20 the
2218 386 101 26 payment
2327 383 22 22 of
2356 383 37 21 the

1834 420 46 15 sum
1889 414 22 21 of
1921 414 102 27 272,072
2033 418 56 24 (part
2105 416 22 21 of
2143 415 37 20 the
2196 414 101 25 purchase
2307 410 85 25 money)

1834 441 75 21 should
1919 444 36 19 not
1969 443 24 22 bs
2002 444 61 21 made
2079 442 90 28 pending
2207 440 37 21 the
2254 439 72 26 taking
2336 444 54 17 over,

1834 468 126 26 realisation,
1971 479 22 13 or
2002 472 131 26 adjustment
2140 470 22 21 of
2167 469 37 21 the
2216 466 42 22 'B'

1835 496 21 20 It
1872 496 18 20 is
1908 498 104 26 provided,
2030 501 101 20 however,
2142 498 48 20 that
2205 496 56 20 after
2276 496 43 19 two
2332 499 61 20 years

1835 522 54 22 from
1898 523 46 22 31st
1953 526 87 26 August,
2053 526 55 24 1895,
2120 525 37 21 the
2171 523 73 25 selling
2255 521 60 22 Bank
2325 520 68 26 might

1835 550 40 22 call
1893 557 55 22 upon
1965 553 36 23 the
2020 554 77 27 buying
2115 552 60 22 Bank
2191 553 22 19 to
2230 557 41 21 pay
2290 556 48 15 over
2356 548 37 22 the

1835 585 87 21 moneys
1939 587 22 14 so
1978 583 94 20 retained
2090 581 65 21 under
2173 579 43 21 this
2238 579 153 24 arrangement,

1835 606 42 20 and
1892 608 108 21 surrender
2018 610 28 20 all
2065 609 86 21 relative
2166 606 107 21 securities
2287 611 55 20 upon
2356 604 38 21 the

1835 636 101 22 payment
1953 635 22 20 of
1993 637 36 19 the
2046 638 98 18 amounts
2159 635 50 19 then
2227 633 67 24 owing
2310 639 27 13 on
2355 632 38 19 the

1858 659 36 22 B''
1908 666 103 18 accounts.
2039 664 45 20 The
2093 661 96 26 meaning
2198 659 22 22 of
2230 659 42 22 this
2282 659 17 21 is
2309 659 48 21 that
2371 665 22 14 so

1836 688 62 21 much
1905 688 22 21 of
1933 689 36 21 the
1977 690 55 22 272
2042 691 37 21 000
2086 698 22 14 as
2114 696 48 20 may
2170 689 50 21 then
2227 687 79 21 remain
2315 686 78 27 unpaid

1836 715 53 21 shall
1899 715 24 22 be
1939 717 47 26 paid
2000 722 22 18 to
2037 719 36 21 the
2092 717 77 27 buying
2184 715 66 23 Bank.
2277 715 45 21 The

1835 743 61 21 debts
1913 746 112 21 amounted
2047 748 23 19 to
2087 745 114 22 somewhat
2217 750 49 14 over
2281 743 110 24 600,003.

1835 770 45 21 The
1902 771 74 27 selling
1997 774 60 21 Bank
2078 775 23 19 at
2123 773 36 20 the
2177 771 117 27 expiration
2312 770 22 22 of
2352 772 42 19 two

1836 804 61 19 years
1919 799 73 26 might,
2015 802 22 20 in
2059 801 59 21 order
2136 802 23 18 to
2180 799 61 21 avoid
2259 799 36 21 the
2313 798 41 22 lo>s
2372 797 22 22 of

1836 825 37 21 the
1884 825 108 28 272,000,
2003 828 52 21 have
2065 830 22 18 to
2097 827 49 21 take
2155 833 49 14 over
2213 826 59 21 these
2282 825 67 22 debts.
2369 825 25 21 In

1836 858 41 20 any
1887 859 53 18 case,
1952 854 36 21 the
1997 854 102 24 272,000
2117 854 22 21 of
2152 854 104 21 retention
2267 860 74 19 money
2352 860 42 13 was

1836 879 88 26 pledged
1939 882 23 19 to
1972 881 35 21 the
2021 883 79 25 buying
2113 882 60 20 Bank
2182 888 23 13 a3
2214 881 91 26 security
2315 880 33 21 for
2357 880 37 21 the

1837 906 109 25 500,000.
1982 908 43 21 The
2039 910 73 25 selling
2127 908 61 21 Bank
2202 915 59 17 were,
2281 908 111 24 therefore,

1837 933 81 27 largely
1933 934 113 23 interested
2066 937 21 20 in
2101 936 36 21 the
2155 935 78 22 careful
2247 934 42 22 and
2303 934 91 27 prudent

1837 964 146 24 management
1995 964 41 21 and
2054 964 126 28 liquidation
2197 963 23 22 of
2238 963 37 22 the
2291 962 57 23 '"B"
2361 969 22 16 ac-

1837 992 74 19 counts
1929 990 41 21 and
1989 992 20 20 in
2022 992 37 22 the
2073 993 120 21 realisation
2210 992 22 21 of
2253 992 36 21 the
2307 992 87 21 relative

1837 1018 114 19 securities.
1979 1018 27 20 So
2015 1020 104 24 provision
2133 1020 17 19 is
2160 1020 60 20 made
2235 1020 47 19 that
2296 1020 37 19 the
2346 1025 36 19 pur-

1837 1044 85 26 chasing
1936 1044 59 21 Bank
2008 1046 17 19 is
2039 1047 22 19 to
2207 1046 80 23 realise,
2303 1045 42 21 and
2358 1046 24 20 ad-

1923 1070 58 22 these
1999 1074 103 25 account?,
2122 1073 82 27 subject
2225 1075 22 19 to
2270 1072 36 21 the
2324 1079 58 19 super-

1837 1099 67 22 vision
1918 1098 22 22 of
1959 1098 36 22 the
2013 1100 73 27 selling
2100 1101 65 21 Bank.
2207 1101 20 21 It
2242 1107 40 14 was
2296 1100 21 21 in
2332 1100 62 21 effect

1837 1127 64 25 urged
1915 1126 28 26 by
1958 1126 37 21 the
2008 1127 72 27 selling
2094 1129 60 19 Bank
2167 1129 49 19 that
2229 1129 50 23 they
2291 1128 52 20 have
2357 1129 37 18 nit

1837 1154 38 20 the
1892 1154 57 26 right
1971 1155 22 18 to
2011 1154 51 20 have
2079 1161 27 13 an
2123 1157 88 18 account
2233 1154 94 24 realised,
2343 1154 49 24 and,

1838 1181 112 25 therefore,
1967 1180 49 25 they
2032 1181 65 27 ought
2114 1183 38 19 not
2165 1183 22 19 to
2201 1181 24 21 be
2240 1180 88 27 charged
2343 1180 51 21 with

1839 1210 36 20 the
1889 1209 87 21 interest
1990 1207 71 29 during
2075 1216 12 15 a
2102 1209 62 26 delay
2178 1209 22 21 in
2214 1209 127 25 realisation,
2357 1208 36 22 the

1837 1236 62 26 delay
1916 1236 67 25 being,
2001 1237 92 26 perhaps,
2111 1240 96 23 contrary
2225 1239 22 18 to
2263 1237 55 20 their
2335 1236 57 25 wish,

1837 1263 42 21 and
1893 1263 53 25 that,
1962 1263 109 26 therefore,
2087 1265 36 20 the
2141 1265 70 26 giving
2230 1264 21 21 of
2271 1264 37 21 the
2321 1265 73 25 option

1838 1293 22 17 to
1888 1291 36 19 the
1952 1291 73 26 selling
2049 1292 59 20 Bank
2136 1292 22 20 of
2184 1292 145 25 withdrawing
2356 1292 37 20 the

1837 1319 89 19 account
1952 1318 17 20 is
1995 1326 12 14 a
2032 1319 106 21 condition
2164 1319 111 26 precedent
2308 1321 23 18 to
2357 1319 37 20 the

1838 1345 56 26 right
1912 1345 22 22 of
1951 1346 36 21 the
2005 1347 122 27 purchasing
2145 1347 59 21 Bank
2222 1348 22 20 to
2261 1347 75 26 charge
2357 1347 38 21 the

1838 1373 74 27 selling
1930 1374 59 21 Bank
2008 1375 49 21 with
2081 1376 36 20 the
2140 1376 94 20 interest.
2263 1375 40 20 His
2322 1375 72 20 Honor

1839 1401 90 26 thought
1946 1402 48 20 that
2013 1403 34 20 the
2069 1402 124 26 purchasing
2212 1403 59 20 Bank
2294 1402 41 21 had
2357 1403 37 19 the

1838 1430 72 23 option
1920 1429 60 24 given
1990 1432 22 17 to
2021 1430 57 19 them
2087 1430 23 19 of
2127 1430 121 25 proceeding
2258 1432 22 17 to
2289 1430 54 19 close
2352 1429 42 20 and

1838 1455 74 20 realise
1926 1462 22 13 or
1964 1455 22 21 of
1999 1456 96 26 allowing
2113 1457 37 20 the
2167 1458 89 19 account
2274 1458 22 18 to
2314 1456 79 20 remain

1838 1482 124 21 unrealised,
1973 1483 41 21 and
2030 1483 16 20 if
2061 1484 18 19 it
2095 1483 106 21 remained
2211 1482 118 21 unrealised
2339 1482 55 21 until

1838 1509 89 26 August,
1944 1509 55 26 1897,
2018 1510 50 21 such
2085 1510 88 21 interest
2190 1517 23 14 as
2234 1510 17 21 is
2273 1510 121 26 chargeable

1837 1537 82 24 against
1941 1537 37 20 the
1999 1538 72 20 debtor
2092 1538 17 20 is
2132 1538 74 19 within
2237 1537 36 20 the
2302 1537 91 25 security

1837 1563 94 22 afforded
1941 1564 26 26 by
1985 1565 35 21 the
2035 1565 103 22 retention
2155 1571 82 20 money.
2265 1565 13 20 I
2283 1564 26 21 he
2319 1564 65 21 securi-

1839 1592 41 21 ties
1889 1592 68 21 which
1966 1592 36 23 the
2012 1594 72 26 selling
2094 1593 59 22 Bank
2169 1593 43 20 will
2225 1592 26 21 be
2267 1592 89 22 entitled
2372 1594 22 19 to

1838 1627 27 14 on
1874 1620 37 21 the
1920 1621 116 26 expiration
2045 1622 21 20 of
2075 1621 37 21 the
2121 1623 41 18 two
2172 1627 56 19 year-
2228 1620 4 27 1
2233 1635 6 11 ,
2250 1620 17 21 if
2277 1621 50 25 they
2338 1627 45 14 exer-

1837 1648 42 20 cise
1894 1648 56 21 their
1967 1649 72 26 option
2055 1651 22 19 to
2094 1649 50 20 take
2166 1655 48 14 over
2230 1648 37 20 the
2289 1648 105 20 retention

1838 1681 86 20 moneys
1946 1676 40 20 and
2009 1682 38 20 pay
2072 1676 36 20 the
2130 1677 105 20 accounts,
2260 1675 68 20 would
2351 1681 33 20 pre-

1838 1702 95 27 sumably
1952 1702 24 21 be
1994 1703 105 21 securities
2117 1702 96 26 carrying
2228 1702 93 20 interest.
2350 1702 44 20 The

1837 1729 61 21 debts
1912 1737 22 13 or
1952 1733 96 19 accounts
2063 1738 23 14 as
2101 1730 94 21 between
2210 1729 37 21 the
2261 1729 74 21 debtor
2353 1729 42 21 and

1839 1757 36 21 the
1886 1757 123 27 purchasing
2021 1759 59 21 Bank
2090 1758 42 21 will
2147 1758 52 20 have
2208 1757 78 21 carried
2297 1757 94 21 interest.

1837 1785 45 21 The
1891 1785 74 26 selling
1981 1786 58 21 Bank
2057 1785 41 22 will
2117 1787 33 21 eet
2169 1785 36 21 the
2223 1784 77 21 benefit
2318 1784 22 21 of
2358 1784 36 21 the

1838 1813 88 20 interest
1943 1813 96 26 accruing
2056 1820 26 14 on
2100 1813 59 20 these
2174 1812 113 21 securities.
2317 1812 25 20 In
2358 1812 36 20 the

1837 1842 62 18 event
1907 1840 22 20 of
1935 1841 42 19 this
1985 1842 70 24 option
2061 1841 61 25 being
2130 1839 104 22 exercised
2242 1839 26 26 by
2277 1839 36 20 the
2320 1839 74 25 selling

1838 1867 67 26 Bank,
1913 1868 36 21 the
1957 1868 111 21 debenture
2076 1875 74 19 money
2160 1867 42 21 and
2211 1867 108 21 securities
2326 1866 69 21 would

1838 1895 25 21 be
1872 1895 83 21 handed
1964 1902 49 15 over
2022 1898 22 19 to
2053 1896 36 21 the
2098 1896 75 25 selling
2183 1895 59 21 Bank
2251 1900 23 15 as
2283 1893 62 27 being
2358 1894 37 20 the

1837 1923 108 21 securities
1967 1923 32 21 for
2017 1923 36 22 the
2068 1924 105 24 accounts,
2191 1921 105 27 including
2315 1921 37 21 the
2365 1921 20 21 in-

1837 1952 66 19 terest
1920 1950 49 27 paid
1986 1950 28 27 by
2028 1951 56 21 them
2099 1953 22 18 to
2137 1950 37 21 the
2188 1950 125 26 purchasing
2323 1949 66 20 Bank.

1839 1978 38 21 His
1887 1978 79 25 Honor,
1977 1978 109 26 therefore,
2103 1977 113 22 concluded
2233 1977 47 20 that
2298 1976 50 21 such
2365 1976 20 20 in-

1837 2006 66 20 terest
1924 2012 22 14 as
1967 2006 94 25 properly
2084 2006 17 21 is
2122 2004 68 22 added
2213 2006 22 19 to
2256 2004 37 20 the
2312 2004 83 19 various

1837 2034 99 20 accounts
1950 2032 17 21 is
1989 2032 84 22 covered
2091 2032 27 27 by
2134 2032 37 21 the
2193 2031 98 26 security.
2320 2031 25 20 In
2362 2030 33 21 his

1837 2060 84 26 opinion
1936 2060 59 21 there
2009 2067 40 14 was
2065 2067 26 14 no
2108 2060 121 21 connection
2247 2058 94 21 between
2358 2058 37 20 the

1837 2088 60 21 claim
1912 2089 22 20 to
1950 2094 28 15 an
1992 2088 104 27 equitable
2113 2087 131 27 adjustment
2260 2086 21 21 of
2298 2086 95 24 interest,

1837 2116 99 26 provided
1946 2116 33 21 for
1987 2116 26 26 by
2025 2116 35 21 the
2069 2116 124 26 agreement,
2204 2114 42 21 and
2261 2114 37 21 the
2307 2114 88 21 interest

1839 2150 54 19 upon
1902 2143 37 20 the
1954 2145 104 19 accounts.
2086 2143 43 20 Nor
2138 2143 49 20 does
2200 2143 37 19 the
2253 2142 56 25 right
2323 2141 22 20 o?
2359 2142 36 19 the

1838 2170 124 28 purchasing
1978 2170 59 22 Bank
2054 2171 22 21 to
2089 2170 52 22 have
2160 2170 87 21 interest

1837 2199 28 27 by
1887 2199 37 21 the
1950 2199 91 26 security
2067 2199 22 21 of
2114 2199 37 21 the
2185 2197 109 22 detention
2320 2203 74 20 money

1837 2233 61 18 carry
1934 2227 51 19 with
2020 2227 17 19 it
2070 2233 12 13 a
2116 2226 56 24 right
2206 2227 23 17 to
2255 2225 36 19 the
2322 2225 73 23 selling

1837 2252 61 20 Bank
1915 2253 23 19 to
1959 2252 54 20 have
2033 2252 87 20 interest
2141 2251 88 20 allowed
2251 2257 26 13 on
2299 2251 37 19 the
2361 2250 23 20 de-

1837 2279 83 21 tention
1943 2286 82 20 money.
2061 2279 39 21 Bis
2125 2279 71 21 Honor
2214 2277 37 22 did
2276 2279 37 19 not
2334 2277 62 21 think

1837 2307 49 22 that
1899 2307 37 22 the
1953 2307 107 28 questions
2075 2306 66 23 raised
2161 2306 60 22 could
2240 2305 25 22 be
2286 2305 109 26 definitely

1837 2335 113 25 answered,
1961 2335 79 26 though
2051 2335 87 26 perhaps
2147 2334 133 25 sufficiently,
2291 2340 23 14 so
2330 2333 33 21 far
2372 2340 23 14 as

1837 2363 37 21 the
1884 2369 98 20 purposes
1997 2363 22 20 of
2034 2362 36 21 the
2080 2362 77 25 parties
2171 2363 22 19 to
2209 2361 37 21 the
2263 2361 44 21 suit
2320 2362 23 20 at
2359 2360 37 21 the

1838 2392 84 24 present
1945 2392 64 23 stage.
2046 2390 38 20 His
2107 2388 87 21 Honor's
2215 2395 80 14 answer
2315 2390 22 18 to
2359 2388 37 20 the

1837 2417 46 21 first
1892 2417 96 27 question
2002 2423 41 14 was
2056 2416 21 21 in
2086 2416 36 21 the
2131 2415 130 22 affirmative.
2289 2415 30 21 As
2329 2416 21 20 to
2359 2415 36 21 the

1837 2444 76 23 second
1922 2444 103 28 question,
2036 2444 25 21 he
2077 2444 43 22 said
2136 2444 47 21 that
2193 2443 36 22 the
2239 2443 44 22 fact
2293 2443 22 21 of
2328 2450 12 14 a
2350 2449 34 21 par-

1838 2473 76 22 ticular
1929 2473 80 26 margin
2025 2472 58 26 being
2099 2472 61 27 equal
2176 2473 22 20 to
2207 2472 28 20 its
2244 2471 87 22 relative
2346 2471 50 21 debt

1837 2500 94 21 afforded
1940 2507 27 14 no
1976 2500 79 26 ground
2065 2501 31 19 for
2106 2502 36 18 not
2148 2499 77 26 adding
2230 2499 89 20 interest
2329 2500 22 19 to
2359 2498 36 21 the

1838 2528 56 24 debt,
1905 2528 42 21 and
1965 2528 36 20 the
2015 2527 94 21 addition
2119 2526 42 21 will
2178 2526 24 21 bs
2217 2526 86 21 secured
2318 2526 27 26 by
2359 2526 37 21 the

1838 2556 88 21 relative
1944 2555 79 26 margin
2041 2554 41 21 and
2098 2561 42 20 any
2159 2554 83 26 surplus
2264 2554 53 20 from
2336 2553 60 21 other

1838 2583 98 27 margins.
1964 2583 50 21 This
2028 2582 18 21 is
2061 2583 35 20 not
2112 2589 27 14 aa
2152 2582 91 21 increase
2252 2581 22 21 of
2288 2581 96 22 indebted-

1839 2618 46 14 ness
1896 2611 73 20 withiu
1979 2611 37 20 the
2025 2610 95 26 meaning
2129 2610 23 20 of
2167 2610 37 20 the
2213 2611 125 23 agreement.
2366 2610 30 19 As

1838 2640 23 18 to
1879 2645 56 13 cases
1953 2638 22 20 of
1992 2639 98 19 accounts
2106 2636 69 21 closed
2192 2636 42 21 and
2252 2636 63 20 losses
2331 2643 54 14 ascer-

1839 2665 77 26 tained,
1932 2665 17 21 if
1967 2665 87 21 interest
2069 2671 51 14 were
2138 2665 36 20 not
2188 2662 122 28 chargeable
2326 2665 22 20 to
2359 2664 37 21 the

1839 2693 73 21 debtor
1921 2693 18 21 it
1948 2693 17 21 is
1974 2695 37 18 not
2026 2691 120 27 chargeable
2161 2693 22 19 to
2198 2698 41 19 any
2249 2693 95 22 account,
2355 2691 42 21 and

1839 2721 23 25 is,
1873 2720 111 24 therefore,
1996 2721 37 20 not
2042 2719 73 21 within
2131 2719 37 21 the
2180 2718 98 26 security.
2306 2718 44 20 The
2359 2718 28 20 cir-

1839 2751 120 17 cumstance
1981 2748 48 20 that
2051 2747 22 20 in
2094 2753 40 19 any
2157 2745 114 27 particular
2293 2752 45 14 case
2360 2746 37 20 the

1839 2776 87 19 account
1943 2780 42 14 was
2000 2774 108 26 originally
2119 2779 56 14 more
2190 2773 52 19 than
2258 2772 36 20 the
2310 2772 87 20 relative

1839 2803 87 26 margin,
1944 2801 38 22 but
1998 2802 37 21 has
2045 2801 55 22 since
2115 2801 52 21 been
2176 2799 89 23 reduced
2281 2799 66 21 below
2360 2799 37 22 the

1840 2831 86 25 margin,
1938 2831 70 19 makes
2024 2837 26 13 no
2064 2830 117 20 difference.
2209 2828 44 21 The
2267 2827 94 22 addition
2375 2827 22 21 of

1839 2858 89 20 interest
1949 2857 18 21 is
1988 2858 38 19 not
2047 2863 26 14 an
2095 2857 90 20 increase
2207 2856 22 20 of
2251 2855 146 21 indebtedness

1840 2885 74 20 within
1936 2883 37 21 the
1991 2883 96 25 meaning
2104 2883 22 20 of
2147 2883 37 21 tbe
2202 2883 124 25 agreement.
2363 2882 34 20 No

1840 2912 87 20 interest
1945 2911 17 20 is
1980 2909 120 27 chargeable
2121 2911 23 19 to
2166 2910 36 20 the
2220 2911 103 19 customer
2340 2908 57 21 after

1840 2939 138 26 bankruptcy,
1997 2939 42 20 and
2058 2944 52 14 nor.e
2127 2944 38 14 can
2187 2937 25 21 be
2230 2936 68 21 added
2320 2938 22 18 to
2360 2936 37 20 the

1839 2968 88 20 account
1949 2965 116 22 thereafter
2085 2965 33 20 for
2139 2965 35 20 the
2197 2971 98 20 purposes
2317 2963 22 22 of
2360 2963 37 22 the

1840 2994 91 26 security
1940 2993 93 21 afforded
2044 2992 25 27 by
2079 2992 36 21 the
2124 2992 108 21 detention
2242 2998 82 20 money.

1865 3032 45 20 The
1919 3031 110 26 judgment
2039 3031 21 20 of
2073 3031 33 20 Mr
2118 3031 82 19 Justice
2209 3030 112 24 Williams,
2329 3029 67 21 which

1840 3064 42 15 was
1904 3057 111 22 concurred
2037 3057 21 21 in
2079 3057 27 27 by
2124 3057 80 26 Judges
2225 3057 117 20 Denniston
2355 3055 42 22 and

1840 3086 96 28 Conolly,
1956 3086 70 21 stated
2044 3085 52 26 that,
2116 3085 22 21 in
2155 3085 61 21 order
2233 3085 23 21 to
2274 3084 71 22 decide
2361 3085 36 21 the

1840 3115 97 26 question
1954 3116 23 18 at
1995 3114 61 24 issue,
2066 3114 18 19 it
2101 3120 41 13 was
2160 3112 119 27 impossible
2297 3114 22 19 to
2336 3112 61 21 avoid

1840 3141 153 22 consideration
2008 3140 22 22 of
2047 3140 37 21 the
2098 3140 95 27 question
2211 3147 22 14 as
2251 3141 23 20 to
2291 3140 57 21 what
2362 3140 36 21 the

1840 3170 77 26 parties
1927 3170 71 20 meant
2012 3168 103 26 generally
2126 3170 22 19 to
2163 3168 83 21 include
2259 3168 22 21 in
2294 3168 37 21 the
2344 3169 54 20 term

1971 3196 23 20 of
2216 3196 30 19 As
2267 3196 24 19 at
2313 3196 85 25 present

1840 3224 91 25 advised,
1943 3224 26 20 he
1978 3229 42 14 was
2030 3222 74 21 unable
2117 3224 23 19 to
2148 3229 75 14 concur
2232 3222 20 21 in
2263 3222 37 21 the
2314 3222 84 26 opinion

1840 3252 55 24 that,
1906 3251 27 27 by
1940 3251 37 20 the
1987 3255 64 16 terms
2060 3250 22 21 of
2091 3250 35 21 the
2133 3253 119 23 agreement
2261 3250 94 21 between
2362 3250 37 21 the

1841 3280 71 25 banks,
1924 3279 37 21 the
1976 3280 97 20 accounts
2086 3285 52 14 were
2154 3280 38 19 not
2206 3280 22 19 to
2242 3278 98 21 continue
2354 3285 34 14 cur-

1841 3309 53 19 rent.
1923 3307 34 21 He
1972 3306 91 26 thought
2080 3306 47 21 that
2145 3306 36 20 the
2199 3306 104 20 intention
2321 3305 22 21 of
2362 3306 37 20 the

1841 3335 78 26 parties
1929 3333 40 21 had
1980 3333 51 21 been
2046 3333 46 21 that
2101 3333 36 21 the
2153 3335 98 19 accounts
2260 3333 22 20 in
2291 3333 36 21 th
2360 3333 18 20 B

1841 3363 36 19 list
1887 3368 52 14 were
1950 3362 21 19 to
1981 3360 24 22 be
2014 3360 76 22 nursed
2104 3361 21 20 in
2141 3361 37 20 the
2192 3361 99 20 interests
2306 3360 23 20 of
2346 3360 52 21 both

1842 3390 71 22 banks.
1941 3389 30 21 To
1985 3389 27 21 do
2026 3389 42 21 this
2084 3389 67 21 would
2165 3389 82 21 involve
2256 3389 37 21 the
2302 3389 97 26 carrying

1842 3425 26 13 on
1884 3417 22 20 of
1924 3417 36 20 the
1976 3418 109 23 customer,
2096 3417 39 21 and
2152 3417 48 19 that
2218 3424 22 12 so
2256 3417 47 24 long
2321 3423 23 13 as
2362 3417 37 19 the

1841 3443 88 27 original
1959 3443 144 21 indebtedness
2127 3450 42 14 was
2195 3445 37 19 not
2258 3443 102 21 exceeded
2381 3444 18 20 it

1842 3478 41 14 was
1920 3471 154 26 contemplated
2105 3471 47 20 that
2192 3470 27 20 he
2258 3470 75 20 should
2373 3469 25 21 be

1842 3498 78 22 carried
1949 3505 25 13 on
2004 3498 41 21 and
2073 3498 46 21 that
2144 3497 37 21 the
2202 3499 99 19 accounts
2324 3497 75 21 should

1842 3526 24 20 be
1884 3525 86 21 covered
1988 3525 27 26 by
2029 3525 36 20 the
2081 3525 100 25 marginal
2195 3527 99 22 security.
2322 3525 33 20 He
2366 3525 33 20 lid

1842 3554 37 20 not
1895 3553 61 20 think
1972 3553 48 20 that
2033 3552 68 22 clause
2112 3552 23 21 13
2145 3558 41 14 was
2196 3551 124 26 necessarily
2331 3552 57 20 incon-

1842 3580 76 21 sistent
1936 3580 50 21 with
2005 3579 49 22 that
2070 3580 57 21 view.
2155 3579 44 22 The
2214 3580 65 26 point,
2296 3579 101 26 however,

1842 3615 42 13 was
1901 3608 28 26 by
1947 3614 27 14 no
1989 3614 71 14 means
2077 3608 59 20 clear.
2170 3607 20 20 It
2208 3614 41 13 was
2267 3614 39 13 one
2324 3607 21 20 of
2362 3607 37 20 the

1842 3641 111 14 numerous
1962 3634 118 21 difficulties
2089 3635 47 20 that
2151 3641 58 13 arose
2218 3634 22 20 in
2249 3634 37 20 the
2295 3636 93 18 construc-

1842 3663 45 21 tion
1904 3662 22 21 of
1944 3662 42 21 th's
2002 3662 84 21 obscure
2103 3662 126 26 agreement.
2258 3662 25 20 In
2299 3661 61 21 order
2377 3663 22 20 to

1842 3690 150 25 satisfactorily
2009 3696 81 15 answer
2103 3690 37 20 the
2154 3689 97 26 question
2265 3688 134 26 propounded

1842 3718 22 21 in
1882 3717 37 22 the
1933 3718 83 24 present
2033 3723 46 16 case
2095 3717 17 21 it
2130 3716 67 27 might
2213 3716 25 21 be
2254 3723 108 18 necessary
2377 3718 22 19 to

1842 3745 71 22 decide
1922 3745 37 22 the
1965 3745 63 22 above
2036 3746 101 26 question.
2166 3745 21 20 It
2194 3751 41 14 was
2245 3746 42 23 not,
2296 3744 101 25 however,

1842 3779 108 21 necessary
1969 3775 22 18 to
2008 3779 79 15 answer
2103 3773 17 20 it
2134 3773 22 20 in
2171 3772 61 21 order
2244 3774 22 19 to
2281 3767 73 26 decide
2362 3772 37 21 the

1843 3808 56 14 more
1920 3801 83 25 general
2029 3801 95 27 question
2152 3807 22 14 as
2203 3801 22 20 to
2247 3800 94 21 whether
2363 3800 36 21 the

1843 3829 101 25 marginal
1974 3836 56 14 sums
2058 3836 51 14 were
2136 3828 91 26 security
2249 3828 33 20 for
2303 3828 96 25 accruing

1842 3856 95 20 interest.
1978 3854 28 25 Hi
2020 3854 14 25 3
2048 3854 71 25 Honor
2149 3855 37 19 the
2217 3854 62 21 Chief
2308 3855 89 24 Justice,

1842 3889 28 14 on
1904 3882 37 21 the
1974 3883 129 26 assumption
2141 3881 49 21 that
2228 3881 38 21 the
2300 3882 99 20 accounts

1844 3917 52 15 were
1923 3911 37 20 not
1988 3911 22 20 to
2038 3911 78 21 remain
2143 3910 90 25 current,
2258 3908 42 22 had
2317 3908 82 22 arrived

1842 3941 23 19 at
1887 3938 37 22 the
1941 3938 118 22 conclusion
2072 3939 47 21 that
2136 3938 52 26 they
2203 3944 52 14 were
2272 3944 13 14 a
2298 3937 99 26 security.

1844 3967 33 20 He
1899 3967 41 24 (Mr
1961 3967 81 20 Justice
2060 3965 112 26 Williams)
2195 3965 75 26 agreed
2289 3965 51 20 with
2363 3965 36 21 the

1843 4000 83 14 reasons
1939 3993 41 21 and
1998 3993 37 22 the
2050 3994 128 21 conclusions
2195 4000 26 14 on
2239 3993 48 20 that
2307 3999 79 18 assump-

1842 4021 52 26 tion,
1926 4020 39 22 but
1991 4021 26 21 he
2044 4021 111 26 proceeded
2184 4021 22 20 to
2232 4020 96 27 question
2362 4020 37 20 the

1842 4050 126 19 correctness
1985 4048 22 21 of
2029 4048 36 21 the
2082 4048 136 27 assumption.
2254 4048 34 20 He
2305 4047 36 21 did
2359 4048 39 20 not

1844 4076 61 20 think
1914 4076 48 20 that
1972 4076 37 20 the
2018 4076 80 25 proviso
2106 4076 22 20 in
2137 4076 69 20 clause
2220 4075 12 20 9
2246 4075 22 19 of
2284 4075 36 19 the
2329 4080 59 20 agree-

1844 4104 63 24 ment,
1919 4103 48 20 that
1976 4102 17 21 if
2002 4102 37 21 the
2048 4102 123 27 purchasing
2181 4101 60 22 Bank
2255 4101 88 21 allowed
2357 4108 41 19 any

1843 4130 91 21 increase
1952 4130 21 21 of
1991 4130 145 22 indebtedness
2150 4132 37 19 not
2205 4128 105 27 mutua'ly
2324 4128 75 26 agreed

1843 4165 61 20 upon,
1917 4158 50 21 such
1977 4158 89 21 increase
2076 4158 21 21 of
2106 4156 147 23 indebtedness
2270 4155 53 22 shall
2338 4156 24 20 be
2375 4156 24 20 at

1843 4186 36 21 the
1889 4186 43 21 sole
1946 4186 42 21 risk
2003 4186 22 21 of
2042 4186 37 22 the
2096 4185 125 28 purchasing
2239 4184 59 21 Bank
2315 4183 83 27 applied

1842 4215 23 21 to
1992 4215 95 26 accruing
2102 4221 27 14 on
2146 4221 27 14 an
2187 4214 94 21 account.
2323 4212 24 21 In
2361 4212 37 21 the

1842 4249 47 13 case
1906 4242 22 20 of
1945 4249 13 14 a
1975 4244 84 18 current
2076 4243 87 19 account
2181 4241 93 20 between
2291 4247 13 14 a
2322 4239 77 21 banker

1842 4269 42 21 and
1893 4276 12 14 a
1914 4271 104 19 customer
2027 4269 86 21 interest
2122 4275 42 14 was
2179 4267 84 21 debited
2273 4268 22 19 to
2308 4266 50 21 such
2371 4272 28 14 an

1842 4297 89 20 account
1939 4296 21 21 in
1971 4296 36 20 the
2016 4296 96 26 ordinary
2122 4301 78 19 course,
2211 4294 109 26 according
2330 4296 22 17 to
2361 4293 37 20 the

1842 4325 81 19 custom
1933 4323 22 20 of
1968 4323 94 21 bankers.
2094 4323 21 19 If
2129 4322 59 20 there
2204 4328 41 14 was
2254 4327 13 14 a
2276 4320 90 25 security
2376 4321 23 18 to

1842 4357 60 15 cover
1919 4350 50 22 such
1986 4357 27 15 an
2028 4351 93 25 account,
2141 4349 52 21 then
2211 4349 17 21 it
2246 4347 68 22 would
2334 4346 24 21 be
2371 4353 28 14 an

1842 4379 86 28 implied
1942 4381 54 20 term
2010 4379 22 22 of
2047 4379 49 22 such
2106 4385 13 15 a
2131 4378 92 27 security
2233 4377 48 21 that
2294 4377 17 20 it
2324 4374 75 22 should

1842 4414 59 14 cover
1916 4407 37 21 the
1967 4409 88 19 account
2068 4414 22 14 as
2105 4406 61 22 made
2181 4412 29 20 up
2224 4405 22 21 in
2255 4405 36 20 the
2300 4403 97 25 ordinary

1842 4441 60 20 way;
1916 4434 48 22 that
1977 4435 24 21 is.
2013 4442 22 14 so
2049 4441 23 15 as
2080 4435 22 19 to
2116 4433 83 22 include
2209 4432 94 21 interest.
2331 4429 67 21 There

1842 4462 69 21 would
1927 4462 52 21 thus
1995 4462 24 21 be
2035 4469 28 14 an
2079 4461 86 27 implied
2183 4459 81 22 mutual
2279 4459 120 24 agreement

1842 4490 49 21 that
1899 4489 37 21 the
1946 4489 145 21 indebtedness
2100 4489 67 26 might
2177 4487 24 21 be
2211 4485 103 22 increased
2324 4485 27 26 by
2362 4485 37 21 the

1841 4516 96 22 addition
1946 4517 21 20 of
1981 4517 92 20 interest.
2103 4516 151 22 Furthermore,
2267 4513 17 21 it
2293 4512 61 21 could
2361 4514 38 19 not

1842 4544 25 21 be
1885 4544 44 21 said
1945 4544 48 21 that
2009 4544 37 21 the
2060 4543 103 22 accretion
2181 4541 21 21 of
2216 4541 87 20 interest
2316 4546 42 14 was
2371 4546 27 14 an

1841 4572 113 21 allowance
1964 4572 27 26 by
2001 4572 37 21 the
2047 4570 124 27 purchasing
2176 4568 60 21 Bank
2243 4568 22 20 of
2274 4574 27 14 an
2308 4567 90 21 increase

1842 4600 22 20 of
1877 4599 153 24 indebtedness,
2046 4598 86 21 because
2149 4596 37 20 the
2199 4595 125 26 purchasing
2338 4594 60 20 Bank

1842 4626 41 21 had
1899 4633 27 14 no
1941 4625 141 27 independent
2096 4622 81 23 control
2189 4628 48 14 over
2246 4621 36 21 the
2291 4623 106 23 accounts,

1841 4660 23 13 so
1879 4660 23 13 as
1917 4655 23 18 to
1957 4654 87 24 prevent
2061 4652 87 19 interest
2163 4649 101 23 accruing.
2293 4648 44 19 The
2351 4649 48 19 true

1841 4682 43 19 test
1899 4680 23 20 to
1936 4678 115 23 determine
2066 4677 57 20 what
2137 4681 42 20 any
2193 4674 99 27 property
2306 4674 60 25 given
2375 4680 22 14 as

1833 4702 1 31 i
1841 4707 92 25 security
1961 4713 42 14 was
2033 4704 89 26 security
2150 4703 33 20 for
2213 4708 41 14 wa3
2284 4702 23 20 to
2332 4707 55 15 ascer-

1841 4735 45 20 tain
1908 4734 58 19 what
1988 4734 56 19 must
2068 4732 25 19 be
2120 4729 47 27 paid
2190 4729 21 20 in
2233 4727 60 21 order
2319 4729 22 19 to
2367 4736 20 13 re-

1841 4761 60 22 deem
1922 4760 51 21 such
1995 4760 105 26 property.
2139 4756 44 21 The
2206 4756 87 20 amount
2315 4755 48 21 that
2381 4755 17 21 is

1841 4790 23 20 to
1873 4788 25 21 be
1907 4787 49 28 paid
1971 4787 17 22 is
2004 4785 106 27 obviously
2119 4784 37 21 the
2171 4783 87 21 amouut
2274 4782 86 22 covered
2369 4782 27 27 by

1841 4817 37 21 the
1887 4815 99 25 security.
2014 4814 21 21 If
2049 4814 47 21 that
2110 4812 42 21 test
2166 4810 24 20 be
2206 4809 89 26 applied,
2307 4809 57 24 then,
2376 4810 22 20 in

1841 4845 38 20 the
1887 4843 160 21 circumstances
2061 4837 120 25 mentioned
2196 4837 22 20 in
2233 4837 69 20 clause
2319 4836 30 25 12,
2360 4837 37 20 the

1841 4871 74 25 soiling
1925 4870 60 20 Bank
1994 4870 53 19 have
2055 4868 36 20 the
2106 4866 72 25 option
2193 4864 22 20 of
2230 4863 117 25 redeeming
2360 4864 37 20 the

1840 4898 89 22 amount
1938 4896 22 22 in
1966 4896 36 21 the
2009 4892 118 30 right-hand
2134 4892 82 21 column
2224 4890 22 21 of
2253 4896 41 20 any
2300 4892 95 23 account,

1841 4934 23 14 or
1882 4925 22 22 of
1922 4925 77 27 paying
2017 4924 37 21 the
2070 4921 87 23 amount
2174 4918 51 22 then
2243 4917 41 21 due
2301 4924 27 14 on
2346 4918 49 21 such

1840 4955 95 21 account.
1963 4952 56 22 That
2033 4952 86 21 amount
2133 4946 107 26 obviously
2249 4945 98 22 included
2360 4946 37 21 the

1841 4982 88 20 interest
1939 4979 68 21 which
2016 4979 36 21 the
2067 4979 68 19 clause
2144 4973 155 25 contemplated
2309 4974 22 19 to
2340 4972 25 21 be
2374 4975 23 18 at

1841 5009 38 21 the
1887 5008 52 21 time
1948 5007 41 21 due
1998 5005 41 21 and
2049 5004 82 27 unpaid.
2160 5000 103 23 Soalsoin
2275 5000 35 20 the
2319 5006 46 13 case
2374 4999 23 20 of

1842 5035 37 21 the
1887 5035 75 26 selling
1971 5033 61 22 Bank
2046 5031 111 25 exercising
2173 5028 36 21 the
2218 5033 68 19 power
2299 5033 61 19 given
2369 5026 26 26 by

1841 5063 70 21 clause
1921 5062 30 25 16,
1962 5061 42 21 and
2013 5059 123 25 demanding
2145 5058 99 26 payment
2253 5054 21 21 of
2284 5054 36 21 the
2330 5054 66 21 whole

1842 5090 21 21 of
1874 5091 36 20 tbe
1919 5090 87 21 amount
2016 5089 22 21 in
2052 5088 36 22 the
2103 5081 120 30 right-hand
2233 5082 89 24 column,
2333 5081 41 21 and
2383 5088 13 15 a

1841 5117 111 21 surrender
1961 5117 23 20 to
1999 5116 58 21 them
2071 5115 22 21 of
2107 5113 29 21 all
2150 5110 106 22 securities
2271 5108 49 21 held
2335 5110 22 19 in
2366 5116 20 13 re-

1842 5146 58 23 spect
1917 5146 23 19 to
1958 5144 37 20 the
2012 5143 103 24 accounts,
2131 5139 50 26 they
2199 5144 53 14 were
2270 5136 89 21 entitled
2374 5137 22 20 to

1841 5172 52 21 such
1911 5172 107 25 payment,
2041 5170 42 21 and
2103 5166 108 24 surrender
2230 5164 50 26 only
2302 5170 27 14 on
2346 5169 37 20 pay-

1842 5200 58 19 ment
1922 5198 22 21 of
1962 5197 37 22 the
2022 5198 53 21 total
2096 5196 87 22 amount
2206 5192 23 21 of
2251 5191 36 21 the
2311 5190 85 21 balance

1842 5226 51 21 then
1915 5225 67 26 owing
2008 5231 26 16 on
2065 5224 49 21 such
2142 5221 60 21 debts
2226 5218 42 22 and
2289 5219 105 19 accounts.

1841 5253 67 20 These
1936 5252 96 21 balances
2058 5252 55 22 must
2138 5247 83 23 include
2246 5246 37 21 the
2309 5245 88 21 interest

1841 5279 85 21 debited
1952 5281 22 18 to
2002 5280 35 21 the
2062 5277 79 24 several
2174 5275 98 22 accounts
2306 5273 23 21 in
2360 5272 37 21 the

1842 5306 97 25 ordinary
1950 5313 52 19 way.
2029 5307 44 21 The
2086 5303 111 24 securities,
2209 5301 66 21 which
2289 5299 69 21 would
2371 5299 26 21 be

1842 5332 142 26 surrendered,
2000 5334 69 21 would
2084 5332 48 21 bear
2147 5330 93 23 interest,
2251 5327 41 22 and
2301 5327 18 21 it
2328 5325 69 22 would

1842 5360 24 22 be
1875 5360 77 23 absurd
1961 5362 23 21 to
1992 5368 88 22 suppose
2094 5360 49 22 that
2158 5358 49 27 they
2219 5355 68 22 would
2302 5354 25 21 be
2336 5354 61 27 given

1842 5396 28 19 up
1879 5396 26 13 on
1914 5392 101 23 payment
2023 5391 23 21 of
2055 5390 35 21 the
2098 5388 98 21 accounts
2203 5385 90 20 without
2301 5383 94 21 interest.

1842 5417 30 18 As
1880 5418 23 17 to
1912 5416 37 19 the
1959 5416 55 25 right
2028 5418 22 19 of
2065 5417 36 19 the
2115 5414 73 24 selling
2198 5411 60 21 Bank
2272 5412 22 18 to
2309 5411 88 19 interest

1842 5448 26 14 ou
1877 5442 38 20 the
1928 5448 57 15 sums
2000 5442 99 23 retained,
2116 5441 18 20 it
2149 5445 41 14 was
2206 5437 58 27 quite
2279 5436 55 20 clear
2348 5435 49 21 that

1842 5468 37 22 the
1887 5468 67 27 rights
1967 5469 22 22 of
2004 5470 36 22 the
2054 5469 73 25 selling
2138 5466 58 23 Bank
2211 5464 52 22 with
2279 5464 80 26 respect
2374 5463 23 21 to

1841 5496 88 20 interest
1938 5503 27 13 on
1973 5497 37 20 the
2019 5498 97 20 account!
2124 5492 94 23 retained
2227 5498 53 14 were
2289 5490 108 26 regulated

1841 5522 42 21 and
1893 5522 80 22 limited
1983 5523 27 27 by
2020 5525 36 21 the
2065 5528 82 22 express
2162 5519 113 28 provisions
2291 5517 22 21 of
2327 5517 70 21 clause

1842 5550 24 21 15
1875 5550 23 21 of
1912 5550 36 21 the
1960 5553 125 24 agreement.
2113 5550 20 21 If
2147 5555 13 15 a
2176 5548 60 26 party
2246 5545 61 22 chose
2316 5545 23 21 to
2347 5543 50 23 bind

1841 5577 86 22 himself
1939 5578 28 26 by
1981 5585 27 15 an
2022 5585 82 21 express
2117 5576 125 26 agreement,
2253 5572 67 22 which
2329 5572 23 21 in
2360 5572 37 21 the

1842 5605 66 20 result
1916 5611 87 21 appears
2012 5607 22 21 to
2043 5606 55 22 work
2107 5606 38 19 out
2154 5602 92 26 harshly,
2256 5601 27 20 he
2296 5600 38 21 has
2347 5599 50 27 only

1842 5632 85 20 himself
1944 5634 23 19 to
1984 5632 74 23 blame.
2098 5632 67 20 There
2182 5635 48 18 was,
2250 5628 100 24 however,
2370 5633 27 14 no

1842 5659 113 27 particular
1968 5660 130 29 incongruity
2113 5659 22 21 in
2150 5658 37 21 the
2201 5655 74 27 selling
2284 5654 61 21 Bank
2360 5655 37 20 not

1842 5685 61 28 being
1915 5687 87 23 allowed
2016 5689 87 21 interest
2112 5694 27 14 on
2148 5686 37 21 the
2195 5684 99 22 accounts
2303 5682 95 22 retained

1841 5713 28 28 by
1886 5714 37 22 the
1940 5716 124 28 purchasing
2082 5714 65 24 Bank,
2158 5719 23 15 aB
2199 5712 36 21 the
2249 5710 74 26 selling
2336 5709 61 22 Bank

1833 5734 1 36 '
1841 5734 43 32 bid
1898 5742 93 28 received
2006 5743 36 27 tbe
2058 5743 110 26 difference
2180 5739 95 25 between
2289 5737 37 26 tbe
2343 5736 55 27 total

2421 153 88 20 amount
2531 151 22 21 of
2575 150 36 21 the
2652 150 18 20 B
2705 149 36 21 list
2762 147 43 22 and
2826 146 37 21 the
2884 146 98 21 amounts

2422 179 22 20 in
2477 179 37 19 the
2546 178 56 25 right
2612 189 6 3 -
2628 176 56 21 hand
2716 176 83 20 column
2831 174 22 20 in
2885 174 49 19 ca3h
2960 179 23 14 or

2422 205 28 21 its
2473 204 127 28 equivalent,
2627 203 48 23 and,
2700 202 22 22 of
2749 207 78 19 course,
2850 199 62 22 could
2933 205 50 15 earn

2422 234 88 20 interest
2528 240 26 14 on
2571 232 51 21 such
2640 232 118 20 difference.
2787 229 61 21 From
2866 228 37 20 the
2917 226 66 22 above

2422 261 152 20 consideration
2584 260 17 19 it
2616 258 98 21 followed
2730 258 48 19 that
2794 256 36 21 the
2844 256 61 19 claim
2915 255 21 20 of
2946 254 37 21 the

2422 287 126 21 defendants
2570 287 23 19 to
2610 285 68 21 retain
2700 284 36 21 the
2759 282 101 26 marginal
2882 287 57 15 sums
2960 287 23 14 as

2422 315 91 26 security
2533 313 42 21 had
2597 312 52 22 been
2675 312 21 21 in
2721 311 38 21 the
2783 310 58 21 main
2867 308 114 22 sustained.

2422 343 83 23 Where,
2517 341 101 24 however,
2628 340 37 21 the
2672 338 108 22 securities
2787 338 41 21 had
2837 337 52 21 been
2895 336 88 22 realised

2421 370 42 21 and
2481 369 37 21 the
2536 368 40 21 loss
2594 366 136 26 ascertained,
2750 372 27 14 no
2794 365 83 21 further
2895 364 88 21 interest

2422 397 61 21 could
2499 397 25 20 be
2539 395 96 25 charged,
2651 401 23 14 as
2689 394 37 20 the
2742 393 102 26 marginal
2860 399 52 18 sum,
2928 399 24 13 or
2961 399 22 13 so

2422 425 61 20 much
2494 424 22 20 of
2526 423 17 21 it
2552 430 23 14 as
2589 429 42 14 was
2648 421 95 27 required
2758 423 23 19 to
2795 427 76 20 recoup
2886 421 38 19 the

2422 452 41 21 had
2486 451 51 21 been
2555 449 70 23 taken.
2653 449 45 22 The
2719 455 57 16 same
2798 447 66 23 result
2885 447 98 22 followed

2422 480 69 21 where
2505 479 37 21 the
2557 480 105 19 customer
2679 477 43 22 had
2736 477 84 22 beome
2837 476 106 27 bankrupt
2960 482 23 14 or

2422 507 52 21 been
2484 506 92 21 released
2586 506 26 25 by
2623 505 59 21 deed.
2711 506 25 20 In
2745 505 30 21 all
2784 505 60 21 other
2853 511 62 18 cases,
2928 505 41 19 how-

2422 541 53 19 ever,
2487 534 37 21 the
2533 534 56 26 right
2599 536 22 18 to
2628 533 68 22 retain
2705 532 102 28 marginal
2815 539 56 14 sums
2881 534 22 19 to
2912 538 71 15 secure

2422 564 88 21 interest
2520 562 81 22 existed
2610 562 22 21 in
2641 562 32 21 his
2682 561 91 27 opinion.
2802 562 30 21 As
2847 562 23 21 to
2885 560 37 22 the
2931 560 41 21 rela-

2422 592 45 20 tion
2477 590 41 22 and
2528 592 147 24 management
2684 590 22 21 of
2721 590 36 21 the
2766 591 106 22 accounts,
2884 588 42 21 this
2940 595 42 14 was

2422 620 22 19 to
2454 618 25 21 be
2488 618 67 21 under
2564 619 36 20 the
2609 618 128 26 supervision
2747 617 22 21 of
2785 617 37 20 the
2830 616 74 26 selling
2915 616 66 24 Bank,

2421 646 42 20 and
2473 646 17 20 it
2500 645 81 21 seemed
2591 647 23 19 to
2623 645 44 21 him
2674 644 41 26 (Mr
2722 644 82 21 Justice
2812 642 113 26 Williams)
2935 643 48 20 that

2422 674 37 21 the
2482 673 73 28 selling
2578 673 60 22 Bank
2660 672 40 22 had
2728 673 21 21 in
2771 672 56 21 their
2848 679 45 14 own
2916 670 67 22 hands

2422 709 62 19 every
2494 708 108 20 necessary
2613 708 68 20 power
2690 703 22 19 to
2727 702 87 25 prevent
2823 700 37 21 the
2869 699 82 21 accrual
2961 698 22 22 of

2422 730 88 22 interest
2528 729 41 22 and
2587 731 23 19 to
2627 729 59 27 place
2701 729 37 21 the
2754 729 99 21 accounts
2868 728 22 20 in
2909 727 50 21 such
2969 734 13 14 a

2423 758 90 27 position
2528 764 23 15 as
2566 757 50 27 they
2627 757 68 26 might
2708 756 94 22 consider
2811 757 55 20 most
2875 755 108 21 beneficial

2422 788 23 19 to
2454 785 133 22 themselves.
2624 785 39 21 His
2678 791 91 15 answers
2784 785 23 19 to
2822 783 37 21 the
2875 783 107 27 questions

2423 815 38 25 put
2471 820 59 18 were,
2541 813 106 20 therefore
2688 813 28 24 (1)
2730 812 44 20 The
2788 811 127 21 defendants
2929 811 53 20 have

2423 841 37 20 the
2468 840 70 27 right;
2552 840 28 25 (2)
2594 840 36 21 the
2640 839 126 22 defendants
2774 846 35 14 are
2823 846 23 13 so
2862 837 89 22 entitled
2961 838 21 20 in

2423 868 36 21 the
2475 875 57 14 cases
2547 867 121 22 mentioned
2682 868 22 20 in
2720 866 127 27 paragraphs
2862 865 19 26 9,
2899 865 30 26 11,
2949 865 31 26 12,

2422 896 42 21 and
2474 896 23 21 14
2508 896 21 20 of
2538 896 37 20 the
2585 895 76 26 special
2670 901 47 14 case
2726 893 76 22 stated.

2448 923 24 20 In
2482 922 59 27 reply
2552 924 22 19 to
2590 922 32 21 Mr
2639 921 52 26 Bell,
2709 921 37 20 the
2761 921 31 20 Ch
2795 919 4 30 :
2802 920 21 21 ef
2837 920 82 21 Justice
2937 919 45 21 said

2423 950 47 22 that
2480 950 58 22 there
2548 957 42 14 was
2599 956 12 15 a
2620 949 127 22 substantial
2762 955 80 14 success
2852 955 27 14 on
2888 948 37 20 the
2935 948 47 26 part

2422 979 22 21 of
2462 980 37 20 the
2517 979 60 21 Bank
2595 978 22 21 of
2635 978 53 21 New
2705 976 99 23 Zealand.
2846 976 61 22 Costs
2929 982 53 15 were

2422 1007 88 20 allowed
2519 1008 22 19 to
2550 1007 49 20 that
2608 1006 121 21 institution
2744 1012 27 13 on
2781 1005 37 20 the
2827 1004 83 26 highest
2919 1004 61 24 scale,

2423 1033 38 21 but
2471 1035 37 19 not
2517 1039 22 15 as
2549 1033 54 21 from
2613 1039 12 14 a
2634 1032 100 21 distance.

2422 1101 76 26 THE
2517 1100 105 27 BANK
2635 1099 46 28 OF
2695 1098 85 27 NEW
2795 1097 184 27 ZEALAND.

2563 1175 217 28 WELLINGTON,
2797 1175 108 24 October
2919 1174 33 23 29.

2451 1214 47 23 The
2509 1214 90 30 general
2610 1214 98 28 meeting
2719 1213 22 22 of
2759 1213 38 22 the
2813 1211 64 23 Bank
2888 1211 22 23 of
2926 1210 57 24 New

2423 1251 98 22 Zealand
2539 1258 46 14 was
2604 1249 53 23 held
2677 1249 45 23 this
2742 1249 117 21 afternoon
2870 1256 6 19 ;
2893 1248 36 22 Mr
2945 1246 35 23 W.

2425 1288 102 26 Watson,
2540 1288 38 20 the
2588 1286 123 29 president,
2724 1286 21 21 in
2758 1285 37 22 the
2806 1284 69 23 chair.

2451 1323 47 22 The
2518 1322 110 22 directors
2650 1322 24 21 in
2693 1321 59 22 their
2771 1322 77 26 report
2872 1326 40 22 say
2933 1319 51 22 that

2423 1354 82 29 during
2516 1353 39 23 the
2565 1359 55 23 year
2631 1351 38 23 the
2684 1350 102 23 business
2797 1350 23 23 of
2831 1350 38 23 the
2883 1350 100 23 Colonial

2423 1384 64 24 Bank
2515 1390 46 16 was
2587 1381 106 30 acquired
2711 1381 44 22 and
2780 1381 108 22 branches
2915 1380 68 22 taken

2423 1422 52 15 ever
2486 1414 44 21 and
2541 1412 138 23 established
2695 1414 24 19 at
2734 1411 106 24 Ashurst,
2859 1410 111 29 Campbell-

2424 1447 68 23 town,
2519 1442 75 23 North
2626 1441 126 26 Cromwell,
2784 1439 67 27 Bluff,
2882 1440 100 27 Eltham,

2424 1474 132 24 Kuaotunu,
2569 1472 93 26 Kurow,
2682 1470 79 28 Ophir,
2780 1468 72 23 South
2869 1468 113 28 Dunedin,

2423 1503 44 22 and
2487 1503 33 22 St.
2543 1502 115 26 Bathaus;
2675 1500 44 22 and
2729 1499 75 22 closed
2815 1503 24 18 at
2854 1498 129 30 Amberley,

2423 1533 90 26 Fairlie,
2525 1531 128 26 Geraldine,
2666 1530 116 25 Otahuhu,
2797 1528 44 22 aud
2853 1528 129 22 Pukekohe.

2423 1563 47 23 Tne
2489 1561 166 24 balance-sheet
2675 1561 35 21 for
2726 1560 38 22 the
2783 1566 54 22 year
2856 1559 73 22 ended
2947 1559 38 22 the

2423 1595 50 23 3lst
2493 1593 87 27 March,
2603 1592 61 26 1896,
2685 1590 74 23 shows
2783 1597 13 15 a
2818 1592 40 21 net
2875 1588 68 30 profit
2962 1589 23 23 of

2423 1623 104 29 52,192,
2543 1623 41 22 but
2601 1622 81 27 which,
2700 1629 28 14 on
2739 1628 28 14 an
2778 1620 109 22 amended
2898 1620 74 29 adjust-

2425 1658 61 19 ment
2497 1655 28 27 by
2537 1654 39 21 the
2590 1651 94 23 colonial
2702 1651 99 26 auditor,
2817 1651 45 21 and
2872 1651 61 21 since
2947 1658 25 21 ap-

2425 1684 83 30 proved
2525 1683 29 29 by
2570 1682 38 21 the
2627 1681 101 22 Colonial
2746 1680 128 28 Treasurer,
2893 1687 45 15 was
2953 1686 22 16 re-

2424 1714 71 23 duced
2507 1714 29 28 by
2548 1712 103 27 12,492,
2669 1711 90 29 leaving
2776 1718 12 15 a
2804 1710 92 23 balance
2912 1713 24 19 to
2947 1710 39 21 the

2423 1745 74 23 credit
2507 1743 22 23 of
2540 1742 68 30 profit
2618 1742 43 22 and
2673 1742 44 21 loss
2728 1744 95 19 account
2833 1741 23 21 of
2867 1741 102 26 40,083.

2452 1775 47 22 Tne
2510 1773 120 23 President
2639 1771 50 23 said
2699 1780 5 14 :
2726 1771 48 23 The
2785 1771 167 22 balance-sheet
2962 1777 24 15 as

2425 1813 27 14 on
2463 1804 38 22 the
2512 1804 49 22 31st
2573 1802 86 28 March,
2674 1802 59 26 1896,
2747 1801 39 22 has
2796 1801 55 22 been
2862 1800 124 23 circulated

2424 1838 103 25 amougst
2537 1841 53 22 you,
2602 1833 44 22 and
2657 1834 19 20 is
2688 1833 38 21 the
2736 1839 61 14 same
2807 1838 24 15 as
2842 1831 51 22 that
2902 1830 45 23 laid
2957 1837 29 15 on

2425 1866 38 22 the
2474 1864 60 23 table
2545 1864 22 22 of
2579 1864 38 22 the
2628 1863 77 23 House
2715 1862 23 22 of
2748 1861 200 30 Representatives
2958 1868 27 15 on

2425 1895 38 22 the
2475 1895 53 22 19th
2545 1894 69 27 June,
2632 1893 56 23 with
2707 1893 38 23 the
2765 1892 119 29 exception
2905 1892 23 22 of
2947 1891 40 23 the

2425 1925 104 23 Dunedin
2540 1924 142 30 adjustment
2692 1923 100 23 referred
2802 1926 25 19 to
2837 1923 23 22 in
2870 1929 14 16 a
2894 1924 53 21 note
2962 1925 25 20 at

2425 1957 38 22 the
2474 1956 55 27 foot,
2541 1956 75 22 which
2634 1955 92 22 reduces
2743 1954 39 22 the
2800 1953 92 22 balance
2907 1955 25 20 at
2947 1952 39 23 the

2424 1987 73 22 credit
2507 1987 22 21 of
2540 1985 68 30 profit
2618 1985 44 22 and
2674 1985 44 22 loss
2728 1987 96 19 account
2841 1983 28 28 by
2881 1983 103 27 12,492,

2425 2016 92 30 making
2536 2017 19 20 it
2575 2022 50 15 now
2646 2015 102 28 40,083.
2790 2014 48 22 The
2855 2013 74 23 Board
2941 2013 44 22 had

2424 2047 96 29 nothing
2538 2050 23 18 to
2581 2046 29 21 do
2634 2046 57 21 with
2716 2045 46 22 this
2780 2044 148 29 adjustment,
2947 2046 39 20 the

2425 2079 83 20 matter
2520 2077 65 28 being
2601 2076 96 29 entirely
2715 2076 23 21 in
2759 2075 38 22 the
2817 2074 72 22 hands
2909 2074 22 22 of
2947 2073 38 23 the

2424 2107 102 24 Colonial
2547 2107 120 23 Treasurer
2683 2106 44 23 and
2746 2105 39 24 the
2801 2105 90 23 auditor
2909 2104 22 23 of
2948 2104 38 23 the

2425 2138 65 22 Bank
2501 2145 24 15 as
2535 2137 110 29 provided
2656 2137 30 28 by
2698 2137 38 22 the
2748 2137 44 20 Act
2802 2136 23 21 of
2837 2136 59 21 1895.
2938 2135 48 22 The

2425 2168 57 24 total
2494 2170 39 21 net
2543 2166 79 32 profits
2637 2166 23 24 of
2677 2166 39 24 the
2736 2165 65 24 Bank
2821 2165 35 24 for
2876 2165 38 23 the
2932 2171 54 25 year

2425 2199 73 24 ended
2522 2201 50 22 31st
2592 2198 80 24 March
2691 2198 52 27 last,
2775 2197 59 23 after
2863 2197 39 23 the
2931 2204 41 23 pay-

2425 2233 62 18 ment
2511 2230 23 20 of
2562 2229 109 21 dividend
2693 2235 28 14 ou
2746 2227 138 28 guaranteed
2909 2227 77 21 shares

2425 2267 24 14 or
2464 2258 73 27 stock,
2556 2257 76 22 before
2649 2257 92 29 making
2758 2256 114 28 provision
2890 2255 34 22 for
2943 2255 43 22 bad

2425 2289 66 23 debts
2501 2288 42 24 but
2554 2288 123 29 deducting
2693 2288 38 22 the
2747 2286 97 29 12,492
2860 2286 49 30 just
2926 2293 45 16 men-

2425 2321 85 27 tioned,
2522 2327 58 15 were
2591 2319 102 27 96,201.
2724 2317 47 24 Out
2780 2318 23 22 of
2820 2318 47 22 this
2882 2324 49 15 sum
2943 2317 42 23 bad

2425 2350 66 23 dpbts
2511 2357 58 15 were
2588 2349 110 29 provided
2718 2348 35 22 for
2771 2352 23 18 to
2810 2347 39 23 the
2869 2349 80 21 extent
2963 2347 23 23 of

2425 2381 103 26 56,501,
2538 2380 90 28 leaving
2638 2387 13 14 a
2658 2378 92 23 balance
2757 2378 23 22 of
2790 2378 103 26 39,700,
2903 2378 80 26 which,

2425 2410 73 23 added
2514 2414 24 18 to
2557 2410 59 22 383
2635 2408 87 23 carried
2741 2408 98 23 forward
2860 2408 44 22 last
2922 2414 62 22 year,

2425 2441 77 23 makes
2512 2441 96 28 40,083
2618 2439 117 24 available.
2762 2438 48 24 Bad
2819 2437 66 25 debts
2893 2439 92 22 written

2425 2472 32 23 off
2463 2472 111 23 consisted
2583 2471 82 29 mostly
2673 2471 22 22 of
2703 2471 65 28 dregs
2776 2470 23 22 of
2806 2470 40 22 the
2855 2469 130 23 Australian

2425 2503 109 27 business,
2550 2502 73 22 which
2640 2502 39 21 the
2697 2500 81 28 Board,
2795 2500 59 22 after
2871 2500 39 22 the
2928 2504 59 17 most

2425 2533 84 23 careful
2520 2532 90 30 inquiry
2627 2530 104 31 possible,
2748 2530 70 22 found
2835 2530 20 22 it
2870 2530 116 22 advisable

2426 2567 23 20 to
2460 2563 92 30 provide
2562 2563 40 22 for.
2635 2561 128 30 According
2778 2564 23 19 to
2821 2561 85 22 section
2923 2561 24 21 11
2963 2559 24 23 of

2425 2595 39 22 the
2474 2594 64 23 Bank
2550 2593 22 22 of
2583 2592 56 23 New
2649 2591 98 24 Zealand
2764 2591 44 22 aud
2826 2591 105 29 Banking
2941 2591 46 22 Act

2425 2625 22 22 of
2460 2625 52 21 1895
2523 2624 39 22 the
2572 2623 110 22 directors
2692 2623 56 21 have
2760 2624 23 20 to
2794 2622 145 28 appropriate
2948 2622 38 21 the

2427 2655 90 23 balauce
2538 2653 23 23 of
2578 2653 38 23 the
2632 2651 69 31 profit
2720 2651 44 23 and
2783 2651 45 23 loss
2847 2653 96 21 account
2962 2658 24 16 aa

2426 2686 101 22 follows:
2568 2683 114 22 Dividend
2701 2686 25 19 at
2750 2683 26 23 3i
2801 2689 40 22 per
2860 2686 59 19 cent,
2945 2689 41 22 per

2425 2722 83 16 annum
2519 2721 28 16 on
2565 2714 109 27 500,000
2690 2712 128 30 preference
2834 2712 77 22 shares
2928 2712 57 22 from

2427 2747 34 21 Ist
2471 2745 102 28 January
2590 2747 24 19 to
2631 2744 50 22 31st
2698 2742 87 28 March,
2806 2743 61 26 1896,
2888 2743 98 26 4,375;

2426 2777 107 28 payment
2566 2777 22 19 to
2619 2773 79 22 Assets
2731 2772 139 22 Realisation
2902 2772 82 26 Board,

2426 2805 95 29 35,708
2534 2803 161 29 17540,083
2712 2802 42 25 17a.
2785 2801 12 24 I
2809 2801 111 24 therefore
2935 2809 51 16 now

2426 2839 77 26 report
2514 2839 22 18 to
2547 2843 44 21 you
2603 2835 51 22 that
2665 2834 44 21 this
2720 2834 169 28 appropriation
2906 2832 45 23 will
2961 2838 25 17 at

2426 2873 54 15 once
2499 2865 28 22 be
2546 2864 71 22 made.
2649 2864 80 28 Owing
2749 2867 23 18 to
2790 2863 38 22 the
2843 2863 142 21 voluminous

2425 2895 144 23 information
2588 2893 64 22 made
2668 2893 77 28 public
2755 2892 30 28 by
2795 2892 39 22 the
2849 2894 77 19 recent
2935 2899 37 20 par-

2426 2926 134 27 liamentary
2571 2923 139 23 committees
2721 2929 33 15 we
2771 2921 63 23 deem
2845 2921 39 23 the
2894 2923 91 28 present

2426 2964 13 15 a
2449 2956 77 29 fitting
2538 2956 53 22 time
2602 2957 23 20 to
2641 2953 62 30 place
2714 2952 74 23 before
2799 2959 44 23 you
2860 2952 124 29 succinctly

2427 2987 38 23 the
2497 2986 97 29 position
2625 2985 23 21 of
2678 2984 39 22 the
2746 2983 65 23 Bank
2841 2990 24 15 as
2896 2983 20 22 it
2940 2990 45 15 was

2427 3017 64 22 when
2512 3016 38 22 the
2569 3017 92 26 present
2679 3013 75 23 Board
2773 3012 104 22 assumed
2896 3013 89 22 control

2427 3049 45 19 two
2503 3052 65 22 years
2602 3050 48 22 ago,
2681 3043 62 21 what
2776 3042 40 22 haw
2844 3042 56 22 been
2928 3042 58 22 done

2427 3076 22 24 in
2478 3083 57 23 your
2566 3074 106 24 interests
2696 3072 60 24 since
2783 3072 62 29 then,
2874 3071 45 25 and
2946 3072 39 24 the

2427 3108 97 28 position
2535 3106 45 22 and
2590 3107 116 28 prospects
2723 3109 25 17 at
2764 3106 99 27 present.
2895 3104 34 22 On
2947 3104 38 22 the

2430 3137 51 25 17th
2505 3136 104 28 October,
2637 3135 59 28 1894,
2723 3133 12 24 I
2764 3133 104 32 reported
2894 3135 23 21 to
2947 3133 39 23 the

2427 3169 154 22 Government
2599 3168 52 22 that
2670 3165 23 22 of
2718 3165 146 28 11,000,000
2888 3164 99 23 nominal

2427 3201 71 19 assets
2514 3198 52 28 only
2582 3196 139 28 5,481,000,
2740 3203 25 15 or
2788 3196 44 21 less
2854 3194 56 23 than
2930 3194 55 28 half,

2428 3236 58 16 were
2496 3226 209 32 profit-producing,
2717 3233 60 15 more
2795 3226 56 22 than
2862 3225 47 23 half
2920 3224 67 30 being

2428 3259 57 23 dead
2508 3257 163 30 moneythat
2690 3257 26 28 is,
2738 3264 80 22 money
2835 3263 25 16 so
2880 3256 105 22 invested

2428 3298 23 15 as
2462 3293 24 20 to
2496 3290 66 28 bring
2572 3290 22 21 in
2606 3295 28 16 no
2644 3288 85 22 income
2741 3288 119 23 whatever.
2892 3287 33 22 At
2935 3286 52 23 that

2428 3321 55 22 time
2494 3321 39 22 the
2549 3319 115 23 liabilities
2681 3325 28 15 on
2728 3318 73 22 which
2818 3318 38 22 the
2867 3317 64 22 Bank
2942 3316 44 23 had

2429 3354 23 19 to
2472 3358 44 22 pay
2536 3351 95 21 interest
2651 3355 57 15 were
2733 3348 140 28 6,300,000,
2894 3347 44 22 and
2963 3347 23 22 in

2429 3382 62 24 these
2516 3381 172 23 circumstances
2719 3379 19 23 it
2762 3379 46 23 will
2836 3377 99 31 surprise
2959 3385 28 15 no

2428 3420 42 14 one
2494 3415 23 19 to
2542 3412 66 22 know
2639 3411 50 22 that
2719 3410 38 23 the
2787 3409 130 22 institution
2942 3416 45 15 was

2428 3443 67 28 being
2510 3441 85 23 carried
2615 3448 28 14 on
2663 3442 25 20 at
2707 3448 12 14 a
2736 3440 51 22 loss.
2824 3438 24 23 It
2867 3439 19 21 is
2905 3438 71 29 practi-

2428 3473 58 28 cally
2498 3470 137 30 responsible
2651 3470 34 22 for
2702 3469 133 28 4,400,000
2852 3476 28 14 on
2891 3471 97 19 account

2428 3502 23 23 of
2461 3504 39 21 the
2510 3502 65 23 Bank
2586 3501 22 23 of
2626 3500 56 23 New
2700 3499 97 24 Zealand
2816 3499 91 22 Estates
2923 3498 48 23 Com-

2429 3540 59 21 pany
2505 3532 43 22 and
2567 3532 39 22 the
2623 3530 120 23 Auckland
2759 3528 155 31 Agricultural
2924 3528 48 23 Com-

2428 3570 69 22 pany,
2518 3561 43 23 and
2582 3561 102 23 between
2708 3560 39 22 the
2771 3559 65 23 Bank
2860 3558 44 22 and
2924 3558 63 22 these

2428 3593 127 29 companies
2580 3593 64 21 there
2673 3598 58 16 were
2759 3590 69 23 about
2855 3589 133 27 2,300,000

2428 3627 79 23 assets,
2530 3623 73 22 which
2628 3629 46 14 was
2698 3621 54 29 only
2776 3620 98 23 nominal
2899 3626 87 21 money,

2430 3654 65 29 being
2505 3653 100 29 actually
2620 3651 167 24 irrecoverable.
2819 3650 11 23 I
2841 3648 56 25 need
2909 3648 79 30 hardly

2429 3684 77 29 depict
2530 3685 62 21 what
2616 3682 75 23 would
2715 3682 56 22 have
2792 3681 56 22 been
2867 3680 40 22 the
2923 3680 65 22 effect

2430 3714 43 23 had
2503 3714 39 23 the
2571 3713 101 22 business
2703 3712 54 23 been
2788 3710 94 24 allowed
2914 3712 23 21 to
2961 3716 27 24 go

2429 3746 48 22 into
2497 3744 135 31 liquidation
2653 3747 24 20 at
2696 3743 52 24 that
2768 3742 60 23 time.
2861 3741 28 24 So
2910 3741 34 23 far
2964 3748 24 15 as

2429 3775 39 23 the
2501 3774 155 24 shareholders
2695 3781 57 15 were
2786 3771 130 28 concerned,
2950 3772 38 21 the

2430 3806 71 23 whole
2516 3806 24 23 of
2559 3805 39 23 the
2613 3805 84 30 capital
2712 3803 45 24 and
2778 3810 88 16 reserve
2888 3801 99 30 liability

2430 3837 74 22 would
2519 3836 156 27 undoubtedly
2687 3836 56 20 have
2759 3841 56 21 gone
2833 3837 24 18 to
2875 3836 59 19 meet
2950 3833 38 21 the

2429 3865 140 22 ascertained
2593 3864 91 27 deficit;
2700 3864 44 21 and
2764 3871 24 14 as
2806 3866 24 19 to
2846 3863 39 22 the
2900 3861 88 22 further

2429 3895 43 23 loss
2484 3895 73 23 which
2568 3894 74 23 would
2653 3894 57 22 have
2720 3893 95 23 accrued
2825 3895 24 20 to
2860 3892 38 23 the
2909 3890 79 30 colony

2428 3926 45 23 and
2484 3927 64 22 those
2559 3924 123 25 concerned
2693 3925 23 23 in
2731 3924 39 24 the
2787 3923 84 24 Bank's
2887 3921 101 25 business

2428 3958 58 21 from
2510 3956 137 30 liquidation
2671 3956 23 22 in
2719 3956 55 22 such
2798 3962 13 15 a
2830 3961 54 22 year
2904 3953 24 22 of
2949 3953 25 22 de-

2428 3987 100 28 pression
2559 3983 14 32 a
2587 3983 13 32 9
2614 3983 55 32 1894
2693 3986 20 22 it
2736 3993 42 15 can
2802 3985 54 27 only
2881 3983 27 22 be
2936 3989 37 16 con-

2428 4017 109 30 jectured.
2587 4016 61 23 That
2679 4016 19 22 it
2728 4014 74 24 would
2844 4014 56 22 have
2931 4012 56 23 been

2428 4049 73 27 heavy
2512 4047 83 22 admits
2605 4047 23 22 of
2642 4054 29 14 no
2681 4045 78 23 doubt.
2792 4045 70 21 What
2878 4044 39 21 has
2932 4043 55 22 been

2428 4078 57 21 done
2496 4078 59 21 since
2568 4078 53 21 1894
2631 4077 22 21 in
2662 4083 57 22 your
2734 4076 114 25 interests,
2859 4073 44 22 and
2915 4074 23 20 in
2949 4074 38 20 the

2428 4108 106 21 interests
2544 4106 23 22 of
2577 4108 39 20 the
2627 4106 78 28 colony
2716 4104 45 23 and
2776 4104 64 22 those
2855 4102 130 27 concerned,

2428 4145 51 21 may
2504 4137 27 22 be
2555 4135 81 30 briefly
2660 4135 76 23 stated
2765 4141 24 15 as
2818 4133 86 23 follows
2915 4132 71 23 :An

2428 4169 72 21 entire
2515 4167 127 29 separation
2661 4166 39 22 has
2711 4165 55 23 been
2776 4163 94 24 effected
2885 4163 101 23 between

2429 4198 38 24 the
2475 4198 54 24 bulk
2538 4198 21 23 of
2568 4198 38 23 the
2616 4199 71 21 assets
2693 4196 23 24 of
2724 4196 38 24 the
2774 4195 91 24 Estates
2871 4193 116 31 Company

2427 4229 45 23 and
2489 4229 38 23 the
2543 4229 73 26 Bank,
2635 4228 88 29 leaving
2738 4227 53 28 only
2808 4226 37 23 the
2861 4225 88 23 residue
2964 4226 21 21 in

2428 4259 39 22 the
2486 4259 83 22 Bank's
2589 4258 60 22 hand
2668 4258 35 22 for
2715 4257 84 29 speedy
2816 4255 171 23 realisationa

2428 4289 87 22 residue
2526 4296 24 14 so
2560 4287 65 22 small
2636 4288 52 21 that
2698 4294 28 15 no
2743 4287 84 28 danger
2838 4289 24 18 to
2873 4286 38 20 the
2921 4284 65 22 Bank

2427 4326 40 14 can
2479 4318 99 29 possibly
2588 4325 79 14 accrue
2683 4317 58 22 from
2757 4316 25 21 it.
2814 4316 32 21 At
2861 4314 79 22 March
2950 4315 35 26 31,

2430 4349 59 28 1895,
2503 4348 44 23 this
2558 4347 96 29 residue,
2673 4346 73 24 which
2763 4344 105 25 included
2884 4344 103 23 valuable

2419 4376 1 38 |
2428 4380 91 30 trading
2534 4387 106 15 concerns
2656 4378 45 23 and
2717 4377 65 24 other
2799 4380 77 24 assets,
2894 4376 91 22 written

2419 4401 1 33 S
2427 4410 66 23 down
2513 4414 23 18 to
2562 4411 38 22 the
2624 4410 69 21 latest
2717 4408 84 26 values,
2822 4406 120 23 amounted
2962 4408 24 20 to

2427 4441 116 27 534,989.
2584 4440 55 22 This
2663 4446 49 15 sum
2731 4438 40 23 has
2794 4437 61 23 Eince
2878 4436 55 22 been
2953 4443 22 15 re-

2427 4471 72 23 duced
2510 4471 29 30 by
2550 4470 117 27 117,392,
2684 4468 101 24 received
2805 4475 28 15 on
2853 4468 95 21 account
2963 4466 23 23 of

2428 4502 147 25 realisations,
2594 4500 44 23 and
2655 4507 33 15 we
2705 4506 38 15 are
2760 4499 23 21 in
2801 4500 75 27 treaty
2895 4504 50 15 now
2962 4499 23 19 to

2427 4531 66 22 effect
2508 4532 89 21 further
2613 4530 64 22 sales.
2715 4529 47 22 The
2780 4527 82 23 Bank's
2882 4527 103 28 stability

2428 4562 65 29 being
2503 4560 79 31 placed
2596 4559 87 31 beyond
2701 4558 72 23 doubt
2788 4558 30 28 by
2835 4557 46 22 thi
2898 4563 75 23 separa-

2428 4592 47 21 tion
2493 4591 44 22 and
2548 4591 30 28 by
2594 4591 39 21 the
2648 4591 59 21 issue
2724 4589 23 21 of
2766 4588 153 22 Government
2937 4593 36 23 pre-

2428 4621 86 22 ference
2538 4621 84 26 shares,
2652 4619 44 23 and
2721 4619 39 21 the
2789 4618 85 28 receipt
2900 4616 23 24 of
2947 4616 38 22 the

2427 4652 78 20 Assets
2536 4650 139 22 Realisation
2701 4648 74 23 Board
2805 4647 142 25 debentures,
2973 4653 12 14 a

2427 4687 88 16 reserve
2532 4679 56 23 fund
2608 4678 22 24 of
2648 4678 95 28 23,418
2761 4678 39 23 has
2814 4677 55 22 been
2886 4675 97 24 created.

2427 4710 47 23 The
2493 4710 94 29 earning
2603 4717 76 22 power
2694 4710 40 22 has
2751 4708 55 23 been
2822 4706 114 24 increased
2955 4706 30 29 by

2428 4741 38 22 the
2485 4740 110 30 purchase
2619 4739 23 23 of
2666 4739 39 23 the
2729 4739 102 22 business
2849 4737 23 23 of
2891 4736 95 22 another

2427 4770 67 28 bank,
2507 4770 82 28 which,
2601 4770 59 23 after
2668 4770 39 22 the
2718 4769 130 30 experience
2858 4767 24 23 of
2891 4774 13 15 a
2914 4765 72 31 year's

2427 4801 109 29 working,
2556 4808 33 15 we
2605 4808 37 15 are
2659 4800 63 29 quite
2737 4798 100 23 satisfied
2848 4798 62 22 with.
2942 4797 29 22 Ex-

2427 4838 78 21 penses
2525 4830 44 23 and
2594 4831 95 21 interest
2713 4830 93 29 charges
2822 4835 43 23 pro
2886 4831 52 19 rata,
2962 4830 24 19 to

2428 4862 100 20 business
2545 4861 57 21 have
2620 4860 54 21 been
2690 4859 65 22 much
2766 4858 127 27 decreased,
2905 4856 81 29 chiefly

2427 4890 29 29 by
2488 4890 39 23 the
2557 4889 109 29 purchase
2696 4887 127 24 mentioned
2837 4896 7 19 ;
2878 4887 46 23 also
2956 4887 30 30 by

2427 4921 38 22 the
2494 4920 174 30 disappearance
2696 4919 23 23 of
2743 4919 134 28 1,500,000
2900 4918 23 23 of
2947 4918 39 23 the

2427 4951 80 23 Estate
2517 4950 134 29 Company's
2661 4950 143 27 debentures,
2822 4950 35 23 for
2875 4949 73 23 which
2959 4949 26 28 5

2427 4988 38 21 per
2489 4984 58 19 cent,
2574 4981 96 21 interest
2693 4988 46 14 was
2763 4980 62 29 paid,
2848 4979 44 23 and
2917 4979 69 22 about

2426 5011 109 27 300,000
2564 5010 23 22 of
2615 5011 40 22 the
2686 5009 119 24 Auckland
2831 5009 154 29 Agricultural

2426 5040 133 30 Company's
2579 5040 142 28 debentures,
2743 5040 74 22 which
2841 5042 49 19 cost
2913 5040 13 21 5
2946 5045 40 22 per

2425 5075 58 19 cent.
2524 5071 72 23 These
2620 5070 135 23 debentures
2784 5069 44 22 had
2853 5073 24 18 to
2902 5068 26 22 be
2952 5075 22 15 re-

2426 5101 92 23 deemed
2547 5104 25 19 at
2609 5100 153 23 considerable
2793 5101 40 19 but
2862 5097 123 29 justifiable

2425 5138 104 22 expense,
2555 5131 73 21 which
2649 5130 39 22 the
2712 5128 74 23 Board
2811 5127 44 23 had
2879 5134 29 15 no
2928 5127 44 22 hesi-

2426 5162 72 22 tation
2522 5161 23 22 in
2570 5159 112 29 resolving
2706 5161 25 20 to
2760 5157 131 24 undertake.
2936 5156 48 23 The

2425 5191 97 23 finances
2545 5190 24 22 of
2592 5190 39 22 the
2655 5188 73 28 Bank,
2748 5188 74 23 which
2842 5194 58 17 were
2924 5187 23 22 in
2971 5194 13 15 a

2425 5219 153 31 disorganised
2602 5221 60 21 state
2680 5219 22 21 in
2728 5218 61 27 1894,
2811 5218 54 22 took
2885 5218 54 22 time
2960 5219 24 19 to

2426 5258 125 22 rearrange,
2573 5257 23 14 so
2616 5257 24 14 as
2661 5256 23 15 to
2703 5248 65 27 bring
2784 5248 70 22 about
2874 5256 12 14 a
2907 5246 65 31 profit-

2425 5282 50 22 able
2491 5280 110 29 working,
2622 5278 136 30 compatible
2777 5278 57 22 with
2853 5286 14 14 a
2886 5278 97 29 position

2425 5312 23 22 of
2467 5310 104 29 strength
2590 5309 45 22 and
2654 5308 81 29 safety.
2766 5308 48 22 The
2833 5307 74 23 Board
2927 5307 56 22 have

2426 5349 49 15 now
2493 5341 38 22 the
2549 5339 102 30 pleasure
2667 5342 24 19 to
2707 5345 75 15 assure
2797 5345 45 23 you
2858 5338 52 22 that
2927 5336 56 23 with

2426 5373 39 23 the
2480 5371 121 24 assistance
2616 5369 23 25 of
2657 5369 39 24 the
2713 5369 154 24 Government
2882 5367 44 25 and
2944 5367 39 24 the

2427 5403 139 28 Legislature
2576 5402 38 21 the
2626 5407 115 20 necessary
2748 5402 168 25 arrangements
2927 5399 56 21 have

2426 5432 55 21 been
2500 5429 127 30 completed
2644 5428 46 23 and
2714 5429 40 21 the
2778 5428 89 22 desired
2885 5428 98 28 position

2425 5460 109 25 attained.
2573 5459 64 30 They
2653 5465 37 16 are
2706 5458 46 22 also
2769 5457 53 30 glad
2834 5459 23 21 to
2867 5463 116 17 announce

2426 5493 51 21 that
2502 5491 127 27 advantage
2655 5496 46 14 was
2721 5488 68 22 taken
2814 5491 23 18 to
2856 5487 80 22 realise
2954 5494 29 14 on

2427 5522 38 23 the
2489 5519 93 28 consols,
2606 5517 95 24 colonial
2725 5517 154 22 Government
2902 5516 69 22 securi-

2427 5553 49 27 ties,
2496 5551 45 23 and
2555 5550 66 23 other
2644 5548 117 23 securities
2780 5546 52 23 held
2851 5547 24 23 in
2891 5546 91 23 London

2426 5583 104 29 previous
2547 5583 24 21 to
2595 5580 39 23 the
2658 5581 77 20 recent
2754 5577 87 23 decline
2860 5578 22 22 in
2902 5577 79 29 prices,

2426 5621 24 14 so
2479 5613 52 22 that
2554 5618 29 16 no
2613 5610 45 22 loss
2689 5607 40 23 has
2757 5607 107 23 occurred
2889 5609 23 20 to
2936 5606 47 22 this

2427 5643 64 24 Bank
2507 5643 57 23 from
2584 5640 53 24 that
2655 5638 93 24 decline.
2780 5638 32 22 As
2827 5640 24 20 to
2861 5643 120 20 resources,

2427 5673 87 25 besides
2544 5680 41 16 our
2602 5670 70 29 coin,
2703 5669 52 24 cash
2799 5668 109 28 balances,
2938 5666 44 23 and

2426 5705 72 31 liquid
2529 5710 80 23 money
2633 5699 103 25 invested
2766 5699 23 23 in
2819 5698 93 24 London
2938 5696 45 24 and

2420 5734 58 28 wis
2487 5734 23 28 of
2520 5733 121 35 esobaoge,
2652 5738 34 17 we
2696 5731 57 24 have
2762 5736 50 20 now
2822 5735 53 19 over
2884 5731 45 23 two
2938 5726 45 26 and

3010 143 71 23 a-half
3098 142 97 23 millions
3211 141 95 29 sterliug
3323 141 23 23 in
3363 143 78 25 assets,
3453 141 68 23 board
3534 141 37 23 de-

3253 179 38 20 per
3299 174 58 19 cent,
3368 171 101 26 interest,
3475 171 97 27 payable

3010 203 23 22 in
3045 202 92 23 London
3148 201 45 23 and
3203 200 132 30 practically
3345 200 139 30 guaranteed
3490 200 30 29 by
3531 200 40 22 the

3010 233 88 29 colony,
3109 240 25 14 so
3146 232 51 22 that
3207 239 61 15 come
3280 232 62 22 what
3360 238 50 22 may
3422 231 46 22 this
3478 231 81 21 institu-

3012 264 47 21 tion
3071 263 46 21 will
3127 263 28 21 be
3165 261 110 30 prepared
3286 264 23 19 to
3320 264 59 19 meet
3397 262 30 20 its
3445 260 122 22 liabilities.

3011 292 48 23 The
3076 294 91 28 present
3187 291 98 29 position
3305 291 22 22 of
3348 291 39 22 the
3406 290 65 22 Bank
3489 291 19 21 is
3520 290 52 22 that

3012 323 63 23 there
3085 330 38 15 are
3134 330 28 15 no
3172 322 83 22 known
3272 320 140 23 deficiencies
3429 320 141 30 unprovided

3011 353 34 23 for
3056 360 27 16 on
3095 353 39 22 the
3144 352 83 23 annual
3238 352 91 22 balance
3339 351 57 30 days
3406 351 89 30 beyond
3506 351 65 22 those

3011 383 76 24 stated
3098 384 23 22 in
3132 383 39 23 the
3183 382 259 27 balance-sheetsviz.,
3455 382 39 23 the
3505 382 66 22 items

3010 414 24 23 of
3043 414 113 30 goodwill,
3168 413 124 23 debenture
3307 413 130 22 conversion
3454 419 108 22 expenses
3563 411 9 17 l

3011 446 45 22 and
3080 446 40 22 the
3144 451 75 16 excess
3244 443 65 23 value
3333 442 24 24 of
3386 442 38 24 the
3455 442 114 30 premises,

3012 477 132 28 amounting
3169 475 128 30 altogether
3320 478 23 18 to
3363 473 70 23 about
3452 474 116 27 150,000.

3011 507 48 23 The
3088 506 124 30 obligation
3242 508 24 19 to
3301 511 45 23 pay
3375 505 96 27 50,000
3501 512 56 14 annu-

3011 538 46 30 ally
3096 539 25 21 to
3158 536 38 24 the
3235 536 78 23 Assets
3351 534 75 24 Board
3464 538 107 28 prevents

3011 577 25 15 us
3047 569 58 23 from
3116 569 91 28 writing
3217 567 66 23 down
3301 567 62 23 these
3383 567 74 27 items,
3477 567 41 23 but
3537 574 34 15 we

3011 602 61 20 trust
3083 600 51 21 that
3144 606 33 15 we
3188 606 59 21 may,
3259 600 24 20 at
3293 606 28 14 an
3338 597 63 30 early
3411 597 60 28 date,
3483 597 28 23 be
3520 597 51 23 able

3012 633 23 19 to
3043 630 72 21 lessen
3126 630 19 21 it
3161 629 29 28 by
3208 628 182 29 appropriations
3407 628 57 21 from
3482 627 87 29 profits,

3011 660 44 23 and
3066 660 21 22 in
3099 667 13 15 a
3122 659 64 23 short
3196 659 54 23 time
3261 658 69 23 afford
3338 657 119 23 dividends
3466 660 23 20 to
3496 657 61 23 share-

3012 691 89 22 holders
3111 698 28 15 on
3151 690 59 23 their
3216 689 83 30 capital
3308 689 89 23 created
3405 689 29 30 by
3442 689 38 23 the
3488 688 82 24 second

3012 722 42 23 call
3069 729 27 16 on
3111 722 38 23 the
3162 728 88 16 reserve
3263 720 107 30 liability,
3382 720 44 23 and
3437 720 64 23 when
3518 720 19 23 it
3551 720 19 23 is

3010 752 131 24 considered
3167 752 58 28 that,
3250 751 30 30 by
3305 752 39 22 the
3364 758 111 16 measures
3500 751 69 22 taken

3010 784 23 22 in
3045 784 39 22 the
3094 787 51 26 past
3156 785 45 21 two
3210 790 73 22 years,
3296 781 87 23 instead
3394 781 23 23 of
3433 789 14 15 a
3457 781 57 23 total
3525 782 44 22 loss

3010 814 24 22 of
3052 821 57 23 your
3129 821 88 14 reserve
3233 813 98 28 liability
3347 813 23 21 of
3386 813 45 22 lO
3447 820 41 22 per
3503 813 66 20 share

3010 852 44 22 you
3071 844 44 23 lost
3132 844 53 29 only
3205 851 41 14 one
3257 842 62 23 third
3344 842 23 23 of
3390 843 27 27 it,
3443 842 43 23 and
3511 842 58 23 have

3010 874 129 22 reasonable
3159 874 154 29 expectations
3334 874 51 21 that
3403 880 28 14 on
3449 873 38 22 the
3503 873 66 22 other

3010 904 63 23 third
3082 912 45 21 you
3137 904 47 22 will
3201 904 86 22 receive
3301 903 127 27 dividends,
3449 903 66 22 while
3530 903 39 22 the

3010 934 124 30 remaining
3149 934 62 23 third
3232 940 51 22 may
3305 933 27 22 be
3357 933 48 22 said
3427 935 24 20 to
3472 933 27 22 be
3521 933 48 22 still

3010 966 66 28 safer,
3097 965 11 23 I
3128 967 61 21 trust
3198 972 45 23 you
3254 964 45 24 will
3317 964 80 30 regard
3414 964 39 23 the
3470 964 98 30 position

3011 997 55 22 with
3085 996 63 23 relief
3167 997 44 21 and
3232 995 163 23 thankfulness.
3428 995 29 23 So
3476 995 35 23 far
3530 995 39 23 the

3010 1027 106 21 interests
3127 1026 22 21 of
3166 1026 39 21 the
3221 1026 154 21 Government
3391 1025 44 21 and
3446 1025 39 21 the
3496 1025 60 21 share-

3011 1056 89 22 holders
3110 1063 38 14 are
3163 1054 115 27 identical,
3296 1054 43 21 and
3356 1054 11 21 I
3386 1054 56 27 hope
3454 1054 50 21 that
3516 1054 54 27 they

3011 1086 46 22 will
3074 1086 83 21 remain
3174 1092 23 14 so
3214 1084 66 21 while
3290 1084 54 20 each
3363 1084 72 18 retain
3447 1082 59 20 their
3522 1087 36 22 pro-

3012 1115 136 26 prietorship
3167 1114 23 20 iu
3211 1113 39 21 the
3270 1110 73 23 Bank.
3383 1110 12 23 I
3419 1110 57 23 wish
3497 1111 62 22 share-

3012 1142 89 23 holders
3120 1145 24 19 to
3168 1141 123 23 remember
3315 1141 59 26 that,
3395 1140 75 29 owing
3489 1143 24 19 to
3533 1140 39 22 the

3011 1175 52 20 vast
3082 1172 122 23 assistance
3226 1170 73 23 which
3322 1169 38 23 the
3381 1169 64 23 Bank
3467 1170 39 22 has
3527 1169 44 22 had

3011 1204 57 23 from
3097 1202 40 25 the
3165 1202 87 30 colony,
3283 1201 39 24 the
3358 1200 65 23 Bank
3456 1202 61 21 must
3545 1199 27 23 be

3011 1234 35 24 for
3075 1241 59 15 some
3162 1232 154 24 considerable
3348 1232 54 22 time
3438 1230 134 30 practically

3012 1265 22 23 in
3046 1265 39 23 the
3096 1263 71 24 hands
3178 1263 23 23 of
3218 1263 145 27 Parliament,
3376 1261 43 23 and
3430 1261 20 23 it
3460 1261 73 23 would
3545 1261 27 22 bo

3012 1296 84 21 unwise
3106 1295 30 28 by
3147 1293 165 29 inflammatory
3323 1293 105 28 speeches
3438 1292 44 22 and
3497 1292 62 21 other-

3012 1326 53 22 wise
3075 1328 24 19 to
3110 1324 99 30 provoke
3224 1323 141 29 antagonism
3380 1322 23 22 of
3417 1329 45 22 any
3473 1321 63 27 kind,
3548 1328 24 15 as

3012 1357 52 22 that
3075 1355 73 23 would
3166 1354 53 30 only
3230 1354 26 23 be
3267 1361 139 22 ungenerous
3422 1352 44 23 and
3484 1352 88 23 hurtful

3013 1390 23 19 to
3053 1386 38 22 the
3109 1385 72 23 Bank.
3221 1385 48 23 The
3287 1384 114 29 provision
3417 1383 34 23 for
3468 1383 64 22 audit
3550 1382 23 22 of

3013 1416 45 22 this
3075 1416 64 21 Bank
3157 1416 19 21 is
3193 1422 61 15 more
3268 1414 113 28 thorough
3396 1413 44 21 and
3456 1413 117 28 searching

3013 1446 55 21 than
3080 1446 51 21 that
3148 1444 22 22 of
3188 1451 43 21 any
3249 1444 66 21 other
3332 1443 131 22 institution
3482 1442 89 21 known.

3013 1475 47 22 The
3090 1477 87 26 reports
3201 1477 24 19 to
3250 1474 39 21 the
3313 1472 101 23 Colonial
3443 1472 128 26 Treasurer,

3014 1504 66 22 while
3115 1503 106 29 avoiding
3252 1503 113 22 referenoe
3398 1505 24 19 to
3447 1495 126 28 individual

3013 1536 114 24 accounts,
3144 1541 38 14 are
3203 1540 54 21 very
3272 1533 50 26 full,
3341 1531 44 23 and
3405 1531 40 23 the
3464 1531 97 28 responsi-

3014 1565 75 29 bility,
3101 1563 73 22 which
3190 1563 19 22 is
3229 1563 88 22 thrown
3337 1569 60 23 upon
3417 1562 39 22 the
3473 1559 101 25 Colonial

3013 1595 121 23 Treasurer
3145 1594 43 22 and
3200 1594 34 22 his
3244 1593 144 30 department
3397 1593 22 22 in
3426 1592 47 23 this
3483 1599 78 16 connec-

3078 1625 19 22 is
3109 1632 24 15 so
3141 1632 94 14 onerous
3243 1624 51 22 that
3302 1631 44 21 you
3355 1630 51 23 may
3414 1626 47 20 re3t
3471 1623 23 22 in
3506 1621 55 24 confi-

3014 1655 69 22 dence
3108 1662 24 14 as
3156 1658 24 18 to
3205 1655 38 21 the
3268 1653 114 28 efficiency
3398 1653 22 22 of
3442 1654 40 22 the
3501 1652 71 22 audit.

3014 1684 102 30 Turning
3127 1687 23 19 to
3161 1684 39 22 the
3210 1686 116 27 prospects
3336 1682 23 23 of
3370 1682 39 23 the
3419 1682 88 29 colony,
3518 1682 57 22 with

3014 1715 74 22 which
3099 1715 38 21 the
3146 1714 90 22 welfare
3244 1714 23 22 of
3275 1714 38 21 the
3319 1712 65 23 Bank
3391 1713 19 22 is
3417 1712 109 23 indissolu
3546 1712 29 30 -!y

3015 1745 74 23 bound
3101 1752 38 22 up,
3151 1744 39 22 the
3207 1746 92 27 present
3315 1743 109 22 directors
3440 1750 58 15 were
3514 1750 61 14 more

3015 1776 115 22 fortunate
3147 1775 55 22 than
3221 1774 59 23 their
3297 1775 154 28 preiecessors
3461 1773 23 23 in
3496 1773 80 29 taking

3015 1806 63 21 office
3094 1808 24 19 at
3128 1812 13 15 a
3151 1805 56 22 time
3224 1804 65 22 when
3308 1804 77 28 things
3402 1810 58 15 were
3475 1805 25 20 at
3516 1803 60 22 their

3015 1836 79 22 lowest
3104 1835 49 22 ebb.
3185 1834 65 23 Since
3268 1834 54 22 then
3334 1841 12 14 a
3356 1833 91 30 general
3464 1834 98 28 improve-

3015 1869 62 19 ment
3091 1866 39 22 has
3145 1865 69 23 taken
3223 1865 69 29 place,
3301 1865 22 21 in
3335 1863 74 23 which
3425 1864 38 22 the
3478 1863 65 23 Bank
3553 1863 23 22 of

3015 1896 56 23 New
3080 1895 97 23 Zealand
3185 1895 40 22 has
3233 1895 115 28 naturally
3357 1893 158 30 participated.
3534 1893 42 23 We

3015 1926 28 24 do
3055 1929 40 21 not
3109 1926 54 23 take
3180 1925 76 23 undue
3274 1925 58 23 risks
3348 1932 23 15 as
3382 1924 91 30 regards
3491 1924 85 29 mining

3015 1957 124 28 securities,
3151 1957 42 22 but
3206 1956 114 29 exchange
3331 1955 44 23 and
3389 1956 101 28 deposits
3501 1962 63 15 conse-

3014 1990 104 28 quenton
3127 1988 38 22 the
3174 1987 49 22 flow
3232 1987 23 22 of
3261 1986 85 29 capital
3353 1987 48 21 into
3409 1986 38 22 the
3454 1985 80 30 colony
3542 1985 34 23 for

3015 2018 85 30 mining
3111 2024 108 23 purposes
3230 2017 44 22 and
3285 2018 39 20 the
3341 2015 115 23 increased
3471 2018 105 20 out-turn

3014 2049 24 21 of
3066 2048 52 30 gold
3143 2048 57 22 have
3224 2046 113 23 benefited
3362 2053 26 15 us
3412 2046 162 28 considerably.

3014 2079 47 23 The
3090 2079 100 22 increase
3219 2077 23 23 in
3274 2077 39 22 the
3340 2077 72 28 prices
3436 2076 23 22 of
3485 2076 90 27 timber,

3014 2109 64 29 wool,
3119 2109 44 22 and
3206 2107 147 31 agricultural
3397 2107 98 30 produce
3537 2107 39 22 has

3014 2140 47 22 also
3099 2138 112 23 benefited
3250 2146 26 14 us
3314 2138 96 28 greatly,
3442 2137 77 22 whilst
3553 2137 23 22 in

3014 2171 59 23 most
3092 2169 23 24 of
3136 2169 38 23 the
3193 2168 156 31 departments
3374 2168 23 22 of
3421 2167 155 23 manufacture

3014 2201 43 23 and
3076 2201 65 23 trade
3157 2201 40 23 the
3214 2200 129 28 well-being
3358 2199 23 23 of
3397 2206 41 16 our
3452 2201 124 21 customers

3014 2232 40 20 has
3064 2230 74 22 added
3149 2234 24 17 to
3183 2237 41 14 our
3238 2230 100 27 security
3349 2229 44 21 and
3410 2229 86 28 profits.
3529 2229 47 21 The

3014 2261 122 29 cheapness
3147 2260 23 21 of
3184 2266 80 22 money
3275 2259 19 22 is
3311 2262 40 19 not
3365 2258 85 30 always
3460 2257 116 23 beneficial

3014 2293 24 21 to
3073 2290 78 29 banks,
3192 2289 41 24 but
3271 2290 23 22 in
3329 2297 40 15 our
3408 2296 50 16 case
3488 2288 19 24 it
3536 2288 40 23 has

3014 2325 40 19 not
3064 2321 56 23 been
3130 2329 26 15 sn
3167 2321 106 23 uumixed
3284 2321 52 26 evil,
3348 2328 29 14 an
3391 2320 65 22 when
3466 2327 81 22 money
3558 2320 18 22 is

3014 2352 70 28 cheap
3104 2351 44 23 and
3168 2351 97 22 difficult
3280 2353 24 20 to
3320 2351 76 22 invest
3415 2357 34 15 we
3474 2353 39 26 get
3537 2349 39 23 the

3014 2382 83 22 benefit
3116 2382 24 21 of
3160 2382 38 21 the
3219 2382 61 27 large
3299 2388 61 14 sums
3380 2380 43 23 left
3442 2380 23 22 in
3484 2384 92 18 current

3014 2414 106 21 accounts
3137 2415 40 19 not
3196 2410 93 31 bearing
3308 2410 102 23 interest.
3450 2410 34 22 As
3501 2417 12 15 a
3532 2410 44 22 last

3014 2443 105 29 cheering
3135 2441 62 24 word
3213 2441 12 24 I
3243 2448 51 23 may
3311 2443 59 21 state
3388 2441 52 23 that
3459 2448 41 16 our
3520 2440 45 24 half-

3014 2474 78 30 yearly
3103 2474 92 22 balance
3206 2476 24 19 to
3240 2473 54 22 30th
3305 2472 132 29 September
3447 2472 41 22 has
3498 2472 78 22 shown

3014 2512 13 14 a
3037 2504 145 28 satisfactory
3192 2502 69 31 profit
3272 2502 34 23 for
3317 2502 39 23 the
3367 2502 117 29 half-year.

3042 2535 78 22 About
3130 2537 89 26 twenty
3233 2533 158 23 shareholders
3402 2540 57 15 were
3475 2533 99 29 present.

3014 2565 65 23 Some
3089 2565 24 22 of
3129 2565 40 22 the
3186 2563 106 31 speakers
3312 2563 140 30 complained
3471 2563 52 23 that
3537 2563 39 22 the

3014 2596 107 22 interests
3131 2595 24 23 of
3171 2595 39 23 the
3230 2594 156 23 shareholders
3403 2594 45 22 had
3466 2596 40 21 not
3521 2594 55 22 been

3014 2625 156 30 safeguarded,
3196 2625 42 22 but
3264 2624 64 23 these
3358 2626 136 21 statements
3518 2631 58 15 were

3014 2655 89 24 refuted
3114 2655 30 30 by
3156 2655 39 23 the
3205 2655 117 23 directors.

3042 2686 48 23 The
3100 2686 99 29 meeting
3211 2685 72 23 lasted
3295 2685 53 29 only
3359 2685 47 22 half
3416 2692 28 15 an
3455 2685 63 23 hour.

3042 2716 47 23 The
3098 2719 77 26 report
3183 2716 43 22 and
3237 2715 166 23 balance-sheet
3411 2722 58 16 were
3477 2714 98 30 adopted

3014 2754 28 15 on
3054 2747 39 22 the
3104 2747 80 21 voices.

3042 2777 47 22 The
3100 2777 110 22 directors
3225 2776 70 30 spoke
3313 2775 117 30 hopefully
3447 2775 44 22 and
3508 2775 55 22 confi-

3014 2807 80 30 dently
3104 2808 23 22 of
3138 2808 38 22 the
3187 2806 76 24 future
3274 2806 23 23 of
3308 2806 38 23 the
3357 2806 71 23 Bank.

3141 2876 302 26 FRUIT-GROWING.

3117 2952 192 26 REPRESSION
3324 2953 37 24 OF
3377 2951 97 26 PE3TS.

3042 2991 48 23 The
3100 2991 155 23 Government
3265 2991 138 29 Pomologist
3412 2989 85 23 desires
3507 2991 23 20 to
3541 2996 22 15 re-

3015 3021 62 22 mind
3088 3020 138 23 orchardists
3237 3020 51 22 that
3305 3020 40 22 the
3355 3020 62 21 work
3428 3020 22 21 of
3467 3019 108 28 spraying

3014 3050 35 22 for
3065 3050 129 29 combating
3210 3050 89 21 various
3318 3049 94 22 noxious
3432 3051 69 26 pests,
3521 3048 53 21 both

3015 3081 71 23 insect
3097 3080 43 24 and
3151 3080 102 30 fungoid,
3264 3079 81 24 should
3362 3087 49 15 now
3429 3078 28 24 be
3467 3078 107 24 attended

3015 3115 30 19 to.
3077 3112 75 21 Below
3164 3112 46 21 will
3225 3111 27 22 be
3263 3111 70 22 found
3344 3111 38 22 the
3393 3112 59 20 most
3461 3109 114 29 approved

3015 3141 101 24 formula;
3136 3141 170 23 recommended
3326 3148 25 15 as
3371 3140 141 24 insecticides
3531 3139 45 24 and

3016 3172 124 29 fungicides
3157 3172 35 22 for
3208 3172 39 22 the
3265 3174 124 20 treatment
3398 3172 23 21 of
3438 3172 39 21 the
3491 3170 85 23 several

3015 3206 62 26 pests
3087 3201 161 24 enumerated:

3209 3244 87 16 CODLIN
3307 3244 73 16 MOTH.

3043 3269 27 23 In
3081 3268 102 24 districts
3193 3268 95 24 affected
3304 3269 56 23 with
3371 3268 39 23 the
3420 3267 74 24 codlin
3505 3266 70 29 moth,

3016 3300 38 24 the
3065 3300 73 30 apple,
3150 3307 61 22 pear,
3230 3299 44 23 and
3291 3299 81 30 quince
3390 3301 59 21 trees
3459 3298 81 23 should
3550 3298 26 23 be

3015 3330 104 29 sprayed,
3131 3330 48 28 just
3190 3337 23 14 as
3225 3330 38 21 ihe
3281 3330 73 28 petals
3369 3329 64 29 drop,
3446 3329 56 22 with
3514 3329 62 22 Paris

3015 3368 75 23 green,
3103 3360 22 22 in
3138 3360 37 22 the
3186 3359 131 30 proportion
3324 3359 23 23 of
3358 3359 36 23 lib
3402 3359 23 23 of
3436 3358 63 24 Paris
3509 3366 66 23 green

3016 3396 23 19 to
3057 3391 38 30 200
3095 3391 39 30 gal
3152 3391 23 22 of
3192 3391 149 26 lime-water;
3363 3398 12 14 a
3394 3390 90 27 second,
3504 3389 69 28 third,

3015 3422 44 22 and
3070 3429 55 14 even
3133 3421 77 22 fourth
3226 3421 107 29 spraying
3344 3420 80 22 should
3436 3421 26 21 be
3472 3420 67 29 given
3551 3424 25 17 at

3017 3452 107 21 intervals
3144 3451 22 21 of
3184 3451 69 21 about
3269 3457 68 15 seven
3357 3452 23 20 to
3401 3453 38 18 ten
3455 3450 62 28 days.
3549 3449 26 22 In

3017 3481 119 29 preparing
3147 3480 38 22 the
3203 3479 64 23 Paris
3276 3487 75 22 green,
3364 3479 53 22 take
3430 3479 35 22 lib
3475 3479 23 22 of
3512 3478 63 22 Paris

3016 3519 67 21 green
3098 3511 44 22 and
3154 3511 45 21 mix
3208 3513 24 20 to
3242 3518 13 14 a
3265 3513 64 25 paste
3337 3510 56 22 with
3404 3517 13 15 a
3424 3509 60 23 little
3493 3513 68 18 water
3570 3516 5 19 ;

3016 3541 62 22 slake
3089 3540 69 23 about
3168 3540 36 23 61b
3220 3542 24 20 to
3254 3540 36 22 81b
3301 3540 23 21 of
3339 3539 59 22 fresh
3410 3539 52 22 lime
3472 3539 23 22 in
3506 3539 69 22 about

3018 3571 63 30 lOgal
3090 3571 24 23 of
3124 3574 70 20 water
3204 3579 6 19 ;
3225 3570 65 23 when
3300 3570 19 22 it
3330 3570 18 22 is
3359 3569 123 23 somewhat
3491 3568 84 23 settled

3017 3602 61 22 draw
3088 3601 33 23 off
3136 3602 38 22 the
3185 3604 77 23 water,
3274 3600 44 22 and
3328 3599 44 22 add
3383 3600 112 21 sufficient
3505 3602 70 19 water

3017 3634 24 20 to
3051 3632 65 21 make
3127 3639 30 21 up
3173 3634 23 19 to
3212 3630 39 29 200
3251 3630 39 29 ga
3299 3638 5 18 l;
3319 3629 45 22 add
3376 3630 38 21 the
3425 3629 63 22 Paris
3498 3636 73 21 green.

3017 3662 67 23 After
3094 3661 136 30 thoroughly
3241 3660 92 29 mixing,
3342 3659 20 23 it
3372 3659 19 22 is
3401 3659 68 28 ready
3480 3659 35 21 for
3525 3665 45 15 use.

3017 3692 24 23 It
3060 3693 18 21 is
3098 3699 117 21 necessary
3233 3693 24 20 to
3276 3690 57 28 keep
3350 3689 39 22 the
3408 3688 98 23 solution
3523 3688 51 22 well

3017 3722 81 24 stirred
3110 3722 66 23 while
3187 3721 70 29 using.

3044 3753 148 29 Supplement
3216 3751 39 23 the
3279 3749 63 24 work
3366 3749 23 23 of
3412 3749 107 30 spraying
3544 3748 29 29 by

3017 3784 118 29 attaching
3150 3791 13 14 a
3178 3782 60 23 band
3254 3781 23 23 of
3296 3780 60 31 light
3374 3780 93 30 sacking
3488 3779 85 23 around

3017 3815 54 23 each
3082 3817 55 25 tree,
3149 3813 69 23 about
3228 3820 42 16 one
3286 3812 47 23 foot
3349 3811 57 23 from
3422 3811 38 23 the
3471 3810 86 30 ground
3566 3817 7 20 ;

3017 3845 101 21 examine
3144 3843 87 28 weekly
3261 3843 44 21 and
3335 3841 92 28 destroy
3451 3841 30 21 all
3506 3841 67 21 larva;

3017 3873 69 22 found
3111 3873 22 22 in
3159 3873 38 22 the
3222 3871 120 29 bandages,
3368 3870 45 22 and
3445 3869 128 30 frequently

3017 3904 44 22 and
3076 3902 179 32 systematically
3275 3901 52 31 pick
3347 3900 30 23 all
3399 3900 98 23 infected
3518 3899 55 23 fruit

3017 3935 56 23 from
3085 3935 38 22 the
3134 3937 65 20 trees.
3231 3933 54 23 This
3300 3932 55 23 fruit
3370 3931 81 23 should
3462 3931 26 22 be
3498 3930 75 23 boiled

3016 3973 25 14 or
3051 3965 119 22 otherwise
3181 3963 88 23 treated
3279 3971 7 19 ;
3301 3970 27 14 on
3340 3970 29 14 no
3379 3966 96 18 account
3491 3961 51 29 give
3554 3961 19 21 it

3017 3998 23 19 to
3060 3996 49 28 pigs
3129 4001 25 15 or
3173 3993 73 27 stock,
3267 4000 24 15 as
3311 3993 39 22 the
3366 3991 58 30 grub
3443 3998 52 21 may
3519 3991 54 22 take

3015 4025 92 27 shelter,
3126 4024 44 23 and
3187 4024 23 23 in
3228 4024 54 22 time
3300 4029 78 23 escape
3396 4029 24 16 as
3436 4029 13 15 a
3467 4021 63 23 moth
3547 4023 25 20 to

3015 4057 134 28 perpetuate
3160 4054 38 22 the
3208 4055 57 28 pest.

3046 4095 171 18 OYSTER-SHELL
3231 4094 71 17 SCALE
3316 4094 31 16 OR
3361 4093 71 17 SCALY
3448 4092 93 17 BLIGHT.

3043 4120 87 29 During
3148 4120 39 22 the
3203 4118 62 26 early
3282 4121 52 27 part
3343 4117 23 22 of
3380 4120 55 19 next
3445 4117 78 22 month
3534 4116 39 23 the

3015 4157 75 24 young
3106 4149 58 23 scale
3182 4149 45 22 will
3244 4149 27 22 be
3287 4156 29 14 on
3333 4148 39 22 the
3388 4154 70 16 move.
3490 4148 36 21 An
3536 4153 24 15 ex-

3015 4181 82 23 cellent
3116 4179 92 30 remedy
3231 4179 35 23 for
3291 4179 78 29 spring
3392 4178 138 30 application
3554 4177 19 23 is

3016 4212 107 23 kerosene
3143 4210 115 23 emulsion.
3300 4210 79 29 Owing
3404 4214 23 18 to
3451 4208 40 24 the
3514 4208 59 23 scale

3016 4243 109 27 hatching
3142 4245 40 18 out
3199 4243 25 19 at
3239 4240 117 27 intervals,
3377 4240 44 21 and
3441 4239 132 28 continuing

3015 4280 30 21 up
3057 4275 22 19 to
3095 4272 69 21 about
3181 4271 99 23 thirteen
3297 4269 56 28 days
3368 4276 24 15 or
3407 4276 68 19 more,
3487 4271 45 20 two
3547 4276 25 14 or

3015 4309 60 14 more
3085 4301 149 29 applications
3251 4307 37 14 are
3298 4305 124 21 necessary.
3453 4298 72 23 There
3535 4305 37 15 are

3015 4334 46 20 two
3077 4330 101 24 formula;
3196 4330 34 22 for
3250 4328 90 30 making
3350 4328 103 27 -.First,
3466 4328 106 21 kerosene

3014 4364 58 29 2gal,
3091 4368 54 24 soap
3164 4360 57 29 Hlb,
3233 4362 71 22 water
3324 4358 65 31 lgal;
3404 4358 89 29 second,
3509 4358 51 23 kero-

3015 4401 52 15 sene
3077 4393 58 29 2gal,
3147 4400 52 15 sour
3215 4391 56 23 milk
3290 4391 55 29 lgal.
3377 4390 47 22 The
3434 4389 139 30 ingredients

3014 4430 38 15 are
3070 4422 100 23 churned
3191 4422 50 22 well
3258 4421 103 29 together
3381 4420 59 22 until
3459 4428 12 14 a
3486 4420 86 28 perfect

3014 4453 108 22 emulsion
3138 4453 19 22 is
3171 4451 93 24 formed.
3295 4450 77 30 Apply
3387 4450 47 29 just
3455 4450 63 21 when
3533 4449 39 23 the

3013 4490 76 23 young
3098 4483 58 22 scale
3173 4483 18 21 is
3208 4490 27 14 on
3253 4482 39 22 the
3303 4488 71 20 move,
3385 4481 66 28 using
3465 4487 41 15 one
3521 4483 52 26 part

3015 4514 22 22 of
3055 4514 38 21 the
3104 4513 108 22 emulsion
3229 4516 24 18 to
3269 4515 38 19 ten
3318 4515 24 18 to
3359 4511 102 21 fourteen
3471 4513 64 26 parts
3549 4509 24 23 of

3015 4548 76 17 water.
3123 4542 113 23 Kerosene
3246 4541 108 22 emulsion
3372 4541 19 22 is
3405 4541 46 21 also
3462 4539 111 23 excellent

3014 4574 34 22 for
3058 4573 131 29 destroying
3199 4574 59 20 most
3267 4571 65 29 plant
3341 4570 42 23 lice
3393 4570 45 23 and
3445 4570 65 23 other
3518 4570 43 23 soft-

3015 4602 80 24 bodied
3106 4603 89 22 insects.

3042 4633 48 22 The
3107 4632 61 22 work
3188 4631 23 23 of
3235 4631 106 29 spraying
3362 4630 81 22 should
3467 4629 27 23 be
3515 4629 57 23 done

3014 4662 145 29 thoroughly,
3171 4661 108 28 carefully
3290 4661 118 28 observing
3418 4662 25 20 to
3453 4659 72 22 direct
3533 4659 39 21 the

3014 4699 66 23 spray
3091 4699 28 16 on
3130 4696 24 18 to
3164 4692 39 22 the
3213 4697 75 23 young
3305 4689 63 24 wood
3384 4689 44 22 and
3446 4689 38 23 the
3502 4696 70 22 upper

3015 4723 89 29 portion
3114 4722 23 22 of
3147 4722 40 22 the
3197 4724 54 19 tree.

3214 4756 49 18 RED
3277 4755 91 18 SPIDER.

3043 4783 21 23 A
3073 4783 67 29 sharp
3150 4781 53 24 look
3218 4784 41 20 out
3274 4780 80 23 should
3370 4779 27 24 be
3413 4779 55 30 kept
3481 4779 35 23 for
3526 4778 47 24 this

3014 4817 58 26 pest,
3088 4813 45 23 and
3154 4820 29 15 on
3205 4812 31 23 its
3259 4810 50 24 first
3332 4817 139 23 appearance
3495 4809 76 29 apply,

3014 4843 120 30 especially
3151 4846 24 19 to
3192 4842 39 23 the
3248 4841 71 23 under
3333 4840 49 23 side
3399 4840 23 23 of
3437 4840 38 22 the
3490 4840 81 27 leaves,

3015 4874 106 22 kerosene
3131 4873 109 22 emulsion
3257 4878 41 16 one
3315 4874 52 26 part
3377 4873 24 19 to
3412 4872 37 20 ten
3460 4870 23 21 of
3493 4872 78 25 water,

3015 4904 55 23 with
3088 4904 39 23 the
3144 4903 102 23 addition
3263 4901 23 24 of
3298 4902 12 28 \
3329 4903 23 21 to
3373 4901 38 22 loz
3425 4899 23 24 of
3462 4899 43 23 fine
3516 4898 57 24 flour

3014 4936 23 22 of
3052 4935 95 30 sulphur
3164 4937 24 20 to
3206 4934 38 22 the
3260 4932 90 31 gallon;
3366 4939 24 15 or
3407 4930 128 28 bisulphide
3549 4930 23 23 of

3014 4966 52 22 lime
3086 4974 40 14 can
3147 4965 26 22 be
3194 4963 60 23 used.
3285 4963 24 23 It
3328 4963 19 22 is
3364 4961 64 23 made
3443 4961 30 29 by
3488 4960 84 30 boiling

3013 4995 38 23 51b
3069 4995 22 22 of
3107 4994 95 29 sulphur
3218 4993 44 23 and
3279 4992 38 24 51b
3333 4992 23 22 of
3375 4991 61 23 fresh
3452 4991 52 22 lime
3519 4991 23 22 in
3559 4998 13 14 a

3014 5025 64 22 small
3100 5024 107 30 quantity
3231 5023 23 23 of
3278 5025 70 20 water
3372 5021 59 24 until
3455 5021 55 22 both
3535 5028 37 15 are

3014 5054 112 23 dissolved
3152 5055 44 22 and
3216 5061 13 15 a
3248 5052 113 24 brownish
3385 5051 72 30 liquid
3481 5050 88 24 results.

3014 5085 77 21 Dilute
3111 5087 24 19 to
3156 5085 39 21 100
3210 5083 86 30 gallons
3312 5084 34 26 (or
3365 5090 12 14 a
3398 5082 60 22 little
3477 5089 60 15 more
3554 5081 18 22 if

3013 5114 113 29 required)
3136 5121 23 14 so
3175 5121 24 14 as
3213 5115 41 20 not
3269 5116 24 19 to
3312 5113 93 27 damage
3427 5112 37 22 the
3481 5111 87 28 foliage.

3013 5143 23 22 It
3046 5144 19 21 is
3076 5143 49 23 best
3135 5145 24 20 to
3169 5143 69 29 apply
3249 5142 55 22 with
3315 5149 13 15 a
3342 5141 58 29 good
3417 5148 67 22 spray
3501 5148 69 22 pump

3013 5174 83 27 having
3115 5180 13 14 a
3147 5179 54 21 very
3221 5172 44 21 fine
3286 5179 74 21 spray.
3401 5170 24 22 It
3443 5171 81 21 should
3544 5170 27 23 bu

3012 5202 90 29 applied
3119 5202 57 21 with
3193 5200 152 23 considerable
3364 5200 67 26 force,
3450 5200 121 28 especially

3013 5232 49 23 well
3072 5230 101 24 directed
3184 5233 24 21 to
3218 5230 39 23 the
3267 5230 71 22 under
3348 5229 47 23 side
3406 5229 23 23 of
3439 5230 39 22 the
3488 5230 79 22 leaves.

3025 5274 70 20 PEAR,
3106 5273 73 21 PLUM,
3190 5273 49 16 AND
3250 5271 95 17 CHERRY
3355 5271 58 17 SLUG
3424 5271 31 17 OR
3470 5271 82 17 LEACH.

3040 5297 46 24 Use
3096 5297 69 22 white
3181 5296 119 26 hellebore,
3312 5296 39 22 icz
3366 5298 24 19 to
3406 5295 39 22 the
3462 5295 75 28 gallon
3547 5295 23 22 of

3012 5331 76 19 water.
3130 5326 75 29 Apply
3222 5332 25 16 as
3264 5332 54 15 soon
3335 5332 23 14 as
3376 5325 39 22 the
3431 5324 60 23 little
3508 5324 60 30 slugs

3011 5358 65 30 begin
3088 5360 23 21 to
3121 5364 83 24 appear
3214 5363 28 16 on
3253 5355 38 24 the
3302 5355 79 23 leaves.

3039 5389 27 22 In
3084 5389 54 22 such
3156 5388 96 22 diseases
3268 5394 24 15 as
3308 5387 66 29 apple
3391 5386 52 23 scab
3460 5393 28 15 an
3506 5386 49 22 addi-

3013 5418 70 22 tional
3097 5418 107 27 spraying
3214 5417 18 21 is
3243 5416 102 28 required
3358 5416 64 22 when
3434 5416 38 22 the
3482 5414 86 23 flowers

3011 5454 37 16 are
3059 5447 104 29 opening,
3177 5445 44 23 and
3238 5445 66 30 again
3321 5445 65 22 when
3403 5445 39 23 the
3458 5444 58 22 fruit
3531 5451 37 15 are

3011 5477 69 22 about
3095 5477 38 22 the
3149 5477 43 21 size
3208 5475 23 23 of
3246 5483 59 21 peas.
3337 5475 27 23 In
3380 5475 128 28 combating
3525 5474 43 22 leaf

3011 5506 84 30 blights
3105 5506 44 22 and
3164 5505 106 29 cracking
3285 5504 24 23 of
3325 5505 39 22 the
3380 5512 54 22 pear
3443 5504 125 23 additional

3011 5537 58 23 later
3078 5536 119 30 sprayings
3207 5543 37 15 are
3255 5534 116 24 desirable.

3731 142 105 27 NEWS
3855 144 42 25 IN
3916 143 116 27 BRIEF.

3628 226 48 23 The
3696 228 124 29 organisers
3844 228 22 23 of
3891 228 38 23 the
3953 228 68 23 latest
4042 228 14 12 14
4066 227 92 31 missing

3702 258 67 21 fraud
3793 258 23 21 in
3841 258 102 28 England
3967 259 58 21 have
4048 258 47 27 just
4119 264 39 22 got

3602 289 85 27 twenty
3708 287 96 23 months'
3825 287 176 29 imprisonment,
4023 287 54 22 with
4103 286 55 24 hard

3600 317 69 23 labor.
3701 317 63 29 They
3775 317 43 22 had
3830 317 54 22 been
3895 317 103 30 carrying
4007 325 29 14 on
4051 317 40 22 the
4100 317 47 23 busi-

3600 355 50 15 ness
3660 348 24 23 in
3694 355 41 15 one
3745 349 57 22 form
3813 355 25 15 or
3848 348 94 22 another
3952 348 59 22 since
4023 348 54 23 1892
4087 350 23 21 to
4120 348 38 23 the

3600 381 55 20 tune
3665 378 23 23 of
3698 379 59 23 360
3767 386 12 15 a
3790 378 70 28 week,
3872 378 119 29 according
4002 381 23 20 to
4040 378 59 23 their
4108 385 50 16 own

3600 409 127 22 admission.

3628 439 21 22 A
3666 439 87 23 funeral
3769 446 53 16 near
3839 439 137 24 Skibbereen
3991 446 28 15 on
4030 438 129 32 September

3602 472 25 22 15
3638 477 44 16 was
3693 470 143 28 interrupted
3847 470 29 29 by
3886 478 13 15 a
3918 470 56 23 fatal
3991 470 103 23 accident
4108 470 23 23 of
4145 478 14 15 a

3600 501 124 22 somewhat
3743 501 88 22 curious
3850 501 122 23 character.
4012 500 47 24 One
4078 500 23 23 of
4120 501 39 22 the

3600 531 89 24 bearers
3702 532 23 23 of
3741 532 38 22 the
3795 531 73 29 coffin,
3885 539 13 15 a
3913 534 141 20 stonemason
4079 531 80 23 named

3600 562 108 29 Sullivan,
3721 562 45 24 had
3782 563 34 22 his
3833 563 40 22 hat
3889 562 74 23 blown
3973 562 32 23 off
4013 562 29 29 by
4052 570 13 15 a
4075 565 52 27 gust
4136 562 23 24 of

3600 594 66 22 wind.
3698 593 72 30 Being
3780 593 98 23 relieved
3889 593 22 23 of
3922 593 34 23 his
3972 593 87 23 burden
4076 593 27 22 he
4119 600 39 15 ran

3599 625 58 21 after
3674 624 39 22 the
3730 632 48 21 cap,
3798 624 42 22 but
3854 624 23 22 in
3894 623 68 30 doing
3978 631 24 14 so
4018 623 90 29 tripped
4124 623 35 22 his

3599 654 48 24 foot
3664 654 23 23 in
3704 654 40 23 the
3761 653 160 24 embankment
3931 653 44 23 and
3986 653 39 23 fell
4035 652 57 23 head
4102 653 44 22 fore-

3600 689 57 19 most
3675 693 28 15 on
3720 686 39 22 the
3777 684 65 24 rocks
3858 684 78 29 below,
3955 684 68 23 death
4043 683 66 31 being
4125 684 22 23 in-

3599 719 152 20 stantaneous.

3627 747 36 24 Sir
3673 748 98 22 Andrew
3781 747 82 23 Clarke
3873 746 81 30 agreed
3964 750 24 19 to
3998 748 37 21 act
4041 753 24 16 as
4073 746 83 29 Agent-

3598 778 96 23 General
3704 778 35 23 for
3750 778 102 23 Victoria
3861 781 25 19 at
3896 785 13 15 a
3924 776 74 30 salary
4014 777 23 23 of
4052 777 82 28 1,500
4143 784 13 15 a

3598 816 61 21 year,
3677 809 41 23 but
3738 809 66 21 while
3819 809 28 21 he
3863 816 24 14 so
3902 811 48 19 acts
3967 809 33 21 his
4020 807 92 30 pension
4131 807 24 22 of

3598 840 59 21 BOO
3667 847 13 14 a
3689 846 55 22 year
3754 839 46 22 will
3811 838 27 23 be
3849 837 115 24 withheld.

3626 869 47 23 The
3689 869 116 23 reduction
3821 868 24 24 of
3860 868 39 23 the
3916 868 61 30 price
3987 868 23 23 of
4026 867 130 30 telephones

3598 900 23 21 in
3638 899 56 23 New
3711 898 71 24 South
3800 899 75 22 Wales
3895 901 24 19 to
3936 900 31 21 5
3981 898 37 22 led
4038 903 24 17 to
4077 905 28 15 an
4123 898 22 22 in-

3598 936 73 16 crease
3682 929 23 23 of
3719 936 53 16 over
3784 929 62 27 1,000
3861 928 143 24 subscribers.
4035 927 73 24 There
4118 934 38 16 are

3598 967 50 16 now
3672 960 78 31 nearly
3778 960 65 29 5,000
3867 959 130 31 telephones
4020 959 23 24 in
4068 966 39 16 use
4132 959 23 23 in

3598 991 98 30 Sydney.

3627 1021 20 21 A
3665 1021 102 21 valuable
3788 1021 106 21 donation
3910 1021 22 20 of
3953 1021 40 20 150
4010 1020 100 21 volumes
4129 1027 27 13 on

3599 1051 93 23 science,
3718 1050 80 22 travel,
3825 1049 43 19 and
3892 1049 126 26 biography
4042 1048 41 20 has
4101 1047 55 21 been

3602 1077 63 21 made
3685 1081 24 17 to
3729 1077 38 21 the
3787 1076 109 23 Gisborne
3914 1075 93 31 Library
4022 1075 30 31 by
4070 1075 37 24 Mr
4125 1075 30 24 H.

3601 1105 105 24 Trimble.

3628 1136 48 22 The
3687 1136 88 22 volume
3790 1136 23 22 of
3830 1137 73 27 postal
3918 1136 44 23 and
3972 1136 115 30 telegraph
4098 1136 50 23 busl

3602 1173 50 14 ness
3663 1165 81 29 during
3755 1166 38 21 the
3803 1166 45 21 last
3865 1169 90 25 quarter
3972 1166 72 22 shows
4054 1174 14 14 a
4077 1166 80 30 steady

3601 1195 98 24 increase
3715 1203 24 15 as
3757 1195 118 30 compared
3895 1196 55 23 with
3970 1197 38 23 the
4027 1196 131 31 September

3600 1230 93 27 quarter
3703 1227 45 22 last
3758 1233 60 21 year.

3607 1251 8 6 *
3629 1257 48 23 The
3695 1257 88 22 various
3799 1256 99 23 schemes
3914 1256 35 23 for
3965 1256 39 23 the
4019 1257 138 24 destruction

3601 1288 23 22 of
3635 1288 85 21 rabbits
3731 1286 101 23 received
3844 1287 22 21 in
3877 1293 103 21 response
3990 1289 23 20 to
4028 1288 39 22 the
4084 1289 73 21 notice

3602 1317 73 23 which
3691 1316 111 30 appeared
3820 1316 22 22 in
3858 1315 39 23 the
3916 1315 119 24 'Gazette'
4051 1317 34 23 for
4099 1325 60 15 some

3602 1348 90 23 months
3703 1355 57 15 were
3771 1345 125 25 submitted
3906 1348 24 20 to
3940 1354 13 15 a
3967 1347 127 24 committee
4108 1355 50 16 con*

3602 1379 17 22 si
3623 1379 60 29 sting
3703 1378 22 23 of
3750 1377 34 24 Sir
3804 1377 77 23 James
3900 1375 93 30 Hector,
4018 1376 83 25 Messrs
4120 1378 36 23 W.

3602 1409 80 21 Fraser
3692 1408 44 22 and
3745 1408 25 22 T.
3780 1407 101 27 Duncan,
3891 1406 118 28 M.H.R.s,
4025 1408 34 22 for
4068 1408 91 23 investl*

3602 1439 84 28 gation.
3727 1437 47 22 The
3798 1437 78 21 claims
3900 1437 121 22 numbered
4045 1437 113 29 forty-six,

3603 1468 44 21 and
3656 1468 38 21 the
3702 1467 135 22 Committee
3847 1467 57 21 have
3915 1465 102 30 reported
4028 1474 24 15 as
4063 1467 84 23 follows
4153 1475 6 15 s

3657 1496 68 28 That,
3743 1496 60 23 after
3821 1496 83 28 having
3914 1496 108 29 carefully
4032 1497 128 23 considered

3605 1527 38 22 the
3663 1527 141 28 suggestions
3827 1526 35 22 for
3885 1527 39 21 the
3948 1526 171 23 extermination
4137 1526 23 24 of

3604 1557 86 22 rabbits
3701 1556 65 23 made
3782 1555 30 30 by
3829 1555 117 23 claimants
3964 1555 34 23 for
4017 1556 39 23 the
4075 1557 85 23 reward

3604 1587 82 24 offered
3698 1588 29 29 by
3738 1587 39 23 the
3784 1587 161 27 Government,
3955 1594 33 15 we
3996 1595 37 15 are
4040 1587 23 24 of
4070 1589 90 28 opinion

3605 1618 51 23 that
3666 1626 28 15 no
3704 1625 42 16 one
3756 1618 23 23 of
3793 1618 62 23 them
3870 1616 95 25 satisfies
3981 1617 39 24 the
4037 1617 124 25 conditions

3604 1649 136 28 prescribed,
3761 1648 161 29 consequently
3942 1655 32 15 we
3991 1655 37 16 are
4044 1646 78 26 unable
4137 1651 24 21 to

3605 1678 139 23 recommend
3756 1678 51 22 that
3818 1684 44 22 any
3870 1677 76 23 award
3955 1677 28 23 be

3633 1709 47 22 The
3699 1708 162 24 Christchurch
3882 1708 90 23 'Press'
3993 1709 19 22 is
4026 1709 134 29 responsible

3605 1739 35 22 for
3656 1739 38 23 the
3710 1738 161 30 following'
3871 1738 46 23 The
3934 1738 70 23 result
4020 1739 23 22 of
4059 1747 13 14 a
4089 1740 72 23 notice

3605 1769 119 30 published
3749 1769 23 22 in
3792 1769 38 22 Mr
3853 1768 101 31 Sorrell.s
3988 1769 117 29 vestibule,
4139 1773 23 20 to

3606 1800 39 22 the
3669 1799 65 23 effect
3758 1799 53 22 that
3838 1799 83 22 fortwo
3949 1799 55 29 days
4032 1807 43 22 any
4103 1800 59 30 baby

3606 1829 98 30 brought
3713 1832 23 20 to
3747 1829 38 22 the
3795 1828 76 23 studio
3883 1829 102 23 wouldbe
3995 1829 167 31 photographed

3606 1860 46 23 free
3676 1859 23 24 of
3724 1860 87 28 charge,
3837 1867 46 15 was
3907 1859 91 24 thatthe
4024 1863 70 20 street
4118 1868 44 16 was

3606 1898 24 15 so
3641 1890 94 23 blocked
3746 1890 56 22 with
3812 1890 178 27 perambulators
4000 1890 51 24 that
4059 1898 14 15 a
4083 1891 66 29 police-

3607 1928 51 15 man
3673 1928 45 15 was
3734 1920 88 30 obliged
3839 1924 24 19 to
3877 1920 58 23 clear
3952 1920 39 23 the
4006 1924 115 21 entrances
4138 1925 24 20 to

3607 1952 38 22 the
3656 1952 74 29 places
3740 1951 23 23 of
3773 1951 101 22 business
3884 1959 28 14 on
3922 1951 73 24 either
4004 1952 54 22 side.

3635 1982 47 22 The
3701 1982 72 23 South
3798 1982 131 22 Australian
3953 1989 95 15 revenue
4067 1982 34 23 for
4124 1982 39 23 the

3607 2011 131 30 September
3757 2015 92 26 quarter
3872 2011 73 23 shows
3968 2019 29 15 an
4020 2012 97 23 increasa
4140 2013 23 22 of

3607 2043 96 26 50,000
3713 2050 25 14 as
3748 2041 118 30 compared
3877 2042 55 22 with
3944 2042 38 22 the
3992 2042 171 30 corresponding

3606 2076 93 27 quarter
3709 2072 23 23 of
3743 2072 44 23 last
3804 2079 61 23 year.
3896 2071 48 24 The
3958 2072 92 30 railway
4067 2073 95 30 receipts

3607 2112 37 14 are
3668 2103 85 30 wholly
3777 2102 136 31 responsible
3937 2103 34 23 for
3995 2103 38 23 the
4056 2103 104 23 increase.

3606 2135 48 22 The
3673 2133 149 30 expenditure
3844 2133 72 23 shows
3934 2141 14 15 a
3967 2134 150 29 comparative
4131 2134 21 22 in-

3606 2171 74 17 crease
3691 2164 23 23 of
3724 2164 101 28 37,000.

3634 2196 33 23 At
3687 2196 39 23 the
3750 2195 161 24 Christchurch
3934 2195 104 30 Hospital
4058 2195 73 23 Board
4151 2203 12 15 a

3607 2227 85 21 motion
3721 2226 81 28 askiDg
3830 2225 106 29 religious
3963 2225 76 22 bodies
4063 2228 24 20 to
4110 2225 53 22 hold

3633 2255 106 29 Hospital
3755 2254 92 28 Sunday
3885 2255 107 29 annually
4007 2262 44 15 was
4061 2254 52 27 lost,
4125 2254 38 23 the

3607 2285 107 31 majority
3730 2284 23 25 of
3770 2284 110 24 members
3896 2284 106 32 thinking
4021 2284 38 24 the
4075 2284 88 24 various

3606 2317 181 23 denominations
3800 2316 91 29 already
3903 2316 43 22 had
3962 2316 59 22 their
4032 2316 71 22 hands
4113 2315 49 28 full,

3606 2347 44 23 and
3662 2347 51 23 that
3723 2354 25 15 as
3758 2355 13 14 a
3781 2346 77 30 public
3872 2346 130 23 institution
4017 2346 39 22 the
4066 2345 97 31 hospital

3607 2377 44 22 had
3667 2385 29 14 no
3713 2377 62 29 right
3793 2379 24 20 to
3833 2377 44 22 call
3887 2384 59 22 upon
3957 2377 40 22 the
4007 2376 106 23 churches
4128 2376 35 23 for

3606 2407 129 23 assistance.

3634 2438 48 24 The
3693 2438 46 24 will
3749 2438 23 24 of
3783 2438 39 24 the
3831 2437 46 25 late
3888 2437 75 26 James
3978 2437 98 32 Orkney,
4093 2437 23 24 of
4126 2436 37 26 the

3607 2470 135 30 Esplanade,
3759 2469 108 24 St.Kilda
3884 2469 157 28 (Melbourne),
4054 2469 48 22 who
4112 2469 51 23 died

3606 2508 29 15 on
3655 2501 39 22 the
3708 2500 41 23 Bth
3765 2500 52 27 ult.,
3833 2500 73 22 shows
3926 2500 52 22 that
3997 2500 34 22 his
4049 2501 73 20 estate
4141 2499 22 22 in

3607 2530 102 23 Victoria
3729 2530 112 23 consisted
3862 2530 23 23 of
3903 2532 108 27 property
4034 2529 82 23 valued
4139 2531 24 21 at

3606 2562 101 27 86,000.
3740 2560 35 23 He
3795 2560 140 30 bequeathed
3956 2563 22 20 to
3997 2559 35 24 his
4051 2559 80 23 widow
4150 2566 13 16 a

3606 2592 77 30 legacy
3694 2592 35 23 for
3739 2592 39 22 her
3788 2591 131 23 immediate
3936 2598 45 20 use,
3994 2590 102 30 together
4107 2590 56 23 with

3606 2623 34 21 his
3651 2622 119 27 furniture,
3782 2624 52 24 etc.,
3851 2621 44 22 and
3912 2621 35 22 his
3957 2621 45 23 real
4013 2623 71 20 estate
4094 2620 23 23 in
4127 2620 34 23 St.

3606 2651 78 30 Kilda,
3705 2651 44 24 and
3769 2653 25 22 at
3813 2651 148 30 Mornington
3985 2650 44 24 and
4053 2650 110 24 Riverton

3606 2683 65 27 (New
3686 2683 114 27 Zealand).
3832 2682 32 23 To
3879 2682 35 22 his
3929 2682 73 27 sister,
4018 2681 72 24 Jessie
4107 2680 41 24 Ork-

3605 2720 51 22 ney,
3675 2713 28 22 he
3720 2712 141 30 bequeathed
3879 2712 35 23 his
3930 2712 68 22 house
4014 2714 24 20 at
4048 2710 113 30 Rothesay

3606 2743 132 28 (Scotland),
3745 2742 199 30 togetherwithall
3951 2742 34 22 his
3993 2742 65 22 other
4065 2741 45 22 real
4118 2740 44 23 and

3605 2773 103 29 personal
3727 2775 73 20 estate
3820 2772 22 22 in
3863 2772 39 22 the
3921 2771 44 23 Isle
3984 2771 24 23 of
4025 2770 64 23 Bute.
4126 2769 36 23 He

3604 2803 101 23 directed
3726 2803 35 23 his
3780 2805 98 21 trustees
3898 2804 24 21 to
3942 2802 74 23 invest
4030 2801 95 27 BO,OOO
4139 2800 23 24 in

3604 2834 117 22 Victorian
3741 2833 43 22 and
3804 2832 56 23 New
3881 2832 71 23 South
3971 2832 75 22 Wales
4064 2832 84 22 Govern-

3604 2866 62 19 ment
3675 2863 143 25 debentures,
3830 2862 44 21 and
3885 2869 44 20 pay
3936 2862 39 21 the
3985 2862 94 21 interest
4090 2860 60 22 there-

3602 2893 58 19 from
3675 2894 23 18 to
3714 2892 33 20 his
3762 2891 81 21 widow
3858 2890 34 21 for
3907 2890 44 21 life.
3982 2890 34 21 At
4035 2890 39 21 her
4093 2889 68 21 death

3602 2921 46 23 this
3658 2920 137 23 investment
3805 2919 19 23 is
3834 2921 24 21 to
3869 2918 27 23 be
3906 2917 95 24 realised
4008 2917 45 23 and
4064 2917 38 23 the
4112 2924 37 23 pro-

3602 2951 65 24 ceeds
3677 2950 91 25 divided
3779 2951 49 22 into
3839 2950 40 23 100
3888 2949 66 31 equal
3962 2951 70 28 parts,
4041 2948 73 23 which
4124 2955 38 16 are

3603 2985 24 21 to
3642 2982 28 23 be
3689 2981 138 24 distributed
3837 2982 105 28 amongst
3957 2980 89 23 various
4056 2979 105 23 relatives

3603 3012 80 22 named
3702 3013 24 21 in
3745 3012 40 22 the
3809 3011 53 21 will.
3894 3010 67 22 After
3985 3009 119 29 providing
4128 3010 34 21 for

3604 3042 94 29 legacies
3722 3043 23 20 to
3769 3041 35 21 his
3825 3042 97 20 trustees
3942 3039 35 21 for
3994 3039 60 21 their
4063 3038 96 26 trouble,

3605 3074 95 22 testator
3715 3069 124 33 bequeaths
3857 3070 39 23 the
3911 3068 88 25 residue
4008 3068 24 24 of
4041 3068 35 25 his
4091 3070 72 23 estate

3605 3107 24 18 to
3639 3104 34 21 his
3684 3103 87 22 widow.

3632 3133 33 23 At
3681 3132 66 24 Swan
3764 3131 49 24 Hill
3830 3130 119 29 (Victoria)
3966 3137 13 16 a
3997 3137 92 20 woman,
4106 3129 55 30 aged

3605 3163 163 30 seventy-four,
3780 3163 50 22 who
3840 3161 45 23 had
3902 3161 55 23 been
3968 3169 12 15 a
3990 3163 64 27 great
4069 3159 92 24 sufferer

3605 3194 57 23 from
3672 3193 145 29 indigestion,
3829 3196 39 18 cut
3878 3192 39 21 her
3928 3191 75 22 throat
4017 3190 45 22 and
4076 3189 85 30 opened

3606 3232 12 15 a
3636 3224 50 23 vein
3706 3224 23 22 iu
3749 3223 40 23 her
3808 3229 54 16 arm.
3903 3221 43 24 She
3961 3220 51 23 died
4030 3227 60 16 some
4106 3220 55 30 days

3606 3255 65 28 later,
3683 3254 43 23 and
3738 3257 25 20 at
3772 3260 27 16 an
3815 3253 89 30 inquest
3919 3252 38 22 the
3970 3252 52 29 jury
4033 3250 106 24 returned
4149 3259 12 14 a

3606 3286 88 22 verdict
3713 3285 52 22 that
3784 3283 106 24 deceased
3914 3282 50 23 died
3987 3281 57 23 from
4069 3281 92 30 injuries

3606 3316 101 23 inflicted
3724 3315 30 29 by
3771 3314 88 27 herself,
3870 3312 43 23 and
3925 3312 51 23 that
3993 3312 62 22 there
4072 3319 45 15 was
4133 3319 28 14 no

3606 3346 106 22 evidence
3723 3353 22 15 as
3757 3347 23 20 to
3791 3344 38 22 the
3844 3347 58 19 state
3919 3342 23 23 of
3959 3342 39 23 her
4013 3341 61 23 mind
4088 3344 25 20 at
4123 3341 38 23 the

3608 3377 60 23 time.
3700 3376 46 23 The
3762 3382 90 17 coroner
3868 3373 53 23 then
3937 3372 64 24 made
4011 3380 27 15 an
4049 3371 65 24 order
4126 3372 35 24 for

3606 3408 73 22 burial
3690 3415 23 14 as
3723 3415 13 14 a
3747 3406 47 28 j'tlo
3804 3405 25 22 de
3839 3412 28 16 sc.
3878 3403 111 29 directing
3999 3403 39 23 the
4052 3403 71 29 police
4137 3405 24 21 to

3606 3438 59 22 inter
3676 3438 38 21 the
3725 3436 58 28 body
3794 3434 111 29 privately
3915 3432 100 23 between
4026 3434 13 21 9
4050 3439 54 23 p.m.
4117 3432 44 23 and

3606 3467 119 28 midnight,
3741 3465 71 21 which
3828 3471 44 15 was
3888 3464 63 21 done.
3982 3462 47 23 The
4039 3462 90 23 Church
4139 3462 22 23 of

3606 3496 101 30 England
3725 3495 126 29 clergyman
3867 3500 45 15 was
3929 3496 91 27 present
4031 3495 24 20 to
4064 3493 97 29 perform

3606 3528 38 21 the
3655 3526 71 22 burial
3742 3525 90 26 service,
3844 3523 42 23 but
3900 3523 28 22 he
3939 3523 66 22 could
4015 3525 41 20 not
4065 3523 29 22 do
4104 3530 25 15 so
4139 3523 22 22 in

3605 3557 47 22 face
3662 3556 23 21 of
3694 3555 38 22 the
3742 3553 66 23 order
3818 3553 23 22 of
3851 3554 38 21 the
3900 3560 98 15 coroner.

3631 3587 32 21 At
3679 3585 38 23 the
3733 3584 131 23 Melbourne
3878 3583 54 23 Post
3942 3583 68 23 Office
4020 3583 89 30 inquiry
4120 3590 41 16 one

3604 3615 22 23 of
3638 3615 38 23 the
3686 3615 124 26 witnesses,
3822 3622 12 14 a
3845 3613 136 28 Dutchman,
3994 3613 85 30 replied
4095 3617 23 19 to
4133 3620 28 15 an

3603 3645 91 29 implied
3704 3645 50 22 hint
3762 3644 23 23 of
3794 3643 90 31 bribing
3897 3651 12 15 a
3917 3646 51 27 post
3976 3643 62 23 office
4045 3643 116 30 employ^:

3631 3676 23 23 It.
3665 3683 39 15 vas
3714 3683 28 14 no
3752 3675 55 22 such
3817 3675 61 28 tings
3888 3681 24 15 as
3923 3674 89 29 bribery
4026 3674 134 28 altogether,

3603 3706 19 23 it
3635 3713 39 15 vos
3688 3706 53 28 only
3756 3704 57 29 good
3827 3705 55 28 gifts
3893 3704 34 23 for
3938 3707 23 20 to
3972 3704 77 22 obtain
4060 3704 34 22 his
4106 3703 55 24 kind

3604 3737 74 22 vishes
3692 3736 45 23 and
3756 3735 133 30 friendship,
3913 3735 51 23 vioh
3985 3735 27 23 he
4034 3742 68 16 never
4123 3737 38 28 gat

3603 3767 59 22 after

3630 3797 48 23 The
3699 3796 93 24 London
3813 3796 148 31 'Spectator'
3980 3796 19 22 is
4018 3794 99 25 shocked
4137 3797 24 22 at

3603 3829 92 28 hearing
3705 3828 39 22 the
3756 3831 76 24 report
3852 3827 52 23 that
3914 3827 32 22 Dr
3961 3826 90 23 Nansen
4063 3827 18 21 is
4097 3829 23 19 to
4135 3826 26 22 be

3603 3857 121 23 remarried
3737 3860 22 19 to
3770 3857 35 21 his
3816 3857 58 26 wife,
3884 3857 57 21 from
3952 3856 71 22 whom
4035 3855 126 30 (according

3603 3890 24 20 to
3645 3887 39 23 the
3702 3886 63 23 Paris
3785 3885 175 30 correspondent
3979 3885 23 23 of
4022 3885 38 23 the
4081 3884 80 30 'Daily

3604 3918 54 23 Mail
3664 3915 4 32 5
3672 3919 6 27 )
3693 3917 76 23 before
3780 3916 34 24 his
3826 3923 85 24 voyage
3921 3916 27 23 he
3959 3916 44 23 had
4013 3915 55 24 been
4080 3915 81 32 legally

3602 3948 126 30 separated,
3795 3947 67 23 order
3871 3951 22 19 to
3904 3947 83 30 permit
3997 3947 39 23 her
4047 3949 24 21 to
4086 3954 75 22 marry

3602 3979 73 29 again,
3692 3979 23 22 in
3726 3985 49 16 case
3785 3978 23 22 of
3819 3978 34 22 his
3864 3977 173 29 disappearance
4047 3984 25 15 or
4082 3977 77 27 death,

3603 4008 97 23 without
3723 4008 68 30 going
3814 4010 24 19 to
3858 4007 38 22 the
3916 4007 88 22 trouble
4023 4007 24 22 of
4066 4007 95 29 proving

3603 4040 33 21 his
3906 4036 29 23 do
4045 4044 52 22 says
4121 4036 40 24 the

3604 4070 6 11 '
3617 4069 134 28 Spectator,'
3783 4067 84 23 believe
3876 4067 45 22 this
3929 4070 90 26 strange
4027 4069 131 25 statement,

3601 4099 44 22 and
3657 4101 60 20 trust
3728 4098 51 22 that
3788 4098 20 22 it
3818 4097 39 23 has
3867 4096 55 23 been
3933 4096 64 23 made
4008 4096 98 24 without
4114 4104 45 21 any

3630 4158 32 24 Dr
3677 4158 98 28 Nansen,
3792 4157 39 24 the
3847 4157 77 24 Arctic
3942 4157 108 30 explorer,
4067 4157 91 23 writes:

3628 4190 40 30 My
3679 4189 129 31 experience
3819 4188 61 24 leads
3892 4195 33 16 me
3935 4190 24 21 to
3970 4188 53 23 take
4038 4195 12 15 a
4066 4186 93 25 decided

3601 4221 66 23 stand
3687 4221 88 29 against
3794 4221 39 21 the
3853 4227 37 15 use
3914 4219 23 22 of
3960 4219 130 22 stimulants
4113 4219 45 22 and

3601 4251 110 22 narcotics
3728 4250 23 23 of
3768 4250 30 22 all
3815 4249 73 22 kinds.
3919 4248 47 23 The
3984 4248 50 23 idea
4051 4249 51 22 that
4116 4255 42 16 one

3601 4281 63 29 gains
3688 4280 30 29 by
3742 4280 141 28 stimulating
3901 4278 60 29 body
3982 4278 44 23 and
4051 4278 61 23 mind
4132 4278 29 30 by

3601 4309 104 23 artificial
3721 4316 75 16 means
3810 4308 91 29 betrays
3917 4308 23 22 in
3956 4315 38 22 my
4010 4308 91 29 opinion
4118 4311 42 19 not

3601 4341 54 29 only
3665 4341 119 29 ignorance
3794 4339 23 22 of
3831 4338 39 23 the
3879 4337 101 31 simplest
3998 4337 162 31 physiological

3601 4371 62 29 laws,
3680 4371 41 24 but
3737 4371 47 24 also
3801 4372 61 21 want
3879 4368 23 25 of
3916 4368 137 31 experience,
4070 4376 25 17 or
4109 4376 37 23 per-

3602 4402 55 29 haps
3668 4404 62 20 want
3739 4402 23 22 of
3770 4402 110 28 capacity,
3893 4402 23 21 to
3926 4400 61 22 learn
4005 4400 57 23 from
4073 4400 73 28 experi-

3601 4439 54 15 ence
3678 4431 45 23 and
3747 4431 30 29 by
3991 4429 36 23 He
4051 4429 55 24 took
4130 4436 29 16 no

3601 4462 86 23 alcohol
3694 4461 55 24 with
3761 4462 45 22 him
3817 4462 80 28 except
3907 4467 23 16 as
3940 4459 47 24 fuel
3996 4460 35 23 for
4041 4460 35 23 his
4085 4462 73 26 stove,

3601 4492 43 23 and
3665 4493 19 22 is
3704 4492 49 23 able
3772 4494 24 20 to
3816 4490 77 24 record
3913 4497 29 16 on
3961 4490 35 23 his
4013 4494 79 19 return
4108 4490 52 23 that

3626 4530 68 21 every
3704 4529 50 15 man
3765 4529 28 15 on
3804 4521 69 22 board
3888 4527 45 16 was
3948 4520 23 22 in
3986 4520 85 29 perfect
4081 4520 77 25 health

3601 4552 82 29 during
3693 4552 39 22 the
3742 4551 71 23 whole

3629 4582 38 22 Mr
3675 4582 77 27 Astor,
3761 4582 40 21 the
3808 4581 120 22 American
3936 4580 140 28 millionaire,
4084 4580 76 23 whose

3601 4612 51 22 wife
3672 4611 52 22 died
3744 4610 100 30 recently
3864 4611 22 22 in
3912 4610 111 30 England,
4048 4610 44 23 and
4114 4617 45 16 waa

3601 4641 78 22 buried
3690 4642 23 21 in
3724 4641 110 27 America,
3850 4640 40 22 has
3900 4640 92 22 ordered
4003 4647 13 15 a
4027 4639 56 23 New
4093 4640 65 25 York

3601 4669 72 27 florist
3682 4672 25 22 to
3717 4670 62 30 place
3789 4676 53 16 over
3852 4669 40 23 her
3901 4676 67 23 grave
3979 4668 61 31 daily
4050 4676 14 16 a
4074 4669 85 25 mantle

3601 4701 23 23 of
3633 4701 81 23 violets
3724 4701 44 22 and
3778 4701 58 22 lilies
3845 4700 23 23 of
3881 4700 39 22 the
3930 4699 73 29 valley
4019 4700 35 23 for
4064 4707 12 15 a
4086 4700 74 25 whalo

3601 4738 59 22 year.
3697 4731 31 21 As
3744 4731 63 20 these
3822 4730 108 21 blossoms
3946 4729 47 22 will
4010 4729 57 22 have
4086 4732 25 19 to
4130 4730 28 24 ba

3601 4760 84 28 forced,
3697 4760 38 23 the
3745 4762 49 21 cost
3803 4759 47 23 will
3859 4758 27 24 be
3897 4758 68 23 about
3975 4759 59 25 2OO
4043 4766 14 15 a
4067 4758 51 30 day.

3629 4791 127 29 According
3770 4793 24 20 to
3812 4798 13 14 a
3841 4792 171 27 contemporary
4108 4789 51 23 first

3602 4821 158 24 horticultural
3770 4820 75 23 school
3859 4820 35 23 for
3904 4827 85 16 women
4005 4820 23 22 in
4045 4819 113 31 Germany

3602 4859 45 15 was
3664 4851 85 29 opened
3766 4858 54 15 near
3836 4850 76 23 Berlin
3928 4850 23 22 in
3968 4850 40 23 the
4024 4852 94 21 autumn
4136 4850 23 23 of

3603 4882 61 27 1894,
3682 4880 44 24 and
3744 4881 19 23 it
3780 4880 46 23 will
3843 4880 109 30 graduate
3970 4880 29 23 its
4010 4878 50 25 first
4070 4880 56 23 Glass
4136 4880 23 23 of

3601 4920 67 16 seven
3679 4911 108 24 members
3798 4914 55 20 next
3862 4911 47 23 fall.
3940 4910 47 24 One
3996 4910 24 23 of
4030 4910 39 24 the
4078 4910 68 31 gradu-

3601 4946 49 20 ates
3660 4943 46 23 will
3717 4943 54 23 then
3782 4949 86 16 assume
3878 4942 39 22 the
3927 4941 98 30 position
4035 4941 24 23 of
4069 4942 90 23 teacher

3601 4974 23 21 in
3642 4981 13 14 a
3671 4974 85 21 similar
3773 4972 74 22 school
3865 4971 100 29 recently
3981 4971 137 22 established
4133 4975 25 18 at

3601 5003 59 30 Riga
3675 5003 22 22 in
3716 5002 99 22 Livonia.
3846 5001 26 22 In
3888 5000 97 24 October
3999 5000 48 23 still
4063 5001 95 22 another

3601 5033 131 23 institution
3760 5032 23 22 of
3808 5031 39 23 the
3871 5030 54 22 kind
3951 5030 46 22 will
4021 5030 26 22 be
4071 5030 87 29 opened

3601 5071 28 14 on
3649 5063 39 22 the
3707 5064 72 21 estate
3802 5061 22 22 of
3848 5060 108 23 Baroness
3980 5059 162 24 Barth-Harma-

3601 5094 49 29 ting
3665 5101 54 14 near
3733 5093 91 25 Planen,
3841 5092 23 21 in
3879 5090 96 29 Saxony.
4006 5090 47 23 The
4068 5098 89 15 courses

3600 5123 23 23 of
3640 5123 69 28 study
3726 5121 82 24 extend
3826 5127 52 16 over
3895 5123 45 20 two
3957 5127 25 16 or
3999 5120 64 23 three
4082 5128 72 22 years,

3600 5153 44 23 and
3662 5153 88 23 include
3765 5155 40 19 not
3821 5151 53 29 only
3888 5150 39 23 the
3944 5150 89 23 various
4047 5150 109 24 branches

3599 5183 24 22 of
3656 5183 156 25 horticulture,
3846 5181 42 22 but
3920 5181 47 22 also
4000 5181 156 24 fundamental

3599 5212 108 23 scientific
3740 5211 134 22 instruction
3908 5210 45 23 and
3986 5211 55 22 suoh
4080 5210 60 24 know-

3599 5242 63 30 ledge
3678 5242 23 22 of
3718 5242 99 21 business
3835 5240 102 23 methods
3954 5248 25 15 as
3993 5241 19 23 is
4026 5241 85 23 needed
4122 5242 35 23 for

3599 5273 39 21 the
3661 5271 119 23 successful
3805 5271 141 28 prosecution
3970 5271 24 23 of
4017 5273 140 22 commercial

3598 5302 129 28 gardening.
3759 5301 119 28 Emphasis
3895 5301 19 21 is
3928 5301 46 22 laid
3990 5308 60 23 upon
4061 5301 39 23 the
4110 5302 48 23 fact

3599 5332 51 22 that
3665 5331 39 22 the
3719 5337 49 16 new
3779 5330 62 23 work
3857 5331 53 22 thus
3926 5331 65 22 made
4008 5331 98 30 possible
4123 5332 35 24 for

3598 5369 84 16 women
3693 5362 19 23 is
3722 5361 97 24 suitable
3829 5360 35 25 for
3874 5361 65 24 those
3948 5361 24 24 of
3982 5362 39 24 the
4031 5362 127 27 cultivated

3598 5393 63 25 class,
3686 5393 44 21 and
3754 5395 42 19 not
3819 5393 35 22 for
3878 5392 142 24 uneducated
4044 5401 25 15 or
4093 5395 52 23 semi-

3597 5421 110 23 educated

3625 5451 21 22 A
3656 5451 57 29 good
3723 5451 152 23 three-course
3885 5451 80 24 dinner
3982 5452 44 23 and
4037 5460 13 16 a
4060 5453 60 31 glass
4134 5454 24 24 of

3598 5482 33 21 ale
3641 5482 35 21 for
3685 5482 29 22 6d
3725 5482 19 21 is
3754 5489 50 15 now
3813 5490 14 14 a
3837 5483 130 28 recognised
3982 5483 62 23 hotel
4060 5486 56 20 item
4133 5485 24 23 in

3598 5510 97 30 Sydney.

1712 56 233 52 MOUNT
1988 55 268 54 BENGER
2303 51 166 52 MAIL

3567 58 129 33 FkIDAY,
3712 62 174 25 NOVEMBER
3900 66 21 26 6,
3939 63 59 24 1896.

3597 5576 95 24 Printed
3702 5578 44 22 and
3755 5578 118 29 published
3881 5578 30 31 by
3919 5579 114 24 William
4044 5581 111 25 Panneli

3653 5608 137 24 Matthews
3807 5608 35 23 for
3858 5609 40 23 the
3912 5611 146 29 proprietors,
4070 5611 86 26 Ddnnh

3653 5638 45 23 and
3722 5638 145 30 Matthews,
3892 5642 25 21 at
3945 5640 60 25 their
4034 5642 122 30 registered

3653 5670 102 30 printing
3776 5670 71 29 office,
3872 5670 108 26 Scotland
3999 5675 80 26 street,
4100 5673 51 26 Rox

3653 5701 80 30 burgh,
3754 5701 81 30 Otago,
3858 5701 56 24 New
3937 5703 213 32 ZealandFriday

3653 5730 128 28 November
3790 5732 96 31 6,1896,

101 5720 22 21 A
133 5719 75 23 dealer
218 5720 23 22 in
251 5719 105 23 artificial
373 5717 67 24 limbs
457 5715 117 25 estimates
584 5714 52 24 that

175 5749 92 27 Britons
277 5749 56 27 have
343 5748 45 28 lost
398 5755 42 19 one
450 5754 25 20 or
485 5746 57 30 botb
551 5745 55 36 legs.

1281 5711 21 22 A
1312 5710 113 24 Southern
1435 5710 74 23 editor
1519 5712 121 22 maintains
1650 5712 52 23 that
1717 5710 48 25 half
1774 5710 38 26 the

1253 5740 42 28 lies
1305 5740 49 27 told
1363 5740 71 25 about
1444 5740 47 26 him
1501 5747 39 19 are
1549 5743 41 23 not
1601 5744 56 22 true.

3039 5608 56 23 Miss
3110 5607 104 28 Omerod,
3232 5607 39 23 the
3290 5606 143 23 well-known
3451 5606 116 34 authority

3011 5645 28 16 on
3058 5638 151 30 entomology,
3230 5637 40 22 has
3290 5640 55 19 been
3364 5636 122 30 appointed
3506 5636 49 23 addi-

3011 5668 71 24 tional
3094 5668 111 23 examiner
3216 5668 22 23 in
3251 5667 148 31 agricultural
3408 5667 143 31 entomology
3562 5675 5 20 ;

3011 5699 47 23 this
3072 5699 19 23 is
3106 5699 40 23 the
3159 5698 51 24 first
3223 5699 102 23 instanoe
3339 5698 24 24 of
3376 5705 14 15 a
3405 5706 86 15 woman
3501 5698 66 31 beiug

3011 5728 123 37 appointed
3145 5729 114 28 examiner
3268 5731 25 24 at
3303 5736 13 17 a
3325 5728 89 27 British
3425 5729 141 35 University.
