2529 4039
1321 710 52 25 The
1403 717 149 25 newspapers
1575 713 61 22 from
1660 710 133 31 Auckland,
1816 712 58 24 have

1286 743 119 25 furnished
1422 752 28 15 us
1461 744 56 24 with
1535 744 44 23 few
1598 744 106 24 remarks
1722 752 26 16 or
1766 749 107 26 extracts,

1288 776 73 25 which
1371 785 35 16 we
1416 776 59 25 have
1493 776 95 25 deemed
1606 778 26 23 of
1646 778 117 24 sufficient
1778 779 96 30 import-

1288 818 55 16 ance
1354 818 26 16 or
1400 811 103 28 interest,
1523 814 24 20 to
1566 809 40 32 lay
1617 811 76 23 before
1713 818 42 16 our
1773 811 99 25 readers.

1288 843 43 24 We
1338 843 50 24 find
1399 844 19 23 it
1427 843 134 32 impossible
1571 847 25 20 to
1603 843 73 32 judge
1684 843 27 24 of
1719 843 39 24 the
1769 851 106 25 progress

1288 877 25 23 of
1327 877 39 23 the
1378 877 131 23 settlement
1519 876 26 24 of
1559 876 134 31 Auckland,
1705 877 60 24 from
1782 877 40 24 the
1837 877 38 25 file

1288 908 44 32 (we
1343 910 72 23 admit
1425 910 51 24 that
1486 910 19 23 it
1521 910 21 23 is
1557 908 131 34 imperfect)
1701 910 25 24 of
1740 910 39 24 the
1796 909 79 25 Auck-

1288 943 54 23 land
1357 941 126 32 Standard,
1496 950 53 17 now
1566 943 80 24 before
1662 951 38 17 us.
1737 943 24 25 It
1780 944 95 24 extends

1288 976 57 23 from
1368 976 69 32 April
1460 978 12 23 1
1496 981 25 19 to
1544 977 55 31 July
1620 978 40 28 28,
1684 977 46 24 and
1756 985 34 16 we
1817 977 59 24 have

1288 1010 120 31 anxiously
1419 1010 84 31 sought
1520 1010 36 23 for
1575 1010 57 24 such
1644 1011 65 30 signs
1721 1010 27 24 of
1762 1010 113 24 advance-

1288 1046 62 20 ment
1361 1043 45 23 and
1416 1044 174 30 improvement,
1602 1043 73 24 which
1684 1043 40 24 the
1732 1051 109 24 presence
1853 1044 23 25 of

1289 1076 37 23 the
1346 1076 191 31 Representative
1555 1076 27 24 of
1603 1077 40 23 the
1661 1077 90 23 British
1770 1077 105 25 Govern-

1288 1112 70 26 ment,
1377 1109 45 24 and
1443 1109 29 23 all
1491 1109 40 23 the
1553 1114 158 27 accustomary
1732 1117 77 24 power
1831 1111 45 24 and

1288 1142 83 24 wealth
1382 1142 104 24 attached
1497 1145 24 20 to
1540 1142 66 29 such,
1618 1143 115 30 naturally
1743 1143 51 24 lead
1811 1152 28 16 us
1852 1149 23 19 to

1289 1180 89 27 expect.
1408 1175 51 24 Our
1469 1175 88 31 private
1567 1175 81 24 letters
1660 1177 72 30 speak
1743 1177 133 31 favourably

1289 1210 25 23 of
1327 1208 125 25 Auckland
1463 1217 25 15 as
1507 1216 31 16 an
1556 1208 148 31 agricultural
1724 1208 95 31 district,
1832 1210 44 24 and

1289 1250 29 16 on
1328 1242 47 24 this
1386 1246 97 19 account
1493 1249 34 16 we
1538 1241 45 24 feel
1602 1250 63 15 more
1683 1244 102 29 surprise
1797 1247 23 19 at
1837 1243 39 24 the

1288 1276 137 23 lamentable
1435 1279 61 19 want
1505 1274 24 24 of
1572 1275 146 24 information
1730 1276 36 23 for
1774 1276 39 23 the
1820 1284 56 23 peo-

1356 1317 26 16 as
1396 1313 22 20 at
1428 1312 93 28 present
1533 1308 117 25 exhibited
1660 1309 31 32 by
1702 1309 40 24 the
1752 1309 124 24 Auckland

1289 1342 80 23 Press.

670 1710 118 44 New
825 1711 211 45 Zealand
1067 1712 190 49 Gazette

762 1835 156 27 Wednesday,
935 1835 95 23 August
1044 1836 36 26 24,
1093 1837 58 22 1842.

134 132 174 22 Dissolution
324 132 30 21 of
371 131 186 26 Partnership.

54 167 94 50 THE
162 166 145 22 BUSINESS
317 166 97 22 hitherto
430 164 84 23 carried
530 171 30 14 on
570 163 71 22 under

116 194 37 22 the
171 193 51 22 firm
240 193 27 22 of
286 193 76 22 Millar
380 191 46 22 and
443 190 100 28 Hodges,
563 190 78 22 black-

53 220 79 23 smiths
149 220 45 21 and
208 227 102 20 sawyers,
326 220 19 21 is
357 218 45 23 this
421 218 44 28 day
480 216 114 23 dissolved
609 217 32 27 by

53 247 87 22 mutual
149 249 94 19 consent

80 274 40 22 All
128 279 90 22 persons
226 272 107 23 indebted
345 274 23 19 to
385 270 78 23 Millar
474 270 44 23 and
529 270 109 27 Hodge's,

53 308 37 14 are
106 300 118 28 requested
239 303 22 18 to
276 306 45 20 pay
335 298 38 22 the
389 304 60 16 same
464 300 23 18 to
503 297 43 22 Mr.
563 296 78 23 James

53 326 89 28 Millar;
164 327 44 21 and
223 326 30 22 all
268 326 77 21 claims
359 324 88 28 against
461 323 40 23 the
517 326 70 19 estate
603 329 37 16 are

53 353 118 29 requested
181 356 21 19 to
216 353 29 22 be
260 352 90 22 handed
362 354 25 19 to
403 351 44 22 Mr.
463 350 78 22 Jamea
554 349 84 27 Millar,

53 380 34 22 for
96 380 140 28 liquidation.

352 404 111 23 William
474 403 106 26 Hodges,

350 436 77 22 James
437 435 105 27 Millar,

351 468 107 21 Charles
470 466 105 23 Hodges,

53 502 103 26 Witness,
168 500 86 22 Joshua
263 498 99 24 Scholes.

79 532 76 22 Dated
164 535 24 18 at
202 530 145 27 Wellington,
357 529 56 23 23rd
425 529 43 28 day
478 529 27 23 of
515 529 98 27 August,

317 558 59 32 1842;

53 603 90 48 FOR
156 602 77 22 SALE
247 604 23 19 at
286 601 45 22 this
345 601 71 27 office,
434 601 80 27 Hymn
527 600 77 22 Books
616 599 24 21 in

126 629 38 22 the
173 629 74 22 native
256 628 119 26 language.

113 689 169 25 SHIPPING
300 688 278 26 INTELLIGENCE.

273 738 143 22 ARRIVED.

80 773 84 26 August
174 773 33 24 20,
218 773 104 20 schooner
330 773 63 24 Kate,
402 771 34 25 62,
444 769 131 26 M'Parlane,
585 769 57 21 from

52 800 101 20 Hawke's
162 801 53 26 Bay.

79 829 84 25 August
173 829 33 26 24,
214 828 79 25 barque
301 827 99 25 Eleanor,
409 826 39 20 153
458 827 56 23 tons,
523 824 118 24 Johnston,

51 855 55 21 from
122 856 96 20 Broulee.
256 855 25 19 75
297 855 53 19 head
369 853 26 21 of
413 853 71 25 cattle,
501 853 57 20 from
578 851 62 27 Capt.

52 883 107 21 Rhodes's
168 882 130 27 stock-yard.

287 933 117 21 SAILED.

79 966 84 26 August
173 967 33 24 22,
218 967 104 20 schooner
337 967 53 19 New
404 964 124 27 Zealander,
544 963 29 22 27
583 965 58 23 tons,

52 994 80 25 Guard,
143 994 34 20 for
192 994 81 26 Cloudy
283 994 53 26 Bay.

79 1022 62 20 Same
151 1022 47 26 day,
208 1022 105 21 schooner
321 1022 69 20 Black
401 1020 104 24 Warrior,
515 1018 127 26 M'Gregor,
649 1015 2 28 j

49 1050 37 20 for
94 1049 127 25 Wanganui.

80 1077 61 20 Same
151 1077 48 25 day,
208 1076 49 25 brig
270 1076 99 24 Eleanor,
380 1074 42 21 253
436 1076 58 24 tons,
511 1074 88 23 Brown,
608 1071 35 22 for

51 1105 38 21 the
99 1105 59 19 coast
166 1104 41 20 and
217 1102 91 28 Sydney.

278 1153 34 20 IN
327 1152 86 22 PORT.

77 1188 84 26 Barque
180 1187 113 26 Clydeside,
303 1186 41 20 256
359 1188 57 22 tons,
435 1184 133 26 Mathieson,
583 1184 59 21 refit-

48 1216 56 25 ting.
132 1215 68 20 Waitt
209 1215 42 19 and
260 1215 74 26 Tyser,
341 1214 89 25 Agents.

77 1243 84 26 Barque
170 1243 125 25 Indemnity,
305 1242 42 20 450
364 1245 58 21 tons,
431 1240 87 25 Adams,
531 1239 110 26 refiitting.

49 1270 89 26 Agents,
149 1270 67 20 Waitt
226 1269 42 21 and
278 1269 74 26 Tyser.

79 1298 110 19 Schooner
213 1298 56 25 Ann,
294 1298 28 19 22
347 1299 58 22 tons,
428 1295 86 26 Brown,
537 1295 45 20 laid
606 1300 36 21 up.

48 1325 79 26 Agent,
139 1324 68 21 Waitt
216 1324 42 21 and
267 1325 74 26 Tyser.

77 1352 51 26 Brig
138 1353 94 24 Patriot,
243 1352 40 21 189
294 1356 57 20 tons,
358 1351 95 26 Wright.
472 1351 79 25 Agent,
560 1349 82 27 Penny.

77 1380 124 26 Brigantine
220 1380 94 24 Success,
325 1380 26 20 82
369 1381 57 23 tons,
437 1378 86 21 Mason.
552 1378 90 26 Agents,

51 1408 26 20 C.
89 1407 33 20 M.
133 1408 78 20 Evans.

78 1434 108 21 Schooner
202 1434 78 26 Maori,
293 1435 26 20 15
334 1436 58 19 tons.
420 1434 41 21 For
474 1433 38 20 the
527 1435 60 18 coast
601 1432 43 21 and

49 1462 92 21 Nelson.

77 1489 125 27 Brigantine
223 1488 122 26 Vanguard,
367 1489 35 23 61,
418 1488 96 27 Murray.
554 1488 87 26 Agents,

48 1517 69 20 Waitt
126 1517 42 20 and
182 1517 74 26 Tyser.
284 1516 43 20 For
336 1516 89 20 Nelson.

77 1545 108 20 Schooner
195 1544 98 25 Look-in,
303 1544 28 20 82
341 1545 56 24 tons,
414 1543 82 27 Finlay,
525 1542 68 21 Wade
602 1542 41 20 and

49 1573 47 23 Co.,
107 1572 87 26 Agents,

76 1599 109 21 Schooner
192 1600 61 25 Jane,
264 1599 25 21 15
300 1601 55 18 tons.
385 1599 88 25 Agents,
483 1598 68 20 Wade
567 1599 20 19 &
603 1597 39 21 Co.

79 1627 108 21 Schooner
195 1627 123 26 Richmond,
334 1627 27 20 30
372 1628 49 18 tons
438 1625 97 21 Sinclair.
564 1625 77 26 Agent,

48 1655 37 21 W.
97 1655 138 21 Fitzherbert.

77 1683 76 21 Cutter
173 1683 109 20 Catherine
303 1682 113 23 Johnston^
433 1681 27 20 10
479 1683 56 22 tons,
555 1680 86 27 Taylor.

48 1711 89 26 Agents,
146 1711 93 20 Wallace
248 1710 43 20 and
300 1709 40 21 Co.
368 1709 42 21 For
416 1709 127 25 Wanganui.

78 1738 108 20 Schooner
201 1739 65 24 Kate,
281 1738 27 20 62
324 1739 58 22 tons,
401 1736 137 22 M'Farlane..
563 1736 77 27 Agent,

48 1766 127 20 Machattie.

76 1793 84 27 Barque
169 1794 99 25 Eleanor,
279 1793 41 20 153
337 1794 57 25 tons,
405 1792 115 21 Johuston.
550 1791 90 27 Agents,

48 1820 86 22 Rhodes
143 1821 40 20 and
195 1820 38 23 Co.

217 1875 122 22 CUSTOM
354 1874 111 22 HOUSE.

265 1949 3 3 .
289 1935 111 17 imports.

73 1966 30 21 In
113 1973 48 14 the
347 1971 67 15 from
424 1965 106 20 Sydney.
561 1964 77 26 Evans,

45 1995 76 25 Agent.
153 1994 25 20 10
192 1994 124 26 puncheons
330 1999 56 18 rum,
402 1993 40 20 147
456 1993 53 24 bags
525 1998 71 19 sugar,
613 1992 26 20 16

45 2023 63 19 hhds.
118 2019 79 29 porjter,
207 2022 26 20 12
243 2022 82 23 hprses,
337 2021 40 20 150
387 2020 71 25 sheep,
468 2020 27 25 5,0
505 2020 66 28 bpxes
580 2025 51 20 soap
634 2032 13 13 v

45 2045 27 26 18
88 2055 52 21 pags
150 2049 71 20 coffee.
259 2048 127 25 Passengers
414 2046 55 20 Mrs.
487 2046 28 20 D.
532 2045 107 21 Sommer-

45 2078 58 24 ville,
119 2077 44 20 Mr.
181 2076 27 21 G.
218 2076 87 25 Taylor,
323 2074 43 21 Mr.
378 2074 25 21 C.
421 2074 103 23 Jackson,
534 2073 47 21 Mr.
599 2073 42 20 and

45 2106 56 20 Mrs.
112 2104 65 25 Hext,
188 2104 44 21 Mr.
243 2103 43 20 and
294 2102 54 21 Mrs.
360 2102 76 26 Stony,
447 2101 43 21 and
499 2100 67 21 child.

207 2164 105 15 inwards
342 2162 139 16 coastwise.

75 2194 30 21 In
130 2200 47 13 the
573 2195 65 15 from

45 2223 148 20 Wanganui.
227 2220 93 20 Wallace
338 2219 43 20 and
400 2218 43 27 Co.,
463 2218 90 25 Agent*.
585 2218 53 20 4000

45 2252 44 19 feet
103 2250 83 23 timber,
200 2248 143 20 Harrison.
345 2248 12 19 l
373 2246 66 24 chest,
455 2246 12 19 1
484 2245 61 21 small
560 2245 51 24 box,
626 2245 11 20 1

45 2279 61 20 chest
121 2277 89 22 clothes,
227 2276 12 19 1
256 2274 61 21 small
326 2274 49 25 box,
393 2274 54 19 Miss
463 2273 64 25 King.
558 2273 13 20 3
589 2276 49 17 tons

45 2307 105 25 potatoes,
164 2304 71 21 Order.
267 2304 10 19 1
287 2302 51 20 mail
346 2302 48 25 bag,
407 2302 10 19 1
433 2301 41 26 bag
484 2300 73 24 coffee,
567 2300 68 21 Hind.

74 2333 30 20 In
113 2338 48 15 the
199 2332 82 19 Black
454 2334 67 14 from
529 2328 109 20 Wanga-

45 2367 54 14 nui.
127 2360 86 26 Agents,
227 2358 66 21 Wade
300 2357 41 20 and
352 2358 35 19 Co.
417 2358 12 19 2
440 2358 51 18 tons
506 2358 107 24 potatoes,
625 2356 11 21 1

45 2394 49 15 case
103 2388 87 24 leather,
204 2387 28 20 P.
242 2387 85 20 Brown.
369 2386 14 19 4
394 2386 48 19 tons
458 2384 36 19 old
503 2384 56 24 iron,
574 2383 62 25 nails,

45 2416 82 24 blocks,
139 2417 47 23 &c,
206 2414 72 21 Galen.
310 2414 10 19 1
331 2412 75 21 basket
420 2412 75 24 bacon,
507 2412 99 24 Shetriff
615 2412 28 24 of

47 2444 134 25 Wellington.
211 2441 153 26 Passengers
364 2440 46 20 Mr.
426 2440 23 20 J.
460 2438 78 21 Brodie
555 2440 43 19 and
614 2439 22 21 J.

45 2471 126 26 M'Gregor.

73 2499 31 21 In
123 2504 48 15 the
331 2501 66 15 from
414 2494 117 21 Hawke's
548 2494 61 21 Bay.

45 2528 76 25 Agent,
133 2526 123 20 Machaitie.
286 2525 13 19 3
309 2525 50 19 tuns
370 2523 60 20 black
439 2523 38 24 oil,
508 2523 37 19 do.
554 2521 82 26 baleen,

46 2556 27 20 80
93 2554 55 27 pigs,
159 2554 13 20 3
187 2555 49 19 tons
249 2553 105 26 potatoes,
376 2551 11 19 1
406 2553 38 17 ton
463 2550 76 25 maize,
557 2550 81 27 sundry-

45 2582 85 20 articles
139 2582 55 21 from
204 2581 36 20 the
248 2579 70 21 wreck
327 2579 25 21 of
364 2579 36 19 the
409 2577 110 27 Lapwing.

282 2639 115 15 EXPORTS.

74 2669 31 20 In
120 2674 48 15 the
202 2668 69 20 Lady
402 2671 47 16 for
465 2665 104 22 Sydney.
602 2666 34 21 W.

45 2697 141 23 Fitzherbert,
205 2696 77 25 Agent.
313 2695 11 20 1
341 2701 51 14 case
413 2693 105 27 wadding,
538 2694 13 19 2
576 2694 61 20 casks

45 2726 67 23 flints,
124 2726 10 18 1
146 2724 49 20 cask
204 2723 115 24 hardware,
329 2723 27 19 26
365 2722 58 26 bags,
433 2721 26 21 90
468 2721 86 21 bushels
561 2721 75 25 maize,

46 2754 13 19 5
70 2755 50 18 tons
129 2752 63 20 black
207 2751 37 24 oil,
254 2751 14 19 4
285 2750 60 20 casks
361 2755 86 21 copper,
458 2750 13 19 2
487 2749 51 26 bags
555 2749 44 25 do.,
610 2749 27 20 26

45 2781 54 25 bags
106 2779 74 21 maize.
205 2779 125 25 Passengers
358 2777 89 21 Messrs.
458 2777 107 26 Schultze,
576 2777 62 20 Dun-

45 2810 56 25 gate,
113 2807 76 26 Smith,
200 2807 76 25 Bragg,
286 2805 41 21 and
337 2805 110 26 Langdon.
481 2812 5 12 \

193 2854 294 31 OUTWARTIs/cOASTWISE.

74 2895 31 21 In
113 2902 49 14 the
381 2899 46 14 for
441 2892 106 23 Nelson.
580 2893 59 21 Wai-
641 2900 2 5 1

45 2925 46 19 lace
100 2924 43 20 and
153 2923 42 25 Co.,
205 2923 87 26 Agents.
323 2922 25 20 93
365 2921 80 21 barrels
455 2922 13 19 1
484 2921 40 26 bag
536 2921 63 27 flour,
611 2922 27 20 73

45 2952 51 25 bags
105 2952 45 24 do.,
162 2952 11 19 1
184 2951 59 20 chest
260 2951 12 19 6
289 2950 65 20 boxes
370 2951 41 23 tea,
421 2950 14 19 2
451 2948 63 22 hhds.
524 2948 89 27 brandy,
625 2949 12 20 2

45 2986 60 14 cases
119 2980 45 25 gin,
174 2979 26 20 20
214 2978 52 27 bags
282 2984 70 19 sugar,
371 2977 11 20 1
400 2976 41 27 bag
456 2977 73 25 coffee,
548 2977 14 19 3
580 2982 59 16 cases

45 3007 68 26 pipes,
126 3008 10 19 I
147 3007 36 20 do.
192 3006 76 27 prints,
280 3006 13 20 1
304 3005 46 21 bale
357 3005 109 24 woollens,
473 3005 13 19 8
496 3004 81 21 barrels
586 3010 53 21 por-

45 3037 41 22 ter,
99 3035 10 19 1
120 3034 66 21 trunk
194 3034 83 25 shawls,
287 3034 14 19 5
313 3033 53 26 kegs
381 3032 63 21 whiie
458 3032 56 25 lead,
523 3032 15 20 4
547 3031 91 21 bundles

45 3062 57 24 iron,
113 3062 27 20 12
149 3062 79 20 barrels
237 3062 79 25 porter,
326 3061 10 21 1
345 3060 51 21 cask
404 3059 84 26 treacle,
498 3061 11 19 1
518 3059 51 21 cask
576 3060 62 25 wine,

46 3090 12 19 1
68 3089 100 26 package,
179 3090 13 19 2
201 3089 86 20 bullock
296 3089 73 26 yokes,
378 3089 27 19 24
413 3087 61 21 casks
484 3087 82 21 bottled
574 3088 62 25 wine,

46 3117 13 20 3
68 3116 16 23 i
94 3117 60 20 casks
162 3116 61 26 wine,
235 3117 11 20 1
256 3119 40 18 ton.
305 3122 70 20 sugar,
383 3116 40 20 100
433 3115 51 27 bags
493 3116 64 23 flour,
565 3116 13 20 5
588 3118 50 18 tons

46 3150 70 20 sugar,
137 3144 13 20 4
169 3144 64 20 boxes
252 3144 91 21 candles.
383 3144 124 26 Passengers
549 3142 88 24 Messrs.

46 3171 74 26 Perry,
130 3171 64 25 Balis,
204 3171 87 27 Aitken,
301 3172 87 24 Lowne,
395 3171 86 26 Wright
490 3171 44 21 and
543 3173 95 24 servant,

45 3199 57 21 Mrs.
113 3198 75 26 Smith,
199 3201 41 18 two
250 3199 102 25 children,
363 3198 43 21 and
414 3201 92 18 servant.

141 3256 123 20 AGENTS
277 3257 57 20 FOR
349 3257 73 21 THIS
435 3257 112 21 PAPER.

67 3290 39 18 Mr.
118 3289 127 18 BURCIIAM
337 3290 77 18 Petoni.

66 3319 39 17 Mr.
117 3318 22 18 F.
151 3318 23 18 G.
185 3317 88 19 MOORE
337 3318 74 19 Nelson
418 3319 78 18 Haven.

66 3347 40 18 Mr.
117 3347 20 17 J.
145 3346 23 17 B.
176 3345 92 18 BAINES
341 3346 49 17 New
395 3346 113 23 Plymouth,
514 3347 106 18 Taranaki.

66 3376 40 17 Mr.
118 3374 28 19 H.
155 3372 124 19 CHURTON
341 3374 119 22 Wanganui.

67 3403 39 18 Mr.
118 3403 31 18 W.
341 3402 42 21 Bay
390 3402 21 17 of
419 3402 86 19 islands.

219 3442 123 21 LATEST
347 3459 3 3 .
357 3442 112 22 DATES.

56 3478 82 19 London
225 3476 50 18 Mar.
298 3476 28 18 16.
336 3477 5 20 |
355 3475 72 19 Nelson
541 3479 51 22 Aug.
603 3480 29 17 13.

58 3499 103 19 Auckland
226 3497 47 23 July
301 3499 27 16 21.
356 3497 48 18 New
409 3498 103 21 Plymouth
518 3511 16 6 ..
548 3499 48 24 July
602 3501 29 17 26.

57 3522 79 40 fydney
225 3519 48 22 July
300 3520 28 16 14.
357 3518 42 22 Bay
405 3519 22 17 of
435 3519 95 20 Islands..
536 3520 46 20 Feb.
613 3525 19 16 4.

76 3548 25 13 an
126 3542 100 19 Dieman's
357 3540 46 17 Port
409 3540 73 22 Phillip
494 3542 89 22 ....May
613 3544 19 18 3.

80 3565 54 17 Land
226 3562 47 22 May
300 3561 28 19 27.
357 3561 109 18 Adelaide..
503 3563 84 19 ...Mar.
602 3565 30 18 28.

68 3604 41 18 Tlie
117 3603 98 22 following
221 3606 33 13 are
261 3602 35 17 the
303 3602 80 21 quarter
393 3600 48 23 days
449 3601 23 18 of
478 3601 41 18 this
526 3606 63 19 paper
594 3609 5 12 :

155 3631 68 18 March
485 3631 52 18 3lst.

155 3660 52 18 June
486 3658 55 18 30th.

155 3686 114 24 September
486 3685 55 19 30th.

155 3715 108 19 December
467 3715 72 17 ..31st.

70 3744 84 18 Persons
160 3741 112 24 previously
276 3743 23 16 to
312 3739 148 24 discontinuing
470 3740 53 18 their
528 3744 73 19 papers
606 3741 38 19 and

47 3771 170 22 advertisements,
224 3770 55 18 must
285 3769 58 18 settle
350 3768 35 18 the
395 3769 94 17 accounts
496 3768 40 18 due
541 3773 28 18 up
580 3770 22 16 to
611 3769 35 19 the

49 3800 54 17 date.

173 3837 100 22 Notice
289 3838 29 20 to
333 3835 183 23 Subscribers.

52 3873 81 25 Papers
147 3871 45 20 will
202 3871 38 20 not
253 3870 26 21 be
291 3871 46 20 sent
354 3870 22 20 to
387 3873 90 21 persons
489 3868 67 26 living
572 3870 37 20 out
624 3870 26 26 of

77 3906 57 19 Port
143 3903 121 25 Nicholson,
280 3903 70 20 unless
364 3903 158 24 arrangements
535 3907 39 15 are
587 3903 62 20 made

75 3938 39 25 for
123 3939 36 20 the
163 3939 102 25 payment
273 3937 29 26 of
307 3936 35 22 the
351 3942 62 22 same,
425 3936 94 27 through
536 3942 28 17 an
577 3936 71 28 Agent

78 3975 25 19 at
115 3972 134 24 Wellington.

1321 1394 94 24 Private
1425 1393 79 24 letters
1521 1394 59 24 have
1598 1394 59 24 been
1674 1394 103 24 received
1792 1394 26 24 in
1837 1394 39 25 the

1288 1427 130 24 settlement
1433 1427 60 24 from
1510 1435 14 15 a
1545 1427 131 24 tradesman
1696 1427 51 25 who
1770 1432 61 20 went
1853 1432 23 21 to

1288 1460 125 25 Auckland
1424 1460 68 24 about
1502 1461 38 23 six
1549 1461 93 24 months
1653 1469 52 23 ago,
1715 1462 74 24 tinder
1800 1470 14 15 a
1822 1469 54 24 pro-

1288 1495 56 23 mise
1356 1498 24 19 to
1397 1493 84 25 inform
1498 1494 38 24 his
1550 1494 88 24 friends
1657 1495 26 23 in
1693 1495 143 31 Wellington
1854 1496 25 23 of

1288 1526 37 25 the
1337 1527 76 24 actual
1424 1531 58 20 state
1490 1528 26 23 of
1525 1528 38 23 the
1573 1527 158 25 Government
1737 1529 138 24 settlement.

1289 1561 50 24 The
1355 1561 68 23 letter
1435 1561 103 24 contains
1550 1569 14 16 a
1575 1561 63 31 plain
1650 1565 123 20 statement
1782 1563 95 31 regard-

1287 1594 40 32 ing
1342 1594 40 23 the
1404 1594 96 24 writer's
1521 1595 101 30 position
1643 1595 45 23 and
1709 1601 120 26 prospects
1852 1597 26 22 in

1287 1627 132 30 Auckland,
1441 1627 44 24 and
1508 1635 34 17 we
1565 1636 44 16 can
1630 1636 79 16 assure
1727 1636 41 17 our
1785 1629 92 24 readers

1288 1660 52 32 they
1353 1669 39 16 are
1403 1660 30 32 by
1444 1669 30 16 no
1485 1669 79 16 means
1576 1662 135 31 promising.
1748 1662 40 24 He
1804 1662 73 24 draws

1310 1694 96 31 parallel
1418 1695 103 23 between
1539 1695 126 24 Auckland
1682 1703 49 16 now
1745 1695 45 24 and
1811 1695 66 25 Wel-

1288 1728 89 31 lington
1389 1732 22 19 at
1422 1728 38 24 the
1469 1729 54 23 time
1535 1728 29 24 he
1575 1728 43 24 left
1625 1728 37 24 the
1674 1729 72 31 place,
1756 1729 43 24 and
1807 1733 71 20 states

1288 1761 49 24 that
1354 1761 143 31 Wellington
1516 1770 47 16 was
1582 1770 56 15 even
1657 1762 63 30 then,
1733 1763 38 24 six
1785 1763 92 24 months

1288 1802 50 25 ago,
1350 1803 16 15 a
1380 1794 70 25 much
1465 1803 64 16 more
1547 1795 101 31 thriving
1664 1796 138 24 settlement.
1838 1796 40 24 He

1289 1833 70 19 states
1378 1829 51 23 that
1446 1829 63 23 there
1526 1830 21 22 is
1564 1829 100 31 actually
1674 1837 30 16 no
1722 1830 156 31 employment

1288 1861 34 25 for
1333 1862 171 31 working-men
1517 1862 45 24 and
1572 1863 118 23 labourers
1699 1871 6 21 ;
1718 1862 58 30 that,
1787 1863 26 23 in
1823 1863 54 30 fact,

1289 1895 62 24 there
1363 1897 20 22 is
1396 1904 29 15 no
1437 1904 42 15 one
1498 1896 104 32 engaged
1620 1897 24 22 in
1660 1904 47 24 any
1723 1895 156 33 undertaking

1288 1929 125 24 calculated
1430 1933 23 19 to
1465 1930 108 23 circulate
1590 1937 90 24 money,
1693 1929 45 25 and
1749 1930 54 24 thus
1818 1930 60 32 keep

1288 1967 93 19 matters
1390 1963 23 23 in
1419 1970 15 16 a
1446 1963 95 32 healthy
1550 1963 122 24 condition.
1709 1963 41 24 He
1758 1963 120 24 concludes

1287 1995 36 24 his
1345 1996 67 24 letter
1435 1996 55 24 with
1508 2004 14 15 a
1540 1996 94 24 decided
1652 1996 50 25 and*
1715 1997 105 31 strongly
1836 2005 42 15 ex-

1282 2029 98 30 pressed
1387 2029 209 23 recommendation
1604 2034 23 18 to
1636 2031 36 21 his
1680 2029 208 31 felkw-eountry-*

1286 2069 52 16 men
1350 2059 163 34 (Scotchmen)
1524 2066 42 19 not
1583 2065 25 20 to
1624 2062 64 23 leave
1700 2061 143 31 Wellington
1854 2066 22 19 to

1288 2102 62 16 come
1361 2100 24 19 to
1396 2094 134 29 Auckland,
1542 2095 29 23 he
1589 2095 70 31 being
1676 2099 24 19 at
1710 2094 47 24 this
1777 2099 101 20 moment

1286 2128 86 32 merely
1383 2129 134 30 subsisting,
1530 2128 31 32 by
1573 2130 77 30 acting
1662 2137 26 16 as
1700 2137 14 15 a
1726 2132 91 20 servant
1829 2130 24 22 in
1864 2137 14 15 a

1286 2161 151 31 gentleman's
1448 2162 87 31 family,
1548 2170 15 16 a
1582 2161 56 25 kind
1651 2163 25 23 of
1691 2162 41 24 life
1743 2161 29 25 he
1784 2161 47 25 had
1848 2170 30 16 no

1286 2195 112 24 intention
1410 2196 26 23 of
1444 2196 117 31 following
1571 2195 66 24 when
1648 2196 29 24 he
1688 2196 43 23 left
1741 2195 76 24 home.

1318 2236 25 24 A
1354 2236 83 24 second
1448 2236 88 31 private
1547 2236 75 30 letter,
1641 2241 71 19 states
1725 2236 56 30 that,
1792 2236 33 31 by
1838 2236 40 24 the

1285 2269 45 24 last
1352 2278 83 15 census
1452 2269 127 24 Auckland
1597 2270 38 23 did
1653 2274 42 19 not
1716 2269 55 24 then
1790 2274 89 19 muster

1286 2304 61 30 quite
1359 2305 77 27 2,000
1446 2311 104 24 persons,
1564 2304 46 23 and
1621 2303 46 24 this
1680 2311 83 16 census
1774 2303 104 24 includes

1285 2344 68 24 every
1373 2337 68 31 thing
1456 2336 76 25 which
1552 2344 43 16 can
1618 2337 67 24 claim
1706 2337 60 24 their
1784 2337 94 24 descent

1284 2370 59 24 from
1366 2369 38 25 the
1427 2370 98 31 original
1547 2370 75 25 stock.
1669 2370 52 24 The
1745 2371 87 31 society
1855 2374 23 20 at

1285 2403 125 24 Auckland
1422 2412 37 15 are
1470 2404 81 23 united
1562 2404 121 32 according
1700 2408 24 19 to
1737 2412 40 16 our
1789 2412 89 15 corres-

1284 2438 108 31 pondent,
1409 2438 27 23 in
1447 2445 42 16 one
1501 2437 74 32 thing,
1587 2438 75 24 which
1676 2438 29 29 is,
1727 2437 60 24 their
1808 2436 69 33 deep-

1284 2471 207 31 rooted.antipathy
1503 2474 24 20 to
1545 2471 59 24 Port
1614 2471 128 24 Nicholson
1752 2480 6 21 ;
1778 2479 46 23 any
1835 2478 43 17 one

1284 2506 134 30 presuming
1429 2513 57 15 even
1497 2509 23 19 to
1527 2509 62 19 utter
1601 2513 42 15 one
1655 2504 62 24 word
1728 2505 24 23 in
1759 2505 30 23 its
1796 2505 82 23 favour

1284 2543 50 25 gets
1345 2537 155 33 immediately
1509 2542 43 28 put
1563 2539 66 24 down
1646 2546 26 16 as
1684 2546 14 16 a
1708 2538 78 32 stupid
1794 2538 82 30 fellow,

1284 2570 26 33 (a
1328 2571 44 29 fiat
1383 2572 24 24 in
1423 2572 40 24 the
1474 2572 82 32 vulgar
1572 2570 104 33 phrase,)
1689 2580 25 15 or
1731 2572 29 24 he
1778 2572 100 31 actually

1284 2610 51 26 gets
1347 2605 95 24 avoided
1452 2609 24 20 at
1488 2605 38 24 the
1538 2605 82 30 Hotel,
1633 2605 68 29 Club,
1714 2605 45 24 and
1767 2605 111 24 Billiard-

1284 2638 85 25 Room.
1406 2639 59 24 Now
1476 2647 26 16 as
1521 2639 66 24 there
1604 2647 37 16 are
1659 2639 55 32 only
1725 2647 43 15 one
1780 2639 26 23 of
1822 2639 56 24 each

1285 2673 25 23 of
1318 2673 67 24 these
1395 2673 102 24 national
1508 2673 186 24 establishments
1707 2673 27 23 in
1744 2672 132 30 Auckland,

1284 2706 46 24 this
1349 2706 99 24 conduct
1466 2706 78 32 places
1556 2706 39 24 the
1606 2706 126 24 individual
1751 2707 33 29 in,
1801 2706 33 32 by
1847 2714 31 16 no

1284 2747 80 16 means
1387 2748 29 15 an
1435 2740 87 23 eviable
1540 2741 108 31 position.
1692 2739 41 24 He
1752 2739 43 24 has
1815 2739 62 32 only,

1284 2772 113 31 however,
1407 2778 23 19 to
1443 2777 61 20 utter
1517 2781 14 16 a
1538 2774 123 31 panegeric
1671 2780 63 25 upon
1745 2773 39 24 the
1793 2772 86 25 admir-

1286 2807 49 24 able
1347 2811 59 20 state
1416 2807 26 24 of
1451 2807 39 24 the
1497 2811 91 25 streets,
1596 2806 50 32 (the
1653 2807 132 31 pedestrian
1791 2806 88 25 seldom

1286 2840 66 24 sinks
1367 2840 82 33 deeper
1468 2841 56 23 than
1541 2841 41 23 the
1598 2839 81 33 knee,)
1691 2840 46 24 and
1754 2840 39 24 the
1804 2840 74 24 delin-

1285 2878 71 28 quent
1375 2875 21 23 is
1406 2874 119 24 forthwith
1545 2873 110 25 admitted
1669 2875 50 22 into
1740 2874 38 24 the
1796 2873 81 30 Hotel,

1286 2908 44 24 and
1348 2908 98 24 Billiard
1465 2908 85 29 Room,
1568 2908 51 30 but,
1637 2907 41 24 the
1697 2907 59 25 Club
1776 2908 103 31 requires

1286 2941 130 32 something
1427 2949 79 22 >more,
1528 2941 29 24 he
1575 2945 63 20 must
1655 2941 29 24 be
1703 2941 174 29 recommended,

1287 2974 63 25 there
1367 2979 63 20 must
1448 2975 29 24 be
1494 2982 32 17 no
1543 2975 91 24 doubts.
1675 2974 68 25 Thus
1759 2982 63 25 upon
1840 2974 39 24 the

1286 3009 72 24 whole
1376 3009 39 24 the
1425 3008 161 32 Agricultural
1604 3009 103 31 pursuits
1719 3016 38 16 are
1770 3009 110 31 certainly

1284 3043 150 31 progressing
1451 3047 25 19 at
1486 3042 134 29 Auckland,
1641 3042 78 24 whilst
1737 3042 39 24 the
1796 3042 82 30 Town,

1286 3076 44 24 and
1349 3077 33 23 its
1405 3076 153 24 Commercial
1580 3076 86 29 affairs,
1691 3083 84 25 appear
1796 3075 33 32 by
1848 3083 31 17 no

1285 3117 79 17 means
1375 3110 24 24 in
1412 3117 14 16 a
1436 3109 95 32 healthy
1542 3117 26 16 or
1578 3109 139 32 flourishing
1728 3113 68 21 state.
1831 3109 49 25 Yet

1285 3142 38 25 the
1336 3143 150 33 expenditure
1498 3151 30 16 on
1545 3142 39 25 the
1594 3147 53 29 part
1658 3143 26 24 of
1697 3143 41 24 the
1751 3143 128 30 Governor,

1284 3177 21 24 is
1323 3177 90 32 spoken
1426 3177 25 24 of
1464 3184 26 16 as
1505 3177 73 30 being
1596 3180 158 28 extravagant.
1789 3176 28 24 If
1832 3176 57 25 this'

1286 3210 270 32 wastefull,expenditure
1561 3211 21 22 is
1590 3210 25 24 in
1622 3210 40 24 the
1669 3210 71 32 shape
1746 3210 25 25 of

1374 3252 34 17 we
1418 3243 77 25 would
1510 3244 101 31 imagine
1622 3243 52 25 that
1685 3252 64 16 some
1764 3248 54 28 part
1828 3244 26 24 of
1861 3245 20 23 it

1286 3282 23 20 at
1318 3278 68 30 least,
1403 3282 64 20 must
1476 3277 131 32 ultimately
1616 3277 49 25 find
1679 3278 30 24 its
1721 3285 50 24 way
1781 3278 57 30 into,
1841 3278 40 24 the

1284 3311 97 33 pockets
1392 3311 26 25 of
1427 3311 38 25 the
1476 3311 97 32 Sydney
1583 3311 171 32 store-keepers
1763 3320 7 22 ;
1788 3316 40 27 yet
1838 3319 43 17 our

1284 3346 89 30 private
1385 3345 185 32 correspondent,
1588 3344 115 25 describes
1720 3344 51 26 that
1783 3346 60 23 class
1854 3353 26 16 as

1284 3378 72 32 being
1374 3379 25 24 in
1416 3386 14 16 a
1448 3379 120 31 desperate
1583 3386 58 24 way.
1675 3379 56 24 The
1748 3383 74 20 stores
1841 3386 39 17 are

1285 3412 116 24 crammed
1410 3412 45 24 full
1465 3412 26 24 of
1499 3412 81 30 goods,
1592 3412 45 24 and
1647 3419 31 17 no
1688 3412 146 30 purchasers.

1296 3450 4 4 -
1686 3449 9 10 i

1318 3469 173 25 Emigration
1508 3477 32 17 of
1564 3470 151 24 Children.
1751 3470 52 25 The
1820 3470 61 24 New

1286 3502 105 25 Zealand
1400 3501 108 31 Journal,
1522 3503 33 25 of,
1562 3503 121 31 February
1698 3503 66 31 19th,
1776 3504 104 24 contains

1286 3544 30 16 an
1327 3536 88 29 article,
1426 3536 27 24 in
1468 3536 77 24 which
1562 3544 63 16 some
1643 3536 78 32 happy
1730 3537 149 32 suggestions

1286 3577 38 17 are
1335 3569 76 29 made,
1423 3576 31 17 on
1467 3569 42 24 the
1520 3569 137 31 emigration
1668 3570 26 23 of
1709 3569 111 26 children.
1855 3570 26 24 It

1286 3602 46 25 will
1350 3602 30 24 be
1398 3602 86 24 known
1500 3606 25 19 to
1542 3606 63 20 most
1619 3602 27 24 of
1658 3610 43 17 our
1717 3604 100 29 readers,
1830 3603 50 25 that

1312 3636 40 24 the
1370 3635 140 32 regulations
1523 3635 26 24 of
1563 3635 41 24 the
1620 3635 158 26 Government
1794 3636 46 25 and
1856 3637 27 23 of

1286 3670 40 24 the
1338 3669 59 24 New
1408 3668 102 24 Zealand
1523 3668 120 32 Company
1655 3669 45 24 and
1716 3669 65 25 other
1793 3670 86 25 coloni-

1288 3704 59 30 zing,
1363 3701 87 30 bodies,
1470 3701 96 33 provide
1587 3701 36 24 for
1643 3701 41 25 the
1703 3703 136 32 emigration
1855 3702 28 25 of

1287 3736 100 24 married
1396 3734 100 33 couples,
1507 3734 82 24 within
1601 3735 87 25 certain
1697 3736 108 31 specified
1816 3743 62 25 ages,

1286 3770 49 25 free
1346 3768 28 25 of
1382 3775 101 25 expence
1499 3772 25 19 to
1535 3767 147 26 themselves.
1718 3769 67 30 Now,
1802 3770 20 23 it
1832 3769 47 24 fre-

1288 3802 96 33 quently
1403 3802 104 31 happens
1529 3801 52 23 that
1601 3809 80 26 young
1702 3803 101 32 couples,
1829 3802 51 24 who

1286 3835 132 33 personally
1429 3835 59 24 fulfil
1500 3834 30 24 all
1539 3834 39 24 the
1590 3834 128 25 conditions
1732 3836 105 32 required
1848 3835 31 32 by

1289 3870 74 24 sound
1379 3868 132 33 principles,
1524 3875 39 17 are
1575 3867 89 32 subject
1679 3872 23 20 to
1721 3872 44 22 two
1782 3868 97 33 impedi-

1288 3908 85 24 ments,
1386 3901 73 26 which
1469 3901 69 24 stand
1548 3902 25 23 in
1585 3901 39 24 the
1634 3908 51 25 way
1695 3901 28 25 of
1738 3903 59 24 their
1808 3901 71 26 avail-

1288 3938 41 30 ing
1340 3936 138 24 themselves
1490 3935 26 23 of
1530 3935 40 25 the
1587 3934 126 33 advantage
1729 3935 54 25 held
1799 3939 40 20 out
1855 3939 24 20 to

1289 3971 72 31 them,
1375 3969 95 31 namely,
1484 3968 40 24 the
1535 3972 62 22 want
1614 3968 26 25 of
1648 3968 39 25 the
1697 3976 80 19 means
1792 3968 26 24 of
1825 3976 54 25 pro-

1899 128 79 31 viding
1989 127 136 25 themselves
2136 128 56 24 with
2203 129 115 24 sufficient
2325 130 107 32 clothing,
2443 133 43 22 and

1900 161 38 24 the
1949 161 116 23 existence
2078 161 24 23 of
2111 161 104 24 children
2222 162 72 24 below
2305 162 65 25 three
2386 171 67 23 years
2465 166 23 22 of

1899 194 27 24 of
1933 201 51 23 age,
1991 194 35 23 for
2032 194 75 23 whose
2113 202 99 24 passage
2218 200 109 27 payment
2337 196 21 23 is
2373 197 113 30 required,

1898 226 43 24 but
1951 227 74 22 which
2036 226 40 25 the
2093 232 93 26 parents
2203 235 39 17 are
2255 229 118 32 generally
2384 234 37 19 too
2432 239 56 23 poor

1900 263 23 21 to

1932 291 46 24 We
1986 293 59 22 have
2055 300 82 16 reason
2145 296 24 20 to
2180 292 69 25 know
2260 294 59 30 that,
2329 295 25 23 in
2364 303 123 18 numerous

1899 326 123 28 instances,
2033 325 65 24 these
2108 325 142 32 regulations
2267 335 38 16 are
2321 328 83 31 passed
2420 329 68 30 from,

1900 366 33 21 or,
1942 362 23 20 at
1977 358 31 24 all
2019 362 85 25 events,
2113 358 111 32 provided
2230 359 35 24 for
2273 360 32 30 by
2314 361 38 23 the
2359 361 130 31 gentlemen

1900 391 50 24 who
1958 391 97 24 conduct
2065 392 38 23 the
2111 392 140 31 Company's
2260 393 78 23 affairs
2347 394 24 24 in
2376 394 110 31 London;

1900 424 45 24 and
1956 424 55 32 they
2017 428 63 20 must
2085 424 45 24 feel
2137 425 50 24 real
2198 425 142 24 satisfaction
2349 427 26 23 in
2385 427 105 33 learning

1900 457 50 24 that
1960 465 69 24 many
2039 457 25 24 of
2072 457 65 24 those
2148 458 98 24 families
2252 458 52 24 who
2316 459 104 25 declared
2431 461 58 24 their

1900 490 106 31 inability
2012 495 23 19 to
2047 490 81 31 satisfy
2139 490 38 24 the
2189 491 141 31 regulations
2339 493 26 23 of
2370 493 38 24 the
2418 494 70 24 Com-

1900 531 61 24 pany
1971 524 26 23 in
2013 523 120 31 providing
2152 524 137 25 themselves
2305 525 56 24 with
2377 526 110 33 clothing,

1901 561 41 19 not
1959 561 24 19 to
2000 556 74 32 speak
2091 556 26 23 of
2132 556 38 24 the
2186 564 97 25 passage
2301 566 83 24 money
2393 561 97 30 payable

1901 590 36 23 for
1948 589 102 24 children
2060 589 72 24 below
2142 590 64 23 three
2217 598 66 23 years
2290 591 26 24 of
2324 599 50 23 age,
2384 600 38 16 are
2431 601 57 22 now,

1902 630 38 17 ere
1947 627 44 19 two
2002 630 67 24 years
2079 622 24 23 of
2112 622 60 24 their
2181 623 98 24 colonial
2287 624 40 24 life
2335 625 44 24 has
2387 627 101 30 expired,

1902 660 40 20 not
1949 656 53 31 only
2009 655 52 24 well
2072 655 97 29 clothed,
2205 663 33 16 we
2244 656 60 24 need
2311 659 41 22 hot
2363 658 43 24 add
2417 660 39 23 fed

1893 693 2 16 i
1902 689 42 23 but
1954 697 39 15 are
2004 688 98 31 actually
2112 696 131 23 possessors
2255 689 27 23 of
2290 698 15 15 a
2314 690 105 25 valuable
2429 692 60 24 free-

1902 723 54 23 hold
1989 729 131 25 possessors
2130 722 26 23 of
2164 729 30 16 an
2201 726 78 20 extent
2290 723 26 24 of
2323 723 56 25 land
2390 725 98 31 capable,

1902 756 56 23 with
1976 756 105 31 ordinary
2097 755 115 31 industry,
2231 756 26 23 of
2271 758 132 30 susporting
2419 758 70 31 them,

1902 789 177 31 independently
2088 788 129 32 altogether
2227 789 25 23 of
2260 789 89 24 further
2366 790 37 24 aid
2419 791 71 25 either

1902 822 59 22 from
1973 830 14 15 a
2004 822 79 24 Home
2093 829 26 16 or
2132 830 13 15 a
2163 822 72 24 Local
2246 822 166 27 Government.
2446 824 44 25 We

1904 854 102 24 describe
2016 862 29 16 no
2060 855 61 23 ideal
2132 863 62 16 case-
2194 859 4 12 Iwe1
2218 862 34 17 we
2267 856 73 31 speak
2355 856 58 25 from
2424 857 65 31 facts,

1903 888 109 23 recorded
2028 888 67 24 facts.
2130 888 46 24 We
2187 888 87 33 readily
2285 890 72 24 admit
2366 891 51 23 that
2427 890 63 26 there

1904 928 38 16 are
1954 920 131 32 exceptions
2097 924 25 20 to
2133 921 56 29 this,
2200 922 42 23 but
2261 923 49 23 will
2324 923 128 25 undertake
2468 929 22 20 to

1903 961 70 24 prove
1979 954 55 25 .that
2044 954 64 23 there
2121 961 39 17 are
2170 962 52 16 now
2232 963 70 23 many
2308 956 98 24 families
2417 957 26 24 in
2453 957 38 25 the

1904 987 59 24 New
1974 987 102 24 Zealand
2093 987 141 32 Company's
2244 990 145 29 possessions
2399 994 25 20 at
2436 990 55 25 Port

1904 1020 134 30 Nicholson,
2051 1022 24 22 in
2086 1020 40 24 the
2142 1028 138 24 prosperous
2295 1022 115 24 condition
2422 1023 68 25 above

1905 1054 124 29 described,
2040 1053 59 30 who,
2112 1062 32 15 on
2156 1054 92 32 leaving
2265 1055 107 30 London,
2390 1056 47 25 had
2452 1062 39 19 not

1904 1087 130 25 wherewith
2045 1087 71 24 either
2127 1091 25 20 to
2170 1087 74 24 clothe
2255 1088 137 26 themselves
2404 1098 26 16 or
2447 1098 43 25 pay

1904 1121 38 24 the
1959 1128 56 24 very
2034 1121 116 24 moderate
2168 1120 83 32 charge
2263 1122 27 23 of
2304 1123 37 24 3
2355 1123 97 32 sterling
2466 1133 24 16 as

1904 1162 96 23 passage
2021 1162 84 23 money
2126 1154 37 23 for
2185 1154 60 24 their
2266 1156 111 25 children.
2425 1157 26 24 It
2470 1159 20 23 is

1904 1187 90 24 evident
2008 1191 23 19 to
2041 1187 31 24 all
2083 1187 50 24 that
2141 1187 39 23 the
2189 1187 58 24 New
2259 1189 103 24 Zealand
2373 1190 117 32 Company

1903 1220 59 24 fulfil
1974 1228 67 23 every
2053 1224 152 27 engagement
2220 1220 75 24 which
2307 1229 42 16 can
2363 1223 28 23 be
2403 1223 87 25 desired

1904 1253 58 24 from
1970 1253 71 29 them,
2048 1253 67 23 when
2126 1253 55 30 they
2191 1257 36 20 act
2236 1261 33 24 up
2278 1258 23 20 to
2308 1255 39 23 the
2353 1257 92 30 printed
2455 1265 35 16 re-

1904 1286 122 31 gulations,
2038 1286 73 24 which
2123 1294 38 15 are
2172 1291 43 26 put
2223 1287 48 23 into
2280 1288 39 23 the
2330 1288 73 24 hands
2415 1290 26 23 of
2454 1290 36 24 the

1904 1321 125 30 emigrants
2038 1319 78 24 before
2137 1320 99 31 quitting
2253 1320 60 24 their
2328 1321 80 24 homes
2417 1331 7 21 ;
2448 1324 42 24 and

1905 1353 38 24 the
1966 1352 79 25 article
2066 1353 25 23 in
2114 1352 39 25 the
2172 1352 60 24 New
2253 1353 106 25 Zealand
2383 1354 103 33 Journal,

1904 1387 75 24 which
2006 1386 42 24 has
2076 1385 125 32 suggested
2232 1386 65 25 these
2327 1388 160 32 observations,

1905 1420 115 31 evidently
2043 1420 123 31 originates
2191 1419 58 24 from
2272 1428 16 16 a
2306 1420 74 26 desire
2391 1421 52 25 that
2452 1424 36 24 the

1905 1462 63 16 cases
1980 1453 73 25 which
2062 1461 33 16 we
2106 1453 59 23 have
2176 1452 91 25 alluded
2279 1458 23 20 to
2309 1454 81 25 should
2399 1455 29 24 be
2436 1464 51 24 pro-

1904 1487 68 24 vided
1992 1487 36 24 for
2045 1487 59 24 from
2123 1494 63 16 some
2205 1486 65 25 other
2286 1495 64 16 more
2366 1488 123 32 legitimate

1905 1528 87 17 source.
2027 1519 26 26 A
2072 1520 87 31 society
2177 1519 36 25 for
2231 1520 39 24 the
2283 1526 135 26 permanent
2436 1531 52 24 sup-

1904 1558 53 28 port
1980 1554 26 24 of
2029 1553 87 32 orphan
2140 1552 45 25 and
2207 1553 107 25 destitute
2337 1555 109 31 children,
2465 1566 23 15 or

1906 1587 130 25 Children's
2054 1587 87 24 Friend
2160 1587 100 31 Society,
2273 1596 85 24 sprung
2370 1590 48 22 into
2431 1591 57 22 exis-

1904 1625 66 20 tence
1982 1628 63 17 some
2063 1624 39 19 ten
2119 1628 68 23 years
2206 1629 51 23 ago.
2304 1622 52 24 The
2373 1622 76 31 object
2467 1624 23 24 of

1905 1655 38 23 the
1954 1653 128 25 Children's
2094 1653 88 24 Friend
2193 1654 101 32 Society,
2305 1662 47 17 was
2370 1659 22 20 to
2412 1657 77 24 snatch

1905 1687 100 32 orphans
2020 1687 45 24 and
2081 1687 65 24 other
2158 1686 102 25 children
2277 1688 59 24 from
2355 1689 37 24 the
2412 1697 76 17 conse-

1907 1729 98 24 quences
2015 1720 75 24 which
2103 1721 81 31 spring
2200 1721 60 23 from
2278 1726 101 20 extreme
2398 1728 91 27 poverty

1905 1756 25 23 in
1938 1754 118 32 England.
2091 1754 61 23 This
2164 1754 93 31 Society
2269 1754 95 25 devoted
2373 1756 32 24 its
2417 1761 71 19 atten-

1905 1789 49 23 tion
1965 1792 23 20 to
1998 1788 96 31 sending
2104 1787 86 33 orphan
2208 1787 101 25 children
2318 1796 25 16 as
2351 1791 137 30 apprentices

1906 1826 24 20 to
1941 1821 39 25 the
1992 1821 117 24 Colonies.
2147 1821 180 32 Unfortunately
2339 1823 38 23 the
2390 1823 62 32 Cape
2468 1825 24 23 of

1907 1855 68 24 Good
1993 1854 69 32 Hope
2082 1862 48 16 was
2146 1855 98 23 selected
2263 1863 25 16 as
2307 1856 40 23 the
2358 1856 88 32 Colony
2457 1857 32 24 for

1907 1889 38 23 the
1964 1892 194 20 commencement
2175 1888 25 23 of
2224 1888 38 24 the
2279 1890 150 31 experiment,
2448 1892 41 22 and

1906 1922 125 32 unhappily
2054 1922 36 24 for
2113 1922 30 23 all
2172 1922 85 30 parties
2286 1923 39 23 the
2353 1925 137 29 experiment

1905 1956 86 31 proved
2000 1963 13 16 a
2024 1955 137 24 lamentable
2168 1955 91 24 failure.
2306 1956 25 24 It
2348 1958 20 22 is
2384 1961 50 20 true
2446 1958 45 23 that

1906 1989 39 24 the
1958 1989 50 26 780
2020 1989 112 29 children,
2148 1988 51 24 who
2215 1996 84 24 appear
2313 1993 24 20 to
2356 1989 59 24 have
2436 1991 68 26 been^

1901 2027 62 19 ,sent
1969 2026 22 19 to
2003 2022 38 24 the
2051 2022 71 29 Cape,
2135 2029 59 15 were
2203 2022 148 30 apprenticed
2361 2027 23 19 to
2394 2031 20 16 ,
2422 2029 35 18 set
2466 2025 24 23 of

1904 2054 135 31 foreigners,
2051 2053 39 24 the
2104 2052 62 33 Cape
2180 2053 81 30 Boors,
2273 2054 52 24 who
2337 2062 38 17 are
2387 2060 43 19 not
2441 2057 49 31 only

1905 2087 134 31 foreigners,
2068 2086 42 24 but
2130 2095 15 16 a
2165 2086 85 24 Native
2281 2085 52 33 (not
2357 2088 133 35 aboriginal)

1905 2120 98 24 African
2020 2128 59 21 race,
2102 2121 50 23 who
2172 2120 26 22 of
2218 2127 87 23 course,
2326 2123 121 29 possessed
2462 2132 26 15 no

1907 2154 120 31 sympathy
2046 2154 73 23 either
2142 2153 57 24 with
2217 2153 38 24 the
2274 2154 107 32 orphans,
2401 2164 25 16 or
2446 2158 42 23 Old

1906 2187 109 31 England
2033 2187 86 34 whichy
2125 2186 116 33 produced
2260 2187 70 25 them.
2378 2189 51 24 The
2448 2199 39 15 un-

1906 2220 77 32 happy
1993 2221 74 24 result
2076 2220 43 24 has
2128 2224 49 25 not,
2188 2229 32 23 up
2231 2226 24 18 to
2267 2221 46 24 this
2325 2221 51 32 day,
2384 2224 77 23 ceased
2467 2229 20 19 to

1905 2258 120 27 persecute
2034 2254 38 24 the
2083 2255 64 30 truly
2157 2253 154 33 philantropic
2326 2255 92 33 Society
2427 2266 6 21 ;
2453 2259 34 23 the

1905 2288 47 23 fate
1975 2288 26 24 of
2022 2295 62 17 some
2105 2288 27 23 of
2151 2288 39 23 the
2213 2288 108 31 orphan's
2341 2289 70 32 being
2430 2299 57 16 more

1906 2322 93 29 terrific,
2013 2321 108 32 perhaps,
2140 2321 58 25 than
2214 2321 112 32 anything
2336 2322 100 25 hitherto
2452 2329 36 27 put

1907 2363 28 16 on
1946 2356 88 28 record,
2047 2355 44 24 and
2103 2354 39 25 the
2154 2363 157 23 consequence
2319 2356 42 23 has
2367 2357 65 30 been,
2444 2359 44 23 that

1906 2389 39 24 the
1966 2389 92 31 Society
2076 2389 61 24 have
2158 2389 98 31 entirely
2283 2390 129 31 suspended
2434 2392 52 23 their

1906 2424 137 30 operations,
2065 2422 77 25 which
2163 2430 66 22 were,
2254 2430 27 16 as
2302 2431 33 16 we
2357 2424 58 23 have
2437 2425 49 29 said,

1905 2455 192 33 unquestionably
2106 2456 137 24 benevolent
2260 2455 45 25 and
2318 2456 153 34 philantropic.

1940 2496 51 24 The
2010 2496 63 24 chief
2086 2504 70 16 cause
2174 2497 26 23 of
2216 2496 37 24 the
2265 2497 129 24 Children's
2409 2498 78 25 Friend

1907 2530 93 31 Society
2011 2530 143 31 suspending
2164 2529 60 25 their
2234 2530 125 30 functions,
2378 2532 46 24 and
2439 2533 48 23 thus

1905 2564 94 32 putting
2009 2571 15 16 a
2034 2568 51 27 stop
2094 2568 24 19 to
2126 2564 104 31 juvenile
2241 2565 143 31 emigration,
2401 2574 44 15 was
2454 2566 33 23 the

1905 2598 53 23 firm
1970 2598 127 23 conviction
2109 2598 26 23 of
2151 2596 38 25 the
2199 2598 163 31 impossibility
2378 2598 25 24 of
2418 2600 69 23 estab-

1905 2631 88 31 lishing
2004 2638 14 16 a
2027 2635 136 26 permanent
2181 2630 88 24 control
2287 2638 53 17 over
2358 2631 38 24 the
2415 2633 71 23 subse-

1907 2668 70 28 quent
1995 2664 47 23 fate
2061 2664 25 23 of
2104 2663 41 24 the
2165 2664 97 32 orphan.
2309 2664 51 24 The
2377 2666 83 24 instant
2476 2674 10 15 a

1907 2698 51 30 ship
1970 2697 75 24 leaves
2058 2697 38 24 the
2109 2697 80 24 shores
2202 2697 25 24 of
2236 2697 118 32 England,
2366 2699 32 24 all
2409 2699 77 24 control

1906 2731 45 24 and
1963 2731 127 31 protection
2105 2730 108 25 becomes
2230 2731 142 30 impossible,
2384 2733 47 24 and
2441 2733 44 23 thus

1906 2765 39 24 the
1956 2765 66 30 plans
2034 2764 45 24 and
2089 2764 71 24 views
2172 2763 24 25 of
2211 2763 39 25 the
2272 2765 99 31 original
2386 2766 99 24 founders

1907 2798 25 24 of
1946 2798 39 24 the
1998 2798 92 31 Society
2102 2797 58 24 have
2169 2798 58 23 been
2238 2798 86 31 proved
2331 2798 107 31 delusive,
2450 2799 36 25 and

1906 2832 58 24 have
1976 2831 164 32 consequently
2147 2831 61 24 been
2217 2831 81 32 finally
2309 2831 139 26 abandoned.

1940 2869 52 25 The
2012 2870 107 32 question
2141 2869 43 25 has
2203 2869 116 32 naturally
2340 2871 83 24 arisen.
2464 2870 21 25 Is

1907 2904 64 24 there
1980 2912 30 16 no
2023 2903 98 24 channel
2138 2904 49 23 into
2206 2903 75 24 which
2297 2903 39 24 the
2346 2904 147 24 benevolence-

1907 2937 26 25 of
1952 2937 39 24 the
2018 2937 133 24 Children's
2177 2936 87 25 Friend
2282 2937 92 32 Society
2392 2946 52 24 may
2462 2938 23 24 be

1908 2970 99 25 directed
2029 2971 55 24 with
2107 2978 65 17 some
2186 2975 108 28 prospect
2312 2971 27 24 of
2356 2972 71 31 being
2439 2979 44 24 pro-

1907 3005 91 24 ductive
2005 3003 26 25 of
2045 3004 60 32 good
2112 3004 10 24 1
2158 3003 52 25 The
2219 3012 52 16 case
2281 3009 23 19 to
2311 3005 73 24 which
2395 3012 34 17 we
2436 3006 48 23 have

1908 3038 98 30 alluded,
2018 3038 58 30 viz.,'
2085 3038 41 24 the
2137 3038 106 31 inability
2255 3038 26 24 of
2294 3038 98 25 married
2403 3038 80 33 couples
2498 3058 4 5 .

1907 3072 98 32 wishing
2023 3075 25 21 to
2066 3071 119 33 emigrate,
2203 3076 40 27 yet
2259 3072 85 24 unable
2362 3076 22 20 to
2401 3071 83 32 provide
2497 3090 6 8 ,

1907 3113 82 24 proper
2001 3105 110 32 clothing,
2125 3113 26 16 or
2161 3109 26 20 to
2201 3113 46 24 pay
2258 3105 36 25 for
2304 3105 40 25 the
2354 3106 129 24 subsistence

1908 3139 25 24 of
1954 3139 61 24 their
2030 3139 104 24 children
2151 3138 73 25 under
2241 3139 65 24 three
2323 3147 65 23 years
2409 3139 26 24 of
2450 3146 33 24 age

1908 3173 83 32 during
2001 3172 40 24 the
2053 3180 106 25 passage.
2196 3172 52 25 The
2256 3172 119 32 labouring
2382 3173 101 32 emigrant

1909 3206 82 25 should
2000 3210 50 26 not,
2067 3206 21 24 if
2109 3206 109 32 possible-,
2234 3206 30 23 be
2282 3205 117 32 subjected
2416 3211 22 19 to
2453 3206 31 24 the

1907 3244 110 28 payment
2025 3240 26 24 of
2065 3247 46 24 any
2120 3248 52 16 sum
2183 3240 27 24 of
2222 3247 90 23 money,
2324 3239 30 24 all
2361 3240 123 32 experience

1907 3275 87 31 having
2002 3273 87 33 proved
2099 3273 51 24 that
2161 3273 54 32 they
2224 3272 49 25 will
2282 3271 46 25 not'
2335 3280 57 17 even
2401 3272 84 34 provide

1907 3316 84 23 proper
2009 3307 103 32 clothing
2126 3307 37 24 for
2180 3305 144 29 themselves,
2338 3306 117 33 prefering
2466 3309 20 21 to

1909 3349 53 16 save
1979 3349 26 16 or
2022 3341 85 24 rather
2118 3339 72 25 hoard
2200 3347 31 23 up
2247 3346 15 16 a
2279 3339 44 23 few
2339 3340 97 30 pounds,
2447 3338 38 26 and

1908 3375 54 23 thus
1973 3374 51 24 risk
2034 3378 40 20 not
2085 3374 56 31 only
2155 3372 60 24 their
2232 3378 52 17 own
2301 3371 67 31 lives,
2384 3373 45 25 but
2443 3372 42 25 tthai(t
2490 3392 14 16 i(

1909 3409 28 24 of
1958 3408 60 24 their
2040 3407 112 31 offspring
2173 3412 31 17 on
2224 3403 61 25 their
2312 3412 98 26 passage
2434 3407 70 31 from^

1908 3441 117 32 England.
2060 3440 45 24 We
2123 3446 38 17 are
2182 3437 111 33 prepared
2311 3442 24 20 to
2352 3447 70 24 prove
2441 3440 53 35 thaty

1908 3475 60 24 such
1980 3473 101 33 supplies
2098 3470 72 33 (from
2180 3471 60 24 their
2255 3473 141 29 necessarily
2412 3471 73 35 partial

1908 3503 158 38 application,)
2085 3506 27 23 in
2128 3511 71 25 many
2219 3512 66 17 cases
2304 3506 59 31 give'
2373 3514 46 17 rise
2434 3504 36 26 "to'
2474 3511 12 18 a

1907 3545 64 28 great
1982 3539 51 25 deal
2044 3539 26 24 of
2083 3537 90 25 trouble
2192 3537 44 25 and
2252 3546 139 24 annoyance,
2412 3540 74 29 during

1907 3574 39 24 the
1956 3580 97 25 passage
2060 3576 24 19 to
2095 3570 41 25 the
2147 3570 98 33 Colony.

1940 3631 52 25 The
2002 3628 142 27 inhabitants
2154 3630 28 24 of
2196 3630 96 33 Sydney
2302 3638 83 26 appear
2396 3635 24 20 to
2436 3637 48 17 con-
2497 3644 3 10 .

1907 3665 61 25 sider
1975 3664 40 25 the
2025 3663 148 33 importation
2183 3664 49 24 into
2241 3663 40 26 the
2289 3664 88 32 Colony
2387 3664 26 25 of
2421 3661 65 27 salted

1905 3703 62 21 meat
1978 3697 73 32 ought
2060 3701 23 20 to
2094 3696 31 25 be
2135 3697 125 32 prevented
2271 3698 31 31 by
2313 3705 31 17 an
2359 3701 37 21 act
2414 3697 24 24 of
2450 3696 35 23 the

1907 3731 153 32 Legislature,
2071 3730 74 25 under
2156 3730 41 25 the
2205 3731 52 24 idea
2267 3731 51 24 that
2326 3739 14 16 a
2350 3738 62 17 more
2422 3728 63 30 ready
2496 3737 6 21 ;

1905 3765 59 25 local
1978 3764 91 24 market
2087 3763 77 25 would
2175 3764 54 24 thus
2246 3764 30 24 be
2294 3764 89 25 created
2399 3764 34 24 for
2449 3762 36 23 the

1907 3797 185 33 superabundant
2113 3797 85 33 supply
2218 3797 27 24 of
2259 3797 68 25 stock
2345 3805 50 16 now
2410 3797 24 24 in
2448 3794 36 25 the

1905 3831 136 25 Australian
2060 3830 117 26 Colonies.
2224 3830 69 33 They
2310 3835 60 19 want
2387 3831 26 23 in
2422 3830 44 23 fact
2472 3834 13 16 a
2497 3837 3 14 ;

1905 3864 138 34 protecting,
2053 3865 25 24 in
2091 3864 66 25 other
2167 3864 82 30 words,
2259 3863 160 33 aprohibitary
2428 3862 55 30 duty,

1907 3906 26 16 as
1940 3899 21 23 it
1971 3905 96 25 appears
2078 3902 25 20 to
2114 3905 30 17 us
2152 3905 70 24 upon,
2235 3898 22 23 if
2271 3901 40 21 not
2321 3896 75 25 bread'
2401 3900 24 20 at
2433 3896 51 23 least

1907 3931 131 31 something
2047 3931 89 32 nearly,
2147 3931 22 24 if
2182 3934 41 21 not
2234 3931 64 31 quite
2308 3938 27 16 as
2352 3928 102 26 essential
2464 3931 19 20 to

1908 3973 29 17 an
1949 3964 177 33 Englishman's
2137 3964 125 25 existence.
2309 3962 44 26 We
2363 3963 92 25 observe
2463 3960 20 23 in

701 1888 45 24 We
756 1888 59 24 have
825 1889 90 23 neither
925 1890 55 22 time
998 1896 43 17 nor
1059 1897 67 24 space
1143 1894 25 20 to
1183 1891 77 24 notice

667 1922 58 32 fully
736 1922 39 24 the
787 1923 104 31 speciqus
910 1926 123 20 statement
1050 1923 26 23 of
1092 1932 29 15 an
1138 1924 78 24 article
1236 1925 24 23 in

667 1956 141 31 yesterday's
831 1955 110 30 Colonist,
962 1956 133 32 respecting
1117 1956 39 24 the
1174 1956 85 36 Native

668 1989 124 30 Reserves,
803 1989 43 24 but
857 1997 33 16 we
903 1989 161 37 cannot^low
1076 1998 57 16 even
1143 1998 14 16 a
1170 1998 48 21 By
1237 1996 22 19 to

667 2029 54 24 pass
733 2025 61 21 'over
804 2015 259 37 witb.iimtaj>plyi]jfcwiii
1074 2015 143 39 anfcidolJ^
1221 2025 42 23 the'

667 2055 81 31 poison
764 2055 38 23 the
814 2055 75 24 writer
901 2054 76 24 would
995 2055 66 23 instil
1072 2056 47 23 into
1133 2056 36 25 the
1181 2057 79 31 public

667 2088 71 30 mind,
750 2088 77 24 whilst
837 2088 138 31 pretending
985 2092 23 19 to
1020 2088 55 24 take
1089 2097 28 16 an
1128 2090 95 24 interest
1234 2091 26 23 in

667 2121 38 25 the
715 2121 93 25 welfare
820 2121 26 24 of
853 2121 39 24 the
903 2120 151 31 Aborigines.

700 2156 52 23 The
768 2155 125 32 particular
915 2154 30 25 lie
966 2155 29 31 by
1016 2155 148 32 implication,
1183 2156 74 26 which

666 2196 34 16 we
717 2189 77 24 would
816 2196 84 24 expose
924 2196 58 22 now,
1002 2188 20 24 is
1036 2189 50 24 that
1103 2191 119 24 contained
1234 2192 23 23 in

666 2222 38 23 the
728 2226 122 21 statement
884 2222 51 23 that
957 2222 39 23 the
1016 2230 91 17 reserve
1124 2224 25 24 of
1166 2226 91 27 10^000

667 2264 63 16 acres
743 2256 36 24 for
790 2255 38 25 the
838 2255 106 30 Natives,
955 2255 22 24 is
989 2259 24 21 to
1022 2256 31 24 be
1063 2256 67 24 made
1148 2265 53 16 over
1220 2258 37 24 the

665 2289 73 25 whole
756 2289 25 24 of
799 2289 39 24 the
855 2293 59 20 tract
924 2288 26 25 of
966 2293 96 28 country
1079 2290 103 24 between
1198 2291 59 25 Port

665 2323 129 24 Nicholson
804 2322 44 24 and
856 2321 44 25 the
918 2322 69 24 south
1002 2323 64 23 bank
1082 2324 22 23 of
1121 2323 40 25 the
1172 2325 85 24 Mana-

665 2361 60 19 watu
745 2356 81 30 River,
847 2356 75 24 which
939 2356 83 30 would,
1041 2356 29 24 he
1089 2358 126 30 continues,
1228 2359 28 24 be

665 2390 45 24 less
724 2390 54 24 than
788 2390 65 24 three
863 2397 64 17 acres
938 2389 37 25 for
985 2398 70 23 every
1062 2389 83 26 Native
1154 2393 103 31 residing

665 2424 24 23 in
703 2424 40 23 the
752 2424 97 23 district.

700 2457 113 31 Thejfac*
823 2458 30 28 is,
867 2456 49 25 that
922 2457 40 24 the
973 2459 92 28 10,000
1073 2466 63 16 acres
1147 2466 37 17 are
1192 2462 23 20 to
1227 2459 28 24 be

665 2490 99 24 selected
775 2495 41 19 out
827 2490 26 24 of
862 2490 38 24 the
910 2492 108 28 110,000
1025 2499 65 15 acres
1102 2496 22 19 to
1136 2492 74 24 which
1218 2493 37 23 the

665 2525 59 23 New
736 2524 102 24 Zealand
850 2524 121 32 Company
981 2525 20 22 is
1014 2525 95 24 entitled
1120 2525 79 25 within
1216 2527 39 23 the

665 2557 215 24 above-mentioned
891 2558 147 23 boundaries.

699 2692 30 24 In
742 2700 45 23 any
797 2692 83 24 blocks
890 2692 72 24 taken
972 2692 116 24 hereafter
1097 2693 32 32 by
1136 2692 38 26 the
1187 2694 70 24 Com-

664 2734 69 24 pany,
752 2726 88 24 similar
860 2734 103 16 reserves
980 2726 36 23 for
1034 2726 40 23 the
1093 2727 98 24 Natives
1211 2728 46 24 will

666 2760 76 24 confer
754 2767 31 16 on
795 2760 70 29 them,
877 2760 26 23 in
920 2760 57 24 each
994 2759 98 31 district,
1111 2761 88 25 similar
1216 2761 41 25 ad-

665 2798 118 26 vantages.

698 2591 60 24 This
778 2591 83 24 double
877 2591 110 24 selection
1004 2592 79 31 places
1100 2591 38 25 the
1156 2593 98 25 Natives

665 2625 90 31 exactly
763 2626 25 22 in
799 2625 38 23 the
849 2632 63 16 same
922 2625 99 32 position
1034 2633 26 16 as
1069 2626 38 23 the
1117 2627 137 30 purchasers

664 2659 60 24 from
736 2659 53 27 the,
788 2659 129 30 Company.

698 2827 87 31 Again,
805 2827 25 23 in
848 2834 89 17 answer
954 2831 24 19 to
1001 2835 43 16 our
1067 2829 191 32 contemporary's

801 2861 50 23 that
862 2869 29 15 no
903 2860 112 32 adequate
1020 2868 80 17 means
1112 2869 39 16 are
1159 2862 97 32 adopted

666 2898 23 20 to
700 2899 96 27 prevent
805 2894 39 24 the
853 2894 179 32 appropriation,
1042 2894 32 31 by
1081 2894 67 25 white
1159 2896 98 31 settlers,

667 2927 26 24 of
710 2928 40 24 the
771 2928 68 31 pah's
862 2927 45 24 and
931 2927 124 25 cultivated
1076 2928 67 24 lands
1167 2929 26 24 of
1218 2930 40 24 the

797 2969 45 24 any
855 2969 84 24 person
943 2965 97 28 present
1048 2965 25 20 at
1084 2962 38 24 the
1133 2962 125 26 lasfcselec-

667 2996 48 23 tion
733 2995 26 24 of
774 2995 63 29 land,
855 2995 48 24 will
919 2995 130 24 remember
1066 2995 39 24 the
1121 3003 103 18 reserves
1236 2997 26 24 of

665 3029 56 24 both
731 3028 67 33 pah's
809 3028 46 24 and
862 3031 92 30 potatoe
966 3028 109 31 grounds,
1088 3029 85 25 chosen
1184 3035 24 19 at
1220 3031 38 24 the

667 3070 94 24 express
773 3062 73 24 desire
858 3062 25 23 of
891 3062 40 23 the
942 3061 103 24 resident
1062 3062 104 31 Natives,
1183 3064 73 25 under

666 3096 37 24 the
715 3097 104 23 sanction
832 3096 26 23 of
870 3096 61 23 their
947 3096 130 29 Protector,
1088 3101 24 20 at
1124 3096 133 26 Manawatu

667 3130 45 23 and
724 3130 138 23 Orewenua.

700 3163 52 25 The
764 3163 57 25 New
834 3162 101 25 Zealand
953 3162 122 33 Company
1085 3165 117 23 entrusted
1220 3165 38 24 the

667 3196 109 26 selection
799 3196 26 25 of
842 3196 40 25 the
906 3196 84 25 Native
1013 3196 116 25 Reserves
1151 3202 24 20 to
1199 3198 59 25 their

667 3229 231 34 Surveyor-General
906 3238 6 21 ;
932 3229 46 25 and
989 3234 24 20 to
1025 3229 82 31 whom,
1117 3238 35 16 we
1162 3231 52 31 ask,
1232 3241 26 16 as

667 3273 63 16 more
748 3263 117 33 qualified'
875 3268 25 19 to
914 3264 73 32 judge
1008 3263 26 25 of
1046 3263 40 25 the
1095 3264 67 25 value
1180 3266 25 23 of
1219 3266 39 24 the

667 3299 67 24 lands
746 3297 88 33 opened
842 3297 33 32 by
886 3305 85 24 survey
981 3296 35 26 for
1033 3296 119 32 selection,
1162 3299 68 24 could
1241 3301 19 23 it

667 3332 29 24 be
719 3331 122 24 confided?
885 3330 51 25 The
958 3330 48 25 late
1028 3330 126 32 Surveyor-
1157 3332 102 26 General

668 3374 46 16 was
726 3365 85 31 guided
821 3365 25 23 in
856 3364 39 25 his
907 3363 90 25 choices
1008 3365 32 31 by
1048 3364 39 25 the
1095 3372 62 18 same
1166 3367 52 24 rule
1232 3375 27 16 as

669 3398 65 25 other
745 3402 89 28 agents,
845 3398 56 29 viz.,
912 3398 40 23 the
963 3397 67 24 value
1042 3397 27 24 of
1079 3398 37 25 the
1128 3400 89 24 section
1229 3400 29 24 he

668 3440 47 16 was
722 3432 70 24 about
802 3436 24 20 to
837 3431 72 25 select
917 3439 6 17 :
941 3431 46 24 and
996 3431 61 25 what
1067 3431 75 25 better
1150 3433 115 25 standard-

670 3466 67 23 could
747 3465 29 24 he
788 3464 69 25 adopt
863 3465 12 24 ?
1186 3470 2 8 '

702 3499 53 24 The
765 3503 94 27 present
867 3497 121 32 Principal
999 3498 116 32 Surveyor
1121 3497 41 27 has
1175 3499 85 26 chosen

668 3533 74 24 under
752 3532 40 25 the
808 3531 78 26 advice
898 3531 26 24 of
941 3532 39 23 die
999 3532 159 25 Government
1171 3534 88 24 Native

670 3567 129 29 Protector,
809 3565 51 25 who
871 3565 44 24 has
932 3564 119 25 consulted
1069 3565 40 24 the
1125 3565 98 26 Natives
1234 3576 26 15 as

670 3604 24 20 to
710 3600 59 24 their
787 3598 132 33 preference
936 3598 28 25 of
977 3598 72 30 sites;
1069 3606 26 17 as
1105 3600 101 31 witness,
1221 3601 40 25 the

670 3633 64 31 large
744 3633 69 24 block
824 3632 72 25 above
906 3631 102 26 referred
1018 3636 23 20 to
1053 3636 25 20 at
1088 3632 137 27 Orewenua.

663 3673 2 25 ;
703 3666 68 24 With
788 3670 91 27 respect
896 3670 24 19 to
935 3666 40 24 the
991 3665 68 32 pah's
1070 3665 24 25 in
1109 3665 151 34 Wellington,

671 3707 33 17 we
715 3700 60 24 have
783 3707 70 17 never
862 3699 46 25 had
919 3699 43 25 but
973 3706 43 17 one
1030 3699 102 32 opinion,
1143 3701 75 24 which
1229 3702 31 29 is,

672 3732 50 25 that
748 3732 40 25 the
809 3740 84 17 sooner
914 3732 55 32 they
994 3739 39 18 are
1062 3732 133 26 abandoned
1222 3734 40 25 the

670 3766 84 30 better,
763 3767 46 23 and
818 3766 51 24 that
879 3767 20 23 it
908 3774 48 16 was
968 3765 119 33 expressly
1103 3767 112 25 intended
1229 3768 32 32 by

672 3798 40 25 the
720 3799 119 32 Company
853 3799 50 25 that
921 3799 54 33 they
987 3799 84 24 should
1081 3800 28 24 be
1121 3800 90 25 broken
1221 3809 41 24 up,

672 3831 31 32 by
713 3831 40 25 the
763 3833 86 23 Native
866 3833 141 24 inhabitants
1025 3833 71 31 being
1112 3833 78 25 mixed
1206 3835 57 24 with

673 3864 39 25 the
722 3865 68 24 white
801 3866 133 32 population
943 3866 33 32 by
986 3873 81 18 means
1075 3866 25 25 of
1107 3866 40 25 the
1156 3868 107 25 dissemi-

673 3899 79 24 nation
766 3899 26 23 of
806 3899 39 23 the
861 3899 86 24 Native
957 3899 125 26 Reserves.
1117 3900 75 25 What
1207 3902 21 24 is
1244 3902 20 24 it

674 3931 50 25 that
742 3936 146 28 perpetuates
910 3932 39 25 the
967 3932 44 25 vile
1035 3933 115 25 condition
1173 3934 26 24 df
1223 3935 41 24 Che

674 3965 97 25 Natives
786 3966 42 24 but
844 3965 39 25 the
895 3965 150 32 assemblage,
1050 3965 27 25 of
1093 3966 60 30 filth,
1165 3967 98 31 disease,

559 42 101 46 rfjc
682 42 120 42 *to
827 41 211 42 Zcatonfc
1064 41 193 47 asmtttt
1281 40 92 41 antr
1395 38 305 48 Wttmnqum
1725 34 254 52 Spectator

1284 129 45 23 and
1338 129 58 28 vice,
1409 128 24 24 in
1441 128 59 24 their
1508 128 116 24 wretched
1639 129 56 22 sties
1707 128 73 24 called
1794 128 59 30 pahs
1860 129 8 23 ?

1316 161 45 24 We
1371 161 47 24 had
1429 161 98 31 thought
1542 161 51 23 that
1607 161 39 24 the
1661 161 56 23 time
1733 160 45 25 had
1788 161 84 31 passed

1284 194 37 31 by,
1343 193 68 25 when
1429 202 32 16 an
1482 194 108 24 advocate
1613 194 25 24 of

1286 227 64 24 could
1361 227 29 23 be
1406 227 80 25 found.
1531 227 49 23 But
1601 227 22 23 if
1637 227 65 24 these
1719 226 98 31 reeking
1833 234 38 16 re-

1285 260 112 31 ceptacles
1420 260 27 23 of
1471 258 154 31 wai-aki-aM,
1648 260 157 31 superstition,
1827 260 45 23 and

1286 293 66 29 sloth,
1370 293 71 31 ought
1452 297 22 20 to
1486 293 58 24 have
1554 293 61 23 been
1632 293 141 24 maintained
1790 293 26 22 in
1832 293 40 23 the

1286 326 68 23 midst
1366 326 26 23 of
1406 334 14 15 a
1430 326 89 23 British
1537 326 149 30 community,
1704 325 53 31 why
1775 325 38 23 did
1831 331 41 17 not

1286 359 37 23 the
1332 359 74 23 locum
1416 361 76 21 tenens
1503 358 26 24 of
1543 359 40 23 the
1599 359 141 31 Company's
1755 358 117 32 Principal

1286 391 79 32 Agent
1387 395 24 20 at
1427 391 40 24 the
1485 392 55 23 time
1559 391 26 24 of
1606 392 38 24 the
1662 391 111 24 selection
1793 391 26 24 of
1833 391 39 24 the

1286 424 72 24 Town
1373 425 77 24 Acres
1467 423 57 25 then
1542 424 78 25 advise
1635 424 59 24 their
1712 425 159 23 reservation?

1288 457 101 24 Because
1404 457 31 24 he
1452 464 46 17 was
1516 461 38 20 too
1572 457 146 32 enlightened
1736 461 23 20 to
1779 457 93 24 counsel

1287 498 29 16 an
1335 491 54 29 evil,
1411 489 74 25 which
1501 489 30 25 he
1552 498 53 16 now
1627 491 35 23 for
1679 495 67 27 party
1762 498 110 24 purposes

1286 522 80 25 thinks
1376 531 84 24 proper
1470 527 23 20 to
1506 522 116 26 advocate.
1662 524 90 30 Verily,
1794 531 14 16 a
1818 524 54 23 wise

1287 557 44 23 and
1352 557 52 23 well
1422 557 120 23 concerted
1561 557 56 31 plan
1663 557 25 24 of
1708 557 119 30 attacking
1844 564 28 16 an

1286 589 125 24 individual
1418 597 52 23 may
1545 590 91 23 marred
1646 590 24 23 in
1683 590 38 24 the

1287 623 30 30 by
1328 622 39 24 the
1378 623 112 23 influence
1502 622 26 24 of
1542 623 149 32 intemperate
1702 623 47 24 and
1764 623 108 25 oblivious

1287 656 88 23 malice.

755 130 291 17 METEOROLOGICAL
1059 130 106 17 TABLE.

713 1771 68 22 AND
795 1771 214 23 WELLINGTON
1024 1772 188 23 SPECTATOR.

690 168 29 14 'or

749 168 15 14 te
772 168 46 14 weei

873 163 38 24 ling

951 167 45 14 mrsi

1002 162 38 25 lay,

1068 167 40 20 MS-

686 245 49 17 1842.

771 224 52 17 Time
829 224 21 16 or

761 245 94 16 'Observa-

787 266 44 16 tion.

884 234 56 16 Baro-

879 255 64 16 meter.

960 234 85 17 Thermo-

970 255 65 16 meter.

1073 224 59 40 |.ai

1172 243 62 18 Wind.

675 322 76 22 ?riday...

791 323 10 16 8

789 344 53 20 lp.m.

789 365 11 16 5

790 386 11 15 8

790 406 52 20 Ip.m.
854 419 4 2 .

789 427 11 15 5

790 447 11 16 8

790 468 54 20 lp.m.

790 489 10 15 s

790 509 11 16 8

791 530 53 20 lp.m.

791 551 10 16 5

791 572 10 16 8
831 586 2 5 ,

789 593 55 19 Ip.m.

790 614 10 15 5

791 634 10 16 8
833 632 3 5 '

790 655 55 20 lpm.

791 676 10 15 5

791 696 11 15 8

791 716 54 20 lp.m.

791 738 10 15 5

883 323 60 17 29.690

883 344 60 17 29.660

883 365 60 16 29.680

883 385 60 17 29.412

884 406 60 16 29.310

884 427 60 17 29.410

985 323 28 16 54.

985 343 28 17 57.

986 365 28 16 65.

987 386 27 17 59.

986 406 28 16 54.

986 427 28 16 54.

1153 323 52 18 N.W.

1153 344 52 17 n.w.

1153 364 52 17 N.W.

1153 384 52 18 N.W.

1154 406 40 16 S.E.

1154 426 41 17 S.E.

1155 447 40 17 S.E.

1155 468 40 17 S.E.

1154 488 41 16 S.E.

1155 509 51 16 N.W.

1155 528 93 21 Westerly.

1155 550 41 17 S.E.

1155 571 39 17 S.E.

1155 591 45 17 S.W.

1155 612 47 17 S.W.

1155 633 52 17 N.W.

1155 653 51 17 N.W.

1155 673 104 22 N.W.byW.

1155 695 52 16 N.W.

1155 716 52 16 N.W.

1155 735 52 18 N.W.

1073 344 58 17 None.

675 384 22 17 Ist

1084 406 37 17 0.03

675 445 76 21 Sunday..

1074 468 58 17 None.

675 508 76 20 tfonday.

675 570 76 21 Tuesday

675 631 37 17 WeA

884 510 60 17 29.510

885 531 60 17 29.480

885 552 60 16 29.480

885 573 59 16 29.840

885 593 59 16 29.910

884 610 60 20 2*9.960

884 635 60 15 30.000

884 655 60 16 29.950

884 676 60 16 29.920

884 696 60 17 29.910

884 716 60 17 29.870

883 737 60 17 29.810

987 511 28 16 48.

987 532 37 17 52..

988 552 27 16 53.

986 572 29 17 44.

986 593 29 17 47.

987 614 28 16 49.

987 635 28 16 46.

988 655 27 16 52.

988 675 27 17 52.

988 696 38 17 54.5

987 717 28 17 55.

986 738 28 16 56.

1085 530 38 17 0.15

1085 592 38 16 0.35

1074 654 59 17 None.

675 694 76 17 Churi...

1075 715 57 17 None.

679 797 74 22 Wday...

791 800 10 15 8

1001 779 127 17 REMARKS.

872 800 66 21 Strong
944 800 64 17 breeze
1015 800 37 17 and
1059 800 43 17 fine.

791 842 54 20 Ip.m.

914 841 35 18 80,
991 841 35 17 Do.
1069 841 33 17 Do.

791 883 10 16 6

873 883 92 17 Moderate
972 883 63 17 breeze
1044 882 36 17 and
1087 882 71 21 cloudy.

678 923 22 17 iat

791 925 11 16 8

873 925 51 17 Calm
930 925 37 16 and
974 924 71 21 cloudy.

791 967 54 20 Ip.m.

873 967 57 20 Slight
937 967 64 16 breeze
1008 965 37 18 and
1052 965 70 22 cloudy.

791 1009 11 15 S

914 1007 36 18 Do.
992 1007 36 18 Do.
1071 1007 34 18 Do.

678 1043 80 30 iunday..]

792 1049 11 17 6

873 1049 50 17 Calm
929 1049 37 17 and
972 1053 43 17 very
1022 1049 45 17 fine.

791 1091 54 21 Ip.m.

791 1132 11 16 5

914 1091 35 17 Do.
991 1090 35 18 Do.
1068 1090 34 18 Do.

914 1132 35 18 Do.
991 1132 37 18 Do.
1070 1132 34 18 Do.

684 1172 69 21 [onday.

791 1175 11 16 8

873 1174 65 21 Strong
944 1175 63 16 breeze
1014 1174 36 17 and
1058 1174 87 17 overcast.

791 1216 54 21 Ip.m.

916 1216 11 1 _

916 1216 35 18 Do.
993 1216 35 17 Do.
1073 1216 34 17 Do.

791 1259 10 15 s

915 1258 34 17 Do.
991 1257 35 18 Do.
1068 1257 44 17 with
1119 1257 48 18 rain.

681 1294 76 24 'uesdayl

791 1301 12 16 8

873 1300 65 20 Strong
944 1301 64 16 breeze
1014 1299 38 18 and
1060 1300 87 16 overcast.

792 1343 53 19 lp.m.

873 1342 95 16 Increased
975 1342 19 16 to
1001 1345 13 13 a
1019 1341 49 21 gale.

792 1384 10 16 S

873 1384 65 20 Strong
944 1384 64 16 breeze
1015 1383 37 17 and
1059 1383 42 19 fine,

687 1424 5 9 r
692 1424 22 17 ed

793 1426 10 15 8

867 1414 4 28 I
916 1424 33 18 Do.
992 1424 34 18 Do.
1069 1425 87 20 overcast,
1164 1425 34 17 but
1203 1425 43 17 fine.

792 1467 54 20 lp.m.

914 1466 35 18 Do.
992 1466 36 19 Do.
1071 1467 35 17 Do.

793 1509 10 16 6

873 1508 54 17 Wind
935 1513 49 12 more
991 1509 101 17 moderate.

681 1550 40 17 'hur
734 1561 19 6 ...

792 1551 11 15 8

873 1550 65 21 Strong
944 1551 64 16 breeze
1012 1550 37 17 and
1056 1550 71 22 cloudy.

915 1592 35 17 Do.
992 1591 37 18 Do.
1071 1592 36 18 Do.

792 1592 55 20 lp.m.

792 1635 10 14 s

915 1633 34 18 Do.
993 1633 33 18 Do.
1071 1635 85 20 overcast,
1166 1635 33 17 but
1207 1635 42 17 fine.
