2529 4039
1894 3905 73 17 Printed,
1978 3905 38 16 and
2028 3905 99 20 published
2143 3909 56 16 every
2215 3905 113 21 Weflnesday
2343 3905 37 16 and
2390 3905 83 18 Saturday

1912 3925 90 21 morning,
2014 3925 26 21 by
2058 3925 85 17 Samuel
2157 3927 89 18 Revaks,
2263 3927 19 15 at
2296 3927 33 16 the
2344 3925 54 17 Office
2413 3925 21 16 of
2444 3926 29 14 the

1912 3947 48 16 New
1973 3946 101 17 Zealand
2085 3946 93 17 Gazette
2188 3947 43 16 Airo
2242 3944 137 20 Wellington
2394 3946 79 16 Specta-

1911 3972 44 15 tor,
1966 3966 158 22 Manners-street,
2133 3968 115 21 Wellington,
2260 3968 43 18 Fort
2315 3967 105 20 Nicholson,
2432 3966 41 17 New

1912 3987 85 16 Zealand.

555 32 101 46 OTjt
678 32 120 42 Wrt»
823 32 212 41 Ztaimxb
1059 32 192 46 t&mttc
1275 33 85 40 attti
1386 32 303 46 WMUnqton
1713 28 254 50 £ptmtoi\

1898 120 222 26 WHOLESALE
2148 121 128 25 PRICES
2309 122 179 26 CURRENT.

1999 159 135 16 CORRECTED
2148 161 30 15 UP
2192 160 28 16 TO
2235 160 56 16 LAST
2307 160 82 16 NIGIIT.

2239 187 17 18 £
2278 192 16 13 8.
2319 188 19 16 d.
2393 187 17 18 £
2432 192 16 13 8.
2472 188 17 17 d.

1900 213 62 24 Alb:
1979 212 29 23 In
2016 212 80 28 bottle,
2103 221 40 21 per
2151 214 71 23 hhd..
2242 216 14 22 7
2283 217 15 21 0
2325 217 14 20 0
2356 223 22 14 ..-
2394 217 14 20 0
2435 218 14 20 0
2476 219 13 19 0

2075 248 40 20 per
2121 241 101 23 barrel..
2241 243 13 21 5
2282 244 14 20 0
2324 244 15 20 0
2356 256 20 7 ..
2393 244 15 20 0
2434 245 15 19 0
2475 245 14 20 0

2074 267 92 27 perdoz
2242 271 14 20 0
2270 271 27 21 13
2325 270 15 20 0
2356 283 19 7 ..
2393 271 15 20 0
2434 271 15 20 0
2475 272 14 20 0

1900 293 98 23 Arrack
2006 301 7 14 :
2028 292 44 23 Per
2079 294 45 26 gal.
2134 294 25 23 in
2169 294 61 23 bond
2243 298 14 20 0
2285 297 11 21 1
2326 297 14 20 9
2357 310 6 7 .
2369 310 7 7 .
2394 297 14 21 0
2435 298 14 20 2
2475 302 14 19 o

1898 320 94 23 Bread:
2006 320 45 22 Per
2060 320 45 23 21b.
2115 321 52 22 loaf
2180 335 46 8 ....
2244 324 14 20 0
2285 325 13 19 0
2326 323 14 21 7
2357 336 19 8 ».
2394 324 14 21 0
2435 325 14 19 0
2476 325 13 20 0

1899 347 73 23 Beef;
1987 346 80 28 Fresh,
2085 354 90 17 carcase
2190 355 41 21 per

2015 373 32 22 lb.
2241 377 13 20 0
2282 376 12 21 0
2310 377 28 21 10
2354 390 19 7 ..
2392 372 14 26 6
2433 377 15 21 0
2474 377 14 21 0

2007 399 55 28 Salt,
2072 407 41 22 per
2125 402 69 22 tierce
2208 411 22 12 ..'
2265 409 61 16 none
2356 409 19 14 .:
2394 405 15 20 0
2435 405 14 19 0
2477 405 12 19 0

2006 426 46 22 Do.
2061 433 42 20 per
2115 428 75 23 barrel
2207 442 18 7 ..
2264 436 60 15 none
2355 431 134 21 ..000

1898 453 106 24 Butter:
2020 452 67 28 Irish,
2097 453 79 29 perlb.
2207 469 20 8 ..
2263 463 62 15 none
2356 458 133 20 ..000

2020 480 71 22 Fresh
2244 484 14 21 0
2284 484 14 21 3
2326 484 14 20 3
2357 496 6 8 .
2369 496 8 8 .
2395 482 14 24 0
2435 485 15 19 0
2477 485 12 19 0

1898 506 110 24 6ranpy:
2023 506 61 23 First
2089 508 93 27 quality,
2190 515 40 21 per

2048 534 77 26 gallon
2133 534 26 22 in
2168 536 62 21 bond
2243 538 14 19 0
2284 536 14 23 7
2325 538 15 20 0
2357 550 19 7 ..
2394 538 14 20 0
2435 538 15 20 9
2477 538 12 20 0

1898 560 87 23 Brown
2004 560 89 22 Stout:
2116 568 41 20 per
2171 561 53 22 hhd.
2240 564 13 20 6
2268 564 27 21 10
2322 565 15 20 0
2354 578 19 6 ..
2394 564 14 22 7
2434 565 15 20 0
2475 565 14 19 0

1899 588 99 23 Cigars:
2010 586 104 28 Manilla,
2122 595 40 20 per
2168 589 60 27 1000,
2243 590 15 21 3
2285 591 13 20 0
2325 591 50 20 0..
2394 591 14 21 0
2435 591 14 20 0
2477 591 12 20 0

2006 613 99 22 Inferior
2243 617 12 20 1
2271 618 27 20 18
2324 618 15 20 0
2392 618 15 20 2
2434 618 15 20 0
2475 618 14 20 0

2006 640 137 28 Havannah,
2149 649 41 20 per
2197 642 30 21 lb.
2263 649 60 16 none
2355 644 134 21 ..000

2006 667 172 27 Cbinsurahper
2183 670 71 21 10001
2269 671 39 20 10.
2324 671 15 20 0
2355 684 20 7 ..
2392 672 15 20 0
2433 671 15 20 0
2474 672 14 19 0

2005 694 159 23 Alexandrian
2176 709 46 8 ....
2242 697 11 20 1
2269 698 27 20 10
2323 698 14 20 0
2354 710 20 7 ..
2391 699 15 19 0
2433 698 14 20 0
2474 698 14 20 0

1898 722 87 23 Coffee
1992 729 5 14 :
2008 721 66 28 Java,
2084 729 41 24 per
2132 722 24 22 lb
2242 724 13 20 0
2282 725 14 20 0
2311 724 27 21 10
2355 738 6 6 .
2368 738 5 6 .
2392 725 14 20 0
2434 725 11 20 1
2475 724 13 21 3

1898 749 90 23 Cheese
1994 756 6 14 :
2016 748 108 23 Cheshire
2149 752 107 19 ......0
2283 752 11 19 1
2323 751 83 21 6..0
2434 752 14 20 0
2475 752 14 19 0

2014 775 57 22 Pine
2080 775 75 29 Apple
2177 778 79 20 ....0
2283 778 13 20 0
2324 778 82 21 O;.O
2434 778 11 20 1
2474 778 14 20 2

2014 802 79 22 Dutch
2242 805 14 20 0
2283 805 13 21 0
2324 805 51 20 0..
2413 810 61 16 none

1898 829 105 23 Candles
2011 836 5 14 :
2023 828 96 27 English
2124 837 58 20 wax,
2188 837 42 20 per

2041 854 25 22 lb
2177 859 46 19 :...
2242 859 13 20 0
2282 859 14 21 3
2323 859 15 20 0
2355 872 19 7 ..
2393 860 14 20 0
2434 859 14 20 0
2475 859 14 20 0

2027 881 83 23 Mould
2241 885 13 20 0
2282 885 11 21 1
2322 885 15 21 3
2354 898 19 7 ..
2391 886 15 21 0
2434 886 14 20 0
2474 887 14 19 0

2028 908 58 28 Dips
2176 915 45 16 ;...
2240 913 14 19 o
2281 913 12 20 1
2321 912 15 20 0
2353 917 19 15 .;
2390 913 15 20 0
2433 913 14 19 0
2474 914 14 19 0

1898 936 92 23 Flour:
1999 935 133 27 lstquality,
2143 939 40 24 per
2187 939 40 20 ton

2020 963 27 20 of
2056 964 57 21 2000
2121 962 34 23 lbs
2225 965 28 21 28
2281 966 13 20 0
2322 959 14 26 6
2353 966 53 21 ..30
2432 967 14 19 0
2473 967 14 20 0

1995 988 49 23 2nd
2053 989 57 22 ditto
2242 992 14 20 0
2282 993 14 19 0
2323 992 14 20 0
2354 993 52 21 ..20
2434 993 13 20 0
2474 995 14 19 0

1898 1017 60 22 Gin:
1978 1016 55 22 Pale
2049 1023 25 14 in
2084 1016 61 23 bond
2241 1019 13 20 0
2281 1019 14 21 3
2322 1019 15 20 0
2354 1032 19 7 ..
2390 1021 15 19 0
2432 1019 14 21 4
2473 1017 13 23 6

1946 1044 63 26 Case,
2018 1044 15 21 4
2039 1043 37 26 gal
2084 1044 38 21 4-s
2130 1044 25 22 in
2164 1044 61 22 bond
2241 1046 13 20 0
2281 1046 14 21 0
2322 1046 14 20 0
2354 1059 18 7 ..
2392 1047 11 21 1
2432 1047 14 20 8
2474 1049 13 19 0

1898 1070 81 23 Hams:
1994 1070 132 28 Yorkshire,
2140 1070 85 28 perlb.
2242 1073 13 20 0
2282 1073 14 21 0
2323 1073 15 20 0
2355 1079 18 14 ;.
2392 1075 14 19 0
2434 1075 13 19 0
2475 1075 13 20 0

1896 1097 116 23 Mustard
2019 1105 6 14 :
2040 1096 44 23 Per
2093 1097 72 23 dozen
2178 1112 45 7 ....
2242 1099 54 21 018
2324 1100 14 20 0
2355 1113 6 7 .
2368 1114 6 6 .
2392 1102 15 20 0
2435 1101 54 20 00

1897 1124 114 23 Mutton:
2034 1124 93 22 Carcase
2137 1132 41 20 per
2186 1125 24 22 lb
2220 1141 6 6 .
2241 1127 14 21 0
2282 1127 14 21 0
2323 1127 14 20 9
2355 1140 18 7 ..
2392 1129 14 19 0
2434 1128 14 20 0
2462 1129 25 19 11

1896 1151 124 23 Muskets:
2035 1150 94 23 Walnut
2135 1152 93 22 stocked
2242 1154 14 20 0
2283 1155 13 19 0
2323 1155 15 19 0
2354 1167 19 8 ..
2392 1155 14 21 0
2421 1155 25 20 15
2475 1156 14 19 0

1896 1178 79 22 Milk;
1990 1177 45 22 Per
2040 1178 51 26 pint
2241 1181 13 19 0
2282 1181 14 19 0
2322 1181 14 19 3
2354 1194 19 6 ..
2392 1182 14 20 0
2434 1182 12 19 0
2473 1182 15 20 4

1897 1205 44 22 Oil
1947 1213 6 13 :
1968 1204 106 25 Linseed,
2083 1211 41 21 per
2132 1205 79 27 gallon
2220 1207 34 20 .0
2281 1207 13 19 5
2323 1207 14 20 0
2354 1221 6 6 .
2367 1220 6 7 .
2392 1209 14 19 0
2434 1206 13 22 7
2475 1210 13 18 0

1970 1230 286 29 Black,incask,pertonl7
2270 1233 28 21 10
2324 1234 15 20 0
2356 1247 19 7 ..
2392 1235 14 20 0
2434 1235 14 21 0
2474 1237 14 19 0

2007 1258 80 26 Sperm
2225 1259 26 22 75
2280 1261 12 19 0
2321 1261 13 19 0
2352 1274 19 7 ..
2389 1262 13 19 0
2432 1262 12 19 0
2472 1263 13 18 0

1897 1284 76 23 Pork:
1988 1284 79 28 Fresh,
2084 1291 90 17 carcase
2188 1293 40 20 per

2013 1311 24 22 lb
2240 1314 14 20 0
2281 1315 13 20 0
2322 1312 13 22 5
2354 1328 18 7 ..
2390 1317 14 20 0
2432 1317 14 19 0
2472 1317 14 21 0

1896 1338 78 22 Pork:
1989 1338 67 26 Irish,
2067 1345 41 20 per
2115 1338 75 23 barrel
2203 1341 51 21 ..0
2281 1342 13 20 0
2322 1343 14 19 0
2354 1355 19 7 ..
2404 1348 61 16 none

1886 1377 2 13 :
1896 1366 131 22 Potatoes:
2047 1365 59 22 New
2118 1366 109 28 Zealand,

2072 1399 42 20 per
2121 1396 40 18 ton
2172 1407 48 7 ....
2238 1393 15 22 5
2280 1396 14 20 0
2322 1396 14 20 0
2353 1409 5 7 .
2366 1409 5 7 .
2390 1398 14 20 0
2432 1398 13 20 0
2472 1399 14 19 0

1896 1419 94 23 Porter
1998 1426 6 14 :
2033 1418 103 29 Dunbar,
2147 1421 25 21 in
2180 1420 45 22 bot.

2063 1447 92 26 perdoz
2239 1449 14 20 0
2268 1449 26 21 13
2322 1450 13 20 0
2353 1463 18 7 ..
2390 1453 14 19 0
2432 1452 14 20 0
2472 1452 14 20 0

2003 1472 88 28 Bryant
2101 1473 44 22 and
2154 1474 71 22 Davis
2239 1476 14 20 0
2279 1477 15 21 0
2321 1477 14 20 0
2352 1490 6 6 .
2366 1491 5 6 .
2390 1479 14 19 0
2431 1479 14 20 0
2472 1479 14 20 0

1895 1499 99 23 Pickles
2004 1507 5 15 :
2041 1500 117 27 Assorted,
2188 1508 40 20 per

1886 1526 2 11 1
2069 1526 65 28 doz.,,
2150 1531 77 24 quarts
2242 1529 11 21 1
2284 1530 10 21 1
2324 1531 14 20 0
2355 1544 18 7 ..
2392 1533 14 20 0
2434 1533 13 20 0
2474 1532 14 20 0

1896 1554 73 22 Pitch
1981 1560 6 14 :
2019 1553 139 28 Stockholm,
2187 1562 41 19 per

2045 1580 74 22 barrel
2241 1584 15 20 0
2282 1585 14 20 0
2324 1585 13 20 0
2354 1598 19 7 ..
2392 1587 11 19 1
2421 1586 27 21 10
2475 1587 14 20 0

1896 1607 80 23 Plank
1984 1614 6 15 :
2018 1607 54 22 Port
2094 1607 132 30 Nicholson,

2045 1641 40 20 per
2094 1636 40 21 100
2143 1635 48 22 feet
2204 1639 90 20 ..00
2322 1639 14 20 0
2353 1652 6 6 .
2366 1653 6 6 .
2391 1640 11 20 1
2432 1641 11 19 1
2472 1642 14 19 0

1895 1661 71 23 Rice:
1979 1661 110 22 Common
2098 1669 41 20 per
2145 1665 49 19 cwt.
2205 1677 18 7 ..
2242 1666 14 20 0
2283 1667 13 19 0
2324 1667 49 19 0..
2392 1668 14 19 0
2433 1668 13 19 0
2474 1669 13 18 0

1978 1688 67 22 Good
2066 1692 53 18 ...';'
2241 1692 11 20 1
2279 1693 15 21 6
2322 1693 14 20 0
2352 1707 20 7 ..
2390 1694 12 21 1
2432 1694 12 20 8
2472 1697 14 18 O

1895 1715 55 23 Rum
1958 1723 5 15 :
1980 1715 24 23 P.
2015 1716 27 22 B.
2054 1715 33 27 P.,
2102 1723 40 20 per
2150 1717 77 26 gallon

2016 1743 25 21 in
2055 1742 62 22 bond
2239 1745 14 21 0
2280 1747 14 20 4
2322 1746 82 22 0..0
2431 1748 13 20 5
2472 1749 14 20 0

1896 1769 88 24 Sugar!
2000 1769 121 23 Mauritius
2129 1777 43 20 per
2178 1774 49 19 cwt.
2242 1774 13 19 0
2283 1774 13 20 0
2324 1774 50 20 0..
2406 1781 59 15 none

2003 1797 83 21 Brown
2101 1797 54 22 ditto
2173 1801 120 20 ....114
2321 1802 81 20 0..2
2431 1804 13 19 0
2472 1804 12 18 0

2003 1823 99 23 Refined
2116 1824 54 28 loaf,
2187 1832 40 20 per

2029 1851 24 21 lb
2241 1855 13 19 0
2281 1855 14 20 0
2324 1855 13 20 9
2354 1868 18 7 ..
2391 1856 14 20 0
2432 1856 14 20 0
2473 1857 14 20 0

2004 1877 98 23 Manilla
2120 1885 40 21 per
2174 1882 47 18 cwt.
2237 1882 14 19 0
2278 1882 15 20 0
2321 1883 13 19 0
2352 1895 6 6 .
2364 1895 7 6 .
2390 1881 66 23 None

1895 1905 59 22 Salt
1962 1913 5 13 :
1983 1904 128 29 Liverpool,
2121 1912 41 20 per
2171 1908 40 20 ton
2218 1908 35 20 .3
2280 1909 14 20 0
2321 1909 14 20 0
2353 1922 6 7 .
2365 1922 7 6 .
2390 1910 14 20 4
2431 1912 13 19 0
2472 1911 13 19 0

1895 1932 58 23 Soav
1963 1940 5 14 :
1995 1931 105 23 Hawes's
2121 1932 104 29 London,

2021 1966 40 19 per
2068 1962 40 19 ton
2224 1961 27 21 35
2279 1962 15 21 0
2322 1963 14 20 0
2353 1976 19 7 ..
2391 1963 13 19 0
2433 1965 13 20 0
2474 1966 13 19 0

2011 1986 121 27 Liverpool
2224 1989 28 20 26
2279 1990 14 19 0
2321 1990 13 20 0
2351 2003 19 7 ..
2388 1992 14 19 0
2430 1991 12 19 0
2471 1992 14 19 0

1894 2013 90 20 Starch
1992 2019 5 13 :
2013 2013 44 19 Per
2065 2012 23 20 lb
2239 2016 14 19 0
2280 2017 14 18 O
2321 2016 14 19 9
2352 2029 7 6 .
2364 2029 7 6 .
2390 2018 14 19 0
2432 2020 13 18 0
2472 2020 14 19 0

1894 2038 143 22 Scantling:
2053 2037 43 22 Per
2103 2039 40 21 100
2151 2039 69 21 feet..
2239 2042 14 20 0
2280 2042 14 20 0
2322 2042 13 20 0
2352 2055 19 7 ..
2391 2044 11 20 1
2432 2046 13 19 0
2472 2046 13 19 0

1894 2065 126 22 Shingles:
2037 2064 43 22 Per
2087 2066 61 26 1000,
2157 2065 30 22 N.
2196 2066 26 22 Z.
2238 2068 11 20 1
2280 2069 11 20 1
2321 2070 13 19 0
2352 2082 19 6 ..
2390 2071 11 19 1
2430 2072 13 19 5
2471 2073 13 19 0

2023 2091 71 28 Ditto,
2117 2091 28 23 V.
2155 2093 31 21 D.
2197 2093 26 22 L.
2236 2095 15 19 2
2279 2096 14 19 0
2321 2096 13 20 0
2352 2110 5 5 .
2364 2109 6 6 .
2389 2098 14 20 0
2430 2099 14 20 0
2471 2102 13 18 0

1893 2119 62 23 Tar:
1971 2119 55 22 Coal
2239 2122 10 20 1
2279 2122 13 20 5
2321 2124 14 19 0
2353 2137 18 6 ..
2390 2126 14 19 0
2432 2127 14 19 0
2472 2128 13 18 0

1974 2145 133 23 Stockholm
2241 2150 10 19 1
2268 2150 27 20 10
2322 2151 14 19 0
2354 2163 17 7 ..
2390 2152 14 20 0
2432 2154 13 19 0
2472 2154 14 19 0

1893 2173 61 22 Tea:
1964 2173 82 27 Hyson
2051 2172 56 27 skin,
2113 2180 39 20 per
2162 2173 64 22 chest
2239 2175 14 22 7
2280 2176 14 21 7
2321 2177 13 20 0
2352 2178 52 21 ..10
2431 2180 13 20 0
2472 2182 12 18 0

1967 2200 95 27 Congou
2227 2202 26 22 12
2280 2204 14 21 0
2321 2204 49 20 0..
2389 2206 13 20 0
2430 2208 14 19 0
2470 2209 13 19 0

1892 2228 105 22 Tobacco
2006 2234 5 15 :
2025 2226 144 29 Negrohead,
2185 2235 42 20 per

2051 2253 31 22 lb.
2096 2254 25 22 in
2135 2254 62 23 bond
2237 2257 14 20 0
2279 2258 9 21 ]
2320 2258 49 20 0..
2388 2260 14 20 0
2430 2261 12 20 0
2470 2262 14 19 0

1892 2281 164 23 Turi»e»tine:
2072 2281 43 21 Per
2119 2281 101 27 gallon..
2238 2285 14 20 0
2279 2286 14 19 8
2321 2286 13 19 0
2351 2299 19 6 ..
2390 2288 13 19 0
2430 2289 14 19 0
2470 2290 13 18 0

1892 2309 162 22 Whalebone:
2072 2307 43 22 Per
2123 2312 96 18 t0n....
2225 2310 26 21 85
2279 2313 14 20 0
2320 2312 14 20 0
2351 2314 51 20 ..90
2430 2316 12 19 0
2470 2316 12 19 0

1892 2335 81 24 Wine:
1989 2335 90 28 Sherry,
2089 2342 41 21 per
2137 2336 53 27 pipe
2200 2338 51 21 ..28
2277 2340 15 19 0
2320 2340 13 19 0
2350 2341 52 20 ..40
2429 2342 13 20 0
2469 2343 13 20 0

1999 2363 74 26 Ditto,
2087 2369 42 20 per
2142 2363 80 22 dozen.
2237 2366 12 20 1
2277 2367 16 19 4
2319 2366 14 20 0
2350 2380 19 6 ..
2387 2368 14 19 2
2429 2369 13 20 0
2470 2371 12 18 0

2000 2389 62 27 Port,
2072 2396 42 20 per
2122 2389 51 28 pipe
2197 2392 52 21 ..28
2276 2394 15 20 0
2317 2394 14 19 0
2349 2394 52 21 ..60
2428 2396 13 20 0
2468 2397 13 19 0

2070 2418 99 26 perdoz.
2199 2420 49 20 ..1
2276 2421 14 20 8
2317 2421 15 20 0
2349 2434 19 6 ..
2385 2422 15 20 2
2428 2423 13 20 8
2468 2424 13 19 0

2000 2443 151 28 Champagne,
2167 2444 55 22 ditto
2235 2447 15 20 2
2276 2446 14 21 5
2318 2448 14 20 0
2349 2461 6 6 .
2362 2461 6 6 .
2386 2449 14 20 3
2415 2449 26 21 10
2468 2451 13 19 0

1891 2471 121 23 Poultry:
2028 2470 81 28 Fowls,
2115 2478 41 20 per
2162 2472 61 27 pair.
2237 2475 15 20 0
2279 2474 14 21 8
2321 2476 13 19 0
2351 2488 19 7 ..
2389 2477 13 19 0
2417 2477 25 19 16
2470 2479 13 18 0

2027 2498 87 27 Ducks,
2124 2498 57 23 ditto
2201 2513 6 6 .
2214 2514 6 6 .
2237 2502 56 20 016
2319 2502 15 20 0
2351 2516 6 6 .
2364 2516 6 6 .
2388 2503 14 20 0
2430 2504 12 20 0
2470 2505 13 19 0

2028 2524 81 28 Geese,
2121 2526 56 21 each
2199 2540 7 7 .
2213 2540 6 7 .
2237 2528 12 21 1
2277 2530 14 19 0
2318 2529 14 20 0
2349 2542 6 7 .
2362 2542 7 7 .
2387 2531 14 19 0
2428 2531 13 20 0
2469 2532 13 19 0

2026 2551 110 29 Turkeys,
2148 2552 57 23 each
2239 2555 11 21 1
2279 2556 14 21 0
2320 2556 13 21 0
2350 2569 20 7 ..
2389 2557 13 20 0
2430 2559 13 19 0
2470 2559 12 19 0

2027 2578 104 29 Pigeons,
2142 2580 79 28 (wild,)

2053 2613 41 19 per
2103 2607 48 27 pair
2172 2610 79 19 ....0
2277 2610 14 20 0
2319 2610 83 22 0..0
2427 2611 14 21 2
2470 2613 12 18 0

2025 2632 87 27 Ducks,
2120 2633 36 22 do.
2166 2634 54 22 do..
2237 2637 14 20 0
2278 2636 13 20 5
2319 2637 14 20 0
2351 2650 18 7 ..
2388 2639 14 19 0
2429 2640 14 19 0
2470 2640 14 18 0

1889 2661 75 22 Eggs:
1980 2660 45 23 Per
2034 2658 73 24 dozen
2117 2666 103 16 ...„...:
2237 2663 15 20 0
2278 2663 14 21 3
2319 2664 15 20 0
2350 2677 19 7 ..
2388 2666 14 19 0
2430 2667 13 19 0
2471 2667 13 19 0

1889 2714 78 23 Cows:
1981 2713 73 23 Milch
2222 2717 29 20 20
2277 2717 14 21 0
2318 2718 14 20 0
2349 2719 52 21 ..30
2428 2721 14 19 0
2470 2721 12 19 0

1889 2742 97 22 Mares:
2001 2740 76 23 Brood
2190 2743 59 25 .50
2276 2745 14 20 0
2316 2745 15 21 0
2348 2745 53 21 ..90
2428 2747 13 20 0
2469 2749 13 19 0

1889 2769 117 22 Working
2023 2768 134 22 Bullocks:
2180 2768 43 23 Per

1916 2796 50 28 pair
2173 2797 80 21 ....40
2279 2798 14 21 0
2319 2799 15 20 0
2350 2800 53 20 ..60
2430 2801 14 20 0
2471 2801 13 20 0

1891 2822 63 23 Hire
1966 2829 26 15 of
2002 2829 70 15 ditto
2079 2829 5 14 :
2100 2822 43 22 Per
2150 2823 52 28 day,
2211 2831 14 15 a

1918 2853 60 19 team
1987 2849 47 22 and
2040 2848 75 23 driver
2238 2852 12 20 1
2279 2853 14 20 0
2319 2853 83 21 0..2
2430 2855 13 21 0
2470 2855 13 20 0

1891 2877 87 22 Sheep:
1994 2876 64 22 Each
2237 2879 11 21 1
2277 2880 14 20 0
2318 2880 14 20 0
2349 2892 19 8 ..
2388 2881 11 20 1
2428 2882 14 20 8
2469 2883 12 19 0

1890 2904 63 22 Boat
1964 2903 75 23 Hire:
2053 2903 45 22 Per
2103 2904 50 33 day,
2159 2904 65 22 with-

2082 2934 42 19 out
2131 2931 90 22 hands'.
2235 2933 14 21 0
2264 2933 27 21 10
2317 2934 16 21 0
2347 2939 22 15 '.-.
2388 2935 54 21 10
2469 2937 13 19 0

1891 2985 98 23 Wages:
2016 2984 143 29 Mechanics,
2184 2993 41 20 per

2044 3011 64 23 week
2236 3014 15 20 2
2278 3015 15 20 0
2319 3015 14 21 0
2350 3016 51 20 ..3
2429 3018 14 20 0
2469 3017 12 20 0

2027 3038 127 24 Labourers
2171 3053 48 7 ....
2237 3041 11 21 1
2265 3042 27 20 10
2318 3043 15 20 0
2350 3055 19 7 ..
2388 3043 11 21 1
2415 3044 27 20 16
2468 3044 13 20 0

2118 3067 132 23 'DUTIES.

1891 3094 99 22 British
2000 3093 93 23 Spirits
2100 3102 55 14 ....'.
2162 3102 21 14 v.
2190 3108 102 8 ........
2308 3097 33 21 4s.
2347 3102 45 21 -per
2399 3097 82 27 gallon.

1891 3121 106 23 Foreign
2007 3121 58 21 ditto
2307 3124 33 20 ss.
2350 3130 40 20 per
2398 3124 83 27 gallon.

1890 3148 105 23 Tobacco
2004 3147 180 30 manufactured,
2190 3160 7 9 <
2284 3152 57 19 .Is.
2349 3156 41 21 per
2398 3152 32 22 lb.
2434 3149 11 9 v

2003 3175 219 23 Unmanufactured.
2228 3190 62 8 .....
2306 3175 37 23 9d.
2353 3184 42 20 per
2402 3177 32 24 lb.

1891 3203 75 22 Snuff
2162 3212 48 13 .v..
2218 3210 73 15 .;....
2307 3205 33 20 2s.
2348 3204 81 27 perlb.

1891 3229 87 23 Cigars
1999 3236 64 16 »....'
2164 3239 54 17 •••.•'
2282 3243 15 10 «.
2308 3232 33 20 2s.
2350 3238 42 20 per
2399 3231 32 23 lb.

1889 3256 84 23 Wines
2300 3258 26 21 15
2339 3264 41 21 per
2388 3261 58 20 cent.

1889 3283 57 28 Tea,
1959 3285 88 26 Sugar,
2063 3284 89 27 Flour,
2168 3284 99 27 Whsiat,
2274 3286 12 21 1
2317 3285 3 4 '
2327 3300 3 4 •
2352 3299 2 8 ,

1886 3319 2 4 •
1908 3311 45 22 and
1962 3310 65 23 other
2038 3311 88 27 Grain,
2136 3312 14 21 5
2159 3318 41 20 per
2209 3314 58 19 cent.
2279 3306 7 27 I
2327 3325 12 11 j
2379 3326 8 12 *
2390 3309 4 12 :
2410 3326 3 4 •

1889 3337 41 23 All
1938 3338 64 23 other
2011 3338 108 22 Foreign
2124 3339 150 27 productions-
2277 3339 16 33 f
2310 3329 147 22 ad-valorem,

1903 3365 45 22 and
1952 3365 169 23 manufactures
2129 3366 26 21 10
2160 3372 41 20 per
2209 3368 56 22 cent,
2277 3359 10 27 I

2093 3392 188 24 exchange;
2324 3409 4 3 .

1890 3432 68 23 Bank
1966 3432 51 23 bills
2028 3439 29 16 on
2067 3432 95 23 London
2195 3419 18 43 j3o^j
2219 3420 86 42 3o^^
2306 3429 11 15 3
2332 3422 66 28 «gK
2415 3425 15 20 2
2442 3431 38 21 per

2201 3451 13 22 I
2251 3452 60 19 Cent,
2321 3457 118 20 premium.

1891 3472 37 23 On
1934 3474 100 27 Sydney.
2312 3476 75 23 Ditto.

1890 3500 89 23 Private
1988 3500 52 22 bills
2289 3503 115 25 Nominal.

1911 3565 39 16 The
1959 3565 50 16 New
2019 3563 100 17 Zealand
2130 3565 94 17 Gazette
2229 3566 38 18 and
2277 3567 136 17 ■Wellinc.ton
2425 3568 56 17 Spec-

1889 3589 65 13 tator
1958 3586 16 15 is
1981 3584 99 22 published
2086 3589 54 17 every
2271 3589 37 16 and
2318 3589 95 21 Saturday.
2435 3589 44 16 Sub-

1887 3606 63 21 joined
1955 3610 32 13 are
1993 3605 32 17 the
2031 3607 58 15 terms
2092 3611 5 11 :
2098 3614 23 5 —

1911 3627 63 17 Price
1981 3630 25 13 os
2011 3631 43 12 the
2060 3627 76 18 Paper.
2137 3636 21 4 —
2158 3628 58 21 Forty
2220 3629 85 21 shillings
2310 3634 33 18 per
2351 3634 77 16 annum,
2439 3633 42 18 pay-

1891 3648 40 18 able
1936 3648 20 16 in
1962 3648 82 17 advance
2048 3652 5 15 ;
2064 3652 21 12 or
2091 3652 35 14 one
2132 3649 80 21 shilling-
2215 3650 28 17 fdr
2249 3651 59 21 single
2313 3652 93 16 numbers.

1911 3669 157 17 Advertisements
2075 3669 39 17 will
2119 3671 33 15 not
2157 3675 68 17 appear
2234 3671 21 17 in
2265 3672 32 16 the
2306 3673 80 20 ensuing
2395 3673 77 15 nuraber
2473 3680 6 12 t

1890 3690 17 17 if
1915 3690 83 17 received
2003 3690 48 17 later
2057 3689 46 18 than
2115 3692 19 15 10
2141 3690 75 22 o'clock,
2224 3697 48 16 a.m.,
2279 3698 24 12 on
2348 3693 91 21 mornings
2447 3693 29 16 be-

1889 3713 39 15 fore
1941 3711 119 21 publication.
2075 3711 165 19 -'Advertisements
2253 3714 40 16 will
2301 3714 23 17 be
2334 3714 99 17 continued
2439 3713 35 17 and

1890 3732 78 21 charged
1977 3732 50 17 until
2035 3733 169 21 counter-ordered;
2216 3735 45 16 such
2268 3735 52 17 order
2326 3736 51 16 must
2381 3735 23 17 be
2411 3735 40 17 sent
2458 3735 17 15 to

1890 3754 32 16 the
1932 3754 54 16 Office
1997 3754 37 16 two
2053 3753 44 21 days
2116 3754 61 18 before
2187 3756 118 20 publication,
2316 3756 38 17 and
2363 3757 51 15 must
2422 3756 23 16 be
2454 3755 20 16 in

1891 3774 78 21 writing.
1992 3773 159 19 Advertisements
2163 3777 84 16 received
2264 3777 52 21 after
2333 3777 22 17 10
2370 3776 67 17 o'clock
2451 3779 23 12 on

1891 3795 83 21 Tuesday
1986 3795 37 17 and
2034 3795 67 22 Friday
2111 3797 95 21 mornings
2216 3797 38 18 will
2264 3798 22 17 be
2297 3797 78 21 charged
2385 3797 51 17 twice
2441 3796 34 16 the

1891 3816 54 17 usual
1949 3817 54 16 rates.

1912 3837 30 16 All
1948 3838 66 18 orders,
2026 3836 160 23 advertisements,
2196 3839 37 16 and
2243 3838 163 17 communications
2417 3840 19 15 to
2447 3838 30 15 the

1891 3858 68 20 Editor,
1966 3862 31 13 are
2003 3859 98 20 requested
2107 3860 19 16 to
2133 3860 22 16 be
2161 3859 99 18 addressed
2265 3860 19 16 to
2291 3860 37 16 this
2334 3860 62 16 Office.

1370 119 175 22 Dissolution
1559 120 32 21 of
1601 120 187 26 Partnership.

1289 153 150 49 NOTICE.
1440 164 28 5 —
1468 153 49 22 The
1526 153 101 23 business
1635 153 99 22 hitherto
1746 153 86 22 carried
1841 161 30 15 on

1364 179 74 23 under
1447 180 38 22 the
1499 180 51 22 firm
1566 180 25 22 of
1607 179 54 28 Hay
1677 179 46 23 and
1736 179 136 29 Machattie,

1289 205 123 23 Merchants
1423 207 43 22 and
1476 207 145 21 Commission
1630 207 97 26 Agents,
1744 207 20 21 is
1772 206 44 22 this
1826 207 45 28 day

1290 231 104 23 dissolved
1402 233 33 28 by
1451 234 85 22 mutual
1552 237 101 24 consent,
1667 233 53 23 .and
1733 233 31 23 all
1777 240 94 21 persons

1289 258 101 23 indebted
1398 263 24 19 to
1432 261 55 26 Hay
1496 260 45 22 and
1550 260 133 26 Machattie,
1701 267 37 16 are
1752 261 119 26 requested

1289 288 22 19 to
1319 293 40 20 pay
1365 285 39 23 the
1413 294 62 16 same
1485 290 24 19 to
1519 287 45 22 Mr.
1574 287 26 23 T.
1618 287 35 22 M.
1672 287 130 27 Machattie,
1819 287 51 23 who

1289 312 41 22 will
1338 312 117 29 discharge
1464 313 32 23 all
1506 314 77 23 claims
1592 314 90 28 against
1691 313 38 23 the
1740 313 48 23 said
1797 313 59 23 firm.

1607 347 38 22 W.
1655 348 64 23 Hat.

1607 383 27 22 T*
1646 383 35 22 M.
1691 383 151 22 Machattib.

1313 406 92 24 Witness^
1405 418 28 5 —
1434 407 77 23 James
1519 409 80 22 Smith.

1313 433 70 23 Dated
1392 437 24 19 at
1425 435 145 28 Wellington,
1581 437 91 26 August
1680 438 19 26 9,
1713 438 54 21 1842

1366 480 175 21 Dissolution
1556 481 31 22 of
1597 482 186 27 Partnership.

1288 511 86 37 rpHE
1388 513 148 23 BUSINESS
1550 514 99 23 hitherto
1659 516 91 23 carried,
1759 523 31 15 on
1798 515 74 24 under

1295 543 29 18 J.
1357 539 37 23 the
1404 540 52 22 firm
1468 540 27 21 of
1500 540 90 28 Wright
1600 541 48 23 and
1656 543 89 26 Clarke,
1760 543 112 22 Licensed

1288 565 135 29 Victuallers,
1434 567 142 27 Wellington,
1583 568 19 23 is
1613 569 45 22 thi3
1667 569 45 28 day
1722 569 111 23 dissolved
1839 571 33 27 by

1287 593 79 21 mutual
1376 597 99 19 consent.
1536 613 3 6 ,
1605 616 6 4 .
1649 614 2 6 ,
1686 616 3 3 .

1292 638 4 5 ,
1313 619 33 23 All
1380 628 91 20 persons
1504 621 108 24 indebted
1647 625 23 19 to
1705 623 88 28 Wright
1825 624 45 22 and

1287 645 74 23 Clarke
1385 654 38 15 are
1446 648 126 27 requested'
1586 652 23 18 to
1631 656 46 21 pay
1702 649 38 22 the
1761 658 61 15 same
1846 655 23 18 to

1287 673 84 23 Messrs.
1387 673 72 23 Waitt
1472 674 45 22 and
1529 675 77 28 Tyser,
1625 676 141 28 Merchants,
1786 677 26 22 of
1825 677 45 22 this

1286 700 57 27 place
1348 708 7 19 ;
1371 701 46 22 and
1426 701 32 22 all
1471 701 77 23 claims
1558 704 90 26 against
1660 703 38 22 the
1708 706 70 20 estate
1788 712 37 13 are
1834 712 36 14 re-

1287 727 86 27 quested
1391 731 23 19 to
1430 728 28 22 be
1476 728 91 23 handed
1585 732 29 20 to>
1626 730 93 23 Messrs.
1739 730 71 23 Waitt
1824 731 46 22 and

1286 754 63 27 Tyser
1356 755 34 22 for
1399 755 143 28 liquidation:

1560 786 9 10 '■'
1602 783 113 22 William
1729 783 110 29 Wright*

1602 809 100 24 George
1715 811 102 22 Clarke.

1313 835 98 28 Witness,
1423 836 76 22 Moses
1508 836 66 22 Yule.

1285 868 70 23 Dated
1369 872 24 20 at
1402 870 144 28 Wellington,
1557 870 39 22 the
1612 870 51 23 15th
1680 870 45 29 day
1733 872 27 22 of
1771 872 98 28 August,-

1543 899 61 21 1842.

1285 941 178 49 WANTED,
1480 950 14 14 a
1509 943 77 27 steady
1600 943 155 28 middle-aged
1771 944 98 23 Woman

1376 976 23 14 as
1408 972 91 20 servant
1508 970 25 22 of
1539 970 103 22 all-work
1651 971 23 21 in
1684 978 14 14 a
1706 971 65 22 small
1780 972 87 27 family.

1285 994 69 29 Apply
1364 998 22 19 to
1395 997 67 27 A.8.,
1472 1000 26 18 at
1506 997 37 22 the
1555 999 88 20 Gazette
1653 998 79 23 Office.

1313 1027 81 27 August
1402 1030 22 26 4,
1435 1030 62 21 1842.

1428 1075 39 20 To
1483 1075 34 21 be
1531 1076 51 20 Let
1596 1082 30 14 or
1644 1076 75 22 Sold.
1874 1075 2 23 !

1285 1107 47 48 A
1345 1106 109 23 SMALL
1466 1107 93 24 FARM
1573 1108 27 23 of
1605 1109 27 22 25
1642 1116 63 15 acres
1714 1116 29 16 on
1753 1109 37 22 the
1801 1110 66 27 Hutt,

1358 1133 38 22 the
1404 1134 70 22 whole
1485 1134 95 28 cleared,
1588 1136 111 27 stumped,
1705 1136 106 28 inclosed,
1823 1138 45 21 and

1285 1160 25 21 fit
1318 1160 29 22 for
1357 1160 43 26 the.
1409 1160 85 28 plough
1501 1169 6 19 ;
1521 1165 50 24 part
1584 1162 73 22 under
1668 1170 61 20 crop.
1758 1164 110 26 Together

1284 1187 50 22 with
1349 1194 15 15 a
1382 1188 131 22 substantial
1532 1189 44 22 and
1593 1189 148 22 comfortable
1760 1190 108 22 weather-

1284 1214 92 22 boarded
1391 1214 44 23 and
1451 1213 72 24 slated
1538 1216 76 27 house,
1627 1216 125 22 three-stall
1760 1217 108 22 weather-

1284 1241 94 22 boarded
1386 1242 77 27 stable,
1471 1242 46 22 and
1524 1242 63 22 other
1592 1243 170 23 conveniences.
1790 1244 78 22 Terms

1285 1267 79 29 liberal,
1376 1268 67 28 apply
1452 1272 23 19 at
1482 1269 44 22 this
1538 1270 77 23 Office.

1312 1303 50 26 May
1371 1305 34 26 24,
1417 1305 61 21 1842.
1874 1294 2 40 j

1433 1349 79 20 Land
1526 1355 36 15 on
1576 1350 45 21 the
1636 1350 80 21 Kutt.

1285 1381 61 48 TO
1362 1381 40 23 BE
1416 1382 88 27 SOLD,
1515 1390 13 14 a
1536 1383 61 23 lease
1607 1383 25 23 of
1639 1383 39 23 the
1688 1384 90 22 Section
1787 1383 45 23 No.
1840 1385 28 21 24

1353 1415 29 15 on
1392 1409 38 22 the
1437 1409 66 26 Hutt,
1511 1410 53 22 with
1573 1418 14 14 a
1595 1411 75 27 newly
1678 1411 88 22 erected
1773 1411 94 22 wooden

1284 1437 88 25 cottage,
1391 1435 37 23 fehe
1445 1439 89 25 potatoe
1550 1444 54 21 crop
1619 1445 30 14 on
1664 1438 39 22 the
1717 1438 92 27 ground,
1821 1439 46 21 and

1284 1461 57 23 other
1345 1462 58 28 iaipr
1405 1470 11 14 o
1418 1467 109 19 vements.
1555 1465 45 22 For
1607 1468 69 19 terms
1683 1465 25 22 of
1712 1466 52 26 sale,
1773 1465 65 28 apply
1844 1469 23 18 to

1507 1498 76 28 Hort,
1599 1498 125 28 Mocatta,
1740 1499 45 21 and
1799 1500 39 21 Co.

1463 1543 115 21 Gazette
1593 1543 90 21 Office.

1284 1574 195 25 STATIONERY
1492 1576 198 25 WHOLESALE
1705 1578 21 22 &
1741 1578 125 23 RETAIL.

1282 1610 83 50 WE
1388 1611 44 27 beg
1454 1614 21 19 to
1501 1618 115 16 announce
1634 1612 39 22 the
1696 1613 87 27 arrival,
1807 1613 60 22 from

1371 1637 112 28 England,
1495 1639 25 21 of
1528 1639 37 22 the
1581 1639 47 22 first
1637 1642 51 25 part
1697 1641 26 20 of
1733 1647 40 14 our
1788 1643 79 19 exten-

1282 1663 45 23 sive
1335 1663 72 23 orders
1416 1665 24 21 in
1451 1665 44 21 this
1505 1665 142 28 department
1657 1667 26 21 of
1689 1667 108 22 business.
1820 1668 48 21 Our

1282 1691 58 22 stock
1348 1691 92 28 already
1450 1692 92 22 consists
1557 1694 27 21 of
1595 1700 68 20 every
1672 1694 77 21 article
1764 1694 104 28 required

1282 1717 34 22 for
1329 1718 93 27 Schools,
1440 1719 82 28 Banks,
1539 1720 84 27 Courts,
1642 1721 56 22 Law
1713 1721 89 24 Offices,
1821 1722 46 21 and

1282 1745 83 27 Artists,
1376 1745 40 23 &c.
1426 1753 6 20 ;
1448 1746 74 22 whilst
1530 1746 37 23 the
1585 1748 141 22 ornamental
1735 1748 44 21 and
1795 1748 72 22 draw-

1281 1772 38 27 ing
1331 1779 59 15 room
1404 1773 123 28 stationery
1542 1773 41 22 has
1596 1778 41 17 not
1649 1775 59 22 been
1726 1775 139 22 overlooked.

1281 1799 47 21 The
1337 1799 124 22 difficulties
1471 1800 117 28 attending
1596 1801 38 22 the
1644 1802 49 21 first
1701 1802 167 23 establishment

1282 1825 75 28 having
1366 1826 60 22 been
1441 1834 122 21 overcome,
1576 1828 45 22 and
1631 1835 68 21 every
1715 1829 80 22 arrival
1809 1830 58 21 from

1282 1852 99 28 England
1399 1853 85 28 adding
1499 1854 60 22 fresh
1575 1855 112 22 additions
1701 1858 24 19 to
1740 1863 40 14 our
1795 1857 69 27 stock,

1282 1880 43 21 will
1339 1880 77 21 enable
1431 1888 27 14 us
1466 1884 23 18 to
1506 1882 81 21 reduce
1605 1889 41 15 our
1659 1883 94 27 charges
1764 1890 29 15 on
1807 1888 60 18 most

1282 1907 81 22 articles
1371 1910 25 19 at
1404 1907 58 22 least
1470 1908 29 22 50
1506 1915 40 21 per
1555 1912 59 19 cent.

1309 1940 150 29 Storekeepers
1476 1941 45 23 and
1538 1942 120 23 wholesale
1678 1943 85 23 dealers
1781 1952 42 16 can
1836 1946 30 22 be

1282 1968 94 27 supplied
1393 1971 21 19 to
1431 1976 43 20 any
1484 1972 83 24 extent,
1586 1969 44 23 and
1647 1978 30 14 on
1694 1974 67 20 terms
1777 1973 89 28 equally

1282 1994 159 28 advantageous
1450 1999 22 19 to
1483 2003 44 20 any
1535 1996 105 22 obtained
1650 1997 24 22 in
1685 1998 96 27 Sydney,

1270 2025 2 22 I
1308 2025 89 28 Writing
1405 2033 75 21 paper,

1270 2049 2 15 '
1308 2053 106 26 Imperial,

1270 2088 2 24 |
1308 2079 73 28 Royal,

1270 2117 2 12 i
1308 2106 108 28 Foolscap,
1430 2108 87 21 various
1527 2109 107 27 qualities,

1270 2132 2 24 !
1308 2133 65 27 Large
1383 2133 61 22 thick
1452 2138 58 23 post,
1520 2143 63 14 wove
1592 2136 46 22 and
1649 2136 52 28 laid,

1306 2161 53 21 Thin
1369 2164 56 24 post,
1436 2161 64 28 ditto,

1308 2187 50 22 Fine
1367 2187 55 22 bath
1432 2192 55 23 post,
1499 2189 47 27 gilt.

1308 2214 82 22 Double
1405 2215 114 27 elephant,
1534 2216 150 29 antiquarian,
1699 2218 108 28 imperial,
1818 2219 46 22 and

1280 2241 59 28 royal
1346 2241 99 28 drawing
1453 2249 76 21 paper,

1310 2268 84 28 Oblong
1403 2269 92 28 clasped
1504 2270 169 24 memorandum
1683 2272 77 28 books,

1306 2295 82 22 French
1397 2296 86 28 tracing
1491 2303 75 21 paper,

1306 2322 84 23 Ladies'
1399 2323 46 22 and
1454 2323 148 28 gentlemen's
1611 2325 55 22 card
1675 2333 68 20 cases,

1306 2349 58 22 Ditto
1435 2350 35 22 do.
1527 2352 72 21 tinted
1609 2352 47 22 and
1666 2353 118 22 embossed
1790 2354 72 28 cards,

1306 2376 89 28 Sponge,
1406 2376 79 23 wafers
1494 2377 24 22 in
1526 2380 15 19 2
1550 2385 34 15 oz.
1594 2379 76 26 boxes,

1294 2403 76 22 •Black
1385 2404 56 28 edge
1461 2404 46 23 and
1525 2405 115 28 bordered,
1661 2406 66 23 letter
1745 2406 47 23 and
1809 2411 54 19 note

1357 2457 6 5 __
1399 2446 3 5 .

1306 2457 86 22 Invoice
1401 2457 75 29 books,
1488 2458 53 23 with
1550 2459 102 28 indexes,
1662 2460 90 23 various
1762 2461 62 29 sizes,

1306 2484 51 22 Cash
1363 2484 79 28 books,
1452 2486 65 22 ruled
1526 2486 88 28 double,
1625 2488 89 22 various
1725 2489 61 27 sizes,

1305 2511 126 28 Envelopes,

1306 2538 79 23 Pewter
1391 2539 124 27 inkstands,

1305 2565 74 27 Ebony
1387 2566 125 28 inkstands,
1522 2566 54 23 with
1585 2567 103 28 drawers,

1305 2592 67 22 Broad
1383 2592 45 23 and
1532 2601 68 20 green
1609 2595 44 22 silk
1663 2596 87 27 ribbon,

1305 2619 59 22 Brief
1370 2620 45 21 and
1425 2620 58 22 deed
1491 2628 75 20 paper,

1305 2646 67 23 Ruled
1382 2654 69 20 paper
1459 2648 35 21 for
1503 2648 39 21 bill
1550 2648 77 26 heads,

1305 2673 66 28 Royal
1387 2674 68 28 hand,
1469 2674 80 23 double
1567 2675 61 22 hand
1642 2675 86 29 brown,
1745 2676 45 22 and
1798 2677 63 28 royal

1277 2700 69 23 brown
1355 2701 116 27 wrapping
1479 2709 74 21 paper,

1305 2727 93 27 Ledgers
1408 2728 46 22 and
1463 2732 95 18 account
1567 2729 77 27 books,
1656 2730 89 22 various
1755 2730 61 28 sizes,

1304 2754 78 23 Pocket
1390 2754 88 28 ledgers
1488 2756 44 21 and
1540 2756 173 23 memorandum
1721 2757 78 28 books,

1305 2781 114 27 Engraved
1428 2789 57 21 copy
1492 2782 53 28 slips
1554 2784 46 21 and
1609 2784 79 27 books,

1305 2809 47 21 Best
1360 2808 80 23 Welch
1451 2811 72 25 slate's,
1533 2810 62 27 large
1602 2810 45 22 and
1656 2811 73 28 small,

1305 2835 67 22 Blank
1381 2836 72 22 music
1463 2836 76 28 books,

1305 2862 96 28 Message
1412 2863 72 28 cards,

1305 2890 104 22 Coloured
1419 2897 87 21 papers,

1305 2917 64 27 Sugar
1377 2924 88 21 papers,
1472 2937 4 5 .

1306 2943 53 22 toote
1369 2951 86 21 papers,

1305 2970 87 28 Playing
1401 2971 71 29 cards,
1482 2971 107 24 coloured
1597 2973 45 23 and
1648 2974 55 27 gold
1711 2974 74 28 backs,

1305 2998 54 27 Copy
1368 2998 78 27 books,

1303 3024 64 22 Black
1376 3025 52 22 lead
1437 3025 92 28 pencils,

1304 3051 59 23 India
1371 3052 90 28 rubber,
1472 3053 71 23 bottle
1552 3054 47 22 and
1610 3057 88 25 patent,

1303 3078 63 28 Ivory
1375 3079 84 23 folders
1468 3079 47 23 and
1523 3081 86 28 knives,

1305 3105 42 23 Pen
1355 3105 87 28 knives,

1304 3132 81 27 Rulers,
1392 3133 86 32 pocket
1486 3133 77 28 books,

1305 3159 67 23 Blank
1380 3160 53 22 bills
1443 3161 25 21 of
1475 3161 124 28 exchange,
1636 3169 4 3 •

1271 3194 2 4 ■
1305 3187 70 21 Letter
1383 3187 47 22 and
1439 3187 39 23 bill
1490 3187 55 28 files,

1305 3213 40 22 Ink
1352 3213 44 23 and
1404 3214 41 22 ink
1453 3214 106 28 powders,

1305 3240 69 22 Bibles
1383 3241 44 22 and
1438 3244 134 25 testaments,

1305 3267 92 28 Spelling
1404 3268 78 27 books,
1484 3269 103 28 'various,

1305 3295 95 26 Primers,

1300 3321 125 23 .Children's
1433 3322 72 22 books
1513 3323 25 22 in
1546 3326 65 24 great
1618 3323 97 29 variety,-

1290 3370 6 3 .
1305 3349 68 22 Blank
1382 3349 171 23 Custom-house
1567 3351 77 26 forms,
1663 3351 36 22 for
1714 3351 145 29 auctioneers,

1278 3376 46 22 and
1332 3375 25 23 all
1365 3375 39 23 the
1421 3376 64 23 other
1495 3377 172 23 Custom-house
1676 3379 70 22 forms
1755 3379 34 23 for
1799 3380 60 23 Mer-

1279 3403 78 22 chants.
1534 3407 2 4 '
1564 3427 3 4 ,
1656 3415 2 6 '

1306 3429 108 23 Seamen's
1423 3429 101 24 advance
1534 3434 72 20 notes.

1308 3456 108 23 Seamen's
1426 3457 88 23 articles
1524 3459 25 21 of
1555 3462 139 24 agreement.

1306 3483 132 28 Log-books.

1306 3511 69 22 Blank
1382 3511 69 27 writs,

1307 3537 139 23 Parchments
1455 3537 36 23 for
1517 3537 75 24 deeds.

1307 3565 73 24 Quills.

1306 3592 53 22 Ever
1367 3591 92 28 pointed
1461 3610 5 12 (
1468 3591 73 29 pencil
1550 3599 63 16 cases
1620 3593 24 22 in
1653 3594 99 28 superior
1762 3594 98 23 German

1280 3619 72 23 Silver.

1272 3648 3 4 '
1308 3645 83 23 Lucifer
1399 3645 76 22 boxes.

1285 3682 4 2 -
1307 3673 71 22 Wafer
1385 3674 90 26 stamps.
1578 3696 3 4 .

1390 3718 66 22 This
1470 3719 60 25 Day
1542 3718 25 22 is
1585 3719 160 27 Published,

1492 3752 62 28 (Post
1569 3753 73 27 folio,)

1444 3787 66 21 Price
1525 3787 42 21 Ten
1581 3787 112 26 Shillings,

1280 3814 91 49 THE-
1379 3813 143 23 MINUTES
1538 3814 26 22 of
1575 3814 39 22 the
1628 3815 146 28 proceedings
1788 3815 27 23 of
1824 3815 39 23 the

1367 3841 136 28 Legislative
1524 3841 92 23 Council
1635 3842 28 22 of
1682 3842 59 23 New
1763 3843 100 22 Zealand

1280 3867 75 29 during
1370 3868 38 23 the
1424 3868 44 23 last
1482 3869 96 28 Session,
1589 3869 131 28 containing
1732 3869 39 24 the
1781 3870 82 28 Corpo-

1278 3896 69 22 ration
1354 3895 46 23 Bill
1408 3895 37 23 for
1454 3895 147 29 Wellington.

1305 3923 33 21 As
1351 3923 52 28 only
1412 3930 14 14 a
1442 3923 88 23 limited
1546 3922 95 24 number
1657 3923 20 23 is
1693 3923 96 29 printed,
1803 3925 60 28 early

1278 3949 129 29 application
1416 3950 19 22 is
1444 3957 117 22 necessary
1572 3954 25 19 to
1606 3951 39 22 the
1675 3960 5 3 -

1741 3985 94 23 Oiwxok.

296 121 76 23 Police
383 121 77 27 Office,
470 120 145 27 Wellington,

369 148 91 26 August
468 148 21 26 4,
501 148 59 21 1842.

164 182 132 27 Borough
311 181 31 21 of
353 181 181 26 Wellington.

57 215 92 49 THE
165 214 115 27 following
293 214 172 26 Proclamation,
476 212 115 28 declaring
605 213 39 22 the

130 242 71 22 Town
218 241 27 22 of
262 241 136 27 Wellington
414 244 23 18 to
456 237 28 25 be
501 247 14 14 a
530 240 112 26 Borough',

56 268 101 27 defining
175 268 36 21 the
229 268 70 21 limits
322 267 92 26 thereof,
440 266 44 22 and
506 265 39 23 the
567 266 78 28 period

55 295 78 22 within
147 308 3 3 •
166 294 50 23 Hch
226 295 77 22 claims
313 297 21 18 to
344 293 39 22 the
393 292 61 28 right
461 294 24 21 of
492 293 84 27 voting,
588 293 57 22 shall

54 322 29 22 be
93 322 79 27 regisU.
178 322 43 25 **Ed,
232 322 20 21 is
262 320 117 23 published
388 320 36 21 for
436 320 93 27 general
537 320 108 21 informa-

55 348 54 28 tion,
140 349 30 27 by
198 348 108 22 direction
334 346 27 22 of
384 346 35 23 his
444 346 139 27 Excellency
605 346 38 22 the

55 374 123 24 Governor.

266 400 112 22 Michael
393 400 113 26 Murphy,

313 433 68 23 Chief
392 434 76 22 Police
476 433 141 27 Magistrate.

238 487 214 22 Proclamation.

54 523 71 26 (L.8.)
155 524 33 24 By
205 523 43 20 His
260 522 126 26 Excellency
403 520 113 23 William
536 520 106 27 Hobson,

189 550 98 26 Esquire,
316 550 88 25 Captain
422 549 24 19 in
464 549 48 20 Her
530 548 114 26 Majesty's

40 583 22 21 y>
189 578 69 25 Royal
266 577 69 25 Navy,
346 576 43 20 and
405 576 106 21 Governor
525 576 44 20 and
584 576 59 20 Com-

189 604 88 21 mander
301 605 22 19 in
344 604 65 26 Chief
426 605 24 19 in
469 603 42 21 and
529 609 48 14 over
595 604 49 19 Her

188 633 113 25 Majesty's
312 631 76 27 Colony
398 632 23 19 in
429 631 54 21 New
489 630 101 26 Zealand,
601 630 42 21 and

188 661 29 19 its
225 659 161 26 Depe?idencies,
398 659 43 20 and
452 659 49 20 Vice
507 658 101 20 Admiral
619 658 26 25 of

194 687 35 21 the
236 693 63 20 same,
311 687 45 27 Sfc,
369 686 37 27 Bfc.

50 720 204 49 WHEREAS,
271 720 30 28 by
316 727 28 15 an
362 720 126 21 Ordinance
504 718 96 22 enacted
612 718 30 28 by

147 747 37 22 the
196 747 117 22 Governor
323 747 25 22 of
359 747 57 21 New
421 745 108 27 Zealand,
540 745 53 22 with
605 745 37 22 the

51 773 78 22 advice
139 774 45 22 and
200 777 92 19 consent
306 774 23 21 of
342 773 37 22 the
395 772 136 27 Legislative
549 771 93 23 Council

50 801 94 26 thereof,
156 800 87 23 Session
254 802 21 26 2,
287 801 43 21 No.
339 802 21 24 6,
372 799 94 22 entitled
476 800 35 20 An
523 800 119 20 Ordinance

51 830 21 18 to
79 829 89 25 provide
175 829 42 25 for
228 829 37 20 t7ie
278 828 154 20 establishment
442 828 43 19 and
492 828 117 24 regulation
620 826 25 26 of

50 856 120 26 Municipal
181 856 152 25 Corporations,
346 855 19 21 it
373 854 20 21 is
403 854 102 27 enacted,
516 854 49 21 that
575 861 68 21 every

50 882 129 22 settlement
186 882 75 22 within
271 882 37 21 the
319 881 92 27 Colony,
425 881 85 27 having
525 888 15 17 a
548 881 94 27 popula-

50 910 47 20 tion
108 910 26 20 of
145 912 43 19 two
196 908 111 22 thousand
316 908 66 26 souls,
394 908 58 22 shall
461 908 27 22 be
499 915 14 14 a

50 935 46 22 and
105 935 50 22 that
166 936 43 21 His
219 935 138 27 Excellency
367 935 38 22 the
416 935 118 22 Governor
542 935 58 22 shall
610 935 32 25 by

50 962 172 27 Proclamation,
234 962 88 22 declare
332 963 37 20 the
380 969 62 15 same
452 964 23 19 to
480 962 29 21 be
515 969 14 14 a
535 961 107 27 Borough

50 988 79 23 within
135 990 39 21 the
184 990 106 26 meaning
300 990 26 21 of
336 989 38 22 the
384 989 49 22 said
443 988 135 27 Ordinance,
597 988 45 22 and

50 1016 58 22 shall
118 1019 24 19 at
149 1016 38 22 the
197 1023 61 16 same
268 1018 61 25 time,
346 1016 56 21 with
416 1016 39 21 the
470 1015 78 22 advice
564 1016 28 21 of
603 1015 38 22 the

50 1043 125 22 Executive
207 1043 100 27 Council,
336 1042 74 22 define
440 1042 38 23 the
505 1042 136 22 boundaries

49 1070 94 21 thereof.

79 1096 60 27 And,
159 1096 105 26 whereas,
285 1096 19 22 it
316 1096 19 21 is
351 1095 48 22 also
414 1095 102 27 enacted,
532 1095 51 22 that
598 1096 43 21 His

50 1123 137 27 Excellency
197 1123 37 22 the
245 1124 123 25 Governor,
379 1122 57 22 shall
445 1123 31 27 by
485 1122 55 23 such
550 1122 90 22 Procla-

49 1150 85 21 mation
144 1158 23 14 as
183 1150 117 27 aforesaid,
316 1150 111 27 prescribe
443 1157 15 14 a
469 1149 78 28 period
560 1149 81 22 within

48 1176 74 22 which
133 1177 30 22 all
180 1177 76 22 claims
273 1180 22 18 to
311 1178 36 20 the
360 1176 61 27 right
436 1176 27 22 of
471 1176 79 27 voting
563 1179 24 18 at
603 1176 36 21 the

49 1204 95 21 election
153 1204 26 21 of
189 1204 37 21 the
236 1204 49 21 first
294 1203 99 27 Council,
405 1203 58 22 shall
471 1204 28 21 be
510 1203 74 27 made,
596 1203 44 22 and

48 1230 58 22 shall
115 1231 92 27 appoint
216 1238 13 14 a
237 1230 27 22 fit
271 1237 80 21 person
360 1233 23 18 to
394 1231 87 21 receive
491 1230 55 21 such
553 1230 85 26 claims,

48 1257 47 22 and
104 1260 23 19 to
137 1261 37 18 act
182 1265 24 14 as
215 1258 116 26 returning
344 1256 76 23 officer
429 1260 25 19 at
468 1257 54 22 such
537 1257 102 22 election.

48 1284 54 22 And
111 1284 106 27 whereas,
229 1284 39 22 the
276 1285 68 21 Town
353 1284 25 21 of
384 1284 145 27 Wellington,
541 1284 99 22 contains

48 1318 14 15 a
70 1311 129 27 population
210 1311 25 22 of
245 1312 103 26 upwards
356 1310 27 22 of
393 1313 44 20 two
447 1310 110 22 thousand
571 1311 67 22 souls.

76 1338 65 27 Now,
162 1338 118 27 therefore,
300 1338 19 27 I,
339 1338 38 21 the
398 1338 125 26 Governor,
543 1338 24 21 in
588 1345 52 19 pur-

48 1371 84 16 suance
146 1366 27 21 of
189 1366 37 21 the
240 1365 125 27 provisions
383 1365 27 22 of
429 1364 39 23 the
487 1364 49 23 said
555 1365 85 22 recited

49 1392 135 27 Ordinance,
202 1392 28 22 do
247 1393 83 26 hereby
344 1392 109 28 proclaim
464 1392 36 21 the
510 1391 49 22 said
567 1392 71 22 Town

48 1418 26 22 of
98 1419 134 27 Wellington
252 1422 23 18 to
292 1419 30 21 be
337 1427 14 13 a
370 1418 113 28 Borough,
504 1418 76 22 within
598 1419 39 21 the

48 1445 109 28 meaning
175 1446 26 21 of
219 1446 38 21 the
272 1446 48 21 said
334 1445 135 22 Ordinance.
506 1445 54 22 And
581 1446 12 21 I
612 1446 27 21 do

47 1472 94 27 hereby,
167 1472 52 22 with
243 1472 39 21 the
307 1472 76 22 advice
409 1472 27 22 of
459 1472 37 22 the
515 1472 123 22 Executive

48 1500 101 26 Council,
161 1499 74 22 define
244 1499 47 21 and
308 1499 87 22 declare
411 1499 39 21 the
463 1499 136 22 boundaries
617 1500 26 20 of

47 1526 38 21 the
94 1526 49 21 said
153 1526 104 27 Borough
269 1527 25 20 of
305 1526 147 28 Wellington,
459 1530 23 18 to
492 1526 108 28 comprise
608 1526 30 22 all

46 1553 63 23 lands
120 1554 78 21 within
208 1553 37 21 the
255 1553 46 21 line
311 1557 34 18 set
353 1554 68 26 forth,
431 1554 25 20 in
466 1554 37 20 the
510 1554 129 27 Surveyor's

47 1580 64 27 Plan,
129 1585 23 17 at
167 1580 38 22 the
220 1580 88 22 outside
320 1580 134 22 boundaries
469 1580 24 21 of
511 1580 39 22 the
563 1580 76 27 public

47 1614 95 20 reserve,
150 1607 24 21 in
185 1607 36 21 the
231 1607 54 27 plan
295 1607 25 21 of
331 1607 37 21 the
378 1610 60 18 town
447 1607 25 21 of
483 1607 53 21 Port
545 1605 94 24 Nichol-

46 1641 48 19 son,
106 1634 112 27 approved
226 1634 31 27 by
267 1634 43 22 His
321 1634 137 27 Excellency
466 1634 37 21 the
512 1634 125 27 Governor,

47 1661 47 21 and
111 1668 24 14 so
149 1661 68 22 much
234 1661 26 21 of
271 1661 38 22 the
324 1661 98 21 harbour
440 1668 25 14 as
480 1661 19 21 is
515 1661 124 27 comprised

47 1687 77 22 within
135 1695 13 14 a
156 1688 75 22 radius
242 1688 26 22 of
278 1695 66 15 seven
355 1688 64 21 miles
428 1688 58 22 from
493 1687 38 21 the
547 1688 91 22 Market

48 1714 67 22 Place
125 1718 23 18 at
158 1715 48 21 Pah
212 1715 94 27 Pipitea,
317 1715 116 22 described
441 1715 24 21 in
474 1715 36 21 the
516 1715 48 21 said
573 1715 64 21 Plan.

74 1741 56 22 And
139 1742 12 21 I
163 1742 26 21 do
197 1742 84 27 hereby
291 1742 45 22 also
346 1741 95 27 declare,
454 1742 48 22 that
516 1742 30 21 all
561 1742 77 22 claims

46 1771 23 19 to
80 1768 36 22 the
126 1769 61 27 right
197 1769 25 21 of
232 1769 79 27 voting
320 1773 23 17 at
353 1769 37 21 the
401 1769 94 21 election
506 1769 26 21 of
543 1769 38 21 the
591 1769 46 21 first

47 1796 94 20 Council
158 1796 26 20 of
200 1795 37 21 the
258 1796 105 27 Borough
377 1797 26 20 of
416 1796 146 27 Wellington,
580 1796 58 22 shall

45 1822 30 22 be
89 1823 66 21 made
175 1822 76 22 before
271 1823 38 21 the
331 1823 101 22 thirtieth
456 1824 70 25 (30th)
552 1823 45 27 day
616 1823 26 21 of

47 1849 96 27 August,
155 1851 61 21 1842.
245 1849 54 22 And
309 1850 44 22 Ido
365 1851 92 26 appoint
463 1850 100 22 Michael
573 1851 65 21 Mur-

45 1875 54 28 phy,
110 1876 102 28 Esquire,
222 1879 23 19 to
255 1877 86 21 receive
352 1877 55 21 such
417 1877 84 27 claims,
513 1877 45 22 and
567 1880 24 18 to
602 1879 36 19 act

47 1910 23 15 as
79 1904 116 27 returning
205 1903 76 22 officer
290 1907 23 18 at
322 1904 54 21 such
387 1904 103 22 election.

74 1930 74 22 Given
157 1931 73 21 under
238 1938 39 20 my
286 1931 62 22 hand
360 1931 46 22 and
421 1931 47 23 seal
483 1931 44 22 this
544 1934 93 25 twenty-

46 1957 48 21 first
103 1957 43 28 day
156 1958 26 21 of
193 1957 61 28 July,
266 1959 60 21 1842.

465 1985 36 23 W.
511 1985 99 23 Hobson

155 2018 34 27 By
199 2018 35 21 his
243 2018 159 27 Excellency's
411 2020 126 26 command,

249 2045 44 22 For
302 2046 37 21 the
349 2046 100 21 Colonial
459 2047 122 27 Secretary,

325 2073 50 21 Jas.
386 2074 92 21 Stuart
487 2073 122 23 Freeman.
644 2079 2 15 ;

196 2099 51 22 God
265 2107 55 14 save
336 2107 45 14 the
396 2100 91 24 Queen.

149 2144 85 27 SALE,
245 2145 31 28 by
287 2145 37 22 the
334 2145 179 28 undersigned-

73 2198 105 27 Superior
187 2201 49 26 port
246 2199 46 22 and
302 2199 77 28 sherry
388 2200 24 22 in
424 2208 68 21 cases,

73 2225 146 28 Champagne
228 2226 23 21 in
264 2226 63 27 ditto,

72 2252 93 27 Brandy
174 2254 24 20 in
209 2256 91 24 quarter
309 2253 70 28 casks,

73 2279 45 22 Gin
127 2280 25 21 in
163 2279 64 23 hhds.

370 2308 26 21 T.
411 2309 34 22 M.
462 2310 143 22 Partridge.

45 2333 82 22 March
137 2334 34 27 25,
184 2335 59 21 1842.

45 2379 72 50 ON
134 2380 115 23 SALE.—
249 2381 53 22 Best
313 2381 113 23 Hollands
433 2382 25 22 in
468 2382 50 22 half
525 2390 69 15 cases.

367 2409 26 21 T.
409 2409 34 22 M.
463 2409 144 23 Partridge.

71 2433 164 24 Farish-street.

140 2481 91 21 Union
245 2481 81 21 Bank
339 2481 31 21 of
387 2482 150 20 Australia.

44 2514 97 22 London
159 2515 91 27 Office,
266 2515 47 21 No.
326 2516 36 26 33,
381 2515 50 22 Old
447 2516 188 23 Broad-street,

99 2547 94 28 Capital,
203 2547 122 28 £800,000;
345 2547 53 28 paid
407 2555 38 20 up,
461 2549 118 26 £500,000.

280 2585 109 13 DIRECTORS
395 2586 4 12 :

150 2608 69 21 George
226 2608 39 16 Fife
271 2608 68 21 Angas,
346 2608 50 21 Esq.,

150 2629 68 17 Robert
224 2629 76 20 Brooks,
309 2630 48 20 Esq.,

150 2651 62 16 James
219 2650 47 16 John
275 2650 99 19 Cummins,
381 2650 50 20 Esq.,

150 2670 69 18 Robert
224 2671 97 20 Gardener,
332 2672 49 20 Esq.,
393 2671 123 20 Manchester,

150 2693 47 15 John
206 2692 45 17 Gore
268 2693 48 19 Esq.,

149 2713 48 16 John
204 2712 81 18 William
292 2713 74 19 Buckle,
372 2712 49 22 Esq.,

148 2734 96 20 Benjamin
252 2734 22 16 E.
280 2734 63 20 Lindo,
351 2734 49 20 Esq.,

149 2755 73 16 Charles
229 2755 77 16 Edward
314 2754 88 21 Mangles,
410 2755 50 20 Esq.,

150 2776 116 20 Christopher
272 2776 83 19 Itawson,
363 2776 49 20 Esq.,
424 2777 82 19 Halifax,

150 2796 78 17 Thomas
236 2797 63 19 Sands,
308 2797 48 20 Esq.,
363 2796 103 21 Liverpool,

150 2817 62 17 James
219 2817 56 21 Bogle
282 2817 64 20 Smith,
351 2817 51 20 Esq.,

149 2839 63 16 James
219 2838 80 17 Ituddell
305 2838 107 23 Todd,)Esq.

43 2860 86 16 Trustees
135 2864 4 12 :
155 2859 81 17 George
248 2859 57 17 Carr
316 2859 61 19 Glyn,
389 2859 50 20 Esq.,
449 2859 54 17 JonN
515 2860 60 20 Gone,
584 2860 51 22 Esq.,

191 2880 36 17 and
233 2880 68 17 James
308 2880 17 17 J.
332 2881 101 19 Ctjmmins,
442 2881 44 20 Esq.

71 2901 82 16 Bankers
158 2905 5 12 :
175 2901 75 16 Messrs.
257 2902 61 19 Giyn,
330 2901 116 20 Hallifax,
454 2902 71 19 Milks,
532 2902 37 17 and
576 2902 32 17 Co.

164 2922 101 20 Secretary:
278 2922 82 16 Samuel
367 2922 97 20 Jackson,
471 2923 43 19 Esq.

134 2943 81 17 Colonial
222 2944 103 20 Inspector:
337 2944 17 15 J.
362 2943 19 16 C.
388 2944 105 20 M'Laren,
501 2944 43 20 Esq.

166 2991 69 21 New
252 2991 124 21 Zealand
394 2992 117 21 Branch.

43 3024 53 17 Local
103 3025 92 17 Directors
200 3030 5 12 :
221 3025 47 16 Geo.
280 3025 17 16 S.
308 3025 73 18 Evans,
394 3025 50 21 Esq.,
456 3025 64 18 D.C.L.
539 3027 36 16 and
587 3027 48 16 Geo-

264 3046 91 20 Hunter,
368 3046 44 21 Esq.

43 3067 86 20 Manager
134 3072 5 13 :
151 3067 49 17 John
207 3067 73 19 Smith,
288 3067 49 21 Esq.,
343 3068 38 17 late
388 3069 21 16 of
416 3068 33 17 the
456 3068 118 18 Commercial
581 3069 54 17 Bank

211 3088 20 17 of
240 3088 90 21 England,
341 3088 125 18 Manchester,

154 3109 113 22 Branches
278 3112 23 19 at
316 3110 98 27 Sydney,

316 3137 90 22 Hobart
413 3137 77 28 Town,

317 3165 150 27 Launceston,
479 3164 45 23 and

316 3191 54 22 Port
379 3191 83 28 Philip.

43 3216 54 22 Port
106 3215 131 29 Nicholson,
248 3217 81 22 March
338 3218 34 27 24,
384 3219 63 22 1840.

44 3269 93 49 THE
153 3269 115 23 Directors
283 3271 26 21 of
323 3272 40 22 the
379 3271 57 24 New
452 3272 102 23 Zealand
568 3273 67 23 Land

118 3297 117 27 Company
249 3297 93 29 hereby,
348 3299 52 27 give
416 3300 82 27 notice,
516 3300 49 23 that
579 3301 56 28 they

40 3323 59 22 have
106 3331 115 14 effected
229 3331 31 14 an
271 3332 171 17 arrangement
450 3327 54 22 with
510 3327 38 22 the
556 3328 78 23 Union

41 3351 66 21 Bank
122 3351 26 21 of
163 3351 122 27 Australia,
301 3352 44 22 No.
362 3354 34 26 38,
411 3352 46 24 Old
472 3354 161 28 Broad-street,

42 3377 103 28 London,
156 3378 35 21 for
200 3377 37 22 the
250 3378 169 23 establishment
432 3380 27 23 of
472 3389 14 14 a
501 3381 134 24 BRANCH

38 3405 92 22 BANK
146 3405 36 21 IN
195 3404 73 23 NEW
282 3405 158 29 ZEALAND,
453 3408 97 28 through
560 3409 75 23 which

40 3431 39 22 the
88 3432 104 21 business
203 3432 27 21 of
242 3431 40 22 the
298 3432 56 23 New
370 3432 103 25 Zealand
484 3435 66 23 Land
566 3436 68 23 Com-

40 3466 62 20 pany
109 3459 47 22 will
165 3459 28 22 be
202 3459 135 22 transacted.
365 3459 49 22 The
428 3460 115 24 Directors
559 3462 74 24 there-

40 3486 48 21 fore
97 3485 147 23 recommend
252 3490 24 18 to
292 3486 112 22 Colonists
419 3487 39 22 the
475 3488 76 23 Union
567 3490 67 22 Bank

41 3512 27 21 of
85 3512 116 23 Australia
217 3519 25 16 as
260 3519 30 16 an
315 3512 170 25 establishment
505 3518 129 28 possessing

40 3539 59 22 their
115 3539 71 23 entire
208 3540 138 28 confidence,
365 3540 47 23 and
430 3541 51 23 able
499 3545 23 19 to
539 3544 94 26 provide

40 3566 128 28 effectually
182 3566 35 23 for
232 3566 39 23 the
285 3566 106 24 financial
405 3572 73 19 wants
494 3569 26 22 of
530 3570 37 22 the
583 3571 50 23 first

40 3593 136 22 settlement.

209 3620 34 28 By
253 3620 67 23 order
329 3621 26 22 of
364 3620 39 23 the
412 3621 82 29 Board,

286 3655 86 23 JOHN
386 3655 105 28 WARD,
506 3656 125 30 Secretary.

39 3680 57 22 New
104 3681 103 23 Zealand
215 3681 67 23 Land
290 3683 136 27 Company's
435 3683 79 28 Office,

67 3710 20 22 1.
98 3707 161 28 Adam-street,
269 3709 107 28 Adelphi,
385 3709 55 23 2ftih
449 3710 60 27 Aug.
528 3711 62 23 1839.
602 3733 4 2 .

42 3752 137 23 HPEGG'S
195 3753 102 23 SHEET
310 3754 200 23 ALMANACKS
525 3755 35 23 for
569 3758 62 27 1842,
638 3742 2 32 1

48 3777 30 23 X
116 3779 81 27 Tegg's
207 3780 109 28 Washing
325 3781 71 27 Book,

43 3818 3 9 .
66 3805 83 28 Tegg's
158 3806 149 24 Commercial
316 3808 86 23 Pocket
411 3808 95 24 Diaries.

43 3838 86 21 Qatett*
144 3838 78 29 Offite,
233 3839 62 23 June
304 3841 35 26 2g,
351 3841 61 22 1843.
543 3832 3 4 '

135 3883 157 28 Stationery
308 3885 60 28 just
381 3888 154 26 unpacked.
636 3902 5 19 {

42 3915 71 50 ON
128 3916 86 28 SALE,
229 3920 23 19 at
262 3918 39 22 the
311 3920 86 20 Gazette
414 3920 78 23 Office,
510 3928 29 14 an
551 3908 94 43 exten-j

118 3942 47 24 sive
175 3944 45 23 and
228 3945 78 23 varied
315 3949 135 21 assortment
466 3953 24 17 or
508 3941 132 36 stationery/

40 3970 26 22 of
77 3977 68 21 every
154 3970 142 30 description.
624 3969 11 25 /

809 120 88 20 Town
910 120 78 20 Land
999 120 43 20 for
1056 120 69 21 Sale.

675 153 91 33 rpHE
781 151 71 23 whole
870 152 26 22 of
908 155 62 19 town
979 153 97 21 sections
1090 152 55 22 Nos.
1154 153 48 26 285,
1214 154 47 25 106,

681 174 30 28 JL
748 179 46 23 and
810 179 46 27 878,
868 178 47 23 and
927 181 51 24 part
987 179 26 21 of
1025 183 62 17 town
1101 179 98 22 sections
1212 181 49 25 204,

644 221 2 7 .
672 207 48 26 248,
731 206 45 22 and
790 206 42 22 528
847 213 38 15 are
899 205 83 22 offered
991 205 35 22 for
1035 205 53 23 sale.
1109 205 2 5 '
1118 205 58 22 Half
1186 206 26 21 of
1224 205 38 22 the

644 230 2 4 '
672 233 109 27 purchase
797 239 83 20 money
883 235 29 19 -to
922 232 85 22 remain
1018 239 30 15 on
1064 235 122 24 mortgage,
1198 235 23 19 at
1234 233 28 21 10

644 256 2 32 [
673 266 39 21 per
722 262 58 20 cent.
809 259 43 22 For
860 259 140 28 particulars,
1011 258 67 29 apply
1087 262 23 18 to

644 285 2 29 i
928 307 6 3 -
944 292 100 23 Hanson
1058 292 45 22 and
1117 292 116 22 Albdorf.
1240 300 2 3 ■

644 332 2 35 |
846 337 109 22 Heifers
971 338 29 21 in
1014 338 69 22 Calf.

673 372 96 48 FOR'
775 371 85 27 SALE,
871 372 71 21 about
955 371 28 22 50
993 371 99 28 superior
1100 371 58 22 bred
1169 371 89 27 heifers,

732 402 59 19 most
807 398 26 22 of
842 398 64 22 them
919 398 75 27 heavy
1006 399 24 21 in
1048 398 51 28 calf,
1118 398 44 22 and
1176 398 85 27 having

672 426 57 21 been
748 432 61 15 some
825 425 53 22 time
892 426 26 21 in
931 424 39 23 the
980 433 4 7 <
989 425 93 27 Colony,
1098 428 42 19 not
1153 424 68 23 liable
1236 428 23 18 to

672 452 67 22 suffer
747 452 57 23 from
814 452 37 22 the
861 452 76 22 effects
948 452 26 21 of
984 452 38 22 the
1038 452 63 21 Toot.
1129 452 49 22 The
1190 452 69 21 above

673 479 66 22 cattle
755 486 43 15 can
811 478 28 22 be
856 478 101 28 strongly
970 478 181 28 recommended,
1168 486 24 15 as
1207 478 53 27 they

671 505 58 22 have
744 506 58 22 been
819 505 98 22 selected
930 506 59 21 from
1004 506 38 22 the
1058 512 120 15 numerous
1193 505 66 22 cattle

672 532 59 28 ships
740 532 74 23 which
822 532 57 23 have
897 532 88 22 arrived
997 532 62 22 here:
1087 531 76 29 Apply
1177 534 23 19 to
1213 532 45 22 Mr.

672 559 97 29 Revans,
782 560 86 21 Gazette
877 559 71 27 office,
961 566 25 15 or
994 561 23 20 to
1027 558 46 23 Mr.
1084 558 84 28 Hulke,
1178 558 81 23 Evans'

644 587 2 28 ;
672 586 55 28 Bay.

644 630 2 18 ;
699 620 63 28 Also,
771 619 63 24 three
843 619 117 23 well-bred
969 627 73 15 mares
1047 619 26 23 in
1081 619 53 28 foal,
1146 623 21 19 to
1177 621 81 27 imp'or-

645 658 1 9 ?
672 647 37 22 fed
718 648 91 21 horses..
814 666 2 5 ,
1260 647 3 7 '

673 692 63 27 Ship
751 692 85 21 Hotel
849 693 21 20 &
885 693 117 24 Tavern,
1016 693 132 20 Manners
1162 693 96 25 Street,

821 725 40 23 BY
875 725 88 23 JOHN
978 725 132 28 FULLER,
1148 749 7 3 .
1171 748 5 11 ,
1219 746 3 5 .

644 755 2 9 1
671 760 80 20 WINES,
763 759 95 21 SPIRITS,
869 760 48 14 AND
927 760 63 14 MALT
1000 760 98 16 LIQUORS
1108 759 28 15 OP
1146 760 113 16 SUPERIOR

772 791 4 3 •
797 781 4 3 '
908 786 109 16 QUALITY.

743 805 156 23 Commodious
910 813 74 15 rooms
993 806 54 22 with
1056 802 59 31 good
1123 806 62 23 beds.

698 834 93 20 Dinners
807 835 37 24 got
864 833 66 26 ready
949 840 27 14 on
996 835 35 19 the
1043 835 93 19 shortest
1155 835 75 21 notice.

751 868 32 14 AN
793 868 120 14 ORDINARY
924 868 70 14 DAILY
1004 868 29 14 AT
1042 862 14 20 2
1075 861 101 22 O'CLOCK.

842 915 3 4 '
862 906 27 21 J.
904 906 39 21 M.
958 906 111 26 Taylor,

684 939 153 23 LICENSED
861 939 243 23 CUSTOM-HOUSE
1127 940 115 29 AGENT,

919 979 27 14 TE
961 979 52 14 ARO.

857 1017 96 21 James
968 1016 100 27 Spiers,

670 1049 192 24 PROSPECT
885 1050 213 23 BOARDING
1122 1051 134 28 HOUSE,

744 1091 129 15 GUILDFORD
889 1091 111 21 TERRACE,
1016 1092 57 15 HILL
1087 1092 92 21 STREET,

722 1118 28 20 In
770 1117 35 20 the
824 1123 49 15 rear
892 1117 28 26 of
929 1118 42 20 Dr.
984 1117 91 21 Evans's
1089 1119 112 24 residence,

850 1152 76 14 TERMS
940 1152 133 14 MODERATE.

724 1189 27 22 R.
781 1188 177 28 TURNBULL,
988 1190 155 27 SURGEON,
1166 1190 92 22 intends

735 1216 121 28 practising
864 1216 39 22 the
913 1216 88 23 various
1010 1216 109 22 branches
1129 1217 26 22 of
1164 1218 34 21 his
1206 1225 52 20 pro-

669 1242 88 28 fession,
768 1242 46 23 and
828 1251 52 19 may
889 1244 36 21 for
939 1243 39 22 the
993 1247 90 24 present
1095 1244 32 22 be
1144 1244 114 22 consulted

669 1272 23 19 at
701 1270 73 22 Baron
788 1270 94 22 Alzdorf
885 1270 24 23 'g.
1033 1280 5 11 <
1044 1284 8 6 -

695 1297 69 22 River
774 1297 66 27 Hutt,
851 1297 60 22 June
923 1296 33 28 17,
968 1299 60 21 1842.

811 1342 144 22 CHARLES
971 1342 140 28 HARVEY,
1207 1328 10 38 I

875 1370 104 25 Tailor,
993 1370 55 25 &c,

796 1397 114 26 Adjoining
924 1397 72 21 Kumu
1011 1398 52 19 Toto
1077 1397 55 27 Pah,

884 1431 159 20 WELLINGTON,

668 1450 107 49 BEGS
790 1452 23 19 to
829 1453 77 19 return
924 1450 81 23 thanks
1021 1454 24 19 to
1063 1450 37 22 the
1116 1453 80 25 gentry
1211 1451 45 22 and

743 1477 76 28 public
830 1477 23 21 of
861 1477 59 23 New
930 1477 100 23 Zealand
1039 1478 36 22 for
1082 1478 38 22 the
1128 1481 90 24 support
1226 1478 29 22 he

667 1504 40 22 has
722 1503 104 23 received
840 1503 59 23 from
915 1504 63 22 them
992 1505 61 22 since
1068 1505 28 21 he
1111 1505 145 21 commenced

668 1531 107 27 business,
793 1531 46 21 and
856 1531 29 22 he
904 1538 87 16 assures
1006 1532 64 22 them
1085 1531 49 22 that
1149 1532 17 21 it
1184 1532 20 21 is
1221 1531 35 22 his

667 1557 111 23 intention
788 1560 23 19 to
822 1558 106 22 continue
936 1557 36 23 his
987 1562 60 19 most
1061 1560 118 20 strenuous
1193 1566 63 14 exer-

668 1585 57 21 tions
736 1588 22 18 to
769 1585 66 21 merit
844 1592 13 14 a
866 1585 150 22 continuance
1026 1585 27 22 of
1059 1585 58 22 their
1126 1588 128 24 patronage.

695 1612 23 22 C.
729 1613 29 21 H.
769 1612 63 22 takes
847 1612 45 22 this
913 1613 145 27 opportunity
1073 1613 25 21 of
1109 1613 82 26 stating
1209 1612 47 22 that

667 1638 34 22 his
711 1639 62 22 stock
783 1639 93 22 consists
887 1639 26 22 of
925 1646 13 14 a
946 1639 60 27 good
1015 1639 86 28 variety
1112 1639 26 22 of
1145 1639 109 28 superfine

668 1665 77 28 cloths,
756 1665 110 28 doeskins,
883 1667 91 24 tweeds,
990 1666 129 27 moleskins,
1130 1666 122 27 velveteen,

666 1693 56 27 pilot
736 1693 67 27 cloth,
815 1693 39 22 &c.
865 1693 50 28 &c,
931 1693 45 22 and
990 1693 35 22 his
1037 1693 94 27 charges
1142 1693 46 26 (for
1207 1694 49 20 cash

667 1721 57 25 only)
735 1719 122 22 moderate.

668 1767 45 20 An
727 1766 140 21 excellent
888 1766 182 26 opportunity
1084 1765 43 21 for
1141 1766 45 21 the
1207 1766 46 21 In-

741 1794 136 20 vestment
893 1792 32 22 of
936 1798 17 15 a
967 1794 82 19 small
1063 1793 116 26 Capital.

668 1827 91 22 rriHE
778 1826 152 27 undersigned
951 1825 42 23 has
1011 1827 36 21 for
1068 1826 53 27 sale,
1146 1833 28 15 on
1197 1823 58 25 most

674 1848 30 27 JL
742 1853 164 27 advantageous
925 1855 73 26 terms,
1018 1861 14 14 a
1050 1853 83 22 Patent
1150 1853 104 22 Portable

666 1879 141 28 Progressive
824 1880 60 21 Burr
908 1880 68 21 Stone
999 1881 68 21 Flour
1089 1880 59 27 Mill,
1172 1880 46 22 and
1241 1888 13 13 a

667 1907 98 22 Circular
779 1907 88 27 Sawing
882 1907 116 28 Machine,
1008 1907 55 22 with
1076 1914 13 14 a
1100 1907 65 22 horse
1174 1907 77 28 wheel,

666 1941 59 21 gear,
737 1935 49 26 &c,
797 1934 117 28 complete.
943 1934 63 25 Also,
1017 1942 14 14 a
1040 1941 50 15 new
1099 1934 86 22 Wince.

950 1982 5 2 .
984 1961 85 22 Waitt
1084 1961 46 22 and
1142 1961 84 22 Tyser.

693 1988 89 28 August
791 1990 19 25 8,
894 2001 3 3 ■
1214 1999 3 5 •

917 2016 30 6 —
947 2016 17 6 —
1019 2015 23 10 >—
1189 2013 65 16 !**!>—

802 2033 87 20 Town
908 2032 31 21 of
951 2033 167 20 Manewatu.

667 2066 91 34 npHE
781 2065 217 23 PROPRIETORS
1022 2066 27 21 of
1074 2065 36 23 the
1131 2065 60 23 throe
1206 2066 47 22 first

674 2091 30 24 JL
755 2092 89 22 choices
858 2095 23 19 at
891 2093 39 21 the
947 2093 44 21 last
1005 2093 106 22 selection
1122 2093 26 21 of
1160 2097 93 23 country

665 2119 71 28 lands,
750 2119 84 28 having
852 2119 140 23 determined
1005 2127 62 20 upon
1084 2119 36 22 the
1136 2120 40 21 site
1191 2121 34 21 for
1240 2128 13 14 a

679 2154 93 21 TOWN
788 2153 44 22 ON
846 2153 66 23 THE
927 2153 190 22 MANEWATU
1131 2153 106 29 RIVER,

666 2180 55 22 after
725 2182 80 19 several
813 2182 58 19 visits
881 2184 23 18 to
914 2180 37 22 the
960 2181 187 27 neighbouroood,
1158 2180 47 22 and
1214 2180 38 22 the

664 2210 58 19 most
740 2208 84 22 careful
843 2208 45 21 and
906 2207 85 22 minute
1011 2207 149 22 examination
1174 2208 28 21 of
1215 2208 37 21 the

666 2239 70 17 ehtire
753 2235 91 27 district,
859 2234 68 22 aided
942 2234 32 28 by
983 2234 36 22 the
1035 2234 144 29 professional
1193 2234 57 28 skill,

664 2261 138 28 knowledge,
823 2262 43 21 and
880 2262 133 27 experience
1028 2262 26 21 of
1063 2260 38 22 the
1118 2265 59 18 most
1192 2269 60 14 com-

664 2292 77 24 petent
748 2288 88 28 judges,
852 2295 94 21 propose
962 2291 23 19 to
1001 2288 53 22 offer
1065 2288 34 21 for
1115 2288 103 28 disposal,
1229 2292 22 18 at

814 2316 38 21 the
865 2318 90 25 present
965 2316 59 26 time,
1036 2316 67 22 about

664 2349 220 22 TWENTY-FIVE
918 2349 106 26 ACRES,
1063 2348 36 22 IN
1137 2349 114 22 ALLOT-

665 2376 113 28 MENTS,
794 2376 86 22 EACH
902 2376 39 21 OF
967 2376 63 21 ONE
1050 2375 148 24 QUARTER
1212 2376 39 22 OF

880 2403 47 21 AN
941 2403 90 21 ACRE.

690 2430 47 22 The
747 2432 49 26 spot
805 2430 51 21 thus
864 2430 99 21 selected
974 2436 110 22 possesses
1092 2429 38 22 the
1139 2434 58 19 most
1212 2437 39 15 ex-

663 2457 86 22 tensive
762 2458 101 26 frontage
877 2460 24 19 to
919 2456 56 28 deep
986 2460 66 19 water
1068 2456 26 22 of
1105 2463 45 26 any
1164 2465 29 14 on
1212 2458 37 21 the

663 2484 64 22 river.
757 2484 22 22 It
796 2484 20 21 is
834 2481 98 24 situated
946 2484 47 25 just
1005 2486 22 19 at
1042 2483 49 22 that
1110 2484 63 27 point
1191 2484 58 23 from

725 2510 74 23 which
809 2517 14 15 a
831 2510 54 23 road
896 2510 74 23 would
978 2510 84 22 branch
1073 2510 33 22 off
1111 2514 24 19 to
1145 2511 37 22 the

663 2545 95 15 WOODED
781 2545 48 15 AND
849 2544 99 15 FERTILE
968 2545 116 14 DISTRICTS
1105 2545 76 16 ALONG
1204 2546 45 15 THE

835 2572 55 15 BASE
905 2572 28 14 OF
947 2571 44 15 THE
1005 2571 77 20 HILLS,

664 2592 44 22 and
720 2592 71 22 above
801 2591 73 22 which
883 2591 39 22 the
936 2591 126 27 navigation
1077 2592 34 21 for
1120 2592 82 22 vessels
1211 2592 39 22 be-

666 2626 73 15 comes
750 2619 85 26 tedious,
845 2619 24 26 if
873 2621 38 19 not
920 2619 92 26 difficult.
1042 2618 22 23 It
1071 2618 18 23 is
1095 2618 109 24 therefore
1211 2619 37 22 the

860 2646 65 28 point
934 2646 70 22 where
1014 2645 38 22 the

664 2679 89 23 LAND
768 2679 69 23 AND
851 2680 112 22 WATEE
978 2679 163 23 CARRIAGE
1155 2679 92 24 MEET,

663 2707 45 21 and
717 2707 74 22 where
801 2714 13 15 a
824 2707 69 23 Town
910 2714 58 15 must
983 2714 28 15 be
1025 2714 93 14 formed
1134 2707 65 23 when
1210 2708 38 22 the

663 2733 86 23 district
763 2735 19 21 is
792 2735 86 21 settled.
909 2734 23 22 It
940 2731 42 35 jtas
991 2733 98 23 selected
1105 2734 31 27 by
1145 2735 38 21 the
1196 2735 53 22 Sur-

663 2761 81 27 veying
754 2761 58 22 Staff
825 2768 23 16 as
857 2761 39 23 the
905 2761 135 23 rendezvous
1049 2760 38 23 for
1099 2761 59 22 their
1170 2761 62 28 body
1241 2770 5 19 ;

664 2788 44 22 and
717 2788 41 22 has
766 2789 58 21 been
834 2796 50 15 now
897 2787 75 28 found,
983 2788 57 22 after
1051 2788 88 22 several
1154 2789 94 22 months'

663 2814 104 28 location,
778 2818 22 18 to
814 2815 29 22 be
851 2815 38 22 the
899 2818 56 19 most
969 2815 171 26 advantageous'
1145 2816 102 27 position,

663 2841 57 23 from
737 2843 28 21 its
779 2842 98 27 peculiar
897 2841 85 28 facility
996 2842 26 22 of
1033 2842 113 28 approach
1155 2843 55 22 both
1218 2843 31 28 by

663 2868 54 22 land
725 2869 47 22 and
779 2872 75 19 water.
905 2872 12 24 /•

691 2896 29 21 In
730 2896 154 22 confirmation
894 2895 23 23 of
923 2895 38 22 the
971 2895 132 28 superiority
1113 2896 26 21 of
1147 2897 43 21 this
1200 2900 49 24 spot

663 2930 53 14 over
725 2930 45 20 any
779 2923 64 22 other
850 2922 135 29 yet,known,
997 2922 37 22 the
1045 2923 92 22 Messrs.
1145 2923 102 28 Kebbell,

664 2949 57 22 after
738 2950 38 21 the
796 2950 148 21 examination
960 2950 28 21 of
1002 2949 38 22 the
1058 2949 60 22 river
1134 2950 57 23 from
1210 2951 37 21 the

664 2976 90 23 Paneiri
763 2977 48 22 Pah
820 2980 24 19 to
852 2974 122 29 its'mouth,
986 2976 139 23 determined
1139 2984 29 15 on
1178 2981 71 19 erect-

868 3001 8 23 .'
899 3003 40 27 ing
950 3003 61 22 their
1040 3011 7 4 -

664 3037 67 22 SAW
744 3038 83 22 MILL
847 3036 230 24 IMMEDIATELY
1091 3037 165 27 OPPOSITE.!

663 3064 49 22 The
729 3065 73 22 works
819 3065 25 21 of
851 3064 55 29 /that
924 3064 169 22 establishment
1111 3072 38 15 are
1167 3069 24 19 at
1205 3066 44 22 this

664 3095 100 19 moment
781 3092 25 22 in
820 3091 60 29 rapid
895 3098 109 20 progress,
1021 3091 45 23 and
1085 3091 38 23 the
1141 3093 107 28 proposed

663 3118 69 23 Town
741 3118 46 24 will
796 3117 132 28 necessarily
932 3118 92 26 partake
1030 3119 27 21 of
1063 3118 43 22 this
1116 3121 131 26 advantage.

689 3146 50 22 The
758 3145 90 23 nucleus
861 3145 26 22 of
903 3152 14 15 a
934 3145 71 22 Town
1019 3145 27 28 is,
1056 3145 24 22 in
1094 3146 52 28 fact,
1158 3147 98 28 already'

663 3173 97 26 created,
769 3174 31 26 by
809 3170 35 25 tl/e
853 3172 168 22 concentration
1036 3172 26 23 of
1077 3172 37 22 the
1125 3173 124 29 Surveying

663 3199 58 23 Staff
727 3208 31 14 on
767 3199 110 28 thatjSpot,
887 3207 26 15 as
922 3199 42 24 the.
971 3203 75 19 centre
1062 3199 27 22 of
1098 3201 151 23 communica-

663 3227 47 22 tion
719 3229 24 20 to
753 3227 37 23 the
800 3226 146 32 surrounding
957 3225 97 29 district;
1070 3226 39 23 the
1120 3229 97 21 erection
1227 3229 29 25 of,

663 3253 92 24 Messrs.
765 3253 113 29 Ke^bell's
893 3254 51 22 Saw
960 3253 64 23 Mills
1041 3254 98 27 opposite
1146 3262 7 21 ;
1168 3255 30 28 by
1211 3255 38 23 the

663 3283 161 26 arrangements
838 3281 35 21 for
887 3288 31 14 an
935 3280 114 23 extensive
1061 3281 99 23 General
1171 3283 62 21 Store
1242 3290 5 20 ;

664 3307 46 23 and
718 3309 31 26 by
755 3307 89 23 thelate
853 3308 135 31 application
994 3308 34 22 for
1037 3316 14 14 a
1056 3307 110 24 Licensed
1171 3310 85 22 House,-

661 3335 76 24 on,the
744 3336 50 28 part
803 3334 27 22 of
833 3341 37 17 ,an
877 3334 127 22 individual
1017 3335 50 22 who
1082 3335 49 28 has,
1141 3336 60 23 since
1211 3337 45 21 the^

662 3359 124 25 formation'
795 3361 26 22 of
836 3361 37 22 the
889 3361 94 28 Colony,
1111 3370 16 14 a
1143 3363 106 23 lucrative
1253 3370 3 10 1

662 3389 63 21 trade
736 3385 50 26 wftii
795 3388 38 22 the
843 3388 94 27 natives,
948 3388 47 22 and
1000 3389 79 26 .whose
1089 3389 131 29 knowledge
1227 3391 26 21 of

661 3415 38 22 the
710 3415 133 27 advantages
853 3415 25 22 of
884 3415 40 22 the
933 3415 102 28 position,
1042 3417 120 27 prompted
1169 3417 48 23 him
1227 3420 24 19 at

662 3449 56 15 once
728 3440 102 30 to<t>refer
839 3442 48 22 that
901 3442 143 27 application.

687 3469 49 23 The
746 3469 92 24 Natives
851 3469 31 28 by
889 3469 76 22 whom
980 3469 44 23 this
1034 3469 57 23 land
1100 3477 45 16 was
1155 3471 96 22 claimed

661 3503 38 15 are
710 3497 58 28 quite
777 3496 109 28 prepared
890 3495 28 23 'to
927 3495 52 29 give
985 3503 31 21 up
1022 3497 133 28 possession,
1162 3499 45 21 and
1213 3506 38 15 are

661 3518 144 37 exceedingly
814 3523 94 22 anxious
922 3526 23 18 to
960 3523 59 23 have
1028 3531 14 14 a
1052 3523 120 29 European
1179 3533 72 21 popu-

659 3549 159 28 lation'among
828 3550 68 27 them,
908 3549 86 28 having
1010 3550 58 23 been
1077 3558 61 21 upon
1147 3552 37 22 the
1192 3556 60 19 most

659 3574 96 32 frien.Aly
760 3578 88 27 footing
857 3577 55 22 with
920 3577 38 22 the
971 3577 127 28 Surveying
1106 3578 60 23 Staff
1170 3579 81 26 during

658 3603 39 23 the
705 3604 50 23 fbur
762 3612 26 15 or
795 3604 45 23 five
849 3604 90 23 months
948 3604 54 28 they
1022 3604 60 23 have
1096 3605 57 22 been
1163 3605 89 24 located

658 3629 69 25 thexfe.

670 3684 5 6 t
688 3655 30 34 J[s
729 3658 38 23 the
775 3658 138 27 Proprietors
922 3664 95 22 purpose
1025 3660 24 20 to
1059 3657 87 29 dispose
1157 3660 25 21 of
1187 3660 42 23 but
1238 3667 13 15 a

659 3684 85 23 limited
758 3685 90 28 portion
863 3685 26 22 of
899 3685 41 22 the
953 3685 71 22 Town
1039 3688 24 19 at
1081 3690 95 24 present,
1195 3687 56 27 they

657 3711 79 28 pledge
746 3711 132 23 themselves
886 3712 58 27 that;
954 3714 24 19 at
986 3719 30 15 no
1035 3712 75 23 future
1118 3713 63 28 sales,
1193 3714 58 23 shall

659 3738 37 22 the
707 3739 128 22 allotments
844 3739 28 22 be
880 3742 41 24 put
927 3746 31 20 up
967 3741 25 20 at
1000 3746 14 15 a
1023 3737 47 25 less
1080 3747 50 15 sum
1138 3740 55 23 than
1201 3748 50 16 now

661 3762 88 25 offered.

666 3801 7 17 •i
686 3793 23 22 A
727 3793 132 26 Prospectus
877 3791 48 23 and
943 3792 57 23 Plan
1021 3793 26 22 of
1060 3793 39 22 the
1117 3793 76 23 Town'
1204 3794 47 23 -will

656 3819 88 28 «xiortly
752 3820 28 21 be
790 3818 68 28 ready
866 3819 36 22 for
910 3819 125 28 inspection
1051 3822 23 20 at
1087 3820 38 22 the
1136 3821 82 23 Offices
1228 3822 26 22 of

655 3846 95 22 Messrs.
761 3845 70 22 Waitt
840 3845 44 22 and
893 3847 84 26 Tyser,'
981 3847 32 22 Te
1023 3847 55 22 Aro.
1251 3856 2 13 i

650 3867 21 25 I-
685 3873 148 27 Wellington.
844 3873 66 23 Apri1
918 3874 35 24 22,
959 3874 66 22 1842>

885 3919 56 21 For
955 3919 71 21 Sale.

661 3952 121 50 SEEDS,
793 3951 38 23 the
838 3951 102 28 produce
953 3952 28 22 of
993 3949 38 26 the
1049 3954 94 25 Colony,
1149 3947 40 30 'for
1202 3945 54 34 ialei

725 3982 23 19 at
758 3979 38 22 the
1198 3977 14 42 f
