4180 5880
282 86 973 274 Mount
1450 86 1168 274 Benger
2813 86 973 274 Mail.

242 636 43 26 Ho.
298 632 51 30 fctf
406 633 54 28 Vol.
472 636 39 25 18.

770 638 210 44 pUB:ISHM)
995 637 109 26 FVARY

1263 635 7 67 |
1374 633 425 65 ROXBURGH.
1891 646 307 70 FKIDAY,
2254 643 418 65 NOVEMBER
2724 646 85 66 12,
2861 646 145 61 1897
3064 646 8 67 I

3255 651 158 60 FRIDAY.

3677 691 108 29 PRICE,
3802 690 32 27 £1
3851 698 43 26 per
3908 700 94 19 annum.

1258 1037 125 25 TEVIOT
1398 1037 149 26 SHOKJNG
1563 1038 70 27 AND
1652 1039 149 27 GENERAL

1475 1083 117 25 FORGE.

1258 1166 45 23 m
1322 1165 23 25 H
1371 1166 20 24 0
1411 1166 24 24 M
1456 1167 20 23 A
1498 1166 16 24 S
1584 1166 217 26 ANDKKW

1336 1210 50 24 Has
1402 1218 54 16 now
1472 1213 36 21 tor
1522 1209 50 26 vale
1588 1218 14 17 a
1616 1213 96 27 general
1729 1216 72 20 assert

1258 1256 64 22 raeni
1350 1254 25 25 of
1397 1254 181 32 Ironmongery,
1596 1254 138 29 Hardware,
1750 1255 51 24 Gal*

1259 1298 95 24 vanized
1367 1298 70 31 Pipes
1450 1298 46 24 and
1519 1298 33 25 all
1570 1305 123 24 neeeseary
1705 1297 96 31 fittings,

1260 1342 184 32 Eigh-pressure
1474 1341 85 30 Cooks,
1595 1342 59 31 Stop
1677 1342 56 30 Do.,
1764 1344 37 26 Ac,

1261 1387 142 29 Hardwood,
1423 1388 124 24 American
1569 1387 52 24 Tim
1624 1387 38 25 bet
1687 1387 114 31 Swinglei

1258 1434 61 22 trees
1329 1430 43 31 (all
1387 1430 80 31 sites),
1481 1431 95 32 Smithy
1590 1430 70 26 Ooala
1683 1430 118 25 American

1258 1475 46 23 and
1329 1474 96 30 Knglish
1447 1475 72 30 Barb*
1519 1475 73 30 Wire,
1618 1474 105 32 Fencing
1740 1474 61 26 Wire

1258 1517 45 25 and
1322 1517 136 30 Standards,
1477 1517 55 30 &e.,
1548 1517 51 29 <4e.,
1611 1517 77 25 which
1707 1517 48 25 will
1777 1517 24 24 be

1258 1562 49 25 sold
1319 1566 22 21 at
1355 1566 40 21 tbe
1407 1562 80 25 lowest
1500 1562 172 25 remunerative
1682 1562 84 32 prices.

1286 1632 26 24 T.
1328 1634 27 22 A.
1372 1632 22 24 in
1405 1632 68 24 order
1484 1636 24 22 to
1519 1632 113 25 facilitate
1646 1632 41 25 the
1703 1639 86 24 require-

1256 1679 74 22 ments
1337 1675 25 27 of
1371 1676 40 26 the
1421 1675 92 26 district
1523 1675 43 26 has
1576 1674 78 27 added
1664 1677 24 24 to
1696 1674 35 26 his
1741 1675 60 30 plant

1256 1729 12 15 a
1279 1721 106 28 Turning
1397 1721 80 26 Lathe,
1489 1720 102 29 Drilling
1603 1720 118 27 Machine,
1738 1719 63 23 Tire-

1255 1773 38 24 mg
1323 1764 75 32 Plate,
1427 1764 120 33 G*«*Pipc
1571 1762 85 27 Stocki
1677 1763 58 26 Dies
1759 1763 42 24 and

1256 1810 60 31 Tapa
1329 1809 34 32 (J,
1374 1810 47 26 lin,
1434 1812 45 22 and
1500 1809 71 31 Is)
1573 1808 31 25 all
1613 1808 28 26 of
1654 1808 77 25 which
1744 1808 29 24 he

1257 1852 111 31 prepared
1378 1856 23 20 to
1412 1860 40 16 use
1461 1860 28 17 on
1501 1854 61 22 most
1574 1851 136 25 reasonable
1722 1854 74 22 terms

1286 1923 111 30 Farming
1406 1923 46 25 and
1470 1923 93 27 Mining
1578 1922 153 33 Implement*
1740 1922 61 24 made

1255 1968 44 22 aud
1317 1967 113 31 repaired.

1312 2077 111 31 Shoeing,
1434 2077 34 30 6»,
1479 2078 35 29 7*,
1531 2078 46 24 and
1603 2079 26 23 8s
1645 2085 39 25 psi
1702 2080 34 22 wt

1249 2243 61 58 T.
1390 2242 409 67 WHELAN,

1286 2322 169 32 FARRIER
1476 2323 83 31 AND
1584 2321 181 33 GENERAL

1395 2369 263 36 BLACKSMITH,

1258 2431 165 45 OfISHES
1463 2436 30 27 to
1524 2432 101 30 inform
1664 2432 44 30 his
1738 2434 63 36 past

1356 2472 159 30 Customers
1536 2473 56 29 and
1613 2472 47 30 the
1682 2471 117 30 General

1246 2511 96 31 Public
1354 2512 62 30 that
1428 2513 35 29 he
1475 2513 50 30 has

1246 2564 184 31 RESUMED
1457 2564 191 31 BUSINESS
1666 2564 44 30 IN
1729 2563 66 30 HIS

1373 2612 76 31 OLD
1475 2612 193 32 PREMISES

1263 2661 133 38 (recently
1408 2662 133 38 occupied
1560 2662 38 37 by
1620 2661 46 29 Mr
1687 2660 28 30 J.
1740 2660 38 29 H.

1439 2701 159 39 Aldridge),

1305 2741 104 31 Where
1421 2742 34 30 he
1468 2742 23 30 is
1504 2741 136 41 prepared
1653 2744 29 28 to
1695 2741 36 31 do

1241 2805 325 31 BLACKSMITHING
1589 2805 48 30 OP
1661 2804 130 31 EVERY

1464 2853 111 30 KIND.

1277 2920 80 30 T.W.
1380 2925 86 25 trusts
1491 2921 44 30 his
1554 2921 104 29 former
1679 2924 113 35 patrons

1239 2960 54 28 will
1305 2960 70 38 rally
1387 2961 88 28 round
1488 2961 67 35 him,
1566 2959 55 30 and
1634 2970 51 19 cau
1698 2970 93 18 assure

1238 3000 76 28 them
1333 2999 48 30 the
1394 3010 74 19 same
1491 2999 65 30 skill
1579 2999 56 30 and
1653 2999 137 30 attention

1238 3039 89 30 which
1340 3040 114 29 marked
1466 3039 43 30 his
1519 3040 132 29 Business
1658 3039 131 39 formerly

1238 3079 55 29 will
1305 3079 35 30 be
1353 3080 140 29 exercised
1505 3080 29 29 in
1547 3080 102 29 future.

1288 3151 222 22 HORSESHOEING
1536 3152 21 22 A
1581 3151 161 22 SPECIALTY.

1259 3238 226 39 THOMAS
1506 3238 262 43 WHELAN,

1296 3298 261 37 Scotland-street,
1577 3297 162 33 Roxburgh.

1382 3510 10 31 [
1397 3511 148 24 Established
1561 3511 83 33 1865.]

1247 3581 79 38 f0
1354 3591 24 26 H
1407 3592 19 24 N
1499 3591 111 26 GIL

1636 3591 133 26 LIES

1239 3720 194 29 FURNITURE
1460 3721 45 25 and
1533 3720 254 26 UPHOLSTERING

1408 3764 208 25 WAREHOUSE

1329 3829 33 28 18,
1376 3828 91 31 George
1479 3828 87 28 Street,
1580 3827 123 25 i>unedin.

1268 3892 51 23 Bu
1340 3898 31 15 on
1395 3890 63 23 hand
1474 3898 13 15 a
1507 3890 76 30 Large
1605 3890 48 25 and
1672 3890 113 30 Splendid

1239 3924 149 24 Assortment
1411 3922 24 24 of
1460 3921 59 26 New
1540 3921 46 26 and
1607 3921 99 32 Elegant
1728 3921 47 25 Fur

1239 4053 57 24 Iron
1327 4050 140 30 Bedsteads,
1502 4050 97 32 Spring,
1637 4050 69 28 Hair,
1742 4053 43 22 and

1300 4084 106 24 Woollen
1419 4083 72 26 Fiock
1505 4085 144 28 Waitresses,
1664 4083 45 24 and
1723 4083 47 25 Bed-

1298 4117 57 32 ding
1366 4116 24 25 of
1406 4116 31 25 all
1453 4116 165 32 descriptions.

1240 4180 108 26 Brussels
1369 4180 121 30 Tapestry,
1512 4179 47 24 and
1592 4177 193 26 Kidderminster

1299 4214 106 29 Carpets.
1424 4213 63 26 Runs
1508 4212 46 24 and
1572 4212 121 31 Mattings,
1713 4212 56 24 Lino-

1299 4245 73 24 leums
1395 4245 46 24 and
1462 4243 156 31 Floorcloths,
1635 4245 42 24 fell
1700 4244 73 25 width

1299 4278 46 24 and
1360 4277 114 26 bordered
1485 4278 37 24 for
1534 4277 107 31 lobbies}.

1240 4341 192 26 Perambulators
1463 4340 138 31 (reversible
1631 4339 76 26 hoods
1738 4341 45 24 and

1300 4376 84 22 rubber
1396 4375 44 23 tire
1453 4376 103 29 wheels).

1243 4437 94 25 Walnut
1353 4436 118 24 Overman
1476 4437 49 27 ties,
1542 4436 48 25 and
1606 4436 37 25 GiL
1683 4435 100 30 Jirrors,

1378 4469 76 24 Wood
1468 4470 46 23 and
1528 4469 47 24 Cap
1580 4477 11 16 9
1606 4469 91 25 Chairs.

1237 4610 130 25 Furniture
1376 4609 113 30 Applied
1500 4617 30 16 on
1541 4609 65 25 Time
1618 4609 127 31 Payment.

1286 4682 140 28 Everybody
1437 4680 89 24 invited
1536 4683 25 21 to
1620 4680 47 24 and
1679 4680 101 31 Inspect

1239 4714 75 25 Prices
1326 4720 52 19 sent
1390 4723 31 14 ou
1435 4715 143 28 application
1590 4717 25 20 to
1625 4721 46 22 any
1688 4720 53 23 part
1758 4721 23 15 o.

1426 4744 39 24 the
1480 4747 117 29 Country.

1237 4887 106 30 Country
1364 4884 80 24 orders
1463 4884 138 31 punctually
1621 4882 113 26 attended

1367 4917 46 24 aud
1424 4917 115 29 careful.y
1550 4916 99 30 packed.

1371 5078 282 30 NOTICE,

1240 5160 67 56 ON
1340 5159 47 26 and
1405 5160 60 26 after
1493 5160 41 24 the
1551 5159 34 25 Ist
1604 5158 26 27 of
1656 5158 57 33 July
1738 5167 41 19 out

1317 5195 66 24 Pric?
1396 5195 50 24 List
1460 5195 44 22 will
1524 5194 28 24 be
1561 5201 26 17 as
1601 5193 121 25 follows—

1249 5264 84 32 Sheep.
1350 5265 29 23 21
1393 5272 41 24 per
1447 5265 23 23 lb
1483 5263 56 25 cash
1595 5261 45 33 2}d
1653 5262 25 25 lb
1689 5263 91 25 booked

1267 5298 55 26 Mile,
1338 5298 44 29 m
1444 5298 38 23 do.
1620 5295 46 32 2|d
1683 5296 40 26 do.

1294 5333 122 21 Alternate
1428 5335 106 25 quarters
1547 5329 43 23 -*i
1601 5335 42 23 per
1657 5328 31 24 lb.

1266 5393 55 26 Beef
1331 5393 31 26 4d
1376 5398 25 20 to
1417 5392 31 25 6d
1469 5400 41 23 per
1521 5392 31 24 lb.
1568 5390 125 31 according
1704 5395 25 21 to
1740 5397 41 21 cut

1294 5428 46 22 and
1356 5428 117 29 quantity,
1484 5425 56 22 with
1556 5423 28 24 Id
1595 5423 24 24 in
1632 5423 42 24 the
1684 5423 97 33 shilling

1294 5458 107 25 discount
1419 5457 35 25 for
1466 5457 65 25 cash.

1263 5522 72 26 Small
1345 5522 81 25 Goods
1437 5521 89 31 always
1536 5527 30 18 on
1579 5519 73 27 hand.

1262 5594 56 24 Five
1333 5601 42 24 per
1385 5597 54 21 cent
1460 5591 111 25 discount
1584 5591 46 25 will
1642 5590 32 27 be
1683 5590 98 28 allowed

1233 5634 32 18 on
1281 5626 107 33 monthly
1406 5629 130 29 payments.

1273 5696 125 27 GIDEON
1417 5697 28 24 k.
1467 5693 104 26 SMITH
1585 5693 23 27 A
1625 5693 66 27 SON.

1404 5729 127 28 Batchers,
1550 5727 84 27 Tetiat
1656 5727 103 27 Downs.

102 773 184 50 Ormonds'
318 777 107 51 Hotel,
458 776 194 54 Roxburgh.

133 864 25 21 G.
172 863 35 23 W.
219 861 128 31 SPQONER
482 861 145 21 Proprietor.

219 931 86 29 above
317 929 85 30 Hotel
412 930 48 29 has
472 930 68 29 been
551 929 100 29 rebuilt

189 971 30 31 of
230 975 78 25 stone
320 970 54 30 and
388 970 167 39 thoroughly
573 980 62 19 reno-

106 1013 90 34 vated,
209 1011 54 29 and
280 1012 104 37 having
406 1012 67 27 been
497 1011 153 28 Furnished

106 1052 170 40 throughout
299 1051 29 30 in
352 1051 144 30 first-class
522 1050 79 40 style,
627 1051 23 29 is

105 1104 61 18 now
174 1103 51 19 one
233 1093 29 28 of
269 1092 47 29 the
326 1096 72 25 most
406 1092 179 29 comfortable
595 1091 54 29 and

97 1131 191 33 'commodious
301 1131 98 30 Hotels
412 1142 36 30 np
459 1136 124 35 country.

105 1211 57 30 The
183 1210 233 31 accommodation
437 1210 43 30 for
500 1209 151 30 Travellers

177 1252 55 30 and
246 1251 134 31 Boarders
392 1252 24 29 is
429 1251 161 30 unrivalled.

97 1321 95 36 'Thorn
204 1325 56 30 and
273 1324 157 32 Cameron's
444 1324 53 31 Old
510 1324 142 40 Highland

306 1366 145 38 Whiskey.

152 1436 64 22 TWO
228 1434 37 24 O?
278 1435 143 23 ALLOOCKS
434 1435 73 23 FULL
519 1435 81 23 SIZED

251 1464 136 22 BILLIARD
399 1465 112 25 TABLES,

120 1493 112 28 Marker
263 1492 101 37 always
396 1493 27 27 in
457 1492 171 29 attendance.

204 1568 172 31 Fiest-class
403 1569 141 35 Stabling,

210 1610 100 39 charge
320 1609 30 30 of
359 1620 34 18 an
406 1609 117 29 efficient
537 1609 109 30 Groom.

124 1673 151 30 Travellers
286 1673 86 30 called
385 1674 43 28 for
441 1674 36 28 all
491 1673 129 30 Coaches.

90 1749 349 57 COMMERCIAL
484 1754 161 39 HOTEL,

289 1806 167 21 ROXBURGH.

171 1896 59 30 Mrs
249 1896 108 37 Heron,
378 1897 194 39 Proprietress.

132 2000 59 30 One
204 2001 29 29 of
245 2001 47 29 the
305 2001 61 29 best
378 2001 100 29 known
498 2000 54 30 and
572 2004 72 26 most

82 2042 190 29 'comfortable
293 2043 151 28 Hostelries
465 2043 28 27 in
514 2042 46 29 the
588 2042 40 38 Up-

81 2088 5 10 '
92 2086 117 33 country
223 2082 139 29 Districts.

131 2132 80 31 Cobb
223 2133 54 30 and
292 2132 74 31 Co.'a
381 2134 83 37 Hoyal
486 2133 65 28 Mail
574 2133 68 28 Line

91 2173 31 29 of
145 2173 120 30 Coaohes
277 2175 122 38 running
418 2175 123 28 between
564 2173 58 28 Law-

90 2223 83 20 rence
197 2214 54 29 and
273 2214 183 37 Queenstown
479 2215 88 28 arrive
587 2213 54 30 and

91 2253 98 38 depart
201 2254 84 37 daily.

89 2344 118 41 Liquors
219 2345 30 30 of
260 2346 48 29 the
321 2347 62 28 best
391 2345 101 30 brands
500 2346 65 38 only
573 2346 66 39 kept

300 2385 29 30 in
342 2385 89 30 stock.

85 2488 127 40 Buggies
223 2489 55 30 and
292 2489 101 30 Saddle
402 2489 103 30 Horses
513 2498 36 21 on
558 2488 78 30 Hire.

151 2599 266 27 OLDFIELDS
475 2599 52 25 BO
537 2599 100 27 TEL.

295 2664 134 24 Roxburgh

125 2805 42 27 »J.
187 2807 28 25 A.
240 2805 89 25 BOYD
362 2825 26 7 ...
423 2806 140 32 Proprietor

129 2898 4 27 1
143 2898 121 25 Excellent
306 2902 200 22 accommodation
535 2900 37 25 for

181 2932 116 23 Boarders
319 2933 45 23 and
389 2933 140 23 Travellers*

181 2996 82 24 Terma
296 3004 62 19 moat
392 2998 136 26 rea&ouable

172 3064 140 25 First-class
330 3064 96 26 Billiard
442 3067 83 25 Table.

101 3128 56 24 ■The
175 3128 51 24 best
238 3125 28 25 of
280 3133 79 21 wines,
376 3127 56 25 beer
451 3128 45 25 and
515 3128 81 31 spirits

259 3158 58 31 kept
343 3159 22 24 in
387 3159 68 26 stock

122 3234 8 7 l
140 3227 69 25 Good
226 3227 109 30 Stabling
352 3227 217 25 Accommodation.

150 3340 200 26 LBION
412 3341 218 27 HOTEL.

292 3407 140 31 Roxburgh.

143 3511 14 27 J
185 3511 36 26 H.
244 3511 146 28 WAIGTH,
422 3528 27 7 ...
483 3511 138 33 Proprietor

112 3606 59 25 This
202 3603 195 27 old-establiched
433 3603 70 26 Hotel
532 3605 21 23 ia
582 3603 49 24 well

84 3637 4 30 ,
98 3647 69 16 now,!
181 3638 57 25 both
250 3643 25 19 to
289 3640 40 21 the
341 3637 119 25 residents
484 3637 48 24 and
546 3638 87 24 travel*

99 3679 31 23 ng
144 3671 49 31 pub
203 3672 31 23 ic.

113 3714 122 27 Excellent
266 3714 203 25 accommodation

92 3760 53 24 The
157 3760 50 23 beat
219 3760 25 23 of
253 3760 87 29 liquors
355 3757 56 32 kept
424 3765 30 16 on
466 3758 40 24 the
518 3756 114 32 premises

153 3803 141 24 First-class
320 3801 103 25 Billiard
450 3801 87 27 Table,

171 3869 107 27 Sibling
311 3867 224 25 aceonmodaiion.

77 3995 73 52 ©•
199 3989 433 61 Towns-hend,

118 4073 268 38 MORNINGTON,
405 4072 190 31 DUNEDIN.

219 4184 57 22 FOR
301 4182 198 27 RHEUMATISM,

81 4237 284 34 TOWNbHEND'S
403 4235 234 31 RHEUMATIC

266 4282 193 33 LINIMENT

82 4351 21 26 is
117 4359 12 18 a
143 4358 59 19 cure
214 4348 38 27 for
264 4346 81 28 which
359 4346 30 27 he
408 4344 44 28 has
471 4347 42 25 the
536 4342 102 37 highest

141 4385 172 32 testimonials,
326 4383 48 28 and
388 4382 80 28 which
481 4383 44 26 has
538 4387 43 22 not

261 4422 61 27 been
335 4419 116 30 excelled.

144 4510 79 31 THE
242 4506 182 33 PARAGON
445 4505 124 32 SALVE

116 4578 56 18 now
186 4577 14 18 a
217 4567 160 26 well-known
397 4563 107 36 specific,
522 4563 50 27 and
590 4563 45 27 has

150 4603 92 39 proved
255 4613 32 18 an
306 4602 111 28 absolute
435 4608 76 20 cure
529 4599 37 28 for

81 4652 96 33 Ulcers,
198 4650 92 30 Burns,
310 4647 93 33 Scalds,
423 4647 70 35 Open
506 4644 127 35 Wounds,

137 4687 123 30 Poisoned
273 4685 75 30 Flesh
362 4684 49 29 and
423 4683 33 28 all
468 4683 74 28 kinds
554 4684 29 26 of

321 4723 79 27 Sores.

209 4806 294 33 TESTIMONIALS.

104 4867 19 21 A
141 4864 99 23 Resident
260 4863 23 21 of
300 4863 33 21 St.
351 4861 91 22 Bathana

81 4893 112 28 •purchased
203 4900 13 13 a
224 4891 40 21 box
277 4889 22 22 of
307 4896 51 19 your
367 4889 115 26 Ointment,
491 4887 40 22 and
541 4887 17 21 it
566 4887 65 22 eared

81 4929 25 13 t.n
115 4927 52 19 open
176 4925 44 15 aore
225 4918 53 21 from
285 4917 65 20 which
355 4923 36 16 my
396 4915 68 22 father
471 4922 38 13 was
517 4915 113 24 suffering;

80 4950 20 19 in
110 4947 50 26 fact,
169 4946 17 21 it
198 4951 41 14 was
251 4944 37 21 the
299 4943 45 21 best
353 4943 108 21 Ointment
477 4948 30 14 we
515 4941 52 21 have
580 4947 51 15 ever

80 4975 48 25 had.
155 4975 19 21 It
183 4978 40 23 yon
240 4972 51 22 have
304 4977 40 21 any
359 4976 55 16 more
428 4969 108 22 Ointment
550 4968 42 23 like
601 4968 27 27 it,

79 5005 67 25 please
155 5002 50 21 send
213 5007 64 14 some.

104 5044 92 26 Writing
205 5042 53 22 from
272 5040 37 22 the
322 5038 69 23 North
402 5038 49 22 Enst
460 5037 81 27 Valley,
550 5044 14 15 a
572 5037 58 27 Lady

81 5078 82 22 gays:—
186 5070 64 26 Bring
259 5075 32 16 me
299 5075 13 14 a
320 5067 75 28 aupplv
404 5066 22 21 of
433 5072 50 20 your
489 5066 108 21 Ointment
602 5071 28 14 on

81 5108 50 13 \our
146 5101 51 19 next
211 5098 55 26 visit,
282 5104 22 14 as
320 5103 30 14 we
364 5094 92 22 consider
470 5094 17 21 it
498 5092 132 23 invaluable.'

104 5141 88 19 Tnomas
212 5137 93 25 Moffott,
328 5135 23 20 of
380 5133 90 25 Sfosgiel,

82 5169 53 22 have
144 5165 49 24 used
202 5171 52 22 your
263 5160 123 26 Rheumatic
395 5160 103 23 Liniment
510 5159 67 24 twice,
590 5158 40 23 and

81 5198 53 20 have
142 5195 82 26 airway
233 5191 92 23 received
336 5190 35 22 the
384 5192 90 25 greatest
487 5188 76 22 benefit
576 5188 54 21 from

78 5225 25 20 it.
129 5221 56 23 Send
193 5226 56 16 more

115 5270 98 29 Dozens
235 5267 29 27 of
284 5266 71 27 other
375 5261 173 30 Testimonials
569 5262 62 27 have

80 5309 50 26 also
145 5308 59 26 been
218 5305 111 27 receiyed
351 5303 32 36 by
405 5301 42 28 the
465 5300 166 36 undersigned

79 5346 67 27 unite
160 5341 154 30 unsolicited.

197 5427 67 29 Send
276 5436 65 27 jour
352 5425 92 27 Orders
456 5427 28 24 to

134 5482 33 33 C.
221 5474 353 38 TOWNSHEND,

175 5538 203 26 MORNINGTON,
391 5534 136 25 DUNEDIN

160 5658 88 31 Koeae
259 5656 57 30 Tea
333 5655 25 29 is
379 5653 38 40 by
439 5652 44 30 far
501 5651 47 30 the
567 5650 61 30 best

75 5701 80 37 falue
163 5696 167 34 obtainable.
350 5694 90 31 Johns
450 5691 176 36 &M'Combe,

73 5745 120 38 Agents,
205 5738 106 31 Millers
324 5736 72 30 Flat.

683 817 41 60 J
757 818 20 22 A
806 817 17 23 B
850 818 18 23 E
896 818 18 24 Z
962 816 264 27 BURTON

824 853 17 20 A
857 851 18 24 I)
889 852 18 24 C
926 850 15 25 r
952 851 10 23 I
975 851 21 25 0
1012 853 16 21 N
1043 850 20 25 E
1074 850 20 25 £
1108 851 19 23 ti

681 936 156 27 GENERAL
865 939 206 25 COMMISSION
1107 938 120 29 AGENT,

771 988 153 21 RJGIBTKKID
940 990 95 18 MINING
1051 989 86 18 AGBNT.

710 1051 77 28 Agent
806 1048 179 26 for—National
1006 1047 51 27 Fire
1074 1048 47 26 and
1137 1047 89 26 Marine

748 1082 130 26 .Insurance
890 1087 41 21 Co.

710 1156 55 25 New
783 1154 102 25 Zealand
903 1153 130 26 Insurance
1049 1152 40 26 Co.

714 1226 91 26 Mutual
824 1227 131 22 Assurance
972 1225 93 31 Society
1081 1223 24 25 of
1122 1222 105 26 Victoria

774 1258 74 25 Lmtd.
870 1257 63 31 (Life
947 1258 147 30 Insurance),
1114 1257 47 24 and
1174 1256 16 24 S
1207 1257 19 23 K

771 1293 113 24 Stedman
898 1292 114 31 importer
1023 1291 25 24 of
1062 1291 115 30 Bicycles.

714 1356 107 32 Bicycle*
837 1355 99 30 bought,
959 1354 59 24 sold,
1048 1362 27 16 or
1090 1352 137 32 exchanged

772 1390 35 22 for
820 1395 48 16 new
887 1395 56 16 ones

759 1869 83 26 ILL
858 1870 49 25 IA
924 1870 24 25 M
1003 1866 223 30 MERCER,

748 1942 84 24 Bakes
866 1949 51 17 and
949 1942 158 23 Connection
1113 1945 39 19 ee,

765 2013 199 25 Scotland-street
990 2010 141 32 Roxburgh.

705 2082 52 25 The
773 2083 83 31 above,
868 2086 69 24 while
959 2081 114 29 tbankmg
1091 2080 39 24 the
1143 2078 80 32 public

675 2127 25 24 of
727 2127 40 25 the
783 2128 87 24 Mount
892 2129 91 30 Benger
1006 2126 94 24 district
1118 2124 37 25 for
1179 2122 43 25 the

675 2171 81 25 liberal
779 2178 98 26 aupport
894 2172 116 25 accorded
1037 2171 49 23 him
1107 2169 64 25 aince
1190 2166 31 26 he

674 2217 147 24 commenced
839 2217 106 25 business
956 2217 24 23 in
999 2213 134 31 Roxburgh,
1146 2213 74 31 hopes

675 2267 24 17 'o
714 2262 89 24 receive
814 2269 13 17 a
840 2262 157 24 continuance
1011 2260 28 24 of
1051 2267 75 17 same.

694 2325 99 32 Soirees,
807 2326 72 30 Balls,
1028 2324 81 34 public
1121 2324 99 32 gathers

672 2373 53 22 togs
738 2366 99 25 Catered
849 2366 44 25 for.

701 2436 167 31 o*Wedding
895 2436 47 25 and
967 2435 112 31 Birthday
1107 2432 78 27 Cakes
1204 2439 15 18 a

672 2474 129 33 speciality.

757 3004 12 25 I
795 3003 21 26 L
839 3003 20 27 L
886 3005 10 24 I
922 3005 22 24 A
969 3003 26 24 M
1079 3003 128 26 BAIN

771 3050 124 27 Butchkr,
928 3046 103 25 Bbngkk
1047 3045 66 27 Flat

690 3193 110 27 Families
811 3191 83 26 waited
905 3200 31 17 on
956 3199 28 18 or
992 3191 82 26 ords;s

691 3263 59 26 beef
774 3262 46 24 and
847 3264 95 22 mutton
967 3262 25 24 of
1018 3262 75 31 prime
1117 3262 93 33 quality

662 3333 120 27 delivered
797 3334 25 23 in
834 3340 46 23 any
892 3335 51 28 part
953 3338 26 20 ot
990 3335 40 23 the
1040 3333 100 27 district

691 3403 73 27 Smrll
778 3403 75 31 goods
861 3403 87 27 always
959 3412 29 16 on
1001 3404 69 25 hand.

744 3596 226 26 OTHER

900 3674 25 28 3
960 3676 20 23 E
1007 3676 10 24 I
1044 3675 21 24 G
1093 3675 21 25 E
1140 3674 38 27 L»
1194 3676 16 24 8

802 3781 166 24 PKRATINQ
1006 3783 121 32 r)ILL3,

665 3888 167 27 Costipatiox,
865 3887 125 22 Sluggish
1037 3887 86 30 Livhk,
1161 3889 46 24 &q.

697 3967 85 24 Unlike
793 3975 71 22 many
880 3967 70 24 kinds
966 3967 25 24 of
1004 3968 115 26 cathartic
1137 3971 58 24 medi-

666 4008 71 20 cines,
750 4000 33 25 do
796 4005 41 19 not
848 4000 70 25 make
931 4007 43 23 you
987 4001 43 25 feel
1044 4009 74 18 worse
1129 4003 80 26 before

666 4042 45 24 you
742 4033 44 25 feel
816 4034 75 23 better
940 4033 71 24 Their
1038 4036 122 29 operation
1190 4037 20 24 is

666 4066 87 33 gentle,
778 4066 41 24 but
840 4065 124 31 thorough,
988 4067 48 23 and
1063 4069 144 24 unattended

668 4099 54 25 with
733 4099 162 31 disagreeable
906 4097 89 30 effects,
1005 4100 58 24 such
1075 4108 28 17 as
1115 4109 96 23 nausea,

667 4132 93 32 griping
773 4131 76 31 pains,
865 4130 40 25 &c.

696 4164 96 33 Seigel's
808 4164 129 32 Operating
962 4165 55 24 Pills
1038 4173 39 17 are
1096 4167 41 24 the
1159 4167 52 24 bast

668 4198 80 31 family
759 4197 82 31 physic
864 4198 51 23 that
938 4198 42 23 has
1000 4199 63 23 iever
1086 4200 58 24 been
1164 4200 36 23 dis-

667 4231 110 25 covered.
810 4230 64 31 They
887 4229 96 26 cleanse
992 4231 39 24 the
1047 4231 87 25 bowels
1151 4233 59 23 from

666 4264 32 24 all
712 4262 116 32 irritating
842 4263 146 29 substances,
1000 4263 47 25 and
1063 4264 66 25 leave
1147 4265 64 24 them

666 4305 14 16 n
694 4304 15 17 a
722 4297 96 30 healthy
829 4296 131 24 condition.

696 4329 49 25 The
758 4330 52 23 best
821 4328 96 29 remedy
927 4334 83 20 extant
1021 4329 34 25 for
1067 4330 40 25 the
1115 4330 61 25 bane
1187 4329 27 26 of

666 4370 42 16 our
736 4362 59 24 lives
841 4361 158 30 constipation
1027 4363 48 24 and
1105 4363 106 32 sluggish

666 4396 63 25 liver.

694 4428 77 24 These
786 4426 54 25 Pills
850 4431 97 27 prevent
955 4426 77 25 fevers
1041 4428 46 24 and
1098 4429 31 23 all
1140 4428 71 24 kinds

665 4461 25 24 •>f
706 4460 108 25 sickness
838 4462 29 28 by
887 4461 121 29 removing
1032 4461 31 23 all
1083 4469 68 21 pouo
1169 4468 42 16 ou«

666 4499 84 19 matter
769 4492 60 26 from
847 4492 39 25 the
903 4492 93 25 bowels.
1029 4492 64 32 Tbey
1114 4499 96 24 operate

665 4527 97 31 briskly,
773 4531 38 26 yet
825 4525 89 31 mildly,
926 4525 98 26 without
1035 4534 46 23 any
1093 4527 63 30 pain.

696 4560 19 23 If
738 4567 45 23 you
805 4561 56 22 take
882 4566 16 15 a
919 4565 81 17 severe
1021 4558 63 30 cold,
1103 4560 48 23 and
1170 4567 41 16 are

664 4591 138 25 threatened
825 4591 55 24 with
901 4598 15 17 a
934 4591 72 30 fever,
1025 4591 55 24 with
1102 4591 68 30 pains
1187 4592 22 23 in

664 4624 39 25 the
724 4623 71 30 bead,
817 4623 68 31 back,
907 4623 48 24 and
974 4623 79 29 limbs,
1073 4630 23 17 ot
1120 4631 27 17 or
1164 4628 46 21 two

661 4658 72 25 doses
754 4658 27 24 of
802 4656 99 32 Seigel's
925 4656 129 32 Operating
1080 4656 58 26 Pills
1165 4657 44 25 will

662 4690 73 25 break
759 4698 32 23 up
819 4690 40 25 the
886 4689 54 25 cold
969 4689 48 24 and
1044 4694 97 27 prevent
1170 4691 39 24 the

662 4724 72 24 fever,

691 4757 22 22 A
723 4755 85 24 coated
820 4760 96 24 tongue,
927 4755 54 23 with
994 4761 15 16 a
1022 4755 109 23 Drackish
1142 4760 62 19 taste

661 4788 19 24 is
692 4788 87 24 caused
792 4788 29 29 by
834 4788 48 24 foul
897 4791 85 20 matter
995 4786 24 25 in
1035 4787 40 24 the
1089 4788 117 24 stomach.

663 4822 18 22 A
697 4821 44 23 few
756 4821 70 23 dozes
846 4820 24 23 of
887 4820 95 28 seigel's
1002 4819 129 31 Operating
1150 4819 57 24 Pills

661 4852 44 25 will
717 4854 95 23 cleanse
824 4852 39 24 the
875 4852 115 28 stomach,
1003 4859 95 17 remove
1111 4854 39 22 the
1161 4853 45 22 bad

661 4892 68 23 taste,
739 4885 48 25 and
807 4891 88 18 restore
912 4884 39 25 the
962 4885 112 30 appetite,
1088 4885 47 24 and
1153 4885 53 23 with

670 4925 7 18 t
690 4919 68 29 bring
769 4918 62 30 good
844 4917 87 24 health.

689 4953 5 18 <
702 4950 233 30 >ftentuuesdisease,
945 4957 27 15 or
981 4949 108 31 partially
1099 4949 105 30 decayed

659 4983 65 28 food,
759 4990 84 17 causes
879 4983 114 29 sickness,
1026 4990 98 21 nausea,
1158 4982 47 23 and

660 5017 126 22 diarrhoea.
818 5015 23 23 If
863 5015 40 23 the
924 5015 87 23 bowels
1033 5022 40 16 are
1094 5015 111 22 cleansed

679 5056 40 16 om
731 5048 46 24 this
790 5047 110 30 impurity
912 5047 55 24 with
979 5055 14 16 a
1004 5047 59 24 dose
1074 5045 27 26 of
1109 5045 96 32 :>eigel's

661 5081 127 32 Operating
800 5080 63 28 Pills,
874 5080 67 25 these
952 5079 163 32 disagreeable
1124 5079 82 25 effects

666 5115 39 23 vill
718 5114 91 28 vanish,
821 5113 48 24 and
881 5113 62 30 good
959 5113 80 24 health
1051 5113 46 23 will
1109 5113 79 23 result.

689 5145 96 32 Seigel's
806 5145 130 31 Operating
964 5144 56 25 Pills
1047 5151 97 25 prevent
1169 5145 25 22 ill-

660 5179 80 26 stfects
752 5179 60 25 from
821 5186 82 18 excess
917 5179 23 23 in
952 5184 80 25 eating
1044 5186 26 16 or
1085 5177 117 28 drinking.

663 5216 16 19 A
691 5212 64 31 good
766 5212 58 23 dose
837 5218 24 17 at
873 5211 104 24 bedtime
987 5212 96 23 renders
1096 5218 14 16 a
1120 5218 84 24 person

662 5244 23 26 St
696 5245 35 24 for
745 5245 110 24 harness
874 5251 15 17 n
901 5244 40 22 th»
953 5244 117 30 morning.

690 5278 75 25 These
790 5277 63 29 rills,
873 5277 70 30 being
969 5275 174 32 sug<tr-coaced.
1167 5282 39 17 are

661 5312 106 27 pleasant
778 5315 25 19 to
815 5310 63 24 take.
913 5309 51 24 The
973 5310 163 27 disagreeable
1145 5312 60 21 taste

673 5350 98 17 ommon
781 5348 25 19 to
820 5347 62 19 most
894 5341 53 32 pills
958 5348 39 17 are
1009 5340 120 25 obviated.

693 5484 44 26 For
748 5484 50 26 sale
811 5484 31 31 by
854 5482 32 26 all
899 5482 128 30 Chemists,
1039 5480 135 35 Druggists,

778 5519 48 24 and
840 5517 119 24 Medicine
973 5515 115 26 Vendors.

840 5600 166 23 PROPRIETORS
1018 5607 6 16 :

747 5666 31 25 A.
801 5662 24 27 J.
849 5659 110 29 WIIITI
995 5659 112 27 Limited

804 5733 102 27 London
934 5729 119 35 England.

1845 823 228 60 GREATFORD
2104 826 126 25 BOTANI
2246 823 3 60 '
2261 825 33 22 »Ij
2329 823 60 24 DI.S.

1954 857 142 26 I't£JSi.USG
2115 858 172 26 COMPANY.

1870 921 22 25 If
1902 930 46 23 you
1965 931 38 16 are
2019 923 51 25 »ick
2082 925 23 22 iu
2122 933 45 22 any
2194 933 50 21 way
2268 925 119 23 whaievrr

1841 955 56 23 scud
1915 964 12 15 &
1942 957 108 29 stamped
2063 960 114 28 envelope
2189 963 23 19 to
2233 966 43 15 our
2298 964 89 23 agency

1844 986 160 34 Wellington;
2018 993 62 21 stats
2098 990 38 26 the
2160 999 52 16 case
2234 999 24 15 an
2273 990 76 24 minut
2366 988 5 24 1

1840 1028 38 16 are
1890 1023 103 28 poa.<ible
2017 1023 47 24 and
2079 1030 46 23 you
2150 1024 91 23 receive
2258 1022 80 24 advice
2358 1021 27 32 by

1840 1060 80 18 return
1939 1059 58 26 pout.
2013 1060 140 27 Uurag«'»ts
2171 1065 38 16 are
2220 1055 30 26 all
2261 1054 122 33 qualified.

1839 1086 20 23 Ir
1872 1094 45 23 you
1939 1089 60 24 encl>
2011 1097 24 16 srt
2055 1089 24 25 *2?
2096 1089 30 24 Qd
2146 1098 32 16 we
2201 1090 45 23 will
2264 1089 56 24 feud
2338 1096 45 22 you

1838 1126 42 16 our
1891 1119 50 26 best
1957 1121 92 27 remedy
2068 1122 35 23 for
2116 1123 38 22 the
2168 1129 12 17 c
2188 1130 40 20 v»e;
2242 1122 85 28 lusting
2340 1127 43 23 you

1839 1160 45 16 iwo
1901 1154 85 24 weeks.
2020 1154 53 25 You
2091 1163 52 15 »uve
2159 1162 85 23 money
2270 1162 44 15 am
2327 1154 56 23 doc'

1838 1186 56 23 ters'
1922 1187 53 24 bills
2014 1187 52 24 You
2087 1189 91 22 receive
2206 1187 80 24 .v<v!ce
2307 1194 29 14 on
2352 1185 29 23 all

1838 1221 85 26 points,
1943 1227 41 15 anc
2011 1221 36 23 'he
2061 1227 76 24 purest
2155 1221 116 23 remedies
2286 1223 49 19 sent
2357 1225 24 16 at
2395 1219 3 32 !

1837 1258 29 16 no
1880 1258 65 17 extn»
1968 1259 48 18 cost
2032 1255 54 22 th-in
2101 1260 16 17 ii
2135 1254 128 28 personally
2280 1251 91 28 bought
2395 1245 3 44 J

1837 1283 30 31 by
1967 1293 58 23 your
2161 1285 55 23 with
2231 1293 27 14 us
2275 1285 29 29 by
2321 1287 59 23 post,
2395 1276 2 40 j

1837 1318 99 23 Uousult
1947 1321 24 20 at
1985 1326 64 15 o«c«.
2087 1308 114 33 Aftnent»
2219 1317 74 23 which
2306 1323 39 16 are
2357 1319 23 19 at

1837 1350 38 23 the
1887 1355 56 19 tim#
1955 1352 101 29 thought
2070 1355 24 19 to
2106 1354 28 20 i;e
2145 1349 57 31 light
2220 1357 38 15 are
2266 1349 63 24 often
2340 1350 40 22 the

1837 1383 124 24 bet»innin<»
1977 1383 23 25 ot
2013 1392 88 16 *>«rioum
2117 1389 177 25 consequence*,
2308 1382 72 23 which

1835 1415 18 23 if
1868 1416 71 25 taken
1957 1417 23 22 in
1997 1417 54 24 time
2061 1423 37 16 are
2110 1414 104 25 checked
2284 1415 71 23 cuied

1865 1478 203 27 GKKATFOKD
2093 1478 180 25 ROT\MOAL
2296 1479 50 23 00.

1836 1517 161 31 Wellington;
2012 1522 83 20 a>oat
2112 1517 101 30 Sydney,
2233 1517 145 29 Melbourne,

1894 1556 6 16 t
1913 1556 114 24 apetown,
2039 1551 47 24 and
2099 1548 96 27 Lincoln
2207 1548 136 32 (England)

1837 1682 134 30 XJAYE
1990 1693 54 29 you
2058 1680 68 30 tried
2141 1680 85 30 Kozie
2239 1679 75 31 Tea?
2353 1679 28 30 If

1929 1729 58 30 not,
2012 1724 35 26 do
2080 1733 29 17 se
2139 1726 28 23 at
2192 1731 87 24 once;
2310 1721 23 28 it
2357 1721 23 27 is

1833 1764 140 31 delicious.
2030 1762 35 31 D.
2098 1761 137 36 (Jormack,
2274 1762 104 38 Agent,

1834 1806 163 37 Roxburgh.

3012 811 182 59 buy
3291 819 234 58 only

2491 918 447 89 ARROW

3113 1058 404 91 BOOTS
3568 1065 76 87 &
3695 1065 421 87 SHOES.

2521 1275 93 31 BEST
2652 1275 132 32 VALUE

2598 1392 32 19 lie
2652 1392 59 19 THK

2574 1489 161 29 MARKET

2482 1651 48 30 TO
2568 1650 48 30 BE
2654 1652 83 30 HAD
2774 1653 94 31 FROM-

3164 1230 223 64 jxRROfj,

3757 1289 75 32 FOB
3869 1289 115 32 WEAR

2987 1357 185 50 TRADE

3362 1360 172 53 MARK

3122 1545 287 28 REGISTERED.

3767 1502 206 31 COMFORT.'.

2811 1734 140 39 Johns
2993 1743 85 32 and
3125 1739 213 45 M'Combe,
3384 1748 166 31 millers
3593 1748 101 31 flat.

3069 1824 64 28 Akd
3156 1834 49 19 all
3231 1826 212 30 Storekeepers.

1914 4723 5 10 t
1924 4699 23 30 0
1981 4699 80 31 YOU
2096 4699 164 30 BELIEVE
2296 4697 43 31 IN
2373 4696 234 31 HOUSEHOLD
2642 4692 185 32 E3DNOMY
2843 4694 11 29 ?

1946 4929 30 21 IF
2001 4929 58 21 YOU
2086 4929 45 26 DO,
2158 4929 77 21 THEN
2261 4929 54 21 GET
2340 4929 57 20 ONE
2423 4929 35 21 OF
2485 4929 27 21 H.
2541 4929 23 20 E.
2590 4926 192 22 SHACKLOSIv'S

2411 5030 315 59 RANGES.

1825 5207 22 29 It
1860 5207 53 29 will
1928 5207 69 28 burn
2011 5218 52 26 any
2077 5205 68 29 kind
2158 5205 29 28 of
2200 5205 76 36 Fuel,
2291 5207 52 28 and
2357 5207 22 27 is
2403 5205 173 29 Guaranteed
2597 5209 28 24 to
2647 5204 75 29 Cook
2748 5204 69 29 PAS
2828 5205 78 35 L'RY,

2078 5244 135 36 BREAD,
2242 5257 30 18 or
2299 5245 103 30 MEAT
2428 5251 28 23 to
2482 5245 165 29 Perfection.

1825 5324 127 39 Requires
1965 5333 34 19 no
2014 5324 116 27 Setting
2141 5335 7 22 ;
2169 5332 49 18 can
2232 5324 33 27 be
2278 5324 125 38 supplied
2417 5324 65 27 with
2503 5324 68 27 Irjn
2584 5333 31 17 or
2628 5321 108 29 Coppbr
2749 5322 111 34 Boiler,
2875 5332 32 19 or

1845 5365 67 30 witk
1925 5364 77 30 High
2017 5363 139 30 Phj£«sobb
2169 5362 110 38 Boiler,
2292 5365 54 28 and
2360 5364 66 29 with.
2439 5363 138 39 Fireplace
2590 5362 44 29 for
2649 5360 87 31 Wood
2750 5372 31 19 or
2795 5362 79 30 Coal.

1825 5442 52 30 Can
1896 5442 35 30 be
1950 5440 129 32 obtained
2101 5441 70 29 from
2193 5440 35 28 all
2250 5441 204 39 Ironmongers.
2494 5440 165 39 Catalogues
2681 5439 97 41 posted
2799 5444 29 24 to
2853 5450 53 29 any

1974 5482 112 30 address
2100 5491 35 20 on
2148 5480 164 40 application
2326 5487 28 25 to
2368 5483 46 29 the
2428 5481 98 30 Maker
2540 5481 54 29 and
2609 5480 140 31 Patentee.

2108 5633 45 37 H.
2200 5633 39 37 E.
2286 5633 330 46 Shacklock,

1929 5719 179 31 GENERAL
2136 5719 193 36 FOUNDRY,
2357 5719 271 36 Crawford-STREET,
2636 5743 8 5 ,
2656 5719 141 30 Dunbi>lN.

3244 2288 587 65 STOREKEEPERS.

3260 2427 166 31 SCOTLAND
3439 2427 128 30 3TK*«l\
3605 2427 194 29 ROXBURGB.

3438 2731 220 53 TAKE

3069 3114 121 52 For
3219 3117 386 66 Indigestion,
3638 3119 367 59 Heartburn,

3166 3193 383 63 Biliousness,
3591 3196 310 59 Jaundice,

3779 3273 68 51 of
3890 3271 103 53 the

3203 3348 178 51 Liver
3422 3350 119 50 and
3578 3350 279 64 Kidneys.

3309 3440 95 25 THEY
3431 3440 69 25 ARE
3529 3441 221 25 INVALUABLE

3093 3497 57 54 ~*
3206 3499 137 52 THE
3398 3500 127 52 USE
3579 3500 85 52 OF
3719 3501 311 55 FEMALES.

3021 3608 132 21 iliu-'acturtfd
3163 3610 42 23 only
3213 3614 18 15 at
3239 3611 26 22 78,
3274 3610 45 19 New
3327 3610 68 19 Oxford
3403 3612 61 21 Street,
3477 3612 78 19 London.
3579 3612 42 18 i-.o!d
3631 3613 21 21 by
3661 3613 24 17 all
3697 3613 87 18 C!itmi»ts
3792 3613 34 18 and
3836 3612 89 20 Medicino
3933 3613 87 19 Vendors.

3167 3775 185 59 REID
3414 3778 154 57 AND
3631 3778 218 60 GRAY

3378 3875 63 30 Sole
3461 3877 108 37 Agents
3587 3878 44 28 for

3024 4221 137 37 PONY

3203 4482 600 83 BINDERS.

3033 4584 198 36 Lightest
3255 4584 202 37 Draught
3482 4585 150 36 BincJer
3656 4593 36 29 in
3715 4593 76 28 the
3816 4585 161 36 World.

2946 4668 22 29 b
2977 4668 67 30 ill
3057 4669 24 29 &
3094 4669 149 30 roller
3257 4670 202 29 bearings.
3543 4671 97 30 ball
3654 4671 24 30 &
3692 4671 148 30 roller
3853 4670 204 31 bearings,

3018 4721 122 40 Deering
3152 4722 161 29 introduced
3327 4723 46 28 the
3386 4722 74 29 First
3471 4723 92 30 Twine
3575 4724 101 29 Binder
3690 4728 28 25 to
3727 4724 67 29 New
3803 4723 128 30 Zealand.
3970 4723 98 30 Deer—

2944 4761 49 38 ing
3005 4762 162 29 introduced
3186 4765 29 26 to
3237 4762 47 29 the
3304 4762 85 29 world
3411 4763 46 28 the
3479 4763 128 38 Lightest
3631 4763 127 40 Draught
3785 4763 200 36 Binder—viz.,
4008 4764 48 29 the

3127 4802 64 29 Two
3216 4803 93 29 horses
3331 4803 74 29 draw
3429 4803 23 30 it
3476 4804 93 38 easily.
3609 4804 57 30 The
3689 4805 114 38 coming
3826 4804 111 29 harvest
3960 4803 24 30 is
4007 4805 57 28 the-

2946 4841 87 31 Seven
3048 4842 72 30 Year
3138 4842 29 30 of
3179 4842 145 40 Deering's
3339 4842 59 31 Ball
3410 4843 54 30 and
3481 4845 88 29 Roller
3582 4844 141 38 Bearings.

3017 4882 73 31 Ball
3108 4892 55 21 and
3182 4883 108 30 Rollek
3306 4884 138 30 Bearings
3457 4885 100 30 Fitted
3567 4895 32 19 to
3612 4894 48 20 all
3671 4895 83 20 their
3767 4885 153 30 Machines.
3959 4885 91 30 Imita-

2943 4928 56 25 tors
3012 4934 45 19 are
3071 4935 60 18 now
3144 4925 118 39 starting
3276 4929 28 25 to
3317 4935 69 28 copy
3405 4925 146 39 Deering's
3573 4927 58 27 Ball
3654 4927 55 28 and
3730 4927 91 28 Roller
3844 4926 143 38 Bearings,
3998 4927 68 28 and.

2942 4975 46 19 are
3000 4964 136 31 therefore
3149 4964 91 32 Seven
3254 4964 89 31 Years
3360 4965 108 30 B«hind
3483 4965 380 41 Deering's—consequently

3378 5017 166 29 BINDERS
3566 5018 116 36 Surpass
3700 5018 35 29 all
3756 5018 107 29 Others.

2942 5056 44 22 The
2994 5057 130 21 DEERING
3137 5056 110 22 BINDER
3261 5056 40 22 will
3311 5064 25 19 go
3344 5064 26 14 on
3380 5064 40 20 any
3430 5057 80 21 hillside
3525 5058 46 20 that
3585 5065 36 14 e.n
3639 5059 24 19 be
3679 5058 100 27 ploughed
3794 5058 49 22 with
3851 5065 12 15 a
3872 5057 79 23 Double
3962 5057 85 22 Furrow

3457 5084 85 29 Plough.

3359 5124 263 28 TESTIMONIAL
3633 5136 8 16 r

3031 5164 94 27 Glasgow
3214 5162 91 29 Mosgiel,
3315 5162 47 28 May
3372 5163 19 28 8,
3403 5162 54 24 1897.
3509 5171 35 14 chu
3555 5164 122 27 confidently
3687 5164 128 23 recommend
3826 5165 37 21 the
3871 5172 53 15 same
3934 5165 23 22 to
3963 5164 83 23 intend-

2939 5193 75 21 Messrs
3022 5193 58 21 Rkid
3090 5198 45 16 AND
3144 5193 70 21 GttAY.
3509 5191 33 25 inj;
3561 5193 123 23 purchasers.
3719 5193 62 26 Lisht
3802 5193 88 26 draught
3913 5193 35 22 she
3968 5193 18 23 is
4009 5200 40 14 un-

2965 5220 129 25 GentlembD,
3108 5220 24 21 -I
3163 5220 48 20 wuii
3243 5220 21 19 to
3293 5220 52 19 state
3370 5219 47 19 that
3443 5218 35 21 the
3504 5219 121 26 doubtedly,
3634 5226 22 14 as
3670 5220 11 20 I
3696 5221 49 26 only
3759 5221 48 21 used
3819 5221 35 21 the
3863 5228 54 14 same
3927 5224 39 18 t*o
3976 5222 72 20 horid*

3044 5247 88 26 Deeriug
3151 5245 73 23 Binder
3235 5244 10 22 I
3256 5245 111 28 purchased
3377 5245 53 21 from
3438 5252 42 19 you
3503 5246 29 21 ail
3541 5247 34 20 the
3584 5253 77 15 season.
3690 5246 66 22 Yours
3768 5247 62 23 tritlv.

2938 5275 40 22 hut
2986 5282 70 14 season
3065 5275 37 21 has
3111 5280 58 22 given
3179 5280 33 14 ma
3225 5280 61 20 every
3295 5273 130 23 satisfaction,
3438 5273 40 20 and
3784 5274 100 22 Waltkr
3893 5276 103 22 Blackih.

3196 5311 172 30 DEERING
3620 5313 165 30 MOWKRS
3787 5337 12 11 r

3050 5353 60 21 With
3121 5351 44 23 Ball
3175 5351 40 23 and
3224 5351 70 23 Roller
3304 5351 106 27 Bearings.
3433 5351 43 20 The
3485 5355 45 21 best
3541 5351 70 21 Mover
3619 5358 47 15 ever
3675 5352 76 22 offered
3760 5355 22 19 to
3793 5353 36 21 the
3839 5352 101 25 Farmers..

3075 5391 93 30 REID
3188 5390 80 31 AND
3287 5389 135 31 GRASPS
3443 5389 149 30 PATENT
3611 5391 90 30 DISC
3719 5391 201 32 HARROWS.

2938 5431 60 23 Made
3005 5432 28 22 all
3041 5432 57 22 sizes.
3125 5432 42 20 Use
3175 5430 39 22 less
3224 5430 28 21 oil
3261 5430 40 21 and
3311 5430 51 21 have
3372 5430 38 21 less
3418 5429 83 21 friction
3510 5430 21 20 in
3539 5430 28 20 all
3577 5430 81 26 bearing
3666 5433 57 23 parts
3732 5431 49 21 than
3789 5432 58 21 those
3856 5433 21 21 of
3885 5433 59 22 other
3957 5435 82 20 Makerr
4045 5446 5 4 •

3217 5498 70 22 SOLE
3300 5497 110 22 AGENTS
3422 5496 56 23 FOR
3490 5496 57 23 TBE
3560 5496 104 23 WORLD
3675 5497 104 23 FAMED

3086 5531 13 23 «
3106 5531 12 21 '
3372 5536 209 30 HITWORTH
3678 5538 223 54 gICYCLES*

3175 5605 59 22 THE
3257 5604 150 22 STANDARD
3433 5604 147 21 MACHINES
3604 5604 36 21 OF
3664 5605 146 23 ENGLAND.
