4209 5836
1812 46 195 40 MOUJST
2096 45 110 39 BELL
2213 47 111 39 GEE
2411 44 142 39 MAIL

114 62 162 48 Friday,
309 59 233 39 November
558 54 61 41 12.
656 53 100 40 1397

77 157 183 53 Roxburgh
279 156 72 43 G.S,
373 153 176 52 Dredging
565 153 58 39 Co.

648 162 1 41 :
656 173 136 30 company
823 174 47 19 are
893 165 87 38 going
1006 168 35 32 to.
1063 169 53 24 test
1139 162 72 30 their

648 205 1 40 !
656 205 113 38 penalty
795 205 27 30 in
850 207 46 29 the
920 207 133 38 Supreme
1076 205 85 30 Court
1175 216 33 18 on

656 245 47 29 the
721 247 62 27 loth
809 247 30 28 of
864 247 53 28 this
940 247 105 34 month,
1067 246 55 28 and
1144 246 64 36 they

656 286 69 29 have
738 286 47 29 the
805 287 149 39 sympathy
977 287 30 29 of
1032 286 36 29 all
1091 285 102 40 dredge-

655 337 106 20 owners
771 328 26 28 in
813 328 53 29 this
879 329 117 29 district.
1000 327 94 29 —The
1108 327 84 28 Earns-

655 369 99 38 cleugli
768 369 54 29 No.
837 372 14 26 2
866 381 45 17 are
924 370 112 38 getting
1046 369 47 29 the
1108 369 100 27 timber

655 420 35 18 on
704 410 47 28 the
764 410 117 38 ground,
895 410 55 28 and
961 410 54 28 will
1028 420 63 21 very
1102 409 104 36 shortly

656 450 33 28 be
702 451 62 29 able
778 455 27 24 to
820 461 156 19 commence
989 450 128 37 building
1136 449 70 29 their

656 503 59 17 new
734 490 300 39 dredge.—M'Callum
1055 490 55 28 and
1124 494 80 33 party

655 532 68 29 have
736 542 60 18 now
811 532 110 38 pegged
935 536 47 24 out
1013 532 48 27 100
1087 540 75 18 acres
1176 530 28 28 of

653 572 45 28 the
711 572 97 28 Fraser
821 572 79 29 river.
942 572 51 29 Old
1008 572 100 27 miners
1119 571 84 27 about

652 612 63 28 here
729 612 65 28 hold
808 614 45 25 the
868 612 110 37 opinion
994 612 59 27 that
1064 612 21 26 it
1100 610 52 27 will
1169 611 34 26 be

650 662 31 18 .13
694 652 71 35 good
780 663 29 17 as
823 652 46 27 the
895 651 157 37 Molynenx,
1076 661 29 17 as
1128 649 72 34 gopd

649 691 65 36 gold
725 691 22 29 is
759 692 85 30 b'r-i/i.r
854 700 45 22 Lr°f
910 692 77 27 thi-re
997 701 32 17 on
1042 691 46 27 the
1103 689 98 28 border

649 734 29 26 of
688 734 130 26 Cnnrovs.
860 732 64 28 This
936 733 21 26 is
969 746 13 12 a
996 742 56 17 new
1064 732 21 26 ri'
1088 744 8 7 j
1098 730 36 33 ld,
1145 730 52 28 and

652 772 8 27 I
679 774 66 26 have
770 783 32 16 no
818 773 85 26 doubr
917 773 77 26 there
1002 770 57 30 vwill
1077 772 31 25 be
1124 770 75 38 quite

648 823 15 17 a
678 814 79 26 b'»im
790 823 14 15 n
817 812 118 28 Fraser's
950 812 59 26 Fiat
1123 810 73 36 long.

682 851 42 37 9/!
736 855 6 23 1
750 852 28 36 /9
783 854 25 26 b.

108 246 16 28 H
135 258 31 17 -ic
179 245 153 40 adjouened
345 244 101 28 annual
462 241 123 40 meeting
597 241 30 27 of

74 287 46 30 r-fce
133 288 85 28 above
231 296 136 28 company
393 284 54 28 wa's
463 282 61 29 held
539 282 28 28 in
583 281 42 30 St.

56 338 5 8 '
74 327 281 31 J^n:es'st'hoolroorn
366 336 34 19 on
412 324 120 32 Monday
543 333 67 19 even-

73 371 59 37 ing.
170 368 259 31 Present—Messrs
439 366 79 38 Coop,
527 363 85 38 (chair-

57 414 5 9 '
71 419 63 20 mat
312 409 31 29 P.
350 406 154 40 Camphell,
511 404 115 36 Hktnes,

61 450 116 40 •Ls'jon,
192 450 58 31 Jas.
275 451 129 38 Maclcay,
419 446 91 31 Miller
523 446 54 30 and
597 446 27 29 J.

72 492 56 28 Pur
131 502 46 19 ion
195 493 170 37 (secretary).

288 539 126 22 SISBTES.
435 533 23 24 /

108 574 57 29 Tlie
180 575 119 27 minutes
318 574 30 28 of
374 573 47 28 the
447 571 51 28 last
525 569 99 29 annual

57 610 4 42 •
71 615 123 37 meeting
208 623 70 19 were
290 613 64 29 read
369 613 54 27 and
437 610 160 30 confirmed.

109 655 100 28 Before
218 653 199 30 confirmation,
432 653 135 31 however,
579 649 45 28 Mr

71 695 138 29 Prownlie
221 695 121 28 referred
357 701 27 20 to
405 693 48 28 +he
478 690 103 29 motion
595 689 26 28 in

50 735 10 12 *
69 737 49 27 the
144 737 119 27 minures
284 747 28 16 re
334 736 46 26 tie
403 733 118 37 shifting
533 731 30 28 of
576 730 46 28 the

53 782 6 10 *
73 776 104 29 dredge
190 778 69 26 from
274 776 48 28 the
333 772 161 40 company's
503 769 78 30 claim
595 776 26 21 to

71 816 172 30 M'Kenzie's
260 816 97 28 Beach.
399 815 41 27 He
457 811 89 30 stated
560 811 61 28 that

56 852 3 34 •
71 857 45 29 the
149 856 127 30 Dunedin
319 852 190 32 shareholders
549 860 70 18 were

53 891 4 41 '
70 897 88 30 under
170 898 46 28 the
230 895 158 37 impression
404 894 59 27 that
477 891 54 29 this
544 891 60 29 busi-

55 945 30 19 -111
90 947 43 17 ess
143 948 54 16 was
210 935 154 29 transacted
379 938 28 22 at
420 943 15 16 a
449 931 118 35 meeting
567 931 3 35 1
590 931 28 25 of

70 976 140 36 directors,
220 975 114 29 without-
344 974 47 27 the
402 969 109 40 general
522 969 76 28 know-

53 1016 5 20 '
68 1017 83 36 ledge
162 1018 29 28 of
205 1017 45 27 the
270 1014 197 29 shareholders.

104 1058 58 29 The
174 1056 137 30 chairman
336 1051 101 40 replied
452 1050 59 29 that
526 1051 20 27 it
560 1060 54 17 was

50 1090 4 38 :
68 1098 112 28 decided
208 1103 29 22 at
263 1096 46 28 the
330 1093 98 29 annual
452 1091 122 37 meeting'
586 1090 30 27 of

56 1138 200 29 ■shareholders
269 1137 28 27 in
330 1134 64 28 !£>9t)
421 1137 28 23 to
475 1131 68 28 shift
568 1131 46 27 the

66 1178 103 38 dredge
183 1188 35 27 up
233 1181 28 23 to
276 1173 170 31 Al'Kenzie's
461 1172 99 33 Beach,
584 1181 28 17 as

64 1219 92 37 owing
180 1223 28 23 to
233 1217 47 29 the
306 1217 74 36 large
412 1212 148 39 quantities
585 1209 29 29 of

66 1258 68 29 drift
146 1258 147 37 travelling
303 1256 52 28 and
370 1255 46 27 the
432 1253 62 38 high
506 1258 70 22 state
585 1251 29 28 of

65 1300 46 27 rhe
125 1299 71 28 river
208 1299 22 27 it
243 1307 55 18 was
311 1292 157 41 impossible
478 1293 42 28 for
533 1293 66 27 satis-

64 1339 105 37 factory
183 1338 74 29 work
274 1341 29 25 to
319 1338 34 26 be
379 1333 105 30 carried
504 1337 49 24 out
577 1342 34 18 ou

48 1374 1 35 :
65 1380 46 28 '.he
124 1380 77 29 claim
216 1385 28 22 at
259 1377 133 29 Hercules
411 1374 96 28 Beach.

139 1429 101 20 REPORT
252 1428 54 19 AND
319 1423 226 23 BALANC'-SHKKT.

82 1457 4 34 '
100 1461 58 28 The
184 1459 137 28 liabilities
346 1458 30 27 of
409 1457 47 25 the
478 1464 133 27 company

64 1510 67 17 were
156 1500 68 27 £241
257 1501 30 25 l)s
315 1498 28 27 Id
370 1495 53 28 and
451 1495 47 26 the
524 1500 85 21 assets

62 1540 54 27 £52
137 1539 44 27 i9s
199 1538 57 33 lid,
266 1538 110 34 leaving
383 1545 16 17 a
410 1534 77 28 debit
498 1533 113 29 balance

61 1578 29 28 of
102 1578 74 28 £IBB
196 1578 53 27 iOs.

97 1618 58 29 The
179 1618 132 29 directors
337 1616 78 35 have,
435 1625 29 18 as
478 1613 89 29 stated
582 1613 27 28 in

61 1660 70 26 their
219 1664 101 31 report,
343 1662 80 31 great
437 1656 68 27 faith
520 1655 26 26 in
565 1654 45 27 the

59 1699 90 35 claim,
169 1698 54 28 and
251 1697 103 29 believe
372 1696 59 28 that
454 1705 74 18 some
553 1693 56 28 rich

59 1740 111 38 patches
183 1740 30 28 of
226 1740 65 36 gold
313 1738 71 28 exist
409 1737 104 27 therein
527 1747 7 22 ;
560 1735 49 27 but

58 1780 93 38 owing
160 1783 29 25 to
200 1780 46 28 the
256 1778 127 39 quantity
395 1778 28 26 of
435 1776 109 37 tailings
556 1774 51 27 and

57 1827 94 22 stones
165 1821 47 26 the
232 1819 104 35 dredge
360 1824 99 21 cannot
475 1816 72 26 work
564 1815 45 27 the

230 1857 203 38 Consequently
457 1856 63 36 they
548 1865 46 26 pro-

289 1896 189 30 shareholders
511 1894 96 29 should

59 1941 165 34 contribute,
235 1950 57 24 sav,
306 1946 28 20 at
349 1939 44 27 the
405 1945 56 20 r.ite
475 1936 29 28 of
523 1938 24 25 Is
564 1947 45 26 per

60 1983 78 26 share
153 1991 47 26 per
214 1980 104 33 month,
334 1985 48 21 not
405 1983 27 22 to
454 1976 101 28 exceed
579 1987 30 15 ->s

62 2032 47 28 per
122 2021 80 29 share
214 2020 26 28 in
255 2019 45 29 all.
321 2018 28 28 in
370 2018 80 29 order
466 2025 26 19 to
508 2026 51 29 pay
572 2016 38 28 off

59 2064 48 27 The
133 2067 112 33 present
270 2060 66 28 debt
360 2060 52 26 and
442 2059 131 37 purchase
595 2069 14 15 a

61 2103 111 37 tailings
195 2102 129 33 elevator,
340 2100 64 28 with
419 2099 46 28 the
490 2109 68 17 view
582 2107 24 19 01

61 2143 125 36 working
200 2143 45 26 the
261 2141 132 27 Hercules
410 2145 6 21 I
424 2140 83 31 leach,
521 2141 89 23 where

59 2183 57 30 rich
130 2182 108 40 ground
254 2191 53 17 was
316 2180 50 29 left
377 2180 33 37 by
423 2180 45 26 the
478 2178 132 28 Hercules

60 2226 48 28 Co.
149 2223 58 28 The
231 2223 65 33 only
324 2222 161 27 alternative
515 2226 26 20 to
565 2220 44 26 the

57 2266 88 29 above
158 2262 126 40 proposal
299 2272 53 17 was
366 2257 189 42 liquidation/'

96 2305 46 28 Mr
151 2305 85 36 Coop,
247 2302 136 29 seconded
395 2304 33 34 by
442 2300 43 28 Mr
497 2299 112 34 Haines,

57 2345 99 31 moved
231 2343 71 29 That
341 2342 45 28 ihe
426 2345 92 33 report
556 2340 52 27 ?«nd

59 2385 204 32 balance-sheet
273 2385 33 28 be
316 2382 129 39 adopted.
449 2379 159 31 —Carried.

57 2436 126 22 ELECTION
202 2435 33 20 OF
410 2432 54 19 AND
484 2430 122 20 AUDITOR.

93 2473 46 24 Air
155 2465 135 30 Brownlie
310 2463 142 28 remarked
479 2463 60 26 that
562 2463 46 25 the

61 2507 125 32 Dunedin
200 2503 188 32 shareholders
399 2512 69 19 were
482 2501 123 29 desirous

55 2551 29 28 of
97 2550 86 32 being
203 2545 174 40 represented
392 2554 34 18 on
449 2544 46 27 the
522 2542 83 29 board

55 2593 37 37 by
105 2601 51 19 one
167 2589 126 33 director,
307 2596 29 18 as
349 2586 63 35 they
424 2584 63 29 held
501 2594 16 17 a
530 2584 76 36 large

55 2635 166 37 percentage
235 2628 29 28 of
278 2630 45 25 the
336 2626 105 29 shares.

92 2674 45 28 Mr
151 2670 104 30 Haines
268 2667 51 30 had
336 2667 78 28 milch
426 2665 123 39 pleasure
576 2664 26 27 in

54 2710 221 39 moving—That
288 2709 42 26 Mr
341 2707 95 37 Leijon
452 2707 33 28 be
497 2705 105 28 elected

52 2766 15 18 a
80 2755 121 29 director
214 2750 28 28 of
256 2749 45 28 the
313 2757 132 27 company
473 2746 26 27 in
527 2755 73 18 room
609 2746 1 38 ,

51 2796 30 27 of
106 2796 45 28 Mr
177 2794 115 30 Burton,
332 2789 59 27 who
430 2785 97 30 retired
565 2785 36 30 bv

52 2836 127 29 effluxion
193 2834 30 26 of
236 2831 72 27 time.
311 2827 180 29 —Secoudud
506 2827 34 37 by
557 2825 45 28 Mr
609 2825 1 42 j

51 2877 93 28 Miller
156 2873 53 31 and
228 2869 114 31 carried.
609 2868 1 40 j

89 2918 44 28 Mr
147 2914 103 30 Haines
264 2921 54 17 was
333 2908 145 30 re-elected
491 2907 109 28 auditor
609 2907 1 39 j

48 2963 30 23 at
91 2958 46 27 the
158 2953 75 31 usual
253 2953 50 26 fee.

719 945 66 40 Our
817 944 150 41 Waikaia
999 945 121 40 Letter,

790 1033 36 16 O'.V
837 1035 5 14 i
858 1033 196 17 O''>II«K3?ONDSXT.

680 1070 105 27 Hardlv
807 1070 94 27 within
917 1070 45 27 the
981 1069 170 29 recollection
1164 1068 29 27 of

643 1111 46 27 the
710 1112 89 26 oldest.
815 1112 102 26 inhabit
929 1118 38 20 rjt
991 1121 49 17 cm
1065 1111 19 25 ir,
1101 1111 32 25 he
1150 1120 28 17 re-

643 1150 153 29 membered
812 1152 24 26 in
853 1152 54 26 this
920 1155 59 32 part
993 1150 29 26 of
1037 1148 153 29 Southland

642 1191 76 28 when
819 1192 94 27 month
940 1191 29 26 of
1001 1190 119 27 Oc-ober
1145 1191 45 25 has

641 1232 67 28 been
724 1242 29 16 .ho
779 1236 103 23 stormv
909 1231 53 27 .and
990 1231 152 27 boisterous
1162 1241 28 16 as

642 1272 45 28 the
701 1282 51 18 one
765 1272 61 28 that,
848 1273 46 27 has
919 1272 53 35 just
993 1271 97 37 pass-'d
1105 1280 84 27 away.

641 1312 24 28 It
679 1313 47 26 has
743 1314 66 26 b'-en
824 1323 51 17 one
885 1312 153 28 succession
1049 1312 28 26 of
1090 1311 100 27 violent

640 1357 99 23 stoirns
754 1354 28 22 of
797 1364 66 21 rain,
878 1352 61 30 hail,
960 1351 53 28 and
1028 1362 75 16 snow
1120 1351 68 27 from

640 1399 34 21 its
695 1394 103 26 advent
824 1400 27 20 to
877 1394 36 26 its
939 1392 103 36 ending
1092 1392 26 28 It
1144 1392 46 27 has

640 1434 101 28 carried
758 1435 25 25 in
800 1433 31 36 ir,•
851 1433 73 29 wake
945 1445 15 16 a
983 1440 76 29 great
1082 1433 57 28 deal
1162 1433 30 27 of

638 1474 180 28 destnvhOM.
844 1474 52 26 ;md
922 1474 196 36 consequently
1149 1473 28 25 in-

638 1513 160 29 numerable
825 1515 82 27 losses
934 1524 33 18 on
998 1523 82 26 every
1108 1511 71 29 hand

641 1555 109 28 Amo'nr
772 1560 81 20 s!w-p;>
880 1555 44 25 tin*
952 1554 120 26 violence
1096 1552 28 27 of
1145 1553 45 26 the

638 1597 82 23 st-orm
758 1594 28 25 hm
794 1611 9 5 -
839 1595 65 26 been
941 1602 63 18 vrv
1043 1591 145 32 noticable,

638 1644 72 19 Canst
725 1632 28 35 ior
769 1644 76 23 givat
862 1634 135 28 mortality
1022 1644 101 23 among
1144 1632 46 28 the

640 1673 77 34 V>11;!■
744 1676 86 24 !;jiii!)s
842 1686 5 21 ;
876 1676 15 24 i:
908 1676 46 23 Iris
970 1673 128 26 hindered
1113 1674 77 25 those

779 1716 49 26 'ho
845 1725 67 16 were
936 1724 14 18 a
973 1713 67 27 lit'le
1057 1713 53 29 late
1125 1712 61 28 with

640 1754 44 26 the
697 1764 61 17 vo\V;
793 1767 8 8 ••
814 1755 28 25 •.f
858 1754 3 33 I
871 1756 56 24 heir
941 1754 76 33 grain
1031 1755 68 26 from
1113 1754 57 27 mak-

637 1794 49 32 ing
699 1806 51 15 a-IV
766 1795 36 28 elf
823 1804 20 17 rt
861 1796 101 29 -hiring
990 1797 44 24 tiie
1062 1794 41 28 wh
1118 1794 11 27 >1
1134 1794 56 27 eof

638 1835 45 26 the
699 1848 22 13 m
736 1834 12 29 >•
755 1834 16 29 11
788 1834 2 29 >
810 1837 60 25 'vlth
901 1834 45 29 i'iv
971 1836 66 27 kind
1061 1836 28 26 of
1113 1834 74 28 work

638 1883 83 27 pertai
737 1875 4 35 i
757 1886 35 22 ng
807 1884 25 18 to
850 1877 44 25 the
909 1876 69 26 hnxb
988 1886 24 15 in
1018 1876 49 27 dry
1092 1875 28 27 of
1144 1875 45 27 tho

637 1914 68 29 farm
720 1914 4 37 ;
747 1925 17 12 ;r
783 1917 13 28 h
808 1928 20 14 is
843 1916 97 29 eaiised
957 1916 87 29 floods
1061 1916 28 26 of
1112 1920 77 31 great

639 1967 63 20 mag
715 1957 35 34 Mt•
756 1957 3 34 i
774 1957 12 34 !.
802 1981 5 9 }
822 1968 60 17 p.-irr
886 1957 3 34 l
890 1957 2 34 .
903 1958 47 31 ing
965 1968 73 23 away
1068 1957 120 34 bridges,

637 1996 58 27 desr
709 1996 2 34 •
734 1997 64 31 ving
814 1998 77 27 roads
903 2008 31 17 an
949 1996 4 34 I
966 1997 221 33 embankments,

638 2037 112 27 therebv
779 2039 140 31 impeding
953 2039 45 28 the
1033 2036 153 30 traffic—in

637 2089 73 16 Norn--
739 2079 23 28 nl
853 2081 10 26 f
884 2093 11 16 r
917 2091 64 16 over
1021 2090 38 15 wo
1089 2078 97 28 weeks.

638 2117 22 28 0
675 2117 2 34 i
695 2119 44 27 ihe
761 2121 84 26 whole
872 2123 45 26 the
943 2120 118 31 severity
1087 2119 29 27 of
1143 2119 45 28 the

637 2164 83 21 storm
739 2170 52 15 w>s
805 2159 229 35 unprecedented,
1061 2160 52 25 and
1143 2159 45 26 the

640 2198 92 29 month
748 2201 28 26 of
791 2203 5 21 I
807 2203 110 29 )etober.
938 2198 4 38 1
952 2200 60 34 897,
1023 2199 21 29 is
1058 2210 51 17 one
1122 2199 66 37 long

639 2246 27 18 to
682 2239 31 26 be
729 2243 182 28 remembered
927 2243 26 27 in
979 2241 46 27 the
1047 2240 95 28 annals
1161 2239 28 28 of

746 2282 44 25 oid
807 2283 42 27 fur
874 2285 46 26 the
942 2281 152 35 continuity
1110 2280 28 27 of
1153 2280 33 27 its

637 2328 61 19 atni'
711 2321 107 37 Splierie
846 2324 189 28 disturbances
1061 2321 51 28 and
1141 2320 45 28 the

637 2361 95 27 seve:if
741 2373 7 14 \
769 2361 28 34 <»f
811 2364 33 27 its
861 2366 83 29 gales.

675 2401 31 28 In
723 2403 114 36 liiinincr,
848 2411 113 24 matters
969 2414 45 18 are
1023 2403 54 29 still
1092 2402 94 38 s'owly

639 2442 44 26 bnr
701 2444 89 35 surely
802 2446 114 34 holding
927 2458 32 15 on
972 2449 11 17 f
987 2445 32 27 he
1030 2455 66 17 even
1110 2449 78 22 tenor

636 2481 29 27 of
685 2481 70 28 their
781 2495 57 28 way
888 2484 114 40 Captain
1031 2482 155 35 Craddock,

636 2522 46 28 the
710 2528 212 33 representative
946 2528 30 27 of
1010 2525 47 28 the
1096 2526 6 18 '
1111 2526 75 36 'tago

637 2563 109 36 Mining
767 2568 158 36 Svndicate,
946 2566 61 38 paid
1031 2578 15 14 a
1068 2565 64 28 visit
1158 2572 28 20 to

635 2602 169 33 Waikaiaon
819 2609 47 27 the
880 2610 71 27 22nd
969 2608 59 32 nit.,
1037 2606 52 28 and
1108 2605 78 28 made

634 2644 45 27 the
691 2644 64 30 final
767 2653 129 33 payment
907 2651 29 28 of
948 2648 71 31 £BOO
1031 2647 25 27 in
1070 2656 99 19 connec-

633 2691 54 21 tion
697 2688 63 27 with
774 2689 45 28 the
830 2689 139 30 Switzers'
982 2688 131 30 Freehold
1127 2687 58 35 Co.,

632 2736 29 17 so
676 2727 59 27 that
750 2729 46 28 the
809 2731 133 34 purchase
969 2732 22 26 is
1018 2738 59 17 now
1104 2728 64 27 abso-

632 2766 83 38 lutely
729 2769 164 38 completed,
909 2772 52 28 and
977 2769 74 29 work
1075 2767 51 28 will
1151 2768 33 27 be

630 2817 72 27 gone
715 2820 34 16 on
767 2811 62 26 with
845 2812 195 30 immediately.
1082 2813 21 24 A
1120 2809 61 27 final

630 2856 130 28 payment
780 2851 28 27 of
828 2852 19 28 £
854 2853 48 28 175
917 2851 121 30 towards
1050 2849 132 39 purchase

632 2889 45 27 has
700 2889 57 29 also
772 2891 68 28 been
857 2893 78 29 made
960 2895 36 31 by
1019 2891 45 29 Mr
1080 2890 101 34 White,

630 2928 45 28 the
690 2933 214 35 representative
923 2935 29 28 of
976 2933 115 30 another
1106 2931 56 35 Eng-

629 2968 49 28 lish
689 2979 144 30 company,
845 2973 26 28 in
884 2975 161 28 connection
1058 2971 66 28 with
1135 2971 46 26 the

629 3007 140 42 Landslip,
784 3022 15 18 a
814 3019 131 34 property
968 3015 61 29 held
1054 3013 37 37 by
1117 3011 64 28 nine

627 3049 150 32 individual
789 3054 108 37 miners,
908 3057 61 27 who
977 3052 201 39 amalgamated

627 3090 70 27 their
710 3091 128 31 interests
852 3096 52 27 and
921 3096 95 36 placed
1042 3096 22 26 it
1084 3105 33 16 on
1134 3093 45 27 the
1187 3090 1 48 j

626 3130 107 29 market
752 3142 29 18 as
806 3144 16 16 a
844 3135 95 29 whole.
980 3136 58 27 The
1065 3132 115 34 floating
1187 3130 1 37 J

625 3168 29 28 of
668 3170 45 27 the
727 3170 83 30 latter
824 3175 48 28 has
883 3175 69 29 been
962 3174 123 35 brought
1096 3174 83 27 about
1187 3168 1 43 J

626 3208 118 39 through
761 3212 46 28 the
823 3215 235 38 instrumentality
1083 3214 30 28 of
1136 3211 45 30 Mr

626 3249 33 27 K.
674 3249 30 28 T.
720 3250 129 39 Stewart,
863 3257 59 27 who
934 3257 115 36 thereby
1058 3263 121 20 assumes

625 3298 34 18 an
674 3289 116 31 interest
814 3295 26 28 iu
865 3297 47 28 the
937 3307 144 28 company.
1122 3289 12 46 'I
1146 3295 33 27 lie

626 3337 151 28 promoters
809 3335 28 28 of
863 3337 47 27 the
944 3337 107 29 Golden
1080 3335 97 29 Crown

627 3368 145 42 Dredging
800 3374 46 30 Co.
880 3388 45 17 are
960 3378 119 37 keeping
1114 3385 65 23 very

626 3409 114 29 reticent
751 3422 28 17 as
793 3419 28 23 to
832 3416 46 28 the
889 3418 88 28 actual
989 3421 109 24 returns
1108 3415 70 28 from

628 3450 71 29 their
713 3451 85 39 plant,
814 3456 49 28 but
876 3469 112 18 rumour
1007 3458 49 29 has
1075 3458 21 28 it
1120 3456 59 28 that

630 3491 74 29 week
721 3492 35 38 by
772 3497 75 27 week
861 3498 64 37 they
939 3509 45 17 are
998 3498 117 37 steadily
1129 3497 32 27 im-

624 3531 126 39 proving.
791 3536 58 28 The
875 3538 54 28 late
953 3539 66 36 high
1047 3542 71 25 state
1149 3537 29 29 of

624 3573 45 28 the
697 3573 72 31 river
795 3577 48 28 has
869 3580 148 28 somewhat
1049 3577 125 40 impeded

623 3620 164 31 operations,
802 3618 51 28 but
866 3631 59 16 now
948 3620 64 37 they
1035 3632 45 16 are
1094 3619 80 38 again

623 3656 26 27 in
665 3653 47 30 full
727 3658 98 35 swing.
864 3659 58 29 The
931 3665 107 25 returns
1049 3662 69 28 from
1129 3660 47 28 the

625 3695 104 37 Argyle
742 3700 53 26 and
812 3700 127 32 Scrubby
957 3701 114 28 Terrace
1087 3702 72 27 Sluic-

623 3737 48 34 ing
687 3733 61 32 Cos.
763 3748 45 18 are
833 3740 54 28 still
909 3740 114 37 holding
1038 3742 81 35 good,
1144 3751 30 17 so

623 3777 59 27 that
698 3778 234 37 thepermenancv
941 3782 52 27 and
1009 3782 122 36 stability
1145 3782 29 27 of

624 3815 67 29 both
718 3819 77 28 these
822 3821 124 29 valuable
967 3822 151 38 properties
1150 3822 23 28 is

624 3867 59 18 now
717 3859 69 38 fully
821 3862 174 28 established.
1037 3864 57 27 The
1119 3864 55 28 late

623 3910 94 18 severe
744 3900 81 35 rains,
840 3900 132 39 although
995 3914 15 16 a
1030 3913 95 19 source
1146 3904 28 27 of

623 3949 158 26 annoyance
819 3941 54 27 and
907 3942 97 29 miserv
1042 3949 29 22 to
1103 3948 71 23 most

626 3981 104 39 people,
744 3980 68 28 have
827 3985 27 24 to
869 3982 45 27 the
941 3982 99 29 miners
1065 3984 27 28 in
1120 3984 52 28 and

626 4021 102 29 around
776 4021 88 28 aikaia
874 4022 67 28 been
953 4033 16 17 a
979 4024 53 27 real
1043 4024 131 36 blessing,

626 4072 30 18 so
670 4062 60 26 that
744 4059 49 39 big
805 4060 54 28 aud
880 4061 78 36 little,
979 4066 123 26 amateur
1121 4064 53 28 and
1187 4059 1 39 i

626 4100 189 39 professional,
825 4102 69 29 from
906 4102 45 28 the
964 4104 98 28 veriest
1072 4109 60 24 tvro
1147 4109 29 24 to

627 4142 46 28 the
699 4140 139 30 advanced
866 4147 102 32 stager,
988 4144 34 27 all
1044 4144 54 28 and
1111 4156 65 17 sun-
1187 4140 1 39 i

627 4182 59 34 drv,
696 4191 45 18 are
754 4180 86 40 going
854 4182 86 30 ahead
954 4183 54 29 like
1024 4184 97 31 houses
1141 4196 35 17 on
1187 4180 1 42 j

628 4224 55 26 fire.

172 2999 144 25 DIRECTOnS
320 2990 7 12 ,
342 2997 138 20 PROPOSAL.

86 3039 46 29 Mr
146 3031 134 35 Brownlie
293 3030 57 30 said
364 3030 60 29 that
444 3040 16 17 a
478 3028 121 38 meeting

47 3080 30 26 of
92 3079 126 27 Dunedm
240 3071 190 30 shareholders
453 3070 89 28 would
565 3070 33 26 be

47 3119 63 29 Jield
120 3129 35 19 on
167 3113 151 35 Thursday,
332 3111 65 28 11th
407 3110 75 34 inst.,
492 3114 28 23 to
531 3118 48 19 con-

47 3160 73 28 sider
144 3158 46 28 the
215 3152 126 40 question
374 3151 29 26 of
427 3151 86 36 going
539 3149 58 27 into

45 3199 161 38 liquidation
218 3204 30 19 or
258 3190 154 31 otherwise,
456 3191 40 26 lie
508 3188 88 28 would

47 3240 54 28 like
115 3244 29 23 to
156 3238 81 28 know
251 3232 47 29 the
310 3230 105 38 fueling
429 3230 29 28 of
472 3228 46 28 the
527 3228 68 28 local

45 3278 192 30 shareholders
258 3273 27 28 in
311 3271 81 28 order
412 3275 28 23 to
463 3273 92 33 report
569 3272 28 24 to

45 3322 47 28 the
108 3319 122 35 meeting
242 3324 35 20 on
296 3310 153 36 Thursday.

85 3360 44 29 Mr
143 3360 102 28 Burton
258 3352 120 38 thought
390 3351 59 28 that
463 3350 47 28 the
522 3358 57 19 com-

47 3411 72 26 pany
132 3399 88 36 ought
233 3400 28 25 to
283 3404 35 27 go
343 3393 59 27 into
425 3390 170 38 liquidation,

45 3440 56 30 and
113 3451 16 18 a
143 3450 59 18 new
216 3443 133 29 company
376 3433 33 28 be
435 3429 106 30 formed
568 3433 27 24 to

45 3481 134 30 purchase
193 3480 45 27 the
251 3478 139 36 pioperty.

47 3515 8 9 *
85 3522 43 27 Mr
138 3520 90 28 Miller
237 3527 53 18 was
299 3513 29 30 of
339 3514 46 29 the
393 3510 200 40 sameopinion.

83 3562 45 28 Mr
153 3560 103 29 Haines
282 3556 57 29 said
366 3555 34 27 he
424 3552 52 29 had
516 3557 78 32 great

45 3603 67 29 fnith
127 3602 27 29 in
170 3602 45 28 the
230 3598 88 35 claim,
340 3595 53 30 and
415 3594 50 29 felt
488 3591 104 30 certain

44 3644 60 28 that
119 3642 72 40 good
204 3639 66 41 gold
280 3650 53 18 was
348 3641 27 25 to
402 3635 33 29 be
461 3631 131 32 obtaiued

45 3685 86 28 there.

84 3724 43 28 Mr
141 3721 134 29 Brownlie
289 3719 90 29 stated
393 3717 60 27 that
466 3715 26 27 in
520 3723 55 18 com-

45 3775 73 27 pany
152 3763 65 29 with
254 3762 45 28 Mr
325 3759 94 38 Leijon
462 3753 55 30 and
552 3753 42 28 Mr

45 3804 105 29 Kennie
164 3804 33 28 he
224 3803 52 28 had
291 3799 99 30 visited
411 3797 45 28 the
483 3794 110 35 dredge,

45 3846 87 28 which
147 3855 53 18 was
214 3844 26 28 in
256 3842 71 39 good
342 3839 81 31 order
438 3841 99 30 except
551 3834 43 27 for

45 3886 48 28 the
102 3885 103 34 ladder,
222 3884 126 30 buckets,
361 3879 83 33 links,
463 3883 52 22 etc.
563 3873 32 30 To

44 3924 168 37 thoroughly
247 3926 129 24 renovate
409 3919 47 27 the
480 3915 114 37 dredge,

45 3965 115 39 making
176 3962 104 30 several
304 3960 100 29 radical
425 3955 170 33 alterations,

45 4007 54 26 r*nd
113 4010 28 23 to
155 4005 54 28 add
223 4015 14 17 a
250 4003 112 34 tailings
376 4001 120 27 elevator
506 4000 29 24 to
549 3995 46 28 the

45 4046 167 36 pcuipment,
223 4042 89 30 would
327 4046 58 24 cost
397 4040 69 27 from
478 4037 75 28 £BOO
569 4044 27 19 to

46 4087 19 28 £
72 4086 86 33 1,000.

84 4125 82 28 After
179 4134 73 19 some
264 4122 107 29 further
386 4119 211 33 consideration,

48 4166 103 27 Messrs
166 4164 102 28 Haines
282 4162 54 28 and
353 4160 133 28 Brownlie
500 4159 95 28 moved

47 4206 108 28 —That
164 4205 54 28 this
228 4202 122 37 meeting
358 4200 82 30 stand
447 4197 150 40 adjourned

47 4247 42 26 trii
114 4244 187 31 Wednesday,
315 4243 49 27 7th
390 4239 166 34 November,
570 4244 28 22 at

49 4284 115 30 Woods'
179 4284 94 33 Hotel,
287 4280 127 30 Dunedin
426 4297 7 17 >
459 4279 54 28 and
539 4280 60 27 that

48 4328 47 26 t'-e
108 4331 136 23 secretary
259 4323 117 28 forward
388 4322 103 26 notices
514 4325 27 22 to
564 4319 35 28 all

251 4361 158 31 —Carried.

665 4262 57 27 Our
758 4267 102 31 county
892 4264 130 34 member,
1065 4265 44 29 Mr
1146 4266 30 29 C.

792 4303 65 29 with
883 4304 58 28 that
965 4303 135 37 foresight
1123 4307 54 28 and

628 4342 127 31 intuitive
768 4342 104 39 faculty
885 4343 44 28 for
938 4344 86 29 which
1047 4346 32 28 lie
1094 4347 22 28 is
1130 4347 32 28 be-

629 4384 110 36 coming
753 4384 179 34 remarkable,
955 4385 22 28 is
1004 4385 103 34 having
1132 4389 45 26 the

629 4425 69 28 bush
726 4425 64 28 road
814 4424 110 35 leading
955 4430 27 23 to
1008 4425 47 30 the
1081 4428 98 37 Upper

631 4465 125 28 Waikaia
769 4469 50 34 put
833 4465 27 28 in
874 4465 88 28 order.
1002 4465 90 31 Seven
1116 4478 60 18 men

629 4507 68 27 have
711 4516 61 18 now
786 4506 67 27 been
868 4505 116 37 steadily
996 4509 28 24 at
1039 4508 74 27 work
1135 4508 43 28 for

629 4546 101 29 several
756 4545 99 29 weeks.
894 4544 118 35 Bridges
1026 4547 69 28 have
1107 4549 69 27 b*en

629 4587 132 38 repaired,
789 4587 89 28 better
899 4585 133 40 gradings
1057 4589 79 28 made
1150 4589 26 27 in

628 4629 99 37 places,
753 4627 82 29 fallen
856 4630 71 25 trees
958 4626 106 30 cleared
1091 4639 86 23 awav,

628 4670 53 29 and
707 4670 46 28 the
784 4667 78 29 small
891 4667 81 29 scrub
1004 4669 88 29 which
1123 4670 53 28 had

629 4721 93 24 grown
732 4720 35 27 up
779 4708 52 29 and
842 4709 167 28 encroached
1019 4720 66 26 very
1096 4712 80 27 much

628 4753 50 29 has
700 4752 69 28 been
792 4753 46 26 cut
864 4748 80 29 down
964 4750 53 28 and
1040 4751 135 29 removed.

630 4794 36 26 Sn
681 4793 68 32 that,
765 4790 162 34 altogether,
943 4791 46 28 the
1014 4792 38 29 lot
1078 4793 28 28 of
1130 4794 47 26 the

630 4833 100 39 packer
743 4831 53 29 and
807 4830 79 29 those
899 4831 60 29 who
972 4832 70 29 have
1054 4833 122 28 occasion

631 4879 27 25 to
671 4874 111 37 sojourn
795 4876 28 26 to
843 4872 77 29 those
943 4877 104 26 remote
1069 4875 110 34 legions

630 4916 49 28 has
699 4916 69 26 been
791 4913 78 28 made
895 4913 122 38 happier,
1043 4915 21 28 if
1090 4918 49 26 not
1164 4926 15 18 a

631 4959 78 30 great
722 4954 60 30 deal
795 4954 99 30 better.

224 4448 204 43 Alexandra.

184 4535 61 26 (Of#
261 4532 206 24 Correspondent.)

85 4565 59 30 The
158 4564 120 29 weather
291 4561 47 29 has
353 4560 69 29 been
437 4569 65 21 very
517 4559 82 38 dusty

49 4615 64 21 here
127 4605 102 37 during
241 4604 48 28 the
310 4606 62 33 past
397 4601 86 34 week,
510 4600 54 29 and
585 4612 15 16 a

49 4647 72 31 rrood
135 4645 48 30 fall
205 4645 28 28 of
257 4643 58 30 rain
341 4641 90 29 would
457 4642 34 28 be
519 4640 81 29 much

47 4686 184 41 appreciated.

87 4731 24 26 A
124 4727 117 29 number
252 4725 31 30 of
305 4734 48 20 our
376 4723 111 37 cyclists
500 4722 99 28 visited

51 4768 144 30 Cromwell
208 4767 98 37 to-day
319 4769 28 26 to
362 4765 65 28 take
440 4767 62 35 part
514 4763 27 28 in
553 4763 48 29 the

49 4813 90 34 f-ports
153 4809 86 32 there,
252 4807 55 28 and
332 4805 55 29 had
412 4816 16 17 a
454 4814 66 27 very
546 4804 41 28 dis-

49 4848 148 39 agreeable
211 4848 59 29 ride
283 4847 92 37 owing
399 4848 30 27 to
455 4844 48 30 the
528 4844 73 29 wind

49 4891 55 28 and
122 4891 73 27 dust.

87 4929 147 39 Dredging
254 4929 23 28 is
302 4927 55 29 still
381 4927 132 37 booming
527 4927 75 36 here,

50 4971 56 30 and
119 4970 176 35 considering
308 4969 47 28 the
369 4969 53 28 rise
434 4968 28 29 in
477 4969 46 28 the
532 4968 72 28 river

51 5023 67 26 very
131 5011 175 36 satisfactory
320 5012 107 25 returns
452 5019 45 18 are
519 5009 84 36 being

51 5063 20 28 ft
78 5055 31 26 it.
113 5050 96 29 —The
222 5050 64 28 Moa
299 5049 104 38 dredge
414 5049 21 28 is
448 5049 55 28 laid
513 5058 37 29 up
561 5049 43 28 for

51 5093 113 36 repairs,
178 5091 51 28 and
246 5091 22 28 is
280 5089 85 37 likely
392 5093 28 24 to
446 5089 34 28 be
506 5100 30 18 so
562 5089 43 29 for

51 5142 78 19 some
141 5136 56 24 two
219 5130 121 29 months.
344 5129 64 27 —It
430 5129 22 28 is
477 5129 125 37 reported

52 5174 61 29 that
125 5173 47 29 the
183 5171 130 31 Dnnedin
325 5169 23 29 0
362 5169 33 29 D.
407 5168 47 31 Co.
466 5180 46 18 are
520 5169 86 39 going

52 5220 30 24 to
107 5218 70 24 start
203 5213 75 27 work
314 5212 27 27 in
376 5211 73 27 their
473 5211 78 28 claim

52 5254 146 30 Butchers.
237 5253 28 28 It
291 5253 22 27 is
339 5251 127 36 reported
498 5252 36 25 bv
559 5251 43 27 old

52 5296 103 28 miners
181 5298 28 24 to
242 5294 34 28 be
302 5303 51 17 one
378 5291 30 29 of
433 5292 47 28 the
505 5291 100 29 richest

52 5336 94 27 rUims
160 5335 27 27 in
202 5334 48 28 the
272 5331 156 31 Alexandra
451 5332 155 27 district.—

52 5377 59 28 The
124 5375 139 29 Turakina
289 5374 50 27 has
365 5372 80 29 made
457 5383 16 17 a
487 5376 68 24 start
571 5383 33 16 on

52 5419 49 27 the
116 5415 191 29 Manuherikia
320 5414 80 33 river,
421 5413 54 28 and
496 5423 111 18 rumour

52 5459 51 28 has
117 5457 21 28 it
151 5456 49 29 she
213 5455 22 29 ia
258 5465 34 19 on
317 5464 65 28 very
407 5454 58 28 rich
487 5453 118 38 ground,

52 5500 52 27 but
125 5498 86 35 being
235 5508 14 16 a
273 5496 107 38 private
404 5504 137 27 company
560 5494 47 28 the

47 5544 115 25 returns
200 5548 44 18 are
271 5540 47 25 not
344 5534 165 31 advertised.
512 5534 95 30 —The

52 5580 132 39 Ngapara
195 5578 53 28 No.
263 5579 26 32 2,
303 5588 34 17 on
352 5577 48 27 the
417 5575 94 35 Nevis,
525 5574 53 28 had
592 5586 15 17 a

52 5620 136 38 difficulty
202 5631 16 16 v
228 5619 39 29 ith
280 5617 112 30 shallow
406 5616 108 40 ground
525 5615 53 29 and
592 5627 15 17 a

52 5662 141 35 breakage
216 5661 26 28 in
265 5660 73 28 their
351 5658 74 30 dam,
439 5656 89 30 which
542 5657 65 35 they

46 5702 76 31 iiave
133 5712 60 19 now
213 5710 152 25 overcome,
379 5699 53 29 and
442 5708 46 19 are
497 5698 111 38 getting

139 5742 74 40 good
234 5746 119 25 returns,
394 5740 13 28 1
428 5739 105 29 believe
554 5738 53 30 this

668 4995 58 29 The
750 4995 143 29 bachelors
917 4995 29 28 of
968 4995 126 29 W:iikaia
1117 4997 61 28 hell

632 5036 71 28 their
727 5035 101 28 annual
851 5035 53 28 ball
927 5046 36 17 on
988 5037 47 27 the
1061 5037 66 27 29th
1153 5037 26 26 in

633 5076 83 29 Bell's
743 5075 73 28 Hall.
866 5077 38 28 As
929 5075 87 37 usual,
1042 5077 21 28 it
1089 5087 54 18 was
1167 5088 13 17 a

634 5121 71 23 most
729 5117 114 28 decided
873 5126 117 24 success,
1016 5118 49 26 the
1096 5126 86 19 muse

633 5156 84 37 being
730 5155 143 35 excellent,
889 5155 77 30 while
986 5157 47 29 the
1058 5157 124 36 catering

632 5198 52 29 left
709 5197 118 38 nothing
859 5204 27 21 to
909 5199 34 28 be
969 5198 116 29 desired.
1126 5197 56 28 The

635 5242 70 25 mo*t
737 5239 152 28 noticeable
933 5238 105 28 feature
1077 5237 28 28 of
1136 5239 47 26 flip

635 5278 147 36 fathering
795 5289 54 19 was
871 5279 46 28 the
943 5289 82 18 manv
1049 5277 131 30 beautiful

634 5321 106 27 drosses
750 5320 28 27 of
789 5321 46 27 the
848 5320 85 28 ladies
945 5331 5 22 ;
973 5319 77 28 while
1060 5319 46 28 th«
1117 5322 66 25 next

633 5360 55 29 and
714 5370 74 19 more
814 5360 101 28 serious
938 5358 94 37 object
1056 5369 55 18 was
1136 5359 48 28 the

635 5402 101 28 ever-in
741 5400 125 34 creasing
910 5399 118 30 number
1070 5399 30 29 of
1137 5398 47 30 the

635 5441 150 28 bachelors.
838 5440 98 37 Surely
959 5440 78 28 these
1058 5439 126 29 reunions

635 5481 96 29 should
746 5482 33 28 be
793 5481 62 29 able
867 5485 29 25 to
910 5480 79 29 make
1001 5491 73 18 more
1087 5479 29 29 of
1136 5491 50 17 onr

637 5533 92 27 young
743 5533 59 17 men
825 5532 45 19 see
893 5522 46 28 the
961 5531 76 18 error
1061 5521 28 27 of
1114 5521 73 29 their

637 5573 82 26 ways,
732 5563 54 28 and
800 5563 89 28 notice
903 5563 37 36 by
961 5562 46 28 the
1027 5562 92 37 happy
1133 5561 52 28 and

637 5604 112 37 smiling
762 5603 73 30 faces
848 5602 29 30 of
891 5602 46 29 the
960 5601 142 30 benedicts
1127 5601 61 29 that

664 5645 22 28 it
698 5645 22 28 is
732 5648 47 24 not
790 5644 72 32 good
873 5644 44 28 for
926 5654 62 17 man
997 5646 29 25 to
1035 5642 34 28 be

659 5733 91 37 (News
764 5732 145 30 continued
922 5743 34 18 on
972 5731 89 35 fourth
1072 5733 95 37 page.)

2396 143 4 65 !
2528 148 327 60 POPPIES
2900 148 80 59 IN
3020 146 152 58 THE
3212 143 212 59 OOKN.

2396 245 1 47 I
2424 255 85 28 ALL
2522 254 36 29 fo'
2560 265 5 6 1
2577 264 64 28 jou.
2693 253 82 29 Some
2795 253 29 29 of
2837 254 46 27 the
2905 253 131 28 Prettiest
3051 250 140 29 Materials
3206 249 42 29 for
3266 249 112 27 Blouses
3391 247 28 27 in
3441 245 94 35 Lwilla,

2396 286 1 44 !
2498 293 127 37 Muslins,
2639 294 54 30 and
2742 293 189 31 Dottlewattie
2976 292 129 29 Delaines
3121 289 148 39 (Coloured
3284 287 130 34 Flowers,
3436 286 98 30 Cream

2406 337 61 29 Silk
2481 336 106 38 Stripes
2600 337 8 35 )
2650 336 76 37 They
2739 335 64 39 give
2817 345 16 18 a
2883 334 47 39 flip
3018 331 175 38 matrimony.
3234 329 89 29 Write
3336 327 44 29 for
3394 327 138 28 Patterns.

2478 377 57 30 The
2557 388 60 17 new
2640 377 114 28 Tucked
2776 376 85 29 Lawn
2883 376 41 28 for
2947 377 120 36 Aprons,
3093 370 157 32 Children's
3277 370 124 34 Dresses,
3427 366 51 31 &c.
3516 377 17 18 a

2404 419 121 28 brilliant
2544 418 70 28 idea.

2475 459 58 30 The
2546 469 65 27 very
2625 457 113 30 Newest
2750 457 119 30 Notions
2883 456 27 29 in
2924 454 110 31 Ladies'
3047 454 55 29 and
3116 453 96 29 Maids'
3237 451 90 30 Straw
3348 450 81 35 Hats,
3453 448 61 30 Chil-

2401 500 90 29 dren's
2508 501 57 26 Sun
2580 500 70 27 Hats
2665 499 53 28 and
2733 498 57 29 Sun
2806 499 144 27 Bonnefcts.
2990 496 58 28 The
3062 494 142 30 Cleverest
3218 492 103 30 Effects
3344 492 28 29 in
3393 491 136 33 Ribbons,

2401 541 94 34 Laces,
2510 540 119 28 Flowers
2699 539 142 28 wotlixum
2892 537 45 28 all.

2473 581 57 28 The
2556 580 184 29 Advertiser's
2763 579 156 28 endeavour
2940 577 22 28 is
2985 582 28 23 to
3032 576 114 28 deserve
3159 574 35 28 all
3209 574 34 28 lie
3256 571 157 41 gets—and
3432 575 28 25 to
3481 573 49 36 get

2399 621 21 28 it
2434 625 55 24 too.

2472 661 127 28 G:d-teas
2613 660 53 28 and
2682 659 84 29 Drills
2781 659 42 29 for
2844 658 80 38 Boys'
2940 656 129 30 Summer
3083 656 188 28 Suits—same
3294 652 107 40 quality
3421 662 30 18 as
3474 651 55 29 last

2397 702 139 36 year—2d
2555 713 15 17 a
2582 701 68 38 yard
2661 701 53 28 less
2726 701 63 27 than
2806 699 75 28 usual
2899 698 81 38 price.

2554 744 50 30 iMY
2619 753 196 21 ADVERTISING
2829 753 30 20 31'
2864 751 52 21 ACE
2933 750 82 21 WONT
3032 750 49 20 LET
3096 748 39 21 ME
3149 747 69 22 T£LL
3232 745 60 24 YOU
3306 744 71 26 ALL.)

2474 793 86 37 Every
2585 793 93 28 Parcel
2702 791 88 29 DELI
2801 801 7 13 *
2823 791 47 28 Ell
2877 790 46 28 ED
2946 790 105 28 FREE.

2669 873 104 29 SAME
2794 872 128 28 NAME!
3001 870 104 28 SAME
3127 869 127 28 GAME!

2540 1049 101 31 CAMI
2667 1049 160 35 URAPKIt,
2849 1047 202 35 CLOrUI-R,
3098 1045 55 28 ND
3175 1044 206 29 IMPORTER.

2776 1102 70 28 Russ
2870 1101 94 34 I'lacs,
2985 1099 162 28 Lawbbnck.

2510 1183 94 120 ft

2478 1311 49 30 tifx

2474 1330 17 36 fi
2502 1339 90 27 Xy'/y
2616 1341 10 25 i
2654 1340 18 26 \

2471 1359 110 36 nyy
2615 1359 12 43 I
2665 1359 16 33 \
2742 1366 81 36 JAM
2838 1364 83 21 acknow

2471 1414 34 55 11.
2535 1444 10 10 °
2781 1423 138 31 STYLH!

2477 1472 30 53 I
2523 1494 46 13 -
2594 1459 125 67 MV

2455 1519 54 71 IP
2560 1547 43 15 °-
2733 1545 71 45 w

2909 1282 142 30 TAILOIt
3082 1281 81 29 AND
3192 1277 164 32 HATI'ER.

2784 1366 39 19 AM
2838 1362 158 24 acknowledged
3085 1359 73 22 second
3173 1362 21 17 to
3208 1365 52 14 none
3274 1358 32 21 for

2928 1460 190 36 QUALITY!

3097 1495 315 32 WORKMANSHIP!

2469 1695 153 69 mm

2917 1622 155 25 RESIDENTS
3098 1621 36 20 OF
3161 1618 186 22 ROXBURGH-

2740 1656 78 21 Kindlv
2830 1661 68 13 remcn
2909 1654 33 20 her
2958 1653 44 19 tliit,
3012 1652 66 23 dwii.g
3092 1654 20 16 t-
3123 1655 34 20 my
3167 1649 98 19 immense
3274 1647 130 25 assortment,
3415 1645 36 22 the
3460 1644 60 23 Show

2821 1683 34 18 the
2868 1682 103 18 Wiu.lows
2982 1681 16 18 is
3008 1686 47 17 omy
3065 1686 11 11 a
3087 1684 46 17 very
3145 1677 58 19 small
3215 1675 71 25 partof
3297 1682 33 18 my
3341 1674 128 20 Exhibition.

2790 1750 111 24 Intending
2911 1749 116 21 Customers
3040 1747 38 19 will
3090 1746 40 20 find
3140 1746 45 19 that
3195 1744 9 20 I
3215 1744 50 20 have
3278 1741 58 23 made
3344 1741 35 21 the
3385 1741 65 22 insid9
3457 1740 20 22 of
3484 1748 34 19 my

2738 1778 160 21 E-t-ililishm-iu
2917 1783 34 19 esp
2960 1776 41 19 -cial
3011 1781 12 19 y
3043 1779 21 15 at
3077 1779 31 15 rac
3119 1773 41 24 ive,
3177 1771 40 21 and
3234 1770 103 22 earnestly
3352 1770 65 20 invite
3434 1775 40 19 you
3497 1772 21 16 to

2738 1811 83 15 Nrtunter
2836 1804 88 25 through
2944 1796 33 33 the
2998 1810 11 12 v
3017 1809 60 13 ir.ous
3096 1802 145 24 Departments
3255 1797 40 22 and
3311 1797 82 26 Inspect
3403 1796 35 21 the
3448 1796 70 21 Litest

2739 1834 104 20 Fashions.

2775 1900 184 29 OPPOSITE
2982 1896 107 31 BANK
3112 1896 47 27 OP
3182 1894 87 29 NEW
3290 1892 191 36 ZEALAND,

3061 1937 161 29 Lawkknck.

1809 153 4 59 j
1832 156 164 56 npEVIOT
2058 154 176 30 DISPEN
2246 154 90 30 SAR
2347 153 33 30 Y.

1808 206 3 30 !
2141 206 14 30 7

1807 231 4 37 i
1842 235 84 27 Blood
1941 233 115 28 Purifier
2073 231 116 37 (Spring-
2202 232 163 32 Medicines)

1807 270 4 43 |
1826 275 39 20 For
1874 273 96 27 Pimples,
1982 271 102 23 Bunches,
2104 270 61 25 Boils,
2185 273 35 18 Ac.
2227 271 43 19 —lt
2286 271 92 24 packets.

1899 312 88 30 Blood
2000 311 54 28 and
2073 310 84 28 Tonic
2171 310 132 35 Mixture,

2016 352 21 20 '2s
2051 350 26 21 Gd
2091 357 11 13 a
2116 348 72 24 bottle,

1806 389 2 41 i
1898 391 156 39 Antiseptic
2074 390 88 28 Tooth
2177 389 124 35 Powder,

1806 430 1 31 |
1821 433 132 27 Thoroughly
1966 432 88 20 cleans-*
2065 430 36 20 the
2111 430 55 20 teeth
2176 430 40 21 and
2226 435 100 16 sweetens
2336 430 37 21 the

1931 458 123 24 breath—6d
2063 457 39 21 au<l
2114 457 20 20 Is
2144 458 119 26 quantities.

1822 501 72 28 Cura
1908 500 92 33 Clava,
2016 510 14 15 a
2044 507 61 18 sure
2127 496 70 29 Cure
2217 497 44 29 for
2275 497 95 30 Corns.

2041 537 19 20 Is
2075 536 81 21 bottles.

1843 568 70 25 Fancy
1923 565 76 27 Gooils,
2009 564 87 22 suitable
2108 564 30 20 for
2147 566 89 20 ppesents
2246 565 39 21 and
2291 565 80 22 artistic

1818 595 88 21 dc«orati
1915 602 28 12 >:is
1953 601 5 16 ;
1973 593 124 24 Stationery,
2107 591 74 27 Bo»ks,
2189 592 60 26 Toys,
2257 593 102 25 <'rockery
2362 605 6 4 -

1818 628 59 19 ware,
1891 621 113 24 Perfumes,
2015 619 92 24 Nursery
2117 619 40 19 and
2166 619 66 20 Toi'-'t
2245 621 121 25 llequisi-.es,

1806 644 1 31 |
1817 649 91 24 Trusses,
1920 649 88 24 Feeiliiiij
2025 646 85 24 Bottiei,
2121 645 72 26 Tooth,
2206 646 46 21 N.III
2263 654 24 13 an
2297 644 4 31 t
2316 647 51 20 Hair

1818 677 94 23 Brushes,
1934 676 65 20 Horse
2021 675 115 19 Mel.ernes,
2162 673 16 20 E
2188 681 51 13 lem-i
2263 675 101 25 Syringes,
2379 673 1 27 |

1816 704 74 20 Patent
1910 703 115 20 Mniirines,
2047 700 82 20 R'.'Mvr
2141 700 14 20 S
2162 703 73 18 <liCioa
2254 701 28 19 f>\
2303 701 63 26 Tyre-t
2379 700 1 34 j

1814 732 38 20 anil
1872 731 14 9 '*
1894 731 55 22 Gum

1842 759 70 20 Wants
1922 758 98 21 ;itt-U'led
2030 763 21 15 to
2061 759 41 18 Sc..
2112 757 40 24 lays
2164 766 7 9 t
2193 757 30 19 'a-
2231 764 29 13 .er
2271 758 43 19 had
2324 757 3 29 i
2343 765 18 11 s,
2379 757 1 29 j

1813 786 71 21 h^urs.

1938 814 32 28 P.
2011 809 118 31 .JEFF
2141 809 22 29 B
2178 811 21 27 If-
2213 812 30 35 V,

1811 858 134 23 CHEMIST.
1960 856 188 22 BOOKSELLER.
2163 857 202 25 T.JBIO-OMS'r,
2379 840 1 42 !

1883 887 48 19 XT*
1941 885 103 21 I'IOVBR
2056 885 17 20 fi
2090 883 77 20 N'L'Vs
2188 885 102 20 A-ilvN'r.

1906 936 176 54 Record
2124 935 150 28 omgn.
2379 923 1 67 I

1959 975 123 31 ECOKI)

1813 1058 69 29 'T'O
1908 1059 99 29 enable
2033 1058 46 28 the
2107 1057 93 38 public
2226 1063 27 22 to
2284 1057 80 29 Dress

1894 1100 119 29 suitable
2023 1104 27 23 t><
2061 1099 48 28 the
2120 1099 134 33 occasion,
2270 1098 11 28 I
2298 1099 66 27 have

1922 1150 183 29 REDCJOD
2129 1150 130 28 PRICES

1809 1192 30 27 of
1853 1202 45 27 mj
2007 1191 54 27 and
2075 1190 92 27 varied
2205 1191 73 34 tuck,
2294 1192 49 26 viz.
2357 1202 5 15 :

1885 1244 84 34 Suits,
1983 1244 38 28 £3
2040 1243 49 34 3s;
2112 1240 139 35 Trousers,
2273 1244 52 26 15-;.

1884 1283 117 29 Factory
2016 1301 10 5 -
2042 1282 79 29 uia.de
2164 1283 84 34 Suits,
2291 1285 49 26 21s
2355 1295 6 22 ;

1981 1333 117 24 rou.sers,
2111 1323 31 27 6s
2157 1323 44 27 (3d.

1834 1375 71 34 Ties,
1922 1374 81 38 Caps,
2020 1375 108 31 Braces,
2144 1374 58 33 &c.,
2218 1374 33 28 Gd
2268 1374 75 28 each.

1809 1416 77 28 Hard
1901 1416 56 28 and
1973 1416 61 28 Soft
2049 1415 60 28 Felt,
2134 1420 75 29 :vats,
2239 1416 26 26 Is
2286 1414 76 28 each.

1828 1495 110 22 REDUC'I
1969 1496 42 19 WS
2027 1495 30 20 IN
2075 1496 51 18 ALL
2140 1493 96 20 OTHER
2249 1493 89 20 LINES.

1905 1560 39 39 E,
1992 1560 42 40 A,
2084 1559 122 35 HAR
2223 1559 42 47 T,

1806 1616 106 22 TAILOR
1936 1617 16 21 k
1976 1615 195 23 GENTLEMEN'S
2196 1613 166 24 OUTFITTER.

1863 1656 261 33 Sc'OTLAND-RTKKET,
2147 1655 160 29 RoxBUHGH.

1813 1754 49 36 \T
1884 1754 25 27 R
1970 1753 239 28 FINLAY
2232 1752 104 28 SO.N
2355 1775 6 11 ,
2375 1743 3 59 j

1889 1804 162 23 BARRISTER
2066 1804 60 21 AND
2140 1804 154 25 SOLICITOR,

2003 1851 163 33 LAWftEXCE,
2246 1854 10 14 5
2374 1848 4 36 J

1308 149 233 56 §tandard
1555 145 19 13 m
1621 146 150 55 Seeds.

1244 276 99 57 WE
1357 275 48 28 will
1421 273 28 30 be
1463 273 99 36 pleased
1581 278 25 22 to
1619 271 93 29 submit
1727 281 48 17 sam-

1355 315 52 35 ples
1421 313 47 26 and
1483 313 57 35 give
1553 312 145 36 quotations
1717 310 30 26 of
1761 310 30 26 all

1220 341 3 44 !
1238 351 170 34 Agricultural
1430 351 77 27 Seeds
1522 360 35 17 we
1571 348 80 35 stock,
1672 348 28 28 of
1711 347 80 28 which

1219 388 2 39 |
1237 391 40 25 the
1291 390 97 37 qualit}'
1402 391 20 25 is
1437 389 40 27 the
1490 388 82 27 finest.

1218 419 3 47 J

1273 477 167 42 Standard
1513 476 89 41 Bone
1637 473 149 42 Manure,

1267 548 61 27 This
1341 546 139 29 celebrated
1494 546 106 27 Manure
1614 544 44 28 has
1670 553 32 18 no
1715 543 71 38 equal

1217 582 2 42 |
1234 586 35 25 for
1282 585 104 37 qualirv.
1426 586 22 25 Tt
1468 586 19 24 is
1510 584 50 26 rich
1583 584 24 25 in
1633 582 154 35 Phosphates

1232 623 48 25 and
1298 622 191 32 Aminonia,and
1500 623 20 24 is
1530 619 140 33 admirably
1680 618 104 33 adapted

1217 656 1 38 |
1233 659 33 25 for
1281 667 51 18 root
1353 670 78 22 crops
1452 668 69 26 grass
1542 658 79 31 lands,
1635 657 49 26 and
1705 656 79 26 wheat

1217 701 1 45 j
1231 706 71 26 crops

1217 743 1 40 j
1407 747 112 24 —Other
1550 746 84 24 makes
1665 746 22 23 of
1717 743 68 26 Bone

1217 780 1 31 ■
1232 783 117 26 Minim'*;
1364 793 38 15 ure
1416 791 73 20 '(tM!!'/
1499 781 130 30 offered.to
1644 780 102 26 farmers
1758 790 25 15 as

1230 824 39 20 »tiM
1458 819 83 26 hr;»nd.
1584 819 79 25 When
1677 819 104 32 buying,

1228 859 70 24 insist
1313 867 30 15 on
1359 868 12 14 a
1395 865 136 23 ytidran'ee
1559 856 73 32 being
1658 856 83 31 given,
1756 865 25 16 ;ts

1230 892 102 28 without
1348 895 47 25 this
1411 901 74 19 'iritnn
1508 903 62 17 none
1584 895 20 24 is
1618 894 116 34 genuine.

1406 971 19 27 L
1451 974 14 24 V
1481 969 36 28 W
1533 970 20 27 E
1568 970 7 12 '
1586 972 19 25 S

1225 1021 357 31 SUPERPHOSPHATE
1604 1022 47 29 OF
1673 1021 105 30 LIME.

1412 1084 182 30 CROSS'

1224 1137 279 30 SUPERPiIOSi'H
1517 1137 62 28 vTE
1602 1136 46 30 OF
1671 1136 107 28 LIME.

1261 1189 63 25 Both
1418 1186 116 28 Manures
1546 1198 39 15 are
1597 1188 28 25 of
1631 1188 60 33 high
1703 1197 30 19 trr

1222 1227 155 37 quality.ahd
1390 1237 38 14 are
1441 1226 52 26 well
1505 1226 81 25 suited
1600 1227 35 24 for
1646 1234 119 26 encourag-

1223 1275 40 24 ing
1278 1265 39 26 thn
1332 1266 98 32 growth
1444 1266 23 23 of
1482 1264 30 25 all
1529 1270 52 18 root
1595 1272 78 26 crops.

1457 1329 34 17 os
1514 1324 200 22 Application*.

1390 1390 150 30 PLANET
1566 1391 37 29 Jr

1297 1444 48 28 FA
1353 1444 51 28 KM
1440 1442 262 30 IMPLEMENTS.

1260 1494 78 26 Write
1360 1503 27 16 or
1410 1494 44 26 call
1475 1493 37 26 for
1526 1494 43 25 full
1585 1493 148 35 particulars
1755 1493 27 26 of

1223 1533 67 26 rbese
1314 1533 112 24 valuable
1452 1533 166 32 implements,
1637 1531 78 26 which
1736 1541 40 16 are

1222 1571 23 23 in
1258 1579 42 15 use
1313 1570 28 24 bv
1357 1571 40 22 the
1410 1569 136 24 thousands
1553 1569 23 24 in
1586 1569 60 24 New
1657 1568 117 25 Zealand.

1291 1645 115 30 FRUIT
1436 1645 122 35 TREES,
1579 1645 129 35 ROSES,

1222 1696 265 31 STItAVVMERRY
1522 1696 157 35 PLANTS,
1713 1696 61 36 &c.,

1369 1748 36 26 Of
1426 1747 66 27 Best
1513 1746 121 35 Quality.

1221 1831 245 55 NIMMO
1489 1835 14 49 1
1531 1831 241 63 BLAIR,

1314 1905 96 29 SEED
1437 1902 245 31 MERCHANTS.

1426 1952 61 26 DUN
1496 1959 68 19 KDIN

1223 2025 204 54 yiCrOKIA
1448 2023 144 30 LIVERY
1607 2021 167 32 STABLES

1309 2094 69 21 PEEL,
1390 2093 113 26 STREET,
1519 2091 167 22 LAWRENCE.

1219 2162 35 41 T.
1283 2162 121 50 Dwyer
1449 2171 7 30 :
1504 2170 8 31 :
1567 2159 206 50 Proprietor.

1256 2250 58 27 The
1327 2260 65 26 very
1407 2249 61 28 best
1483 2248 129 36 Stabling
1630 2246 143 38 provided,

1219 2290 65 28 with
1298 2302 15 15 a
1327 2289 100 29 Groom
1442 2289 101 37 always
1558 2288 27 27 in
1598 2287 174 28 attendance.

1220 2386 23 25 A
1267 2382 159 29 Handsome
1452 2382 55 28 and
1536 2379 236 40 Well-appointed

1314 2442 154 35 Hearse
1493 2451 52 25 on
1574 2440 103 35 Hire.

1254 2535 157 29 First-class
1445 2534 94 39 Single
1573 2533 54 29 and
1666 2532 105 30 Doable

1219 2577 138 38 Buggies;
1378 2578 66 32 also,
1461 2575 107 28 Ladies'
1583 2575 53 28 and
1658 2574 96 29 Gentle-

1217 2617 86 28 men's
1317 2616 102 28 Saddle
1434 2616 112 28 Horses.

3572 162 257 48 Speargrass
3864 163 90 39 Flat
3993 159 134 44 Hotel,

3669 228 103 30 BALD
3794 228 94 30 HILL
3913 227 109 31 FLAT.

3551 295 1 46 |
3565 310 91 21 JAMES
3668 309 153 22 FALCONER
3923 321 23 5 -
3973 303 141 28 PHOrkiK*oa

3564 378 100 30 'THE
3676 380 87 29 above
3778 380 85 29 Hotel
3876 378 56 31 will
3945 379 35 29 be
3993 377 88 31 found
4100 388 17 18 a

3646 423 73 26 most
3745 420 180 30 comfortable
3954 420 56 29 aud
4041 418 60 29 well-

3561 460 150 40 appointed
3725 460 94 31 House
3834 461 38 39 by
3895 460 153 31 Travellers
4060 459 56 30 and

3561 503 48 28 the
3620 501 94 39 public
3728 502 150 38 generally.
3918 501 119 30 Patrons
4050 511 64 27 may

3561 542 57 39 rely
3631 553 35 18 on
3680 552 83 29 every
3780 542 137 30 attention
3932 542 85 39 being
4029 541 84 39 given

3560 587 27 25 to
3598 584 73 28 their
3683 583 127 30 comfort.

3558 656 44 28 An
3615 655 161 30 Excellent
3787 654 91 30 Table
3890 656 120 29 Always
4024 654 87 29 Kept,
4128 654 4 31 -

3618 728 72 41 Only
3706 729 46 31 the
3767 729 67 31 Best
3847 728 117 41 Liqaors
3979 727 77 42 Kept

3761 771 29 28 in
3805 770 95 29 Stock.

3557 823 157 30 First-class
3729 824 138 38 Stabling,
3882 824 66 29 with
3966 825 101 28 Groom
4081 823 29 28 in

3747 866 176 28 attendance.

3556 955 280 54 RAILWAY
3912 954 197 34 HOTEL,

3646 1023 66 21 ROSS
3731 1022 99 27 PLACE,
3850 1020 169 23 LAWRENCE.

3553 1091 159 45 Joseph
3738 1091 104 43 Cox,
3871 1089 236 46 Proprietor

3588 1178 18 28 J
3620 1178 30 29 C.
3665 1178 69 38 begs
3756 1182 27 24 to
3797 1178 126 28 intimate
3937 1177 61 29 that
4010 1177 35 28 he
4058 1176 51 28 has
4125 1187 7 5 -

3552 1218 153 37 purchased
3737 1218 47 28 the
3815 1218 87 28 above
3928 1216 180 29 well-known

3552 1257 141 38 Hostelry,
3702 1257 55 29 and
3772 1258 93 37 hopes,
3875 1258 36 37 by
3921 1256 80 29 strict
4014 1260 77 25 atten-

3553 1298 57 28 tion
3624 1302 27 23 to
3664 1298 48 28 the
3722 1297 117 29 comfort
3848 1297 28 29 of
3888 1296 155 29 Travellers
4052 1296 55 28 and

3552 1338 47 27 the
3612 1337 93 38 public
3719 1337 150 37 generally,
3881 1340 30 25 to
3924 1340 74 24 meet
4010 1336 67 28 with
4091 1347 16 16 a

3552 1376 52 28 fair
3617 1377 80 28 share
3709 1377 29 27 of
3751 1381 161 34 patronage.

3591 1416 57 26 The
3672 1416 121 35 Railway
3815 1416 24 25 is
3862 1424 52 18 one
3928 1415 29 26 of
3970 1415 47 26 the
4029 1416 62 25 beat-

3552 1454 149 38 appointed
3713 1453 99 30 Hotels
3820 1453 108 29 outside
3937 1452 29 29 of
3977 1451 130 29 Dunedin

3553 1494 97 30 Under
3662 1494 87 29 J.O.'s
3763 1496 203 36 management,
3976 1492 47 29 the
4032 1502 56 19 com-

3552 1535 55 29 fort
3620 1535 30 29 of
3657 1540 114 33 patrons
3778 1533 54 30 will
3844 1535 35 29 be
3889 1533 79 30 made
3978 1543 16 19 a
4004 1533 102 39 special

3551 1576 114 34 feature,
3678 1575 55 28 and
3747 1585 35 18 no
3794 1575 82 28 effort
3886 1574 54 29 will
3956 1575 35 27 be
4005 1573 99 38 spared

3551 1620 27 24 to
3591 1615 64 40 give
3668 1624 84 29 every
3765 1613 180 30 satisfaction.

3549 1690 57 28 The
3619 1691 62 26 best
3694 1690 103 27 brands
3810 1690 30 27 of
3862 1689 105 35 Wines,
3990 1688 111 38 Spirits,

3584 1730 55 29 and
3654 1730 66 30 Ales
3732 1730 102 39 always
3853 1729 67 40 kept
3933 1729 28 29 in
3974 1729 90 30 stock.

3549 1803 127 40 Simpson
3688 1804 55 29 and
3759 1803 96 29 Hart's
3869 1803 66 29 Ales
3947 1802 103 40 always
4064 1812 35 18 oi\

3792 1844 67 38 Tap.

3547 1917 155 29 First-class
3714 1916 129 40 Stabling
3855 1915 244 31 Accommodation

3559 2001 274 54 VIASOHIG
3876 1996 226 43 HOTEL*

3640 2060 67 22 ROSS
3721 2060 96 27 PLACE,
3832 2059 168 23 LAWRENCE.

3545 2129 33 29 R.
3599 2129 112 29 WEBB
3916 2129 181 30 Proprietor,

3582 2209 57 30 The
3692 2209 123 30 Masonic
3871 2208 101 31 affords
3994 2208 37 30 all
4049 2208 48 29 the

3544 2251 130 28 comforts
3688 2251 28 28 of
3729 2262 16 16 a
3758 2251 88 35 home,
3857 2251 54 28 and
3925 2251 23 28 is
3961 2250 134 38 provided

3544 2290 65 29 with
3623 2291 47 28 the
3691 2300 67 28 very
3777 2291 62 28 best
3853 2290 244 29 Accommodation

3542 2330 44 29 for
3611 2330 161 30 Travellers.
3810 2330 158 30 First-class
4000 2329 94 30 Table.

3544 2371 66 28 Best
3630 2370 95 31 Wines
3747 2372 54 29 and
3823 2372 100 39 Spirits
3944 2371 104 39 always
4065 2370 30 28 in

3542 2412 88 29 stock.

3662 2479 133 21 CHARGES
3813 2479 161 21 MODERATE.

3576 2533 58 31 The
3659 2533 158 41 Proprietor
3842 2535 100 30 wishes
3967 2538 29 26 to
4017 2534 78 30 draw

3540 2575 108 38 Special
3673 2577 135 28 attention
3834 2581 28 25 to
3891 2578 45 27 the
3963 2575 131 39 Stabling

3540 2617 244 29 Accommodation
3804 2617 142 38 provided,
3960 2617 90 28 which
4069 2617 23 27 is

3540 2657 152 34 unlimited,
3706 2657 55 28 and
3774 2658 29 28 of
3815 2659 47 27 the
3876 2658 61 28 best
3951 2657 76 29 kind.

3549 2743 143 56 yICT
3706 2744 62 29 OK
3782 2744 13 28 I
3810 2745 26 27 A
3912 2744 135 29 HOTJU
4060 2744 37 29 L,

3628 2811 69 21 PEEL
3711 2811 111 27 STREET,
3838 2811 169 23 LAWRENCE.

3563 2904 170 34 Ronald
3761 2902 311 45 Montgomery,

3730 2960 180 29 Proprietor.

3542 3052 57 31 One
3622 3053 30 29 of
3673 3053 47 29 the
3740 3057 72 25 most
3836 3053 182 30 comfortable
4038 3053 51 29 and-

3567 3095 229 28 best-conducted
3810 3093 155 30 Hostelries
3974 3105 36 18 on
4021 3096 46 27 the

3690 3135 88 34 OUgo
3793 3133 159 29 Goldfields.

1807 1919 66 29 Will
1901 1917 94 30 attend
2023 1917 47 29 the
2091 1916 150 40 Roxburgh
2267 1916 93 29 Court.

1808 2076 100 38 Money
1919 2081 28 22 to
1957 2075 77 28 Lena
2044 2085 33 18 on
2089 2074 133 28 Freehold
2236 2075 124 36 Security

1814 2220 67 56 yy
1894 2220 185 30 ILLIAM
2158 2224 9 54 j
2191 2217 168 36 ALONE,

1890 2374 173 37 General
2100 2372 169 45 Grocer,

1828 2520 317 33 SCOTLAND-3
2156 2520 22 30 T
2190 2521 24 28 R
2227 2518 22 31 E
2264 2519 19 30 E
2296 2519 31 37 T,

1968 2669 221 29 ROXBURGH.

2432 2049 394 89 WOOL,
3080 2042 391 89 WOOL.

2684 2171 277 59 SEASON
3014 2169 203 56 1897-98

2947 2268 12 14 0

2396 2336 46 58 D
2450 2334 149 30 ALGETY
2621 2333 23 30 &
2666 2332 197 36 COMPANY,
2885 2331 37 28 LI
2928 2330 42 29 MI
3003 2321 3 73 i
3027 2330 31 33 D,
3081 2329 54 37 beg-
3157 2331 28 25 to
3202 2335 143 20 announce
3365 2324 61 29 that
3446 2321 70 31 their

2484 2378 103 33 Stores,
2603 2375 87 29 which
2705 2385 45 18 are
2764 2380 128 31 amongst
2907 2373 45 27 the
2966 2371 117 38 Largest
3096 2370 27 27 in
3139 2369 45 28 the
3199 2368 113 38 Colony,
3327 2365 53 29 and

2531 2427 213 31 SPECIALLY
2764 2425 197 30 DBSIGNED
2985 2424 70 29 FOR
3074 2422 79 29 THE
3173 2418 204 32 EFFICIENT

2759 2465 166 30 DISPLAY
2951 2465 47 28 OF
3027 2463 119 32 WOOL,

2386 2521 45 19 are
2445 2521 61 19 now
2520 2509 81 30 rearlv
2616 2510 43 27 for
2672 2508 46 28 the
2733 2507 137 38 reception
2885 2505 28 28 of
2927 2505 53 28 this
2998 2503 123 29 Season's
3139 2502 69 38 Clip.

2462 2549 212 32 DALGHI'Y'S
2696 2548 142 30 STORES
2859 2557 45 18 are
2926 2546 119 37 Lighted
3067 2544 72 29 after
3151 2543 47 29 the
3219 2545 71 26 most
3305 2539 112 30 modern
3431 2537 78 38 style,

2386 2594 54 28 and
2454 2594 63 32 this,
2532 2592 128 38 together
2674 2591 66 27 with
2754 2590 47 28 the
2815 2590 131 26 immense
2960 2587 68 28 floor
3048 2596 80 27 space
3151 2583 141 35 available,
3313 2591 113 20 ensures
3452 2580 60 28 that

2385 2644 82 20 every
2483 2632 69 38 Clip,
2573 2632 125 28 however
2712 2630 75 37 large
2801 2639 30 18 or
2843 2628 89 34 small,
2946 2637 48 18 can
3011 2628 33 27 be
3059 2630 94 25 shown
3167 2630 27 22 to
3209 2625 46 26 the
3269 2624 61 27 best
3344 2622 164 34 advantage.

2450 2665 67 37 'The
2531 2674 206 36 Arrangement
2749 2670 53 28 and
2816 2669 148 29 Valuation
2979 2668 28 27 of
3021 2667 46 29 the
3081 2665 79 29 Wool
3175 2665 42 28 for
3306 2662 53 29 will
3375 2662 33 28 be
3420 2661 28 28 in
3464 2661 45 27 the

2385 2714 87 29 hands
2486 2715 30 28 of
2536 2725 34 17 an
2592 2719 97 32 expert
2711 2712 28 28 in
2761 2712 46 27 the
2831 2710 86 28 tcade.
2959 2709 104 28 Clients
3083 2717 61 27 may
3168 2704 137 30 therefore
3326 2703 58 37 rely
3405 2702 59 28 that
3474 2702 35 27 all

2385 2756 59 27 that
2458 2755 162 36 experience
2633 2753 54 28 and
2702 2763 61 17 care
2777 2761 49 18 can
2841 2750 35 28 do
2891 2750 52 26 will
2960 2750 32 26 be
3006 2749 70 28 done
3100 2755 28 20 to
3142 2756 94 19 secure
3257 2745 46 27 the
3317 2745 60 26 bent
3391 2742 120 38 possible

2384 2800 94 25 return
2492 2795 43 28 for
2549 2794 70 29 their
2632 2792 215 39 consignments.

2385 2876 177 38 Woolpaoks,
2585 2874 133 38 Seaming
2742 2872 103 35 Twine,
2866 2871 55 27 and
2935 2870 35 28 all
2995 2869 131 38 Farming
3147 2865 156 40 Requisites
3328 2863 129 39 supplied
3483 2867 28 24 at

2458 2918 108 27 Lowest
2580 2916 118 28 Current
2713 2914 102 28 Prices.
2867 2911 146 28 Advances
3029 2909 77 29 made
3119 2919 34 18 on
3172 2907 88 35 Wool,
3276 2906 85 29 Stock
3382 2904 55 29 and

2568 2956 110 28 Station
2703 2953 156 39 Properties
2874 2957 30 23 at
2926 2951 108 27 Lowest
3055 2949 119 29 Current
3194 2947 84 28 Rates
3296 2945 30 30 of

2883 2992 130 28 Interest.

2542 3036 105 31 Advice
2661 3035 86 30 Notes
2761 3034 55 29 and
2830 3032 100 30 Labels
2944 3030 153 30 forwarded
3111 3039 35 19 on
3167 3027 184 40 Application,

2650 3113 64 31 ggf
2718 3109 123 28 Address
2860 3117 70 27 your
2950 3105 217 37 Consignments
3189 3107 28 24 to
3219 3119 36 4 —

2387 3187 350 97 BEGET!
2788 3190 150 81 AND
2984 3182 129 92 CO,
3159 3180 353 91 LIMITED.

1803 2778 215 55 HUGH
2090 2777 261 43 BRUCE,

1891 2846 200 30 BOARDING
2119 2846 141 34 HOUSE,

1828 2898 239 29 WHITifiHAVEN-ST
2072 2910 12 16 K
2089 2908 13 18 E
2107 2907 37 25 KT,
2167 2898 40 27 La
2211 2905 110 20 WRBNCE

1863 2945 145 38 (Opposite
2024 2945 113 38 English
2153 2944 130 36 Church.)

1810 3035 80 22 FIR-ST
1909 3035 84 22 CLASS
2017 3034 245 24 ACCOMMODATION
2286 3034 54 22 FOLi

1885 3064 57 21 THE
1957 3064 183 21 TRAVELLING
2157 3063 110 21 fUBLIC.

2101 3116 12 14 V

1845 3145 76 29 Good
1947 3144 130 33 Stabling
2103 3144 52 28 aticl
2177 3143 128 29 Paddock

1949 3185 253 29 Accommodation.

1884 3266 166 28 —Chakoks
2071 3265 158 28 Moderate.
2234 3282 35 3 —

1227 2722 10 21 r
1278 2722 20 22 O
1315 2721 19 21 o
1357 2719 20 25 K
1442 2722 16 21 A
1496 2722 10 20 :•
1574 2720 11 20 I'
1613 2719 21 23 H
1660 2718 10 24 I
1695 2718 15 24 S
1735 2719 5 22 !

1226 2743 34 36 [j

1279 2799 15 22 B
1310 2800 15 19 )i
1335 2799 43 23 iIS
1398 2803 35 19 tor
1448 2801 39 20 the

1307 2842 71 23 Boo's
1398 2845 36 20 for
1456 2844 41 21 the
1512 2843 90 27 Sma'l;

1275 2886 71 22 Boots
1362 2885 35 23 for
1418 2886 39 22 the
1477 2885 48 23 Sho
1534 2885 3 28 -
1540 2890 15 23 t,

1307 2930 70 22 Boots
1395 2930 36 22 for
1449 2930 40 22 the
1508 2930 53 23 Till
1577 2937 6 21 ;

1277 2975 23 20 B(
1311 2981 35 15 ots
1360 2974 37 22 for
1417 2975 39 23 the
1475 2973 21 24 Y
1508 2981 63 22 'Urig,

1305 3014 71 22 Bjois
1395 3013 35 28 lor
1447 3013 39 22 the
1505 3014 46 22 Old
1565 3020 6 21 ;

1327 3078 30 21 nd
1379 3076 99 23 BOOTS
1496 3078 44 21 anrt
1562 3076 102 24 SHOBs

1425 3131 34 22 for
1477 3130 28 23 all
1530 3137 13 16 a

1312 3192 40 37 H.
1404 3193 121 36 Bail
1539 3192 126 43 LIE'S,

1220 3269 115 29 Oppo-i'e
1352 3267 159 25 Comrrieicial
1533 3267 81 30 Hotel,
1635 3267 131 31 Roxburgh

2062 3431 94 28 FLAT
2214 3426 136 37 HOTEL,

1962 3583 119 22 MILLERS
2108 3583 77 21 FLAT.

1832 3850 30 28 P.
1886 3849 107 29 Laffky
2143 3847 167 39 Proprietor.

1795 4002 255 31 DISSOLUTION
2080 4002 40 29 Ob
2120 4001 6 12 1
2156 3999 168 31 PARTNER-

2023 4055 101 30 SHIP.

1792 4139 167 38 JOHNS
2012 4139 33 36 &
2092 4136 251 41 M'COMBE,

1933 4196 159 28 MILLBKS
2111 4196 96 28 FLAT.

1802 4281 176 30 EXAVING
1992 4281 153 28 Purchased
2159 4281 45 28 the
2218 4281 128 27 Business

1889 4323 30 27 of
1943 4323 47 26 the
2016 4322 60 27 firm
2107 4323 29 27 of
2166 4321 93 30 Johns
2291 4329 54 20 an'd

1796 4361 147 37 M'Combe,
1958 4361 21 29 it
1993 4361 55 29 will
2072 4362 33 28 be
2127 4362 82 28 taken
2231 4371 67 19 over
2315 4371 30 18 as

1793 4404 72 28 from
1879 4403 47 28 the
1943 4403 64 28 loth
2020 4403 65 33 itist,
2102 4403 53 28 and
2179 4403 52 27 will
2249 4403 80 26 hence-

1793 4442 119 30 forward
1939 4442 34 29 be
1999 4442 105 29 carried
2123 4452 35 18 on
2186 4442 88 28 under
2300 4443 46 26 the

1794 4494 80 18 name
1887 4483 30 28 of
1935 4485 18 14 i(
1964 4483 32 28 E.

1830 4523 47 28 All
1912 4527 130 24 accounts
2080 4523 91 37 owing
2203 4526 73 24 must
2312 4521 35 28 be

1793 4563 101 30 settled
1913 4567 29 24 at
1962 4573 77 18 once.

1945 4621 33 28 E.
2017 4620 183 35 JOHNS,

1806 4668 116 24 GROCER
1936 4668 61 22 AND
2016 4668 136 21 GENERAL
2167 4667 165 21 MERCHANT.

1995 4732 154 22 AGENCIES:

1795 4774 175 29 Manchester
1984 4772 62 29 Fire
2061 4772 148 28 Insurance
2225 4770 48 29 Co.

1794 4814 158 27 Australian
1963 4813 107 28 Mutual
2080 4812 146 28 Provident
2237 4811 110 37 Society

1801 4911 126 56 WM.
1956 4909 132 55 KIN
2094 4909 254 68 ASTON,

1859 4986 241 46 Hermitage
2138 4985 144 43 Street,

1970 5045 222 35 Roxburgh,

1797 5109 238 35 CARPENTER,
2063 5108 172 29 BUILDER
2259 5132 6 5 .
2287 5132 6 6 .
2317 5132 5 5 .
2347 5132 5 5 .

1798 5183 6 6 .
1826 5182 6 7 .
1856 5183 5 6 .
1886 5184 5 6 .
1913 5159 165 30 PICTURE
2106 5158 167 39 FRAMtiR,
2299 5169 54 20 AND

1943 5212 266 42 Undertaker,

1799 5297 109 29 Picture
1922 5296 171 39 Mouldings,
2106 5296 119 34 Glasses,
2246 5296 106 38 Paints,

1865 5338 54 27 and
1946 5337 228 39 Paperhangings
2199 5339 29 28 of
2249 5339 35 28 all

1910 5378 183 38 descriptions
2106 5377 27 28 in
2152 5379 88 28 stock.

1800 5429 101 30 Orders
1915 5430 86 28 taken
2024 5430 43 28 for
2087 5431 99 37 supply
2200 5431 28 28 of
2242 5431 112 28 Timber

1943 5471 28 28 in
1985 5480 54 28 any
2053 5471 157 38 quantities,

1800 5553 88 30 W.K.
1901 5553 105 39 having
2026 5555 114 28 secured
2159 5567 16 16 a
2197 5555 157 29 First-class

1961 5618 235 47 HEARSE,

1801 5681 24 30 is
1838 5680 135 40 prepared
1986 5683 28 27 to
2034 5680 120 30 conduct
2174 5682 133 30 Funerals
2326 5682 27 28 in

1903 5721 35 29 all
1950 5724 77 40 jparts
2041 5722 29 29 of
2085 5721 45 30 the
2141 5722 120 30 district.

3641 3223 56 21 HOT
3720 3223 60 21 AND
3801 3223 73 21 COLD
3894 3223 99 22 BATHS.

3565 3292 110 27 SaMPLK
3695 3292 96 28 KoOMS
3811 3300 50 20 FOK
3880 3292 192 30 TKAViiLLERS.-

3539 3372 166 39 Passengers
3713 3372 85 29 called
3809 3373 42 29 for
3860 3373 45 28 the
3914 3374 74 38 early
3997 3373 92 35 Train,

3745 3519 8 21 I
3786 3519 19 21 T
3836 3519 18 23 C
3890 3520 19 22 U
3946 3519 16 23 K
3997 3520 18 23 L
4046 3519 20 25 I»

3603 3662 4 25 1
3622 3662 15 25 ■!
3649 3663 13 24 rC
3712 3663 156 24 POPiiLAK
3906 3662 86 23 Hv*»lJ•;

3717 3728 18 22 L
3743 3727 47 23 \W
3796 3727 42 25 itß
3846 3727 67 22 >iOK.

3606 3808 14 14 ,v
3639 3806 105 21 ujetiiny;
3763 3806 30 22 up
3814 3796 37 24 his
3874 3796 63 24 Fir.it
3960 3797 127 30 ■Shipm.nt

3596 3844 32 22 nJ
3652 3841 2 28 ;
3679 3843 55 23 IfcJrt
3751 3841 169 28 Dlt-LPtiiiV,
3937 3841 132 26 cons-stiuy

3597 3899 11 12 t,
3624 3895 22 17 ;ii
3657 3886 3 30 •
3671 3890 67 21 latest
3751 3887 116 24 novauioj
3878 3894 33 15 for
3925 3886 37 23 liie
3972 3893 98 23 eoiiuusf,

3617 3940 9 10 3
3643 3936 24 14 as
3679 3935 27 14 >n.
3726 3926 47 23 and
3789 3932 75 23 pcces
3878 3930 22 17 to
3920 3926 74 21 lua'.cb-

3662 3966 84 21 -lliline
3762 3971 13 22 y
3790 3972 14 15 a
3827 3964 136 28 S^eculuy.

3732 4104 74 24 Visits
3842 4104 90 23 Millers
3959 4102 43 25 FJa
4051 4101 33 25 nl

3559 4147 108 28 omwrgti
3680 4151 71 21 e/cry
3767 4144 36 23 six
3820 4143 86 23 weeks.

3566 4485 130 22 ROYAL

3551 4521 160 21 WARRANT
3970 4519 50 19 THE
4030 4512 93 30 QUEEN.

3552 4559 70 27 ANDBY
3632 4559 88 27 SPECIAL
3726 4558 95 28 WARRANT
3826 4558 24 28 TO
3853 4554 88 32 H.RiiTtlE
3946 4552 94 32 PRINCEQF
4045 4550 79 36 WALES,

2789 3314 291 32 DUNEDIN

2382 3363 137 35 Dunerlip,
2535 3361 120 29 Octobor
2668 3360 59 35 sth,
2744 3359 78 28 1807.

2647 3838 35 28 IS
2709 3834 215 31 ANNUALLY
2955 3833 99 30 USUI)
3083 3828 103 32 UPON
3214 3826 25 30 A

2380 3890 350 66 QUARTER
2868 3883 238 59 SHEEP
3123 3873 379 59 »WORLD

2415 4007 58 29 ITS
2495 4005 235 30 BENEFICIAL
2753 4002 167 31 EFFECTS
2940 4000 79 29 AND
3040 3996 166 32 LASTING

2778 4053 129 31 ALONE
2935 4052 110 28 MAKE
3073 4050 37 28 IT

2379 4121 42 52 T
2458 4118 72 56 iIE
2571 4115 395 58 CHEAPEST
3000 4108 95 60 OF
3130 4107 148 60 ALL
3322 4102 179 56 IMPS.

2652 4227 69 20 PKOM

2866 4255 103 29 JOHN
2996 4250 219 35 THOMPSON,
3241 4249 155 27 L:iwro.v-*\

2787 4297 64 28 And
2874 4297 70 28 from
2968 4294 35 29 all
3028 4292 88 30 Stock
3137 4291 55 29 and
3217 4288 106 30 station
3415 4294 35 16 nu
3452 4301 5 10 ;
3462 4305 6 5 .

2424 4379 175 45 Murray,
2627 4376 174 38 Roberts
2834 4374 79 36 and
2947 4372 87 42 Co.,
3069 4376 81 31 Chief
3175 4376 108 35 Agent,*
3304 4370 41 29 for
3483 4409 10 3 _

2546 4872 123 81 '//!\\
2692 4847 159 97 S»

2546 4932 47 52 (fi/
2644 4932 4 52 \
2663 4932 11 52 \
2699 4932 11 45 \
2725 4945 19 32 \
2777 4932 58 52 ffjf

2546 4972 73 32 V/
2643 4964 4 40 I
2710 4981 6 23 \
2737 4964 80 40 vl/

2500 5090 153 57 NEW
2714 5090 244 53 RAPID
3010 5084 384 59 BICYCLES.

2408 5194 37 20 iT.
2460 5191 115 23 GEORGE
2591 5188 204 23 ENGINEERING
2808 5188 51 26 CO.,
2874 5189 101 24 Limithd,
2989 5195 35 14 are
3034 5188 34 19 fche
3079 5186 79 22 Mikers
3168 5185 21 22 of
3200 5185 34 21 th*
3243 5185 49 26 only
3304 5183 79 28 Bicycle

2448 5222 19 20 in
2478 5221 69 25 happy
2556 5218 136 22 combination
2705 5219 35 18 tlie
2750 5217 114 25 perfection
2874 5217 21 20 of
2902 5216 158 26 chosequdities
3068 5223 18 13 in
3095 5214 113 21 wt,coveted
3217 5214 25 24 by
3251 5218 38 20 exp
3296 5212 86 21 'rienced
3395 5212 110 27 OycIigM—

2554 5251 198 28 STABILITY
2772 5251 5 26 !
2857 5250 141 27 SPEED!
3077 5245 262 32 DURABILITY!

2431 5294 48 21 This
2490 5292 41 21 fact
2540 5292 36 20 has
2586 5291 80 20 become
2676 5289 102 26 generally
2789 5289 114 25 recognised
2915 5289 19 19 in
2944 5288 104 27 Tuapeka,
3060 5287 39 21 and
3109 5289 20 19 in
3140 5292 138 21 consequence
3294 5284 10 21 I
3319 5292 32 13 am
3366 5285 53 20 d*i'»
3430 5284 74 26 «?lhn<s

2382 5324 56 20 thea-
2448 5320 104 22 Machines
2564 5322 21 17 to
2595 5318 86 25 Cycists
2692 5318 44 20 who
2747 5317 50 19 have
2807 5317 49 20 been
2866 5316 143 26 disappointed
3021 5317 25 20 bv
3055 5315 60 21 other
3125 5315 76 24 mikes,
3214 5313 40 22 and
3266 5313 43 21 who
3318 5320 34 13 ate
3358 5313 53 25 glad,
3422 5312 84 27 indeed,

2382 5350 31 21 for
2423 5357 32 13 me
2466 5353 20 16 to
2497 5347 57 21 make
2564 5346 56 21 them
2628 5352 25 13 an
2662 5345 110 19 allowance
2782 5343 30 21 for
2824 5344 53 20 their
2887 5343 105 21 discarded
3003 5345 83 19 mounts

2384 5390 53 35 As
2450 5381 403 47 PartPaymentfora
2867 5380 286 45 Machinethey
3164 5391 77 25 can
3257 5379 167 44 Depend
3438 5388 67 26 on.

2437 5474 64 21 Those
2513 5472 43 20 whfl
2565 5477 34 13 are
2610 5471 35 18 not
2658 5469 21 20 in
2688 5475 11 13 a
2710 5475 12 19 p
2731 5468 66 20 >sitioa
2808 5469 21 18 to
2839 5467 99 27 purchase
2948 5473 38 14 one
2995 5468 21 19 of
3026 5468 57 19 these
3092 5467 53 20 ideal
3155 5466 68 21 steeds
3233 5473 37 13 can
3280 5465 69 20 obtain
3361 5465 51 19 from
3426 5470 31 15 uie

2501 5500 70 29 New
2594 5507 54 19 and
2674 5498 198 28 Second-hand
2900 5496 130 28 Bicycles
3054 5495 29 29 of
3105 5506 83 25 every
3210 5492 178 39 description.

2599 5571 688 71 CHARLESSTOKES,

2539 5655 215 33 MERCHANT
2786 5654 152 36 TAILOR,
2964 5654 70 30 Ross
3066 5654 98 36 Place,
3189 5654 161 30 Lawrence.

2788 5698 94 36 Agent
2908 5696 43 28 for
2977 5694 139 39 Tuapeka.

2435 5741 121 27 Catalogues
2570 5746 26 14 oh
2610 5736 139 31 Applieation.
2859 5745 53 7 -
2958 5746 9 5 -
2994 5745 5 6 •
3033 5735 64 22 When
3110 5734 99 27 Ordering
3223 5735 92 22 Mention
3331 5735 41 22 this
3386 5736 72 23 Paper.

3704 5193 277 68 PURE

3549 5287 584 127 CRASS

3585 5424 513 117 SEEDS

3573 5601 167 38 IOTHILL,
3759 5602 175 39 WATSON,
3999 5602 68 39 CO.,

3643 5680 141 25 i^siv-street,
3806 5681 163 30 Invercargill,

3603 5736 11 14 e
3688 5731 30 20 t's
3735 5728 34 24 for
3784 5730 62 28 Oiag
3851 5728 3 30 -
3854 5736 6 15 )
3878 5728 46 24 401
3944 5728 120 25 Soatlilm
4075 5728 3 30 :

1243 3382 129 26 tdirCome
1390 3382 46 24 and
1456 3388 91 22 inspect
1559 3382 41 25 the
1617 3383 79 25 Stock.

1208 3493 31 55 J
1323 3494 47 37 H.
1436 3493 327 43 PEARSON,

1309 3558 67 21 ROSS
1391 3559 96 25 PLACE,
1503 3558 168 26 LAWRENCE,

1250 3604 266 36 CONTRACTOR,
1538 3603 183 37 BUILDER,

1459 3654 53 21 AND

1345 3685 277 31 UNDERTAKER.

1205 3761 145 28 Contracts
1365 3758 84 29 taken
1462 3758 42 30 for
1518 3758 138 30 Builders'
1678 3757 83 31 Work

1324 3800 29 28 of
1366 3809 82 28 every
1463 3799 178 38 description.

1266 3872 199 22 ESTIMATES
1498 3872 195 20 PREPARED.

1240 3932 25 26 A
1280 3929 197 29 well-assorted
1503 3929 87 28 Stock
1611 3930 29 28 of
1662 3929 83 27 Furni-

1203 3975 60 23 ture
1277 3970 101 38 always
1392 3980 35 17 on
1441 3969 84 28 hand.

1241 4011 132 28 Funerals
1385 4009 156 29 conducted
1554 4010 27 27 in
1594 4009 35 28 all
1643 4013 76 33 parts
1734 4009 30 27 of

1204 4051 46 27 the
1279 4051 123 27 District.
1443 4050 106 27 Hearse
1577 4049 135 38 provided
1741 4049 23 27 if

1206 4090 136 39 required.

1212 4163 193 58 COBB
1476 4165 52 53 &
1593 4163 169 60 CO.'S

1321 4243 170 21 TELEGRAPH
1518 4243 69 21 LINE
1613 4242 36 22 OF

1257 4282 128 29 ROYAL
1409 4282 95 29 jdAIL
1527 4280 187 31 COACHES.

1411 4334 149 28 Lawrence

1244 4377 154 27 Beaumont
1524 4374 65 30 Moa
1603 4374 62 30 Flat

1243 4416 98 28 Teviot
1522 4415 161 28 Alexandra

1242 4456 87 38 Clyde
1526 4454 146 30 Cromwell

1243 4498 174 27 Arrowtown
1526 4496 185 36 Queenstown

1461 4537 63 28 And

1281 4585 56 29 Alll
1359 4584 198 30 Intermediate
1584 4584 104 30 Places.

1244 4666 78 30 Cobb
1335 4666 54 28 and
1415 4666 74 29 Co.'s
1512 4664 155 40 Telegraph
1694 4665 69 29 Line
1773 4664 1 40 j

1206 4708 28 29 of
1250 4707 83 38 Royal
1349 4706 65 29 Mail
1439 4706 122 29 Coaches
1584 4707 77 29 leave
1684 4706 79 28 Law-
1773 4704 1 42 J

1206 4758 80 20 rence
1305 4748 43 29 fur
1371 4748 47 28 the
1440 4747 152 29 Baaumont
1612 4746 56 30 and
1688 4746 86 35 Rox-1

1207 4790 90 36 burgh
1314 4798 83 28 every
1420 4788 70 37 day;
1511 4788 54 28 and
1587 4788 76 28 leave
1687 4788 76 26 Rox-
1773 4788 1 38 i

1206 4830 91 36 burgh
1330 4830 43 26 for
1406 4828 168 34 Alexandra,
1608 4826 155 35 Cromwell,
1773 4826 1 40 '

1213 4875 176 28 \rrowtown,
1403 4868 54 28 and
1480 4867 184 37 Queenstown
1681 4877 81 28 every

1207 4910 136 37 Tuesday,
1369 4910 145 36 Thursday
1537 4909 54 28 and
1616 4908 148 37 Saturday,

1210 4950 130 38 reaching
1349 4949 183 36 Queenstown
1544 4949 46 29 the
1599 4959 74 18 same
1681 4958 68 19 even-

1210 4992 55 36 ing.
1310 4995 164 32 Passengers
1488 4990 76 28 leave
1583 4989 130 29 Dunedin
1729 4990 36 36 by

1210 5032 45 26 the
1270 5031 63 27 8.15
1347 5040 64 18 a.m.
1436 5030 89 34 train;
1547 5030 75 27 leave
1643 5028 105 36 Queens-

1211 5076 70 23 town
1297 5080 33 17 on
1346 5080 74 18 same
1434 5069 68 39 days
1514 5076 29 22 at
1557 5070 16 28 5
1583 5080 74 25 a.m.,
1672 5069 78 29 reach-

1211 5113 47 35 ing
1272 5112 155 36 Roxburgh
1448 5118 26 20 at
1490 5112 15 26 8
1521 5121 76 26 p.m.,
1611 5110 56 28 and
1680 5111 72 26 arriv-

1211 5152 49 36 ing
1279 5155 28 24 at
1330 5150 148 29 Liwrence
1500 5157 28 21 at
1559 5151 60 27 1.45
1642 5160 65 28 p.m.
1731 5159 35 19 on

1211 5192 143 37 following
1368 5192 77 36 days.

1251 5233 127 27 Dunedin
1401 5232 129 37 Booking
1546 5232 85 27 Office
1644 5232 44 27 for
1702 5231 50 28 Pas-

1212 5283 112 29 sengers
1339 5272 53 29 and
1410 5272 107 29 Parcels
1529 5284 5 15 :
1563 5272 68 27 N.Z.
1647 5271 121 38 Express

1213 5313 74 30 Co.'s
1302 5313 92 29 Office.
1411 5317 204 29 Alause-street,
1631 5312 138 28 Dunedin.

1250 5353 80 30 Head
1356 5353 101 29 Office:
1492 5353 175 35 Peel-street,
1691 5352 79 28 Law-

1203 5400 1 33 I
1214 5405 90 19 rence.

1348 5435 37 28 H.
1408 5434 118 29 CRIiG
1545 5441 24 20 &
1592 5433 68 35 CO.,

1203 5477 1 43 j
1554 5479 181 38 Proprietors.

1203 5535 1 64 |
1220 5554 160 29 VOUXG
1396 5553 92 35 MEN,
1511 5553 76 27 write
1613 5555 29 26 to
1667 5562 43 19 me
1730 5553 44 28 for

1203 5592 2 47 |
1309 5595 127 28 valuable
1446 5594 58 28 free
1516 5592 77 29 Book
1604 5594 169 38 concerning

1203 5634 2 40 i
1218 5636 167 38 yourselves.
1439 5634 144 29 Professor
1621 5634 152 36 Hermann,

1204 5668 2 47 i
1220 5676 157 39 Specialist;
1403 5675 35 30 40
1473 5674 205 40 Collins-place,
1704 5674 52 29 Mel-

1204 5711 4 35 t
1222 5718 113 28 bourne.
