3540 4550
1363 4214 124 26 DIVINE
1508 4211 160 29 SERVICE.

1376 4290 33 25 U.
1423 4290 36 25 M.
1472 4290 64 25 Free
1548 4290 101 25 Church

1244 4333 71 26 West
1328 4333 95 28 Oxford
1435 4334 30 24 11
1484 4340 59 18 a.m.
1557 4333 53 25 Rev
1618 4333 33 25 E.
1670 4333 115 33 Mayson.

1243 4375 73 29 West
1327 4375 95 26 Oxford
1432 4377 67 26 7.30.
1507 4381 55 27 p.m
1595 4375 42 26 Mr
1658 4374 127 37 ;Wats&'.

1244 4418 134 28 Woodside
1386 4417 91 28 School
1485 4420 16 25 8
1508 4412 60 40 p.ni.
1576 4416 54 29 Rey
1636 4418 23 27 E
1670 4418 115 34 Mayson.

1242 4459 120 30 Oarleton
1410 4460 16 26 7
1444 4465 64 27 p.m.
1566 4459 55 29 Rev
1635 4458 24 30 E
1668 4460 117 32 Mayson.

1819 163 79 130 The
1924 163 158 130 Oxford
2108 163 237 130 Observer.

1891 293 193 18 PUBLISHED
2103 294 161 22 WEEKLY.

1823 379 168 26 SATURDAY
2053 379 94 21 APRIL
2187 379 14 22 7
2210 385 40 19 th,
2286 380 59 20 1894.

1851 513 32 30 It
1898 513 26 30 is
1940 524 171 31 necessary,
2131 514 216 35 occasionally,

1810 556 33 27 to
1867 553 78 40 keep
1971 564 58 20 our
2192 555 33 30 m
2250 555 98 30 Toucli

1810 594 76 30 with
1902 595 53 28 the
1977 595 109 38 doings
2098 595 62 30 and
2175 596 127 39 sayings
2318 597 30 28 of

1811 644 84 20 some
1909 634 71 30 who
1995 634 45 29 fill
2062 636 171 37 important
2247 635 100 30 funct-

1810 675 68 29 ions
1893 674 32 32 m
1937 675 56 33 .the
2008 675 148 39 political,
2173 675 127 30 clerical
2314 685 34 20 or

1811 716 181 28 mercantile
2015 715 106 29 worlcl.
2232 715 59 29 JL-,_
2321 715 27 29 .'J

1853 755 170 38 Prompted
2037 757 44 37 by
2097 766 96 19 warm
2207 757 142 38 indigna-

1810 795 67 30 tion
1893 805 45 20 we
1953 805 133 28 purpose
2099 796 130 39 making
2251 807 19 19 a
2290 797 61 29 few

1811 835 73 30 bold
1899 836 140 29 remarks
2053 835 102 31 which
2171 847 72 30 may
2254 847 97 28 prove

1812 877 33 29 of
1860 876 152 30 sufficient
2017 894 5 7 >
2039 875 107 40 public
2167 877 131 31 interest
2318 882 31 26 to

1813 927 106 20 secure
1933 916 54 30 the
2010 917 167 40 sympathy
2201 918 33 30 of
2256 929 95 30 many

1813 957 104 31 whose
1931 957 46 30 lob
1990 958 28 29 is
2038 960 55 28 not
2118 961 67 27 cast
2214 959 31 29 m
2274 970 77 29 very

1810 999 145 37 plea?ant
2112 999 66 29 The
2192 1000 64 29 late
2266 999 85 31 Lord

1813 1037 111 40 Mayor
1946 1038 33 29 of
2001 1037 141 37 London,
2164 1039 51 30 Sir
2245 1039 107 31 Stuart

1814 1077 96 37 Knill,
1933 1079 145 40 previous
2095 1082 31 27 fco
2149 1080 48 30 his
2212 1084 79 28 term
2305 1096 4 16 ;
2321 1082 34 29 of

1813 1119 89 41 office
1917 1120 161 38 expiring,,
2088 1129 78 29 gave
2178 1131 19 19 a
2208 1120 143 31 Mansion

1814 1159 106 31 House
1936 1159 118 36 dinner,
2079 1160 62 30 and
2166 1161 31 29 iv
2227 1171 124 30 propos-

1814 1200 55 40 ing
1885 1200 53 30 the
1952 1204 85 28 toast
2060 1201 33 29 of
2122 1201 230 33 •'Commercial

2037 1242 62 30 had
2111 1243 52 29 the
2186 1243 165 35 shameless

1815 1282 145 40 audacity
1976 1287 32 25 to
2028 1283 96 39 spnak
2142 1284 33 29 of
2197 1285 54 29 the-

1815 1324 125 28 natural
1959 1324 132 29 demand
2113 1325 33 29 of
2174 1325 53 30 the
2252 1336 99 29 wage-

1815 1364 130 38 earning
2114 1374 4 3 '
2144 1364 74 31 This
2229 1376 122 20 occurr-

1816 1403 35 29 ed
1867 1403 117 40 during
1997 1404 54 30 the
2067 1408 89 35 great
2171 1406 67 29 coal
2254 1407 98 30 sttike

1815 1444 89 30 when
1957 1444 54 30 the
2069 1446 205 40 unemployed
2318 1448 31 28 m

1815 1484 170 31 thousands
2027 1494 82 21 were
2159 1487 193 41 clamouring

1816 1525 196 39 desperately
2028 1527 31 28 m
2075 1527 82 30 their
2180 1528 94 30 midst
2302 1529 45 30 foi

1814 1566 88 32 work
1916 1576 35 19 or
1966 1567 106 36 bread,
2084 1568 91 29 when
2187 1569 64 29 still
2263 1570 89 29 other

1814 1606 75 29 thon
1893 1608 92 29 sands
2022 1618 80 20 were
2131 1609 160 40 shivering
2320 1611 30 29 m

1814 1647 193 31 comfortless
2022 1649 106 30 homes
2142 1650 48 29 for
2217 1655 83 26 want
2322 1652 33 29 of

1815 1698 17 19 a
1847 1688 131 30 handful
1991 1700 35 19 or
2036 1694 61 27 two
2108 1691 33 29 of
2149 1691 92 35 coals,
2251 1692 100 30 which

1813 1733 33 26 to
1861 1729 85 32 them
1962 1733 34 27 at
2022 1731 71 30 that
2121 1731 75 31 time
2220 1743 63 20 was
2312 1744 39 19 an

1813 1771 216 31 unattainable
2041 1773 125 40 luxury,
2185 1774 61 30 and
2262 1775 87 30 when

1813 1816 68 26 tens
1897 1813 36 28 of
1942 1813 172 31 thousands
2130 1815 33 29 of
2177 1818 106 36 gaunt,
2291 1817 60 29 and

1811 1853 155 30 famished
1980 1855 114 29 miners
2109 1865 81 19 were
2216 1856 135 40 fighting

1813 1893 193 42 desperately
2034 1895 54 31 the
2117 1896 86 39 right
2232 1897 33 29 of
2296 1898 54 30 the

1812 1933 143 42 despised
2258 1939 92 30 class-

1880 1975 51 29 for
1945 1976 82 31 their
2041 1977 86 39 right
2138 1980 33 27 to
2192 1989 19 19 a

1982 2016 33 32 Is
2051 2019 88 30 there
2175 2023 55 26 not
2253 2030 96 21 some-

1811 2056 91 41 thing
1913 2058 208 41 sardonically
2158 2062 190 30 unnatural

1811 2098 33 30 m
1864 2098 52 31 the
1945 2100 153 39 spectacle
2123 2102 33 29 of
2180 2102 52 30 the
2261 2107 90 35 great

1811 2140 160 30 merchant
1992 2142 124 39 princes
2131 2143 172 31 assembled
2319 2148 32 26 at

1811 2180 53 31 the
1879 2180 144 32 Mansion
2037 2182 119 38 House,
2180 2185 123 30 clothed
2317 2187 34 29 m

1811 2222 111 40 purple
1937 2223 62 30 and
2018 2223 61 31 fine
2102 2225 93 35 linen,
2225 2225 50 30 for
2298 2226 52 31 the

1811 2272 136 30 purpose
1962 2264 34 29 of
2009 2265 126 39 feeding
2164 2276 40 20 on
2232 2267 54 30 the
2303 2268 48 29 fat

1811 2304 33 29 of
1873 2304 53 29 the
1957 2305 72 29 land
2031 2323 41 4 —
2171 2307 120 29 honour
2320 2308 35 29 of

1810 2344 88 29 trade
1909 2345 61 28 and
2190 2356 12 19 r

1853 2384 118 31 Reflect
1986 2396 82 27 upon
2080 2386 53 31 the
2147 2387 113 37 heroic,
2271 2389 67 30 half
2340 2407 9 4 -

1811 2425 126 29 starved
1965 2427 72 28 -wife
2070 2426 34 30 of
2142 2438 57 20 one
2236 2431 33 27 of
2296 2430 54 29 the

1811 2465 113 29 miners
1938 2465 89 31 when
2041 2468 109 39 telling
2161 2469 57 29 her
2230 2480 119 30 sympa-

1811 2505 98 30 thetic
1932 2506 156 38 audience,
2112 2514 33 24 at
2168 2509 38 30 St
2221 2504 128 37 James's

1811 2545 82 37 Hall,
1921 2547 33 30 of
1981 2547 54 31 the
2065 2549 80 30 little
2171 2550 82 31 child
2279 2553 71 30 that

1811 2588 71 29 died
1896 2587 49 30 for
1961 2593 83 25 want
2055 2591 33 29 of
2102 2590 52 31 the
2170 2592 85 42 daily
2279 2595 70 39 pint

1811 2630 33 28 of
1858 2629 76 29 milk
1949 2629 68 30 that
2032 2631 25 29 it
2072 2632 92 30 could
2182 2638 56 26 not
2260 2635 88 37 have,

1811 2670 61 29 and
1888 2673 139 28 contrast
2040 2672 64 30 this
2129 2673 70 40 gilt,
2224 2675 124 41 ginger-

1811 2711 92 29 bread
1930 2711 79 36 lord,
2024 2714 117 38 replete
2164 2715 72 34 with
2251 2718 97 29 turtle

1811 2752 61 28 and
1889 2751 202 40 champagne,
2102 2754 139 43 frothing
2251 2760 34 27 to
2299 2758 49 30 his

1810 2792 125 39 equally
1964 2795 205 37 sympathetic
2201 2795 148 33 audience

1811 2832 33 28 of
1885 2833 266 40 luxuriously-fed
2187 2838 161 30 merchant

1811 2872 120 39 princes
1967 2884 83 28 upon
2083 2875 54 30 the
2178 2879 167 30 unnatural

1811 2913 147 31 demands
1974 2914 34 30 of
2028 2915 54 31 the
2111 2917 77 31 class
2217 2919 131 39 typified

1811 2955 42 39 by
1867 2954 54 30 the
1938 2964 74 29 poor
2036 2957 125 30 miner's
2184 2959 71 30 wife
2280 2961 69 30 who

1810 2994 109 30 buried
1935 2996 55 28 her
2004 2996 84 30 child
2103 2997 50 30 for
2178 3003 84 26 want
2286 3001 34 29 of
2331 3011 18 19 a

1924 3036 33 28 of
1971 3036 104 30 milk.''
2118 3038 66 31 The
2199 3041 101 30 action
2317 3042 33 29 of

1810 3076 48 30 his
1872 3075 166 41 Lordship,
2062 3078 104 31 would
2185 3080 71 31 lead
2271 3093 76 28 any-

1810 3126 67 27 one,
1893 3117 77 30 with
1985 3127 19 20 a
2018 3119 96 38 spark
2128 3121 33 28 of
2185 3121 164 42 humanity

1810 3158 33 29 m
1855 3158 80 29 their
1951 3161 120 34 nature,
2086 3163 33 27 to
2133 3165 121 35 protest
2269 3168 80 26 most

1810 3198 199 40 indignantly
2023 3201 123 38 against
2154 3203 63 31 this
2230 3206 118 39 utterly

1811 3240 192 30 unchristian
2057 3243 61 28 and
2173 3246 176 30 uncatholic

1810 3284 161 27 utterance
1987 3281 33 30 of
2031 3313 3 3 .
2048 3281 48 32 his
2123 3282 57 40 (he
2194 3285 155 39 professes

1811 3325 31 26 to
1864 3322 114 38 belong
2000 3325 32 26 to
2068 3323 54 29 the
2156 3325 125 31 Church
2317 3328 34 28 of

1811 3361 116 40 Rome)
1947 3362 55 29 but
2027 3363 103 40 surely
2159 3375 58 21 one
2245 3367 105 31 would

1811 3403 56 30 ask
1994 3403 63 30 this
2072 3405 39 29 be
2124 3406 54 30 the
2192 3418 73 19 man
2279 3409 70 30 who

1813 3444 110 30 caused
1950 3454 36 19 or
2014 3444 128 32 allowed
2171 3448 75 30 such
2274 3449 77 31 loud

1811 3485 207 39 trumpetings
2032 3488 33 26 to
2079 3487 39 29 be
2133 3488 90 30 made
2245 3490 33 28 of
2300 3490 50 30 his

1813 3527 91 29 strict
1917 3525 146 40 religious
2083 3526 168 41 principles
2260 3530 14 30 ?
2318 3530 33 30 Is

1812 3567 64 29 this
1900 3567 39 29 he
1962 3566 70 30 who
2060 3568 139 40 publicly
2227 3572 124 29 toasted

1813 3607 52 30 the
2080 3608 75 30 And
2183 3612 101 29 would
2312 3612 39 30 he

1814 3647 73 31 dare
1901 3652 129 26 venture
2044 3651 33 27 to
2096 3653 99 28 assert
2208 3652 70 30 that
2293 3662 58 21 one

1814 3689 33 29 of
1864 3689 55 29 the
1944 3690 67 29 best
2036 3688 33 30 of
2090 3689 131 32 Pontiffs
2250 3694 102 29 would

1815 3733 210 26 countenance
2039 3728 61 32 this
2116 3733 114 37 speech
2241 3734 33 29 of
2283 3734 68 31 his?

1813 3769 82 31 Does
1910 3770 39 29 he
1963 3770 104 38 forget
2080 3771 71 30 who
2164 3772 27 29 it
2201 3782 64 21 was
2279 3774 72 29 that

1814 3810 187 38 proclaimed
2077 3812 54 29 the
2208 3814 144 30 labourer

1814 3850 123 39 worthy
1951 3850 33 30 of
2003 3850 48 30 his
2198 3854 63 29 and
2284 3855 67 30 told

1814 3890 53 31 the
1917 3894 88 36 story
2048 3892 34 29 of
2290 3895 62 30 and

2004 3942 36 20 or
2058 3932 75 31 does
2153 3934 40 30 lie
2218 3945 134 29 suppose

1815 3972 69 30 that
1888 3996 2 10 :
1898 3972 54 30 the
1975 3972 111 31 wealth
2102 3974 34 29 of
2158 3984 19 20 a
2190 3976 162 30 merchant

1815 4012 105 40 prince
1935 4014 217 40 commanding
2176 4016 54 31 the
2248 4027 103 21 resou-

1815 4064 66 20 rces
1910 4054 34 30 of
1968 4054 129 31 modern
2126 4055 119 32 science
2280 4068 72 30 may

1816 4094 107 31 enable
1931 4094 66 30 him
2005 4097 34 28 to
2053 4106 73 29 pass
2135 4106 19 20 a
2164 4097 97 30 camel
2269 4098 83 31 thro-

1815 4135 66 40 ugh
1891 4135 54 31 the
1954 4145 56 30 eye
2019 4135 34 31 of
2062 4146 19 20 a
2090 4137 109 31 needle
2257 4137 32 32 If
2296 4142 56 27 not

1815 4175 71 32 how
1900 4177 26 29 is
1948 4175 53 31 the
2025 4175 150 32 inhuman
2204 4179 148 39 cynicism

1815 4216 33 30 of
1862 4216 48 29 his
1919 4218 162 29 utterance
2095 4221 33 26 at
2142 4218 54 29 the
2210 4217 143 32 Mansion

1816 4255 108 31 House
1934 4259 34 28 to
1982 4256 39 31 be
2034 4257 171 32 reconciled
2214 4258 77 32 with,
2304 4259 48 31 his

1815 4297 188 39 professions
2023 4297 33 31 of
2070 4298 90 31 strict
2181 4299 172 32 adherence

1815 4339 35 28 to
1860 4331 7 10 ?
1971 4331 143 39 Catholic
2156 4339 102 33 faith?
2321 4340 32 30 It

1816 4378 103 31 would
1932 4379 40 30 be
1987 4379 218 45 charifcable^p
2220 4390 133 34 suppose

1817 4418 69 32 that
1909 4417 55 34 the
1982 4420 95 31 turtle
2099 4431 78 31 soup
2197 4416 4 7 '
2210 4431 62 21 ana
2299 4421 54 32 the

1817 4463 150 29 etceteras
2009 4461 63 30 had
2105 4462 56 30 the
2196 4463 90 30 effect
2320 4463 33 30 of

2383 190 122 41 dulling
2517 191 54 30 the
2585 193 196 39 perceptions
2804 193 35 30 of
2862 193 48 31 Lis

2375 231 13 30 1
2400 232 138 40 >rdsbip's
2554 233 102 30 better
2667 237 118 34 nature,
2800 234 63 29 and
2877 245 33 19 so

2376 273 168 40 ennabling
2557 274 48 30 his
2619 275 89 38 pride
2730 275 34 29 of
2789 275 123 31 descent

2376 317 33 26 to
2424 314 38 29 sit
2477 325 84 30 upon
2577 315 47 30 his
2639 326 88 20 sense
2742 317 33 31 of
2798 317 113 35 christr

2377 355 123 40 charity
2515 357 87 29 when
2618 357 150 39 speaking
2779 357 33 29 of
2825 360 87 28 these

2377 396 127 30 inferior
2523 397 119 40 beings,
2658 397 52 30 the
2725 397 196 40 wage-earnV

2378 446 56 21 ers.
2486 437 237 40 Remembering
2850 439 62 30 this

2377 477 62 29 late
2496 477 76 38 lord,
2624 483 152 34 pro-tern,
2827 489 85 21 owns

2379 517 164 39 (amongst
2555 518 125 40 otheis)
2697 520 53 29 the
2773 519 139 40 princely

2377 568 90 19 name
2482 559 33 29 of
2707 561 24 29 it
2741 561 26 29 is
2776 561 136 39 possible

2377 598 71 29 that
2462 598 38 30 he
2515 609 72 29 may
2602 599 89 30 claim
2703 601 123 29 descent
2835 602 76 30 from

2377 638 54 29 the
2488 639 87 38 royal
2624 640 183 34 debauchee,
2861 643 53 29 the

2374 677 206 38 .descendants
2585 705 2 4 ,
2605 680 156 37 Qf'^whose
2790 682 123 40 illegiti-

2374 718 310 41 ■mat^)7r,ogebs^are
2698 722 52 30 the
2762 724 153 38 principal

2378 759 115 40 figures
2521 760 33 30 m
2583 760 68 32 that
2676 763 137 39 glorious
2843 774 70 20 con-

2379 799 156 31 stellation
2551 801 112 31 known
2691 814 33 19 as
2750 814 57 20 our

2576 877 3 1 .
2595 842 118 31 Should
2712 845 78 41 jWs
2818 847 96 35 beFo,

2374 881 39 44 jof
2429 891 107 21 course
2552 883 27 29 it
2601 885 101 29 would
2726 878 38 37 fee
2787 897 72 30 easy
2882 890 33 27 to

2375 922 194 35 lunderstand
2597 925 69 30 that
2695 936 60 30 any
2783 927 132 32 demand

2375 963 162 30 iwhatever
2754 967 80 30 from
2862 970 54 29 the

2381 1003 112 39 vulgar
2532 1015 225 29 wage-earners
2806 1009 109 30 should

2381 1053 114 30 appear
2507 1048 32 26 to
2561 1046 47 30 his
2624 1051 65 26 erst
2716 1047 140 42 lordship
2883 1061 33 19 as

2382 1084 73 30 both
2472 1088 166 30 unnatural
2662 1090 254 39 and-uupardon-

2381 1126 84 29 abl.e
2472 1127 85 34 .To'
2572 1127 55 31 the
2642 1133 226 36 wage^earners
2884 1134 33 28 of

2380 1165 160 40 England':
2556 1167 217 44 -tins^speech
2802 1176 32 26 at
2867 1173 49 30 ihe

2382 1205 147 32 Mansion-
2538 1208 110 32 Souse
2663 1210 115 32 should-
2796 1214 38 30 be
2846 1224 55 20 con
2906 1215 10 21 :

2382 1247 220 51 clusTOp^ooi
2611 1251 35 29 of
2658 1253 92 30 whatT
2756 1248 77 50 tH||
2843 1266 73 28 niay

2381 1290 204 39 expecjfrom
2674 1285 130 40 eiass^tjf

2381 1329 52 30 the
2448 1330 62 30 late
2524 1331 84 31 Lord
2637 1333 112 40 Mayor
2865 1338 52 29 the

2382 1370 111 30 official
2519 1371 79 30 head
2630 1384 44 19 or.
2698 1376 82 29 chief
2809 1377 105 39 figure.

2381 1409 68 31 And
2466 1412 197 40 whoknows,
2680 1418 33 26 to
2734 1416 52 30 the
2808 1420 109 36 people

2382 1451 33 28 of
2433 1451 129 30 London
2585 1454 26 28 it
2627 1477 7 9 ,
2641 1466 71 29 may
2733 1467 96 28 prov;e
2865 1456 52 40 tjße

2382 1491 78 30 'last
2475 1495 112 31 straw.'
2603 1505 95 28 upon,
2712 1498 57 31 jbhe
2794 1498 80 29 back
2888 1498 33 29 of

2382 1531 81 31 their
2500 1534 175 32 endurance
2708 1539 63 28 and
2799 1548 33 19 so
2855 1540 63 29 this

2383 1576 200 28 'unnatural'
2606 1578 110 37 speech
2746 1590 72 29 may
2843 1583 74 27 turn

2382 1618 53 26 out
2451 1625 18 19 a
2483 1615 136 41 blessing
2632 1618 33 29 m
2676 1618 144 41 disguise,
2832 1621 85 30 mak-

2382 1655 53 39 ing
2449 1656 54 30 the
2524 1659 160 30 utterance
2699 1661 36 28 of
2752 1661 167 40 ex-Mayor

2382 1694 87 32 Knill
2493 1698 54 30 the
2573 1700 94 29 death
2695 1701 85 30 knell
2804 1703 33 29 of
2866 1704 52 29 the

2543 1740 131 31 London

2382 1940 270 27 CHRISTCHURCH
2690 1943 82 26 ACID
2806 1945 111 26 DROPS

2500 2044 32 16 BY
2541 2045 74 16 BOBIN
2627 2046 173 19 GOODFELLOW.

2413 2086 115 31 Tropical
2540 2089 54 23 rain
2606 2088 46 25 has
2674 2089 62 25 been
2761 2098 46 18 our
2827 2092 92 31 experi-

2381 2131 58 17 ence
2461 2124 38 25 for
2533 2126 43 25 the
2606 2126 51 26 last
2679 2127 75 27 week.
2790 2129 53 25 One
2872 2130 47 33 day

2382 2162 133 26 Cathedral
2535 2165 96 31 Square
2643 2167 50 23 and
2716 2167 43 24 the
2781 2168 46 25 low
2851 2168 68 33 lying

2381 2202 89 23 streets
2479 2209 64 18 were
2552 2203 105 25 flooded.
2692 2205 97 32 During
2800 2206 50 25 this
2859 2207 60 25 time

2382 2240 42 25 the
2436 2241 125 33 Kingsley
2574 2243 64 25 Club
2650 2245 49 23 and
2710 2245 123 25 reformed
2852 2247 67 25 dress

2380 2283 131 25 advocates
2522 2284 50 24 had
2586 2294 14 14 a
2629 2287 64 28 good
2721 2288 89 29 time;
2809 2288 18 29 4
2824 2286 94 28 It^wai

2380 2328 15 15 a
2415 2323 70 27 great
2494 2324 110 22 contrast
2616 2326 26 21 to
2654 2331 39 16 see
2706 2332 69 17 some
2786 2326 60 30 girls
2857 2326 62 24 wad-

2380 2359 43 31 ing
2435 2359 109 33 through
2556 2361 43 24 the
2610 2364 77 23 water
2712 2363 28 25 m
2762 2364 60 31 long
2845 2365 74 25 skirts

2380 2396 123 33 dragging
2512 2398 74 26 about
2598 2399 66 26 their
2749 2401 73 26 while
2834 2404 85 24 others

2380 2437 96 31 tripped
2485 2439 5 3 '
2610 2441 164 32 comfortably
2802 2446 26 20 m
2852 2444 67 23 short

2380 2477 82 24 tunics
2474 2477 49 25 and
2546 2479 97 31 tight—
2646 2481 63 31 (Mrs
2896 2483 22 24 is

2379 2515 99 31 looking
2488 2524 59 16 over
2559 2525 39 23 my
2621 2517 117 26 shoulder
2763 2528 28 16 so
2814 2520 19 25 I.
2836 2522 83 23 ■"must'

2379 2552 67 26 defer
2460 2553 95 26 further
2577 2556 148 31 particulars
2749 2557 39 26 till
2811 2566 15 17 a
2848 2567 70 17 more

2379 2593 82 34 fitting
2473 2596 179 32 opportunity.)
2693 2601 24 17 .'
2800 2599 3 4 '
2846 2599 4 7 '

2411 2633 70 24 After
2493 2642 15 16 a
2519 2636 69 29 great
2602 2643 75 24 many
2689 2636 61 25 false
2767 2638 91 27 alarms
2881 2646 35 16 we

2378 2671 62 24 have
2452 2670 51 25 had
2515 2680 14 16 a
2540 2673 76 24 small
2626 2673 45 26 fire
2683 2674 27 25 m
2734 2674 120 26 Colombo
2879 2676 36 25 St.

2378 2709 24 25 It
2414 2710 21 25 is
2453 2719 15 16 a
2475 2735 3 2 .
2486 2712 63 30 good
2560 2713 72 24 while
2645 2714 67 25 since
2726 2723 36 16 we
2782 2716 64 24 have
2867 2717 49 23 had

2378 2758 15 15 a
2405 2751 67 31 large
2482 2751 52 25 fire.
2571 2753 54 24 The
2637 2754 106 31 Brigade
2754 2755 22 25 is
2790 2763 27 17 so
2839 2759 77 22 smart

2380 2787 53 25 that
2446 2789 42 24 the
2500 2789 45 25 fire
2557 2790 69 25 fiend
2632 2793 45 23 has
2688 2800 33 17 no
2732 2793 95 26 .chance
2839 2796 25 23 to
2876 2797 40 29 get

2377 2833 15 16 a
2404 2826 47 23 fair
2462 2826 68 23 hold.

2410 2871 52 24 The
2474 2872 46 25 Art
2531 2873 101 31 Gallery
2649 2875 23 24 is
2689 2883 58 17 now
2759 2884 72 23 open,
2853 2878 14 23 I
2877 2878 38 24 in-

2378 2911 59 24 tend
2450 2912 25 23 to
2487 2912 61 24 have
2560 2920 16 17 a
2588 2913 58 25 look
2658 2913 109 34 through
2773 2916 59 25 -this
2844 2918 71 24 after-

2378 2958 66 17 noon
2457 2951 50 24 and
2519 2952 50 24 will
2581 2954 41 29 try
2634 2954 26 24 to
2672 2955 60 23 send
2744 2963 50 23 you
2805 2963 43 24 niy
2870 2958 45 23 im-

2378 2989 122 29 pressions
2520 2989 26 24 m
2562 2990 62 24 time
2635 2991 37 24 for
2686 2991 130 31 Saturday.

2411 3027 14 25 I
2437 3036 42 16 see
2489 3036 46 17 our
2547 3029 55 32 lady
2620 3038 87 24 mayor
2730 3032 25 23 of
2779 3028 136 37 dnehun^a

2376 3064 22 26 is
2410 3063 94 35 having
2513 3074 14 18 a
2531 3067 82 32 lively
2625 3069 60 25 time
2698 3069 27 25 of
2734 3069 20 25 ifc
2766 3070 48 25 and
2825 3070 22 25 is
2867 3073 48 30 try-

2377 3106 44 28 ing
2432 3107 26 23 to
2507 3107 88 25 dictata
2638 3111 26 22 to
2687 3109 44 25 the
2754 3111 161 23 eouneellors.

2411 3143 51 25 Our
2475 3145 40 23 old
2541 3145 76 25 friend
2632 3146 61 25 Rev.
2712 3148 69 25 John
2801 3149 114 32 Hosking

2377 3183 22 25 is
2410 3184 63 25 back
2485 3184 46 25 and
2550 3185 70 25 looks
2628 3186 35 25 all
2674 3187 42 25 the
2727 3188 81 25 better
2819 3188 38 31 fpr
2875 3189 40 25 his

2378 3224 57 31 trip.
2470 3224 41 25 He
2527 3225 23 24 is
2567 3233 33 17 on
2623 3226 44 25 the
2688 3228 114 30 -warpath
2823 3229 92 31 against

2378 3262 43 24 the
2433 3262 233 33 Worthingtonians
2683 3265 50 24 and
2753 3266 41 24 the
2818 3266 97 26 Christ-

2379 3300 152 31 adelphians.
2567 3302 26 24 It
2604 3302 23 23 is
2638 3302 55 24 said
2704 3304 55 24 that
2774 3304 34 24 he
2825 3305 22 24 is
2869 3306 46 23 ini-

2373 3339 104 33 jioiting
2488 3340 43 25 the
2543 3341 105 31 original
2660 3342 54 25 Mrs
2726 3342 189 33 Worthington.

2378 3378 26 25 If
2430 3379 45 25 she
2504 3380 91 25 arrives
2625 3389 28 18 as
2840 3384 75 25 Great

2380 3419 175 31 Expectations
2573 3421 83 24 would
2668 3429 44 23 say
2751 3422 62 26 Wot

2412 3457 26 24 It
2448 3457 23 25 is
2482 3465 58 25 very
2552 3459 118 32 amusing
2681 3460 53 24 how
2748 3460 42 25 the
2802 3461 114 25 Prohibi-

2380 3495 88 24 tionist
2479 3495 57 25 take
2548 3495 65 26 their
2622 3497 89 25 defeat.
2747 3498 40 32 By
2804 3498 34 25 all
2849 3507 67 16 man-

2380 3540 44 18 ner
2436 3532 27 26 of
2471 3541 86 18 means
2569 3534 58 32 they
2639 3537 41 30 try
2693 3537 25 23 to
2735 3536 67 32 buoy
2810 3544 34 24 up
2854 3537 63 24 their

2380 3571 119 32 drooping
2508 3571 92 32 spirits.
2636 3573 51 25 The
2696 3573 130 31 Lyttelton
2835 3575 82 24 Times

2380 3610 27 23 m
2424 3618 15 16 a
2462 3610 71 31 spirit
2546 3610 26 24 of
2598 3611 76 25 satire
2697 3612 108 25 referred
2827 3614 27 24 to
2876 3615 41 23 the

2380 3647 80 25 defeat
2481 3655 28 17 as
2592 3651 69 29 great
2688 3645 92 29 moral'

2381 3685 53 25 The
2451 3685 189 26 Prohibitionist
2667 3688 63 24 have
2756 3688 79 26 seized
2852 3698 65 23 upon

2380 3723 44 24 the
2435 3723 90 32 phrase
2537 3724 61 25 with
2617 3725 101 30 avidity.

2414 3762 53 24 The
2472 3759 5 15 f
2479 3763 54 24 ßev
2544 3763 30 24 L.
2593 3763 35 24 M.
2646 3765 59 24 Isitt
2716 3765 22 24 is
2749 3766 78 30 going
2842 3767 27 24 to
2878 3766 40 25 de-

2380 3799 58 25 bate
2449 3799 62 26 with
2522 3799 38 25 Dr
2570 3800 124 26 Bakewell
2704 3802 28 24 m
2742 3803 133 24 Auckland
2886 3811 33 17 on

2380 3837 43 25 the
2457 3837 105 25 medical
2596 3840 84 29 aspect
2714 3840 26 25 of
2773 3840 44 25 the
2846 3841 73 24 drink

2379 3875 109 30 qustion:
2787 3883 6 15 ;

2385 3915 3 9 1
2413 3912 81 24 There
2501 3912 46 25 has
2556 3913 63 25 been
2627 3914 96 25 started
2732 3923 15 16 a
2753 3913 56 28 i*ew
2818 3917 100 25 month-

2379 3950 26 30 ly
2416 3957 74 24 paper
2502 3950 82 24 edited
2594 3950 33 31 by
2640 3950 40 25 W.
2753 3952 95 26 Collins
2860 3954 59 24 call-

2380 3986 30 25 ed
2416 3986 44 26 the
2669 3987 25 27 It
2706 3989 130 27 advocates
2845 3991 73 32 polit-

2379 4025 49 26 ical
2439 4026 51 25 and
2500 4026 118 32 religious
2629 4027 98 33 liberty.
2762 4029 15 25 I
2788 4030 53 25 also
2857 4031 62 25 hear

2380 4065 27 25 of
2416 4065 106 26 another
2530 4073 77 24 paper
2618 4068 26 23 to
2655 4066 32 25 be
2704 4069 96 24 sfartecl
2823 4070 96 33 shortly

2379 4105 27 24 m
2430 4105 189 24 Christchurch.

2384 4146 3 10 1
2413 4142 22 25 A
2446 4143 47 25 few
2505 4142 116 33 evenings
2631 4144 67 25 since
2711 4146 14 23 I
2733 4147 68 24 went
2809 4146 110 33 through

2380 4180 164 27 Aulesbrooks
2556 4182 95 31 factory
2662 4184 49 24 and
2723 4192 52 17 saw
2793 4185 45 25 the
2848 4194 70 23 pass-

2380 4228 58 18 over
2449 4221 74 24 cakes
2533 4220 76 32 being
2626 4221 81 25 made.
2742 4223 84 26 These
2845 4225 73 24 cakes

2380 4266 33 24 up
2422 4259 27 24 to
2460 4257 56 26 four
2526 4265 72 25 years
2610 4265 47 25 ago
2669 4264 64 21 Were
2745 4261 48 25 all'
2796 4262 123 32 imported

2380 4295 63 26 from
2460 4295 123 33 -England
2604 4295 47 27 but
2673 4304 55 19 now
2751 4288 168 38 Aulesbrooks

2380 4335 63 25 have
2454 4336 27 24 to
2492 4334 73 26 make
2583 4335 39 26 for
2643 4336 34 25 all
2699 4337 45 26 the
2763 4339 77 26 Jewis
2862 4347 57 18 con-

2380 4372 148 33 gregations-
2549 4372 29 25 m
2607 4373 65 26 New
2866 4376 53 26 The

2380 4410 75 26 cakes
2477 4418 42 18 are
2540 4411 75 25 made
2634 4411 82 27 under
2738 4414 44 27 the
2803 4415 116 33 personal

2382 4448 221 33 superintendetibe
2616 4450 28 25 of
2652 4450 62 28 Rev.
2727 4446 31 32 Ai
2771 4452 148 28 Ohodotfski

2381 4487 44 26 the
2441 4487 90 26 Rabbi.
2885 4487 28 26 \

2971 194 34 22 On
3019 193 101 33 Sunday
3133 195 47 24 last
3192 204 35 16 we
3239 196 46 25 had
3311 191 66 41 t^:'
3384 195 92 26 Sacred

2940 230 117 26 Concerts
3065 240 45 17 one
3121 235 25 23 at
3159 233 78 25 Tuam
3250 234 37 25 St.
3298 231 70 28 Half
3368 234 50 25 and
3428 241 48 18 one

2939 272 27 20 at
2977 269 105 26 Theatre
3094 272 86 31 lloyal.
3219 273 32 24 As
3273 281 15 16 a
3308 280 169 24 consequence

2940 317 66 17 some
3044 310 118 26 fanatical
3196 315 204 30 correspondents
3435 321 42 18 are

2939 348 111 33 flooding
3061 351 41 24 the
3115 351 58 25 Star
3185 352 58 25 with
3261 356 93 28 protest
3377 355 101 31 against

2986 386 159 28 'desecration
3158 390 26 24 of
3196 390 42 25 the
3258 391 30 25 Ssi
3292 393 83 24 booth.

3007 588 192 28 LICENSING
3229 590 172 28 ELECTION.

2978 674 68 25 Sir—
3051 675 88 26 Result
3152 677 27 24 of
3185 677 54 26 Poll
3264 679 73 25 taken
3351 680 26 25 at
3391 679 90 26 Oxfcrd

2942 717 128 34 includiug
3096 720 44 25 the
3168 722 42 24 old
3237 722 132 27 boundries
3392 725 26 24 ol
3440 724 72 25 the-*--

2944 760 93 26 Oxford
3048 762 135 33 Licensing
3205 765 103 26 district.
3344 768 64 29 East;
3431 771 50 23 and

2945 803 69 25 West
3037 805 91 25 Oxford
3147 808 49 24 and
3221 808 72 26 View
3321 811 54 24 Hill
3403 812 22 24 is
3453 821 27 16 as

2943 846 127 25 follows—
3072 848 121 25 Publican
3218 851 116 26 Licenses
3347 855 25 23 to
3385 855 96 24 remain

2945 897 26 16 as
2983 892 27 23 at
3153 894 56 23 123.
3244 894 40 25 No
3305 895 106 27 License
3432 899 49 23 and

2945 933 126 26 reduction
3083 936 57 31 only
3153 939 106 23 amount
3271 940 26 23 to
3309 941 49 23 159
3370 941 48 25 and
3431 942 50 25 this

2945 976 59 24 with
3014 977 43 24 the
3068 978 40 24 aid
3120 979 27 24 of
3156 988 109 18 woinens
3277 982 76 25 Votes
3354 999 34 3 —
3399 985 26 24 m
3439 986 42 24 the

2937 1020 372 34 7ear^whennite--^urstf6n^
3310 1029 6 8 r
3316 1028 164 33 wa3^fough-t

2945 1063 44 23 out
3006 1063 89 26 should
3115 1066 43 25 the
3182 1067 89 26 Hotels
3288 1070 26 24 m
3334 1071 92 27 Oxford
3451 1073 28 26 be

2945 1106 105 25 reduced
3061 1108 27 25 m
3098 1110 107 25 number
3228 1112 43 25 the
3293 1115 78 25 result
3394 1117 27 23 of
3436 1117 43 24 the

2945 1147 114 26 Election
3070 1159 51 16 was
3134 1153 69 32 80-tQ
3220 1157 95 23 remain
3326 1158 49 24 and
3388 1160 32 23 40
3443 1160 38 24 for

2945 1191 127 26 reduction
3081 1196 76 24 icir-nr
3161 1196 186 34 o.ther^vofc|s-t
3351 1209 34 16 wo
3398 1204 24 23 to
3435 1211 45 17 one

2945 1234 26 24 m
2983 1234 91 30 favour,
3081 1237 26 24 of
3116 1237 197 35 Bublic-Jiouseis,
3328 1237 49 40 ajd
3385 1246 96 25 after-

2946 1285 71 23 years
3033 1279 84 31 public
3131 1280 108 33 'opiriiofn
3262 1285 29 24 in'
3312 1283 51 29 this
3386 1289 94 26 district

2947 1320 45 25 lias
3004 1322 87 25 shown
3114 1333 14 15 a
3156 1328 94 24 certain
3258 1329 6 4 '
3274 1334 103 21 amount
3398 1333 24 23 of
3443 1318 72 39 in-*

2947 1362 125 27 difference
3084 1373 30 17 on
3128 1367 43 25 the
3302 1372 38 24 for
3358 1374 58 31 only
3434 1376 48 23 282

2947 1406 114 24 recorded
3073 1408 69 29 their.
3157 1409 74 26 Votes
3255 1412 130 34 including
3408 1416 75 24 Voses

2947 1451 26 20 at
2984 1449 64 29 Ejast
3060 1450 93 25 Oxford
3174 1454 80 24 which
3265 1456 28 23 -is
3317 1460 52 27 part
3393 1459 25 23 of
3441 1459 42 25 the

2948 1491 239 42 Ashley^Lic|nsing
3197 1497 129 26 district—
3326 1500 69 25 there
3414 1505 69 22 must

2948 1533 29 26 be
2989 1543 58 24 very
3058 1532 65 30 little
3135 1540 26 23 of
3172 1540 41 24 the
3231 1535 140 34 barbaiious
3383 1545 100 33 beating

2947 1576 26 25 of
2979 1578 149 28 wives--r-tlie
3140 1582 127 28 husbands
3272 1587 131 32 -spending
3420 1590 64 24 their

2947 1621 74 32 ready
3033 1630 89 25 money
3136 1627 25 23 at
3172 1626 43 25 the
3227 1628 88 25 Public
3338 1630 85 26 House
3434 1634 50 24 and

2949 1663 64 26 their
3025 1666 75 25 wives
3124 1670 133 32 procuring
3274 1672 44 26 the
3338 1676 146 25 necessaries

2947 1707 28 24 of
2983 1707 42 26 life
3034 1717 33 17 on
3077 1710 49 25 tick
3137 1721 28 16 or
3173 1714 77 33 going
3257 1716 112 27 without.
3405 1717 77 28 Kotk.

2947 1752 42 31 ing
2999 1752 50 26 like
3062 1754 42 25 the
3116 1764 59 17 man
3181 1758 93 33 -taking
3283 1761 56 24 ihe.
3337 1757 5 19 ;
3361 1762 50 25 last
3433 1764 48 24 six-

2949 1802 73 24 pence
3035 1797 37 25 for
3083 1798 62 26 beer
3153 1801 72 25 when
3246 1802 43 26 the
3302 1802 110 28 children
3441 1815 41 17 are

2947 1839 107 26 inwant
3062 1842 26 24 of
3091 1842 77 26 bread
3180 1844 49 34 &c^
3243 1847 41 23 &c.

3246 1888 79 27 Yours
3338 1891 44 24 &c.

3046 1936 21 25 ■■',
3091 1945 25 11 ■*■••
3163 1948 30 11 .-■•;■
3220 1953 47 6 -.
3286 1933 163 28 SUBSCRIBES.

3048 2114 94 25 VIEW
3158 2115 86 26 HILL
3263 2117 111 27 NOTES.

3146 2159 130 29 ByDemps,

2982 2250 54 25 The
3059 2253 73 23 usual
3159 2254 117 32 monthly
3303 2258 111 31 meeting
3440 2267 45 16 was

2949 2288 59 33 tig?id
3019 2289 209 38 oniMonday'\^ie
3240 2299 15 22 2
3278 2299 35 23 nd
3336 2300 60 24 inst.
3417 2307 3 4 '
3431 2302 54 24 The

2949 2336 113 25 Master's
3074 2340 82 28 report
3174 2338 99 26 showed
3285 2341 41 25 the
3338 2344 147 25 attendance

2949 2381 25 21 to
2981 2378 31 25 be
3023 2387 57 24 very
3088 2380 129 33 irregular,
3230 2383 49 24 and
3289 2384 21 24 it
3320 2392 52 17 was
3384 2385 101 26 decided

2949 2423 23 23 to
2984 2430 59 23 urge
3055 2432 32 16 on
3099 2428 101 26 parents
3222 2426 44 24 the
3286 2427 152 33 desirability
3460 2430 26 24 of

2949 2466 105 30 sending
3065 2466 67 25 their
3142 2467 113 26 children
3266 2477 68 17 more
3352 2472 132 31 regularly,

2947 2515 28 18 as
2987 2509 20 24 it
3019 2509 117 31 seriously
3148 2510 128 26 interferes
3287 2512 62 24 with
3360 2514 43 24 th*
3411 2515 74 23 effici-

2947 2558 61 25 ency
3021 2552 26 24 of
3058 2552 44 26 the
3114 2553 86 25 school
3211 2555 48 24 and
3281 2555 27 26 it-
3313 2556 22 25 is
3358 2557 80 26 unfair
3458 2561 26 23 to

2948 2595 60 25 both
3017 2595 44 26 the
3070 2595 109 27 children
3189 2599 50 24 and
3247 2599 42 26 the
3298 2601 116 26 teachers.
3449 2602 34 27 As

2947 2638 43 25 the
3001 2639 107 25 number
3118 2640 28 25 of
3155 2641 111 26 scholars
3277 2644 45 24 has
3345 2646 138 31 materially

2946 2681 77 26 fallen
3036 2683 36 24 off
3097 2683 91 34 during
3209 2686 44 24 the
3275 2681 48 30 last
3346 2687 47 25 few
3401 2696 81 24 -years

2947 2725 84 25 unless
3043 2726 44 25 the
3110 2728 147 26 attendance
3261 2745 2 11 ;
3268 2729 20 25 is
3294 2738 71 21 .more
3388 2732 95 33 strictly

2946 2769 118 24 attended
3075 2771 34 28 to,
3123 2771 20 24 it
3154 2771 22 24 is
3188 2771 83 25 feared
3282 2775 54 22 thit
3348 2774 43 24 the
3400 2776 82 24 teach-

2946 2812 46 30 ing
3001 2812 67 24 staff;
3071 2812 50 24 will
3134 2813 29 24 be
3171 2815 114 24 -reduced
3298 2816 32 30 by
3341 2816 43 25 the
3402 2817 81 25 Board

2946 2853 27 26 of
2982 2854 150 26 Education.
3167 2856 24 25 It
3202 2857 23 25 is
3237 2859 25 24 to
3274 2858 30 25 be
3327 2859 81 32 hoped
3429 2870 53 22 par-

2947 2898 55 23 ents
3014 2897 26 25 of
3050 2898 113 26 children
3186 2901 130 33 attending
3338 2903 41 25 the
3399 2905 85 24 school

2947 2940 49 24 will
3008 2948 39 16 see
3054 2943 27 23 to
3089 2942 20 24 it
3121 2942 56 25 that
3194 2943 47 28 .the
3264 2936 112 34 chiiairtn
3399 2949 86 23 attend

2947 2990 27 16 as
2985 2984 99 29 regular
3095 2992 25 16 as
3132 2985 113 31 possible,
3251 2987 37 24 for
3303 2988 21 23 it
3331 2989 84 24 would
3427 2989 30 25 be
3468 2999 14 15 a

2946 3025 94 25 seriour
3051 3029 92 22 matter
3153 3028 22 24 if
3184 3036 48 17 one
3260 3030 27 25 of
3306 3030 43 26 the
3372 3033 110 25 teachers

2947 3068 149 26 were\taken
3106 3070 66 25 from
3177 3081 10 16 v
3199 3072 153 28 the:?sch66l.
3386 3076 26 24 It
3433 3085 49 17 was

2946 3111 109 24 resolved
3067 3114 26 23 to
3105 3114 46 23 call
3181 3114 38 25 for
3247 3117 99 24 tenders
3368 3117 39 25 for
3428 3119 55 26 four

2946 3154 75 24 cords,
3045 3155 26 24 of
3080 3166 4 5 •
3099 3155 123 36 firewood.
3260 3159 74 25 Some
3362 3162 120 31 improve-

2946 3200 81 22 ment?
3038 3206 64 17 were
3120 3201 80 24 stated
3224 3203 24 23 to
3271 3204 39 23 by
3320 3206 113 30 required
3456 3210 26 23 to

2947 3236 40 24 the
2999 3237 114 26 Master's
3131 3239 78 26 house
3228 3241 45 25 but
3301 3244 103 33 nothing
3431 3255 51 17 was

2945 3289 102 25 decided
3074 3292 28 23 m
3127 3292 44 25 the
3188 3296 96 23 matter.

2979 3331 53 26 The
3044 3333 104 32 Library
3156 3334 148 28 Committee
3311 3338 59 26 held
3381 3347 15 17 a
3407 3345 75 22 meet-

2944 3375 47 33 ing
2998 3375 28 26 m
3048 3377 42 25 the
3120 3377 160 28 Schoolroom
3308 3390 33 17 on
3369 3383 113 34 Tuesday

2945 3420 112 31 evening.
3094 3420 53 26 The
3161 3422 128 34 Secretary
3303 3427 114 30 reported
3439 3429 43 24 the

2945 3460 112 26 finances
3066 3471 64 17 were
3141 3464 28 25 m
3184 3473 16 16 a
3219 3466 155 34 satisfactory
3399 3470 83 25 condi-

2946 3500 61 30 tion.
3043 3505 53 25 The
3107 3506 131 27 Librarian
3249 3511 114 29 reported
3374 3512 55 26 that
3440 3514 44 24 the

2947 3547 59 24 time
3014 3547 51 25 had
3074 3550 100 30 expired
3184 3551 38 24 for
3232 3552 80 25 which
3329 3554 44 25 the
3385 3554 97 28 Review
3495 3577 3 2 .

2947 3589 27 26 of
2981 3590 109 27 Reviews
3102 3592 49 25 had
3160 3593 61 25 been
3233 3596 100 25 ordered
3356 3599 49 25 and
3429 3601 54 24 that

2948 3633 19 24 if
2977 3634 18 24 it
3007 3642 50 17 was
3080 3637 26 23 to
3118 3636 28 24 be
3170 3638 134 26 continued
3320 3641 21 24 it
3362 3643 81 25 would
3454 3643 30 26 be

2947 3685 127 24 necessary
3087 3680 26 23 to
3123 3687 82 18 renew
3219 3681 44 25 the
3275 3683 80 26 order.
3389 3686 26 25 It
3435 3695 50 17 was

2949 3721 110 24 resolved
3069 3723 27 23 to
3114 3723 117 25 continue
3252 3725 90 33 taking
3358 3728 29 26 it.

2954 3775 4 14 ,-
2981 3763 25 24 It
3018 3771 49 18 was
3079 3766 121 30 arranged
3217 3768 26 23 to
3255 3770 51 23 call
3328 3770 44 24 the
3392 3771 95 25 annual

2947 3806 85 31 public
3040 3807 109 32 meeting
3166 3808 38 25 for
3231 3810 44 25 the
3304 3812 104 26 election
3428 3815 27 24 of
3473 3822 15 17 a

2947 3856 56 17 new
3014 3850 144 26 committee
3170 3852 46 24 for.
3228 3852 112 34 Monday
3363 3855 44 26 the
3419 3858 30 25 16
3459 3858 29 25 th

2947 3892 60 24 inst.
3021 3893 26 25 to
3059 3893 29 25 be
3099 3892 61 26 held
3169 3893 29 26 m
3209 3895 44 25 the
3278 3896 160 29 Schoolroom
3461 3902 27 24 at

2948 3935 57 31 730
3005 3935 39 31 p.
3068 3944 35 17 m.
3295 3933 4 4 '
3357 3932 94 11 '■-■■■
3492 3957 6 9 t

2947 3976 26 25 It
2985 3984 48 19 was
3044 3977 113 28 resolved
3168 3980 27 25 to
3204 3978 49 29 call
3264 3982 40 26 for
3326 3984 100 28 tenders
3449 3986 39 26 for

2947 4022 49 24 two
3008 4021 71 25 cords
3088 4022 28 25 of
3125 4022 115 29 firewood
3251 4026 50 24 and
3312 4027 44 26 the
3370 4031 118 31 .meeting

2947 4063 168 32 adjourned...
3388 4089 1 3 .
3408 4087 4 4 .
3474 4088 2 2 .

2981 4106 72 27 After,
3062 4107 44 26 the
3119 4109 107 34 Library
3236 4111 115 28 business
3368 4123 49 18 was
3429 4123 59 19 over

2947 4156 16 17 a
2974 4149 137 27 discussion
3122 4153 60 24 took
3190 4153 74 31 place
3273 4163 28 17 as
3306 4157 33 24 fo
3352 4156 144 28 fchedisira-'

2947 4191 72 33 bility
3047 4200 27 17 or
3097 4194 129 26 otherwise
3248 4197 28 24 of
3299 4199 164 34 establishing
3473 4210 15 16 a

2947 4239 127 28 creamery
3085 4236 26 24 6t
3132 4236 72 27 View
3224 4237 64 33 Hill,
3307 4242 44 24 tne
3373 4244 116 25 outcome

2947 4276 27 25 of
2983 4276 81 26 which
3075 4278 50 26 will
3143 4281 121 33 probably
3275 4283 31 26 be
3317 4282 57 28 that
3384 4293 15 16 a
3410 4288 77 24 meet-

2946 4319 45 31 ing
3002 4319 52 25 will
3066 4320 30 26 be
3108 4321 80 27 called
3210 4325 28 24 of
3351 4326 136 29 interested

2946 4361 59 26 with
3013 4370 16 17 a
3038 4363 64 26 view
3113 4365 28 28 pf
3147 4362 166 39 ascertaining
3322 4368 66 27 from
3410 4370 77 28 farm-

2947 4412 39 19 ers
2998 4405 50 26 and
3059 4407 109 32 graziers
3191 4410 68 26 what
3274 4414 106 25 amount
3391 4414 28 26 of
3428 4423 57 25 sup-

2946 4449 58 31 port
3015 4449 73 25 could
3098 4450 31 26 be
3151 4452 134 30 promised.

2978 4490 81 26 There
3070 4491 22 27 is
3103 4498 35 18 no
3147 4492 79 29 doubt
3236 4495 58 28 that
3304 4496 23 26 if
3335 4505 16 18 a
3362 4505 125 25 creamery

1017 40 170 32 OXFORD
1231 42 228 32 OBSERVER
1525 43 239 34 SATURDAY,
1829 42 130 30 APRIL
2032 41 29 36 7,
2119 40 82 30 1894

1393 526 73 20 JUST
1484 525 149 25 .ARRIVED

1293 593 101 26 FIRST
1412 593 253 25 CONSIGNMENT
1684 593 44 24 OF

1245 670 202 34 BOYS'

1365 753 301 33 YOUTHS

1479 835 70 25 AND

1236 879 134 7 .......
1499 882 3 2 .
1681 876 1 2 ■
1698 874 65 11 -.«&?'•-•■.
1779 876 2 4 •
1789 877 2 3 •

1374 945 2 1 .
1421 944 23 14 ...
1497 945 2 4 .
1546 918 220 35 MEN'S

1368 1034 4 11 1
1489 1039 45 18 -«•
1534 1046 36 4 —
1570 1036 1 14 :

1245 1162 172 26 MANTLES'
1562 1162 21 29 X
1633 1160 19 24 ,'
1717 1160 66 25 '■"..',

1246 1212 163 26 GALATEA
1427 1212 140 25 CHECKS
1586 1212 18 24 &
1623 1210 146 26 STRIPES

1367 1256 151 26 RIBBONS
1649 1251 5 5 '

1443 1309 171 25 FLOWERS

1597 1358 189 25 FEATHERS

1252 1420 61 55 R.
1363 1420 71 55 H.
1479 1416 302 66 PARISH,

1388 1506 77 19 EAST
1494 1505 125 20 OXFORD.

1325 1657 367 47 IMPORTANT

1492 1734 10 10 «
1513 1733 46 12 «w^
1569 1734 10 11 »
1579 1736 41 5 —

1245 1769 83 30 ALL
1360 1767 120 31 WOOL
1503 1758 172 40 R*LYN
1696 1765 87 30 AND

1281 1842 297 33 WELLINGTON
1602 1840 151 34 TWEED

1392 1909 256 41 STTITS

1234 1957 2 23 1
1287 1979 66 39 35/-
1372 1978 86 31 Suits
1473 1978 145 30 Reduced
1628 1979 33 28 to
1684 1976 68 40 25/-

1246 2039 108 41 --■4-
1397 2063 20 15 „
1503 2062 17 14 „
1590 2061 35 14 .„
1675 2036 85 41 .35/-

1285 2088 148 31 Trousers
1449 2088 61 30 and
1524 2086 76 32 Vest
1665 2085 76 40 13/6

1480 2148 51 21 AT

1270 2202 196 31 PARISH'S
1494 2202 89 30 East
1607 2200 145 31 Oxford.

1378 2410 269 46 NOTICE.

1244 2480 139 36 POISON
1395 2481 23 25 is
1429 2480 51 25 laid
1494 2489 32 16 on
1538 2480 33 25 all
1588 2489 42 23 ray
1652 2480 129 25 Paddocks

1244 2505 22 34 1
1294 2515 26 23 at
1331 2513 63 26 East
1411 2513 100 25 Oxford.

1483 2550 123 26 HENRY
1617 2550 96 26 INCH.

1304 2682 173 32 BREECH
1513 2682 197 32 LOADING

1265 2734 500 61 c^xxsrs

1366 2823 85 30 FOR
1475 2823 106 30 SALE
1599 2822 57 29 AT

1449 2877 30 24 F.
1492 2877 30 24 A.
1540 2875 239 27 WATERMAN'S.

1387 3021 253 46 NOTICE.

1239 3122 99 45 Job
1357 3121 257 57 Printing!

1415 3200 101 45 Job
1538 3200 243 56 Printing

1283 3283 174 32 OXFORD
1515 3283 223 32 OBSERVER

1322 3335 162 38 Machine
1514 3334 167 49 Printing
1681 3344 5 12 1
1689 3357 6 7 -

1420 3402 168 39 WORKS

1307 3453 90 26 MAIN
1409 3453 144 29 STREET,
1564 3452 151 26 OXFORD.
1721 3466 5 3 -

1306 3531 130 38 T7INE
1489 3533 63 36 T>
1556 3533 150 26 RINTING

1280 3616 38 31 In
1332 3617 75 40 Any
1435 3615 128 42 Variety
1578 3627 35 19 or
1642 3615 98 40 Style.

1262 3724 11 11 -:-
1320 3709 165 30 Memorial
1502 3708 108 38 Cards,

1324 3749 52 38 (m
1402 3759 70 21 new
1499 3750 62 29 and
1588 3748 106 31 chaste

1320 3790 125 39 designs
1482 3788 43 41 5/-
1537 3799 56 29 per
1616 3789 66 29 doz.
1693 3787 12 40 )

1310 3843 2 5 '
1323 3836 178 31 Statement
1519 3835 118 35 Heads,

1323 3876 72 31 Ball
1409 3876 228 38 Programmes.

1325 3917 134 36 Posters,
1475 3916 179 36 Handbills,

1324 3957 169 36 Billheads,
1517 3957 142 39 Cheques

1326 3998 108 31 Letter
1448 3998 60 31 and
1518 3997 81 32 Note

1327 4039 167 37 Circulars,
1517 4039 119 35 Menus,

1326 4080 194 40 Catalogues,
1542 4081 55 30 &c.
1609 4079 75 39 ,&c,
1708 4079 57 31 &c.

774 643 134 44 FOR
934 643 183 44 SALE.

675 749 213 79 HURDLES
916 751 34 29 m
978 762 61 29 any
1069 753 145 38 quantity

744 794 48 26 •at
806 791 109 30 lowest
925 795 94 27 rates-
1062 793 107 40 Apply

786 841 200 32 CHARLES
998 842 195 31 JOHNSON

987 889 79 31 East
1083 889 130 31 Oxford.

788 1052 308 47 WANTED.

677 1161 225 25 rTENDERSfor
918 1170 70 23 grass
1010 1163 27 24 m
1060 1163 44 25 the
1123 1163 93 25 Oxford

682 1186 22 32 JL
743 1194 135 32 Cemetery.
991 1196 90 31 Apply,

1069 1238 145 26 Chairman.

734 1402 195 41 MUSICAL
969 1403 181 40 TUITION

678 1469 140 37 PIANO,
846 1470 156 36 VIOLIN,
1028 1470 186 37 SINGING-,

720 1510 148 31 ORGAN
933 1510 85 31 ETC.
1081 1511 92 30 ETC.

782 1556 63 30 MR
883 1556 30 30 S.
945 1556 180 32 MAYSON.
1188 1576 2 10 ,

682 1597 120 39 (holder
827 1598 32 29 of
875 1597 183 31 Certificate.
1090 1597 123 40 Trinity

803 1637 123 40 College
948 1638 141 40 London)

711 1677 103 32 Having
831 1678 75 24 taken
924 1685 33 25 up
990 1678 39 25 his
1046 1678 126 25 residence
1188 1678 27 24 m

678 1710 91 25 Oxford
785 1711 22 24 is
824 1711 117 32 prepared
968 1713 26 23 to
1012 1712 92 24 receive
1132 1711 83 32 pupils

678 1743 37 25 for
725 1751 48 24 any
785 1744 27 25 of
836 1744 42 25 the
907 1744 76 25 above
994 1745 91 24 named
1098 1744 116 32 subjects.

714 1777 42 24 All
779 1778 209 24 communication
1023 1778 133 24 addressed
1190 1779 26 23 to

677 1810 139 25 Methodist
857 1811 143 31 Parsonage
1038 1811 50 24 will
1122 1811 94 24 receive

676 1845 98 30 prompt
786 1844 131 24 attention.
953 1844 118 24 Distance
1080 1851 33 17 no
1125 1844 89 31 object.

710 1877 91 23 Pianos
819 1876 51 23 and
887 1875 98 32 Organs
1004 1877 79 24 tuned
1111 1877 50 23 and
1177 1884 37 17 re-

676 1909 94 32 paired.

687 2066 506 50 DRESSMAKING.

717 2164 76 31 Miss
823 2164 34 30 E.
896 2164 94 31 Jones
1182 2169 32 27 to

675 2206 115 29 inform
817 2205 54 30 the
899 2206 95 30 ladies
1030 2207 34 29 of
1093 2207 121 30 Oxford

675 2247 69 30 that
800 2246 55 30 she
904 2247 57 30 has
1017 2249 197 28 commenced

677 2287 154 30 Scientific
854 2287 221 40 Dressmaking
1089 2289 34 28 m
1147 2288 66 31 Mrs

676 2327 129 39 Lugar's
823 2330 120 36 sottage
967 2338 40 19 on
1029 2328 53 29 the
1104 2327 109 40 Espla-

674 2369 89 28 nade.
779 2366 87 31 West
883 2367 131 30 Oxford.

814 2574 249 49 MONEY.

673 2686 140 57 MONEY
826 2687 25 24 to
863 2686 59 25 lend
931 2694 33 18 on
976 2687 139 32 approved.;
1138 2688 74 25 Free-

750 2719 59 24 hold
833 2720 127 25 securities
983 2720 64 25 from
1070 2722 69 23 £100
1162 2722 49 23 and

673 2762 111 31 upward.
987 2760 112 35 Apply,:'

940 2810 74 25 Office
1027 2811 27 24 of
1061 2811 49 24 this
1122 2812 80 31 Paper

670 2966 47 43 J.
741 2966 53 44 T.
823 2966 201 54 Brown,
1047 2968 42 43 &
1109 2969 98 45 Son

725 3031 112 21 TIMBER
847 3032 17 20 &
875 3032 73 21 COAL
962 3032 184 24 MERCHANTS.

847 3070 165 21 IMPORTERS

671 3106 35 27 Of
736 3106 142 27 TIMBER
908 3109 54 26 and
991 3109 50 26 All
1070 3110 89 27 Kinds
1184 3112 28 26 of

725 3153 188 27 BUILDING
937 3154 225 29 MATERIALS.

861 3199 153 28 CORNER

671 3241 165 26 COLOMBO
878 3242 18 23 &
925 3242 98 26 TUAM
1054 3244 157 28 STREETS

830 3284 194 28 Cfbistohuroh

722 3440 26 19 A.
763 3440 87 20 Flesher
860 3440 17 26 ].
1078 3442 35 27 [F.
1126 3443 81 22 Fuller.

683 3485 204 42 FLESEER
910 3486 69 40 and
1001 3488 189 40 PULLER.

848 3543 180 28 SOLICITORS,

710 3583 12 20 9
733 3581 124 22 Cathedral
868 3582 92 26 Square,
976 3583 191 27 Christchurch.

671 3615 115 27 (Between
795 3616 111 21 Morten's
916 3616 117 28 buildings
1043 3618 18 20 &
1071 3619 56 21 Post
1134 3619 73 22 Office.

710 3651 187 57 Money
926 3654 54 42 to
1017 3653 143 45 Lend

669 3717 35 20 On
713 3717 32 21 all
753 3717 57 21 kind
821 3717 23 21 of
855 3717 110 28 Security,
974 3719 26 21 at
1018 3719 57 21 Low
1089 3721 78 20 Rates
1185 3721 24 21 of

694 3761 108 21 Interest.
833 3761 88 26 Special
934 3762 78 21 Terms
1022 3762 35 21 for
1066 3763 112 21 Farmers.

696 3963 193 52 GEORGE
930 3965 269 51 GARDINER,

838 4025 127 21 CARRIER
978 4025 70 25 ETC.,

795 4058 104 32 EAST
942 4059 184 31 OXFORD.

671 4238 225 60 ROBEKT
978 4239 233 75 FISHEB,

707 4316 178 27 GENERAL
913 4316 266 28 STOREKEEPER
1197 4317 3 13 l

671 4364 98 44 Teas,
809 4362 151 46 Coffees,.
981 4363 130 46 Cocoas,
1144 4363 71 40 and

759 4438 3 5 ■
776 4411 144 40 General
943 4410 184 41 Groceries-
1197 4440 4 13 ,

722 4462 149 34 WEST
936 4462 224 33 OXFORD.

125 643 137 25 OXFORD
275 641 92 25 EOAD
382 641 124 24 BOAKD.

47 728 173 26 fTENDERS
232 736 41 17 are
284 727 94 26 invited
389 727 37 24 for
438 727 43 24 the
490 725 91 26 follow-

53 755 23 32 J.
113 763 43 30 ing
168 762 86 24 works.

83 800 115 30 Clearing
210 799 87 27 Drain,
317 797 175 31 Rampaddock
504 796 78 25 Road.

84 843 114 30 Clearing
221 862 4 4 .
231 861 5 5 .
242 861 5 4 .
257 842 143 31 Mounsey's
409 840 98 31 Swamp
515 840 69 23 Eoad

84 885 116 31 Clearing
212 885 59 25 Side
283 883 200 31 CliannelTHigh
494 883 89 25 Street.

84 929 113 31 Clearing
207 929 76 24 Gorse
294 935 32 17 on
335 927 90 25 Gravel
435 927 42 24 Pit
485 926 99 25 Church

54 973 88 25 Street.

84 1016 109 23 Tenders
214 1017 26 22 to
264 1015 31 23 be
323 1016 54 22 sent
400 1014 28 22 m
454 1012 80 24 before
554 1012 32 23 32

52 1059 92 25 o'clock
155 1066 66 17 noon
241 1066 32 16 on
302 1055 187 27 THURSDAY
516 1055 70 31 April

53 1103 32 24 19
91 1103 34 23 th.

84 1145 53 23 The
149 1145 85 23 knvest
246 1151 26 16 cr
285 1151 47 23 any
344 1143 87 24 tender
447 1144 47 21 not
506 1148 78 17 neces-

52 1187 76 32 sarily
140 1186 121 31 accepted.

184 1229 111 25 JAMES
309 1230 32 23 H.
359 1227 144 30 SHARPE,

319 1271 73 26 Clerk
403 1273 26 23 to
438 1271 42 25 the
495 1271 90 25 Board.

134 1432 71 24 DOG
234 1430 268 25 REGISTRATION.

52 1517 144 33 NOTICE
224 1517 21 23 is
268 1517 90 30 hereby
381 1516 73 30 given
476 1515 58 24 tint
553 1517 35 22 all

52 1541 31 32 1>
126 1550 105 24 Persons
243 1549 93 31 having
353 1547 233 25 UNREGISTER-

52 1583 48 23 ED
115 1583 87 23 DOGS
226 1583 27 22 m
273 1583 66 22 their
361 1582 140 30 possession
525 1581 63 23 after

52 1616 106 22 APRIL
172 1616 52 23 Ofch.
238 1615 47 24 will
306 1614 30 24 be
358 1614 229 24 PROSECUTED

51 1648 105 24 without
167 1647 94 24 further
271 1647 91 24 notice.

52 1694 38 29 i>y
102 1691 71 24 order
182 1691 26 24 of
214 1691 40 24 the
264 1690 89 24 Board.

164 1733 111 25 JAMES
289 1733 50 24 IL.
340 1732 147 26 SHARPE.

249 1776 73 25 DOG
346 1775 206 26 REGISTRAR,

362 1814 92 24 Oxford
471 1814 115 24 District.

173 1951 296 46 WANTED
564 1964 3 3 ■

49 2018 52 57 TO
123 2018 184 24 PURCHASE
326 2018 86 23 Bacon
429 2017 60 31 Pigs
499 2017 28 23 m
537 2024 50 23 any

113 2051 122 31 quantity.
270 2050 109 31 Highest
407 2051 66 30 price
504 2050 80 31 given.

283 2087 80 32 Apply

302 2127 23 25 J.
344 2127 174 28 PARLANE,

375 2167 64 25 East
452 2166 99 26 Oxford.

137 2332 129 44 FOR
306 2332 177 44 SALE.

65 2409 13 23 A
93 2408 93 25 BOUT
210 2410 14 22 3
237 2416 67 16 acres
316 2407 27 25 of
352 2408 66 24 Bush
431 2408 73 24 Land
518 2407 67 26 Situ-

50 2433 42 33 ix
125 2442 65 28 ated,
205 2441 94 24 section
311 2440 125 32 adjoining
459 2441 52 24 Mrs
523 2440 61 25 Res-

50 2476 73 22 ton's.

214 2506 116 23 FRANK
344 2505 124 28 PETER,

290 2545 86 26 EAST
401 2545 148 25 OXFORD.

222 2710 174 45 LOST.

47 2773 99 55 ]OST
165 2781 32 16 on
217 2773 66 24 Race
311 2773 56 32 Day
387 2781 15 16 a
431 2773 72 25 small
525 2773 59 31 gold

68 2808 12 20 J
115 2806 104 24 Brooch.
249 2806 93 24 Finder
353 2806 52 24 will
417 2807 28 23 be
457 2806 126 24 rewarded

45 2839 70 22 whtn
129 2839 128 30 returoing
269 2839 39 22 the
321 2846 67 16 same
400 2841 26 22 to
450 2838 44 25 the
506 2839 77 24 Office

45 2871 26 23 of
83 2870 50 26 this
146 2871 87 31 Paper.

44 3059 225 25 PREVENTION
286 3059 32 24 IS
336 3059 138 25 BETTER
487 3059 94 25 THAN

278 3099 102 25 CURE.

158 3173 52 24 that
223 3172 43 25 the
277 3172 132 24 Influenza
420 3172 128 32 Epidemic
559 3173 22 24 is

45 3197 31 33 1\
118 3205 75 25 about
214 3206 40 23 the
273 3205 181 32 neighbouring
472 3206 109 25 districts

45 3246 31 16 no
90 3238 73 24 home
175 3237 87 25 should
274 3237 29 25 be
315 3237 104 25 without
429 3239 44 23 the
493 3237 87 32 Platy-

45 3279 47 22 pus
97 3270 85 24 Brand
195 3271 24 24 of
231 3270 153 31 Eucalyptus
395 3270 121 25 Globulus
529 3271 50 24 Ex-

45 3305 64 23 tract
122 3305 24 22 to
158 3303 30 24 be
200 3303 75 24 taken
293 3311 67 23 upon
377 3312 80 23 fugar,
477 3312 27 16 or
527 3304 28 24 m
566 3313 14 15 a

45 3336 63 23 little
121 3335 69 23 milk.
233 3336 50 23 The
294 3339 67 20 most
373 3336 148 24 convenient
531 3337 49 24 and

44 3369 111 29 pleasant
168 3375 53 24 way
233 3371 24 21 to
269 3368 56 24 take
343 3368 155 31 Eucalyptus
515 3369 44 24 i
524 3369 67 24 3
552 3369 28 25 m

46 3401 42 24 the
101 3401 119 31 Platypus
233 3399 85 25 Brand
328 3401 26 24 of
363 3401 155 33 Eucalyptus
534 3402 45 25 Ju-

42 3434 81 29 jubes,
135 3434 57 30 they
202 3441 40 17 are
254 3434 26 22 m
290 3435 59 22 such
360 3441 14 17 a
381 3434 125 30 palatable
515 3434 64 26 form

43 3467 113 30 pleasant
198 3467 25 24 to
267 3467 69 27 taste,
372 3467 130 32 antiseptic
530 3468 50 24 and

45 3500 138 23 stimulant.
233 3498 115 32 Sprinkle
367 3507 61 24 your
456 3500 123 25 handker-

45 3531 67 26 chief
122 3532 48 24 and
181 3540 81 17 rooms
274 3532 59 26 with
346 3532 42 25 the
401 3532 41 26 oil.

46 3573 26 23 BE
83 3573 57 24 SURE
148 3572 41 24 YOU
200 3573 114 24 PURCHASE
322 3573 45 24 THE
377 3573 113 26 PLATYPUS
499 3574 80 25 BRAND.

124 3606 31 23 R.
167 3606 90 24 Parish
269 3606 81 32 Agent
362 3607 38 25 for
412 3607 100 25 Oxford.

47 3649 72 24 Office
127 3649 38 25 No
176 3649 13 23 9
203 3649 133 25 Cathedral
343 3658 35 23 sq..
392 3650 186 26 Christchurch.

160 3813 294 47 WANTED.

54 3883 66 62 A
154 3881 108 24 General
292 3881 113 25 Servant.
441 3881 79 31 Apply
554 3883 27 24 to

220 3914 56 24 Mrs
288 3914 39 26 W.
346 3914 24 24 J.
395 3914 118 29 Bassett,

376 3946 152 25 Storrnount.

163 4123 265 45 NOTICE.

49 4250 128 68 JOHN
188 4250 143 29 WILSON,
349 4251 50 25 late
422 4251 27 24 of
463 4251 43 24 the
527 4251 56 25 Eed

139 4283 94 30 House,
245 4282 46 26 has
308 4283 94 26 started
421 4283 113 26 business
555 4291 27 18 as

49 4321 78 26 Hotel
132 4319 120 27 Valuator
261 4321 48 24 and
318 4320 166 27 Commission
491 4321 90 33 Agent.

49 4362 73 25 Sales
133 4360 117 27 attended
264 4368 33 17 on
309 4361 173 25 Commission.

82 4401 139 25 Address—
222 4401 27 24 J.
259 4399 94 26 Wilson
367 4401 40 32 o/o
415 4401 34 24 P.J
453 4401 23 24 .
487 4400 92 31 Quinn,

47 4441 78 26 Hotel
152 4440 102 29 Broker,
278 4439 121 26 Licensed
429 4440 150 26 Victuallers

46 4482 84 27 Office,
143 4481 48 26 204
202 4480 121 27 Hereford
338 4480 38 26 St.
389 4480 188 26 Christchurch.

134 180 346 45 SEVILLE
517 180 166 39 A.UD
731 180 392 44 COMPACT?

74 241 300 28 ENGINEERS
402 240 105 27 AND
539 240 165 27 CYCLE
734 242 452 29 MANUFACTURERS

51 295 66 25 have
128 295 38 26 for
176 295 50 25 sale
237 302 15 17 a
264 294 125 31 shipment
401 293 27 25 of
468 292 104 25 ORION
617 294 88 31 cycles.
718 295 48 25 No.
779 296 24 28 1,
817 297 51 23 £12
887 297 44 24 10s
940 304 6 21 ;
981 297 49 24 No.
1043 299 24 27 2,
1085 298 52 23 £14
1156 299 52 23 10s.

230 363 64 26 Cash
303 371 26 16 or
340 370 56 23 easy
407 363 127 30 payment,
579 361 83 33 Every
674 363 115 24 machine
801 365 159 29 guaranteed.

153 438 144 26 Illustrated
307 437 49 25 and
367 436 153 31 Descriptive
533 436 151 32 Catalogues
723 437 112 32 Calliope
842 438 20 17 '-'■
873 439 89 31 Cycles
972 443 58 28 post
1040 440 59 25 free.
1132 440 14 16 '•■

111 513 184 29 SAVILLE
319 513 27 26 &
370 510 62 37 Co,,
462 510 154 31 Colombo
631 511 137 37 Street,
798 512 351 34 CHRISTCHURCH.
