2550 4039
59 41 2413 33 THE

60 106 447 134 NEW
629 106 848 132 ZEALAND
1610 108 862 135 GAZETTE.

619 326 134 32 PORT
776 327 289 38 NICHOLSON,
1088 325 261 34 SATURDAY
1369 327 241 40 MORNING,
1632 330 123 32 JUNE
1781 334 48 33 13,
1854 311 88 52 iko.

2326 334 99 39 [Vol.
2448 336 27 30 I.

59 334 63 31 No.
145 330 62 40 10.]

49 427 81 23 NEW
147 424 169 22 ZEALAND
334 422 97 22 LAND
449 421 184 21 COMPANY.

51 479 90 30 Capital,
155 478 119 27 £100,000,
289 477 23 21 in
321 478 57 21 4000
387 475 81 22 Shares
477 474 26 22 of
514 473 46 23 £25
571 473 62 28 each,

271 504 30 21 all
309 503 55 28 paid
372 509 37 20 up.

129 560 117 21 Governor
252 565 5 14 :
273 557 47 22 The
331 556 65 23 Earl
407 562 27 14 of
444 555 113 22 Durham.
588 563 4 5 •

92 594 90 27 Deputy
193 592 116 22 Governor
315 597 6 14 :
338 590 86 22 Joseph
438 589 83 27 Somes,
536 588 53 28 Esq.

278 624 113 22 Directors
400 630 5 13 :

102 652 60 23 Lord
172 652 71 26 Petre,

103 680 61 22 Hon.
174 678 92 23 Francis
275 676 91 27 Baring,
378 675 68 28 M.P.,

101 707 59 22 John
171 705 102 23 Ellorker
282 703 110 26 Boulcott,
409 703 60 27 Esq.,

102 734 59 22 John
171 732 100 22 William
282 730 92 27 Buckle,
384 730 61 28 Esq.,

102 760 87 24 Russell
198 759 78 26 Ellice,
286 758 61 28 Esq.,

103 788 74 22 James
187 786 82 23 Brodie
280 784 99 28 Gordon,
390 784 61 28 Esq.,

101 814 97 23 Thomas
207 813 66 22 Alers
283 811 105 27 Hankey,
400 811 61 28 Esq.,

103 840 168 24 William.Hutt
287 838 61 28 Esq.,
360 835 68 31 M.P.,

103 870 93 20 Stewart;
204 866 163 28 Majoribanks,
378 866 61 26 Esq.,

103 896 34 21 Sir
146 894 98 23 William
255 892 150 28 Molesworth,
417 894 69 26 Bart,
496 891 69 27 M.P.,

104 921 129 23 Alexander
242 920 79 26 Nairn,
332 920 61 27 Esq.,

103 950 61 21 John
173 948 66 27 Pirie,
250 946 60 28 Esq.,
323 946 129 26 Alderman,
586 947 36 11 ''*"

104 976 34 21 Sir
148 975 87 26 George
245 973 101 26 Sinclair,
358 972 68 26 Bart,
438 969 71 29 M.P.,

104 1002 60 22 John
174 1001 59 22 Abel
242 999 79 27 Smith,
332 1000 61 27 Esq.,
405 999 68 27 M.P.,

103 1030 59 21 fm.
171 1028 136 26 Thompson,
319 1026 61 28 Esq.,
391 1025 131 27 Alderman,
534 1024 69 28 M.P.,

104 1057 34 21 Sir
147 1056 79 26 Henry
236 1054 79 26 Webb,
326 1054 70 26 Bart,
422 1064 4 4 -

104 1083 84 22 Arthur
197 1081 80 27 Willis,
288 1081 61 28 Esq.,

105 1111 86 25 George
200 1107 120 24 Frederick
331 1110 87 24 Young,
429 1106 54 28 Esq.

161 1144 116 25 Secretary
284 1150 5 13 :
304 1141 65 23 John
379 1141 82 27 Ward,
473 1141 51 26 Esq.

52 1205 89 22 fTIHE
148 1204 61 21 main
219 1203 96 22 features
324 1202 69 21 ofthe
401 1204 83 25 system
491 1200 27 23 of
523 1200 113 23 coloniza-

58 1223 30 31 JL
125 1232 45 21 tion
181 1229 96 28 adopted
286 1230 30 26 by
326 1229 38 22 the
377 1230 122 26 Company,
515 1235 44 19 are,
561 1240 31 4 —
593 1229 41 25 Ist,

52 1259 37 22 the
99 1259 44 22 sale
151 1258 26 21 of
186 1258 73 25 lands,
273 1259 23 19 at
310 1263 29 14 an
353 1256 98 21 uniform
466 1255 45 22 and
524 1254 113 23 sufficient

52 1287 70 26 price;
140 1285 44 21 and
197 1284 75 26 2ndly,
289 1282 38 23 the
343 1282 151 28 employment
510 1282 24 21 of
548 1289 12 14 a
574 1281 62 27 large

50 1313 87 26 portion
147 1311 25 21 of
179 1311 36 21 the
224 1310 208 28 purchase-money,
444 1316 23 14 as
477 1316 29 14 an
517 1308 119 27 Immigra-

50 1340 45 20 tion
108 1338 69 22 Fund.
207 1338 27 21 In
247 1337 59 21 these
317 1338 102 24 respects,
436 1335 37 22 the
483 1335 119 28 principles
613 1336 27 21 of

49 1365 69 23 South
132 1364 113 22 Australia
259 1363 56 22 have
331 1363 55 20 been
402 1362 104 23 followed
518 1369 25 14 as
556 1363 80 27 nearly

48 1400 23 14 as
90 1392 171 22 circumstances
277 1389 78 27 would,
375 1389 24 22 in
414 1389 38 22 the
470 1392 90 26 present
576 1397 58 20 case,

49 1418 87 29 permit.

74 1452 46 22 The
136 1450 69 28 grand
221 1449 73 28 object
309 1449 27 22 of
351 1449 37 23 the
402 1457 57 20 neAV,
473 1457 26 14 or
511 1449 123 30 improved,

49 1482 80 25 system
141 1476 73 23 ofs.'the
224 1477 96 27 disposal
335 1476 27 22 of
378 1476 96 23 colonial
487 1477 72 27 lands,
577 1478 19 21 is
612 1481 24 19 to

47 1506 97 27 regulate
154 1503 43 22 'the
211 1503 87 33 supply^
306 1503 28 22 of
350 1511 49 14 new
412 1503 62 28 land,
491 1504 30 27 by
536 1504 38 22 the
588 1505 49 22 real

48 1536 68 18 wants
129 1531 26 22 of
167 1531 38 22 the
221 1531 120 26 Colonists,,
355 1538 24 14 so
394 1530 49 22 that
457 1531 38 21 the
510 1531 53 21 land
578 1531 59 22 shall

48 1567 67 14 never
131 1559 29 21 be
178 1557 72 22 either
268 1557 189 28 superabundant,
479 1565 26 14 or
522 1557 113 29 deficient,

47 1586 70 22 either
133 1588 36 19 too
185 1584 78 27 cheap,
281 1591 25 15 or
325 1588 37 18 too
380 1585 60 21 dear.
480 1585 22 21 It
518 1585 41 21 has
578 1585 58 22 been

47 1614 75 21 shown
132 1612 49 21 that
190 1611 38 22 the
238 1611 44 22 due
292 1611 132 28 proportion
437 1611 104 22 between
555 1613 82 27 people

48 1640 44 22 and
99 1639 54 22 land
158 1646 52 19 may
216 1639 28 21 be
252 1638 127 27 constantly
384 1639 94 21 secured
485 1639 29 26 by
520 1639 117 22 abandon-

47 1668 38 26 ing
96 1666 36 22 tlie
142 1665 37 22 old
189 1668 84 25 system
284 1664 26 22 of
322 1672 95 19 grants,
428 1665 45 22 and
483 1666 115 27 requiring
607 1673 30 15 an

47 1694 97 21 uniform
153 1693 61 27 price
224 1699 40 21 per
273 1699 58 20 acre,
346 1692 35 21 for
391 1692 29 21 all
429 1699 50 15 new
488 1692 72 27 lands,
572 1693 65 22 with-

49 1724 39 19 out
97 1720 123 27 exception.
252 1719 25 21 If
287 1718 37 22 the
334 1719 61 27 price
405 1719 28 21 be
447 1722 41 19 not
503 1722 36 19 too
553 1719 51 27 low,
619 1720 19 21 it

47 1747 72 22 deters
129 1746 137 28 speculators
274 1745 58 22 from
348 1746 117 27 obtaining
478 1746 61 27 land,
555 1746 54 22 with
625 1755 13 14 a
646 1741 2 38 j

48 1775 56 21 view
113 1777 22 18 to
144 1773 91 27 leaving
244 1772 57 22 their
310 1776 105 24 property
424 1773 23 21 in
459 1779 14 16 a
484 1773 73 22 desert
571 1776 66 26 state,

47 1801 46 22 and
106 1800 51 23 thus
170 1802 105 30 prevents
284 1799 111 27 injurious
404 1799 122 28 dispersion
534 1808 5 18 ;
554 1800 19 21 it
582 1800 55 28 also,

46 1828 31 28 by
87 1826 135 29 compelling
229 1833 67 20 every
303 1826 104 22 labourer
415 1830 22 18 to
445 1826 60 22 work
513 1828 35 20 for
555 1834 81 21 wages,

47 1854 58 23 until
113 1854 29 21 he
151 1854 41 21 has
201 1853 69 22 saved
284 1853 37 21 the
332 1853 54 28 only
395 1861 79 14 means
484 1854 26 21 of
520 1854 118 27 obtaining

47 1881 61 27 land,
118 1881 86 22 insures
219 1888 13 13 a
247 1880 80 27 supply
342 1880 27 21 of
379 1880 79 22 labour
471 1880 35 22 for
520 1880 56 23 hire.
605 1881 30 27 If,

47 1916 30 14 on
87 1908 37 22 the
134 1907 64 22 other
207 1906 68 27 hand,
291 1906 38 22 the
339 1907 61 27 price
409 1907 28 22 be
447 1911 40 18 not
497 1910 37 19 too
543 1907 61 27 high,
620 1908 18 22 it

48 1935 86 22 neither
143 1934 101 22 confines
253 1933 36 22 the
300 1934 88 21 settlers
403 1934 76 22 within
495 1941 13 14 a
522 1942 65 20 space
603 1935 35 22 in-

48 1961 159 28 conveniently
222 1967 94 20 narrow,
332 1967 42 15 nor
390 1960 53 23 does
457 1962 18 21 it
490 1965 95 23 prevent
599 1961 38 23 the

47 1989 78 27 thrifty
138 1988 106 22 labourer
257 1987 57 22 from
329 1987 119 27 becoming
463 1996 13 13 a
487 1988 148 27 land-owner,

44 2016 63 28 jafter
114 2014 101 26 working
224 2021 61 14 some
296 2014 55 21 time
360 2014 35 21 for
404 2021 80 19 wages.
539 2032 2 4 .
552 2030 6 7 ,
589 2030 6 4 .

308 2043 42 18 not
367 2047 62 14 more
449 2040 54 21 than
522 2040 114 21 sufficient

48 2067 61 27 price
119 2067 34 20 for
165 2065 30 22 all
209 2073 50 14 new
272 2066 62 27 land,
350 2066 19 21 is
384 2066 37 21 the
436 2067 62 21 main
512 2067 86 21 feature
614 2067 26 20 of

50 2093 37 22 the
106 2100 48 15 new
169 2095 83 24 system
268 2093 25 21 of
310 2093 156 22 colonization.
500 2093 22 22 It
537 2093 100 21 obviates

48 2127 68 20 every
127 2126 84 21 species
227 2119 27 21 of
265 2119 114 27 bondage;
399 2119 31 28 by
444 2120 119 27 providing
578 2127 60 14 com-

48 2147 89 21 binable
146 2146 85 27 labour,
243 2145 18 21 it
269 2146 91 21 renders
370 2145 102 28 industry
479 2154 54 20 very
542 2146 96 27 produc-

49 2174 52 26 tive,
111 2173 46 22 and
165 2172 120 23 maintains
295 2172 55 22 both
360 2173 53 26 high
429 2180 78 20 wages,
525 2173 45 21 and
584 2173 54 27 high

49 2201 87 27 profits;
158 2199 19 22 it
191 2199 78 22 makes
287 2199 39 22 the
344 2200 81 27 colony
442 2207 23 14 as
482 2200 116 21 attractive
615 2207 24 14 as

49 2227 102 27 possible,
166 2226 55 22 both
237 2230 22 17 to
275 2227 121 26 capitalists
411 2227 46 20 and
473 2230 21 18 to
509 2227 116 22 labourers
633 2235 5 18 ;

50 2254 45 22 and
104 2258 40 17 not
152 2253 86 27 merely
247 2256 23 18 to
279 2253 70 27 these,
362 2253 41 22 but
412 2253 54 27 also,
476 2254 30 27 by
516 2254 124 26 bestowing

50 2288 28 15 on
94 2281 36 22 the
141 2281 88 26 colony,
247 2280 35 21 the
294 2280 73 21 better
382 2280 117 22 attributes
514 2281 27 21 of
557 2287 28 14 an
602 2281 38 21 old

49 2308 90 27 society,
150 2310 22 19 to
181 2307 63 21 those
252 2307 50 21 who
309 2307 57 21 have
374 2314 14 14 a
395 2307 90 22 distaste
493 2307 34 22 for
534 2307 61 22 what
600 2307 41 22 has

49 2334 123 23 heretofore
182 2334 58 21 been
251 2333 37 22 the
303 2334 112 27 primitive
425 2334 115 22 condition
551 2334 27 22 of
588 2341 50 15 new

48 2361 103 22 oolonies.

76 2388 47 22 The
132 2390 62 25 gretit
204 2388 74 27 object
287 2387 26 22 of
324 2387 38 22 the
371 2388 60 28 price
442 2388 18 22 is
473 2391 23 19 to
509 2395 78 15 secure
602 2388 38 21 the

50 2418 58 19 most
117 2414 107 23 desirable
233 2415 142 27 proportions
384 2414 100 23 between
499 2414 80 29 people
594 2414 46 23 and

50 2442 54 21 land
110 2449 4 19 ;
129 2442 41 21 but
179 2441 37 22 the
226 2442 53 27 plan
289 2441 42 22 has
340 2442 38 22 the
385 2442 86 22 further
477 2442 71 22 result
556 2442 25 22 of
588 2449 52 21 pro-

50 2469 82 27 ducing
141 2476 13 14 a
164 2475 105 20 revenue,
285 2468 73 22 which
374 2468 45 23 will
433 2472 41 19 not
490 2469 54 27 only
558 2469 82 27 supply

50 2496 38 21 the
100 2495 102 29 requisite
216 2496 67 27 profit
297 2499 24 18 to
336 2496 37 21 the
389 2495 154 23 shareholders
558 2496 26 21 of
600 2496 38 21 the

50 2523 120 27 Company,
194 2522 43 22 but
258 2522 112 23 furnishes
392 2522 38 23 the
453 2530 79 15 means
550 2522 35 23 for
609 2530 29 14 an

52 2549 152 28 Immigration
216 2549 71 27 Fund,
288 2561 32 5 —
322 2557 13 14 a
341 2549 57 22 fund
405 2550 128 28 constantly
541 2550 98 28 applica-

50 2576 37 22 ble
102 2580 22 18 to
139 2576 38 22 the
193 2583 95 21 purpose
305 2576 28 21 of
344 2576 107 28 bringing
464 2577 79 22 labour
560 2581 23 18 to
600 2576 38 22 the

51 2604 78 26 colony
129 2616 31 4 —
161 2603 49 22 that
223 2603 26 27 is,
266 2603 25 22 in
308 2604 92 26 causing
418 2604 37 21 the
471 2604 51 22 best
539 2611 56 14 sort
616 2603 26 22 of

50 2630 146 22 colonization
206 2633 24 18 to
240 2630 96 27 proceed
345 2634 23 18 at
379 2631 37 22 the
429 2634 98 24 greatest
539 2630 98 28 possible

50 2660 53 19 rate.
131 2657 54 22 And
191 2656 46 23 this
243 2664 18 15 is
269 2657 37 22 the
315 2658 82 21 second
406 2658 87 22 feature
503 2658 27 22 of
540 2658 38 22 the
588 2665 50 14 new

50 2688 89 22 system.

77 2710 47 23 The
134 2711 151 27 employment
295 2711 27 22 of
337 2710 37 23 the
388 2711 210 28 purchase-money,
616 2718 24 15 or

51 2736 38 23 the
98 2738 106 28 principal
213 2740 51 26 part
273 2738 25 22 of
309 2738 24 26 it,
344 2738 23 22 in
379 2739 125 27 conveying
513 2738 88 23 settlers
616 2742 22 17 to

51 2764 37 22 the
98 2765 85 27 colony,
194 2764 41 23 has
245 2764 37 23 the
292 2765 115 27 following
416 2766 83 21 effects.
529 2766 24 21 It
562 2765 77 22 makes

50 2790 38 23 the
101 2792 131 26 purchasers
247 2792 26 21 of
287 2791 56 22 land
357 2799 36 15 see
408 2792 93 28 plainly,
517 2792 50 22 that
581 2792 59 21 their

50 2825 81 21 money
140 2818 45 22 will
194 2818 29 22 be
231 2818 108 22 returned
348 2818 23 23 in
386 2818 37 22 the
437 2819 69 28 shape
520 2819 26 21 of
560 2819 80 21 labour

51 2844 44 22 and
103 2845 137 27 population.
270 2845 22 22 It
301 2845 73 27 tends,
389 2846 23 21 in
422 2846 52 27 fact,
491 2849 22 18 to
522 2846 69 21 lower
601 2845 39 22 the

50 2878 116 20 necessary
184 2871 108 22 standard
310 2872 28 21 of
351 2872 68 26 price,
435 2872 103 27 because,
557 2872 55 21 with
627 2879 13 14 a

50 2902 103 19 constant
161 2898 74 21 influx
245 2898 25 21 of
280 2898 80 27 people
370 2901 23 19 to
402 2898 39 22 the
451 2899 88 27 colony,
548 2898 38 22 the
597 2898 43 22 due

49 2925 128 27 proportion
182 2925 102 21 between
291 2924 80 28 people
379 2925 44 21 and
429 2925 56 22 land
491 2933 52 19 may
550 2925 28 22 be
585 2925 55 27 kept

51 2959 29 20 up
89 2954 29 24 by
129 2959 14 14 a
150 2951 69 22 lower
228 2950 67 28 price,
308 2951 54 22 than
372 2952 21 21 if
404 2952 62 21 there
477 2959 57 14 were
543 2959 31 14 no
584 2951 56 22 such

50 2978 149 28 immigration
205 2994 6 5 .
228 2978 26 21 It
264 2978 111 22 therefore
381 2978 130 23 diminishes
519 2978 38 22 the
564 2978 78 28 period

52 3005 78 27 during
141 3005 71 22 which
223 3004 37 23 the
269 3005 105 22 labourer
388 3008 61 19 must
460 3005 61 22 work
535 3005 36 22 for
584 3005 56 27 hire,

52 3032 43 22 and
103 3032 31 28 by
143 3032 38 22 the
195 3032 64 27 rapid
273 3039 103 24 progress
390 3032 73 22 which
478 3033 18 21 it
509 3032 95 28 imparts
618 3035 22 18 to

52 3058 37 23 tlie
97 3059 48 22 best
154 3062 46 19 sort
209 3059 28 22 of
247 3059 156 27 colonization,
419 3059 19 22 it
452 3059 102 28 explains
570 3062 23 18 to
603 3058 38 22 the

52 3085 115 27 labouring
176 3086 57 22 class
244 3086 25 21 of
273 3086 149 27 immigrants,
434 3086 50 22 that
492 3093 67 20 every
567 3093 43 14 one
619 3086 26 21 of

53 3112 59 22 them
124 3112 50 22 who
190 3112 19 22 is
224 3112 136 23 industrious
378 3113 45 22 and
440 3113 85 27 thrifty,
543 3120 54 19 may
612 3113 28 21 be

51 3146 50 15 sure
110 3142 23 18 to
142 3139 101 31 become^
247 3142 40 19 not
301 3140 89 27 merely-
401 3147 30 15 an
447 3147 76 15 owner
532 3140 33 21 'of
578 3139 62 26 land,

52 3165 40 22 but
107 3165 46 21 also
169 3165 24 21 in
212 3164 36 22 his
266 3168 60 23 turn,
347 3173 29 14 an
397 3167 114 27 employer
530 3166 28 23 of
576 3166 66 23 hired

52 3191 119 27 labourers,
183 3199 14 14 a
205 3194 83 19 master
297 3192 28 21 of
335 3196 107 19 servants.

79 3219 66 21 From
155 3218 64 22 these
228 3218 181 28 considerations,
425 3220 38 22 the
473 3221 117 27 Company
599 3219 42 23 has

53 3245 95 27 adopted
167 3244 40 23 the
223 3252 61 15 same
301 3248 82 24 system
400 3246 26 21 of
442 3247 113 28 disposing
571 3247 27 22 of
612 3248 30 21 its

53 3276 65 18 waste
130 3272 73 27 lands,
219 3279 26 14 as
258 3271 41 22 has
314 3272 97 28 already,
416 3274 86 26 proved
516 3274 79 27 highly
607 3274 35 21 fa-

54 3299 103 22 vourable
172 3302 23 19 to
209 3298 40 22 the
261 3298 183 28 productiveness
459 3301 27 21 of
498 3300 106 28 industry
617 3300 23 22 in

54 3324 68 23 South
132 3325 121 23 Australia.
282 3325 29 22 In
322 3332 14 15 a
346 3333 49 14 new
407 3326 86 32 colony,
507 3327 97 32 planted
616 3328 25 21 in

54 3358 13 14 a
77 3352 69 22 fertile
157 3352 45 23 and
217 3352 117 22 extensive
347 3352 111 28 territory,
474 3356 18 19 it
505 3361 20 14 is
539 3354 101 27 obvious,

55 3378 46 22 that
118 3379 38 22 the
172 3379 171 22 establishment
358 3379 26 22 of
399 3379 56 22 such
470 3387 14 14 a
497 3384 84 23 system
595 3379 20 23 is
630 3388 14 14 a

57 3408 77 19 matter
148 3406 29 22 of
192 3406 41 22 the
247 3405 92 29 deepest
357 3409 101 18 moment
475 3409 21 18 to
515 3406 36 22 the
568 3407 74 22 future

57 3432 83 22 welfare
152 3434 27 21 of
191 3432 93 28 society.
418 3432 19 21 it
450 3432 38 22 the
501 3432 52 22 best
567 3433 76 22 effects

57 3464 49 21 may
115 3459 52 22 with
176 3460 132 22 confidence
317 3460 28 21 be
355 3458 137 28 anticipated
498 3467 5 13 :
519 3467 13 14 a
539 3463 105 18 constant

57 3484 42 22 and
108 3487 86 27 regular
204 3487 80 27 supply
295 3486 28 22 of
332 3493 51 15 new
391 3486 55 21 land
455 3486 25 21 in
494 3485 43 23 due
551 3493 93 21 propor-

54 3511 43 22 tion
108 3515 22 19 to
139 3513 38 22 the
195 3516 71 19 wants
276 3513 27 22 of
313 3521 14 14 a
335 3512 131 30 population
479 3512 127 28 increasing
617 3514 29 26 by

54 3537 68 24 births
132 3540 44 22 and
190 3540 151 27 immigration
348 3548 5 19 ;
372 3540 31 22 all
418 3540 38 21 the
471 3539 137 27 advantages
622 3543 23 18 to

55 3564 69 23 which
134 3566 101 23 facilities
245 3568 26 21 of
280 3570 115 24 transport
402 3566 45 22 and
454 3566 190 23 communication

56 3598 35 15 are
101 3593 101 22 essential
210 3602 6 18 ;
233 3594 110 26 certainty
357 3594 28 22 of
393 3593 77 27 limits,
487 3592 45 23 and
547 3593 98 27 security

56 3618 25 21 of
91 3618 46 23 title
146 3623 24 19 to
179 3624 105 24 property
294 3621 24 22 in
329 3615 57 28 land
392 3628 6 20 ;
414 3620 38 22 the
461 3622 99 25 greatest
572 3619 72 22 facili-

54 3645 39 22 ties
103 3653 27 14 on
141 3648 118 27 acquiring
266 3647 38 22 the
316 3648 43 21 due
370 3647 115 29 quantity;
500 3646 39 22 the
548 3649 99 24 greatest

54 3677 188 23 encouragement
254 3677 22 19 to
285 3674 153 28 immigration
449 3673 45 22 and
504 3673 140 27 settlement;

54 3698 43 22 and
112 3699 37 22 the
164 3704 59 18 most
236 3701 63 27 rapid
315 3709 102 23 progress
431 3700 28 22 of
475 3700 36 22 the
525 3700 84 28 people
621 3700 23 22 in

54 3726 100 22 material
163 3727 95 22 comfort
266 3728 47 22 and
322 3728 68 22 social

81 3758 47 22 The
137 3759 65 22 Land
213 3760 70 22 Office
300 3761 35 22 for
351 3761 62 23 Sales
428 3761 47 21 and
489 3759 120 23 Transfers
625 3759 19 22 is

54 3791 50 15 now
114 3793 56 20 open
182 3790 23 18 at
219 3787 54 21 Port
289 3787 132 28 Nicholson,
438 3787 46 23 and
500 3787 39 22 the
555 3786 56 22 land
625 3786 19 22 is

54 3811 48 21 sold
109 3811 23 22 in
139 3813 97 22 sections
242 3814 24 21 of
277 3816 43 20 100
326 3822 62 14 acres
396 3814 62 27 each,
468 3817 22 19 at
496 3814 31 22 £1
537 3821 40 20 per
585 3820 59 15 acre.

53 3837 48 22 The
115 3839 125 28 advantage
254 3840 26 23 of
294 3841 136 28 purchasing
444 3840 77 22 before
541 3840 38 22 the
597 3848 47 14 sur-

54 3871 53 20 veys
117 3872 37 14 are
163 3865 24 21 in
199 3873 14 14 a
226 3867 134 28 sufficiently
369 3867 96 23 forward
475 3870 56 19 stale
545 3870 22 18 to
578 3866 64 22 allow

55 3890 26 21 of
92 3890 129 24 immediate
234 3893 113 26 selection,
364 3895 24 26 is,
405 3895 49 21 tbat
468 3893 38 22 the
515 3893 95 28 priority
620 3893 24 22 of

54 3917 76 22 choice
148 3918 19 21 is
184 3920 93 21 secured
290 3920 23 22 in
332 3920 37 22 the
389 3921 65 21 order
472 3920 23 22 in
510 3920 75 22 which
604 3920 37 22 the

54 3944 138 25 registration
204 3945 26 21 of
240 3945 37 23 the
288 3947 107 26 purchase
405 3948 19 21 is
434 3947 72 23 made.

84 3970 50 22 Port
144 3971 129 28 Nicholson,
289 3973 60 26 April
362 3975 33 24 14,
405 3975 62 21 1840.

703 421 116 21 UNION
833 422 99 20 BANK
948 422 42 20 OF
1005 420 219 22 AUSTRALIA.

668 454 94 22 London
782 454 92 28 Office,
891 454 43 22 No.
951 456 34 25 38,
1004 455 49 21 Old
1069 454 184 22 Broad-street.

721 507 95 28 Capital,
826 508 123 27 £500,000;
969 508 52 28 paid
1030 515 36 21 up,
1082 508 117 27 £300,000.

898 560 114 23 Directors
1019 569 6 14 :

722 587 90 27 George
821 586 49 23 Fife
880 587 86 28 Angas,
977 588 60 28 Esq.,

721 613 87 22 Robert
818 614 90 27 Brooks,
920 614 62 32 Esq.,

721 640 79 22 James
809 640 62 22 John
881 640 123 28 Cummins,
1014 642 60 26 Esq..

720 667 87 22 Robert
817 667 122 28 Gardener,
951 668 60 27 Esq.,
1023 667 150 28 Manchester,

721 693 62 22 John
795 694 68 26 Gore,
875 694 59 28 Esq.,

721 720 92 21 Charles
823 720 108 31 Hindley,
943 720 59 27 Esq.,
1014 720 69 28 M.P.,

720 746 120 28 Benjamin
852 746 26 22 E.
889 747 81 27 Lindo,
977 748 60 27 Esq.,

721 773 93 22 Charles
824 772 95 23 Edward
927 773 110 28 Mangles,
1049 773 62 28 Esq.,

720 799 146 28 Christopher
875 800 103 27 Rawson,
989 800 59 28 Esq.,
1059 800 104 28 Halifax,.

720 826 100 22 Thomas
830 826 77 27 Sands,
919 827 61 28 Esq.,
991 826 126 29 Liverpool,

722 853 77 22 James
809 852 70 28 Bogle
889 853 80 27 Smith,
978 854 60 28 Esq.,

722 880 78 22 James
810 880 96 22 Ruddell
915 880 71 28 Todd,
997 880 52 28 Esq.

666 913 105 23 Trustees
779 922 6 13 :
810 914 96 22 George
925 915 65 21 Carr
1013 915 75 27 Glyn,
1112 914 59 27 Esq.,
1192 913 63 22 John

704 940 75 27 Gore,
790 940 61 27 Esq.,
867 940 45 22 and
920 941 77 21 James
1007 940 22 22 J.
1041 941 116 26 Cummins,
1168 939 76 29 Esqf**
1261 957 6 4 .

668 974 101 22 Bankers
777 982 5 13 :
807 974 91 22 Messrs.
924 974 75 27 Glyn,
1022 974 130 27 Hallifax,
1173 974 82 26 Mills,

914 1000 47 22 and
973 1002 39 21 Co.

751 1035 117 26 Secretary
877 1042 5 14 :
898 1035 101 24 Samuel'
1002 1035 111 27 Jackson,
1123 1035 53 28 Esq.

703 1068 104 22 Colonial
818 1068 116 28 Inspector
941 1076 5 14 :
962 1068 22 22 J.
995 1069 24 22 C.
1030 1068 124 28 M'Laren,
1169 1068 50 28 Esq.

791 1122 70 21 New
879 1122 122 21 Zealand
1019 1123 115 21 Branch.

669 1155 66 23 Local
746 1155 116 23 Directors
870 1163 4 14 :
891 1155 58 23 Geo.
961 1157 21 21 S.
993 1156 84 27 Evans,
1091 1157 61 27 Esq.,
1165 1156 91 27 D.C.L.,

731 1179 149 27 Ed.w.'^Betts
890 1182 103 28 Hopper,
1006 1183 59 28 Esq.,
1080 1183 45 22 and
1136 1183 56 22 Geo.

879 1209 109 28 Hunter,
999 1210 51 28 Esq.

668 1243 111 27 Manager
787 1251 6 13 :
809 1243 63 22 John
883 1244 83 27 Smith,
977 1244 60 27 Esq.,
1051 1243 47 22 late
1109 1244 25 21 of
1146 1243 36 22 the
1192 1244 66 21 Com-

717 1270 93 22 mercial
819 1270 67 22 Bank
895 1270 26 21 of
932 1270 112 28 England,
1054 1270 152 22 Manchester.

778 1303 114 23 Branches
902 1307 24 19 at
942 1304 97 27 Sydney,

944 1331 88 22 Hobart
1040 1331 77 27 Town,

945 1358 148 27 Launceston,
1106 1357 44 22 and

943 1385 54 21 Port
1007 1384 80 28 Philip.

668 1419 54 21 Port
729 1418 133 28 Nicholson,
873 1418 81 22 March
964 1419 33 26 24,
1009 1420 60 20 1840.

668 1472 92 34 npHE
777 1472 115 22 Directors
908 1472 27 22 of
952 1472 45 32 the^
1006 1472 55 22 New
1078 1472 100 22 Zealand
1192 1472 66 21 Land

674 1494 30 27 JL
743 1499 118 28 Company
875 1499 85 27 hereby
976 1498 50 27 give
1042 1499 82 26 notice,
1134 1499 55 27 ,that
1204 1499 53 27 they

666 1526 59 22 have
732 1534 114 14 effected
857 1534 30 13 an
897 1533 171 15 arrangf.ment
1077 1522 97 26 withfthe
1181 1525 77 22 Union

667 1553 65 22 Bank
746 1553 26 21 of
790 1553 119 26 Australia,
927 1553 44 21 No.
988 1554 34 25 38,
1037 1553 45 21 Old
1099 1552 157 26 Broad-street,

668 1580 102 27 London,
782 1580 36 22 for
826 1579 39 22 the
877 1579 168 22 establishment
1058 1579 26 22 of
1099 1586 13 15 a
1128 1579 130 22 BRANCH

667 1607 89 21 BANK
771 1607 36 21 IN
821 1606 71 22 NEW
907 1606 158 27 ZEALAND,
1080 1606 96 27 through
1185 1606 73 22 which

668 1633 37 22 the
714 1633 103 22 business
830 1633 27 21 of
870 1633 36 22 the
926 1633 57 22 New
998 1633 102 21 Zealand
1112 1633 64 21 Land
1193 1633 66 21 Com-

666 1667 61 20 pany
736 1661 46 21 will
791 1661 28 21 be
830 1659 134 23 transacted.
992 1659 47 22 The
1054 1659 115 22 Directors
1183 1659 76 22 there-

667 1692 46 16 fore
724 1687 146 22 recommend
879 1691 21 17 to
919 1687 110 21 Colonists
1045 1686 38 22 the
1103 1686 72 22 Union
1192 1686 66 22 Bank

668 1714 26 21 of
712 1713 116 23 Australia
846 1722 23 13 as
887 1721 29 15 an
943 1713 169 22 establishment
1133 1713 126 28 possessing

668 1741 57 21 their
741 1741 71 21 entire
836 1741 137 26 confidence,
993 1740 45 22 and
1057 1740 51 22 able
1127 1743 22 18 to
1167 1739 92 27 provide

668 1767 127 28 effectually
811 1767 35 22 for
861 1767 37 22 the
913 1767 106 22 financial
1033 1770 72 18 wants
1122 1767 25 21 of
1159 1766 35 22 the
1210 1767 50 21 first

668 1794 134 22 settlement.

839 1821 34 28 By
884 1821 65 21 order
959 1820 25 22 of
993 1820 39 22 the
1041 1820 81 27 Board,

915 1854 85 23 JOHN
1014 1854 105 27 WARD,
1136 1854 123 28 Secretary.

668 1888 56 22 New
734 1889 101 21 Zealand
845 1888 63 22 Land
919 1889 134 27 Company's
1065 1888 78 27 Office,

695 1917 20 25 1,
726 1915 160 27 Adam-street,
898 1915 105 28 Adelpni,
1013 1915 53 22 27th
1077 1915 68 27 Aug.,
1157 1917 35 19 183
1192 1917 24 19 D.

866 1969 198 21 SEMINARY.

667 2002 93 47 MR.
783 2002 103 21 GRACE
905 2002 91 21 intends
1018 2005 21 18 to
1062 2009 58 19 open
1145 2009 12 14 a
1180 2002 80 22 Public

759 2028 83 22 School
851 2028 44 21 and
905 2028 114 26 Boarding
1032 2027 238 27 EstaMishmcntp^SßS

667 2054 61 28 early
745 2061 24 14 as
785 2054 96 27 possible
898 2054 57 21 after
973 2054 36 21 the
1031 2054 129 21 settlement
1175 2054 25 20 of
1218 2053 39 22 the

668 2081 110 27 township
793 2084 23 18 at
839 2080 128 21 Thorndon.
1008 2080 27 21 In
1050 2080 94 27 making
1160 2080 41 21 this
1218 2087 42 14 an-

666 2111 153 18 nouncement
826 2111 23 17 to
858 2107 35 21 the
901 2107 146 26 community,
1055 2107 46 21 Mr.
1108 2107 27 20 G.
1145 2106 112 22 considers

666 2134 19 21 it
694 2134 34 21 his
738 2133 56 28 duty
804 2138 22 17 to
837 2137 54 18 state
902 2134 50 21 that
966 2134 23 21 in
1007 2133 35 22 the
1059 2136 159 23 management
1235 2134 27 20 of

668 2160 45 21 this
722 2161 125 27 Seminary,
864 2160 28 21 he
902 2160 47 21 will
961 2160 126 27 constantly
1098 2160 127 21 endeavour
1237 2164 22 17 to

668 2187 26 22 fit
703 2187 70 27 youth
784 2188 34 21 for
828 2187 37 22 the
875 2187 101 22 business
985 2187 26 21 of
1021 2187 38 22 life
1068 2195 5 19 ;
1090 2187 44 21 and
1145 2190 21 18 to
1172 2187 86 21 furnish

669 2214 63 21 those
741 2214 110 22 intended
860 2214 34 23 for
904 2214 37 21 the
952 2214 90 21 learned
1054 2213 134 28 professions
1205 2213 55 22 with

669 2241 37 21 the
722 2241 135 21 instruction
873 2244 143 24 preparatory
1033 2244 22 18 to
1073 2248 14 14 a
1100 2248 61 14 more
1174 2241 86 26 profes-

668 2268 72 21 sional
759 2268 125 21 education.
919 2268 43 21 His
978 2268 48 21 first
1040 2268 76 26 object
1132 2267 43 22 will
1191 2267 28 22 be
1237 2270 23 19 to

671 2295 66 21 make
748 2294 63 22 them
828 2294 49 22 well
892 2294 135 28 acquainted
1042 2294 56 21 with
1113 2294 37 21 the
1166 2294 94 27 English

670 2322 120 27 language,
810 2321 53 22 with
884 2322 29 21 its
934 2321 150 27 orthography
1103 2321 45 22 and
1169 2324 90 24 syntax,

671 2349 46 21 and
743 2348 55 22 with
826 2348 38 22 the
889 2348 108 27 meaning
1021 2348 45 22 and
1093 2347 121 22 derivation
1237 2348 26 21 of

672 2375 78 22 words.
787 2375 45 22 For
847 2375 42 22 this
905 2381 102 21 purpose,
1030 2374 38 22 the
1085 2374 72 28 pupils
1172 2374 44 22 will
1232 2375 28 22 be

672 2402 133 28 questioned
812 2409 62 21 upon
884 2409 68 20 every
962 2402 63 26 thing
1039 2401 76 22 which
1130 2402 53 28 they
1197 2401 61 27 read,

670 2429 47 22 and
725 2430 106 27 required
839 2432 23 19 to
872 2432 56 19 state
938 2428 57 22 their
1009 2429 143 27 conceptions
1167 2428 25 22 of
1202 2428 19 22 it
1235 2428 25 22 in

670 2456 59 22 their
738 2463 52 15 own
799 2456 118 27 language.
948 2456 20 22 A
978 2455 86 28 weekly
1079 2455 93 27 English
1185 2455 75 22 theme

670 2483 45 22 will
721 2483 28 22 be
757 2483 127 28 prescribed
889 2487 23 18 to
920 2482 38 22 the
965 2489 61 15 more
1033 2482 117 22 advanced
1155 2482 103 28 scholars,

668 2517 62 21 upon
739 2517 63 15 some
812 2510 87 27 subject
916 2510 25 21 in
952 2509 85 28 history
1054 2517 26 14 or
1095 2517 102 14 common
1211 2509 48 27 life,

669 2544 24 15 as
703 2545 29 14 an
743 2537 100 22 exercise
852 2538 24 21 in
894 2536 153 27 composition.
1077 2536 94 28 English
1185 2543 75 20 gram-

668 2571 51 15 mar
727 2564 46 21 will
783 2564 28 21 be
821 2564 78 28 taught
908 2563 75 22 rather
992 2564 30 27 by
1032 2564 161 26 conversation,
1204 2563 56 22 than

668 2591 31 27 by
709 2591 142 27 committing
859 2591 60 22 rules
929 2594 23 18 to
960 2597 109 21 memory.
1099 2590 44 22 Mr.
1150 2590 26 21 G.
1185 2590 75 22 would

668 2618 105 22 consider
788 2618 92 21 himself
896 2625 25 14 as
937 2621 40 18 not
996 2617 68 28 doing
1084 2617 81 27 justice
1183 2620 23 18 to
1225 2616 35 23 his

668 2645 80 28 pupils,
760 2652 57 15 even
828 2648 23 18 to
860 2645 63 22 those
936 2644 49 22 who
996 2644 89 22 confine
1094 2644 133 21 themselves
1236 2647 23 18 to

668 2679 30 14 an
715 2672 107 28 ordinary
835 2671 94 27 English
940 2672 124 26 education,
1083 2670 21 22 if
1120 2670 30 22 he
1165 2670 38 22 did
1220 2674 40 18 not

670 2699 129 22 endeavour
808 2698 81 28 during
899 2698 39 22 the
947 2698 71 23 whole
1028 2705 78 14 course
1116 2701 24 18 to
1150 2698 82 27 impart
1247 2705 13 14 a

669 2726 133 27 knowledge
812 2726 27 21 of
849 2725 37 22 the
903 2726 56 21 facts
974 2726 25 21 in
1013 2724 89 23 natural
1117 2724 141 28 philosophy,

669 2755 138 25 astronomy,
832 2752 126 27 chemistry,
983 2755 114 24 anatomy,
1121 2751 137 28 physiology,

670 2780 46 21 and
724 2780 91 21 natural
824 2779 93 27 history,
928 2778 72 23 which
1011 2786 36 14 are
1058 2778 38 22 the
1112 2782 57 18 most
1185 2785 75 14 essen-

670 2806 39 22 tial
719 2809 23 19 to
753 2806 58 22 their
819 2806 103 28 physical
932 2806 50 21 well
991 2806 73 26 being,
1081 2805 45 22 and
1135 2804 71 23 which
1216 2804 45 22 will

669 2841 68 23 prove
753 2841 15 14 a
782 2840 78 15 source
875 2832 35 22 of'
920 2832 114 28 agreeable
1051 2832 97 27 thought
1163 2832 24 21 in
1204 2832 57 22 after

669 2860 46 21 life.
752 2860 29 21 In
799 2859 104 27 teaching
919 2859 134 28 geography,
1073 2866 63 15 more
1152 2859 108 22 attention

670 2886 45 22 will
723 2886 29 22 be
762 2886 54 31 paid
825 2889 22 18 to
858 2886 37 21 the
905 2886 91 27 animal,
1007 2886 101 27 mineral,
1119 2886 43 21 and
1172 2888 89 25 vegeta-

670 2913 37 21 ble
715 2910 106 30 products
832 2912 26 22 of
869 2913 55 21 each
934 2916 100 24 country,
1046 2912 47 22 and
1106 2916 23 18 to
1145 2912 36 22 the
1197 2919 64 15 man-

670 2947 52 14 ners
732 2940 47 21 and
788 2943 96 18 customs
894 2940 27 21 of
931 2940 28 21 its
974 2938 144 29 inhabitants,
1136 2938 53 23 than
1199 2942 24 19 to
1232 2939 28 22 its

672 2966 146 28 topography.

700 2992 103 27 Writing,
815 2992 133 27 arithmetic,
959 2992 44 22 and
1015 2992 155 22 mathematics
1179 2992 46 22 will
1233 2992 28 21 be

671 3020 80 26 taught
767 3019 119 27 according
905 3022 23 19 to
943 3019 38 22 the
997 3019 119 27 principles
1135 3018 71 23 which
1223 3026 38 15 ex-

671 3047 107 26 perience
786 3046 41 22 has
835 3046 86 28 proved
930 3049 22 18 to
961 3046 29 21 be
1005 3046 38 21 the
1059 3049 60 18 most
1134 3046 126 22 successful.

672 3073 29 22 In
711 3073 37 22 the
766 3073 100 22 classical
882 3072 146 32 department,
1046 3072 67 23 while
1129 3079 66 21 every
1210 3079 51 21 por-

671 3100 48 22 tion
733 3100 27 21 of
770 3107 112 20 grammar
895 3099 46 22 will
953 3100 86 21 receive
1058 3100 29 21 its
1103 3100 43 21 due
1241 3099 26 22 of

671 3127 119 27 attention,
802 3134 67 25 every
879 3133 78 16 means
966 3126 45 23 will
1022 3127 31 21 be
1061 3126 117 28 employed
1187 3129 24 18 to
1220 3126 48 21 im--

670 3156 51 25 part
729 3157 25 18 to
763 3154 39 21 the
812 3154 72 27 pupils
894 3154 56 21 such
960 3161 14 14 a
983 3153 132 27 knowledge
1125 3152 75 23 ofthe
1209 3159 54 16 con-

672 3181 53 22 duct
741 3180 27 22 of
785 3180 38 22 the
842 3183 64 24 great
924 3187 52 14 men
995 3180 25 22 of
1040 3180 118 28 antiquity,
1179 3179 25 22 of
1225 3179 38 22 the

672 3207 104 27 opinions
787 3208 26 21 of
823 3207 29 22 its
861 3206 159 29 philosophers,
1034 3206 48 22 and
1092 3207 25 22 of
1128 3208 37 20 the
1174 3206 88 22 routine

672 3234 27 22 of
714 3234 30 22 its
763 3234 105 28 ordinary
886 3234 46 26 life,
948 3241 23 14 as
990 3233 44 22 will
1053 3236 41 19 not
1110 3234 63 21 leave
1192 3233 69 26 them,

672 3260 66 23 when
748 3261 96 28 perhaps
853 3260 79 28 nearly
941 3260 29 22 all
980 3260 38 21 the
1026 3263 70 19 terms
1106 3260 27 22 of
1143 3260 36 22 the
1188 3259 75 23 Greek

672 3288 46 22 and
727 3288 68 22 Latin
804 3288 59 22 have
872 3287 69 22 faded
949 3287 58 22 from
1016 3286 59 23 their
1084 3287 123 22 memories.

700 3315 45 22 Mr.
758 3315 73 22 Grace
840 3314 19 22 is
868 3321 73 15 aware
958 3314 27 21 of
994 3314 38 21 the
1049 3314 108 27 difficulty
1173 3314 28 21 he
1219 3312 45 23 will

673 3345 124 19 encounter
814 3342 59 21 from
892 3342 39 21 the
950 3344 60 19 want
1027 3341 27 22 of
1075 3341 120 22 assistants.
1225 3340 37 21 He

672 3368 46 22 will
727 3369 129 21 endeavour
865 3371 22 19 to
897 3368 72 22 lessen
979 3368 43 22 this
1032 3368 24 21 in
1063 3367 40 22 the
1109 3367 47 22 first
1161 3368 102 21 instance

672 3395 31 27 by
713 3399 159 23 arrangement
878 3403 5 19 ;
900 3394 46 23 and
955 3394 64 23 when
1028 3394 30 23 he
1069 3401 42 15 can
1124 3401 93 21 procure
1227 3392 37 22 the

673 3422 38 22 aid
720 3422 26 21 of
758 3425 128 25 competent
894 3429 99 25 persons,
1005 3421 27 22 he
1042 3421 47 22 will
1105 3421 57 22 avail
1174 3419 93 23 himself

674 3448 28 22 of
711 3449 24 27 it,
754 3449 115 27 confining
883 3448 94 22 himself
993 3451 23 19 to
1032 3455 14 14 a
1059 3447 92 28 general
1164 3446 101 28 superin-

673 3476 113 21 tendence
793 3476 26 21 of
829 3476 37 22 the
874 3474 175 28 establishment,
1058 3474 45 23 and
1112 3477 22 19 to
1142 3474 36 22 the
1185 3473 80 27 higher

674 3502 113 22 branches
797 3502 27 22 of
835 3502 125 22 education.

703 3529 21 21 A
736 3529 64 22 small
809 3530 89 27 portion
910 3529 26 21 of
946 3528 37 23 the
993 3528 119 28 scriptures
1122 3527 44 22 will
1174 3525 91 24 beread

675 3555 68 28 daily,
750 3563 62 20 upon
820 3556 72 22 wliich
900 3555 38 22 the
944 3555 100 22 students
1051 3554 45 23 will
1102 3555 28 21 be
1138 3552 125 27 examined,

675 3582 47 22 and
737 3589 61 21 upon
819 3582 98 28 Sunday,
937 3582 37 21 the
992 3582 73 28 pupils
1084 3581 72 22 whose
1174 3582 91 26 parents

674 3608 56 23 wish
739 3609 25 27 it,
776 3609 45 22 will
830 3609 28 22 be
867 3608 118 23 convened
992 3608 80 23 l>efore
1088 3607 74 22 divine
1171 3606 92 26 service,

674 3634 36 23 for
719 3635 39 22 the
775 3643 96 24 purpose
884 3636 27 21 of
924 3636 114 27 repeating
1054 3635 39 21 the
1108 3634 82 22 church
1205 3635 60 20 cate-

675 3661 71 22 chism
757 3662 45 22 and
811 3662 38 22 the
859 3662 80 22 collect
947 3663 35 21 for
991 3662 38 22 the
1039 3662 52 26 day.

703 3689 22 21 A
734 3689 91 27 printed
834 3697 56 20 copy
907 3689 27 21 of
948 3688 45 23 Mr.
1012 3688 92 23 Grace's
1119 3685 146 24 testimonials

674 3722 54 20 may
742 3715 31 22 be
786 3723 53 14 seen
855 3719 23 18 at
892 3716 39 22 the
946 3715 64 22 office
1026 3716 27 21 of
1067 3714 44 22 this
1122 3720 74 22 paper.
1227 3712 37 21 He

674 3741 41 22 has
725 3742 69 22 much
804 3742 101 28 pleasure
920 3742 25 22 in
959 3742 142 26 mentioning
1116 3737 48 25 that
1178 3739 29 22 he
1223 3738 42 22 has

675 3768 77 22 shown
764 3768 61 22 them
834 3771 23 20 to
866 3769 42 22 Dr.
919 3769 82 27 Evans,
1016 3768 53 21 who
1081 3766 116 28 expressed
1206 3765 58 22 him-

674 3794 45 23 self
730 3795 106 28 satisfied,
852 3796 60 21 from
926 3795 34 22 his
974 3794 132 26 knowledge
1123 3793 27 22 of
1163 3799 62 17 some
1242 3791 26 22 of

674 3821 38 22 the
722 3822 130 26 gentlemen
861 3822 52 22 who
921 3822 58 21 have
988 3820 117 23 furnished
1113 3820 67 21 them.
1203 3832 33 3 ■■--

886 3875 165 25 WANTED,

675 3909 165 50 SEVERAL
863 3909 154 23 SAWYERS.
1056 3907 77 28 Apply
1148 3909 21 19 to
1185 3905 26 23 T.
1229 3905 32 23 M.

740 3937 135 22 Partridge
886 3937 45 22 and
941 3937 40 22 Co.

700 3972 64 27 April
777 3973 33 26 11,
821 3973 61 21 1810.

1287 422 220 47 STATIONERY
1535 423 61 22 FOR
1626 424 86 27 SALE,
1741 423 42 22 AT
1809 424 65 21 THE

1375 449 142 23 GAZETTE
1555 450 108 22 OFFICE
1670 458 39 13 :—

1426 490 137 16 WHOLESALE
1577 491 46 15 AND
1638 491 91 15 RETAIL.

1313 515 56 22 Fine
1378 515 46 22 laid
1432 520 55 24 pott,

1291 556 3 6 ,
1314 541 55 23 Fine
1378 543 61 22 thick
1448 550 63 15 wove
1522 546 77 25 quarto
1609 546 55 25 post,

1313 567 63 24 Ditto
1431 569 55 22 ditto
1520 574 77 18 octavo
1608 572 43 25 do.,

1314 595 116 28 Superfine
1437 603 64 15 wove
1511 600 77 24 quarto
1599 597 56 22 satin
1664 600 57 25 post,

1314 621 63 24 Ditto
1432 623 55 22 ditto
1514 627 79 18 octavo
1603 624 62 27 ditto,

1300 658 2 3 •
1313 648 64 23 Ditto
1387 649 47 22 thin
1443 650 46 21 laid
1500 654 78 21 quarto
1587 650 63 28 ditto,

1314 675 63 23 Ditto
1432 676 55 23 ditto
1499 680 77 19 Octavo
1586 677 62 27 ditto,

1315 702 115 28 Superfine
1441 704 62 27 large
1517 704 48 22 thin
1579 703 52 23 blue
1648 711 62 15 wove
1723 706 79 26 quarto
1815 706 55 24 post,

1287 730 108 27 stamped,

1314 756 115 27 Superfine
1437 757 47 22 laid
1493 757 106 28 foolscap,

1315 783 72 27 Large
1397 784 47 21 thin
1454 788 80 24 quarto
1543 788 56 24 post,

1313 809 60 23 Note
1381 818 75 20 paper,

1304 838 3 6 '
1314 836 80 23 Brown
1403 845 75 20 paper,
1486 838 101 28 imperial
1597 845 56 20 cap.,

1315 863 47 27 Bag
1371 864 61 28 ditto,

1315 889 63 23 Kent
1387 890 60 28 ditto,

1315 917 70 27 Royal
1395 917 68 28 hand,

1315 943 98 22 Lumber
1422 944 62 28 ditto,

1314 969 56 24 Blue
1380 971 72 27 demy,

1314 996 74 28 Demy
1395 998 98 27 blotting
1498 1006 75 20 paper,

1315 1023 87 22 Double
1411 1033 80 19 crown,

1315 1051 69 22 Small
1393 1051 65 29 hand,

1317 1077 84 28 Crown,

1315 1104 73 22 Blank
1398 1105 69 27 cards,

1316 1131 147 23 Memoranda
1472 1132 78 28 books,
1878 1141 3 15 ;

1315 1158 46 23 Pen
1371 1159 95 27 holders,
1478 1160 69 21 wafer
1557 1162 89 24 stamps,
1654 1158 53 23 lead
1716 1158 92 28 pencils,
1819 1158 56 21 slate

1289 1184 60 28 ditto,
1368 1186 64 22 India
1451 1186 89 27 rubber,
1559 1186 85 26 sealing
1662 1193 57 19 wax,
1739 1186 63 21 office
1820 1192 56 20 pen-

1287 1212 86 28 knives,
1384 1214 39 21 &c.
1434 1213 41 22 &c.
1487 1214 40 21 &c.

1320 1267 237 22 COMMERCIAL
1572 1268 66 20 INN
1653 1268 21 19 &
1689 1266 157 21 TAVERN.

1290 1307 89 48 MR.
1390 1308 35 21 W.
1436 1308 124 21 ELSDON
1566 1308 54 27 begs
1627 1311 22 18 to
1656 1307 83 22 inform
1747 1307 34 21 his
1791 1306 84 22 friends

1361 1334 45 23 and
1411 1334 37 22 the
1457 1335 82 27 public,
1547 1335 48 22 that
1600 1335 37 21 the
1644 1335 71 21 above
1722 1334 70 21 house
1799 1334 18 21 is
1825 1341 50 14 now

1289 1368 63 20 open,
1364 1362 44 21 and
1413 1362 82 32 parties
1500 1362 102 26 favoring
1608 1362 46 21 him
1660 1361 54 22 with
1722 1361 58 21 their
1785 1364 90 24 patron-

1289 1394 40 20 age
1346 1388 44 22 will
1408 1388 47 22 find
1475 1396 68 20 every
1559 1388 191 22 accommodation
1769 1388 33 20 for
1817 1386 59 23 their

1289 1414 99 28 Comfort,
1397 1415 94 27 coupled
1501 1415 53 22 with
1564 1415 139 22 moderation
1713 1415 23 21 in
1747 1414 99 27 charges.

1276 1451 7 10 f
1315 1448 83 27 Wines,
1409 1449 80 28 spirits,
1501 1449 46 22 and
1555 1449 84 22 bottled
1653 1449 35 22 ale
1704 1448 45 22 and
1764 1451 74 25 porter
1853 1447 26 22 of

1291 1475 110 24 excellent
1409 1476 94 27 quality.

1316 1509 54 22 Cold
1381 1510 70 27 joints
1460 1510 83 28 always
1552 1510 76 27 ready.

1316 1544 102 22 Genuine
1433 1545 96 26 English
1543 1544 81 22 cordial
1635 1544 47 27 gin.

1315 1578 123 22 Harmonic
1448 1579 111 26 meetings
1574 1586 66 20 every
1651 1578 110 28 Saturday
1773 1578 102 27 evening.

1289 1632 61 22 THE
1374 1634 89 22 FIRST
1486 1633 81 23 SHOP
1590 1633 126 23 OPENED
1741 1633 35 21 IN
1797 1633 80 22 PORT

1487 1661 190 21 NICHOLSON.

1331 1694 56 22 The
1402 1695 144 21 Britannia
1561 1695 83 21 Hotel
1660 1696 55 19 and
1733 1694 98 21 Stores.

1290 1736 35 47 J
1359 1735 111 23 PIERCE
1486 1736 55 27 begs
1558 1739 22 19 to
1597 1736 82 22 inform
1693 1736 35 21 his
1738 1736 85 21 friends
1832 1739 45 18 and

1329 1773 10 11 •
1356 1762 38 21 the
1403 1763 83 27 public,
1497 1764 49 21 that
1555 1764 33 21 his
1597 1764 74 21 Stores
1679 1771 37 14 are
1724 1771 50 14 now
1783 1763 92 27 opened,

1290 1789 43 22 and
1343 1789 49 22 that
1399 1790 30 27 by
1439 1791 109 21 attention
1560 1790 44 22 and
1618 1790 110 27 diligence
1738 1790 28 22 he
1776 1790 68 27 hopes
1856 1793 21 18 to

1290 1816 65 22 merit
1364 1816 56 23 their
1428 1820 131 24 patronage.

1316 1851 21 21 J.
1348 1851 150 28 PiEßCE^begs
1508 1854 24 19 to
1541 1851 83 22 submit
1637 1851 37 22 the
1685 1851 114 26 following
1808 1851 38 21 list
1856 1851 25 21 of

1290 1877 69 28 goods
1366 1886 5 14 :
1373 1890 31 4 —

1293 1933 3 5 ,
1318 1913 116 21 Groceries
1444 1912 26 22 of
1482 1912 30 22 all
1521 1912 74 22 kinds.

1317 1940 78 26 Bread,
1406 1940 64 26 flour,
1482 1940 46 21 and
1537 1940 86 21 biscuit.

1317 1967 83 26 Spirits,
1418 1967 76 26 wines,
1512 1966 34 22 ale
1565 1966 45 22 and
1625 1969 82 24 porter,
1724 1966 24 21 in
1766 1966 51 21 cask
1834 1966 43 22 and

1291 1993 75 23 bottle.

1292 2026 16 13 •«
1309 2023 8 10 i:
1317 2020 61 20 York
1385 2020 43 20 and
1435 2018 209 28 Wostphajia.hams
1646 2035 10 11 r
1660 2018 90 28 in.good
1757 2020 120 22 condition.

1317 2045 174 27 Haberdashery
1501 2045 27 21 of
1539 2045 28 21 all
1576 2044 74 23 kinds.

1319 2071 162 27 Ironmongery
1491 2071 45 22 and
1545 2071 92 27 cutlery.

1317 2098 63 22 Nails
1390 2098 70 22 direct
1469 2098 58 21 from
1536 2098 38 21 the
1583 2098 118 22 Britannia
1710 2098 85 23 works.,

1316 2132 21 22 J.
1355 2126 84 28 Pierce
1454 2132 70 27 hopes
1534 2131 47 21 that
1591 2132 37 21 the
1642 2132 143 27 competitive
1794 2134 81 25 system

1291 2159 24 21 of
1327 2159 91 31 puffing,
1430 2166 24 14 so
1464 2159 69 21 much
1543 2159 110 26 practised
1663 2159 23 21 in
1697 2158 36 22 the
1749 2159 38 21 old
1801 2159 74 26 world,

1291 2186 43 21 will
1350 2194 68 13 never
1434 2186 28 21 be
1479 2185 132 22 introduced
1627 2187 23 20 in
1668 2185 44 22 this
1728 2186 98 27 Colony;
1849 2185 27 22 he

1291 2213 108 21 therefore
1409 2213 95 21 refrains
1513 2213 56 21 from
1581 2213 144 26 introducing
1739 2213 77 27 prices,
1834 2213 45 21 and

1291 2240 83 27 merely
1384 2240 81 21 invites
1476 2247 13 14 a
1499 2239 56 22 trial.
1573 2253 3 3 •

1317 2274 54 22 Port
1380 2274 132 27 Nicholson,
1524 2274 64 27 April
1599 2275 31 26 13,
1642 2275 63 21 1840.

1290 2332 91 21 PORT
1399 2332 200 21 NICHOLSON
1618 2332 157 24 TAVERN,
1794 2332 84 20 EAT-

1322 2359 65 21 ING
1400 2359 124 25 HOUSE,
1539 2360 21 20 &
1574 2359 132 21 COFFEE
1721 2359 125 21 ROOMS.

1291 2401 35 47 J
1354 2400 106 21 ALLEN
1478 2400 55 27 begs
1548 2402 22 19 to
1585 2399 83 22 inform
1684 2399 35 21 his
1734 2399 86 21 friends
1834 2399 45 21 and

1330 2438 10 10 •
1373 2427 36 22 the
1418 2427 83 27 public,
1519 2427 47 21 that
1575 2426 29 22 he
1614 2426 40 22 has
1664 2426 88 27 opened
1761 2425 37 23 the
1808 2426 71 22 above

1291 2453 75 28 house,
1378 2457 54 18 next
1442 2454 55 21 door
1507 2457 22 18 to
1540 2453 45 22 Mr.
1600 2453 22 22 J.
1637 2453 99 27 Telford,
1752 2453 45 21 and
1810 2453 69 27 hopes

1291 2481 29 27 by
1329 2481 63 21 strict
1400 2481 111 21 attention
1522 2484 21 18 to
1554 2483 59 19 meet
1626 2480 54 21 with
1690 2488 13 14 a
1713 2480 64 22 share
1788 2480 26 21 of
1823 2480 57 27 pub-

1290 2507 29 22 lic
1328 2511 130 24 patronage.

1319 2543 26 21 In
1357 2543 127 22 connexion
1493 2542 54 23 with
1557 2542 37 22 the
1604 2543 78 26 above,
1700 2542 21 22 J.
1733 2542 29 21 A.
1777 2541 41 23 has
1832 2541 47 22 also

1291 2570 87 27 opened
1386 2570 34 22 his
1430 2570 131 22 Butcher's
1576 2570 60 21 Shop
1650 2569 46 21 and
1710 2569 110 21 Grocery
1835 2568 44 22 and

1291 2596 123 22 Provision
1429 2596 158 27 Warehouse,
1602 2596 74 22 where
1693 2596 38 21 the
1746 2596 74 26 public
1837 2603 41 14 can

1289 2623 29 22 be
1334 2624 102 27 supplied
1451 2623 53 23 with
1520 2627 60 18 meat
1599 2623 44 22 and
1659 2623 30 21 all
1705 2623 67 21 kinds
1787 2623 26 21 of
1828 2630 51 19 pro-

1291 2650 90 22 visions.

1439 2707 66 20 MR.
1525 2706 30 20 T.
1572 2705 157 22 ROSKELL

1291 2742 108 48 BEGS
1408 2745 22 19 to
1437 2742 84 22 inform
1527 2742 37 22 the
1569 2742 82 27 public,
1658 2741 50 21 that
1712 2741 28 21 he
1746 2742 41 21 lias
1793 2740 86 28 opened

1368 2776 13 15 a
1396 2770 64 21 Store
1477 2773 23 17 at
1515 2769 37 22 the
1568 2772 55 18 west
1639 2768 45 22 end
1700 2768 26 21 of
1742 2768 38 21 the
1794 2768 83 26 Beach,

1292 2795 73 23 where
1374 2796 28 22 he
1413 2796 66 23 offers
1496 2796 35 22 for
1546 2795 52 27 sale,
1616 2798 23 19 at
1654 2795 130 22 reasonable
1799 2794 78 28 prices,

1291 2822 37 22 the
1338 2822 204 23 undermentioned
1550 2822 88 22 articles
1646 2830 6 13 :

1319 2856 84 28 Spirits,
1420 2856 128 26 (wholesale
1558 2856 45 22 and
1613 2855 81 26 retail.)

1319 2883 52 27 lea,
1379 2884 75 27 coffee,
1461 2891 73 19 sugar,
1542 2884 98 25 tobacco,
1648 2882 46 22 and
1700 2882 77 27 cigars,
1787 2882 90 27 (retail.)

1319 2910 75 22 Prime
1408 2917 51 15 rose
1475 2910 59 22 Cork
1547 2910 80 26 butter,
1646 2910 87 26 cheese,
1748 2910 71 26 hams,
1835 2905 45 25 and

1291 2936 63 28 pork.

1319 2964 69 21 Flour
1397 2963 45 22 and
1449 2964 89 21 biscuit.

1319 2990 105 28 Vinegar,
1435 2998 86 19 sauces,
1531 2990 106 26 mustard,
1648 2989 92 29 pickles,
1752 2990 38 21 &c.

1319 3018 58 27 Soap
1384 3026 5 19 ;
1406 3025 81 20 sperm,
1499 3017 44 28 dip,
1554 3017 45 22 and
1608 3016 78 23 mould
1694 3016 96 22 candles.

1319 3044 71 28 Lamp
1401 3044 45 21 and
1454 3044 87 21 linseed
1550 3044 37 26 oil,
1597 3043 46 22 and
1651 3043 82 27 paints.

1319 3071 81 26 Prints,
1410 3070 84 22 fustian
1505 3074 107 23 trowsers,
1622 3070 110 26 blankets,
1744 3070 39 21 &c.

1284 3108 2 4 •
1319 3098 22 21 A
1351 3098 85 26 variety
1447 3097 25 22 of
1482 3096 122 27 hardware,
1616 3096 45 22 and
1667 3095 100 28 superior
1774 3095 106 22 Sheffield

1280 3140 7 5 -
1293 3124 94 27 cutlery.

1293 3160 3 7 -
1320 3152 22 20 A
1360 3149 104 29 quantity
1482 3150 27 21 of
1527 3149 90 27 mangel
1635 3149 82 22 wurzel
1735 3148 45 22 and
1795 3149 84 26 garden

1293 3177 70 23 seeds.

1498 3211 55 14 ALSO
1569 3211 28 14 ON
1615 3210 62 20 SALE,

1320 3238 21 22 A
1352 3238 64 22 small
1426 3240 48 20 cart
1482 3237 54 23 with
1545 3237 101 28 harness,
1658 3237 45 22 and
1713 3244 13 14 a
1735 3238 54 25 tent,
1801 3235 78 23 twelve

1293 3265 45 22 feet
1347 3265 31 28 by
1387 3265 68 27 eight.

1470 3299 14 14 A
1503 3299 58 14 BOAT
1581 3298 42 15 FOR
1642 3298 65 14 HIRE.

1293 3326 44 22 No.
1347 3328 20 25 3,
1378 3328 55 20 west
1442 3325 45 22 end
1497 3326 27 21 of
1533 3325 38 22 the
1580 3325 82 27 Beach,

1321 3353 54 22 Port
1392 3352 132 28 Nicholson,
1544 3352 55 27 May
1617 3351 46 27 7th,
1684 3352 61 21 1840.

1294 3410 32 21 To
1342 3410 29 21 be
1386 3410 89 27 printed
1489 3408 47 23 and
1547 3408 116 28 published
1680 3406 120 28 forthwith,
1817 3407 23 22 in
1856 3414 25 15 as

1322 3436 70 28 cheap
1401 3444 14 14 a
1425 3436 57 22 form
1493 3443 24 14 as
1532 3435 101 28 possible,
1650 3435 31 27 by
1699 3434 143 28 approbation
1858 3434 24 21 of

1322 3463 92 22 Colonel
1424 3462 131 28 Wakefield,

1294 3496 138 49 ANEW
1454 3495 183 22 ZEALANDIC
1661 3492 218 28 VOCABULARY,

1373 3523 29 28 by
1411 3523 40 22 the
1462 3523 56 22 Rev.
1533 3523 21 21 J.
1570 3523 28 21 G.
1614 3522 86 27 Butler,
1712 3521 81 22 Native
1809 3520 72 22 Guar-

1295 3550 59 27 dian,
1366 3551 44 20 and
1418 3550 139 27 Interpreter
1566 3552 22 18 to
1598 3549 37 21 the
1646 3549 55 21 New
1711 3547 99 22 Zealand
1818 3546 64 22 Land

1294 3577 125 27 Company.

1322 3610 32 22 To
1364 3610 72 22 which
1446 3610 45 22 will
1501 3610 27 22 be
1539 3609 77 27 added,
1638 3616 24 15 as
1678 3615 29 15 an
1722 3606 127 29 Appendix,
1867 3615 14 14 a

1296 3637 48 21 List
1354 3638 25 20 of
1388 3644 62 15 some
1460 3637 26 21 of
1496 3637 37 21 the
1543 3636 120 26 Sovereign
1675 3635 81 26 Chiefs,
1772 3634 52 21 with
1843 3634 37 22 the

1294 3664 64 22 usual
1367 3664 63 27 place
1440 3664 27 21 of
1477 3664 57 22 their
1543 3662 122 27 residence,
1674 3669 24 14 so
1707 3661 35 22 far
1750 3669 23 14 as
1783 3660 53 28 they
1843 3668 37 15 are

1294 3690 83 22 known
1383 3698 5 20 ;
1403 3691 46 21 and
1459 3691 54 27 also,
1524 3690 34 22 for
1574 3689 151 22 convenience
1741 3688 58 26 sake,
1816 3695 14 13 a
1844 3688 38 21 list

1295 3718 25 20 of
1331 3720 64 25 trees,
1406 3718 88 27 shrubs,
1505 3718 48 26 &c,
1563 3716 102 28 together
1675 3715 53 22 with
1738 3722 13 15 a
1759 3714 38 23 list
1805 3714 27 22 of
1842 3714 37 22 the

1295 3751 78 15 names
1383 3745 25 21 of
1418 3744 75 27 fishes,
1506 3744 39 22 &c.

1321 3778 59 23 N.B.
1380 3790 30 4 —
1411 3779 33 21 As
1454 3778 24 21 J.
1487 3778 29 21 G.
1526 3777 73 22 B.has
1607 3784 29 14 no
1644 3776 64 22 other
1715 3776 72 31 object
1794 3775 23 21 in
1825 3775 55 21 view

1295 3805 53 22 than
1368 3808 22 18 to
1407 3805 84 22 render
1512 3811 61 15 some
1595 3803 73 22 useful
1691 3810 83 17 service
1797 3805 22 18 to
1842 3801 37 22 the

1296 3831 108 23 Colonists
1414 3831 46 22 and
1469 3831 86 27 Colony
1571 3830 23 22 in
1611 3829 97 28 general,
1725 3829 30 21 he
1769 3828 110 22 therefore

1295 3858 68 26 hopes
1374 3857 47 22 tbat
1437 3866 14 14 a
1466 3857 111 22 sufficient
1592 3857 96 21 number
1702 3855 27 22 of
1747 3855 132 22 subscribers

1297 3884 42 23 will
1348 3885 28 22 be
1386 3885 72 22 found
1466 3887 23 18 to
1500 3891 75 14 secure
1584 3883 47 21 him
1641 3883 59 21 from
1708 3889 45 20 any
1759 3882 43 22 loss
1810 3881 23 22 in
1841 3881 38 22 the

1275 3907 7 33 j
1295 3911 154 26 undertaking.

1322 3938 71 22 Those
1403 3937 50 22 who
1463 3937 63 22 favor
1535 3937 37 21 the
1581 3936 61 22 work
1654 3936 44 23 will
1716 3935 55 23 send
1783 3935 24 22 in
1823 3935 57 23 their

1277 3958 6 30 I
1296 3973 76 16 names
1383 3969 20 18 to
1414 3964 39 23 the
1618 3963 70 22 Office
1698 3962 157 28 hnmediutdy.

1955 425 100 20 BANK
2070 426 42 20 OF
2126 426 90 21 PORT
2231 426 205 22 NICHOLSON.

1903 457 136 23 CAPITAL
2053 459 103 26 £50.000,
2177 459 34 21 IN
2229 461 63 20 2.500
2309 459 119 23 SHARES
2447 461 36 22 OI

2116 485 46 22 £20
2178 485 96 27 EACH;

1902 518 34 22 To
1945 517 28 22 be
1982 518 118 23 increased
2109 522 22 18 at
2140 519 39 21 the
2188 518 118 23 discretion
2322 520 26 21 of
2359 520 37 22 the
2412 520 75 23 Direc-

1931 548 52 24 tors,
1991 544 32 28 by
2032 544 37 23 the
2079 546 57 21 issue
2146 546 27 21 of
2183 546 82 22 £1.000
2273 546 121 23 additional
2402 547 86 27 Shares,

1930 575 23 18 to
1963 571 28 22 be
2001 571 48 22 sold
2058 572 35 21 for
2102 572 36 21 the
2149 572 85 23 benefit
2243 573 26 22 of
2279 572 37 23 the
2326 573 71 22 Bank.
2420 581 3 3 •

1937 626 52 24 The
2001 626 136 31 advantages
2148 628 115 30 produced
2272 628 31 30 by
2312 636 14 14 a
2333 628 72 24 Local
2413 628 75 30 Bank,

1902 659 56 23 both
1979 667 39 16 as.
2023 668 14 15 a
2058 660 118 30 profitable
2199 661 137 23 investment
2352 661 27 23 of
2399 663 89 30 capital,

1903 692 46 24 and
1966 700 26 15 as
2011 700 14 16 a
2041 701 80 16 means
2144 694 26 23 of
2190 694 193 23 accommodation
2406 699 22 19 to
2451 696 40 22 the

1903 726 148 30 community,
2060 734 38 15 are
2110 731 37 19 too
2159 726 51 24 well
2222 727 139 23 established
2368 732 22 18 to
2401 729 88 30 require

1903 767 45 23 any
1966 763 114 19 comment
2098 763 23 20 at
2143 764 100 26 present.
2279 760 74 24 There
2376 762 21 22 is
2419 766 41 18 not
2477 770 13 14 a

1903 793 73 30 single
1988 792 89 24 British
2089 792 89 32 Colony
2190 793 26 23 of
2225 801 44 23 any
2276 794 139 30 importance
2421 795 67 22 with-

1903 830 40 18 out
1954 830 23 19 at
1988 825 58 24 least
2056 833 44 16 one
2106 826 63 23 'such
2180 826 77 30 Bank,
2276 827 44 23 and
2331 827 24 23 in
2373 835 67 23 every
2453 828 36 22 in-

1903 862 77 20 stance
1992 859 63 23 these
2067 859 141 23 institutions
2216 867 39 16 are
2263 867 27 16 no
2301 859 45 25 less
2359 868 13 16 a
2379 868 80 17 source
2467 861 24 23 of

1902 892 69 30 profit
1983 896 23 19 to
2015 892 47 23 the'
2068 891 164 25 Shareholders
2251 892 54 25 than
2323 893 26 22 of
2364 894 86 23 benefit
2467 898 23 19 to

1903 924 39 23 the
1961 925 148 30 community.
2150 925 30 23 In
2197 925 54 29 fact,
2268 925 65 24 while
2351 926 41 24 the
2409 927 81 23 Banks
2502 929 3 21 '.

1904 957 74 23 which
2001 957 57 24 have
2084 958 58 23 been
2170 958 137 24 established
2333 959 31 31 by
2392 959 98 31 English

1905 990 83 31 capital
1999 991 24 22 in
2034 991 39 23 the
2084 991 161 23 Australasian
2258 992 106 24 Colonies
2383 992 75 24 divide
2470 997 21 19 at

1904 1023 39 23 the
1954 1028 87 19 utmost
2051 1024 59 23 from
2122 1024 15 25 7
2150 1029 23 18 to
2187 1027 30 21 10
2230 1033 40 23 per
2283 1029 67 25 cent.,
2369 1025 39 24 the
2424 1026 68 30 profit

1905 1057 26 23 of
1945 1057 38 23 the
1996 1057 71 23 Local
2079 1056 80 24 Banks
2176 1066 96 23 average
2289 1059 58 23 from
2368 1061 31 22 15
2418 1063 22 19 to
2460 1061 31 21 20

1903 1098 42 22 per
1958 1095 60 18 cent.
2053 1090 59 23 This
2124 1091 120 23 difference
2256 1092 19 22 is
2288 1092 70 31 easily
2370 1092 122 23 accounted

1904 1123 36 22 for
1948 1132 7 14 :
1981 1131 67 22 every
2067 1123 124 23 individual
2209 1125 24 22 in
2252 1132 13 16 a
2280 1125 86 31 Colony
2378 1125 113 31 naturally

1904 1156 88 30 prefers
2015 1164 14 15 a
2050 1156 68 23 Bank
2136 1157 56 22 with
2212 1157 75 23 whose
2305 1158 126 31 Managers
2450 1158 43 23 and

1906 1188 145 31 Proprietors
2063 1190 29 22 he
2110 1190 20 22 is
2149 1190 141 30 acquainted,
2310 1191 46 23 and
2373 1191 25 23 in
2419 1191 74 23 which

1905 1221 30 24 he
1946 1222 95 23 himself
2055 1230 54 23 may
2118 1222 58 23 have
2189 1231 13 15 a
2214 1223 71 23 direct
2300 1224 103 29 interest,
2415 1228 22 19 to
2451 1232 40 15 one

1906 1255 126 23 conducted
2042 1256 31 31 by
2091 1260 124 27 strangers.
2252 1257 29 23 In
2295 1257 65 23 order
2375 1261 22 19 to
2415 1265 77 16 secure

1907 1292 22 19 to
1943 1288 37 23 the
1992 1289 112 31 proposed
2118 1289 69 23 Bank
2204 1289 47 24 this
2270 1290 125 31 advantage
2413 1291 24 22 in
2456 1291 37 22 the

1905 1321 80 24 fullest
1997 1322 88 30 degree,
2103 1322 38 23 the
2153 1322 79 24 shares
2243 1323 57 23 have
2317 1323 59 23 been
2394 1324 61 22 fixed
2471 1329 24 17 at

1906 1355 58 23 such
1975 1363 29 15 an
2016 1360 100 24 amount,
2129 1364 25 14 as
2168 1360 22 19 to
2202 1356 65 23 allow
2279 1364 44 23 any
2336 1357 121 31 Capitalist
2470 1358 23 22 in

1905 1387 39 24 the
1961 1388 87 31 Colony
2060 1393 22 18 to
2094 1389 93 23 become
2199 1397 14 15 a
2221 1389 159 23 Shareholder.
2416 1390 77 30 Every

1906 1429 50 21 one,
1969 1421 121 30 therefore,
2109 1421 47 23 will
2173 1421 58 24 have
2249 1431 29 14 an
2295 1423 96 23 interest
2412 1424 24 22 in
2455 1423 37 23 the

1905 1456 129 29 prosperity
2044 1455 45 23 and
2100 1455 100 31 stability
2213 1456 26 22 of
2253 1456 37 23 the
2302 1456 77 29 Bank,
2394 1456 43 23 and
2449 1456 46 24 will

1905 1489 52 29 give
1970 1489 19 21 it
2000 1496 14 15 a
2024 1488 130 31 preference
2166 1488 56 24 both
2239 1490 24 22 in
2281 1489 96 31 making
2395 1490 100 31 deposits

1907 1521 45 24 and
1964 1521 134 31 circulating
2109 1522 30 22 its
2150 1526 75 20 notes.

1941 1554 51 24 The
2006 1555 90 31 Capital
2107 1555 26 23 of
2147 1555 38 23 the
2198 1555 69 23 Bank
2277 1554 43 24 has
2330 1555 60 23 been
2400 1555 62 24 fixed
2473 1561 23 18 at

1907 1588 123 28 £50.000,
2044 1596 14 15 a
2069 1596 50 15 sum
2131 1588 73 23 which
2217 1589 20 22 it
2247 1589 19 22 is
2278 1588 107 24 assumed
2403 1589 45 23 will
2465 1589 30 23 be

1908 1621 114 23 sufficient
2039 1621 35 23 for
2093 1622 38 22 the
2142 1626 93 26 present
2246 1626 71 19 wants
2335 1623 26 22 of
2376 1622 38 23 the
2433 1631 62 15 com-

1907 1656 98 29 munity.
2042 1654 58 24 This
2113 1655 90 31 Capital
2216 1663 49 21 can,
2283 1655 113 29 however,
2414 1656 29 23 be
2459 1656 36 23 in-

1908 1688 93 23 creased
2015 1692 22 19 at
2049 1688 39 23 the
2098 1688 123 23 discretion
2232 1688 26 23 of
2272 1688 38 24 the
2324 1688 127 30 Directors,
2465 1689 32 30 by

1908 1721 39 23 the
1958 1722 62 23 issue
2037 1722 26 23 of
2079 1723 74 22 1.000
2171 1721 123 24 additional
2315 1722 92 29 Shares,
2427 1726 23 20 to
2467 1722 29 23 be

1908 1754 108 31 disposed
2037 1755 26 23 of
2089 1755 34 23 for
2145 1754 39 24 the
2206 1755 85 23 benefit
2309 1755 25 23 of
2354 1755 37 24 the
2410 1755 85 23 Share-

1908 1788 91 23 holders
2009 1797 6 20 ;
2034 1788 45 23 and
2091 1788 17 23 it
2121 1788 20 23 is
2160 1788 112 31 proposed
2286 1786 49 25 that
2346 1788 39 23 the
2396 1788 66 24 Deed
2474 1788 26 24 of

1910 1821 136 23 Settlement
2058 1821 58 23 shall
2128 1822 90 22 contain
2230 1828 14 16 a
2253 1822 123 31 provision,
2395 1821 100 24 authori-

1908 1855 53 30 sing
1972 1854 38 23 the
2021 1854 107 32 majority
2139 1854 25 24 of
2178 1854 39 23 the
2237 1854 162 24 Shareholders
2418 1860 23 18 to
2460 1856 35 22 in-

1908 1895 79 15 crease
2004 1887 38 23 the
2062 1888 89 31 Capital
2166 1892 21 18 to
2200 1888 56 23 such
2267 1887 89 24 further
2367 1893 93 18 amount
2472 1896 25 16 as

1908 1928 53 23 may
1972 1921 25 22 in
2008 1920 59 24 their
2078 1921 92 31 opinion
2181 1920 29 24 be
2225 1920 103 32 justified
2345 1921 31 31 by
2388 1921 44 24 the.
2438 1929 57 23 aug-

1908 1953 93 24 mented
2011 1953 108 24 demands
2131 1954 26 23 of
2169 1953 44 24 the
2222 1953 95 32 Colony.

1942 1987 52 23 The
2006 1987 106 23 business
2122 1988 27 22 of
2163 1987 38 23 the
2213 1987 68 24 Bank
2295 1987 47 24 will
2359 1987 30 24 be
2407 1987 89 32 strictly

1910 2020 49 22 that
1977 2020 25 22 of
2023 2028 14 14 a
2060 2020 68 22 Bank
2145 2020 26 22 of
2193 2020 116 26 Piscount
2316 2020 58 28 ..and,
2388 2021 106 31 Deposit.

1909 2051 51 23 The
1971 2055 49 19 rate
2032 2051 26 23 of
2070 2051 105 23 discount
2185 2056 30 17 to'
2220 2051 28 23 be
2263 2053 30 22 10
2302 2059 41 23 per
2354 2054 141 26 cents*;?*aud

1910 2086 14 22 5
1937 2091 42 24 per
1986 2088 58 19 cent,
2054 2083 46 24 will
2110 2084 29 23 be
2150 2083 96 24 allowed
2255 2091 62 24 upon
2328 2084 100 31 deposits
2440 2085 34 22 for
2483 2093 15 15 a

1909 2117 80 31 longer
2001 2117 79 31 period
2091 2117 53 23 than
2157 2125 12 15 a
2180 2116 88 30 month,
2269 2129 34 4 —
2303 2122 40 18 not
2354 2122 24 18 to
2389 2118 29 23 be
2429 2117 67 24 with-

1910 2150 77 24 drawn
1998 2150 71 23 under
2084 2152 29 21 10
2126 2149 63 31 days'
2200 2150 84 23 notice.

2072 2207 260 27 REGULATIONS.

1945 2246 23 21 1.
1970 2256 35 4 —
2006 2243 50 24 The
2065 2243 90 31 Capital
2164 2243 27 23 of
2205 2243 39 24 the
2253 2244 118 31 Company
2378 2247 23 20 to
2412 2244 86 23 consist

1911 2277 25 23 of
1950 2278 122 27 £50.000,
2086 2277 23 23 in
2122 2278 76 22 2.500
2212 2276 84 24 Shares
2309 2277 24 23 of
2348 2279 55 22 £20
2416 2277 62 24 each.

1945 2312 24 22 2.
1971 2323 34 3 —
2007 2310 51 23 One
2069 2310 76 31 pound
2156 2317 41 23 per
2209 2310 65 23 share
2286 2314 23 19 to
2326 2310 30 24 be
2373 2310 55 32 paid
2444 2317 53 24 pre-

1910 2344 65 23 vious
1987 2348 23 19 to
2021 2343 39 23 the
2072 2343 94 23 election
2178 2343 26 24 of
2218 2343 127 30 Directors,
2357 2344 27 22 of
2397 2343 73 24 which
2486 2352 13 15 a

1910 2377 85 24 week's
2004 2376 77 32 public
2094 2378 74 21 notice
2183 2376 47 23 will
2247 2376 30 24 be
2294 2377 84 31 given;
2397 2377 45 23 and
2459 2378 36 23 £1

1912 2410 122 24 additional
2053 2414 24 19 at
2093 2409 38 23 the
2151 2410 126 31 expiration
2296 2410 25 23 of
2343 2410 56 23 each
2416 2411 81 23 month

1910 2444 59 23 from
1981 2444 49 23 that
2041 2443 85 31 period,
2143 2443 60 23 until
2219 2443 36 24 £5
2269 2442 43 24 has
2321 2442 61 25 been
2392 2440 104 34 paidrijp.

1945 2479 25 22 3.
1971 2490 35 4 —
2006 2477 98 23 Further
2116 2476 54 23 calls
2183 2481 23 19 to
2220 2476 28 23 be
2266 2476 65 24 made
2350 2481 25 19 at
2393 2476 38 23 the

1912 2511 87 23 cretion
2012 2510 25 23 of
2051 2510 38 23 the
2106 2510 120 23 Directors
2236 2519 5 20 ;
2262 2510 45 23 and
2316 2509 66 24 three
2397 2509 103 24 months*
2504 2517 2 4 ■

1910 2545 105 30 previous
2033 2544 76 22 notice
2126 2543 26 23 of
2166 2543 56 23 each
2241 2543 54 28 call,
2302 2547 22 19 to
2342 2543 30 23 be
2390 2543 68 31 given
2472 2544 26 23 in

1910 2577 38 24 the
1991 2577 58 24 New
2060 2576 100 24 Zealand

1944 2612 25 22 4.
1971 2623 34 4 —
2006 2610 37 24 No
2054 2617 82 24 person
2149 2614 21 18 to
2182 2609 30 24 be
2228 2609 93 24 allowed
2339 2614 24 19 to
2382 2609 118 24 subscribe

1909 2644 36 23 for
1956 2651 62 16 more
2031 2643 55 23 than
2097 2645 32 21 50
2142 2642 94 25 Shares.

1944 2680 24 21 5.
1970 2689 34 4 —
2006 2676 50 24 The
2069 2675 96 24 Officers
2178 2676 26 23 of
2218 2675 39 24 the
2269 2675 120 32 Company
2402 2681 23 18 to
2446 2684 56 16 con-

1910 2711 44 22 sist
1971 2710 26 23 of
2016 2710 53 23 nine
2087 2709 120 24 Directors
2226 2709 44 23 and
2288 2718 14 15 a
2321 2709 103 29 Cashier,
2444 2709 54 24 with

1910 2743 58 24 such
1985 2743 123 23 assistance
2126 2750 26 15 as
2169 2742 39 24 the
2227 2742 118 24 Directors
2363 2750 52 23 may
2435 2743 64 23 deem

1910 2783 129 23 necessary.

1945 2811 24 23 6.
1970 2822 35 3 —
2005 2808 50 24 The
2074 2809 118 23 Directors
2212 2813 22 19 to
2252 2809 29 23 be
2300 2808 87 24 elected
2403 2808 36 24 for
2456 2816 43 16 one

1910 2851 61 23 year,
1983 2842 30 31 by
2025 2842 38 23 the
2076 2842 165 24 Shareholders
2249 2851 6 20 ;
2275 2847 24 18 at
2314 2841 38 24 the
2372 2842 127 31 expiration

1910 2876 26 24 of
1950 2876 50 23 that
2016 2876 86 30 period,
2122 2882 42 16 one
2183 2876 61 22 third
2263 2876 26 22 of
2303 2875 38 23 the
2358 2875 102 29 number,
2474 2879 25 19 to

1909 2910 29 23 be
1950 2908 139 25 determined
2099 2909 31 30 by
2145 2909 38 27 lot,
2204 2908 59 24 shall
2281 2909 76 29 retire,
2376 2908 46 23 and
2439 2909 59 22 their

1909 2943 64 31 place
1990 2942 29 23 be
2037 2942 62 23 filled
2116 2942 32 31 by
2164 2942 65 23 fresh
2242 2942 102 29 election,
2345 2954 35 4 —
2382 2941 38 23 the
2431 2942 67 23 retir-

1910 2977 40 30 ing
1961 2975 119 24 Directors
2091 2980 23 18 to
2126 2975 27 24 be
2166 2975 92 31 capable
2270 2976 27 22 of
2310 2975 143 23 re-election.

1945 3010 24 24 7.
1971 3022 35 3 —
2006 3008 51 24 The
2077 3008 94 24 Cashier
2189 3013 24 19 to
2226 3009 29 23 be
2272 3008 124 31 appointed
2411 3008 32 30 by
2460 3008 40 23 the

1910 3043 127 27 Directors,
2051 3042 44 24 and
2106 3041 130 24 removable
2248 3046 22 18 at
2281 3042 59 23 their
2352 3041 111 31 pleasure.

1945 3078 25 21 8.
1971 3088 33 3 —
2006 3075 163 25 Qualification
2187 3075 26 23 of
2234 3074 119 24 Directors
2372 3078 22 19 to
2414 3074 29 24 be
2467 3076 31 22 15

1912 3109 94 23 Shares.

1944 3143 27 23 9.
1971 3154 34 3 —
2006 3141 29 23 In
2047 3140 31 24 all
2088 3141 113 30 meetings
2212 3140 25 23 of
2253 3139 172 30 Shareholders,
2440 3140 62 24 Pro-

1910 3176 97 30 prietors
2025 3178 23 19 to
2064 3173 59 24 have
2134 3182 42 14 one
2189 3177 49 20 vote
2250 3173 34 24 for
2297 3181 69 23 every
2378 3175 12 22 5
2406 3173 94 24 Shares.

1947 3210 41 22 10.
1989 3220 34 4 —
2023 3207 38 23 No
2069 3207 47 23 Bill
2128 3211 22 19 to
2161 3207 31 23 be
2199 3206 134 24 discounted
2339 3211 81 26 except
2427 3206 72 24 under

1912 3241 40 23 the
1962 3241 103 23 sanction
2082 3240 25 23 of
2121 3240 64 23 three
2205 3240 25 23 of
2244 3239 38 24 tlie
2300 3240 120 23 Directors
2429 3249 5 20 ;
2457 3248 45 15 nor

1911 3275 21 23 if
1940 3274 104 31 objected
2054 3277 23 20 to
2088 3274 31 30 by
2131 3281 42 16 one
2185 3274 27 23 of
2220 3273 63 24 three
2296 3273 24 24 of
2329 3273 39 24 the
2380 3273 120 24 Directors

1911 3312 100 27 present.

1948 3342 40 22 11.
1989 3352 33 4 —
2023 3339 119 31 Meetings
2151 3344 24 19 to
2186 3340 29 23 be
2231 3339 53 24 held
2300 3339 146 31 half-ye:irly,
2464 3339 39 24 for

1912 3373 38 24 the
1961 3381 98 23 purpose
2072 3373 25 23 of
2111 3373 117 31 declaring
2239 3373 136 28 Dividends,
2387 3373 43 23 &c.

1948 3409 41 21 12.
1989 3419 33 4 —
2022 3407 25 23 A
2070 3410 122 20 statement
2215 3407 25 23 of
2260 3406 40 24 the
2320 3406 77 23 affairs
2416 3406 25 23 of
2462 3405 41 24 the

1912 3439 70 25 Bank
1993 3444 22 19 to
2031 3440 29 23 be
2077 3439 47 24 laid
2142 3440 78 24 before
2238 3439 38 24 the
2296 3439 162 24 Shareholders
2477 3443 25 19 at

1912 3473 56 24 each
1991 3473 56 24 such
2072 3472 139 32 half-yearly
2232 3474 108 30 meeting,
2364 3472 45 24 and
2431 3472 71 23 after-

1912 3506 73 24 wards
2012 3506 123 31 published
2161 3507 25 23 in
2215 3506 38 24 tlie
2313 3506 60 23 New
2400 3505 103 23 Zealand

1945 3599 25 24 A
1982 3599 66 24 Deed
2060 3600 24 23 of
2100 3599 144 28 Settlement,
2260 3603 23 19 to
2295 3599 31 23 be
2335 3598 82 31 signed
2427 3598 29 31 by
2469 3598 33 23 all

1913 3632 40 24 the
1971 3632 172 30 Shareholders,
2163 3633 137 29 embodying
2321 3632 64 23 these
2403 3631 45 23 and
2469 3631 33 23 all

1912 3666 64 23 other
1994 3674 120 23 necessary
2124 3666 148 30 regulations,
2291 3665 45 23 will
2350 3665 28 23 be
2389 3664 111 31 prepared

1912 3707 24 16 as
1948 3699 102 31 speedily
2062 3707 24 16 as
2097 3699 109 31 possible.

1928 3758 257 25 PROPOSITIONS
2200 3765 32 17 at
2244 3765 52 16 the
2309 3757 170 24 MEETING.

1947 3794 22 21 1.
1971 3805 33 3 —
2006 3791 62 24 That
2074 3792 38 23 the
2119 3792 137 30 Prospectus
2264 3798 50 16 now
2322 3791 55 23 read
2382 3791 28 23 be
2418 3791 81 30 adopt-

1911 3825 29 23 ed
1950 3825 45 23 and
2005 3825 98 31 printed.

1944 3857 59 25 2*.—
2004 3858 63 23 That
2089 3858 98 31 Captain
2211 3857 100 24 Edward
2337 3856 93 24 Daniell
2451 3857 46 23 and

1910 3892 99 23 Messrs.
2022 3891 128 30 Partridge,
2165 3891 74 28 Watt,
2251 3890 88 29 Millar,
2352 3890 45 23 and
2409 3890 90 29 Pierce,

1910 3925 29 23 do
1955 3925 59 24 form
2027 3933 19 17 ,a
2065 3924 143 24 Provisional
2221 3924 136 23 Conmittee
2370 3928 21 19 to
2403 3931 64 23 carry
2478 3924 19 23 it

1912 3959 47 23 iuto
1971 3958 76 24 effect.
