2550 4039
888 1674 36 21 IN
941 1674 89 21 PORT.

694 1702 93 31 Barque
960 1703 128 30 Robinson,
1108 1704 35 23 for
1165 1704 50 31 Bay
1235 1705 22 23 of

661 1734 96 25 Islands
770 1736 44 23 and
827 1737 102 29 Sydney.

696 1769 120 24 Schooner
858 1770 94 28 Jewess,
995 1770 153 31 Tankersley,
1167 1772 34 22 for
1218 1772 36 23 the

660 1801 91 23 Straits.

694 1835 117 24 Schooner
870 1836 65 30 Sally
1065 1837 129 29 Cummins,
1221 1838 33 23 for

661 1868 101 31 Poverty
774 1869 61 30 Bay.

693 1902 59 31 Brig
894 1902 147 30 M'Farlane,
1060 1904 35 23 for
1114 1904 38 23 the
1171 1905 48 31 Bay
1234 1905 23 23 of

660 1935 102 24 Islands.

694 1968 84 24 Cutter

693 2001 59 32 Brig
928 2003 35 23 for
976 2003 104 31 Sydney.

693 2035 93 30 Barque
983 2036 111 23 Pearson.
1224 2038 15 21 •?

694 2066 57 31 Brig
947 2067 95 30 Weller,
1049 2068 36 23 for
1093 2068 38 24 the
1141 2069 115 23 Southern

661 2099 88 24 Island.

694 2134 119 22 Schooner
997 2136 40 27 30,
1053 2135 56 23 Mac
1122 2135 98 32 Gregor.

694 2166 58 24 Ship
906 2167 123 23 Coombes.

700 2218 164 16 ADVERTISED
877 2219 28 15 IN
919 2219 51 15 THE
985 2220 104 16 SYDNEY
1102 2220 105 16 PAPERS.

876 2245 35 22 for
926 2245 50 31 Bay
990 2245 26 23 of
1032 2245 90 24 Islands
1142 2247 45 23 and
1199 2247 57 23 Port

660 2276 139 24 Nicholson.

693 2311 93 31 Barque
951 2312 36 23 for
997 2312 51 31 Bay
1060 2313 25 22 of
1102 2313 92 23 Islands
1213 2313 43 24 and

660 2344 73 23 River
746 2344 111 23 Thames.

694 2545 58 31 Ship
998 2546 51 32 Bay
1062 2547 26 23 of
1103 2546 93 25 Islands
1214 2547 43 23 and

661 2578 72 24 River
745 2578 109 24 Thames.

694 2478 117 24 Schooner
852 2479 55 23 Fair
1093 2480 36 23 for
1148 2480 102 32 Kiapara

660 2511 45 23 and
716 2512 51 30 Bay
780 2512 26 23 of
819 2512 98 29 Islands,
931 2517 23 18 to
966 2513 44 23 sail
1021 2513 61 24 June
1096 2515 23 22 5.

693 2378 59 30 Brig
968 2379 34 24 for
1032 2379 50 31 Bay
1110 2379 26 23 of
1164 2380 92 23 Islands

660 2410 127 24 Doubtless
808 2412 59 31 Bay,
890 2412 44 23 and
959 2412 134 32 Hokianga,
1114 2413 107 30 Munroe,
1234 2418 22 18 to

661 2445 43 23 sail
717 2445 59 24 25th
788 2445 66 30 May.

886 2612 35 24 for
941 2613 59 24 Port
1018 2614 136 29 Nicholson,
1169 2619 23 19 to
1216 2614 40 23 sail

661 2645 58 30 May
731 2648 40 21 29.

694 2679 108 23 Sailed.
806 2692 33 3 —
840 2680 48 23 For
895 2680 59 23 New
962 2680 109 29 Zealand,
1079 2680 57 31 May
1145 2682 21 28 1,
1172 2682 85 29 barque

696 2748 24 27 2,
733 2746 87 31 barque
861 2746 71 24 Anna

697 2781 24 27 5,
734 2780 112 23 schooner

697 2812 127 24 Arrived.
827 2826 34 4 —
861 2814 70 31 April
948 2816 42 27 21,
1009 2814 87 31 barque
1234 2815 23 23 of

695 2879 58 31 May
767 2882 23 26 7,
802 2880 86 31 barque
1023 2882 59 23 from
1096 2882 57 23 Port
1161 2882 96 24 Nichol-

662 2920 49 14 son.

696 2946 120 24 Hardy's
824 2947 128 24 Shipping
957 2948 71 24 List.
1030 2961 34 3 —
1065 2948 47 24 For
1119 2948 57 24 Port
1182 2948 76 31 Philip

661 2979 44 23 and
724 2979 101 31 Sydney,
846 2981 101 30 January
960 2983 23 27 6,
1002 2981 39 23 the

661 3013 59 23 from
733 3013 126 31 Plymouth
871 3014 55 23 with
939 3016 133 28 emigrants.

833 3081 249 17 THERMOMETER.

714 3114 72 20 Week
801 3114 85 26 ending
899 3114 91 27 Friday,
1011 3114 59 22 June
1089 3115 34 26 12,
1139 3115 59 22 1840.

1282 131 58 23 New
1351 131 111 24 Zealand.
1498 132 25 23 It
1535 133 20 23 is
1567 133 93 28 central,
1680 133 45 22 and
1743 133 129 22 commands

1282 182 29 15 an
1324 182 53 22 easy
1388 182 78 16 access
1479 178 22 20 to
1515 175 56 24 both
1590 180 74 19 coasts
1677 175 26 23 of
1718 175 55 23 each
1783 174 87 23 Island.

1281 216 45 23 We
1342 216 58 24 have
1418 225 84 15 reason
1519 222 23 19 to
1561 218 87 23 believe
1665 218 51 23 that
1724 218 39 23 the
1774 217 65 23 value
1851 217 24 23 of

1282 258 39 24 the
1333 258 116 24 Southern
1462 259 82 23 Island
1555 260 42 22 has
1608 260 58 23 been
1684 260 89 31 greatly
1789 259 83 23 under-

1282 301 71 29 rated,
1372 301 44 23 and
1436 302 48 23 that
1502 303 21 22 it
1540 302 47 23 will
1607 302 29 23 be
1653 302 73 24 found
1742 302 61 23 there
1821 302 21 23 is
1861 310 12 15 a

1281 343 63 31 large
1364 344 108 30 quantity,
1487 344 26 23 of
1535 344 103 24 valuable
1658 344 146 31 agricultural
1820 344 54 24 land

1282 387 72 22 there.
1390 387 63 23 That
1463 387 70 31 being
1544 387 38 23 the
1595 395 58 21 case,
1667 387 38 23 the
1719 387 155 24 Government

1283 429 82 24 should
1376 429 28 23 be
1415 429 90 24 located
1517 437 25 16 as
1554 429 69 24 much
1635 429 53 24 with
1697 430 81 30 regard
1790 434 23 19 to
1825 429 49 24 that

1283 479 26 16 as
1321 476 22 19 to
1354 471 39 24 the
1406 472 118 23 Northern
1543 472 88 24 Island.
1667 472 52 24 The
1737 473 99 23 harbour
1854 474 19 21 is

1283 515 24 22 in
1336 514 39 23 the
1404 515 73 23 direct
1505 516 66 22 track
1601 515 24 23 of
1656 515 218 23 homeward-bound

1282 557 135 23 Australian
1428 558 87 23 vessels
1524 567 5 20 ;
1550 559 18 22 it
1575 558 20 23 is
1603 558 119 31 capacious
1730 558 43 23 and
1781 565 77 16 secure
1865 567 5 19 ;

1286 600 45 23 and
1342 601 25 22 in
1379 601 37 22 the
1435 601 131 22 immediate
1583 601 188 31 neighbourhood
1790 600 24 23 of
1837 601 36 24 the

1283 643 72 23 whale
1367 643 112 24 fisheries.
1521 644 24 23 It
1557 644 19 22 is
1589 644 142 23 surrounded
1741 644 31 30 by
1783 651 14 15 a
1807 643 65 24 valu-

1284 686 50 23 able
1346 686 149 30 agricultural
1514 686 96 29 district,
1630 686 91 31 already
1733 686 67 23 about
1812 690 22 19 to
1846 686 27 23 be

1286 729 160 30 appropriated
1456 729 32 31 by
1498 737 14 15 a
1522 729 63 31 large
1596 730 131 31 population
1734 730 35 22 for
1776 728 97 31 agricul-

1286 770 59 24 tural
1356 779 121 23 purposes.

1320 813 70 31 Upon
1408 814 38 23 the
1459 814 79 24 shores
1552 814 24 24 of
1591 815 46 23 this
1647 815 107 29 harbour,
1773 815 63 22 there
1854 815 19 22 is

1284 856 83 23 settled
1379 857 91 31 already
1481 865 13 16 a
1505 862 91 26 greater
1602 858 96 23 number
1706 858 25 23 of
1740 858 133 30 Europeans

1284 898 56 24 than
1352 907 42 15 can
1406 904 23 18 at
1440 904 93 27 present
1544 900 29 23 be
1584 900 71 23 found
1667 900 24 23 in
1703 900 30 23 all
1745 900 38 23 the
1794 904 47 18 rest
1853 899 23 23 of

1286 942 57 23 New
1367 942 109 24 Zealand.
1524 942 108 29 Further,
1655 943 64 23 there
1740 950 42 16 can
1798 942 29 23 be
1846 950 28 15 no

1285 985 70 23 doubt
1367 985 49 23 that
1427 985 39 23 the
1477 986 129 31 operations
1618 985 26 24 of
1659 985 39 24 the
1709 985 59 24 New
1775 984 99 25 Zealand

1285 1026 69 24 Land
1374 1027 118 31 Company
1510 1029 47 22 will
1574 1029 29 22 be
1621 1029 108 23 attended
1745 1029 54 23 with
1817 1036 56 24 aug-

1284 1069 104 31 menting
1401 1070 48 23 that
1461 1071 98 23 number
1570 1071 24 22 in
1606 1079 13 15 a
1630 1071 44 24 few
1684 1072 92 23 months
1794 1076 23 18 to
1830 1072 44 22 five

1284 1112 114 24 thousand
1408 1121 104 23 persons,
1525 1113 67 24 while
1605 1113 62 24 there
1675 1114 21 23 is
1703 1121 29 16 no
1739 1114 134 31 probability

1286 1155 25 23 of
1327 1163 44 24 any
1383 1157 116 22 extensive
1512 1164 26 16 or
1550 1158 131 29 systematic
1701 1158 133 30 emigration
1853 1161 21 19 to

1284 1198 65 24 these
1362 1198 92 24 Islands
1466 1199 70 32 being
1549 1199 86 24 carried
1646 1208 30 15 on
1687 1199 35 24 for
1732 1208 62 15 some
1800 1207 74 23 years,

1284 1242 72 23 under
1375 1241 38 24 the
1432 1242 111 23 direction
1561 1242 25 23 of
1606 1242 37 23 the
1662 1242 89 24 British
1771 1242 103 24 Govern-

1286 1289 71 19 ment.

1319 1328 76 24 There
1414 1329 20 23 is
1453 1337 68 22 every
1540 1337 80 15 reason
1639 1329 36 23 for
1695 1330 113 30 believing
1826 1329 50 23 that

1286 1371 57 23 Port
1359 1371 129 23 Nicholson
1510 1372 48 23 will
1580 1372 92 24 become
1696 1372 38 23 the
1757 1377 75 19 centre
1853 1372 24 23 of

1286 1422 125 16 commerce
1418 1415 24 23 in
1451 1415 58 23 New
1517 1415 102 23 Zealand
1625 1424 6 21 ;
1645 1415 53 29 and,
1705 1415 169 31 consequently,

1284 1458 18 22 it
1314 1457 54 29 will,
1381 1466 62 15 more
1455 1458 55 23 than
1523 1467 45 23 any
1580 1458 63 24 other
1655 1463 52 27 part
1714 1458 26 24 of
1751 1458 56 24 New
1815 1458 59 24 Zea-

1284 1500 61 29 land,
1366 1500 98 24 demand
1483 1501 38 24 the
1543 1509 108 23 presence
1671 1501 24 24 of
1717 1502 38 23 the
1772 1509 103 23 supreme

1285 1544 123 30 authority,
1421 1544 45 22 and
1477 1544 46 22 will
1536 1549 23 18 at
1571 1543 38 24 the
1621 1552 62 15 same
1695 1545 54 23 time
1759 1544 71 24 afford
1837 1545 37 23 the

1284 1591 60 19 most
1364 1594 125 16 numerous
1507 1587 106 23 facilities
1629 1587 35 23 for
1685 1588 191 30 communicating

1284 1630 55 23 with
1350 1638 45 23 any
1408 1631 64 23 other
1483 1635 52 26 part
1547 1631 26 23 of
1587 1631 37 22 the
1638 1631 123 23 territories
1771 1630 104 23 included

1284 1674 78 23 within
1383 1674 37 23 the
1440 1674 157 23 Government
1616 1673 25 24 of
1660 1673 47 24 Plis
1726 1673 148 31 Excellency.

1285 1716 88 24 Should
1385 1725 13 15 a
1410 1718 43 22 site
1464 1717 29 23 be
1505 1717 140 23 determined
1655 1725 70 23 upon,
1735 1718 38 22 the
1785 1725 91 15 success

1284 1760 26 24 of
1324 1759 73 24 which
1409 1760 42 23 has
1465 1764 22 20 to
1499 1760 29 23 be
1543 1760 90 24 created
1650 1761 31 30 by
1701 1760 37 24 the
1758 1760 76 24 efforts
1854 1761 23 23 of

1283 1803 39 24 the
1336 1803 127 29 Governor,
1477 1804 63 22 trade
1564 1803 44 23 will
1631 1804 115 30 languish,
1771 1803 44 24 and
1837 1804 38 23 the

1283 1854 79 15 means
1377 1846 24 23 of
1416 1847 141 23 intercourse
1571 1846 54 23 with
1644 1846 65 24 other
1728 1846 99 24 districts
1847 1847 29 23 be

1284 1893 88 27 scanty.
1410 1890 29 23 In
1451 1889 53 30 fact,
1519 1890 17 23 it
1551 1890 19 23 is
1589 1890 100 31 possible
1709 1898 28 15 no
1756 1897 78 16 means
1855 1890 22 23 of

1284 1934 192 22 communication
1487 1933 76 23 would
1578 1934 67 28 exist,
1659 1939 81 26 except
1752 1933 63 23 those
1826 1933 49 24 fur-

1285 1977 81 23 nished
1378 1977 30 30 by
1421 1977 38 23 the
1472 1977 157 23 Government
1644 1977 75 29 itself;
1740 1977 43 23 and
1794 1977 53 23 thus
1859 1979 17 22 it

1283 2019 74 30 might
1371 2020 68 28 often,
1451 2019 44 23 and
1506 2024 63 18 must
1581 2020 150 30 occasionally
1743 2028 73 19 occur,
1827 2020 49 23 that

1285 2061 124 30 important
1420 2060 76 23 affairs
1507 2060 76 23 would
1600 2060 56 23 have
1667 2066 23 18 to
1702 2062 28 22 be
1743 2062 132 30 postponed,

1284 2103 101 24 because
1396 2111 29 16 no
1436 2103 76 24 vessel
1529 2103 66 24 could
1613 2104 28 23 be
1658 2103 72 24 found
1749 2109 22 18 to
1792 2111 84 24 convey

1286 2147 38 23 the
1336 2146 119 24 mandates
1469 2146 25 24 of
1508 2147 39 23 the
1561 2146 118 24 Governor
1692 2151 23 19 to
1735 2147 37 23 the
1792 2146 85 24 distant

1286 2190 143 24 settlements
1436 2190 81 31 placed
1524 2190 73 24 under
1603 2190 37 23 his
1648 2190 87 24 authority.i
1740 2195 22 26 ty
1764 2208 6 6 .
1801 2190 75 24 These

1284 2233 131 24 difficulties
1433 2233 75 23 would
1527 2237 41 20 not
1583 2233 28 24 be
1630 2234 157 31 experienced,
1804 2234 19 23 if
1839 2234 38 23 the

1284 2276 116 24 residence
1420 2277 26 23 of
1467 2276 38 24 the
1527 2276 119 25 Governor
1664 2285 59 16 were
1740 2277 62 24 fixed
1820 2278 24 23 in
1865 2286 12 15 a

1285 2325 52 26 spot
1359 2320 92 31 already
1475 2320 108 31 occupied
1604 2320 30 31 by
1656 2329 14 15 a
1692 2328 122 16 numerous
1834 2321 43 23 and

1284 2364 103 30 thriving
1404 2365 149 30 community,
1573 2365 134 30 possessing
1725 2364 152 24 considerable

1284 2407 73 22 trade.

1320 2449 51 24 The
1396 2450 115 23 Colonists
1531 2450 45 24 and
1596 2450 125 33 Company,
1742 2452 94 23 anxious
1855 2456 22 19 to

1284 2494 58 23 have
1352 2494 45 23 this
1409 2494 67 23 made
1488 2494 38 24 the
1546 2499 48 19 seat
1613 2495 24 23 of
1656 2495 164 29 Government,
1841 2504 36 15 are

1284 2537 112 31 prepared
1409 2541 21 19 to
1443 2537 94 31 provide
1550 2546 14 15 a
1576 2539 43 22 site
1630 2538 35 23 for
1678 2538 39 23 the
1730 2538 80 24 official
1820 2540 58 21 resi-

1286 2581 70 22 dence
1369 2580 25 23 of
1410 2580 39 23 the
1460 2580 120 24 Governor
1591 2581 25 22 in
1629 2581 37 23 the
1679 2586 68 25 town,
1757 2590 24 15 as
1794 2582 50 23 well
1854 2590 24 15 as

1285 2623 98 24 suitable
1403 2631 104 16 reserves
1526 2624 37 23 for
1580 2624 39 23 the
1639 2626 99 22 erection
1757 2626 25 22 of
1802 2625 76 30 public

1284 2666 125 31 buildings,
1423 2666 46 24 and
1476 2666 24 24 of
1514 2667 130 24 residences
1651 2668 35 23 for
1693 2668 78 31 public
1781 2668 96 24 officers.

1432 2711 25 22 in
1469 2710 52 29 fact,
1535 2711 20 23 is
1566 2718 121 24 necessary
1702 2715 22 19 to
1743 2711 78 24 enable
1832 2711 46 24 His

1287 2753 142 31 Excellency
1442 2753 98 31 Captain
1553 2753 98 24 Hobson
1664 2760 22 17 to
1699 2755 75 23 reside
1792 2755 23 22 in
1834 2755 44 22 this

1285 2798 65 30 place
1362 2798 25 22 in
1399 2796 97 24 comfort
1507 2796 45 24 and
1565 2796 95 32 dignity,
1662 2810 34 4 —
1698 2805 24 16 so
1734 2797 35 24 far
1781 2805 25 16 as
1823 2798 19 23 it
1860 2798 18 23 is

1286 2840 79 24 within
1378 2840 38 23 the
1427 2847 75 24 power
1515 2840 26 24 of
1556 2840 38 23 the
1608 2841 115 23 Colonists
1738 2845 22 19 to
1778 2840 100 32 provide,

1286 2897 34 4 —
1322 2883 53 32 they
1388 2892 37 15 are
1436 2883 88 32 willing
1536 2888 23 19 to
1573 2884 89 31 supply.

1321 2927 43 22 We
1376 2927 59 31 hope
1448 2927 50 23 that
1509 2927 87 24 careful
1609 2928 152 23 examination
1774 2928 43 24 and
1826 2936 50 16 con-

1288 2970 124 23 sideration
1424 2970 25 23 of
1464 2969 38 24 the
1516 2970 90 32 subject
1622 2971 45 23 will
1679 2972 135 31 irresistibly
1830 2972 51 24 lead

1289 3014 46 22 His
1348 3012 143 33 Excellency
1505 3018 24 19 to
1549 3014 38 24 the
1608 3015 132 23 conclusion
1758 3016 49 23 that
1824 3016 57 23 Port

1288 3057 128 23 Nicholson
1428 3058 20 22 is
1460 3057 39 23 the
1511 3063 53 26 spot
1576 3062 21 19 to
1609 3058 28 24 be
1650 3058 106 30 selected,
1777 3058 43 24 and
1832 3059 49 23 that

1288 3101 24 22 in
1329 3108 14 15 a
1359 3100 43 23 few
1422 3100 92 23 months
1533 3101 40 23 the
1590 3101 108 24 reserved
1717 3103 54 22 sites
1790 3102 46 23 will
1852 3102 29 23 be

1289 3144 108 30 occupied
1406 3144 32 30 by
1451 3143 159 24 Government
1620 3144 125 30 buildings.

843 3420 117 17 LATEST
975 3420 108 17 DATES.

666 3456 96 21 London
985 3456 131 22 December
1128 3457 41 27 31,
1181 3457 73 23 1839.

666 3487 91 31 Sydney
986 3487 59 31 May
1058 3490 40 27 22,
1114 3490 74 23 1840.

666 3520 91 24 Hobart
769 3521 74 23 Town
989 3520 85 24 March
1088 3523 22 24 6,
1127 3524 75 22 1840.

1321 3207 45 24 We
1385 3208 77 23 obtain
1482 3208 38 23 the
1539 3208 117 32 following
1674 3208 129 32 paragraph
1821 3208 60 23 from

1287 3251 73 24 under
1371 3259 15 15 a
1397 3251 92 24 column
1500 3251 89 24 headed
1714 3252 43 23 and
1765 3252 117 23 Rumours

1288 3294 26 23 of
1324 3294 37 24 the
1466 3295 25 23 in
1498 3295 38 23 the
1740 3295 121 23 Chronicle

1289 3337 26 24 of
1330 3337 58 31 May
1399 3337 66 24 22nd
1481 3351 35 4 —
1541 3338 48 24 Mr.
1606 3339 111 28 Graham,
1725 3338 25 24 of
1761 3339 36 23 the
1806 3337 76 32 Royal

1288 3381 139 31 Engineers'
1444 3380 151 31 department,
1616 3381 45 23 will
1672 3382 98 30 proceed
1782 3383 22 22 in
1815 3390 14 14 a
1839 3381 43 24 few

1289 3424 56 31 days
1362 3428 24 19 to
1404 3424 59 23 New
1485 3424 109 28 Zealand,
1624 3429 22 19 to
1672 3424 146 31 superintend
1843 3424 39 25 the

1289 3467 100 24 erection
1400 3467 44 23 and
1456 3467 54 24 take
1523 3468 83 30 charge
1622 3468 25 23 of
1661 3468 39 23 the
1720 3468 99 30 military
1838 3469 44 23 and

1289 3511 89 23 convict
1389 3510 116 30 buildings

785 3640 133 26 Saturday,
934 3640 63 22 June
1013 3640 33 26 13,
1064 3641 61 21 1840.

663 3587 89 41 New
782 3587 207 41 Zealand
1019 3587 238 41 Gazette.

696 3694 45 24 We
762 3702 39 16 are
820 3696 68 30 again
905 3694 115 24 informed
1041 3695 48 23 that
1107 3703 26 16 as
1153 3701 40 26 yet
1215 3697 47 23 His

664 3735 142 32 Excellency
819 3738 99 31 Captain
931 3738 101 23 Hobson
1048 3738 43 24 has
1109 3743 42 19 not
1169 3739 93 25 decided

664 3787 62 23 upon
736 3779 39 24 the
787 3788 85 24 proper
889 3780 66 32 place
969 3781 37 23 for
1019 3781 38 24 the
1068 3781 101 24 location
1184 3783 25 24 of
1223 3783 39 23 the

665 3826 48 20 seat
724 3823 26 24 of
765 3823 157 24 Government
934 3825 25 22 in
971 3824 64 23 these
1048 3824 100 25 Islands.
1187 3826 35 24 To
1232 3834 28 15 us

664 3866 17 23 it
693 3875 96 23 appears
802 3867 49 24 that
870 3868 58 24 Port
947 3867 128 24 Nicholson
1096 3869 21 23 is
1135 3870 125 30 peculiarly

665 3910 90 31 eligible
763 3910 37 24 for
812 3911 39 23 the
863 3915 49 20 seat
924 3912 26 22 of
965 3920 13 14 a
986 3911 165 31 Government,
1161 3913 72 23 which
1241 3913 20 23 is

665 3957 21 18 to
698 3953 90 24 include
801 3953 80 25 within
894 3954 29 23 its
939 3954 147 31 jurisdiction
1098 3954 38 25 the
1151 3955 72 26 whole
1237 3964 27 15 oil

1324 3580 24 24 It
1359 3580 20 24 is
1391 3580 106 32 reported
1504 3580 50 24 that
1566 3580 48 24 His
1626 3581 142 33 Excellency
1784 3582 97 32 Captain

1290 3614 100 23 Hobson
1396 3613 41 24 has
1445 3613 131 32 purchased
1582 3614 48 24 Mr.
1643 3614 123 25 Clendon's
1774 3621 107 27 property

1289 3652 23 18 at
1324 3647 38 23 the
1380 3647 50 31 Bay
1449 3647 26 23 of
1498 3647 100 29 Islands,
1619 3656 30 15 on
1667 3647 156 26 Government
1842 3658 39 15 ac-

1289 3684 76 25 count,
1374 3680 35 23 for
1421 3682 124 27 £22,000.
1583 3680 24 24 It
1618 3682 19 22 is
1650 3681 89 25 further
1747 3683 73 23 stated
1832 3684 49 24 that

1289 3714 46 24 this
1347 3718 109 28 property
1469 3718 48 20 cost
1537 3715 48 24 Mr.
1606 3715 105 24 Clendon
1730 3717 53 31 only
1801 3717 55 24 £20
1869 3726 12 15 a

1288 3748 43 23 few
1343 3755 65 23 years
1419 3748 70 24 since.

1324 3788 30 23 In
1371 3788 95 23 another
1477 3791 52 28 part
1547 3788 26 23 of
1594 3797 42 15 our
1651 3797 71 23 paper
1738 3798 33 16 we
1788 3791 92 31 publish

1289 3825 100 20 extracts
1397 3821 58 24 from
1463 3821 39 23 the
1508 3821 70 24 latest
1585 3822 93 32 Sydney
1683 3830 89 24 papers,
1781 3825 99 31 brought

1288 3855 32 30 by
1343 3854 37 24 the
1627 3857 44 22 and
1693 3856 38 24 tho

1289 3889 53 23 Our
1352 3887 85 25 thanks
1449 3897 40 15 are
1501 3889 43 24 due
1563 3894 23 19 to
1604 3889 49 24 Mr.
1668 3889 39 24 W.
1729 3891 95 28 Elsdon,
1844 3892 36 23 for

1288 3921 37 24 his
1337 3921 110 24 kindness
1462 3922 25 23 in
1504 3924 93 29 putting
1615 3924 34 22 off
1662 3928 24 18 to
1704 3924 38 23 the

1289 3962 13 16 a
1314 3959 79 26 strong
1402 3955 83 24 breeze
1496 3955 100 31 blowing
1607 3961 23 18 at
1646 3956 38 23 the
1696 3957 62 29 time,
1773 3958 106 30 previous

1937 316 66 24 New
2022 317 136 24 Zealand.
2159 331 35 4 —
2195 318 51 24 The
2264 323 109 19 accounts
2391 321 104 22 received

1902 349 59 23 from
1974 350 58 23 New
2043 350 111 29 Zealand,
2171 351 31 30 by
2214 352 39 22 the
2275 352 46 23 late
2342 353 97 29 vessels,
2458 361 37 15 are

1903 390 62 15 more
1978 384 162 31 encouraging.
2178 384 99 31 Captain
2289 385 99 23 Hobson
2399 394 46 15 was
2458 393 37 16 re-

1903 416 115 30 covering,
2037 416 45 23 and
2092 424 47 15 was
2153 417 109 31 expected
2272 422 23 19 to
2307 418 78 23 attend
2396 423 24 18 to
2431 419 65 23 busi-

1902 455 54 16 ness
1964 456 55 23 very
2024 449 96 31 shortly.
2158 449 49 23 The
2215 450 54 23 land
2274 451 124 31 belonging
2403 456 23 18 to
2434 452 61 30 Cap-

1904 482 47 23 tain
1961 481 103 24 Clendon
2068 482 46 23 had
2119 483 58 23 been
2184 483 128 31 purchased
2316 484 30 30 by
2351 484 40 23 the
2398 492 98 23 govern-

1903 519 70 25 ment,
1994 515 43 23 and
2049 523 13 15 a
2073 516 114 31 township
2198 524 46 15 was
2257 521 23 18 to
2297 516 33 24 be
2343 517 98 24 marked
2458 522 39 20 out

1903 547 72 30 there,
1993 549 42 22 but
2044 556 34 15 we
2090 549 141 23 understand
2247 550 19 22 it
2283 550 20 22 is
2320 550 109 31 probable
2447 551 50 23 that

1903 580 39 23 the
1965 582 83 31 capital
2068 582 47 23 will
2138 582 30 22 be
2190 582 127 31 ultimately
2327 583 64 23 fixed
2412 588 24 18 at
2460 584 37 23 the

1904 614 109 24 Thames.
2048 615 45 23 We
2105 615 58 23 have
2174 616 104 23 received
2288 615 38 24 the
2334 616 86 23 second
2428 625 68 15 num-

1902 647 41 23 ber
1955 648 27 22 of
1991 648 37 23 the
2063 648 58 24 New
2133 648 103 24 Zealand
2248 648 105 30 Gazette,
2390 650 105 30 publish-

1903 680 28 23 ed
1942 685 24 18 at
1978 681 58 23 Port
2046 681 136 29 Nicholson,
2192 679 51 33 (the
2250 682 51 23 first
2307 682 98 23 number
2411 683 86 31 having

1904 713 57 24 been
1973 715 78 23 issued
2062 716 24 22 in
2098 714 110 32 London)
2220 715 60 23 from
2291 715 75 23 which
2389 723 33 16 we
2445 717 51 30 give

1904 754 62 16 some
1979 748 92 30 copious
2084 752 100 19 extracts
2194 748 79 29 below,
2288 756 25 15 as
2325 749 54 30 they
2392 749 63 23 show
2467 757 28 16 on

1903 780 60 23 what
1974 781 111 30 principle
2097 782 39 22 the
2156 782 123 28 Colonists,
2299 786 24 18 at
2339 787 95 26 present
2457 790 38 16 are

1903 814 86 30 acting.
2024 813 44 24 We
2087 822 38 15 see
2137 815 98 31 nothing
2246 815 49 23 that
2307 815 75 24 would
2400 815 55 24 tend
2472 820 23 19 to

1904 847 143 23 corroborate
2059 847 38 23 the
2110 852 134 19 statements
2255 848 67 23 made
2333 849 32 30 by
2381 848 40 24 the
2441 857 53 22 pas-

1904 886 94 23 sengers
2010 880 30 29 by
2051 880 39 23 the
2241 883 131 29 respecting
2394 881 38 24 the
2457 890 40 15 ex-

1904 916 71 19 treme
1988 912 133 24 destitution
2133 914 26 22 of
2165 914 38 23 the
2215 914 150 29 inhabitants,
2382 915 47 22 and
2438 915 32 30 by
2482 924 15 14 a

1903 945 88 30 private
2003 945 66 23 letter
2079 954 33 15 we
2125 954 38 15 are
2174 946 76 32 happy
2268 950 23 20 to
2300 947 65 23 learn
2387 947 51 23 that
2460 948 38 23 the

1904 978 92 23 settlers
2007 986 37 16 are
2057 980 89 30 getting
2164 987 53 16 over
2234 980 38 23 the
2290 980 132 24 difficulties
2439 982 58 22 inci-

1904 1010 78 24 dental
1992 1017 23 18 to
2026 1012 51 23 first
2084 1013 95 30 settling
2185 1013 25 23 in
2215 1021 14 15 a
2236 1018 103 26 country,
2346 1014 53 23 with
2407 1019 91 26 greater

1903 1044 107 24 facilities
2021 1045 56 24 than
2090 1046 68 23 could
2167 1046 58 23 have
2236 1047 59 22 been
2307 1048 136 30 reasonably
2457 1055 41 16 ex-

1903 1078 89 29 pected.
2028 1078 44 24 We
2084 1079 58 23 have
2156 1079 46 23 also
2214 1080 105 23 received
2330 1089 14 15 a
2356 1088 54 23 very
2422 1081 72 23 inter-

1904 1111 78 30 esting
1991 1111 67 23 letter
2069 1112 60 23 from
2137 1121 40 15 our
2185 1113 186 31 correspondent,
2382 1114 77 23 which
2465 1121 34 16 we

1904 1144 51 29 give
1964 1144 80 24 below.
2046 1158 35 3 —
2106 1146 70 23 Some
2189 1146 43 23 few
2249 1146 77 24 weeks
2345 1155 51 22 ago,
2415 1155 14 15 a
2445 1155 55 15 man

1904 1177 83 23 named
1998 1178 94 23 Patrick
2104 1179 105 31 Rooney,
2228 1187 46 16 was
2291 1180 72 23 found
2379 1180 121 23 murdered

1904 1217 55 15 near
1970 1210 38 24 his
2019 1211 125 29 residence,
2159 1217 21 18 at
2193 1213 132 28 Pukatuna,
2337 1214 40 22 the
2388 1218 109 27 property

1905 1243 25 22 of
1938 1243 50 24 Mr.
1997 1243 124 30 Williams,
2139 1245 25 22 in
2176 1245 75 24 whose
2275 1246 90 32 employ
2382 1247 30 23 he
2436 1255 46 15 was
2490 1256 6 19 ;

1905 1276 44 23 and
1962 1285 30 15 on
2004 1277 38 23 the
2053 1279 109 30 morning
2179 1279 24 22 of
2213 1278 68 24 Good
2298 1279 94 31 Friday,
2412 1288 14 15 a
2443 1280 57 23 New

1904 1309 104 24 Zealand
2018 1311 38 22 lad
2067 1319 46 15 was
2125 1312 100 30 brought
2243 1312 24 23 in
2288 1312 96 31 custody
2406 1314 32 30 by
2461 1313 38 24 the

1904 1344 97 29 natives,
2016 1344 98 31 charged
2119 1345 56 23 with
2182 1345 99 23 murder.
2319 1346 93 31 To-day
2420 1345 81 32 (April

1905 1375 70 33 20th)
1984 1377 38 23 the
2027 1382 82 19 matter
2117 1385 47 16 was
2168 1379 153 30 investigated
2326 1380 23 23 in
2355 1379 146 24 Kororarika

1905 1409 102 25 Church.
2044 1411 52 23 One
2109 1411 26 23 of
2141 1412 38 23 the
2191 1412 131 31 gentlemen
2333 1413 76 30 acting
2422 1421 25 15 as
2464 1414 36 22 in-

1905 1447 117 27 terpreter,
2035 1452 46 15 was
2094 1449 51 19 sent
2159 1449 21 19 to
2192 1445 68 31 bring
2272 1453 13 16 a
2296 1454 89 15 woman
2392 1446 51 23 who
2453 1454 47 16 was

1905 1484 14 15 a
1930 1485 56 22 very
1997 1478 105 23 material
2113 1479 100 28 witness,
2227 1483 23 19 to
2274 1479 38 23 the
2337 1479 95 24 Church
2439 1489 6 19 ;
2471 1488 30 15 on

1905 1511 92 30 coming
2009 1516 22 17 to
2043 1511 40 22 the
2094 1512 66 30 place
2172 1512 73 23 where
2267 1512 38 23 the
2328 1513 89 23 natives
2441 1521 59 15 were

1904 1544 135 28 assembled,
2053 1544 54 31 they
2114 1552 59 16 were
2180 1545 49 23 loth
2241 1549 21 19 to
2271 1545 32 23 let
2310 1545 41 24 her
2358 1553 38 23 go,
2410 1546 89 24 declar-

1905 1577 39 29 ing
1956 1577 41 22 she
2010 1577 81 23 should
2102 1582 40 19 not
2153 1586 29 23 go
2195 1583 39 18 out
2246 1579 25 22 of
2280 1579 58 23 their
2357 1580 70 30 sight,
2452 1580 45 23 and

1904 1608 60 24 from
1975 1610 60 23 their
2046 1611 94 30 general
2152 1612 145 29 demeanour,
2316 1620 14 15 a
2340 1620 47 16 tow
2399 1621 47 15 was
2459 1620 41 16 an-

1905 1643 108 31 ticipated
2020 1653 6 19 ;
2040 1644 57 23 after
2109 1652 64 15 some
2184 1645 59 23 little
2255 1646 63 29 time,
2338 1646 56 30 they
2417 1646 83 31 agreed

1905 1679 23 20 to
1940 1676 61 24 walk
2015 1681 21 19 to
2051 1677 37 23 the
2102 1678 101 29 Church,
2228 1678 44 24 and
2295 1679 55 23 then
2373 1679 127 24 demanded

1905 1709 38 23 the
1954 1711 105 30 prisoner
2070 1711 75 31 might
2157 1712 27 23 be
2192 1712 67 30 given
2267 1720 31 23 up
2307 1712 49 24 that
2364 1712 54 32 they
2425 1713 75 31 might

1904 1747 42 26 put
1957 1744 49 22 him
2019 1748 21 18 to
2053 1744 77 24 death.
2168 1745 57 23 This
2237 1746 69 31 being
2323 1746 100 29 refused,
2446 1747 53 30 they

1904 1776 75 31 began
1991 1782 23 18 to
2026 1782 38 26 get
2075 1786 79 20 warm,
2173 1779 65 22 when
2256 1779 17 22 it
2285 1787 45 16 was
2344 1779 97 31 thought
2459 1787 41 16 ne-

1905 1817 92 24 cessary
2010 1815 24 18 to-
2049 1811 43 23 call
2110 1812 25 22 in
2152 1812 38 22 the
2212 1812 109 31 military,
2346 1817 22 19 to
2392 1814 109 22 convince

1905 1842 63 24 them
1981 1844 53 30 they
2046 1852 58 15 were
2117 1850 41 18 not
2169 1850 22 19 to
2201 1845 57 23 have
2271 1846 31 23 all
2314 1846 58 23 their
2382 1854 51 15 own
2440 1855 57 22 way.

1904 1876 158 32 Accordingly
2072 1878 67 23 boats
2151 1886 59 16 were
2222 1879 133 30 dispatched
2363 1883 22 19 to
2394 1880 38 23 the
2441 1885 60 18 town

1905 1910 26 22 of
1941 1909 74 30 Kent,
2029 1915 21 18 to
2063 1920 97 22 procure
2172 1913 38 22 the
2222 1912 104 30 soldiers,
2339 1913 50 22 who
2408 1913 46 24 lost
2471 1921 30 15 no

1905 1944 54 22 time
1985 1944 24 22 in
2031 1946 92 30 coming
2145 1950 25 18 to
2193 1946 38 22 the
2255 1951 59 26 spot,
2344 1946 76 24 where
2446 1947 53 30 they

1905 1984 58 16 were
1996 1977 80 31 joined
2104 1979 31 30 by
2166 1979 37 23 the
2234 1979 148 29 inhabitants,
2402 1980 46 23 and
2477 1981 23 22 in

1905 2017 13 14 a
1937 2018 55 22 very
2020 2010 44 24 few
2091 2012 101 22 minutes
2219 2013 87 29 proved
2328 2017 24 19 to
2374 2021 41 15 our
2439 2013 62 24 sable

1904 2042 116 28 brethren,
2039 2043 49 22 that
2100 2043 102 30 English
2224 2045 43 21 law
2288 2045 66 22 ruled
2375 2043 38 24 the
2436 2044 63 23 land.

1907 2073 73 24 Great
1998 2074 71 23 credit
2080 2076 20 22 is
2113 2076 45 23 due
2170 2080 21 19 to
2204 2076 39 23 the
2260 2076 79 24 Police
2363 2076 139 31 Magistrate

1905 2107 45 23 and
1963 2107 105 24 Colonial
2081 2109 106 30 Surgeon
2200 2118 28 14 on
2241 2109 38 24 the
2291 2111 113 28 occasion,
2419 2111 34 23 for
2466 2111 34 23 al-

1906 2140 88 32 though
2006 2149 30 16 no
2048 2141 64 24 shots
2120 2150 58 16 were
2185 2143 65 29 fired,
2263 2144 39 23 the
2310 2145 88 22 natives
2406 2152 96 23 appear-

1906 2174 29 22 ed
1945 2175 63 30 quite
2017 2175 125 24 convinced
2149 2176 49 23 that
2204 2184 35 16 we
2246 2184 60 16 were
2312 2182 41 19 not
2360 2181 23 19 to
2389 2177 30 23 be
2429 2178 74 23 trifled

1905 2207 64 23 with.
2013 2208 37 24 No
2069 2208 87 32 danger
2173 2210 115 23 whatever
2305 2211 20 23 is
2339 2216 23 18 to
2376 2210 29 24 be
2420 2219 82 24 appre-

1905 2240 91 24 hended
2004 2251 6 19 ;
2024 2242 45 23 and
2081 2242 13 24 I
2105 2243 60 23 have
2176 2251 30 15 no
2218 2243 72 24 doubt
2301 2252 33 15 we
2347 2244 58 23 shall
2424 2252 29 23 go
2473 2252 29 16 on

1905 2274 74 23 better
1992 2275 54 23 than
2059 2283 60 17 ever.
2156 2276 45 24 We
2213 2285 37 15 are
2262 2278 77 23 rather
2351 2278 139 31 surprised^
2494 2284 8 18 t

1905 2312 41 18 not
1956 2308 87 31 having
2053 2317 63 15 more
2140 2311 125 30 emigrants
2287 2311 60 23 from
2370 2311 95 31 Sydney
2479 2312 25 23 of

1905 2341 53 29 late,
1973 2341 38 24 the
2023 2342 61 23 folks
2104 2351 85 23 appear
2208 2348 22 19 to
2253 2344 59 23 have
2331 2345 111 23 forsaken
2465 2353 35 16 us.

1906 2374 44 23 We
1962 2380 62 18 want
2035 2383 53 16 men
2100 2377 26 23 of
2136 2377 89 31 capital,
2240 2385 52 15 men
2305 2378 87 31 willing
2404 2383 23 18 to
2439 2378 63 24 work

1907 2415 25 16 as
1939 2408 132 24 mechanics
2079 2410 45 23 and
2132 2410 147 31 agricultural
2286 2411 119 23 labourers
2412 2421 6 20 ;
2427 2420 76 23 wages

1907 2449 38 15 are
1957 2442 68 31 light,
2027 2455 31 4 —
2060 2450 33 16 we
2105 2448 62 19 want
2183 2452 83 22 money
2289 2449 41 19 not
2352 2445 73 31 goods
2433 2455 5 19 ;
2453 2447 19 22 it
2483 2446 20 22 is

1906 2474 46 24 bad
1961 2476 77 30 policy
2050 2476 35 23 for
2098 2481 116 27 strangers
2227 2478 92 31 coming
2331 2483 22 19 to
2366 2478 59 24 New
2443 2480 59 22 Zea-

1906 2508 55 24 land
1973 2514 23 18 to
2009 2510 68 31 bring
2088 2511 72 30 goods
2172 2516 22 18 to
2208 2511 45 23 this
2271 2511 99 30 market,
2392 2520 71 24 many
2475 2513 28 23 do

1907 2546 40 19 not
1957 2543 83 23 realise
2053 2549 49 18 cost
2115 2545 71 30 price.
2223 2544 51 24 The
2398 2546 105 24 M'Don-

2000 2576 25 24 of
2041 2577 102 31 Sydney,
2164 2578 88 24 arrived
2264 2586 29 16 on
2317 2579 38 23 the
2378 2579 65 30 18th,
2464 2584 39 19 out

1910 2610 29 22 11
1959 2610 101 29 months,
2084 2613 65 22 1060
2168 2612 88 23 barrels
2276 2620 76 23 sperm
2376 2613 38 23 oil.
2452 2613 51 24 The

1909 2642 158 24 Government
2077 2643 60 25 have
2148 2645 66 23 made
2227 2650 172 26 arrangements
2417 2646 35 23 for
2465 2647 39 24 the

1907 2676 115 32 township
2034 2677 25 22 of
2068 2677 74 29 Kent,
2154 2678 75 24 which
2241 2679 47 22 will
2298 2679 69 23 make
2377 2679 39 23 the
2436 2680 67 23 allot-

1907 2713 77 19 ments
1991 2718 53 15 over
2050 2710 63 24 there
2119 2719 63 16 more
2187 2712 113 23 valuable.
2326 2713 51 22 The
2385 2713 120 24 Governor

1909 2743 19 22 is
1940 2742 47 24 fast
1997 2745 142 30 recovering.
2177 2746 128 31 Subjoined
2316 2746 19 23 is
2347 2754 14 15 a
2379 2751 126 19 statement

1909 2775 26 23 of
1944 2776 130 24 allotments
2087 2786 29 15 on
2128 2777 40 25 the
2175 2779 69 23 north
2251 2779 49 23 side
2309 2779 24 23 of
2350 2779 154 30 Kororarika,

1909 2809 50 23 sold
1969 2810 33 30 by
2014 2810 48 24 Mr.
2076 2811 99 30 Wilson,
2189 2812 54 31 (not
2253 2812 62 24 John
2327 2812 125 33 Thomas,)
2466 2814 38 23 the

1909 2843 138 30 auctioneer,
2060 2852 31 16 on
2102 2845 131 31 Thursday,
2247 2846 38 23 the
2298 2847 50 23 9th.
2383 2847 53 23 The
2452 2847 54 24 land

1910 2876 26 23 of
1944 2876 75 25 which
2031 2877 45 24 this
2088 2878 72 24 forms
2171 2883 58 27 part,
2255 2887 40 24 say
2312 2880 56 29 half,
2386 2888 47 16 was
2457 2881 49 23 sold

1909 2909 31 32 by
1950 2911 89 31 private
2051 2916 110 26 contract,
2184 2913 64 24 three
2258 2913 95 24 months
2377 2914 70 29 since,
2471 2914 35 23 for

1909 2943 47 24 less
1980 2944 56 24 than
2058 2946 82 24 £150.
2177 2946 45 24 No.
2239 2949 21 27 1,
2274 2947 52 24 £31
2338 2949 45 27 ;2,
2396 2948 54 23 £51
2460 2957 6 19 ;
2481 2949 24 27 3,

1910 2977 53 26 £47
1972 2987 6 20 ;
1994 2980 24 27 4,
2031 2979 54 26 £47
2093 2988 5 20 ;
2114 2982 24 27 5,
2149 2981 54 23 £39
2211 2989 6 20 ;
2232 2982 23 27 6,
2268 2981 55 24 £32
2330 2989 6 20 ;
2358 2982 23 27 7,
2392 2981 54 23 £32
2455 2990 5 20 ;
2483 2983 23 26 S,

1909 3011 54 24 £35
1973 3020 5 20 ;
1994 3013 23 28 9,
2029 3012 53 24 £26
2091 3022 5 19 ;
2111 3015 39 27 10,
2164 3014 54 23 £36
2226 3023 6 19 ;
2249 3015 38 27 11,
2298 3014 55 24 £26
2361 3023 5 19 ;
2382 3016 38 26 12,
2434 3014 56 24 £26
2499 3023 5 20 ;

1912 3046 38 27 13,
1961 3045 66 23 £20.
2063 3045 77 29 Total,
2158 3047 80 23 £448.
2276 3047 76 23 These
2376 3047 130 24 allotments

1909 3085 59 16 were
1979 3078 61 31 forty
2049 3078 46 23 feet
2102 3079 31 30 by
2227 3092 34 4 —
2263 3079 110 25 Sydney
2382 3080 124 24 Herald.

1944 3117 139 25 Markets.
2084 3131 36 5 —
2121 3119 52 24 The
2185 3120 113 30 tendency
2310 3124 23 20 to
2344 3129 14 15 a
2377 3120 88 25 decline
2483 3122 24 22 in

1910 3150 38 23 the
1955 3151 64 31 price
2029 3151 25 23 of
2062 3151 82 30 wheat,
2152 3153 75 23 which
2238 3162 34 15 we
2279 3154 93 23 noticed
2379 3155 24 22 in
2415 3162 42 16 our
2464 3155 45 23 last

1910 3188 85 26 report,
2008 3184 73 24 lasted
2093 3186 54 30 only
2158 3186 34 23 for
2205 3195 13 15 a
2231 3187 43 31 day
2286 3195 26 15 or
2323 3191 43 21 two
2375 3196 5 20 ;
2394 3188 40 23 the
2445 3196 62 16 news

1910 3216 60 24 from
1982 3217 95 32 Sydney
2088 3219 32 31 by
2132 3219 39 24 the
2334 3223 38 22 via
2387 3221 119 24 Launces-

1910 3254 47 25 ton,
1970 3250 76 24 which
2063 3253 99 24 reached
2180 3262 28 15 us
2220 3263 30 15 on
2269 3254 110 32 Tuesday
2390 3256 115 29 morning,

1911 3284 85 23 caused
2012 3284 45 24 this
2075 3287 67 30 grain
2155 3291 23 20 to
2191 3288 99 23 advance
2309 3289 76 30 again,
2405 3289 46 23 and
2469 3289 38 23 the

1909 3317 63 31 price
1985 3322 25 19 at
2020 3323 93 27 present
2124 3321 21 22 is
2157 3322 53 22 firm
2221 3326 24 18 at
2257 3323 52 22 15s.
2323 3322 36 23 for
2373 3322 61 30 good
2446 3330 61 16 sam-

1910 3350 58 31 ples,
1987 3351 111 33 although
2109 3362 35 15 we
2161 3354 57 24 have
2231 3359 40 19 not
2285 3355 71 23 heard
2367 3355 26 23 of
2409 3364 45 22 any
2467 3364 40 15 ex-

1910 3385 89 23 tensive
2019 3386 58 24 sales
2097 3392 23 18 at
2137 3388 50 23 that
2204 3389 70 30 price.
2312 3388 51 24 The
2383 3390 76 29 prices
2472 3397 35 15 re-

1911 3419 83 23 turned
2012 3419 46 23 this
2077 3421 69 23 week
2156 3421 60 24 from
2231 3422 38 23 the
2285 3422 62 23 mills
2366 3430 72 24 range
2449 3423 60 22 from

1913 3452 51 23 14s.
1980 3456 22 19 to
2018 3454 51 23 16s.
2082 3462 41 23 per
2135 3454 89 30 bushel,
2238 3454 45 24 and
2294 3455 45 23 fine
2345 3456 61 22 flour
2418 3461 24 18 at
2448 3456 59 23 from

1910 3484 55 24 £42
1979 3490 23 19 to
2014 3487 54 23 £45
2080 3495 41 23 per
2133 3492 48 19 ton.
2218 3488 93 31 Barley,
2325 3487 135 34 (English,)
2471 3491 35 22 9s.

1910 3522 23 19 to
1948 3521 63 28 10s.,
2025 3520 62 31 Cape
2099 3521 46 29 do.,
2165 3522 36 23 6s.
2215 3526 23 19 to
2251 3523 36 24 7s.
2301 3522 39 24 6d.
2359 3531 43 23 per
2414 3522 91 24 bushel.

1912 3551 67 30 Oats,
1994 3555 36 22 6s.
2044 3553 39 24 6d.
2098 3558 21 19 to
2133 3557 37 22 7s.
2184 3555 38 24 6d.
2234 3564 5 20 ;
2254 3555 61 29 seed,
2329 3557 37 24 7s.
2381 3560 23 19 to
2417 3558 36 22 Bs.
2467 3557 50 31 per'

1909 3593 42 24 per
1965 3586 91 25 bushel.
2093 3587 65 31 Hay,
2172 3586 93 34 (loose,)
2278 3589 38 24 £5
2326 3598 6 20 ;
2351 3590 106 31 pressed,
2470 3590 35 25 £7

1912 3621 52 22 10s.
1977 3628 43 23 per
2032 3624 46 20 ton.
2116 3621 82 30 Straw,
2218 3624 53 22 60s.
2284 3630 42 24 per
2338 3628 49 18 ton.
2436 3624 69 23 Pota-

1910 3657 57 25 toes,
1981 3654 37 25 £7
2033 3656 51 21 10s.
2098 3662 41 23 per
2151 3659 40 19 ton
2199 3664 7 20 ;
2221 3663 26 15 or
2259 3658 37 22 Bs.
2309 3660 24 20 to
2350 3659 38 21 9s.
2400 3665 43 24 per
2455 3661 50 19 cwt.

1909 3685 59 30 beef,
1982 3687 40 24 6d.
2032 3691 22 19 to
2065 3687 53 24 lOd.
2127 3696 43 23 per
2177 3688 31 24 lb.
2241 3689 103 29 Mutton,
2354 3690 54 24 SM.
2419 3695 24 18 to
2452 3690 52 24 6*d.

1909 3727 41 23 per
1961 3720 43 29 lb.,
2015 3728 40 23 per
2064 3728 90 17 carcase
2163 3722 39 23 6d.
2241 3722 77 30 Coals,
2327 3722 70 32 (Port
2404 3722 101 32 Arthur)

1912 3754 51 22 16s.
1977 3757 24 19 to
2016 3755 50 23 18s.
2077 3763 6 20 ;
2105 3754 102 32 Sydney,
2226 3757 54 22 40s.
2300 3764 40 24 per
2352 3762 48 19 ton.
2439 3757 65 24 Fire-

1909 3786 71 29 wood,
1996 3785 132 34 (she-oak,)
2149 3790 52 22 18s.
2220 3797 42 24 per
2280 3794 48 20 ton.

1909 3827 38 16 are
1958 3821 91 30 getting
2063 3828 77 17 scarce
2154 3823 74 31 owing
2246 3827 23 19 to
2282 3823 39 24 the
2332 3828 62 19 want
2406 3824 26 23 of
2446 3825 57 22 rain.

1907 3865 35 4 —
1943 3852 68 24 Ibid.

1942 3892 170 26 Newcastle.
2115 3908 36 4 —
2151 3895 51 23 The
2220 3896 47 23 late
2285 3897 63 31 gales
2366 3897 58 24 have
2448 3897 55 23 done

1908 3927 156 24 considerable
2076 3928 110 24 mischief
2191 3934 22 18 to
2226 3930 38 23 the
2277 3934 61 20 town
2349 3931 46 23 and
2406 3931 97 23 harbour

1907 3959 26 24 of
1943 3960 136 30 Newcastle,
2100 3962 75 24 which
2187 3963 19 23 is
2218 3971 14 15 a
2245 3971 54 23 very
2318 3965 87 23 serious
2424 3968 79 20 matter

750 48 129 31 THE
922 48 143 30 NEW
1108 48 313 31 ZEALAND
1469 49 324 30 GAZETTE.

1902 135 23 19 to
1929 132 43 23 her
1980 133 131 31 anchoring,
2121 134 45 23 and
2172 135 23 22 in
2199 134 110 32 bringing
2316 143 41 15 our
2364 135 79 24 letters
2452 136 42 23 and

1901 173 91 22 papers,
2012 166 81 29 which,
2114 166 127 29 otherwise,
2260 175 34 15 we
2308 168 67 23 could
2386 173 41 18 not
2438 169 56 23 have

1902 199 103 23 received
2015 199 60 23 until
2084 199 47 23 late
2144 204 55 19 next
2210 200 52 29 day.

1984 264 258 24 COLONIAL
2274 266 144 23 NEWS.

721 1445 170 24 SHIPPING
912 1446 275 24 INTELLIGENCE.

883 1495 153 22 ARRIVED.

696 1524 59 23 June
775 1526 23 26 8,
818 1525 52 31 brig
1102 1526 41 28 97,
1167 1526 86 30 Fisher,

660 1557 59 23 from
733 1558 104 30 Sydney,
849 1558 94 31 general
954 1566 76 23 cargo,

696 1591 65 29 10th,
774 1591 54 31 ship
985 1594 57 26 400,
1055 1592 22 23 J.
1092 1592 26 24 S.
1134 1592 119 30 Coombes,

661 1623 100 31 Sydney,
774 1625 98 29 general
885 1632 76 22 cargo.

787 3162 42 12 .orn.

884 3159 54 15 Even.

983 3159 62 16 Wind.
1061 3160 3 25 |

1119 3160 91 16 Weather.

662 3199 29 16 Sat

662 3219 43 17 Stfn.
726 3232 18 5 ...

663 3240 49 16 Mon.
726 3253 17 5 ...

662 3261 53 18 Tues.
726 3273 18 6 ...

662 3282 49 16 Wed.
726 3294 18 5 ...

662 3303 82 17 Thurs...

662 3324 30 16 Fri

792 3200 19 15 55

792 3221 20 15 55

791 3242 21 15 43

791 3262 22 16 43

792 3283 19 15 51

792 3304 19 15 51

792 3325 21 15 42

899 3200 20 16 56

899 3221 20 16 57

899 3242 20 16 50

898 3263 21 15 55

899 3284 20 15 55

899 3305 20 15 56

900 3325 20 16 53

997 3200 41 17 S.E.
1079 3201 93 17 Moderate
1181 3202 15 16 &
1203 3201 43 17 dull.

997 3221 40 17 S.E.
1077 3222 34 16 Do.
1134 3222 31 17 do.
1173 3223 15 16 &
1197 3223 40 16 fine.

997 3242 42 16 S.E.
1077 3242 33 17 Do.
1133 3243 30 16 do.
1172 3244 15 15 &
1195 3244 50 16 frost.

997 3262 52 17 N.W.
1078 3263 33 16 Do.
1134 3263 29 17 do.
1171 3265 16 15 &
1194 3265 50 15 frost.

997 3283 41 16 S.E.
1079 3284 33 16 Do.
1135 3284 29 17 do.
1172 3285 15 16 &
1195 3285 44 16 dull.

996 3304 41 16 S.E.
1079 3305 33 16 Do.
1135 3305 29 17 do.
1173 3306 15 16 &
1195 3306 44 16 rain.

997 3325 52 16 N.W.
1077 3326 35 16 Do.
1134 3326 29 17 do.
1173 3327 16 16 &
1196 3327 50 16 frost.

683 3366 54 17 Mean
743 3379 4 4 .

793 3367 50 16 48.57

899 3367 49 16 54.57

833 129 70 21 OIL!
920 129 72 21 OIL!
1009 129 71 21 OIL!

661 162 225 47 WELSDON
901 161 97 22 informs
1014 162 34 21 his
1065 162 85 22 friends
1163 163 45 22 and
1216 162 37 22 the

734 199 10 10 •
775 188 76 27 public
866 188 49 22 that
930 188 29 22 he
975 188 41 22 has
1028 195 13 15 a
1056 188 61 28 large
1136 190 79 27 supply
1232 189 25 22 of

661 215 80 21 Whale
752 213 43 28 Oil,
807 222 30 14 on
847 222 54 20 very
910 215 116 22 moderate
1035 218 75 19 terms.

689 241 60 22 June
759 242 35 26 13,
805 242 62 21 1840.

665 295 111 48 GH.
790 295 135 26 COGLAN,
934 295 115 21 Waterloo
1061 295 81 27 Stores,
1154 299 47 18 east
1211 295 44 21 end

721 333 10 10 •
744 322 27 21 of
777 322 37 21 the
821 321 79 26 beach,
909 321 125 27 Britannia,
1041 321 26 22 in
1074 321 102 22 addition
1187 326 22 17 to
1220 322 33 21 his

663 349 116 20 extensive
794 348 63 21 stock
872 347 24 21 of
909 348 95 27 brandy,
1021 348 41 27 ale,
1079 352 83 23 porter,
1180 356 73 20 sugar,

663 375 52 26 rice,
728 375 65 26 flour,
811 375 48 26 salt,
876 374 46 21 and
937 374 93 27 general
1048 375 132 27 provisions,
1195 376 60 21 iron-

664 408 109 21 mongery
788 401 46 21 and
848 401 117 21 Britannia
977 401 69 21 metal
1060 401 77 27 goods,
1153 402 40 21 has
1209 402 46 27 just

664 427 89 28 landed,
765 434 29 15 ex
804 427 38 22 the

691 454 56 22 Fine
757 454 104 22 Jamaica
870 461 57 20 rum,
940 453 109 23 Schedam
1060 453 45 22 and
1113 455 100 21 Geneva.

691 480 81 28 Hyson
783 480 51 22 skin
843 483 37 19 tea
888 480 24 21 in
923 480 74 22 chests
1007 480 44 22 and
1060 480 50 22 half
1122 481 36 22 do.

691 507 101 27 English,
804 507 129 26 American,
950 507 45 21 and
1006 507 100 22 Colonial
1122 514 54 21 soap
1187 508 22 21 in
1221 508 32 26 15,

665 533 45 21 and
719 533 58 27 251b,
788 533 76 27 boxes,
877 533 45 21 and
931 533 46 22 fine
987 533 53 22 seed
1049 537 108 24 potatoes.

689 561 14 20 2
714 567 62 15 cases
785 560 26 21 of
821 560 61 27 large
893 560 50 22 bole
958 561 70 26 pipes,
1039 561 95 21 window
1143 561 59 27 glass
1215 562 39 24 10§

663 586 30 27 by
702 588 26 23 8J
739 586 46 22 and
794 588 26 24 8J
829 587 30 26 by
867 588 34 24 6*.

689 613 33 21 To
736 613 74 21 which
827 613 28 22 he
872 613 145 28 respectfully
1031 613 82 22 solicits
1128 614 76 27 public
1221 615 35 21 in-

663 639 108 27 spection.

688 695 131 20 JOINER
833 695 74 21 AND
919 695 156 20 CABINET
1089 695 139 21 MAKER.

663 728 95 47 JH.
776 728 166 21 JOHNSTON
957 728 146 28 respectfully
1111 728 93 22 informs
1220 729 36 21 the

703 765 11 10 •
746 754 86 28 Public,
849 755 49 21 that
905 754 29 22 he
945 754 40 22 has
997 755 146 22 commenced
1155 756 101 21 business

663 781 23 20 in
696 780 38 23 the
745 781 71 22 above
827 776 53 32 line,
896 784 24 18 at
928 781 44 22 No.
984 782 20 24 1,
1017 781 173 29 Clyde-terrace,
1202 786 54 18 next

663 807 70 22 house
743 811 23 18 to
778 808 38 21 the
830 808 56 22 Rev.
898 808 45 21 Mr.
955 807 138 23 M'Farlane.

691 834 23 21 It
732 834 46 22 will
795 835 28 21 be
842 835 39 21 the
905 834 38 22 the
963 838 105 19 constant
1087 835 129 22 endeavour
1234 836 24 21 of

663 860 21 22 J.
696 861 31 22 H.
738 861 29 27 J.,
783 861 30 27 by
824 862 110 21 attention
950 865 22 18 to
982 862 109 27 business,
1109 865 22 18 to
1141 863 67 21 merit
1218 862 36 22 the

662 891 123 24 patronage
801 888 26 22 of
842 888 63 22 those
923 888 119 27 favouring
1059 888 48 22 him
1123 889 55 21 with
1197 889 57 21 their

664 914 82 23 orders.

691 941 54 22 Port
754 941 131 27 Nicholson,
898 942 61 21 June
969 943 33 25 13,
1015 943 60 21 1840.

861 996 199 20 CHARCOAL.

664 1028 160 48 MESSRS.
837 1029 105 21 CLARK
957 1028 48 22 and
1015 1029 158 22 BATTRASS
1182 1029 43 28 beg
1234 1032 21 19 to

755 1055 84 21 inform
854 1055 38 21 the
908 1055 77 27 public
995 1055 49 22 that
1059 1055 53 28 they
1122 1055 58 22 have
1197 1064 60 14 com-

662 1081 96 22 menced
769 1081 109 23 Charcoal
888 1081 111 28 Burning,
1011 1082 45 22 and
1066 1082 48 22 that
1123 1083 57 21 after
1190 1083 66 21 Mon-

663 1107 44 28 day
714 1111 55 19 next
780 1108 54 27 they
841 1108 45 22 will
896 1108 58 22 have
962 1116 13 14 a
985 1109 89 27 regular
1083 1109 88 28 suppfy,
1182 1114 22 17 at
1212 1110 43 21 Mr.

663 1135 103 26 Pierces,
780 1135 37 21 the
828 1136 118 21 Britannia
955 1136 82 22 Stores.

690 1161 60 23 June
762 1163 33 26 13,
806 1164 61 20 1840.

848 1218 106 20 TOV7N
968 1218 106 20 LAND.

662 1250 97 48 ANY
779 1250 49 22 One
847 1250 96 27 wishing
961 1254 23 19 to
1005 1251 86 27 dispose
1111 1251 26 21 of
1157 1258 14 15 a
1188 1251 67 22 Town

741 1278 67 26 Acre,
821 1285 25 14 or
854 1280 51 29 part
914 1278 26 21 of
947 1285 50 19 one,
1013 1285 52 20 may
1075 1278 55 22 hear
1140 1279 26 20 of
1178 1286 12 14 a
1201 1286 50 20 pur-

662 1304 83 26 chaser,
764 1311 30 14 on
809 1307 84 24 stating
908 1304 133 27 particulars
1060 1305 23 21 in
1098 1312 14 14 a
1128 1305 76 21 Letter
1219 1305 37 21 ad-

661 1330 92 22 dressed
767 1333 23 19 to

908 1358 31 21 H.
952 1358 31 21 H.
1147 1358 77 22 Office.

688 1384 60 21 June
760 1385 33 25 12,
805 1385 62 21 1840.

44 129 80 21 SALE
141 129 42 21 BY
202 129 145 26 AUCTION,
371 131 45 21 ON
433 130 197 22 WEDNESDAY

181 155 94 28 NEXT,
292 156 80 22 JUNE
386 157 35 27 17,
435 159 61 19 1840.

72 188 140 22 MESSRS.
223 190 43 20 W.
276 191 29 20 E.
318 191 21 20 &
350 191 26 20 J.
387 192 34 19 H.
432 190 173 21 WALLACE

44 221 55 21 Will
113 222 40 22 sell
166 223 31 26 by
211 223 97 26 auction,
326 230 27 14 on
366 223 143 27 Wednesday
524 226 62 23 next,
604 230 27 14 on

136 249 58 21 their
202 250 113 27 premises,
327 253 56 19 next
392 253 23 18 to
425 250 36 21 the
472 250 71 24 Bank,

43 282 52 47 A
113 282 161 24 QUANTITY
289 284 26 21 of
335 283 170 22 VALUABLE
524 282 108 27 BOOKS,

123 310 136 27 comprising
286 310 120 27 Religious,
435 309 129 27 Historical,
590 311 43 19 and

43 335 130 22 Illustrated
192 335 80 23 Works
282 345 5 18 ;
317 337 78 21 Works
416 343 29 14 on
467 336 36 21 the
520 336 56 21 Arts
590 335 44 22 and

44 361 102 22 Sciences
153 371 6 18 ;
176 362 43 22 and
230 363 63 22 other
302 363 73 22 useful
390 363 44 22 and
443 362 133 27 interesting
584 362 51 21 sub-

40 388 66 27 jects,
118 389 28 20 all
157 389 22 21 in
189 389 60 26 good
259 389 119 22 condition.

71 415 39 21 An
120 415 30 21 oil
159 416 103 26 painting
270 416 45 22 and
324 416 70 27 proof,
406 416 30 26 by
445 416 135 26 Liversiege.

72 441 39 21 An
120 442 30 21 oil
159 442 109 27 painting,
305 442 36 22 the
351 442 112 27 Offerings
471 442 25 21 of
503 442 37 21 the

42 467 49 21 The
108 467 82 28 figures
202 469 31 27 by
251 469 50 22 Van
317 469 77 27 Balen,
416 469 38 21 the
468 469 121 27 landscape
605 469 30 26 by

43 493 91 28 Brugel.

72 521 39 21 An
121 521 28 22 oil
160 522 109 27 painting,
536 522 31 27 by
583 521 51 21 Van

44 547 78 22 Balen.

70 573 49 23 The
128 575 70 21 above
207 575 23 21 in
241 575 121 22 handsome
372 575 42 27 gilt
424 575 88 22 frames.

72 601 21 21 A
105 602 112 26 quantity.
223 602 26 21 of
260 602 109 27 superfine
386 602 61 21 dress
463 602 60 21 cloth
541 601 92 27 clothes,

45 627 86 27 misfits,
142 628 57 22 from
210 628 37 22 the
258 628 94 22 London
361 629 95 21 market-

71 653 63 28 Also,
146 662 14 14 a
169 655 103 27 quantity
282 655 26 22 of
319 655 122 22 hardware.

42 690 43 21 *%
100 688 47 21 The
158 689 44 21 sale
212 691 23 19 to
248 696 129 14 commence
393 693 24 17 at
432 690 23 20 11
472 688 93 27 o'clock,
581 695 52 14 a.m.

43 742 105 47 NOW
172 742 154 28 LANDING,
352 750 28 14 ex
540 742 46 21 and
606 749 28 14 on

126 768 50 22 Sale
186 772 23 18 at
218 769 38 21 the
272 771 73 20 Stores
355 770 26 20 of
393 770 37 21 the
439 769 151 26 undersigned
597 777 5 13 :
604 781 30 4 —

98 801 70 22 Black
179 806 35 17 tea
232 803 33 26 (in
274 803 57 22 291b.
342 803 88 27 boxes,)

98 828 112 27 Currants,

97 855 80 22 Butter
192 856 31 26 (in
233 855 55 28 kegs
298 856 44 21 and
352 856 96 27 firkins,)

97 881 62 27 Rice,

97 907 70 23 Black
176 916 90 21 pepper,

96 935 76 22 Men's
183 937 70 26 boots,

96 961 60 22 Beef
168 963 32 24 (in
211 963 97 27 tierces,)

96 987 56 23 Fine
163 989 62 26 flour,

96 1015 101 27 Taylor's
209 1019 66 24 stout,

96 1041 132 23 Trueinan's
241 1043 62 28 ditto,

96 1068 88 28 Striped
193 1069 73 22 shirts.

397 1097 123 22 ROBERT
535 1097 71 22 TOD.

69 1128 54 23 Port
132 1129 131 28 Nicholson,
275 1130 58 22 June
345 1131 32 27 13,
390 1132 61 21 1840.

40 1183 148 48 PAINTS,
200 1184 47 27 oils,
259 1185 44 21 and
312 1185 128 27 varnishes;

123 1210 64 22 Nails
197 1211 45 21 and
251 1211 61 22 locks
324 1212 24 20 of
360 1212 30 22 all
399 1212 66 22 kinds
473 1221 6 19 ;

123 1237 102 22 Window
235 1238 64 28 glass,
313 1240 25 20 13
348 1239 30 27 by
387 1241 13 19 9
407 1248 6 18 ;

122 1264 65 28 Soap,

122 1290 52 28 Tea,

122 1318 62 27 Rice,

122 1344 59 22 Rose
192 1345 57 22 Cork
260 1346 80 27 butter,

123 1372 93 27 Arrack,
229 1373 41 21 &c.
281 1374 39 21 &c.

242 1406 26 22 T.
284 1407 33 22 M.
334 1408 184 23 PARTRIDGE
529 1408 47 22 and
586 1409 45 21 CO.

66 1432 61 22 June
137 1434 20 20 9.

40 1486 74 49 ON
124 1488 78 21 SALE
212 1495 14 14 a
233 1488 62 28 large
305 1489 104 27 quantity
420 1490 25 21 of
451 1490 58 26 good
519 1490 38 21 Oil
565 1499 5 18 ;
585 1490 47 22 also

120 1514 70 32 cheap
206 1518 77 24 strong
298 1516 53 21 cord
366 1519 98 19 trousers
479 1517 44 21 and
536 1517 95 27 jackets,

37 1541 81 26 prints,
139 1542 100 27 calicoes,
266 1542 94 28 hosiery,
384 1543 47 22 and
449 1544 77 27 shoes;
550 1544 80 28 paints,

37 1567 101 27 vinegar,
149 1569 46 22 and
204 1568 55 28 shag
270 1570 97 21 tobacco.

385 1597 86 22 JOHN
484 1597 119 23 PIERCE.

66 1621 119 23 Britannia
194 1622 70 23 Hotel
275 1623 43 22 and
329 1624 82 22 Stores.

37 1676 186 48 WANTED,
246 1685 13 14 a
280 1679 96 21 number
399 1679 27 21 of
445 1679 185 23 Brick-makers.

136 1704 77 28 Apply
222 1708 24 18 at
256 1705 37 22 the
331 1706 95 22 Gazette
465 1707 78 21 Office.

255 1761 47 21 ON
319 1761 97 21 SALE.

75 1793 57 24 /FR.
147 1793 144 23 TELFORD
301 1794 40 23 has
352 1802 28 14 on
391 1795 55 27 sale,
464 1796 86 26 Starch,
569 1796 62 21 Mar-

39 1817 62 24 JLYi
131 1820 95 28 malade,
237 1822 46 21 and
293 1821 93 28 Pickles,
398 1822 46 22 and
460 1830 53 20 very
531 1823 101 27 superior

37 1846 100 28 Brandy.

66 1873 55 22 Port
131 1874 130 28 Nicholson,
273 1874 51 23 24th
335 1876 72 27 April,
420 1877 59 25 1840,

202 1930 97 21 LAND
319 1932 146 19 ORDERS.

40 1962 164 36 QEVERAL
211 1963 43 22 lots
263 1964 26 21 of
294 1964 68 22 Town
371 1964 47 22 and
424 1965 99 27 Country
531 1965 101 22 Sections

39 1985 34 26 O
103 1990 36 20 for
148 1990 58 27 Sale,
219 1990 32 27 by
268 1991 87 21 Private
371 1991 113 22 Contract.
514 1992 78 27 Apply
609 1996 23 17 to

36 2016 29 22 R.
82 2016 28 21 R.
127 2017 100 26 Strang,
248 2017 60 28 Esq.,
327 2017 110 28 Solicitor,
453 2019 43 21 No.
510 2020 21 25 4,
551 2019 81 31 Clyde-

36 2047 95 21 terrace,
144 2051 24 13 or
178 2047 22 17 to
211 2046 45 18 Mr.
268 2045 21 19 .1.
299 2045 100 20 Telford.
431 2045 88 21 Several
531 2045 26 20 of
569 2047 63 19 these

38 2075 63 14 acres
112 2069 43 20 will
166 2069 27 21 be
204 2069 149 27 sub-divided,
364 2073 24 18 to
399 2070 45 21 suit
452 2070 140 27 purchasers.

65 2095 55 21 Port
129 2095 131 28 Nicholson,
273 2096 64 28 April
346 2098 33 25 24,
392 2098 61 20 1840.

192 2151 109 21 BRXCK
316 2152 157 20 MAKING.

35 2185 187 48 WANTED,
230 2185 63 22 three
301 2185 77 27 steady
384 2186 123 22 workmen.
527 2187 77 25 Apply
609 2190 22 19 to

359 2213 45 21 Mr.
417 2212 22 22 J.
449 2214 153 22 TELFORD.

206 2267 98 20 LAND
319 2267 146 21 ORDERS.

37 2300 95 49 MR.
148 2301 21 20 J.
184 2300 145 22 TELFORD
342 2301 41 20 has
397 2307 29 15 on
438 2301 56 28 Sale,
506 2302 70 21 Town
587 2302 45 21 and

131 2327 101 27 Country
242 2328 108 21 Sections.

65 2354 38 21 He
114 2354 18 21 is
142 2354 46 21 also
198 2354 123 23 instructed
329 2358 22 17 to
366 2354 110 28 purchase
485 2355 37 22 the
530 2355 102 29 Country

37 2381 66 22 Land
113 2381 23 22 in
147 2389 13 14 a
169 2381 85 22 section
266 2382 25 21 of
302 2382 37 21 the
352 2381 49 23 first
417 2383 67 21 series
499 2382 72 22 under
587 2383 43 22 No.

35 2410 51 20 COO.

64 2436 55 21 Port
128 2434 131 29 Nicholsoii,
271 2436 65 28 April
346 2438 32 26 10,
391 2438 62 21 1840.

253 2492 48 20 ON
317 2492 97 21 SALE.

37 2525 95 49 MR.
148 2525 21 22 J.
184 2525 145 23 TELFORD
343 2527 56 26 begs
414 2529 25 19 to
452 2527 111 26 intimate,
585 2527 48 22 that

131 2553 28 21 he
170 2553 40 21 has
220 2560 30 14 on
261 2553 57 27 Sale,
330 2556 23 19 at
362 2553 35 22 his
408 2553 86 28 House,
505 2557 22 18 at
536 2553 38 22 the
586 2558 47 17 east

37 2580 46 21 end
101 2579 28 21 of
147 2579 38 23 the
204 2579 135 29 Company's
357 2580 156 28 Warehouses,
540 2588 29 14 on
594 2581 38 22 the

37 2607 85 27 Beach,
132 2614 29 15 an
172 2610 134 19 assortment
317 2607 25 21 of

63 2641 127 22 Hardware
200 2641 26 21 of
237 2641 39 22 the
285 2642 49 21 first
343 2642 95 27 quality,

65 2668 69 21 Flour
143 2669 47 21 and
199 2669 104 27 oatmeal,

65 2695 79 27 Sugar,
155 2699 44 24 tea,
211 2695 45 22 and
266 2697 76 26 coffee,

65 2722 92 27 Cheese,
168 2723 81 26 butter,
262 2723 44 22 and
315 2723 91 22 various
416 2723 64 23 other
490 2723 97 22 articles.

38 2749 55 21 Port
103 2749 131 27 Nicholson,
246 2750 65 27 April
321 2752 33 25 10,
366 2752 63 20 1840.

171 2804 153 22 WEEKLY
340 2805 163 21 MARKET.

39 2838 93 48 MR.
148 2838 21 22 J.
185 2838 143 22 TELFORD
343 2838 41 22 has
399 2840 111 26 arranged
518 2843 23 18 to
552 2839 58 23 have
621 2848 13 14 a

131 2872 94 15 weekly
249 2873 94 14 market
370 2874 30 14 on
425 2866 140 23 MONDAY
590 2868 44 21 and

38 2891 171 23 SATURDAY
223 2892 169 28 EVENINGS,
409 2897 23 18 at
441 2894 34 21 his
486 2894 146 28 Warehouse,

37 2918 60 22 from
106 2920 16 20 4
132 2922 21 19 to
164 2920 14 21 7
188 2918 93 28 o'clock,
293 2920 67 27 being
374 2920 111 22 intended
501 2920 84 28 chiefly
599 2922 35 21 for

37 2945 38 22 the
98 2946 195 22 accommodation
312 2947 27 21 of
356 2947 144 22 Workmen's
519 2948 113 23 Families.

37 2972 49 22 The
105 2972 115 28 following
239 2974 88 21 articles
345 2974 46 22 will
409 2975 29 21 be
456 2976 51 21 sold
523 2976 25 20 in
568 2976 66 22 small

38 3000 128 28 quantities,
178 3004 23 18 at
210 3000 131 23 reasonable
351 3002 73 26 prices
430 3009 5 14 :
438 3014 30 4 —

65 3026 76 28 Flour,
162 3028 105 27 oatmeal,
287 3035 72 19 sugar,
380 3032 45 24 tea,
450 3029 76 28 coffee,
550 3029 82 28 butter,

38 3053 88 28 cheese,
137 3054 98 27 candles,
247 3062 61 20 soap,
320 3056 39 20 &c.
371 3056 41 21 &c.

65 3081 55 22 Port
129 3081 131 27 Nicholson,
272 3082 65 28 April
346 3083 33 26 10,
392 3083 62 21 1840.

245 3137 181 22 REGATTA.

39 3169 93 49 MR.
148 3170 22 22 J.
187 3170 145 23 TELFORD
347 3171 40 22 has
404 3179 29 14 on
449 3172 53 27 sale,
519 3181 14 13 a
545 3172 89 23 limited

132 3197 103 27 quantity
246 3197 27 22 of
282 3198 77 22 ladies'
370 3198 62 23 dress
443 3198 64 23 shoes
513 3207 5 19 ;
537 3200 27 21 of
578 3207 56 19 gen-

38 3224 105 21 tlemen's
153 3224 61 21 dress
223 3224 47 21 and
279 3224 50 22 half
342 3224 60 23 dress
414 3226 65 21 boots
494 3226 46 22 and
554 3226 66 23 shoes
627 3235 5 19 ;

39 3250 47 22 and
95 3257 13 14 a
118 3250 60 28 large
188 3250 108 24 selection
306 3251 26 22 of
342 3256 88 22 regatta
440 3252 101 29 shirting.

66 3277 59 22 N.B.
127 3290 30 4 —
159 3278 74 21 Prime
242 3278 57 27 pork
312 3278 45 23 and
370 3279 59 28 beef,
446 3280 34 22 for
494 3280 43 22 this
552 3280 82 23 week's

39 3304 97 22 market.

65 3331 57 22 Port
131 3330 133 28 Nicholson,
277 3332 55 27 May
341 3334 33 20 22.

41 3386 156 27 /CLARET,
211 3386 25 23 in
250 3394 63 15 cases
327 3387 26 22 of
367 3395 43 15 one
425 3388 71 24 dozen
512 3389 62 27 each,
588 3390 47 26 just

41 3415 42 20 \_/
113 3413 86 23 landed
207 3413 59 23 from
276 3413 37 22 the

214 3440 27 22 T.
259 3440 34 22 M.
309 3440 184 24 PARTRIDGE
504 3442 46 22 and
559 3443 47 22 CO.

286 3496 105 21 LAND.

40 3529 98 50 ANY
158 3527 138 24 Gentleman
315 3529 96 29 wishing
430 3533 23 19 to
471 3530 88 29 dispose
578 3532 27 22 of
623 3541 13 14 a

122 3556 65 22 Land
197 3556 80 27 Order,
288 3563 52 20 may
348 3556 57 23 hear
415 3557 27 22 of
453 3564 13 15 a
472 3558 125 27 -purchaser
606 3567 29 15 on

40 3583 152 28 appplication
203 3586 23 19 to

241 3609 128 23 SAMUEL
385 3611 48 23 Me.
449 3611 158 29 DONNELL,

179 3644 54 23 Last
246 3644 66 27 Tent,
328 3648 55 18 west
397 3645 47 22 end
458 3645 25 22 of
498 3645 38 23 the
552 3646 83 24 Beach.

67 3670 40 23 Bth
118 3671 72 28 April,
204 3673 60 21 1840.

193 3727 159 21 COPVZNG
371 3727 113 23 PRESS.

43 3762 90 49 FOR
152 3762 85 27 SALE,
258 3770 14 14 a
286 3762 80 23 Patent
380 3763 102 28 Copying
495 3764 72 27 Press,
581 3764 56 22 hav-

116 3789 41 27 ing
169 3789 63 22 lever
247 3797 81 20 power,
347 3790 53 21 with
417 3797 15 14 a
444 3790 61 28 large
519 3791 81 27 supply
614 3792 26 22 of

41 3823 71 22 paper
122 3816 44 22 and
180 3816 46 22 ink.
256 3816 99 28 Enquire
365 3819 23 19 at
401 3816 39 22 the
451 3817 94 23 Gazette
556 3818 79 23 Office.

42 3870 117 23 TrERY
178 3870 155 23 SUPERIOR
348 3871 203 23 CHAMPAGNE
568 3873 68 23 AND

56 3889 23 31 V
124 3898 128 22 CLARET.

393 3925 87 23 JOHN
490 3925 119 25 PIERCE.

70 3948 120 27 ■Britannia
199 3951 71 24 Hotel
280 3952 45 24 and
335 3953 81 22 Stores.
