2550 4039
1895 3887 92 23 Printed
2005 3887 46 22 and
2069 3887 119 28 published
2209 3890 25 19 at
2253 3887 38 23 the
2311 3887 71 22 Office
2401 3887 27 21 of
2448 3887 37 21 the

1946 3922 54 21 New
2019 3921 102 22 Zealand
2283 3922 54 22 Port
2353 3921 132 25 Nicholson,

1922 3956 55 21 New
1987 3955 109 22 Zealand.

63 147 21 22 is
95 145 74 22 stated
176 149 23 18 to
208 148 92 20 amount
307 148 22 19 to
339 145 69 22 about
420 145 92 28 60,000
522 150 60 21 men,
595 142 53 23 with

65 179 47 22 186
124 178 76 30 pieces
212 178 25 22 of
246 177 108 30 artillery.
390 177 51 23 The
453 176 90 31 cavalry
554 176 21 22 is
584 174 64 24 weak

62 211 25 22 in
98 211 139 31 proportion,
249 210 42 23 but
304 212 90 27 12,000
401 217 62 16 more
469 216 61 16 were
541 207 107 32 expected

61 247 24 19 to
97 244 72 23 arrive
180 243 59 24 from
248 243 106 30 Annapa.
356 255 34 4 —
390 242 90 28 Times,
493 241 66 24 Dec.
572 243 40 22 21.

95 282 59 24 The
168 283 80 23 Army
248 295 33 4 —
282 282 114 23 Brevet.
398 294 33 4 —
431 281 44 24 We
493 281 57 23 have
566 287 81 17 reason

61 320 24 18 to
97 315 86 23 believe
197 316 48 22 that
258 315 38 23 the
309 315 102 25 Queen's
423 314 154 31 approaching
587 320 59 24 nup-

60 348 52 23 tials
124 348 47 23 will
187 349 51 30 give
249 348 45 23 rise
306 352 23 19 to
342 356 14 14 a
366 348 84 28 brevet,
465 347 114 23 modelled
590 347 56 22 after

60 380 40 23 the
116 381 54 31 plan
183 381 25 23 of
224 381 37 23 the
279 381 130 23 coronation
429 387 40 16 one
489 380 26 22 of
531 380 38 23 the
589 380 57 24 28th

60 413 68 29 June,
142 416 64 21 1838
216 423 7 19 ;
235 413 80 28 which,
328 413 116 31 following
454 414 29 21 its
494 420 122 24 precursor
624 413 24 23 of

60 446 39 23 the
113 447 56 23 10th
181 447 107 30 January,
302 447 73 28 1837,
387 447 24 22 in
419 446 55 23 such
481 446 66 31 rapid
554 453 91 16 succes-

61 480 57 28 sion,
131 488 53 20 was,
194 488 24 15 as
227 487 64 23 every
300 487 42 15 one
350 479 108 31 expected
465 479 18 22 it
495 484 24 18 to
526 479 36 28 be,
571 486 74 15 some-

60 512 60 23 what
132 512 25 24 of
171 513 40 23 the
223 512 98 23 shortest
332 512 25 23 of
372 512 29 22 its
418 511 64 24 kind.
520 512 51 23 The
583 519 62 15 com-

60 545 69 23 mand
138 546 25 22 of
172 546 39 23 the
222 549 95 19 western
329 545 88 23 district
429 545 24 23 of
463 545 73 23 Great
547 545 97 28 Britain,

60 578 26 23 of
102 578 37 23 the
152 583 77 26 troops
246 579 24 22 in
281 578 57 23 New
358 578 72 23 South
448 578 88 28 Wales,
549 577 95 31 Ceylon,

60 611 36 23 St.
108 610 99 29 Helena,
216 610 113 29 Scotland,
342 610 128 32 Guernsey,
479 611 39 23 the
528 610 115 29 northern,

60 648 96 25 eastern,
166 648 103 24 western,
277 643 183 29 south-western,
474 643 44 24 and
528 643 115 29 northern,

59 677 99 23 districts
166 677 26 23 of
201 676 97 29 Ireland,
310 676 103 31 together
424 676 54 24 with
489 676 39 24 the
541 677 103 30 appoint-

58 714 74 18 ments
156 709 25 24 of
201 709 303 32 deputy-adjutant-general
530 714 23 18 at
574 709 70 24 head-

58 747 110 26 quarters,
182 742 26 23 of
222 743 128 30 inspecting
366 743 91 30 general
469 743 26 23 of
510 742 98 31 cavalry,
622 743 25 23 of

58 775 158 23 commandant
231 780 21 18 at
265 775 120 28 Chatham,
398 776 26 22 of
438 776 129 30 inspecting
578 775 65 24 field-

58 808 75 23 officer
145 808 26 23 of
187 808 38 23 the
244 808 97 23 London
359 809 124 30 recruiting
505 808 96 29 district,
621 809 26 23 of

58 840 305 32 deputy-adjutant-general
374 842 23 22 in
409 841 100 29 Ireland,
523 842 25 23 of
563 842 80 23 assist-

57 878 39 18 ant
119 874 207 31 adjutant-general
349 879 22 18 at
394 874 70 29 Cork,
488 874 26 24 of
536 875 108 23 assistant

58 907 278 31 quartermaster-general
364 912 23 19 at
409 908 113 31 Armagh,
550 909 46 22 and
621 908 25 23 of

56 939 100 31 military
185 940 186 31 superintendant
396 941 25 22 of
447 941 37 23 the
513 941 130 30 gentlemen

57 972 75 24 cadets
150 977 23 19 at
186 973 118 28 Chatham,
325 981 25 15 as
362 973 50 23 well
429 982 25 15 as
466 974 39 23 the
524 975 120 22 command

56 1005 26 23 of
90 1005 38 23 the
148 1006 65 28 18th,
232 1006 64 28 45th,
315 1006 44 23 and
371 1007 65 23 52nd
451 1008 133 29 regiments,
596 1007 47 23 will

56 1038 31 23 all
101 1038 28 23 be
140 1039 95 23 affected
251 1039 30 30 by
293 1039 37 23 the
342 1039 85 29 brevet,
445 1039 83 30 which,
545 1040 31 31 by
588 1048 53 23 pro-

55 1072 88 30 moting
155 1072 37 23 the
204 1072 91 30 general
306 1072 46 23 and
364 1072 63 24 other
439 1073 89 23 officers
535 1081 52 15 now
594 1081 47 15 em-

54 1104 83 31 ployed
154 1105 23 23 in
189 1105 64 23 those
265 1105 87 24 several
364 1107 125 29 capacities,
502 1106 44 23 will
562 1106 80 24 render

55 1137 60 23 them
124 1138 115 31 ineligible
249 1143 22 18 to
281 1139 73 23 retain
362 1138 58 24 their
432 1140 125 30 respective
568 1144 71 27 posts.

55 1169 31 23 In
97 1170 100 24 addition
215 1175 22 20 to
249 1171 63 24 these
326 1172 119 29 removals,
463 1173 180 31 major-general

56 1203 37 23 Sir
112 1203 60 24 John
186 1204 82 23 Foster
284 1204 139 32 Fitzgerald,
443 1206 37 23 Sir
491 1206 151 31 Willoughby

56 1236 91 30 Cotton,
157 1237 38 23 Sir
206 1237 75 24 James
290 1237 154 31 Macdonnell,
458 1239 45 23 and
511 1239 130 30 Clitherow,

53 1269 47 23 will
117 1270 28 23 be
162 1270 98 25 recalled
275 1270 60 25 from
352 1272 96 31 Bengal,
467 1272 112 31 Bombay,
599 1273 44 23 and

56 1302 100 25 Canada.
186 1303 41 24 An
238 1305 119 30 exception
368 1313 52 23 may
428 1305 102 32 possibly
538 1306 28 23 be
576 1306 66 24 made

54 1336 25 22 in
89 1336 80 24 favour
177 1336 25 23 of
211 1336 37 24 the
260 1338 92 30 general
362 1338 87 24 officers
462 1343 22 18 at
497 1338 59 24 New
568 1340 73 23 South

53 1368 87 29 Wales,
154 1370 36 23 St.
201 1370 97 29 Helena,
312 1371 45 23 and
366 1371 92 32 Ceylon,
470 1371 32 31 by
509 1373 134 31 permitting

55 1401 37 23 Sir
100 1401 104 25 Maurice
211 1403 127 24 O'Connell
346 1404 44 23 and
399 1405 38 23 Sir
442 1404 90 25 Robert
537 1405 104 25 Arbuth-

53 1439 40 18 not
106 1439 22 19 to
139 1437 88 21 remain
239 1444 28 16 on
281 1436 38 24 the
331 1437 56 23 staff
397 1437 70 29 there,
481 1439 56 23 with
548 1439 39 24 the
597 1447 45 23 pay

54 1467 44 24 and
115 1469 121 24 allowance
248 1470 25 23 of
287 1470 73 31 major
377 1471 111 30 generals,
508 1471 58 24 after
583 1472 59 24 their

53 1501 134 24 attainment
195 1506 21 20 to
230 1502 37 24 the
278 1507 55 19 next
344 1505 142 30 progressive
498 1505 61 23 rank
566 1506 24 22 in
603 1505 38 25 the

53 1535 92 29 service,
169 1536 44 23 and
235 1536 30 30 by
283 1537 134 31 continuing
439 1537 79 32 Major
542 1538 99 25 General

53 1566 153 25 Middlemore
231 1574 22 18 at
275 1570 35 22 St.
336 1570 93 23 Plelena
451 1578 25 16 as
504 1571 135 31 heretofore,

51 1600 95 24 without
156 1602 56 23 staff
218 1610 52 23 pay,
281 1607 23 18 to
312 1603 81 29 which,
406 1611 25 15 as
439 1604 52 23 civil
502 1604 139 25 lieutenant-

51 1641 111 23 governor
170 1635 26 23 of
205 1635 37 23 the
253 1636 71 31 place,
335 1636 29 24 he
371 1637 19 22 is
402 1641 40 19 not
448 1637 98 24 intitled.
578 1639 62 23 Such

52 1672 171 26 arrangements
240 1676 37 15 are
295 1670 129 23 sometimes
437 1671 139 29 sanctioned,
596 1673 43 23 and

51 1707 52 23 may
114 1700 99 32 perhaps
225 1701 27 23 be
265 1702 130 24 authorised
407 1704 25 22 in
444 1703 37 23 the
497 1706 142 29 prospective

52 1740 62 16 cases
123 1734 25 22 of
157 1734 38 23 the
205 1735 87 23 officers
300 1736 24 22 in
331 1737 111 29 question,
453 1736 38 23 the
504 1742 43 19 two
556 1738 83 25 former

51 1766 26 23 of
86 1766 73 24 whom
169 1775 93 23 possess
270 1768 66 23 claim
348 1773 23 19 to
379 1769 37 23 the
423 1769 144 32 indulgence,
579 1771 59 25 from

51 1798 37 24 the
102 1800 161 24 circumstance
275 1801 25 23 of
315 1801 59 24 their
390 1803 169 31 appointments
570 1804 69 32 being

51 1832 26 23 of
86 1840 53 23 very
152 1838 78 19 recent
248 1834 57 24 date.
342 1835 48 23 But
408 1836 81 24 should
509 1837 38 23 the
559 1838 78 24 brevet

50 1865 29 23 be
89 1873 62 24 upon
162 1874 14 15 a
187 1874 62 16 more
261 1868 112 23 extended
384 1869 60 23 scale
453 1878 5 20 ;
470 1869 83 24 should
564 1872 26 27 it,
602 1871 35 24 for

51 1899 109 31 example,
180 1900 90 23 include
288 1901 30 23 all
330 1902 39 23 the
382 1902 43 23 full
443 1903 100 23 colonels
558 1904 25 23 of
599 1905 38 23 the

49 1939 54 23 year
117 1934 71 27 1840,
201 1934 18 22 it
231 1933 44 23 will
287 1934 55 24 then
352 1935 29 23 be
392 1935 132 31 productive
535 1937 25 23 of
568 1945 68 24 many

50 1965 64 23 other
119 1966 122 31 important
246 1966 106 32 changes,
361 1968 175 33 independently
542 1970 25 23 of
573 1971 63 24 those

49 1998 74 24 ■which
133 2006 33 16 we
185 1999 57 24 have
257 2000 125 25 described.
419 2002 50 23 The
481 2004 121 23 command
613 2005 26 22 of

49 2031 39 22 the
100 2031 128 24 Grenadier
237 2032 43 23 and
293 2033 142 24 Coldstream
448 2035 99 30 Guards,
562 2036 25 23 of
599 2036 37 24 the

49 2064 48 29 6th,
111 2065 49 28 9th,
179 2065 46 23 and
236 2065 57 26 37th
310 2067 124 30 regiments
446 2068 25 23 of
483 2069 57 28 foot,
558 2069 25 23 of
597 2069 38 24 the

48 2096 74 32 Royal
140 2098 111 32 Artillery
268 2099 24 23 in
315 2100 39 23 the
376 2101 107 23 northern
505 2102 90 24 district
613 2104 25 22 of

48 2130 115 31 England,
177 2132 25 23 of
218 2132 37 24 the
274 2132 76 32 Royal
368 2133 129 32 Engineers
512 2139 24 19 at
552 2136 82 23 Ports-

48 2165 85 28 mouth,
158 2165 82 29 Malta,
260 2166 43 23 and
323 2166 124 30 Gibraltar,
470 2168 40 23 the
529 2170 104 31 appoint-

48 2201 74 19 ments
135 2198 25 23 of
169 2199 157 24 commandant
337 2205 24 19 at
373 2201 37 23 the
423 2201 91 31 cavalry
524 2202 75 31 depot,
613 2203 24 23 of

49 2230 83 32 deputy
150 2234 279 30 quartermaster-general
452 2239 23 18 at
493 2235 97 30 Dublin,
613 2237 24 23 of

49 2264 25 22 of
88 2264 36 23 six
141 2265 61 30 paid,
222 2266 43 22 and
276 2267 36 22 six
327 2266 113 33 honorary
451 2268 183 33 aides-de-camp

48 2301 24 18 to
92 2297 38 24 the
142 2298 90 29 Queen,
251 2299 44 23 and
306 2307 13 16 a
336 2300 53 23 host
401 2300 25 23 of
441 2302 136 30 regimental
591 2303 44 23 and

49 2330 86 24 several
152 2332 75 22 minor
238 2332 55 23 staff
306 2334 126 29 vacancies,
445 2335 45 23 will
503 2335 58 23 have
573 2340 22 19 to
606 2336 28 23 be

48 2363 61 24 filled
126 2372 29 24 up
174 2369 23 19 to
215 2365 36 24 the
270 2368 150 30 comparative
439 2367 161 32 disadvantage
613 2370 25 23 of

49 2396 37 23 the
109 2398 96 31 retiring
227 2399 90 30 parties,
341 2400 44 24 and
403 2405 24 19 to
448 2401 38 23 the
509 2401 87 25 benefit
613 2403 25 23 of

48 2429 64 24 those
123 2431 49 22 who
185 2432 94 23 succeed
291 2433 70 24 them.
364 2446 33 4 —
399 2434 106 24 United
522 2435 110 24 Service

51 2462 133 25 Gazette.

82 2504 104 31 Nothing
196 2505 41 23 has
250 2511 38 26 yet
298 2507 59 24 been
368 2508 139 32 definitively
519 2509 82 24 settled
613 2515 22 18 at

48 2537 174 31 head-quarters
234 2542 134 30 concerning
379 2542 38 23 the
430 2542 115 31 colonelcy
559 2543 24 23 of
597 2544 37 23 the

49 2570 59 24 50th
119 2570 66 30 Foot,
197 2572 42 23 but
248 2580 31 16 we
291 2573 58 24 have
360 2583 81 15 reason
452 2580 22 18 to
487 2575 88 25 believe
587 2577 48 23 that

50 2603 60 24 Gen.
124 2604 38 24 Sir
175 2605 41 24 Gt.
236 2605 143 26 Townshend
390 2608 103 30 Walker,
513 2609 76 30 Bart.,
602 2610 31 24 G.

51 2636 68 30 C.8.,
132 2636 91 32 (Lieut.
237 2639 117 25 Governor
367 2641 24 23 of
402 2641 98 25 Chelsea
514 2642 120 33 Hospital)

49 2669 46 23 will
112 2671 28 22 be
155 2672 119 32 appointed
292 2677 23 19 to
333 2674 19 23 it
363 2674 58 24 from
439 2675 38 24 the
495 2676 50 23 52d
564 2676 71 31 Light

51 2702 111 34 Infantry,
175 2704 24 23 of
208 2704 71 26 which
286 2706 29 24 he
325 2707 19 23 is
356 2715 50 16 now
415 2708 102 30 Colonel,
531 2709 45 24 and
588 2710 47 24 that

50 2736 86 24 several
155 2737 64 25 other
237 2746 101 17 removes
357 2740 25 24 of
397 2749 13 15 a
428 2742 47 23 like
494 2747 82 19 nature
590 2744 45 23 will

50 2769 53 24 take
120 2770 63 31 place
201 2777 104 26 amongst
322 2774 39 23 the
378 2775 91 30 general
481 2776 90 24 officers
585 2777 50 23 who

49 2801 57 25 have
123 2804 123 30 regiments
255 2814 6 19 ;
281 2806 37 23 the
329 2812 81 19 vacant
427 2808 116 32 colonelcy
558 2817 77 16 occas-

51 2835 113 32 sionedby
172 2837 63 24 these
243 2840 108 23 transfers
358 2841 52 28 will,
419 2841 23 23 in
449 2841 30 24 all
488 2843 146 31 probability,

49 2868 29 23 be
89 2869 68 30 given
163 2874 22 18 to
199 2870 75 32 Major
282 2872 100 25 General
394 2874 38 23 Sir
443 2875 61 24 John
513 2876 120 30 Gardiner,

51 2901 105 30 X.C.8.,
179 2903 93 31 Deputy
291 2905 114 32 Adjutant
428 2908 108 30 General,
559 2910 75 24 whose

51 2935 94 32 sterling
155 2937 148 30 professional
310 2941 86 27 merits,
407 2941 44 23 and
458 2942 55 31 long
521 2942 45 24 and
577 2943 58 24 tried

50 2968 105 30 services,
173 2970 64 30 gives
253 2970 48 24 him
319 2980 24 15 as
362 2977 78 28 strong
451 2983 14 15 a
476 2975 67 25 claim
562 2980 23 19 to
597 2976 37 24 the

50 3000 130 27 distinction
187 3004 25 22 in
219 3005 103 31 question
329 3013 26 16 as
366 3014 41 15 can
413 3007 50 24 well
470 3008 30 24 be
507 3009 125 24 instanced.

49 3046 35 5 —
84 3034 68 26 Ibid,

84 3075 158 26 Departure
263 3086 30 16 of
308 3087 51 16 the
373 3082 65 23 19th
456 3081 145 27 Regiment
601 3097 33 4 —

49 3107 80 25 Riots
142 3117 27 15 in
182 3111 137 24 England.
322 3126 34 3 —
357 3113 85 25 Orders
455 3123 58 16 were
531 3117 103 24 received

49 3140 46 25 this
108 3141 42 32 day
157 3142 35 25 for
204 3143 38 24 the
253 3145 128 24 immediate
393 3148 159 24 embarkation
563 3150 25 23 of
596 3150 38 23 the

52 3174 57 23 19th
127 3174 124 31 Regiment
266 3177 34 23 for
319 3179 115 31 England.
468 3182 164 32 Accordingly,

50 3211 43 18 two
112 3207 70 24 hours
200 3209 55 24 after
274 3210 38 24 the
326 3217 64 19 route
404 3221 45 16 was
467 3215 113 30 received,
596 3216 38 23 the

49 3241 112 29 regiment
173 3242 123 24 embarked
305 3244 36 23 for
359 3245 91 31 Bristol,
469 3255 31 16 on
512 3248 70 24 board
597 3249 37 24 the

75 3273 138 25 Ballinasloe
252 3276 44 23 and
332 3277 102 32 Express
473 3282 159 31 steam-ships.

51 3305 50 24 The
119 3306 117 25 disturbed
251 3313 57 19 state
321 3311 25 22 of
357 3311 38 23 the
410 3313 102 24 Chartist
526 3315 106 29 districts,

50 3339 45 23 and
103 3339 38 24 the
149 3341 158 32 apprehended
317 3343 109 25 outbreak
434 3346 24 23 of
465 3347 38 23 the
512 3348 121 29 Chartists,

50 3372 83 30 during
144 3373 39 23 the
195 3375 97 30 ensuing
303 3375 64 24 trials
379 3381 23 19 at
413 3377 146 33 Monmouth,
577 3381 57 24 have

51 3405 82 23 caused
154 3406 39 25 the
216 3407 86 26 sudden
321 3409 118 31 departure
459 3413 25 22 of
505 3413 38 23 the
568 3414 64 24 19th.

51 3438 85 33 Happy
143 3439 21 23 is
177 3439 92 26 Ireland
270 3454 32 3 —
303 3442 45 22 and
359 3447 70 26 great,
441 3444 82 25 indeed
533 3452 62 18 must
605 3448 29 23 be

49 3470 41 24 her
110 3476 57 19 state
186 3473 26 23 of
227 3475 148 33 tranquillity,
387 3476 64 23 when
467 3485 35 16 we
521 3487 42 15 can
582 3480 52 24 thus

51 3503 104 34 dispense
179 3506 56 25 with
263 3511 76 30 troops
340 3521 34 3 —
374 3509 73 25 which
472 3511 72 25 under
573 3513 61 32 Tory

49 3538 86 29 regime
142 3545 59 16 were
208 3546 119 26 necessary
333 3545 23 18 to
364 3542 88 23 enforce
460 3542 38 25 the
506 3546 128 24 semblance

51 3570 24 22 of
85 3571 150 32 tranquillity,
235 3585 34 4 —
269 3573 105 25 Dublin
386 3575 132 27 Monitor.

86 3915 91 23 Private
188 3916 78 23 letters
286 3917 104 24 received
408 3917 57 24 from
478 3917 158 32 Philadelphia

51 3948 30 30 by
94 3948 37 24 the
168 3949 87 23 British
389 3955 57 19 state
459 3951 50 25 that
521 3951 37 23 the
567 3955 69 22 state-

84 3609 44 24 We
138 3610 64 24 learn
213 3612 58 23 from
282 3612 58 24 New
352 3614 75 29 York,
440 3615 48 24 that
498 3625 14 15 a
517 3619 118 23 memorial

49 3642 21 24 is
83 3643 68 25 about
168 3648 22 19 to
202 3643 29 24 be
247 3647 121 30 presented
378 3652 23 19 to
414 3648 125 32 Congress,
555 3651 25 24 in
597 3652 37 23 the

51 3676 97 31 ensuing
161 3678 96 28 session,
269 3679 83 32 calling
364 3689 27 15 on
404 3680 38 25 the
453 3689 148 24 government
612 3689 22 19 to

51 3708 68 33 adopt
130 3709 38 25 the
179 3710 88 33 project
277 3711 25 23 of
311 3720 13 15 a
335 3714 64 23 canal
410 3714 100 32 through
521 3715 38 25 the
572 3716 63 25 Isth-

50 3750 52 15 mus
114 3743 25 22 of
154 3743 110 29 Panama,
282 3744 106 33 effecting
399 3755 13 15 a
426 3748 106 31 junction
543 3750 92 24 betwixt

50 3774 38 25 the
100 3775 104 24 Atlantic
216 3777 44 23 and
270 3777 37 23 the
320 3777 84 24 Pacific
417 3781 91 23 Oceans
516 3790 5 20 ;
536 3783 44 24 and
587 3783 48 24 that

50 3807 64 26 there
125 3809 20 23 is
157 3817 68 25 every
232 3814 104 29 prospect
349 3810 24 23 of
382 3810 45 24 this
439 3819 63 23 great
513 3815 45 24 and
569 3816 66 32 long-

51 3841 99 30 agitated
167 3842 91 24 scheme
275 3843 70 32 being
363 3848 24 19 at
399 3843 78 32 length
494 3849 106 24 realized.

51 3874 68 24 Ibid.

676 145 63 19 ment
750 140 25 24 of
790 140 77 24 affairs
879 140 26 23 of
919 140 38 23 the
975 139 92 23 United
1084 139 85 23 States'
1189 139 76 29 Bank,

676 173 69 31 lately
754 172 129 32 published,
895 172 102 32 inspired
1016 176 65 26 great
1100 171 132 24 confidence
1241 173 25 22 in

676 206 41 23 her
729 206 79 31 ability
819 210 24 18 to
851 206 118 29 discharge
986 204 31 24 all
1035 205 41 23 her
1095 209 169 26 engagements,

676 238 45 24 and
731 238 57 23 have
800 239 115 22 sufficient
921 238 42 23 left
970 242 22 19 to
997 246 47 22 pay
1050 237 42 23 her
1107 237 158 24 shareholders

676 271 38 23 the
725 271 42 23 full
778 276 95 18 amount
884 271 26 23 of
923 270 40 24 the
980 270 84 31 capital
1070 279 5 20 ;
1097 270 45 23 and
1158 270 38 23 the
1212 279 53 22 pre-

675 304 86 31 vailing
783 305 92 30 opinion
894 304 63 23 there
979 311 48 15 was
1050 303 50 23 that
1122 311 15 15 a
1158 303 107 24 dividend

674 337 75 23 would
760 337 27 24 be
799 336 104 24 declared
914 338 24 21 in
947 336 103 31 January
1060 340 63 19 next.
1158 336 46 23 We
1211 336 54 24 hear

674 369 50 24 that
735 378 14 15 a
766 374 65 27 great
849 369 142 24 commercial
1009 369 71 23 house
1100 373 23 19 at
1142 369 123 31 Liverpool

675 407 91 27 expects
789 402 59 24 from
870 402 58 24 New
950 401 70 24 York
1041 402 69 23 about
1132 402 132 29 £105,000

674 436 101 31 sterling,
782 436 24 22 in
811 435 91 29 dollars,
908 435 30 31 by
944 435 38 23 the
1158 439 105 26 steamer,

674 468 73 23 which
759 469 19 22 is
790 468 110 32 expected
909 472 22 19 to
944 468 74 23 arrive
1037 468 25 23 in
1079 468 40 23 the
1138 475 80 16 course
1239 469 26 23 of

674 510 14 14 a
698 501 43 23 few
753 501 62 30 days.
817 514 35 3 —
853 501 151 28 Standard,
1017 500 149 24 December
1181 502 41 25 27.

709 541 50 23 The
769 541 149 31 proceedings
926 540 25 24 of
956 540 38 24 the
1002 540 96 24 Annual
1104 540 159 32 Agricultural

674 574 104 31 Meeting
791 574 54 23 held
857 581 29 16 on
900 573 123 31 Thursday
1034 574 52 28 last,
1104 574 58 23 have
1174 574 89 25 formed

674 615 13 15 a
705 608 61 31 topic
784 607 26 23 of
825 608 98 22 anxious
947 608 158 22 conversation
1123 615 85 23 among
1224 608 39 24 the

672 640 92 31 leading
776 640 93 23 monied
886 640 44 23 and
948 640 145 23 commercial
1111 648 52 15 men
1182 641 25 22 in
1224 641 38 24 the

674 673 61 30 City,
756 674 36 22 the
811 673 81 23 details
910 674 68 30 given
996 674 25 22 in
1035 673 38 23 the
1087 677 77 27 report
1184 674 26 22 of
1224 674 38 24 the

674 707 127 22 committee
813 706 27 23 of
851 707 38 22 the
900 707 136 22 association
1048 707 70 30 being
1130 707 133 24 considered

673 739 25 23 of
707 740 91 30 general
810 740 138 30 importance
961 747 25 15 as
997 743 103 28 respects
1111 740 38 22 the
1161 740 66 23 value
1239 741 24 23 of

672 772 39 23 the
722 773 77 30 public
817 773 124 28 securities,
961 773 122 31 especially
1095 781 25 14 as
1138 773 17 22 it
1166 773 21 22 is
1200 781 61 16 com-

671 806 77 30 puted,
766 806 24 22 in
808 805 39 23 the
859 806 121 22 document
994 806 51 31 just
1060 806 90 23 alluded
1161 810 32 25 to,
1212 807 50 23 that

671 843 41 19 not
722 839 46 23 less
779 839 57 23 than
848 839 134 29 2,769,789
993 846 48 24 qrs.
1055 839 24 23 of
1087 839 90 31 foreign
1187 839 75 24 wheat

671 872 42 23 has
730 872 57 23 been
804 872 93 23 entered
907 872 35 23 for
956 873 163 30 consumpsion
1137 872 45 24 this
1199 881 61 22 year,

672 905 45 23 and
728 910 22 18 to
763 913 43 23 pay
813 905 36 23 for
860 905 73 23 which
943 910 41 19 not
994 905 48 23 less
1055 906 55 22 than
1119 907 30 22 16
1161 905 100 25 millions

672 938 95 31 sterling
789 939 25 22 in
837 938 53 31 gold
909 938 58 23 have
985 938 59 24 been
1061 939 112 30 required.
1211 939 51 24 The

671 971 121 23 continued
798 971 41 23 fall
851 972 24 22 in
886 970 38 24 the
933 971 91 31 foreign
1036 971 128 31 exchanges
1176 972 20 23 is
1208 972 53 24 thus

670 1004 59 30 fully
740 1004 125 23 accounted
875 1004 42 28 for,
937 1011 25 16 as
973 1004 51 23 well
1043 1012 25 15 as
1079 1004 40 23 the
1131 1004 129 25 difficulties

670 1037 25 23 in
705 1037 73 23 which
797 1037 39 23 the
850 1037 107 23 directors
970 1037 26 23 of
1011 1037 40 23 the
1070 1037 70 24 Bank
1151 1038 26 23 of
1193 1038 64 31 Eng-

670 1070 54 23 land
735 1070 57 24 have
806 1070 59 23 been
875 1070 81 32 placed
966 1070 35 23 for
1020 1079 25 14 so
1057 1070 55 32 long
1123 1079 15 14 a
1147 1072 80 30 period
1238 1072 25 23 of

670 1104 63 23 time.
770 1103 51 24 The
833 1104 46 23 fact
895 1103 50 24 that
957 1103 44 24 but
1011 1103 60 23 little
1088 1104 173 25 manufactured

670 1136 71 32 goods
753 1136 57 24 have
822 1137 58 23 been
893 1136 109 32 exported
1021 1138 90 30 against
1121 1136 38 24 the
1178 1138 83 31 import

671 1169 25 24 of
705 1171 65 30 grain
780 1170 21 23 is
811 1170 59 31 fully
880 1169 147 25 established.
1028 1182 35 4 —
1064 1170 91 24 Bell's-

672 1211 31 15 ly
717 1203 171 27 Messenger,
900 1204 66 23 Dec.
982 1205 40 22 14.

705 1243 25 24 It
740 1244 20 23 is
770 1251 57 24 very
838 1244 137 30 confidently
987 1244 50 23 said
1053 1244 49 23 that
1119 1244 141 24 Parliament

670 1276 46 23 will
728 1277 28 23 be
768 1277 122 29 dissolved,
904 1277 43 23 and
966 1277 50 23 that
1027 1285 14 15 a
1053 1277 94 30 general
1164 1277 96 25 election

670 1309 47 23 will
729 1305 53 28 take
792 1310 66 31 place
870 1310 61 31 early
943 1311 25 22 in
977 1310 39 23 the
1024 1311 88 31 spring.
1148 1310 52 24 The
1205 1319 54 23 pre-

670 1347 51 19 sent
733 1343 141 23 Parliament
891 1344 19 22 is
934 1343 137 23 summoned
1091 1343 36 23 for
1145 1343 39 24 the
1204 1345 56 23 16th

670 1376 108 31 January.
815 1377 25 22 It
851 1377 19 23 is
883 1377 47 22 also
942 1377 50 22 said
1010 1377 51 23 that
1072 1377 52 23 Her
1137 1377 122 32 Majesty's

670 1410 112 30 marriage
806 1410 47 23 will
876 1410 28 23 be
928 1410 130 23 celebrated
1081 1411 25 21 in
1131 1410 126 32 February.

671 1443 102 31 Perhaps
786 1443 18 23 it
816 1444 20 22 is
848 1443 108 24 intended
968 1443 50 23 that
1031 1443 39 24 the
1080 1448 95 26 present
1182 1452 76 24 repre-

670 1477 123 23 sentatives
806 1477 26 23 of
842 1476 38 24 the
892 1476 79 32 people
984 1481 62 19 meet
1058 1477 25 23 in
1095 1476 111 32 January,
1215 1478 45 23 and

669 1509 69 24 make
749 1510 116 31 provision
876 1510 35 23 for
923 1510 38 23 the
974 1510 141 31 February's
1123 1518 120 24 ceremony
1251 1521 5 19 ;

670 1543 45 23 and
728 1542 124 24 thereafter
863 1544 28 22 be
910 1544 129 23 dismissed.
1076 1544 37 30 By
1131 1544 46 23 this
1195 1545 62 30 plan,

670 1576 39 23 the
721 1576 112 31 Ministry
850 1577 74 22 would
941 1577 55 31 gain
1017 1585 45 23 any
1083 1577 114 24 influence
1221 1578 37 23 the

669 1610 111 30 marriage
792 1618 53 23 may
857 1610 56 23 have
926 1618 28 15 on
972 1610 39 23 the
1030 1610 116 24 elections.
1183 1611 75 24 There

669 1650 38 16 are
719 1651 14 14 a
743 1643 60 31 good
813 1651 69 23 many
894 1648 76 19 rotten
980 1643 96 31 burghs,
1097 1644 46 23 and
1152 1645 106 31 proprie-

668 1681 48 21 tors
734 1684 53 23 may
805 1676 29 23 be
847 1676 102 24 softened
959 1677 33 30 by
1010 1677 124 31 Peerages,
1152 1685 26 15 or
1196 1682 61 27 steps

668 1711 24 22 in
704 1709 38 24 the
750 1709 110 31 Peerage.
897 1710 88 23 Unless
992 1710 31 32 by
1032 1718 62 15 some
1102 1710 56 23 such
1167 1711 90 24 scheme

668 1751 25 14 as
705 1742 53 29 this,
774 1751 34 15 we
821 1743 28 23 do
861 1747 40 19 not
911 1744 105 30 perceive
1028 1744 49 22 that
1089 1744 39 23 the
1146 1744 111 32 Ministry

667 1776 47 23 will
725 1776 134 31 strengthen
869 1777 58 22 their
937 1777 100 31 position
1049 1777 30 31 by
1091 1785 14 15 a
1112 1777 143 25 dissolution.

665 1822 35 3 —
700 1809 149 24 Aberdeen
866 1810 127 28 Journal,
1007 1810 149 24 December
1171 1813 40 22 18.

700 1848 43 24 We
756 1849 54 23 hear
822 1850 50 22 that
884 1850 98 23 Messrs.
996 1850 141 24 Rothschild
1144 1851 45 23 and
1197 1851 59 24 Sons

665 1881 58 24 have
735 1883 57 22 after
804 1891 63 15 some
874 1884 151 30 negociation,
1036 1884 82 30 agreed
1126 1888 22 19 to
1156 1885 100 24 advance

666 1915 48 23 Mr.
728 1916 97 29 Joudon,
838 1924 30 15 on
880 1921 95 19 account
987 1917 26 23 of
1023 1916 37 24 the
1074 1916 88 24 United
1180 1918 76 24 States

665 1949 77 29 Bank,
763 1949 37 23 the
823 1958 52 15 sum
898 1950 25 23 of
944 1951 132 28 £900,000
1090 1951 102 31 sterling,
1218 1951 37 24 the

665 1986 70 19 terms
747 1983 70 30 being
828 1983 39 23 the
877 1991 63 15 same
950 1991 25 15 as
994 1984 66 22 those
1079 1991 30 15 on
1125 1984 76 24 which
1218 1985 37 23 the

663 2015 54 22 loan
730 2016 25 22 of
764 2017 131 27 £800,000
907 2024 45 14 was
966 2017 106 22 obtained
1082 2017 32 29 by
1132 2017 50 22 that
1199 2026 56 21 gen-

665 2047 85 24 tleman
761 2056 13 15 a
784 2048 45 23 few
841 2048 64 23 week
923 2049 62 22 since
1002 2048 60 23 from
1079 2048 66 23 other
1161 2050 92 29 parties.

665 2081 51 23 The
728 2081 92 31 general
832 2081 51 23 idea
894 2089 74 16 seems
991 2086 24 18 to
1033 2082 28 23 be
1081 2081 50 24 that
1152 2082 101 23 Messrs.

663 2114 136 24 Rothschile
811 2114 67 23 think
890 2114 134 31 favourably
1043 2115 24 23 of
1077 2114 38 24 the
1133 2116 78 23 affairs
1233 2116 24 23 of

663 2148 39 23 the
713 2147 76 24 Bank.
791 2161 36 3 —
827 2147 67 24 Ibid.

697 2189 51 23 The
756 2189 93 30 general
857 2193 57 19 state
923 2189 24 23 of
956 2189 38 23 the
1007 2197 84 23 money
1098 2189 76 24 affairs
1184 2189 26 24 of
1218 2189 37 24 the

664 2222 89 23 United
765 2222 77 24 States
854 2222 41 23 has
905 2222 132 31 undergone
1048 2223 42 22 but
1102 2222 57 24 little
1169 2223 85 31 change

663 2256 62 22 since
731 2255 37 23 the
776 2255 82 24 arrival
866 2255 25 23 of
897 2255 36 24 the
964 2255 90 24 British
1205 2257 49 22 The

662 2288 76 24 banks
747 2288 75 24 which
834 2288 129 31 suspended
973 2289 75 23 under
1059 2289 38 23 the
1109 2289 113 24 influence
1232 2291 24 22 of

663 2322 39 23 the
714 2322 86 24 United
821 2322 76 24 States
916 2322 77 29 Bank,
1014 2330 39 16 are
1070 2323 119 31 gradually
1201 2332 52 22 pre-

663 2356 81 30 paring
764 2359 21 19 to
804 2363 98 21 resume,
923 2355 44 24 and
985 2363 70 24 many
1066 2356 57 23 have
1144 2356 57 24 done
1220 2365 32 15 so.

663 2389 52 23 The
728 2389 61 23 Ohio
797 2388 77 24 banks
885 2389 106 23 resumed
1003 2393 24 19 at
1041 2389 38 23 the
1091 2389 128 31 expiration
1232 2391 24 22 of

664 2424 32 21 60
709 2422 55 30 days
775 2422 75 23 which
862 2422 20 23 is
894 2422 95 23 allowed
1000 2422 63 23 them
1074 2422 31 31 by
1117 2422 50 24 law.
1204 2424 50 22 The

664 2455 92 23 Illinois
782 2455 76 23 banks
887 2455 50 23 that
959 2455 59 23 have
1044 2456 135 30 suspended,
1210 2457 44 23 will

663 2496 91 15 resume
771 2493 25 18 at
813 2488 40 23 the
865 2488 43 23 end
919 2488 25 23 of
961 2490 32 22 30
1006 2489 65 30 days,
1090 2490 122 31 according
1230 2495 23 19 to

664 2521 38 23 the
714 2522 134 30 requisition
860 2521 25 23 of
894 2521 37 24 the
942 2521 52 24 law.
1032 2522 66 24 Most
1110 2523 25 23 of
1144 2523 38 23 the
1194 2523 59 24 Pro-

663 2554 94 24 vidence
768 2554 75 24 banks
855 2554 57 24 have
924 2555 114 29 resumed,
1058 2556 44 23 and
1114 2556 45 23 will
1170 2556 28 24 be
1210 2557 41 23 fol-.

663 2587 73 24 lowed
745 2588 31 31 by
783 2588 39 23 the
835 2588 75 24 others
918 2589 24 22 in
954 2588 49 24 that
1013 2593 66 19 state.
1118 2589 50 24 The
1178 2590 75 24 banks

663 2622 25 22 in
707 2621 177 31 Pennsylvania,
908 2621 55 24 with
981 2622 39 23 the
1039 2623 119 30 exception
1176 2624 26 23 of
1216 2624 37 23 the

665 2654 85 24 Girard
761 2654 44 24 and
823 2655 38 23 the
874 2655 89 23 United
977 2655 78 23 States
1072 2655 87 29 Banks,
1180 2657 74 24 would

664 2695 57 16 soon
738 2688 28 23 be
780 2688 52 23 able
850 2692 23 19 to
891 2692 80 19 return
988 2693 24 18 to
1032 2690 75 30 specie
1124 2695 128 25 payments,

664 2728 59 16 were
735 2721 19 23 it
769 2725 40 19 not
820 2721 35 23 for
867 2721 37 24 the
921 2721 114 25 influence
1046 2722 74 24 which
1138 2723 38 23 the
1187 2723 67 25 latter

665 2759 75 19 exerts
753 2762 52 15 over
817 2754 71 25 them.
913 2755 78 23 Those
999 2755 77 24 banks
1088 2764 46 22 are,
1142 2756 110 31 however,

664 2795 26 15 so
702 2788 137 23 interwoven
851 2788 55 23 with
917 2793 77 19 cotton
1006 2789 138 31 operations,
1162 2791 46 23 and
1217 2791 36 24 the

663 2825 67 27 great
745 2825 58 19 state
822 2821 66 24 stock
906 2826 93 26 system,
1018 2822 56 23 both
1086 2823 26 23 of
1125 2823 76 24 which
1213 2833 38 15 are

663 2854 46 23 and
719 2854 56 24 have
786 2855 60 23 been
857 2855 36 23 for
904 2855 38 23 the
959 2855 46 23 last
1017 2855 63 32 eight
1097 2857 92 23 months
1200 2862 53 26 past

663 2887 77 31 losing
749 2888 136 31 operations,
898 2888 49 23 that
954 2896 15 15 a
980 2889 84 31 speedy
1072 2891 141 31 resumption
1225 2899 28 15 on

663 2921 60 23 their
734 2925 51 27 part
793 2925 83 19 cannot
887 2921 27 23 be
926 2921 85 24 looked
1017 2922 43 24 for.
1091 2923 52 23 The
1149 2925 104 31 example

663 2954 27 23 of
698 2954 39 23 the
745 2954 89 23 United
844 2954 75 24 States
928 2954 76 30 Bank,
1015 2956 25 22 in
1046 2956 148 32 interferring
1201 2958 52 23 with

663 2987 39 23 the
710 2991 76 20 cotton
797 2988 92 23 market
895 2988 24 23 in
928 2989 74 28 1837,
1013 2989 110 31 although
1131 2991 123 31 eminently

663 3021 126 23 successful
796 3026 23 18 at
827 3021 49 24 that
883 3022 62 28 time,
957 3022 51 28 has,
1020 3023 24 22 in
1052 3023 29 23 its
1090 3031 162 24 consequence,

662 3054 59 24 been
733 3062 41 16 one
792 3059 66 27 great
869 3055 97 23 element
978 3055 25 23 of
1018 3055 41 24 her
1070 3062 93 25 present
1181 3057 72 24 disas-

662 3091 55 20 ters.
754 3088 64 23 Most
830 3088 26 23 of
865 3088 37 24 the
912 3088 76 24 banks
1000 3089 139 24 south-west
1154 3090 49 24 also
1213 3099 40 16 en-

662 3121 75 30 gaged
747 3122 23 22 in
782 3121 39 23 the
834 3126 75 18 cotton
920 3121 108 25 business
1039 3123 25 23 in
1073 3125 73 27 1838,
1158 3124 46 23 and
1215 3125 38 24 the

663 3153 90 24 United
764 3155 77 22 States
854 3155 69 23 Bank
934 3155 89 31 having
1030 3156 138 25 established
1180 3165 14 16 a
1206 3163 47 18 cot-

662 3191 40 18 ton
719 3187 71 23 house
801 3188 24 22 in
843 3187 131 32 Liverpool,
993 3188 47 24 and
1050 3189 97 32 wishing
1164 3195 24 19 to
1199 3199 54 23 pro-

662 3224 61 19 mote
735 3228 29 15 an
771 3220 63 30 early
842 3221 44 22 and
895 3221 94 30 general
994 3223 144 30 resumption
1145 3224 25 23 of
1179 3224 74 30 specie

662 3257 127 26 payments,
801 3253 136 29 undertook,
951 3254 32 31 by
993 3254 97 32 making
1101 3255 65 25 loans
1180 3261 23 19 to
1215 3257 38 23 the

662 3287 142 22 institutions
815 3286 54 23 thus
881 3287 112 29 involved,
1007 3292 24 19 to
1039 3294 144 19 concentrate
1195 3290 58 24 their

663 3323 77 19 cotton
759 3320 23 22 in
794 3318 40 24 the
851 3319 73 24 hands
937 3320 26 23 of
977 3320 40 24 the
1032 3320 122 33 Liverpool
1172 3323 79 29 house,

663 3351 46 24 and
719 3356 23 19 at
754 3351 37 24 the
799 3360 63 15 same
870 3354 53 22 time
936 3357 22 19 to
967 3354 80 23 enable
1058 3355 62 22 them
1128 3360 23 18 to
1163 3364 90 15 resume

663 3393 30 15 on
704 3385 38 24 the
763 3388 36 21 Ist
816 3386 101 31 January
927 3386 53 24 last.
1017 3387 36 23 To
1068 3387 28 23 do
1114 3388 44 24 this
1177 3390 19 22 it
1208 3398 45 15 was

662 3426 120 23 necessary
795 3423 23 19 to
830 3419 55 23 hold
896 3419 37 23 the
946 3424 85 25 cotton,
1043 3421 75 23 which
1129 3429 47 16 was
1188 3423 63 31 equi-

662 3451 77 24 valent
750 3456 21 19 to
785 3460 13 15 a
810 3452 105 23 decrease
926 3453 25 22 in
966 3453 37 23 the
1016 3459 93 18 amount
1121 3455 26 23 of
1157 3463 42 16 our
1211 3464 40 15 na-

662 3485 72 23 tional
752 3489 92 27 exports
862 3489 22 19 to
897 3485 37 23 the
947 3494 63 15 same
1022 3492 100 24 amount,
1143 3489 44 22 and
1205 3489 47 24 also

663 3518 83 23 caused
763 3526 29 15 an
810 3518 130 31 absorption
952 3519 26 23 of
992 3519 40 23 the
1050 3521 71 23 active
1137 3522 81 31 capital
1231 3522 24 24 of

662 3551 38 23 the
713 3551 68 23 Bank
792 3551 37 23 for
840 3551 38 23 the
895 3551 80 31 period
993 3552 50 24 that
1060 3553 19 23 it
1091 3562 47 15 was
1154 3555 63 24 held.
1218 3568 33 4 —

663 3584 66 23 New
739 3584 76 23 York
828 3584 121 28 Herald,
973 3585 66 24 Dec.
1054 3588 23 22 2.
1099 3589 72 23 1839.

707 3623 121 24 Canada.
829 3636 35 4 —
864 3623 24 24 A
917 3624 92 32 Special
1041 3625 97 25 Council
1166 3627 86 32 having

662 3656 60 23 been
734 3657 128 23 assembled
872 3657 31 31 by
924 3657 38 23 the
983 3658 129 24 Governor-
1118 3659 102 25 General
1229 3666 22 18 to

663 3689 104 23 consider
777 3689 39 24 the
832 3690 75 32 policy
926 3690 25 24 of
966 3692 91 30 uniting
1073 3692 38 23 the
1130 3697 42 19 two
1192 3694 59 24 Pro-

663 3722 86 28 vinces,
766 3730 14 15 a
798 3723 71 23 series
888 3723 25 23 of
931 3723 140 25 resolutions
1090 3726 24 22 in
1131 3726 80 24 favour
1229 3727 24 23 of

663 3754 39 23 the
714 3755 69 23 union
794 3763 60 16 were
866 3756 92 29 carried,
972 3765 13 15 a
1001 3758 98 23 suitable
1120 3759 60 24 Civil
1199 3760 52 23 List

663 3787 70 32 being
748 3789 110 32 provided
878 3790 36 22 for
934 3790 38 23 the
994 3790 129 25 Executive
1147 3793 44 23 and
1214 3793 37 24 the

663 3821 95 31 Judges,
781 3822 39 24 the
842 3822 53 24 debt
916 3823 24 23 of
963 3823 82 32 Upper
1067 3825 92 24 Canada
1182 3826 69 31 being

663 3854 65 23 made
740 3854 37 24 the
790 3855 53 23 debt
855 3856 24 22 of
894 3856 62 29 both,
977 3857 46 23 and
1043 3857 43 24 and
1105 3858 39 24 the
1163 3859 88 31 adjust-

663 3892 63 18 ment
738 3888 24 23 of
770 3888 39 24 the
821 3893 70 19 terras
899 3890 25 23 of
935 3889 38 24 the
982 3892 71 22 union
1058 3891 70 31 being
1135 3892 41 24 left
1184 3897 22 18 to
1214 3892 37 23 the

661 3919 89 24 British
773 3922 148 24 Parliament.
923 3936 33 4 —
959 3923 134 25 Colonial
1118 3925 132 27 Gazette,

763 56 127 31 THE
933 55 141 32 NEW
1116 53 309 33 ZEALAND
1469 54 325 32 GAZETTE.

1907 136 163 47 PICKLES,
2086 136 89 27 Sauces,
2191 136 111 28 Mustard,
2317 138 91 22 Bottled
2422 138 73 23 Fruits

1980 162 46 22 and
2036 163 127 27 Preserves,
2174 162 45 22 and
2228 163 56 22 Pine
2296 164 91 23 Cheese.

2086 195 54 23 And
2151 196 49 27 just
2207 197 111 28 received,

2033 232 78 25 30,000
2130 230 125 22 American
2276 231 93 22 Cigars.

2125 263 70 24 T_M.
2205 263 185 23 PARTRIDGE
2397 265 46 22 and
2450 265 46 22 CO.

2009 317 182 20 POTATOES
2209 317 70 21 FOR
2298 319 96 21 SALE.

1905 350 52 47 A
1975 349 171 27 QUANTITY,
2168 350 69 26 being
2262 350 38 22 the
2326 359 66 19 cargo
2411 352 26 22 of
2457 353 37 21 the

1984 376 111 21 schooner
2257 377 59 22 from
2331 378 38 21 the
2385 378 109 23 Chatham

1906 402 95 27 Islands,
2018 402 26 22 of
2057 410 56 20 very
2128 403 99 27 superior
2243 404 92 28 quality,
2352 405 144 27 particularly

1905 429 37 22 for
1952 429 58 22 seed.
2040 429 78 27 Apply
2127 432 24 19 to

2020 462 27 22 T.
2058 463 34 21 M.
2103 463 184 22 PARTRIDGE
2297 464 46 22 and
2352 465 54 26 CO.,
2418 473 25 14 or

2021 489 133 22 HUNTER
2163 489 44 22 and
2217 490 47 22 CO.

1932 522 55 22 Port
1996 522 132 28 Nicholson,
2140 522 56 28 May
2205 524 34 26 21,
2251 524 62 22 1840.

1904 598 222 25 WHOLESALE
2156 599 125 24 PRICES
2316 600 176 25 CURRENT.

2053 657 164 22 IMPORTED
2234 658 111 22 GOODS.

1976 698 132 15 CORRECTED
2124 700 28 14 UP
2167 700 28 14 TO
2208 700 87 14 FRIDAY
2310 700 109 15 EVENING.

2246 726 18 17 £
2285 731 16 12 s.
2326 728 18 15 d.
2399 727 18 18 £
2438 733 15 12 s.
2478 728 17 17 d.

1904 744 55 22 Rum
1966 752 6 14 :
1987 744 25 22 P.
2023 745 26 22 B.
2061 746 33 27 P.,
2111 746 56 28 duty
2180 747 54 27 free,

2012 779 40 20 per
2059 773 77 26 gallon
2248 776 15 19 0
2290 776 14 19 9
2331 776 83 21 0..0
2428 777 26 20 12
2481 777 13 19 6

1905 798 46 22 Gin
1960 806 5 14 :
1985 799 54 22 Pale
2248 803 14 20 0
2289 803 14 20 8
2330 804 49 19 6..
2398 804 14 20 0
2428 804 26 19 12
2480 804 14 19 0

1986 827 62 25 Case,
2062 827 16 21 4
2091 827 88 26 gallons
2187 829 45 20 4-5.
2248 829 11 20 1
2290 830 11 19 1
2330 831 14 19 0
2361 843 18 6 ..
2400 831 10 20 1
2439 830 13 20 5
2480 831 14 19 0

1903 851 97 23 Brandy
2008 860 4 14 :
2029 853 59 21 First
2094 853 92 28 quality,
2195 862 40 19 per

2052 879 77 28 gallon
2248 883 14 19 0
2277 882 27 21 14
2330 884 14 19 0
2361 897 6 5 .
2374 897 6 6 .
2398 885 14 19 0
2428 884 26 20 16
2480 884 14 19 0

2026 906 89 21 Second
2123 907 106 27 quality..
2248 909 14 20 0
2277 910 26 19 13
2330 911 14 18 0
2361 923 18 6 ..
2398 912 15 18 0
2428 911 24 19 15
2481 911 13 18 0

2025 932 70 22 Third
2105 933 56 21 ditto
2248 935 14 20 0
2277 936 26 19 12
2330 937 14 19 0
2361 950 6 5 .
2375 950 6 6 .
2398 937 54 20 013
2480 937 14 19 6

1902 958 94 23 Porter
2002 967 6 14 :
2041 959 122 28 Barclay's,
2196 968 40 20 per

2069 986 117 27 hogshead
2211 989 51 20 ..8
2290 990 14 19 0
2330 990 15 20 0
2361 1003 19 7 ..
2398 991 14 20 8
2427 990 27 21 10
2481 990 13 20 0

2043 1013 21 21 D
2067 1014 79 27 unbar,
2155 1015 24 21 in
2187 1014 45 22 bot.

2069 1048 42 19 per
2120 1041 42 21 doz
2246 1043 14 20 0
2275 1043 26 20 18
2328 1044 49 19 0..
2398 1044 11 21 1
2438 1044 14 20 3
2480 1044 13 19 0

1902 1065 63 23 Ale:
1981 1066 28 22 In
2019 1067 77 27 bottle,
2112 1075 40 20 per
2161 1067 65 22 doz..
2245 1071 13 19 0
2274 1070 27 20 18
2328 1071 14 19 0
2360 1084 18 6 ..
2398 1072 11 19 1
2439 1072 13 19 0
2480 1071 13 19 0

1901 1092 81 23 Wine:
1999 1093 89 28 Sherry,
2100 1102 39 19 per
2148 1095 51 27 pipe
2209 1110 18 6 ..
2233 1096 27 21 28
2288 1098 14 19 0
2329 1098 14 19 0
2360 1098 52 21 ..40
2439 1098 13 20 0
2480 1098 13 19 0

2010 1120 64 22 Ditto
2074 1137 7 15 ;
2097 1129 40 20 per
2152 1121 79 22 dozen.
2247 1124 10 19 1
2287 1124 13 19 5
2328 1124 15 20 0
2360 1138 18 5 ..
2397 1126 14 19 2
2426 1124 26 21 10
2480 1125 14 19 0

1902 1145 87 23 Sugar:
2005 1147 121 22 Mauritius
2135 1156 40 19 per
2184 1152 49 18 cwt.
2247 1151 15 19 2
2288 1150 14 21 5
2330 1152 14 19 0
2361 1165 18 6 ..
2398 1152 14 20 2
2440 1153 12 19 8
2480 1152 14 19 0

2010 1173 82 22 Brown
2247 1178 14 19 0
2288 1179 14 20 0
2329 1179 50 19 0..
2398 1178 54 21 115
2480 1178 14 20 0

2011 1200 98 22 Refined
2125 1201 52 28 loaf,
2195 1209 40 20 per

2038 1227 22 21 lb
2247 1231 14 20 0
2290 1231 11 20 1
2331 1232 11 19 1
2361 1246 18 5 ..
2398 1233 14 20 0
2441 1232 9 20 1
2480 1231 13 20 3

1901 1253 49 22 Tea
1959 1260 5 14 :
1982 1253 87 28 Hyson,
2081 1262 40 20 per
2131 1255 63 22 chest
2210 1270 5 6 .
2224 1270 4 6 .
2235 1258 27 19 10
2276 1258 26 20 10
2329 1259 15 20 0
2360 1272 6 5 .
2374 1272 5 6 .
2386 1259 26 20 12
2427 1258 26 21 12
2480 1259 14 19 0

1902 1279 87 23 Coffee
1997 1288 5 14 :
2014 1281 64 26 Java,
2090 1289 40 20 per
2139 1282 23 21 lb
2247 1285 14 20 0
2290 1285 10 20 1
2329 1286 15 19 3
2360 1300 6 4 .
2374 1299 5 6 .
2398 1287 14 19 0
2440 1286 10 19 1
2480 1286 14 19 6

1902 1306 58 22 Rice
1967 1315 5 13 :
1984 1307 110 23 Common
2104 1316 40 20 per
2151 1312 48 19 cwt.
2210 1324 5 6 .
2224 1324 5 6 .
2250 1311 10 20 1
2289 1312 15 19 4
2330 1313 14 19 0
2361 1326 6 5 .
2375 1326 5 5 .
2400 1313 10 20 1
2440 1312 12 20 5
2481 1313 13 19 0

1984 1335 66 21 Good
2247 1338 11 20 1
2288 1339 14 20 8
2330 1340 49 19 0..
2399 1339 53 20 110
2480 1340 13 19 0

1900 1360 119 23 Tobacco:
2034 1361 143 29 Negrohead,
2195 1371 40 20 per

2060 1389 23 21 lb
2248 1393 14 19 0
2290 1392 11 21 1
2318 1393 26 20 10
2361 1406 5 6 .
2374 1406 5 6 .
2398 1394 14 20 0
2439 1393 15 20 2
2481 1393 13 19 6

1902 1415 85 22 Cigars
1996 1423 4 14 :
2012 1415 104 28 Manilla,
2125 1424 39 20 per
2172 1418 60 26 1000,

2038 1443 55 27 duty
2108 1444 53 27 free,
2179 1451 54 21 very

2038 1477 76 15 scarce
2243 1472 14 21 5
2285 1474 14 20 0
2327 1474 14 20 0
2354 1483 21 10 v-.
2394 1476 15 19 0
2436 1474 14 19 0
2479 1474 13 19 0

2010 1496 130 23 Havannah
2269 1506 61 15 none
2340 1500 23 21 in
2373 1498 96 23 market.

2010 1523 127 22 Chinsurah
2246 1527 15 20 4
2288 1528 14 19 0
2330 1529 81 19 0..5
2439 1529 13 19 0
2479 1528 14 19 0

1901 1550 59 21 Salt
1968 1557 5 14 :
1989 1550 128 28 Liverpool,
2128 1558 40 20 per
2178 1555 37 18 ton
2225 1554 35 20 .9
2287 1555 15 20 0
2328 1555 14 19 0
2360 1568 6 6 .
2373 1568 6 5 .
2385 1555 27 20 12
2426 1554 26 21 10
2480 1555 13 19 0

1900 1577 60 21 Soap
1969 1585 5 13 :
2001 1577 103 22 Hawes's
2128 1578 103 28 London,

2027 1611 40 20 per
2077 1608 39 18 ton
2234 1606 27 23 76
2288 1608 14 21 0
2329 1609 14 19 0
2360 1622 5 5 .
2373 1622 5 7 .
2384 1610 28 20 80
2439 1608 13 20 0
2480 1608 13 20 0

1900 1630 107 22 Candles
2013 1638 6 14 :
2026 1631 95 27 English
2130 1639 56 21 wax,
2193 1640 40 20 per

2045 1658 24 21 lb
2246 1662 14 19 0
2287 1662 14 20 3
2328 1662 14 20 0
2359 1676 18 6 ..
2396 1664 15 20 0
2438 1662 13 19 3
2480 1662 12 19 G

2032 1684 82 23 Mould
2245 1690 14 19 0
2288 1689 10 20 1
2328 1690 82 21 0..0
2439 1689 10 20 1
2478 1688 14 20 4

1900 1711 65 20 Pork
1973 1718 4 14 :
1994 1711 65 28 Irish,
2070 1719 41 20 per
2121 1712 73 23 barrel
2207 1728 5 5 .
2220 1728 5 6 .
2244 1715 13 20 5
2273 1716 26 20 15
2327 1716 14 20 0
2358 1730 5 5 .
2371 1730 6 5 .
2396 1716 14 22 7
2437 1716 13 20 0
2479 1716 13 19 0

1900 1737 70 22 Hams
1977 1753 6 6 .
1999 1738 129 29 Yorkshire,
2144 1747 40 20 per
2193 1741 22 21 lb
2224 1757 5 5 .
2245 1744 14 19 0
2288 1744 10 19 1
2329 1743 11 19 1
2359 1757 6 5 .
2372 1757 5 5 .
2396 1745 14 19 0
2440 1742 9 21 1
2479 1742 13 20 6

1900 1764 94 22 Butter
2001 1773 5 12 :
2022 1765 66 27 Irish,
2099 1774 40 20 per
2147 1768 30 21 lb.
2209 1782 5 6 .
2222 1783 5 6 .
2247 1770 14 20 0
2288 1770 11 21 1
2328 1770 15 20 6
2359 1784 6 5 .
2372 1784 6 5 .
2397 1772 15 20 0
2440 1770 10 19 1
2480 1770 13 19 9

1900 1792 131 22 Potatoes:
2052 1793 58 22 New
2123 1794 108 28 Zealand,

2078 1827 40 19 per
2128 1824 38 19 ton
2244 1824 14 20 6
2286 1825 14 19 0
2328 1825 14 19 0
2359 1838 5 5 .
2372 1838 5 5 .
2396 1825 14 21 8
2438 1824 13 20 0
2478 1824 14 19 0

1900 1845 90 22 Cheese
1998 1853 5 14 :
2019 1846 108 23 Cheshire
2245 1851 14 20 0
2287 1851 10 20 1
2327 1851 50 20 3..
2396 1853 14 19 0
2439 1851 53 20 110

2019 1873 55 22 Pine
2085 1874 75 28 Apple
2245 1878 14 20 0
2288 1878 10 20 1
2328 1878 82 22 4..0
2438 1879 14 18 0
2478 1878 14 19 0

1900 1899 103 22 Starch:
2020 1900 42 22 Per
2072 1900 23 22 lb
2246 1905 14 20 0
2288 1905 11 20 1
2328 1905 14 20 9
2359 1919 18 6 ..
2396 1907 14 19 0
2438 1905 13 20 2
2478 1905 14 19 0

1900 1926 58 22 Oil:
1973 1926 105 28 Linseed,
2088 1935 41 20 per
2137 1929 75 27 gallon
2224 1946 5 6 .
2245 1932 14 19 0
2286 1933 14 19 9
2327 1933 14 19 0
2358 1946 19 5 ..
2396 1931 52 22 011
2478 1931 14 20 0

1974 1954 77 28 Black,
2062 1962 40 20 per
2113 1955 55 22 ditto
2246 1959 14 20 0
2287 1959 13 19 5
2328 1959 83 22 0..0
2436 1963 12 15 o
2478 1958 14 20 6

1900 1980 72 22 Pitch
1986 1988 5 13 :
2023 1982 140 28 Stockholm,
2193 1991 40 20 per

2048 2008 74 22 barrel
2247 2012 9 20 1
2274 2013 26 19 15
2328 2013 14 19 0
2359 2027 18 5 ..
2398 2015 10 19 1
2426 2012 26 20 18
2479 2012 13 20 0

1898 2033 62 21 Tar:
1977 2034 90 20 Coal..-
2245 2039 9 18 1
2273 2039 24 18 15
2326 2040 84 18 0.-2
2437 2039 14 18 0
2478 2039 14 18 '.)

1899 2058 128 23 Mustard:
2043 2060 44 21 Per
2096 2060 71 23 dozen
2246 2064 10 19 1
2274 2065 26 20 16
2327 2065 14 20 0
2358 2072 19 11 .-.
2396 2066 15 20 0
2438 2064 13 19 0
2478 2063 14 20 0

1900 2085 97 22 Pickles
2008 2094 5 13 :
2046 2087 117 27 Assorted,
2192 2095 41 21 per

2073 2113 57 27 doz.,
2156 2119 75 23 quarts
2247 2118 9 19 1
2286 2118 14 20 2
2328 2119 14 20 0
2359 2132 18 6 ..
2398 2119 10 20 1
2425 2116 26 21 10
2478 2117 14 19 0

1899 2139 123 22 Muskets:
2038 2140 94 23 Walnut
2139 2142 92 23 stocked
2247 2144 9 21 1
2287 2145 13 20 8
2327 2146 15 19 0
2358 2159 19 6 ..
2396 2148 14 19 0
2437 2145 13 19 0
2478 2144 13 19 0

1899 2166 73 22 Beef:
1987 2166 77 29 Fresh,
2086 2175 89 16 carcase
2191 2177 40 20 per

2016 2194 24 21 lb
2203 2203 19 14 ;.
2241 2199 14 20 0
2285 2199 10 20 1
2325 2200 14 19 0
2356 2213 19 6 ..
2393 2201 15 20 0
2436 2198 13 21 0
2476 2198 14 19 0

1898 2220 102 21 Mutton
2008 2228 5 13 :
2035 2222 95 22 Carcase
2139 2230 40 20 per
2188 2223 22 22 lb
2222 2240 5 5 .
2243 2226 13 20 0
2285 2227 11 19 1
2325 2227 14 19 0
2356 2241 5 4 .
2370 2240 5 6 .
2394 2229 13 19 0
2436 2226 13 19 0
2476 2225 13 20 0

1898 2246 77 23 Pork:
1990 2248 76 28 Fresh,
2086 2256 89 15 carcase
2191 2258 40 20 per

2015 2274 30 23 lb.
2241 2280 14 19 0
2283 2280 14 20 0
2324 2280 15 20 4
2356 2293 18 6 ..
2393 2282 14 19 0
2435 2279 13 20 0
2476 2278 14 21 7

1897 2300 92 22 Flour:
2007 2301 43 22 Per
2059 2305 40 19 ton
2227 2306 28 20 40
2283 2308 14 19 0
2325 2308 14 19 0
2356 2308 50 20 ..55
2435 2307 13 19 0
2476 2307 13 19 0

1897 2327 79 22 Milk:
1993 2328 43 22 Per
2042 2329 50 27 pint
2242 2334 14 20 0
2284 2335 14 19 0
2325 2334 14 20 4
2356 2348 19 5 ..
2394 2336 14 19 0
2435 2334 13 19 0
2476 2333 13 20 0

1897 2354 80 23 Plank
1984 2363 5 13 :
2006 2356 42 21 Per
2058 2358 41 20 100
2108 2357 46 22 feet
2243 2361 54 19 018
2325 2363 36 18 0.
2370 2375 5 6 .
2395 2362 10 20 1
2422 2361 26 19 10
2476 2361 14 19 0

1897 2382 143 22 Scantling:
2057 2384 43 21 Per
2108 2386 39 20 100
2156 2384 67 22 feet..
2242 2388 14 19 0
2272 2387 25 21 18
2325 2389 14 19 0
2356 2403 19 5 ..
2394 2389 11 20 1
2434 2388 14 20 5
2476 2389 14 19 0

1897 2409 115 22 Shingles
2019 2417 5 14 :
2041 2410 43 22 Per
2092 2412 54 21 1000
2243 2414 54 21 110
2325 2416 82 21 0..0
2434 2416 14 19 0
2475 2415 13 19 0

1896 2462 64 23 Boat
1970 2463 75 22 Hire:
2059 2464 44 22 Per
2109 2464 51 28 day,
2166 2466 63 21 with-

2089 2495 40 19 out
2137 2493 71 21 hands
2219 2510 6 4 .
2241 2495 55 21 016
2324 2497 13 20 0
2354 2511 6 5 .
2368 2510 5 6 .
2394 2497 9 20 1
2433 2496 14 21 5
2475 2497 13 19 0

1896 2516 86 23 Wages
1989 2525 5 14 :
2023 2518 141 29 Mechanics,
2190 2528 40 20 per

2051 2546 63 21 week
2245 2549 53 21 116
2326 2551 49 19 0..
2394 2551 14 20 2
2436 2551 13 21 8
2477 2553 13 19 0

2034 2572 127 23 Labourers
2244 2577 55 20 110
2326 2578 82 20 0..0
2436 2579 13 19 0
2476 2579 14 20 0

1930 2645 52 24 The
2000 2647 66 23 New
2085 2647 128 25 Zealand
2234 2649 125 24 Gazette
2381 2651 53 29 will,
2454 2652 36 23 for

1897 2685 38 23 the
1946 2690 100 27 present,
2057 2687 30 23 be
2093 2687 123 31 published
2222 2689 98 31 weekly,
2329 2698 67 23 every
2405 2692 82 23 Satur-

1897 2726 44 30 day
1952 2728 114 31 morning.
2104 2729 31 23 So
2155 2737 56 16 soon
2230 2738 25 15 as
2274 2731 20 23 it
2311 2732 20 22 is
2350 2732 140 31 sufficiently

1897 2768 131 30 supported,
2052 2769 18 22 it
2092 2769 47 24 will
2163 2770 29 23 be
2216 2771 81 23 issued
2321 2772 167 32 semi-weekly.

1897 2808 128 32 Subjoined
2037 2817 37 16 are
2087 2810 39 23 the
2137 2814 71 20 terms
2217 2819 6 16 :—:
2225 2824 36 3 —

1931 2857 81 24 Price
2032 2866 30 15 of
2081 2865 53 16 the
2153 2858 99 25 Paper.
2254 2872 34 3 —
2290 2859 72 32 Forty
2385 2860 107 32 shillings

1896 2905 41 23 per
1949 2906 93 21 annum,
2060 2899 98 31 payable
2170 2899 24 23 in
2205 2899 101 24 advance
2315 2909 6 20 ;
2342 2909 25 15 or
2379 2909 43 15 one
2434 2901 57 23 shil-

1896 2937 51 32 ling
1957 2939 36 23 for
2004 2939 74 31 single
2090 2940 118 24 numbers.

1930 2986 249 25 Advertisements.
2181 3000 34 4 —
2216 2988 45 23 Six
2276 2988 59 24 lines
2353 2989 45 23 and
2410 2989 80 28 under,

1897 3028 36 22 3s.
1948 3027 38 24 6d.
1999 3027 37 23 for
2047 3028 39 22 the
2097 3028 52 23 first
2158 3028 118 28 insertion,
2285 3028 45 22 and
2342 3036 42 15 one
2396 3029 95 31 shilling

1896 3068 40 22 for*
1951 3067 55 23 each
2024 3068 142 30 subsequent
2182 3068 128 28 insertion;
2333 3068 60 24 from
2412 3069 37 23 six
2467 3074 23 19 to

1897 3112 38 19 ten
1946 3108 66 28 lines,
2024 3108 45 22 five
2081 3107 107 31 shillings
2198 3108 36 23 for
2248 3108 39 24 the
2305 3109 58 29 first,
2384 3110 45 24 and
2448 3118 42 16 one

1897 3146 94 31 shilling
2012 3146 46 24 and
2080 3148 109 30 sixpence
2210 3148 37 23 for
2270 3149 57 23 each
2349 3149 141 32 subsequent

1895 3186 110 24 insertion
2015 3196 6 20 ;
2041 3187 72 23 above
2125 3192 40 19 ten
2180 3188 68 29 lines,
2267 3189 45 23 five
2330 3189 107 32 shillings
2455 3190 35 24 for

1896 3229 38 23 the
1946 3229 51 23 first
2008 3233 40 19 ten
2058 3229 69 29 lines,
2139 3229 46 24 and
2195 3230 125 32 fourpence
2332 3239 42 23 per
2391 3231 46 24 line
2454 3231 36 24 for

1896 3269 38 23 the
1947 3277 79 16 excess
2038 3269 25 24 of
2078 3269 51 23 that
2135 3271 98 23 number
2241 3280 6 19 ;
2268 3271 45 23 and
2324 3275 116 27 twopence
2447 3278 40 25 per

1895 3311 47 23 line
1953 3310 35 24 for
2000 3311 57 23 each
2068 3311 141 32 subsequent
2220 3312 121 23 insertion.

1928 3358 201 24 Advertisements
2140 3360 46 23 will
2198 3364 40 19 not
2249 3367 84 24 appear
2347 3360 24 22 in
2390 3360 39 24 the
2448 3369 40 15 en-

1895 3400 70 31 suing
1975 3400 105 29 number,
2092 3401 22 23 if
2128 3401 103 23 received
2243 3401 59 23 later
2320 3400 55 24 than
2393 3401 94 32 Friday,

1897 3442 31 21 10
1953 3440 95 29 o'clock,
2073 3449 56 15 a.m.
2169 3441 199 23 Advertisements
2391 3442 48 22 will
2460 3442 28 23 be

1895 3481 123 24 continued
2029 3482 45 23 and
2087 3481 99 31 charged
2196 3481 59 23 until
2270 3482 203 23 counter-ordered
2481 3490 6 19 ;

1895 3522 58 23 such
1964 3522 67 24 order
2041 3527 64 19 must
2115 3522 28 22 be
2162 3525 50 19 sent
2231 3525 23 19 to
2273 3520 38 24 the
2331 3521 75 23 Office
2424 3522 64 23 three

1895 3563 56 30 days
1958 3562 78 24 before
2041 3562 149 32 publication,
2199 3561 45 23 and
2250 3565 64 19 must
2320 3561 29 23 be
2355 3562 26 22 in
2388 3563 98 30 writing.

1927 3611 42 25 All
1981 3612 85 28 orders,
2082 3610 196 28 advertisements,
2298 3610 46 24 and
2360 3612 127 23 communi-

1895 3653 86 23 cations
1993 3657 23 19 to
2028 3652 38 23 the
2078 3651 92 29 Editor,
2185 3658 37 16 are
2237 3651 123 31 requested
2371 3656 23 19 to
2405 3651 29 24 be
2447 3651 40 24 ad-

1895 3692 94 24 dressed
2001 3697 22 18 to
2037 3692 46 23 this
2097 3691 83 24 Office.

1928 3739 68 24 Book
2006 3738 65 24 work
2082 3738 46 24 and
2141 3737 41 32 job
2194 3738 105 31 printing
2318 3738 25 24 of
2358 3746 69 23 every
2445 3739 40 23 de-

1894 3780 118 31 scription,
2024 3779 111 24 executed
2146 3778 55 24 with
2212 3779 113 31 dispatch,
2346 3779 45 23 and
2409 3779 24 23 in
2448 3779 37 23 the

1893 3821 53 22 best
1957 3820 66 30 style.

1495 138 68 20 FOR
1577 138 96 24 SALE,

1522 173 70 19 cutter
1617 169 171 28 HARRIETT,
1819 177 60 15 com-

1412 192 29 25 -L
1478 196 67 27 plete,
1556 196 43 22 and
1608 197 70 27 ready
1688 196 35 22 for
1733 204 44 14 sea.

1293 218 110 28 «acg3fe»
1431 222 78 28 Apply
1519 226 21 18 to

1654 249 28 22 R.
1699 249 151 23 BARRETT.

1317 274 129 27 Thorndon,
1460 275 61 22 June
1530 276 21 22 5.

1407 329 69 20 FOR
1494 329 166 21 POVERTY
1679 330 82 20 BAY.

1325 370 71 29 *£§*.
1404 366 93 24 HHHE
1505 367 105 21 schooner
1618 367 101 23 SALLY
1729 368 76 27 ANN,
1815 369 61 28 Capt.

1283 402 4 5 '
1305 390 94 35 aSSs^
1410 401 30 13 -*-
1479 393 120 22 Cummins.
1632 394 44 22 For
1690 394 83 27 freight
1789 403 26 13 or
1827 403 51 20 pas-

1293 419 168 27 •aSsSsssage,
1480 420 67 27 apply
1561 423 23 19 to
1598 420 37 22 the
1650 421 90 27 captain
1754 429 30 14 on
1799 422 77 26 board,

1292 451 24 14 or
1326 447 23 18 to
1617 447 127 23 ROBERT
1757 448 71 23 TOD.

1318 478 52 22 Port
1379 478 133 29 Nicholson,
1524 480 55 28 May
1587 482 33 26 29,
1632 482 63 21 1840.

1465 534 69 20 FOR
1549 534 150 22 SYDNEY.

1323 568 70 31 *S3g-
1403 563 92 24 P~PHE
1509 564 44 23 fine
1566 565 42 22 fast
1621 566 82 28 sailing
1716 568 48 27 ship
1782 568 93 27 HOPE,

1304 588 93 38 s^ggg^
1408 588 30 23 -L
1448 592 43 20 400
1495 594 56 24 tons,
1559 592 21 21 J.
1586 592 20 22 S.
1612 592 104 29 Coombs,
1724 595 151 22 commander.

1291 615 159 25 wSssrarSiHas
1459 618 100 27 superior
1568 620 191 22 accommodation
1769 621 35 21 for
1812 622 64 22 cabin

1291 642 43 21 and
1341 645 99 25 steerage
1446 651 138 20 passengers.
1606 646 46 22 For
1656 646 83 28 freight
1746 655 24 14 or
1775 655 100 21 passage,

1290 668 65 28 apply
1365 672 22 18 to
1398 669 36 22 the
1445 672 88 26 captain
1544 679 28 14 on
1581 672 76 23 board.

1512 726 30 22 H.
1558 727 92 27 READ,

1368 759 148 22 TINMAN
1534 762 72 20 AND
1624 762 169 28 BRAZIER,

1289 791 105 49 BEGS
1404 794 144 28 respectfully
1557 799 22 17 to
1588 795 83 23 inform
1679 797 39 21 the
1725 797 74 28 public
1807 806 69 19 gene-

1363 819 63 28 rally,
1438 820 50 22 that
1495 821 28 22 he
1534 824 39 20 has
1584 824 144 22 commenced
1738 824 101 23 business
1850 834 24 14 as

1290 845 75 27 above,
1376 849 23 18 at
1408 844 38 24 the
1457 851 48 18 east
1520 848 43 22 end
1580 849 24 21 of
1619 849 38 22 the
1675 851 116 27 Company
1807 860 68 14 ware-

1289 871 84 28 houses,
1394 880 30 14 on
1443 874 37 21 the
1504 874 80 28 Beach,
1607 876 46 21 and
1675 876 70 28 hopes
1762 878 32 27 by
1813 879 63 22 strict

1288 899 145 28 punctuality,
1445 903 23 18 to
1478 901 66 21 merit
1553 902 55 21 their
1617 906 131 24 patronage.

1314 931 31 22 H.
1356 931 63 23 Read
1427 933 41 21 has
1478 933 47 22 also
1535 942 28 14 on
1573 935 51 27 sale,
1636 937 101 25 superior
1751 936 62 28 large
1828 938 46 22 size

1289 957 114 23 Britannia
1412 960 69 22 metal
1492 961 78 27 dishes,
1581 962 77 27 plates,
1670 963 81 27 basins,
1766 967 38 18 tea
1820 972 54 20 cups

1290 985 43 21 and
1348 992 95 21 saucers,
1460 990 72 24 quart,
1547 989 54 31 pint,
1620 989 47 22 and
1680 990 53 21 half
1748 991 50 27 pint
1815 995 57 24 pots,

1286 1011 57 27 jugs,
1361 1012 39 22 &c.
1409 1021 6 18 ;
1438 1013 54 28 also,
1516 1015 80 22 British
1617 1016 61 27 plate
1695 1024 87 21 spoons,
1803 1018 68 27 forks,

1288 1045 65 20 sugar
1362 1041 70 26 tongs,
1445 1040 41 22 &c.

1289 1091 89 49 THE
1392 1093 225 24 UNDERSIGNED
1628 1096 55 22 offer
1689 1097 34 22 for
1732 1098 56 26 Sale,
1798 1106 28 14 or.
1834 1099 39 22 the

1361 1119 44 21 Lot
1414 1120 71 22 above
1496 1122 45 21 Col.
1552 1123 150 28 Wakefield's,

1312 1154 42 19 300
1363 1152 71 23 dozen
1443 1154 127 28 Hodgson's
1580 1156 47 27 pale
1639 1156 40 28 ale,

1313 1180 28 20 50
1351 1180 48 22 best
1408 1180 139 30 Westphalia
1556 1182 69 27 hams,

1312 1208 42 20 200
1361 1208 64 21 2-cut
1432 1208 82 27 yellow
1525 1209 66 28 deals,

1312 1233 100 28 Battens,

1312 1262 28 19 30
1351 1260 70 23 dozen
1430 1262 60 26 good
1500 1262 83 28 sherry,

1311 1288 15 20 4
1335 1287 64 22 hhds.
1410 1289 101 27 superior
1520 1290 95 27 Brandy,

1312 1315 28 20 30
1351 1314 62 22 casks
1423 1316 65 27 nails,
1499 1317 104 21 assorted.

1488 1350 26 22 T.
1530 1350 32 22 M.
1577 1351 182 24 PARTRIDGE
1770 1354 46 21 and
1826 1354 46 22 CO.

1474 1384 56 22 Bills
1540 1393 28 14 on
1579 1386 97 27 Sydney.

1312 1417 54 22 Port
1375 1417 131 28 Nicholson,
1518 1419 37 22 Bth
1565 1420 70 27 April,
1648 1422 60 21 1840.

1509 1474 136 22 NOTICE.

1286 1505 200 49 WHEREAS,
1495 1514 68 20 many
1570 1516 91 19 persons
1669 1516 37 15 are
1713 1517 50 14 now
1772 1511 101 27 engaged

1380 1533 23 21 in
1415 1533 87 28 cutting
1511 1535 64 21 down
1586 1538 55 19 trees
1653 1544 28 13 on
1693 1537 38 22 the
1744 1537 56 22 New
1816 1538 57 21 Zea-

1286 1559 52 22 land
1344 1559 64 23 Land
1415 1561 134 28 Company's
1558 1561 57 28 land,
1627 1563 24 21 in
1663 1563 43 22 this
1717 1564 91 27 district,
1820 1565 52 21 with

1286 1594 12 13 a
1307 1586 56 22 view
1372 1590 22 18 to
1403 1594 92 15 remove
1505 1595 24 15 or
1538 1595 38 15 use
1587 1589 59 22 them
1655 1593 22 18 at
1683 1597 14 15 a
1702 1591 73 22 future
1782 1592 89 26 period:

1286 1613 78 21 Notice
1373 1613 19 22 is
1401 1613 85 28 hereby
1492 1615 72 27 given,
1574 1615 46 22 that
1627 1624 30 13 no
1666 1620 57 19 trees
1732 1625 22 14 so
1761 1622 38 17 cut
1806 1618 65 22 down

1286 1647 40 14 can
1335 1641 28 21 be
1373 1640 96 22 claimed
1478 1643 57 20 after
1544 1641 38 23 the
1591 1643 117 22 allotment
1722 1645 26 21 of
1759 1645 37 22 the
1810 1645 61 27 land,

1286 1674 23 14 or
1318 1667 106 21 removed
1432 1668 95 22 without
1537 1669 36 21 the
1584 1674 91 18 consent
1685 1671 26 21 of
1722 1671 37 22 the
1768 1671 104 22 choosers

1286 1694 25 21 of
1330 1693 36 23 the
1385 1695 124 27 respective
1525 1695 100 29 sections,
1645 1704 62 20 upon
1725 1698 74 22 which
1817 1699 56 22 such

1285 1721 79 21 timber
1372 1728 53 21 may
1435 1721 28 22 be
1476 1722 69 27 lying.

1314 1755 35 27 By
1359 1754 65 23 order
1432 1756 27 21 of
1471 1755 38 22 the
1520 1756 133 28 Company's
1665 1758 111 29 Principal
1787 1759 83 28 Agent,

1583 1791 84 22 JOHN
1683 1792 104 28 LEWIS,

1483 1824 67 22 Chief
1561 1824 63 22 Clerk
1632 1825 27 21 of
1671 1825 36 23 the
1718 1827 64 21 Land
1793 1827 78 23 Office.

1310 1850 60 21 June
1379 1851 20 26 3,
1412 1851 60 21 1840.

1439 1907 163 21 WILLIAM
1616 1908 98 20 LYON

1284 1938 105 48 BEGS
1400 1942 22 19 to
1432 1947 126 20 announce,
1577 1940 46 22 that
1638 1941 24 22 in
1677 1941 99 23 addition
1794 1945 23 20 to
1833 1943 38 22 the

1363 1966 69 26 goods
1449 1967 106 27 formerly
1570 1967 132 27 advertised,
1720 1968 28 22 he
1764 1970 41 21 has
1823 1970 49 27 just

1283 1992 101 22 received
1394 2000 13 14 a
1418 2001 49 14 case
1478 1994 26 21 of
1516 1994 130 28 Stationery,
1658 1996 130 26 containing
1798 2004 14 14 a
1821 1997 50 21 well

1284 2019 98 20 assorted
1391 2019 119 22 collection
1523 2020 25 21 of

1310 2051 104 21 Account
1422 2052 77 26 books,
1511 2052 42 27 day
1563 2052 75 27 books,
1650 2053 45 21 and
1706 2053 109 27 journals.

1310 2076 103 28 Ledgers,
1425 2078 53 21 cash
1490 2078 43 21 and
1544 2079 62 21 letter
1616 2079 79 22 books.

1310 2103 84 22 Pocket
1406 2104 96 28 ledgers,
1519 2105 79 22 Russia
1613 2105 47 21 and
1674 2114 101 14 morroco
1789 2107 82 28 pocket

1283 2130 75 22 books.

1310 2158 68 21 Small
1387 2162 97 18 account
1493 2158 45 22 and
1547 2159 171 22 memorandum
1727 2160 77 22 books.

1308 2184 100 28 Blotting
1419 2192 69 20 cases,
1499 2185 117 28 portfolios,
1629 2187 45 21 and
1683 2186 55 22 field
1746 2187 77 23 books.

1309 2211 71 27 Large
1399 2212 45 22 and
1462 2213 64 21 small
1549 2216 49 24 post
1614 2213 90 27 writing
1721 2222 76 21 paper,
1817 2219 53 19 note

1282 2245 74 20 paper.

1309 2265 56 21 Laid
1373 2266 105 27 foolscap,
1490 2266 64 22 ruled
1560 2274 73 20 paper,
1645 2267 34 21 for
1689 2271 114 19 accounts.

1307 2292 80 27 Mogul
1398 2293 45 21 and
1452 2292 140 28 Highlander
1599 2294 94 27 playing
1702 2295 70 22 cards.

1309 2319 75 27 Slates,
1396 2319 94 27 pencils,
1499 2320 85 27 sealing
1589 2328 55 19 wax,
1652 2321 55 21 steel
1715 2329 62 20 pens,
1785 2330 14 14 a
1805 2326 64 23 great

1282 2346 84 27 variety
1376 2346 26 22 of
1412 2353 43 20 pen
1466 2346 85 27 knives,
1567 2347 65 21 black
1648 2348 46 22 and
1710 2349 39 21 red
1763 2349 48 28 ink,
1828 2349 41 23 ink

1281 2372 104 28 powders,
1396 2380 47 20 gun
1453 2373 110 27 wadding,
1575 2375 37 21 &c.
1625 2375 41 21 &c.

1543 2408 61 19 ALSO,

1307 2426 23 22 A
1339 2427 90 26 general
1439 2430 134 20 assortment
1583 2428 23 22 of
1615 2427 97 29 hosiery,
1733 2432 74 19 cotton
1824 2430 45 22 and

1283 2453 91 22 woollen
1391 2453 71 28 socks,
1486 2454 115 28 stockings,
1622 2455 80 22 lamb's
1723 2456 56 22 wool
1794 2457 73 27 shirts,

1283 2480 116 27 Guernsey
1426 2481 82 27 frocks,
1536 2481 100 28 flannels,
1662 2485 77 19 cotton
1763 2483 104 28 drawers,

1282 2507 38 21 &c.
1331 2507 39 21 &c.
1380 2515 4 19 ;
1412 2507 114 28 corderoy,
1545 2509 117 27 moleskin,
1683 2509 47 22 and
1747 2510 121 23 beverteen

1278 2533 92 33 .jackets,
1389 2538 65 23 vests,
1472 2535 47 22 and
1534 2539 95 19 trousers
1639 2544 5 18 ;
1670 2536 55 26 pilot
1742 2541 66 24 coats,
1826 2546 43 19 pea

1278 2561 99 26 jackets;
1398 2562 130 27 gambroon,
1545 2562 152 27 Wharnclitfe,
1716 2563 44 22 and
1777 2563 92 29 kersey-

1281 2595 59 15 mere
1365 2591 103 24 trousers,
1497 2589 38 21 &c.
1562 2590 37 22 &c.
1610 2598 5 19 ;
1642 2590 54 22 with
1716 2591 153 22 considerable

1281 2615 110 21 additions
1400 2618 23 18 to
1432 2615 35 22 his
1477 2616 90 27 general
1584 2617 62 21 stock
1664 2617 25 21 of
1700 2617 167 30 ironmongery,

1283 2640 89 29 cutlfery,
1384 2641 45 22 and
1435 2642 154 27 Birmingham
1598 2643 76 28 bright
1681 2644 77 27 goods.

1307 2675 54 22 East
1370 2675 45 22 end
1424 2676 26 21 of
1460 2676 39 21 the
1509 2677 132 27 Company's
1652 2677 146 29 warehouses,

1387 2702 61 22 June
1457 2704 21 26 4,
1490 2704 60 21 1840.

1283 2757 66 49 TO
1363 2756 38 22 BE
1417 2756 87 28 SOLD,
1522 2764 13 14 a
1544 2764 48 15 new
1601 2757 140 23 WOODEN
1756 2758 111 28 HOUSE,

1357 2784 39 26 (by
1405 2784 131 27 Manning,)
1551 2786 26 19 33
1587 2784 45 22 feet
1641 2785 31 27 by
1681 2787 34 26 18,
1722 2786 94 27 making
1825 2786 44 21 five

1281 2818 73 14 rooms
1363 2812 13 19 8
1385 2810 46 22 feet
1440 2810 79 27 height
1527 2811 24 21 in
1561 2811 35 21 the
1606 2811 67 27 clear,
1688 2813 14 20 2
1716 2812 89 22 French
1814 2813 55 21 win-

1283 2838 64 26 dows,
1358 2837 66 22 roller
1429 2838 82 26 blinds,
1518 2838 67 25 locks,
1594 2838 47 27 &c,
1650 2838 116 28 complete.
1793 2840 76 26 Apply

1283 2867 20 19 to
1314 2864 55 22 Rev.
1379 2864 26 22 T.
1416 2864 25 22 F.
1452 2864 109 28 Churton,
1571 2864 130 23 Thorndon.

1521 2920 103 20 LAND.

1281 2953 183 48 WANTED,
1482 2953 100 22 Sections
1595 2954 53 21 with
1660 2954 70 23 Town
1741 2955 78 26 Acres,
1830 2954 39 22 be-

1376 2984 71 17 tween
1472 2981 55 21 Nos.
1551 2982 40 21 200
1613 2981 47 22 and
1681 2984 50 19 300.
1770 2981 100 22 Address

1282 3007 29 21 X.
1321 3007 28 21 Y.
1360 3007 32 27 Z.,
1405 3010 22 18 at
1437 3007 38 22 the
1641 3008 80 22 Office.

1307 3041 65 27 April
1380 3043 20 23 9,
1413 3043 61 20 1840.

1523 3098 103 20 LAND.

1281 3130 174 49 WANTED
1466 3134 24 18 to
1499 3131 112 27 purchase,
1621 3131 143 22 SEVERAL
1774 3132 94 21 TOWN

1376 3157 105 22 ACRES.
1511 3157 68 27 Early
1592 3158 87 22 choices
1694 3158 74 22 would
1779 3158 28 21 be
1819 3165 50 20 pre-

1281 3183 78 22 ferred.
1387 3184 77 28 Apply
1474 3188 23 18 to
1504 3184 44 23 Mr.
1558 3184 90 28 Dudley
1657 3185 101 22 Sinclair.

1281 3239 122 22 MESSRS.
1422 3240 31 21 H.
1473 3240 110 21 MEECH
1599 3240 70 21 AND
1693 3240 174 28 OXENHAM,

1335 3273 181 27 Shipwrights
1526 3274 56 20 and
1590 3274 72 20 Boat
1671 3273 137 25 Builders,

1281 3307 90 48 BEG
1379 3307 64 21 leave
1453 3310 23 18 to
1487 3314 115 14 announce
1612 3309 24 19 to
1644 3306 37 22 the
1689 3309 81 24 gentry
1777 3306 47 22 and
1830 3307 37 21 the

1356 3334 80 27 public,
1446 3334 50 21 that
1504 3334 83 31 haying
1594 3341 12 14 a
1613 3333 113 27 thorough
1736 3333 131 27 knowledge

1281 3361 25 21 of
1317 3360 53 28 Ship
1380 3360 45 22 and
1433 3360 60 22 Boat
1501 3360 109 27 Building,
1620 3360 54 28 they
1682 3367 42 14 can
1735 3360 53 22 with
1798 3361 69 21 confi-

1281 3388 69 21 dence
1366 3387 126 22 undertake
1508 3390 22 18 to
1549 3386 61 23 build
1629 3394 46 20 any
1692 3386 134 29 description
1845 3388 26 21 of

1281 3414 78 27 Yacht,
1368 3414 63 27 Boat,
1441 3421 24 14 or
1474 3414 80 27 Barge,
1562 3421 59 20 upon
1629 3412 56 23 such
1695 3416 68 19 terms
1772 3421 25 14 as
1808 3418 61 18 must

1281 3448 77 15 ensure
1368 3441 61 21 them
1439 3440 39 22 the
1486 3440 119 22 continued
1611 3443 124 25 patronage
1744 3441 24 21 of
1779 3441 31 21 all
1818 3441 49 22 who

1279 3468 56 22 have
1347 3475 54 14 once
1412 3467 119 28 employed
1540 3466 66 22 them.

1305 3502 91 21 Messrs.
1408 3501 31 21 H.
1450 3501 34 22 M.
1497 3501 44 21 and
1551 3501 27 21 O.
1589 3501 50 21 take
1648 3500 37 22 the
1693 3501 145 28 opportunity
1845 3502 26 21 of

1279 3528 115 27 returning
1412 3527 59 22 their
1490 3528 85 21 sincere
1597 3527 82 22 thanks
1699 3528 36 21 for
1756 3528 38 21 the
1813 3536 54 20 very

1278 3555 78 22 liberal
1366 3558 92 24 support
1467 3555 54 26 they
1530 3554 57 22 have
1596 3554 91 27 already
1697 3557 47 19 met
1753 3555 62 22 with.

1359 3588 39 22 All
1408 3588 76 22 orders
1493 3588 129 28 punctually
1632 3588 108 22 attended
1753 3591 30 19 to.

1305 3623 52 22 Left
1365 3623 46 22 side
1422 3623 26 21 of
1459 3622 39 22 the
1509 3623 67 21 River
1585 3622 66 27 Hutt,

1371 3650 65 27 April
1446 3650 33 26 14,
1493 3650 60 21 1840.

1292 3703 229 22 DISSOLUTION
1535 3704 42 19 OF
1591 3704 261 21 PARTNERSHIP.

1279 3737 145 50 NOTICE
1438 3736 29 22 IS
1486 3736 124 22 HEREBY
1630 3736 109 27 GIVEN,
1759 3737 51 22 that
1827 3737 39 23 the

1359 3763 144 28 Partnership
1516 3764 97 21 between
1629 3763 39 22 the
1681 3763 153 28 undersigned
1848 3764 18 22 is

1279 3791 115 26 dissolved,
1406 3794 82 24 except
1497 3798 23 14 so
1535 3791 33 21 far
1584 3798 21 14 as
1620 3790 83 22 relates
1719 3793 22 19 to
1756 3791 110 27 Consign-

1279 3821 72 19 ments
1361 3817 44 23 and
1415 3817 111 27 Agencies
1536 3824 49 15 now
1594 3817 103 22 received
1709 3824 25 15 or
1749 3817 49 22 that
1813 3826 53 19 may

1278 3846 27 22 be
1316 3844 119 23 addressed
1445 3847 22 19 to
1478 3844 38 22 the
1525 3844 50 22 firm
1585 3844 58 27 prior
1655 3847 23 19 to
1694 3844 74 22 notice
1784 3845 26 21 of
1822 3845 44 21 this

1279 3872 138 23 dissolution.

1496 3898 26 22 E.
1537 3897 148 26 DANIELL,

1495 3925 119 21 DANIEL
1630 3924 187 22 RIDDIFORD.

1307 3958 52 21 Port
1368 3957 130 26 Nicholson,
1512 3957 53 26 May
1577 3958 29 25 12,
1618 3955 74 31 1840/
