2540 4050
551 544 132 32 PORT
705 544 288 40 NICHOLSON,
1016 546 264 32 SATURDAY
1299 544 242 44 MdPIK,
1562 548 263 38 I&BRUARY
1847 559 52 34 27,
1924 560 90 29 1841.

61 549 62 31 No.
145 547 65 39 46.]

2330 563 96 40 [Vol.
2449 567 28 30 1.

1227 58 101 32 THE

70 115 457 132 NEW
636 113 871 137 ZEALAND
1617 123 856 142 GAZETTE

1226 279 103 32 AND

66 311 1147 151 WELLINGTON
1328 311 1147 151 SPECTATOR.

1295 641 192 22 BARRETT'S
1501 643 124 26 HOTEL,
1637 645 243 21 WELLINGTON.

1296 674 169 48 UHUNT
1490 676 53 28 begs
1553 680 23 18 to
1587 684 117 15 announce
1715 680 22 19 to
1753 678 35 21 his
1797 678 83 23 friends

1353 713 11 10 •
1395 702 45 21 and
1451 703 37 22 the
1498 703 82 27 public,
1599 704 49 21 that
1658 704 27 21 he
1699 704 41 21 has
1756 705 124 22 succeeded

1296 727 43 23 Mr.
1351 728 26 22 R.
1389 729 89 22 Barrett
1487 730 23 21 in
1521 730 37 21 the
1569 730 70 22 above
1649 731 174 26 establishment,
1835 732 45 22 and

1294 757 66 20 trusts
1371 755 48 22 that
1427 756 31 27 by
1466 757 110 21 attention
1586 760 23 18 to
1619 765 75 14 secure
1704 765 14 14 a
1727 758 78 21 liberal
1815 758 64 23 share

1294 782 26 21 of
1331 786 90 23 support
1430 783 58 22 from
1499 783 62 22 those
1569 784 49 22 who
1626 791 51 20 may
1684 784 80 22 favour
1770 784 46 23 him
1826 786 54 21 with

1294 807 57 24 their
1360 813 129 23 patronage.

1322 835 82 28 Wines,
1425 836 80 28 spirits,
1523 836 42 28 ale,
1577 837 45 22 and
1630 840 81 25 porter,
1732 838 27 21 of
1774 838 38 22 the
1829 838 51 23 best

1294 862 107 28 qualities.

1320 889 37 22 An
1368 889 105 29 ordinary
1482 893 24 18 at
1514 892 13 19 2
1538 890 86 23 o'clock
1640 890 66 28 daily.
1745 892 55 22 Cold
1811 892 68 22 colla-

1294 915 57 22 tions
1360 916 198 32 alwaysjread-y.»~
1562 918 78 21 Public
1658 918 90 22 dinners
1763 919 115 27 provided.

1321 942 64 23 Good
1397 943 70 27 beds,'
1473 944 47 21 'and
1535 944 86 28 private
1639 948 135 24 apartments
1791 946 35 21 for
1839 946 40 22 the

1293 975 38 16 use
1342 970 25 21 of
1377 970 103 22 families.

1320 996 144 28 Wellington,
1476 997 53 22 Feb.
1541 999 33 26 19,
1586 999 61 21 1841.

1313 1051 192 22 BARRETT'S
1519 1053 116 20 HOTEL
1649 1054 75 20 AND
1739 1054 117 26 STORE,

1495 1086 178 23 TARANAKI.

1293 1118 173 49 RICHARD
1481 1120 145 22 BARRETT
1642 1121 52 27 begs
1708 1125 24 18 to
1746 1122 81 22 inform
1839 1122 40 22 the

1369 1147 139 22 inhabitants
1520 1148 26 21 of
1562 1148 54 21 Port
1630 1148 130 27 Nicholson,
1779 1149 45 22 and
1840 1149 39 22 the

1292 1172 113 28 adjoining
1416 1174 149 27 Settlements,
1576 1175 49 21 that
1633 1174 29 22 he
1675 1175 90 21 intends
1781 1177 99 26 opening

1293 1206 29 15 on
1332 1200 35 21 the
1378 1202 34 20 Ist
1422 1200 25 21 of
1459 1201 80 21 March
1549 1205 61 22 next,
1626 1201 39 22 the
1673 1202 71 22 above
1755 1202 70 22 Hotel
1834 1203 45 21 and

1294 1226 94 22 General
1399 1228 71 26 Store,
1482 1228 50 21 with
1544 1235 14 14 a
1568 1228 158 22 well-selected
1741 1229 46 21 and
1802 1229 77 23 choice

1292 1254 63 21 stock
1373 1254 25 21 of
1414 1254 76 27 wines,
1513 1255 80 27 spirits,
1612 1255 35 21 ale
1671 1256 44 21 and
1734 1259 81 24 porter,
1834 1257 46 21 and

1292 1280 89 27 general
1390 1285 134 17 assortment
1532 1282 26 20 of
1563 1282 69 26 goods
1642 1282 94 22 suitable
1743 1283 35 21 for
1785 1283 92 27 settlers,

1292 1310 23 19 at
1324 1315 53 19 very
1386 1308 113 21 moderate
1515 1309 73 27 prices
1595 1316 5 19 ;
1618 1309 46 21 and
1679 1312 67 18 trusts
1760 1309 30 28 by
1807 1313 73 19 atten-

1293 1334 45 21 tion
1357 1338 21 17 to
1398 1334 37 22 the
1454 1336 152 21 convenience
1626 1336 45 21 and
1689 1336 94 22 comfort
1799 1337 26 21 of
1843 1337 36 22 his

1292 1364 73 24 guests
1374 1364 23 19 to
1407 1362 66 21 merit
1483 1369 13 14 a
1505 1362 65 22 share
1581 1362 26 22 of
1618 1362 57 22 their
1683 1363 80 21 favors.

1319 1388 55 22 N.B.
1376 1400 27 3 —
1405 1388 66 22 Good
1493 1389 54 21 beds
1571 1389 45 21 and
1634 1389 191 23 accommodation
1844 1391 36 21 for

1293 1415 118 27 travellers,
1423 1416 44 20 and
1476 1416 86 27 private
1572 1419 134 24 apartments
1719 1417 34 21 for
1762 1417 102 23 families.

1292 1469 230 22 AUSTRALIAN
1536 1471 157 26 TAVERN,
1708 1472 21 20 &
1745 1472 130 21 COFFEE

1522 1498 127 21 ROOMS.

1453 1532 58 14 LATE
1526 1532 88 14 SYDNEY
1625 1533 89 14 STORES.

1294 1557 109 48 GH.
1421 1558 127 23 COGLAN
1562 1559 54 27 begs
1626 1562 23 18 to
1659 1559 80 22 inform
1749 1559 35 22 his
1795 1560 83 22 friends

1350 1595 9 10 •
1389 1585 46 22 and
1454 1585 38 22 the
1508 1586 82 27 public,
1606 1586 49 21 that
1673 1586 28 22 he
1716 1586 39 22 has
1772 1594 46 15 rem
1828 1587 51 22 >ved

1292 1611 56 22 from
1358 1611 37 22 the
1405 1616 47 18 east
1462 1612 44 23 end
1516 1613 25 21 of
1553 1612 37 22 the
1600 1612 82 28 Beach,
1699 1613 85 27 Petoni,
1800 1617 23 18 to
1839 1614 39 22 the

1292 1642 53 17 west
1354 1638 49 26 end,
1416 1646 54 15 near
1480 1640 37 21 the
1526 1640 45 21 late
1581 1640 147 21 Commercial
1741 1640 51 26 Inn,
1804 1640 73 23 where

1292 1664 28 21 he
1329 1664 68 28 hopes
1413 1669 23 18 to
1451 1666 56 22 have
1521 1667 31 27 by
1568 1667 147 27 unremitting
1730 1668 116 27 attention,
1865 1675 14 14 a

1293 1690 62 23 share
1365 1692 25 21 of
1401 1693 75 27 public
1485 1697 130 23 patronage.

1359 1725 66 22 Good
1435 1727 191 21 accommodation
1641 1727 34 22 for
1687 1727 122 23 travellers.

1371 1781 92 21 JOHN
1487 1782 123 25 LODGE,
1632 1783 163 24 BUILDER,

1292 1814 105 49 BEGS
1412 1817 23 20 to
1445 1816 80 22 inform
1538 1816 37 22 the
1585 1817 136 21 inhabitants
1732 1817 26 21 of
1769 1817 110 27 Welling-

1353 1845 45 24 ton,
1409 1842 50 22 that
1467 1843 85 27 having
1560 1844 58 21 been
1628 1851 67 19 many
1705 1851 65 24 years
1778 1844 101 27 engaged

1293 1876 22 14 as
1324 1868 101 23 foreman
1434 1870 23 21 in
1473 1870 37 21 the
1525 1870 98 22 erection
1640 1871 26 21 of
1679 1870 118 27 buildings,
1815 1871 27 21 he
1859 1871 20 21 is

1292 1903 49 14 now
1350 1897 108 27 prepared
1468 1901 22 17 to
1500 1897 65 21 make
1575 1897 65 27 plans
1654 1897 44 22 and
1715 1898 112 21 estimates
1843 1897 36 22 for

1292 1929 42 21 any
1345 1923 133 28 description
1494 1924 24 21 of
1532 1924 119 27 buildings,
1669 1924 44 22 and
1729 1927 92 19 execute
1840 1925 38 21 the

1292 1957 59 15 same
1360 1957 29 15 on
1398 1951 131 22 reasonable
1540 1955 74 23 terms,
1626 1951 53 21 with
1687 1951 59 27 good
1754 1951 124 22 workman-

1291 1977 55 27 ship.

1290 2019 9 11 v
1317 2004 56 22 N.B.
1374 2016 28 3 —
1403 2005 22 21 A
1441 2005 94 21 wooden
1551 2004 70 23 house
1639 2007 22 19 to
1677 2005 27 21 be
1724 2004 103 26 disposed
1846 2005 31 25 of,

1291 2028 52 24 20ft.
1353 2030 30 27 by
1393 2031 52 21 14ft.

1316 2057 122 22 Thorndon
1450 2058 72 26 Quay,
1533 2057 53 22 Jan.
1597 2059 33 25 21,
1643 2058 60 21 1841.

1292 2111 71 49 ON
1385 2111 87 27 SALE,
1493 2115 23 19 at
1534 2111 38 23 the
1592 2113 74 21 Stores
1685 2112 26 22 of
1732 2112 37 22 the
1789 2113 88 22 Under-

1367 2138 78 27 signed
1454 2147 4 13 :—:
1460 2150 29 4 —

1317 2165 89 28 Pomy's
1417 2166 81 22 Medoc
1509 2165 75 28 claret,
1595 2166 23 22 in
1630 2174 66 19 cases,
1709 2168 10 20 1
1732 2166 48 22 doz.
1792 2166 62 22 each.

1397 2192 63 22 Ditto
1597 2193 56 22 ditto
1706 2195 14 20 2
1757 2193 62 23 ditto.

1316 2219 60 28 Very
1386 2221 100 26 superior
1494 2223 52 25 port
1555 2219 64 27 wine,
1631 2221 55 21 ditto
1708 2221 13 20 3
1758 2221 62 21 ditto.

1395 2247 65 22 Ditto
1597 2247 63 26 ditto,
1671 2247 22 22 in
1705 2251 89 23 quarter
1804 2247 71 23 casks.

1315 2273 81 28 Sherry
1396 2285 28 4 —
1425 2275 83 27 brown,
1527 2274 61 27 gold,
1605 2275 59 27 pale,
1683 2275 37 21 old
1744 2275 82 27 brown,
1851 2275 24 21 in

1289 2304 88 24 quarter
1386 2301 72 22 casks.

1315 2327 97 28 Brandy,
1423 2329 24 21 in
1458 2336 62 15 cases
1529 2329 27 21 of
1567 2330 9 20 1
1590 2328 49 22 doz.
1649 2327 62 24 each.

1397 2355 64 22 Ditto
1569 2357 12 19 :i
1621 2355 62 27 ditto,

1315 2381 66 23 Rum.
1397 2382 23 22 in
1437 2382 64 22 hhds.
1517 2383 26 21 of
1553 2384 26 20 43
1590 2383 93 26 gallons.

1395 2409 65 22 Ditto
1554 2411 28 21 47
1619 2409 63 23 ditto.

1315 2435 51 26 Gin,
1378 2435 52 23 half
1440 2444 68 17 cases,
1520 2438 10 20 1
1543 2436 71 22 dozen
1625 2436 61 23 each.

1314 2461 101 28 Taylor's
1425 2466 66 24 stout,
1502 2464 22 21 in
1536 2464 69 21 wood.

1331 2489 63 22 Ditto
1422 2491 50 27 pale
1483 2491 41 26 ale,
1538 2491 62 21 ditto.

1332 2516 61 22 Ditto
1423 2521 66 23 stout,
1500 2518 22 21 in
1531 2517 76 27 bottle,
1620 2517 62 22 casks
1689 2517 26 22 of
1720 2519 13 20 3
1742 2517 49 22 doz.
1800 2517 62 22 each.

1313 2543 176 23 Hebblewhite's
1498 2548 66 24 stout,
1575 2545 56 21 ditto
1740 2545 62 22 ditto.

1358 2571 64 22 Ditto
1498 2571 41 27 ale,
1574 2572 56 21 ditto
1739 2571 63 23 ditto.

1557 2606 108 22 Richard
1675 2606 86 25 Baker,

1503 2632 127 22 Wholesale
1641 2632 64 22 Wine
1715 2632 127 23 Merchant.

1311 2658 146 29 Wellington,
1468 2659 54 23 Feb.
1534 2661 33 25 18,
1579 2661 61 20 1841.

1327 2715 148 21 THOMAS
1489 2716 75 20 AND
1578 2715 143 21 SAMUEL
1736 2714 90 22 COCK

1285 2749 89 48 BEG
1384 2753 23 18 to
1417 2750 82 21 inform
1510 2750 37 22 the
1556 2750 83 27 public,
1650 2750 46 21 that
1712 2749 84 27 having
1811 2756 61 15 com-

1359 2776 76 28 pleted
1453 2777 57 22 their
1533 2778 114 21 extensive
1666 2776 206 22 weather-boarded

1285 2803 68 27 Store,
1364 2804 54 27 they
1427 2804 57 22 have
1501 2811 68 20 every
1585 2804 151 22 convenience
1752 2804 34 21 for
1802 2810 69 15 ware-

1284 2830 94 28 housing
1386 2831 77 27 goods,
1475 2834 23 19 at
1507 2839 13 14 a
1529 2838 55 20 very
1593 2831 113 22 moderate
1717 2830 87 28 charge.

1311 2863 111 23 Lambton
1433 2865 72 28 Quay,
1516 2865 147 27 Wellington,
1675 2865 52 22 Jan.
1738 2866 33 25 29,
1783 2866 59 20 1841.

1438 2922 46 20 TO
1498 2921 71 20 THE
1583 2921 134 21 PUBLIC.

1287 2953 157 49 MESSRS.
1480 2954 161 27 WALLACE,
1676 2971 6 7 r
1679 2951 111 29 WHITE<
1826 2954 46 22 and

1374 2981 155 22 WALLACE
1557 2981 57 22 have
1622 2982 47 27 just
1677 2981 90 27 landed,
1788 2988 28 15 ex
1832 2981 38 22 the

1433 3016 30 15 an
1479 3009 114 21 extensive
1608 3011 134 19 assortment
1760 3008 26 22 of
1804 3016 65 19 guns,

1285 3042 86 15 DOUBLE
1390 3043 47 15 AND
1454 3043 81 15 SINGLE
1553 3043 139 20 BARRELLED,
1708 3039 56 24 pots,
1782 3035 87 27 kettles,

1285 3069 127 21 saucepans,
1428 3063 40 22 flat
1477 3063 66 26 irons,
1555 3063 45 21 and
1616 3062 63 22 other
1687 3062 73 22 useful
1774 3061 95 28 articles,

1285 3088 70 23 which
1363 3089 53 28 they
1424 3098 37 14 are
1472 3089 80 28 selling
1558 3093 23 18 at
1588 3089 146 28 exceedingly
1739 3089 44 22 low
1790 3089 78 27 prices,

1284 3119 22 18 at
1316 3116 56 22 their
1382 3117 71 27 Store,
1465 3124 29 14 on
1505 3117 37 21 the
1552 3116 78 22 beach.

1488 3183 69 21 FOR
1571 3182 95 27 SALE,

1285 3216 116 49 GOOD
1412 3216 84 28 sherry,
1508 3216 23 21 in
1543 3218 89 25 quarter
1642 3214 69 23 casks.

1364 3243 112 28 Crockery
1487 3243 44 22 and
1540 3244 125 20 iron-stone
1674 3249 65 15 ware.

1308 3269 124 29 Eight-day
1441 3270 46 21 and
1496 3269 76 23 Dutch
1583 3269 83 22 clocks.

1308 3296 101 28 Fowling
1419 3297 80 27 pieces,
1509 3296 105 26 muskets,
1626 3295 46 22 and
1680 3294 127 23 umbrellas.

1309 3324 105 26 Cooper's
1423 3331 66 20 ware,
1501 3323 54 23 such
1565 3330 25 15 as
1599 3322 98 27 buckets,
1709 3321 89 28 churns,
1810 3321 58 27 tubs,

1282 3350 112 28 kneading
1403 3350 100 28 troughs,
1514 3351 41 21 &c.
1565 3350 40 22 &c.
1616 3350 41 21 &c.

1308 3377 96 23 Brushes
1416 3378 26 21 of
1453 3377 30 22 all
1492 3376 73 23 kinds.

1520 3411 26 21 T.
1558 3410 34 22 M.
1602 3410 135 22 Partridge
1748 3409 44 23 and
1802 3409 38 22 Co.

1502 3465 147 21 TIMBER.

1284 3492 181 34 QEASONED
1475 3492 88 27 boards,
1574 3493 11 21 1
1596 3491 39 28 in.,
1647 3493 12 24 J
1668 3491 39 28 in.,
1716 3491 45 23 and
1772 3492 11 25 J
1793 3491 31 22 in.

1283 3515 32 27 O
1361 3519 107 23 Weather
1477 3519 89 23 boards.
1574 3519 3 3 '

1362 3547 117 26 Scantling
1488 3547 26 21 of
1524 3545 31 23 all
1565 3545 63 23 sizes.

1360 3573 99 28 Norway
1469 3573 69 22 deals.

1360 3601 103 22 Battens.

1359 3629 28 20 50
1397 3628 59 27 pairs
1466 3626 87 22 French
1562 3626 113 27 windows,
1684 3628 44 20 two
1738 3625 64 23 sizes.

1360 3653 126 23 Pannelled
1496 3653 72 22 doors.

1496 3681 26 21 T.
1539 3680 33 22 M.
1589 3679 133 23 Partridge
1738 3678 46 22 and
1798 3678 39 22 Co.

1280 3715 194 27 Manners-street,
1484 3714 146 26 Wellington,

1327 3743 34 21 Ist
1370 3742 132 26 December,
1514 3742 60 20 1840.

1280 3797 86 49 FOR
1389 3796 86 27 SALE,
1496 3803 14 15 a
1527 3796 104 26 quantity
1647 3794 26 22 of
1692 3794 78 22 Water
1788 3793 75 27 Casks,

1350 3823 79 28 nearly
1438 3830 57 15 new.
1524 3822 76 27 Apply
1611 3825 22 18 to

1448 3850 131 26 Ridgways,
1593 3849 103 25 Guyton,
1708 3846 45 23 and
1762 3847 71 21 Earp.

1277 3907 72 49 ON
1363 3906 86 26 SALE,
1463 3909 24 19 at
1496 3905 43 22 this
1550 3904 78 27 Office,
1639 3903 48 23 files
1696 3902 26 23 of
1732 3902 38 22 the
1807 3902 57 22 New

1353 3933 99 22 Zealand

1456 3958 76 27 Office,
1543 3957 59 23 Nor.
1613 3958 32 25 28,
1660 3958 58 20 1840.

713 639 117 21 UNION
843 640 101 20 BANK
958 641 42 20 OF
1016 640 219 21 AUSTRALIA.

676 671 96 23 London
791 672 92 26 Office,
900 672 44 22 No.
958 674 35 25 33,
1012 673 51 22 Old
1078 673 185 22 Broad-street.

730 705 94 28 Capital,
835 706 122 27 £500,000;
977 706 52 28 paid
1037 714 37 20 up,
1091 707 118 27 £300,000.

911 744 108 12 DIRECTORS
1024 746 6 11 :

781 767 68 20 George
857 767 39 17 Fife
903 768 66 20 Angas,
978 768 48 21 Esq.,

781 787 68 17 Robert
857 788 73 19 Brooks,
941 789 48 20 Esq.,

780 808 62 17 James
849 808 48 17 John
906 810 98 19 Cummins,
1013 810 49 20 Esq.,

779 829 69 17 Robert
855 830 96 20 Gardener,
964 831 47 20 Esq.,
1024 830 121 21 Manchester,

779 850 49 17 John
837 851 51 19 Gore,
899 851 49 20 Esq.,

779 871 49 17 John
836 871 79 17 William
923 872 73 18 Buckle,
1002 872 49 21 Esq.,

779 892 96 20 Benjamin
883 893 21 16 E.
911 892 63 20 Lindo,
983 893 47 20 Esq.,

779 913 73 16 Charles
863 913 74 17 Edward
944 913 87 21 Mangles,
1041 914 48 20 Esq.,

779 934 116 20 Christopher
903 934 82 19 Rawson,
994 934 48 21 Esq.,
1054 934 81 20 Halifax,

779 954 78 16 Thomas
865 955 64 19 Sands,
937 955 48 20 Esq.,
993 955 100 20 Liverpool,

778 975 62 16 James
848 975 55 20 Bogle
911 975 63 19 Smith,
982 975 48 20 Esq.,

778 995 62 17 James
848 996 79 16 Ruddell
934 996 56 19 Todd,
997 996 43 20 Esq.

672 1021 86 18 Trusteei
763 1027 4 11 :
784 1022 82 16 George
877 1022 57 17 Carr
945 1023 60 19 Glyk,
1018 1023 48 20 Esq.,
1077 1023 54 17 John
1141 1023 63 20 Gore,
1213 1023 48 20 Esq.,

820 1043 36 16 and
863 1043 67 16 James
937 1043 17 16 J.
961 1043 100 20 Cummins,
1071 1044 42 20 Esq.

699 1069 82 18 Bankers
787 1075 4 11 :
803 1069 75 18 Messrs.
887 1071 60 19 Glyk,
959 1071 113 19 Hallifax,
1081 1071 70 19 Mills,
1160 1071 37 17 and
1204 1071 29 17 Co.

793 1097 101 21 Secretary:
907 1099 83 16 Samuel
995 1099 95 19 Jackson,
1098 1099 42 20 Esq.

763 1124 80 18 Colonial
850 1125 104 21 Inspector:
966 1126 18 16 J.
991 1126 18 16 C.
1017 1126 154 22 M'LAREH,.Esq.

794 1174 70 19 New
882 1174 122 21 Zealand
1023 1174 114 21 Branch.

671 1205 54 17 Local
732 1206 92 17 Directors
831 1211 4 12 :
850 1207 47 16 Geo.
910 1208 17 16 S.
939 1208 71 19 Evans,
1024 1208 47 21 Esq.,
1085 1208 69 20 D.C.L.,
1167 1209 37 16 and
1215 1209 47 16 Geo.

895 1228 91 20 Hunter,
997 1229 43 20 Esq.

672 1254 97 22 Manager:
780 1255 50 17 John
837 1256 72 19 Smith,
918 1256 48 20 Esq.,
974 1256 36 17 late
1017 1256 21 17 of
1047 1257 30 16 the
1085 1256 118 17 Commercial
1209 1256 54 17 Bank

841 1276 22 17 of
871 1277 89 20 England,
971 1277 122 17 Manchester.

783 1304 114 23 Branches
908 1308 24 19 at
946 1305 97 27 Sydney,

946 1332 11 21 I
962 1332 73 22 lobart
1043 1332 75 28 Town,

948 1359 9 22 ]
968 1363 128 24 aunceston,
1107 1358 46 23 and

946 1386 12 21 I
966 1389 33 19 ort
1010 1386 81 28 Philip.

672 1418 53 22 Port
734 1418 132 29 Nicholson,
877 1419 81 23 March
967 1421 33 26 24,
1013 1421 61 21 1840.

672 1473 44 21 HI
720 1472 44 22 HE
781 1473 115 22 Directors
913 1473 26 22 of
953 1473 40 23 the
1009 1473 57 23 New
1082 1474 101 22 Zealand
1197 1475 65 21 Land

679 1496 29 25 JL
747 1500 117 27 Company
878 1500 82 28 hereby
979 1501 50 27 give
1045 1501 81 27 notice,
1144 1501 50 22 that
1208 1502 54 27 they

670 1525 58 23 have
736 1534 113 15 effected
859 1535 31 13 an
901 1535 170 15 arrangement
1079 1529 53 21 with
1140 1528 37 22 the
1186 1529 73 21 Union

670 1553 66 21 Bank
750 1554 27 21 of
792 1554 121 27 Australia,
930 1555 44 21 No.
991 1556 33 25 38,
1040 1555 45 21 Old
1101 1555 159 26 Broad-street,

671 1579 102 28 London,
784 1581 35 21 for
829 1581 37 21 the
880 1581 167 22 establishment
1062 1582 25 21 of
1100 1590 13 13 a
1130 1582 131 23 BRANCH

670 1607 90 22 BANK
774 1607 36 22 IN
824 1607 72 22 NEW
911 1608 157 28 ZEALAND,
1083 1609 96 27 through
1190 1609 71 22 which

670 1633 38 22 the
717 1634 102 22 business
833 1635 26 21 of
871 1635 39 22 the
928 1635 56 22 New
999 1635 101 22 Zealand
1113 1636 66 22 Land
1196 1637 66 21 Com-

669 1668 61 20 pany
739 1661 45 22 will
793 1661 28 22 be
831 1662 135 22 transacted.
993 1662 49 21 The
1057 1663 115 21 Directors
1188 1663 73 22 there-

669 1689 47 20 fore
726 1689 146 21 recommend
882 1692 22 18 to
922 1689 110 22 Colonists
1048 1689 38 22 the
1103 1689 76 22 Union
1196 1690 66 21 Bank

670 1715 26 21 of
715 1715 115 22 Australia
847 1723 24 14 as
890 1723 28 14 an
944 1715 169 22 establishment
1135 1717 127 27 possessing

669 1741 58 22 their
744 1742 70 22 entire
838 1742 136 28 confidence,
995 1743 46 21 and
1059 1743 49 22 able
1127 1746 23 19 to
1169 1743 92 27 provide

669 1768 127 28 effectually
812 1769 35 22 for
863 1769 38 23 the
915 1769 105 22 financial
1035 1773 70 18 wants
1122 1770 26 21 of
1159 1770 38 22 the
1213 1770 50 23 first

669 1795 136 22 settlement.

838 1830 36 27 By
885 1830 65 22 order
959 1830 27 22 of
995 1830 38 22 the
1042 1831 80 28 Board,

917 1864 83 23 JOHN
1015 1865 103 28 WARD,
1136 1866 125 28 Secretary.

669 1903 56 22 New
736 1903 101 23 Zealand
846 1904 65 22 Land
921 1905 135 27 Company's
1066 1906 77 27 Office,

697 1932 19 25 1,
727 1931 162 27 Adam-street,
899 1932 105 27 Adelphi,
1014 1932 54 23 27th
1077 1933 68 27 Aug.,
1157 1934 62 21 1839.

765 1986 94 21 HATS
870 1986 6 21 !
892 1987 92 20 HATS
995 1987 3 21 !
1007 1987 6 20 !
1030 1988 91 20 HATS
1129 1987 5 22 !
1144 1988 5 21 !
1157 1988 7 21 !

669 2018 37 47 J
976 2020 48 26 just
1042 2020 104 22 received
1165 2027 14 14 a
1197 2020 67 27 large'

710 2054 11 10 •
760 2048 136 18 assortment
912 2045 26 21 of
949 2046 81 26 youths
1049 2046 45 21 and
1109 2047 150 26 gentleman's

668 2070 66 22 black
758 2071 83 21 beaver
864 2071 57 27 hats,
947 2073 52 26 begs
1019 2076 23 18 to
1059 2073 82 22 inform
1158 2074 34 22 bis
1216 2082 42 14 nu-

669 2104 89 15 merous
775 2098 85 22 friends
878 2099 46 21 and
943 2099 38 22 the
998 2100 83 27 public,
1101 2100 49 22 that
1167 2101 30 22 he
1216 2109 42 15 can

669 2124 80 32 supply
762 2124 61 22 them
833 2125 53 22 with
902 2133 47 21 any
962 2127 68 26 shape
1047 2134 24 14 or
1087 2127 92 28 quality,
1198 2136 60 14 com-

668 2151 107 27 mencing
784 2155 24 18 at
818 2151 37 23 the
865 2153 43 21 low
918 2154 58 26 price
988 2153 24 22 of
1023 2155 31 21 7s.
1063 2153 34 23 6d.
1109 2154 63 22 each.
1204 2155 54 23 Also

669 2178 37 21 the
725 2179 205 23 undermentioned
947 2180 69 28 goods
1037 2184 24 19 at
1078 2181 121 28 unusually
1214 2182 43 22 low

668 2205 72 26 prices
748 2213 5 14 :
756 2218 27 3 —

697 2232 107 28 Drapery,
806 2245 29 3 —
835 2232 92 29 Shawls,
956 2235 100 26 muslins,
1081 2235 67 21 challi
1168 2238 88 25 pattern

668 2258 94 27 dresses,
781 2260 127 27 ginghams,
929 2262 89 27 Saxony
1037 2262 66 27 cloth,
1119 2262 78 22 chintz
1212 2264 45 21 and

668 2287 83 31 striped
770 2287 110 22 furniture
896 2288 77 27 prints,
991 2289 44 21 and
1052 2289 87 27 calicos,
1155 2290 24 21 in
1194 2295 64 22 great

668 2317 85 23 variety
762 2322 5 18 ;
783 2314 110 27 blankets,
906 2319 168 24 counterpanes,
1087 2317 39 21 &c.

695 2340 180 29 Haberdashery,
878 2353 27 3 —
909 2342 106 22 Artificial
1025 2343 92 27 flowers,
1129 2350 69 20 gause
1212 2345 45 21 and

668 2367 57 21 satin
745 2368 98 27 ribbons,
865 2372 46 23 net,
929 2369 55 27 lace,
1007 2369 147 28 lace-collars,
1171 2371 85 28 gloves,

667 2401 84 20 purses,
763 2395 80 27 braids,
855 2395 84 23 bronze
955 2396 67 22 busks
1038 2397 33 21 for
1089 2400 66 24 stays,
1172 2398 84 22 infants

668 2421 94 22 worsted
777 2422 71 27 boots,
865 2423 109 28 prepared
993 2423 130 22 whalebone
1141 2425 46 21 and
1201 2433 55 14 cane

666 2447 35 22 for
711 2447 69 23 ladies
790 2449 104 28 bonnets,
905 2450 44 22 and
956 2450 91 28 dresses,
1057 2454 68 24 tapes,
1136 2451 66 22 white
1212 2452 44 23 and

667 2474 106 24 coloured
791 2475 86 28 thread,
896 2477 83 27 sewing
995 2477 45 22 and
1059 2478 95 27 darning
1172 2482 82 24 cotton,

668 2501 97 28 needles,
777 2510 79 21 ounce,
868 2504 69 26 sheet,
950 2504 43 22 and
1003 2504 62 22 dress
1077 2505 58 27 pins,
1144 2505 110 29 thimbles,

667 2529 147 28 pincussions,
833 2531 70 21 hooks
920 2531 44 22 and
979 2539 59 20 eyes,
1056 2531 48 28 gilt,
1123 2533 132 28 gambroon,

667 2556 68 27 pearl,
745 2556 64 27 horn,
821 2557 45 22 and
875 2558 64 21 other
944 2557 98 23 button's.

695 2583 88 22 Ladies'
793 2584 46 22 and
849 2585 120 22 children's
979 2589 78 18 tuscan
1068 2586 45 22 and
1122 2586 69 29 fancy
1200 2588 56 21 bon-

667 2614 56 22 nets,
741 2610 120 23 children's
871 2612 93 21 dresses.

694 2637 112 28 Clothing,
808 2650 27 3 —
837 2639 80 22 Gents'
928 2639 110 27 superfine
1049 2639 61 23 dress
1129 2640 45 22 and
1193 2641 63 22 frock

666 2668 67 23 coats,
755 2665 136 28 Petersham,
908 2666 61 28 pilot,
990 2666 110 28 Prussian,
1118 2668 77 26 rustic,
1211 2668 45 22 and

664 2690 106 29 shooting
779 2696 61 18 coats
848 2701 6 19 ;
870 2693 81 22 double
967 2693 75 22 milled
1061 2694 124 28 cassimere,
1197 2703 58 14 mar-

665 2717 62 28 cella,
739 2719 105 27 valentia,
856 2720 103 28 quilting,
970 2720 45 22 and
1030 2720 67 28 fancy
1114 2722 77 21 waistc
1201 2727 39 16 >ats
1249 2731 5 19 ;

664 2745 43 21 silk
717 2745 45 22 and
772 2750 75 18 cotton
856 2746 181 28 handkerchiefs.';
1045 2748 66 21 white
1118 2748 46 23 and
1171 2753 85 23 regatta

664 2771 66 22 shirts
737 2780 5 18 ;
754 2773 77 22 braces
838 2782 5 18 ;
857 2774 157 22 India-rubber
1021 2774 46 22 and
1075 2774 87 23 leather
1171 2781 71 23 straps
1249 2785 5 18 ;

664 2798 117 28 buckskin,
791 2801 125 27 cassimere,
924 2802 130 26 gambroon,
1063 2801 95 28 digonal,
1175 2803 78 27 tweed,

664 2825 58 27 drill,
746 2826 118 28 moleskin,
890 2828 59 26 cord,
979 2828 105 28 flushing,
1113 2829 67 28 duck,
1209 2830 46 23 and

664 2859 94 16 canvass
767 2856 110 21 trowsers.

692 2879 88 22 Ladies'
784 2880 65 22 boots
857 2880 46 23 and
910 2881 71 27 shoes,
991 2882 147 27 gentlemen's
1144 2884 110 28 Welling-

664 2907 46 24 ton,
723 2905 114 29 Clarence,
846 2908 46 21 and
899 2908 97 23 Blucher
1004 2909 71 27 boots,
1084 2910 99 28 walking
1189 2911 65 23 shoes

664 2932 46 21 and
718 2932 62 22 dress
790 2940 87 21 pumps.

690 2958 54 27 Tea,
762 2967 73 20 sugar,
853 2961 77 27 coffee,
946 2962 78 28 spices,
1040 2966 108 25 currants,
1165 2964 88 29 raisins,

663 2985 87 22 bottled
760 2985 45 23 and
814 2987 64 22 dried
887 2988 71 28 fruits,
974 2989 75 27 bread,
1066 2990 82 28 butter,
1165 2992 87 28 cheese,

663 3011 64 28 flour,
738 3013 52 27 rice,
802 3015 104 27 oatmeal,
917 3023 58 20 peas,
987 3016 90 28 pickles,
1089 3025 84 21 sauces,
1191 3020 63 21 vine-

663 3046 46 21 gar,
717 3047 49 14 wax
776 3040 45 23 and
831 3044 59 20 store
899 3042 97 28 candles,
1004 3043 105 23 Windsor
1118 3045 46 22 and
1174 3046 80 27 yellow

663 3073 60 21 soap,
743 3067 81 28 starch,
844 3068 60 28 blue,
923 3070 69 27 pipes,
1011 3074 38 19 cut
1065 3071 44 22 and
1126 3073 128 27 negrohead

663 3093 100 27 tobacco,
773 3094 67 22 black
850 3096 46 22 and
908 3096 76 23 brown
993 3105 89 21 rappee,
1094 3100 101 27 tonquin,
1206 3108 48 14 ma-

663 3120 78 27 couba,
752 3121 45 22 and
807 3122 138 23 Hamilton's
955 3124 102 28 mixture,
1068 3125 101 28 imperial
1176 3127 77 22 brown

662 3147 46 21 and
717 3147 64 23 other
795 3149 76 27 snuffs,
889 3150 110 23 Havanah
1010 3152 44 21 and
1066 3152 96 23 Manilla
1174 3154 76 27 cigars.

689 3174 114 28 Sundries,
804 3187 29 4 —
834 3176 58 22 Hair
900 3177 98 27 brushes,
1009 3179 84 27 combs,
1101 3180 98 27 scissors,
1207 3188 44 20 pen

662 3201 46 21 and
716 3202 178 32 pocket-knives,
902 3211 82 21 razors,
993 3204 93 29 looking
1094 3206 91 29 glasses,
1194 3209 64 21 snuff

661 3228 78 27 boxes,
748 3228 90 29 writing
847 3237 76 21 paper,
934 3238 61 20 pens,
1002 3232 42 21 ink
1049 3233 45 21 and
1101 3234 87 27 sealing
1195 3242 56 19 wax,

661 3254 80 23 lucifer
757 3256 107 28 matches,
883 3257 82 27 Epsom
983 3258 59 28 salts,
1063 3261 122 27 magnesia,
1202 3261 51 22 flint

661 3281 46 22 and
716 3283 129 26 percussion
854 3291 66 20 guns,
930 3284 65 28 bolts,
1005 3285 87 28 hinges,
1107 3287 69 28 locks,
1188 3288 63 27 bells,

661 3308 40 21 fire
732 3308 96 28 shovels,
852 3310 73 28 rakes,
948 3311 61 29 hoes,
1035 3314 118 27 mattocks,
1175 3315 44 22 and
1238 3322 14 15 a

661 3335 87 28 variety
771 3336 26 22 of
822 3336 65 23 other
910 3338 87 23 articles
1020 3342 25 19 to
1068 3347 122 17 numerous
1213 3345 38 19 too

661 3363 109 22 mention.

661 3418 51 48 A
740 3417 133 29 HEWITT,
885 3420 160 28 Fishmonger,
1056 3421 112 24 Lambton
1177 3424 72 27 Quay,

716 3455 11 10 •
744 3445 147 29 Wellington,
897 3449 89 20 returns
994 3448 35 22 his
1038 3448 86 23 sincere
1135 3449 83 23 thanks
1227 3454 23 18 to

660 3470 38 23 the
716 3471 140 23 inhabitants
874 3474 27 21 of
920 3473 44 23 this
983 3475 86 28 Colony
1085 3476 34 22 for
1138 3476 39 22 the
1195 3485 55 20 very

659 3497 79 24 liberal
757 3502 92 29 support
864 3500 30 22 he
908 3500 41 22 has
964 3501 99 23 hitherto
1075 3503 112 28 received,
1205 3504 46 22 and

659 3524 55 28 begs
723 3528 23 19 to
755 3526 83 22 inform
849 3526 62 23 them
920 3527 49 22 that
984 3528 26 22 he
1019 3528 42 22 has
1069 3529 66 23 made
1144 3538 106 21 arrange-

659 3554 75 20 ments
749 3552 35 23 for
802 3560 15 15 a
831 3557 104 19 constant
950 3555 80 28 supply
1049 3556 26 22 of
1095 3556 37 23 the
1151 3557 100 23 choicest

659 3579 103 22 varieties
771 3580 27 22 of
808 3580 49 28 fish,
875 3580 73 23 which
965 3582 28 21 he
1009 3583 139 28 confidently
1164 3592 86 14 recom-

658 3606 81 21 mends
748 3609 22 18 to
780 3606 38 23 the
827 3607 76 27 public
913 3616 24 14 as
943 3608 68 28 being
1018 3609 27 22 of
1055 3609 38 23 the
1100 3610 50 22 best
1155 3611 93 28 quality.

686 3632 83 23 Orders
778 3633 36 22 for
823 3634 106 28 shipping
936 3635 109 29 received,
1062 3637 44 22 and
1115 3639 134 27 punctually

658 3660 108 22 attended
775 3663 31 19 to.

813 3695 100 15 OYSTERS
927 3696 70 15 FRESH
1014 3697 77 15 DAILY.

684 3712 64 28 Also,
760 3721 12 14 a
782 3714 81 28 supply
872 3715 27 21 of
913 3716 128 27 vegetables
1056 3717 61 23 fresh
1132 3719 59 21 from
1208 3719 39 22 the

656 3740 85 26 garden
751 3740 68 28 daily.

656 3794 278 48 RBRADFIELD,
960 3797 92 23 Saddler
1074 3799 46 21 and
1143 3799 102 22 Harness

711 3832 11 10 •
753 3822 89 22 Maker.
870 3823 94 27 Repairs
975 3825 78 27 neatly
1068 3825 66 23 done.
1163 3826 84 22 Orders

655 3848 103 22 received
767 3851 24 19 at
800 3849 129 23 Marshall's
939 3851 162 23 Coffee-house.

654 3900 94 48 JUST
762 3902 132 26 OPENED,
912 3903 87 23 various
1015 3904 67 22 kinds
1098 3905 26 21 of
1140 3905 104 23 WRAP-

717 3927 78 22 PING
809 3928 109 23 PAPER.

836 3955 77 27 Office,
925 3956 54 22 Dec.
990 3958 33 25 24,
1038 3958 58 21 1840.
1255 3952 5 32 j

109 641 83 22 NEW
210 640 171 21 ZEALAND
400 638 187 22 COMPANY.

52 674 94 30 Capital,
160 674 119 27 £100,000,
293 673 23 21 in
326 674 57 20 4000
393 673 81 21 Shares
483 672 28 22 of
521 672 46 22 £25
578 671 64 28 each,

276 699 30 22 all
316 699 54 28 paid
379 707 38 18 up.

186 735 101 16 Governor:
302 734 76 16 Joseph
386 734 71 17 Somes,
466 732 43 22 Esq.

114 763 173 22 Deputy-Governor
292 767 4 11 :
309 761 49 17 Hon.
362 761 74 17 Francis
443 758 74 24 Baring,
525 760 54 21 M.P.,

288 793 110 12 directors
403 793 5 12 :

135 817 90 17 Viicount
231 817 87 21 Ingestre,
326 817 55 19 M.P.,

136 838 47 17 Lord
191 838 57 19 Fetre,

134 859 64 21 Henry
205 859 22 16 A.
235 858 92 21 Aglionby,
337 859 51 20 Esq.,
395 858 54 21 M.P.,

134 880 48 17 John
190 880 82 17 EUorker
280 880 88 19 Boulcott,
381 879 48 22 Esq.,

135 901 49 17 John
191 901 80 16 William
278 900 75 20 Buckle,
358 900 50 21 Esq.,

135 921 75 18 Russell
218 921 61 20 Ellice,
288 921 47 21 Esq.,

134 942 63 18 James
205 942 66 17 Robert
278 942 73 19 Gowen,
358 942 50 21 Esq.,

134 963 48 17 John
190 963 55 19 fiine,
253 963 49 19 Esq.,

134 984 81 16 William
222 984 53 18 Hutt,
284 984 47 19 Esq.,

134 1005 77 16 Stewart
218 1004 127 19 Majoribanks,
358 1004 49 20 Esq.,

133 1024 104 18 Alexander
243 1024 63 19 Nairn,
315 1024 49 20 Esq.,

133 1046 49 17 John
189 1045 53 19 Firie,
250 1045 48 19 Esq.,
307 1044 105 19 Alderman,

134 1067 29 16 Sir
170 1066 67 20 George
245 1065 80 18 Sinclair,
334 1065 57 18 Bart.,
398 1064 54 20 M.P.,

134 1087 48 17 John
189 1087 44 16 Abel
240 1086 64 19 Smith,
313 1086 50 20 Esq.,
374 1085 54 19 M.P.,

135 1108 47 17 Wm.
193 1108 109 19 Thompson,
316 1107 50 19 Esq.,
381 1106 104 19 Alderman,
501 1105 53 20 M.P.,

134 1129 48 17 Hon.
189 1127 97 17 Frederick
292 1127 37 17 Jas.
337 1127 121 19 Tollemache,
468 1125 54 21 M.P.,

135 1149 76 18 Edward
219 1149 21 16 G.
247 1148 103 19 Wakeneld,
356 1148 39 20 Esq
400 1158 6 9 ,

134 1170 29 17 Sir
169 1170 64 19 Henry
240 1169 61 19 Webb,
310 1169 57 19 Bart.,

134 1191 69 18 Arthur
209 1190 64 19 Willis,
282 1189 48 20 Esq.,
338 1193 4 3 '

135 1212 68 21 George
210 1210 97 18 Frederick
314 1210 72 20 Young,
395 1210 43 20 Esq.
637 1217 7 7 •

196 1238 100 20 Secretary:
309 1238 53 16 John
370 1237 70 20 Ward,
449 1237 43 21 Esq.

52 1267 90 50 THE
151 1267 61 21 main
221 1266 95 21 features
324 1265 29 21 of
357 1265 38 21 the
403 1268 84 24 system
496 1264 26 22 of
527 1264 113 22 coloniza-

125 1294 47 22 tion
182 1292 96 28 adopted
287 1292 29 27 by
326 1291 39 22 the
378 1292 124 27 Company,
519 1299 44 19 are,
565 1304 32 4 —
598 1293 40 26 Ist,

52 1322 37 22 the
98 1321 46 21 sale
153 1320 26 22 of
188 1320 72 26 lands,
274 1322 23 19 at
311 1326 28 14 an
354 1318 100 23 uniform
468 1318 47 22 and
528 1318 112 22 sufficient

51 1349 70 27 price;
140 1347 45 22 and
198 1346 75 27 2ndly,
290 1346 37 21 the
342 1345 156 27 employment
513 1346 26 21 of
550 1353 14 14 a
578 1345 62 27 large

50 1375 87 27 portion
148 1374 26 22 of
179 1374 38 21 the
226 1372 209 29 purchase-money,
447 1379 23 15 as
481 1379 29 15 an
521 1372 119 28 Immigra-

51 1403 45 21 tion
107 1401 72 22 Fund.
208 1400 28 22 In
246 1400 62 21 these
316 1403 106 23 respects,
438 1399 39 22 the
486 1400 121 27 principles
617 1400 26 21 of

51 1428 69 22 South
132 1428 114 22 Australia
259 1426 57 22 have
331 1426 60 22 been
405 1426 105 22 followed
523 1434 23 14 as
560 1427 80 27 nearly

49 1463 25 15 as
92 1456 176 24 circumstances,
277 1453 80 28 would,
378 1454 24 21 in
417 1453 39 22 the
473 1457 92 24 present
580 1461 58 21 case,

52 1482 86 29 permit.

76 1516 47 21 The
137 1515 71 28 grand
224 1515 73 26 object
311 1514 27 22 of
352 1513 39 23 the
405 1521 58 20 new,
476 1522 27 14 or
514 1515 124 28 improved,

50 1548 82 22 system
142 1543 26 20 of
179 1542 37 21 the
212 1543 3 6 1
226 1541 95 28 disposal
336 1541 27 22 of
380 1541 96 22 colonial
491 1541 71 28 lands,
580 1542 19 21 is
615 1546 23 17 to

49 1570 99 27 regulate
161 1569 38 22 the
214 1569 79 26 supply
309 1568 26 22 of
351 1575 50 15 new
415 1568 61 26 land,
494 1568 30 27 by
539 1569 38 21 the
591 1569 47 22 real

50 1600 69 18 wants
132 1595 25 22 of
170 1596 37 21 the
223 1595 116 26 Colonists,
356 1602 25 14 so
395 1595 50 21 that
459 1595 38 22 the
512 1595 54 22 land
581 1596 58 22 shall

50 1631 67 14 never
134 1623 27 21 be
180 1623 70 21 either
268 1622 192 27 superabundant,
481 1630 25 14 or
525 1623 111 27 deficient,

49 1650 70 22 either
134 1653 38 18 too
188 1649 75 27 cheap,
282 1656 25 15 or
325 1654 38 16 too
382 1649 60 22 dear.
481 1649 23 22 It
521 1649 41 22 has
580 1650 58 22 been

49 1677 76 22 shown
134 1677 48 21 that
191 1677 37 21 the
238 1677 44 20 due
293 1677 131 26 proportion
438 1677 104 21 between
557 1678 81 26 people

50 1704 44 21 and
100 1704 55 21 land
159 1711 53 19 may
217 1704 28 21 be
252 1703 129 27 constantly
386 1703 94 22 secured
485 1704 32 26 by
523 1704 115 22 abandon-

48 1731 40 27 ing
96 1730 38 23 the
144 1730 37 22 old
190 1734 83 24 system
285 1730 25 21 of
320 1737 98 20 grants,
429 1730 45 22 and
483 1731 117 27 requiring
609 1739 29 14 an

48 1758 100 21 uniform
156 1758 61 27 price
226 1764 39 22 per
274 1764 57 20 acre,
344 1757 38 22 for
391 1757 31 22 all
431 1765 50 14 new
489 1757 73 27 lands,
565 1758 74 22 -with-

54 1785 169 27 outexception.
250 1784 26 21 If
287 1784 36 21 the
333 1784 62 28 price
406 1784 28 22 be
448 1788 41 18 not
503 1788 38 19 too
554 1784 51 28 low,
620 1786 19 21 it

50 1811 73 22 deters
130 1811 136 27 speculators
274 1811 58 21 from
347 1811 119 27 obtaining
478 1812 63 26 land,
556 1812 54 21 with
625 1820 13 15 a

49 1838 56 23 view
112 1842 24 18 to
141 1833 94 32 leaving
244 1838 58 21 their
310 1841 107 29 property
424 1838 25 22 in
461 1845 13 15 a
484 1838 75 22 desert
571 1842 65 25 state,

49 1865 46 22 and
105 1866 53 21 thus
171 1868 105 24 prevents
285 1864 110 27 injurious
405 1865 124 28 dispersion
536 1873 5 19 ;
555 1866 19 21 it
583 1866 53 28 also,

50 1892 28 28 by
87 1892 137 28 compelling
230 1899 67 20 every
304 1892 105 21 labourer
415 1895 23 18 to
446 1892 62 22 work
515 1892 35 21 for
556 1900 80 21 wages,

48 1920 57 22 until
114 1919 28 22 he
152 1919 41 22 has
202 1918 68 23 saved
284 1918 36 22 the
331 1918 56 28 only
395 1926 80 15 means
485 1920 26 21 of
522 1920 117 27 obtaining

47 1946 61 27 land,
118 1946 87 23 insures
220 1953 13 14 a
247 1946 80 27 supply
342 1946 27 21 of
379 1946 81 22 labour
472 1946 36 22 for
522 1946 55 23 hire.
607 1947 29 27 If,

48 1981 29 14 on
87 1974 38 21 the
135 1973 64 22 other
207 1972 69 27 hand,
291 1972 38 22 the
339 1973 61 26 price
410 1973 27 21 be
447 1976 41 19 not
497 1976 38 19 too
544 1974 62 26 high,
621 1974 18 22 it

48 2000 86 22 neither
143 2000 100 21 confines
252 1999 38 21 the
300 1997 89 23 settlers
403 2000 77 21 within
496 2007 92 24 srspjace
603 2001 35 21 in-

47 2025 158 26 conveniently
222 2031 93 20 narrow,
389 2024 54 22 does
457 2022 18 24 it
491 2024 146 28 prevenit^tne

48 2050 79 28 thrifty
139 2051 104 21 labourer
255 2051 59 20 from
327 2051 122 27 becoming
464 2059 12 14 a
487 2052 149 28 land-owner,

48 2078 58 22 after
115 2077 100 27 working
225 2085 61 14 some
295 2077 55 22 time
360 2078 35 21 for
405 2085 81 20 wages.

79 2112 19 22 A
115 2111 117 28 sufficient,
248 2111 42 22 but
308 2115 40 18 not
366 2119 63 14 more
449 2113 54 21 than
524 2113 114 22 sufficient

49 2139 60 26 price
119 2139 35 21 for
166 2139 29 21 all
208 2146 49 14 new
271 2139 61 27 land,
348 2139 20 21 is
383 2139 38 21 the
436 2140 62 22 main
514 2141 86 21 feature
615 2141 26 21 of

49 2165 38 22 the
104 2173 49 14 new
168 2169 82 24 system
265 2165 27 22 of
308 2166 158 23 colonization.
500 2167 22 21 It
537 2167 100 23 obviates

48 2199 67 20 every
127 2200 83 20 species
225 2193 25 21 of
263 2193 102 26 bondage
372 2201 5 18 ;
397 2193 31 27 by
442 2194 120 27 providing
577 2202 61 14 com-

48 2219 89 22 binable
146 2219 83 27 labour,
240 2219 18 21 it
266 2219 92 22 renders
367 2219 103 29 industry
478 2228 54 21 very
542 2221 95 28 produc-

48 2247 52 25 tive,
111 2246 45 22 and
164 2246 120 22 maintains
292 2247 54 21 both
356 2247 55 26 high
428 2255 78 20 wages,
523 2248 45 22 and
583 2249 53 27 high

48 2273 87 28 profits;
157 2274 18 21 it
189 2273 77 22 makes
285 2273 36 22 the
340 2274 82 27 colony
438 2282 25 14 as
479 2275 116 23 attractive
612 2284 24 14 as

48 2300 102 28 possible,
164 2300 55 22 both
234 2304 22 18 to
271 2301 122 27 capitalists
409 2301 46 22 and
469 2305 23 18 to
506 2302 115 23 labourers
630 2312 5 18 ;

48 2327 45 22 and
102 2331 40 18 not
151 2327 84 27 merely
243 2330 23 18 to
276 2327 68 27 these,
358 2328 42 21 but
409 2328 54 27 also,
473 2329 31 27 by
513 2329 125 28 bestowing

48 2361 30 15 on
92 2353 36 23 the
139 2355 88 26 colony,
243 2354 38 22 the
290 2355 75 21 better
379 2355 117 22 attributes
512 2356 26 22 of
554 2364 30 14 an
599 2357 38 22 old

46 2381 91 27 ■ociety,
148 2385 22 18 to
179 2381 61 21 those
248 2381 49 21 who
305 2381 57 22 have
371 2389 13 13 a
391 2381 91 23 distaste
489 2383 35 21 for
530 2383 61 22 what
595 2384 42 22 has

46 2407 124 23 heretofore
178 2408 58 22 been
247 2408 38 22 the
298 2408 114 28 primitive
422 2409 115 23 condition
548 2411 28 21 of
586 2418 50 15 new

47 2435 106 22 colonies.
646 2432 2 29 j

73 2462 47 21 The
129 2465 64 24 great
202 2461 73 28 object
285 2461 25 22 of
319 2461 39 23 the
367 2462 61 28 price
437 2463 20 22 is
468 2466 24 19 to
506 2472 78 14 secure
597 2465 39 21 the

47 2492 57 18 most
113 2489 109 21 desirable
231 2489 141 27 proportions
382 2489 100 23 between
496 2491 80 28 people
591 2492 45 21 and

46 2514 53 23 land
106 2523 5 19 ;
127 2516 40 22 but
176 2515 38 23 the
224 2516 52 27 plan
287 2515 39 22 has
336 2516 38 21 the
382 2516 86 23 further
474 2519 71 20 result
551 2519 28 21 of
584 2526 52 20 pro-

47 2541 82 28 ducing
139 2550 14 14 a
161 2550 105 18 revenue,
283 2543 72 21 which
371 2543 44 22 will
431 2548 39 18 not
486 2545 54 27 only
555 2546 81 27 supply

47 2569 37 21 the
95 2569 106 28 requisite
215 2569 67 27 profit
294 2574 22 17 to
332 2569 38 22 the
386 2570 154 23 shareholders
555 2572 26 22 of
596 2572 39 22 the

47 2596 121 27 Company,
193 2597 40 21 but
255 2596 112 22 furnishes
391 2597 37 22 the
451 2606 78 14 means
546 2599 37 22 for
605 2607 29 14 an

47 2622 154 28 Immigration
212 2623 71 28 Fund,
285 2636 30 4 —
316 2631 14 14 a
336 2623 57 22 fund
401 2625 128 28 constantly
537 2626 98 28 applica-

45 2649 36 22 ble
97 2653 23 18 to
136 2650 38 21 the
189 2658 95 20 purpose
300 2651 26 21 of
337 2651 108 28 bringing
460 2653 79 22 labour
555 2656 24 19 to
595 2653 38 22 the

45 2676 80 28 colony
126 2689 30 4 —
158 2677 49 21 that
220 2677 24 26 is,
261 2677 24 21 in
302 2678 94 27 causing
412 2679 38 22 the
466 2679 52 22 best
535 2687 56 14 sort
610 2681 27 21 of

44 2703 148 22 colonization
203 2707 23 18 to
235 2704 95 27 proceed
339 2708 24 18 at
374 2705 38 21 the
424 2710 99 23 greatest
536 2708 97 26 possible

43 2734 54 18 rate.
127 2731 54 21 And
188 2730 43 23 this
237 2738 19 14 is
263 2731 38 22 the
308 2732 85 22 second
400 2732 87 23 feature
499 2734 26 21 of
536 2734 38 22 the
584 2741 50 16 new

43 2761 92 23 system.

69 2790 47 23 The
127 2791 152 28 employment
288 2792 27 21 of
328 2792 39 22 the
380 2793 212 29 purchase-money,
609 2802 25 15 or

42 2816 38 23 the
90 2818 106 28 principal
207 2822 50 24 part
266 2818 26 22 of
302 2819 23 26 it,
336 2820 24 20 in
372 2821 127 26 conveying
508 2821 86 22 settlers
609 2825 24 18 to

42 2844 38 22 the
90 2844 87 28 colony,
188 2845 41 22 has
238 2845 38 22 the
286 2846 114 27 following
410 2847 84 22 effects.
523 2847 23 22 It
555 2848 78 22 makes

41 2870 39 23 the
94 2872 132 26 purchasers
240 2872 26 21 of
281 2872 54 21 land
349 2880 38 14 see
400 2873 94 28 plainly,
510 2874 50 22 that
574 2875 60 21 their

43 2905 82 20 money
134 2898 44 21 will
188 2898 28 21 be
225 2899 106 21 returned
340 2899 25 21 in
379 2899 38 21 the
431 2900 68 27 shape
513 2901 26 21 of
552 2901 81 22 labour

42 2924 46 22 and
96 2925 138 27 population.
262 2925 24 21 It
293 2925 73 27 tends,
382 2926 23 21 in
415 2926 53 27 fact,
483 2930 24 18 to
516 2927 69 21 lower
593 2927 39 23 the

41 2957 119 21 necessary
179 2951 106 22 standard
303 2952 26 21 of
343 2952 71 26 price,
428 2953 104 27 because,
549 2954 56 22 with
619 2962 14 14 a

41 2981 105 18 constant
154 2978 73 21 influx
236 2978 27 21 of
272 2978 80 27 people
362 2981 23 19 to
395 2978 38 22 the
443 2980 89 27 colony,
541 2980 38 22 the
589 2981 43 22 due

41 3005 129 27 proportion
177 3009 99 17 between
283 3011 79 21 people
370 3005 45 22 and
422 3006 54 22 land
483 3014 53 20 may
542 3007 28 21 be
579 3007 54 28 kept

41 3038 31 20 up
80 3031 30 28 by
120 3039 15 14 a
142 3032 70 21 lower
219 3031 68 27 price,
299 3032 55 21 than
363 3032 22 22 if
395 3032 64 22 there
468 3040 58 16 were
536 3041 29 15 no
576 3035 55 22 such

41 3057 150 28 immigration
198 3074 6 5 .
221 3058 24 22 It
254 3058 111 22 therefore
371 3059 131 23 diminishes
509 3061 38 22 the
553 3063 80 26 period

42 3084 81 28 during
132 3085 73 22 which
214 3085 36 22 the
259 3085 105 23 labourer
377 3090 61 18 must
449 3087 62 23 work
525 3088 35 22 for
574 3089 55 28 hire,

42 3112 45 21 and
95 3112 32 27 by
135 3112 38 22 the
186 3112 64 27 rapid
263 3120 102 21 progress
380 3114 74 22 which
467 3115 18 21 it
499 3115 94 28 imparts
608 3120 23 18 to

41 3138 39 22 the
88 3138 50 22 best
147 3142 46 19 sort
201 3139 26 22 of
237 3140 157 27 colonization,
409 3141 19 21 it
442 3141 102 28 explains
559 3146 24 19 to
592 3143 38 23 the

42 3164 117 28 labouring
167 3166 57 22 class
233 3166 26 21 of
264 3166 149 28 immigrants,
423 3168 49 22 that
482 3176 67 21 every
556 3177 44 15 one
609 3171 26 21 of

42 3190 61 23 them
115 3192 50 22 who
181 3193 19 21 is
214 3193 137 22 industrious
367 3194 46 22 and
430 3195 86 28 thrifty,
533 3204 53 23 may
602 3197 28 22 be

41 3225 50 14 sure
100 3221 23 18 to
133 3218 92 23 become
236 3223 41 18 not
290 3220 86 28 merely
391 3228 30 14 an
436 3229 77 15 owner
527 3223 26 21 of
567 3223 62 28 land,

42 3244 40 21 but
97 3244 47 23 also
159 3246 24 21 in
202 3246 34 21 his
255 3249 59 24 turn,
335 3254 30 14 an
386 3249 116 27 employer
520 3250 26 22 of
565 3250 66 24 hired

41 3270 120 28 labourers,
173 3279 13 15 a
195 3275 82 19 master
287 3274 26 20 of
321 3278 111 18 servants.

70 3297 65 22 From
144 3299 63 22 these
216 3300 182 28 considerations,
414 3301 38 22 the
463 3302 118 29 Company
589 3304 41 22 has

43 3323 96 28 adopted
156 3326 38 22 the
210 3334 61 14 same
288 3330 82 24 system
388 3328 26 21 of
429 3328 115 29 disposing
558 3331 28 21 of
600 3332 29 22 its

43 3354 66 18 waste
120 3351 72 28 lands,
207 3360 24 15 as
246 3353 41 22 has
301 3354 92 27 already
406 3356 86 26 proved
505 3356 80 29 highly
595 3358 35 22 fa-

25 3387 5 26 j-
43 3377 105 23 vourable
161 3381 22 19 to
197 3379 38 22 the
248 3380 184 27 productiveness
445 3383 26 21 of
486 3383 105 28 industry
604 3385 25 22 in

25 3413 5 10 i
42 3403 70 22 South
121 3405 121 22 Australia.
269 3406 28 22 In
308 3415 12 13 a
331 3415 51 14 new
393 3408 89 28 colony,
496 3410 94 27 planted
603 3412 25 22 in

25 3435 4 18 !
41 3435 14 14 a
64 3430 72 21 fertile
146 3432 45 21 and
205 3434 113 21 extensive
332 3435 113 28 territory,
461 3437 19 21 it
492 3444 21 14 is
527 3437 101 30 obvious,

25 3463 8 30 |
41 3456 49 21 that
108 3456 38 23 the
161 3459 166 23 establishment
341 3461 28 21 of
384 3462 56 22 such
455 3470 13 14 a
483 3467 84 24 system
581 3465 20 22 is
615 3474 14 14 a

25 3485 7 18 F
41 3485 81 18 matter
138 3484 26 21 of
180 3484 38 23 the
233 3486 90 28 deepest
339 3492 104 19 moment
459 3493 23 18 to
499 3490 38 22 the
552 3491 76 23 future

25 3510 9 24 I
41 3510 89 20 welfare
141 3510 26 21 of
179 3511 90 28 society.
400 3515 20 22 it
434 3515 37 23 the
486 3517 52 23 best
551 3518 77 24 effects

40 3542 53 19 may
101 3538 54 19 with
163 3538 129 23 confidence
299 3540 29 22 be
337 3542 138 27 anticipated
482 3551 5 14 :
502 3552 14 14 a
523 3548 105 20 constant

31 3563 54 24 ;*nd
93 3563 89 25 regular
191 3564 78 27 supply
280 3566 26 21 of
315 3573 50 15 new
374 3568 55 22 land
437 3570 25 21 in
476 3570 45 22 due
534 3579 93 20 propor-

31 3591 53 18 tion
94 3591 23 18 to
127 3591 38 19 the
184 3593 69 18 wants
262 3592 26 20 of
297 3599 14 14 a
318 3594 130 27 population
459 3597 129 27 increasing
597 3599 32 25 by

31 3615 77 32 jbirths
117 3615 46 22 and
175 3618 162 28 immigration;
356 3621 30 21 all
400 3622 38 22 the
452 3623 137 28 advantages
603 3629 23 19 to

25 3644 85 33 |wnich
119 3644 103 20 facilities
230 3644 26 20 of
266 3646 112 26 transport
384 3648 46 21 and
436 3651 190 24 communication

25 3670 50 19 Bare
85 3670 104 20 essential
196 3677 6 19 ;
218 3670 108 33 certainty
340 3672 27 21 of
375 3672 77 30 limits,
468 3677 46 21 and
528 3679 98 24 security

25 3694 38 34 fof
74 3694 47 23 title
132 3698 23 19 to
163 3699 106 23 property
276 3697 24 22 in
314 3698 67 28 land;
396 3700 38 22 the
443 3705 99 23 greatest
553 3705 73 23 facili-

25 3722 53 20 Ities
87 3729 28 14 on
126 3729 116 21 acquiring
250 3722 38 23 the
299 3723 42 22 due
352 3727 114 27 quantity;
482 3729 38 22 the
529 3735 99 22 greatest

25 3750 200 26 Icncouragement
236 3752 23 19 to
268 3751 152 27 immigration
431 3754 45 22 and
484 3757 128 23 settlement
619 3768 5 5 •

25 3775 56 36 |»nd
95 3775 38 21 the
148 3779 57 18 most
218 3776 64 28 rapid
295 3785 104 20 progress
414 3780 26 21 of
455 3780 37 22 the
506 3784 79 27 people
598 3786 25 22 in

25 3802 112 27 [material
146 3802 94 23 comfort
248 3803 46 22 and
303 3805 69 22 social

25 3837 11 55 |
142 3856 97 23 BILLS
253 3858 43 21 OF
311 3859 207 24 EXCHANGE.

25 3889 175 34 |T)RINTED
214 3892 103 24 FORMS
332 3894 63 23 FOR
409 3895 78 24 SALE
502 3898 42 23 AT
556 3899 65 24 THE

25 3907 52 33 rJT
109 3917 110 23 OFFICE
233 3919 38 23 OF
285 3920 73 23 THIS
374 3921 108 24 PAPER.

25 3949 7 16 I
64 3943 128 23 November
202 3947 19 25 4,
235 3947 58 21 1840.
631 3960 2 15 (

1934 648 210 24 WANGANUI.
2146 662 37 7 —
2184 654 96 21 LAND
2294 656 183 25 AGENCIES.

1913 681 82 47 DR.
2012 682 109 24 HEALY
2129 685 67 28 being
2205 688 69 22 about
2282 692 22 18 to
2314 691 94 28 proceed
2417 692 79 22 imme-

1994 711 83 27 diately
2093 715 22 18 to
2129 712 134 28 Wanganui,
2279 715 44 23 will
2335 717 122 24 undertake
2472 723 23 18 to

1912 736 70 20 select
1990 739 96 20 sections
2096 738 34 21 for
2139 740 55 21 such
2208 740 88 24 holders
2314 743 25 21 of
2353 743 53 23 land
2421 746 75 22 orders

1911 768 24 14 m
1950 763 37 20 the
2001 763 69 22 above
2086 765 128 23 settlement
2228 775 24 15 as
2266 776 52 20 may
2334 769 27 23 be
2375 772 81 22 unable
2473 776 23 18 to

1912 790 77 20 attend
1998 790 38 21 the
2046 790 118 24 selections
2180 801 28 14 on
2225 794 38 22 the
2279 796 52 22 18th
2348 797 84 27 March,
2451 799 46 23 and

1910 818 92 24 pledges
2011 818 94 21 himself
2115 822 22 18 to
2149 820 102 22 examine
2260 822 44 22 and
2314 823 68 22 select
2390 825 52 21 with
2458 826 38 22 the

1910 844 84 19 utmost
2003 850 50 15 care
2063 844 46 21 and
2119 845 152 24 deliberation.
2306 849 40 22 Dr.
2363 851 73 28 Healy
2450 853 46 22 will

1910 871 76 19 return
2007 872 23 19 to
2049 870 146 30 Wellington,
2214 874 152 29 immediately
2383 879 56 21 after
2458 879 38 23 the

1910 896 114 22 selection.

1939 922 84 28 Petoni,
2035 924 54 22 Feb.
2098 926 33 24 25,
2143 927 59 22 1841.

1938 949 57 22 N.B.
1996 961 28 4 —
2025 950 90 23 Messrs.
2118 952 76 27 Wade,
2201 954 45 22 will
2253 956 86 22 receive
2345 964 44 20 any
2396 965 99 17 commu-

1910 978 99 19 nication
2020 984 28 15 on
2059 978 39 22 the
2108 980 85 26 subject
2201 984 22 18 at
2236 982 142 28 Wellington.

2096 1034 209 23 WANGANUI.

1910 1063 137 48 LAND
2075 1067 194 22 AGENCIES.—
2268 1070 47 21 The
2338 1071 156 29 Undersigned

1985 1093 84 26 having
2078 1093 44 21 last
2131 1095 77 21 month
2220 1097 118 22 examined
2352 1099 37 22 the
2400 1101 95 21 sectiona

1910 1119 68 19 about
1997 1121 23 18 to
2038 1119 27 21 be
2085 1119 81 23 chosen
2187 1125 22 18 at
2228 1123 126 27 Wanganui
2371 1126 25 21 in
2415 1126 80 23 March

1910 1147 61 23 next,
1982 1145 65 22 offers
2055 1146 36 22 his
2101 1148 94 21 services
2205 1157 24 14 as
2247 1150 76 27 Agent
2338 1152 68 28 there,
2425 1154 70 26 being

1910 1172 69 20 about
1988 1174 23 18 to
2021 1173 96 26 proceed
2127 1178 54 18 next
2191 1176 68 27 week,
2279 1178 49 26 (per
2343 1178 37 23 the
2398 1172 13 18 ll
2420 1180 74 23 Eliza-

1910 1199 60 24 beth,
1988 1199 43 25 )as
2041 1206 14 14 a
2063 1200 99 22 resident
2171 1203 82 22 settler.
2282 1204 86 23 Letters
2375 1206 120 24 addressed

1910 1227 23 17 to
1944 1225 37 21 the
1992 1232 49 14 care
2051 1226 26 21 of
2088 1227 90 22 Messrs.
2190 1229 125 29 Ridgways,
2334 1232 96 28 Guyton,
2449 1234 46 23 and

1911 1250 67 28 Earp,
1988 1252 44 22 will
2041 1253 28 21 be
2080 1253 130 24 forwarded.
2249 1256 2 4 '

1938 1303 30 11 r
1980 1304 23 6 ...
2096 1307 17 2 _
2126 1307 7 7 ,
2304 1284 62 23 John
2382 1286 83 23 Nixon.

1938 1304 145 29 Wellington,
2095 1307 113 29 February
2218 1311 33 25 12,
2262 1312 61 21 1841.

1910 1357 48 48 L
1970 1358 20 21 A
1987 1359 146 38 t^?^9
2143 1362 152 24 ENCIES
2301 1378 34 8 —
2335 1366 39 21 T0
2398 1367 98 23 LAND-

1987 1385 182 25 HOLDERS.—
2169 1389 47 22 The
2235 1390 154 30 Undersigned
2406 1394 53 27 beg-
2472 1399 23 18 to

1910 1413 55 19 offer
1975 1413 134 23 themselves
2118 1418 22 18 to
2150 1415 57 22 their
2216 1417 84 23 friends
2310 1419 44 22 and
2368 1420 38 21 the
2421 1422 75 26 public

1910 1444 24 15 as
1945 1439 85 26 Agents
2040 1440 34 22 for
2084 1441 38 22 the
2131 1442 94 27 disposal
2234 1444 26 21 of
2266 1445 69 22 Town
2345 1447 44 21 and
2397 1447 99 29 Country

1910 1467 82 25 Lands,
2004 1467 45 21 and
2058 1470 57 20 trust
2125 1469 56 21 their
2192 1470 94 23 colonial
2297 1474 131 27 experience
2442 1483 53 18 may

1910 1493 77 21 entitle
1997 1493 61 22 them
2069 1498 23 18 to
2102 1502 13 14 a
2127 1496 63 21 share
2199 1497 28 25 pf
2237 1498 37 21 the
2283 1500 74 25 public
2366 1504 128 25 patronage.

1940 1520 59 26 They
2009 1521 44 21 will
2062 1521 29 22 be
2101 1521 73 29 happy
2184 1526 22 19 to
2216 1531 92 21 arrange
2322 1526 34 22 for
2365 1528 44 21 and
2419 1536 77 20 super-

1909 1548 79 19 intend
1997 1548 38 20 the
2044 1555 92 20 surveys
2143 1550 46 21 and
2195 1551 157 24 sub-divisions
2360 1554 25 21 of
2391 1554 36 22 the
2432 1556 63 22 land.

1911 1573 88 21 Liberal
2009 1574 110 23 advances
2129 1577 45 21 will
2187 1577 27 22 be
2229 1578 64 23 made
2303 1587 30 14 on
2343 1580 63 23 lands
2416 1582 79 26 placed

1908 1606 24 14 in
1943 1600 57 21 their
2009 1600 72 23 hands
2088 1602 34 22 for
2129 1603 52 22 sale.
2209 1604 64 28 They
2280 1606 44 21 will
2331 1607 46 22 also
2385 1608 26 22 be
2420 1609 75 27 happy

1910 1629 22 18 to
1943 1630 63 19 assist
2016 1629 134 27 proprietors
2159 1630 23 21 in
2192 1630 86 30 leasing
2288 1633 58 22 their
2354 1634 70 23 lands.

2162 1657 85 23 JOHN
2256 1660 45 21 and
2312 1660 70 23 GEO.
2392 1662 102 24 WADE.

1938 1679 144 30 Wellington,
2095 1683 48 22 Oct.
2155 1685 19 26 7,
2186 1686 60 21 1840.

1910 1734 44 48 F0?F
1957 1735 19 21 0
1978 1735 25 38 ?-
2022 1736 78 23 SALE
2102 1754 5 10 »
2129 1745 13 14 a
2161 1738 21 32 ppotl
2185 1743 23 18 ot
2226 1741 27 21 of
2271 1742 87 26 ground
2380 1743 116 28 adjoining

1983 1764 77 21 Kumu
2074 1764 59 27 foto,
2141 1766 52 21 with
2204 1773 13 14 a
2227 1768 101 26 superior
2334 1770 74 21 native
2416 1770 77 23 house.

1913 1789 9 19 1
1930 1789 27 21 he
1968 1790 123 27 proprietor
2100 1792 67 26 being
2176 1793 68 22 about
2255 1798 21 18 to
2285 1794 64 23 leave
2357 1796 36 22 the
2403 1797 92 28 Colony,

1910 1816 47 20 also
1968 1816 63 22 offers
2041 1817 34 22 for
2084 1818 53 27 sale,
2151 1821 14 19 4
2175 1820 111 23 excellent
2295 1822 54 22 milk
2359 1831 57 14 cows
2427 1824 44 22 and
2482 1832 14 14 a

1910 1843 49 20 calf,
1980 1843 52 21 with
2051 1844 64 28 dairy
2133 1846 93 22 utensils
2243 1848 109 28 complete
2360 1858 6 18 ;
2393 1851 44 22 and
2455 1851 39 22 the

1908 1871 114 24 good-will
2037 1871 25 21 of
2077 1871 38 22 the
2129 1872 107 29 business,
2253 1875 72 22 which
2342 1884 103 20 averages
2460 1879 35 22 £7

1909 1902 39 19 per
1968 1897 68 22 week.
2074 1898 110 24 Likewise
2201 1908 13 14 a
2232 1902 103 27 quantity
2351 1904 26 22 of
2394 1905 101 24 buildinjr

1910 1924 122 21 mntenals.

1937 1949 43 22 For
1995 1952 133 26 particulars
2143 1954 67 28 apply
2227 1958 23 19 to
2266 1956 90 23 Messrs.
2373 1958 60 22 John
2448 1959 47 23 and

1910 1977 87 26 George
2010 1978 76 22 Wade.

2133 2034 44 19 TO
2192 2035 74 21 LET.

1909 2062 187 49 BUILDING
2113 2066 205 26 ALLOTMENTS
2328 2072 46 24 ;-7
2392 2072 103 28 building

1984 2092 137 27 allotments,
2133 2100 28 14 on
2172 2094 124 29 improving
2305 2097 78 29 leases,
2394 2099 23 22 in
2425 2099 70 24 Well-

1907 2121 78 22 ington
1995 2118 103 22 Terrace.
2127 2120 83 25 Terms,
2223 2130 54 20 very
2286 2125 76 22 liberal

1907 2169 5 5 #
1936 2144 61 26 Also,
2018 2145 63 21 small
2099 2146 74 27 farms,
2190 2150 13 20 3
2218 2151 96 22 sections
2324 2152 26 22 of
2360 2153 53 22 land
2422 2154 22 21 in
2456 2154 37 23 the

1907 2177 23 14 in
1950 2173 37 19 the
2005 2173 84 21 second
2108 2174 71 27 series,
2199 2179 21 17 to
2237 2177 26 21 be
2281 2178 30 21 let
2320 2179 22 21 in
2354 2181 97 25 portions
2469 2182 27 22 of

1907 2200 41 18 not
1957 2199 42 20 less
2009 2199 53 21 than
2072 2201 28 19 25
2110 2208 67 21 acres,
2190 2210 28 14 on
2233 2203 127 29 improving
2375 2206 78 26 leases,
2469 2216 25 15 as

1907 2231 55 14 soon
1975 2232 22 14 as
2008 2225 105 23 selected.

1936 2251 122 23 Particular
2068 2254 109 22 attention
2187 2255 17 23 is
2216 2257 70 22 called
2295 2261 22 19 to
2324 2259 38 22 the
2369 2260 124 26 advantage

1907 2279 27 20 of
1945 2285 125 22 improving
2081 2280 76 23 leases.

2070 2307 77 28 Apply
2157 2312 21 18 to
2189 2309 62 23 John
2263 2312 44 21 and
2317 2312 58 23 Geo.
2383 2314 80 23 Wade.

2098 2363 234 24 ALLOTMENTS
2355 2369 44 20 TO
2417 2369 78 28 LET,*

1907 2394 91 47 THE
2017 2395 199 24 ADVERTISER
2231 2399 65 22 offers
2312 2408 59 19 upon
2387 2393 116 38 Building'

1982 2422 87 24 Leases,
2082 2430 13 14 a
2104 2424 95 22 number
2209 2426 26 20 of
2246 2426 68 22 Town
2323 2428 135 24 Allotments
2467 2431 25 22 in

1906 2450 38 19 the
1954 2452 57 18 most
2022 2450 107 21 desirable
2138 2455 61 23 parts
2209 2453 26 21 of
2246 2453 42 22 this
2299 2455 137 24 Settlement.

1933 2475 47 22 The
1999 2477 110 21 attention
2126 2478 26 21 of
2169 2478 37 22 the
2223 2480 75 27 public
2316 2482 18 21 is
2350 2483 143 28 particularly

1905 2503 72 20 called
1996 2506 23 17 to
2039 2503 36 22 the
2095 2504 123 28 advantage
2238 2507 26 21 of
2281 2507 105 30 Building
2403 2511 88 26 Leases,

1905 2530 73 21 which
1988 2530 37 21 the
2035 2530 151 28 undersigned
2195 2533 18 21 is
2224 2534 96 22 enabled
2329 2539 22 19 to
2361 2542 71 23 grant,
2441 2539 42 22 viz.

1905 2555 57 22 from
1973 2563 67 15 seven
2051 2559 22 19 to
2091 2561 138 25 twenty-one
2246 2568 71 20 years,
2335 2565 119 27 according
2470 2570 23 18 to

1905 2583 38 20 the
1962 2583 63 22 value
2045 2584 26 21 of
2092 2584 37 22 the
2152 2586 113 28 buildings
2286 2591 111 24 proposed
2419 2595 22 19 to
2464 2593 29 22 be

1905 2610 96 22 erected.

2203 2641 26 22 f.
2244 2642 30 22 A.
2289 2642 173 26 BJOLESWORTH.

1995 2693 106 21 TOWN
2115 2695 94 21 ACRE
2223 2697 70 21 FOR
2307 2699 96 21 SALE.

2082 2727 29 15 on
2123 2721 38 22 the
2178 2722 240 28 Surveyor-General's
2435 2727 58 24 Plan

1903 2744 45 36 -L^
1985 2746 26 21 of
2029 2746 38 22 the
2087 2751 67 22 town,
2173 2750 47 21 658.
2251 2750 63 23 Price
2332 2753 41 21 300
2390 2754 101 26 guineas.

1931 2773 75 27 Apply
2017 2776 22 18 at
2050 2773 38 21 the
2098 2774 102 24 Durham
2210 2777 75 22 Arms.

2006 2828 107 22 TOWN
2127 2831 113 21 ACRES
2255 2833 43 21 TO
2312 2835 75 25 LET,

1902 2854 180 48 NUMBERS
2098 2863 29 15 on
2136 2856 37 22 the
2183 2859 238 28 Surveyor-General's
2429 2872 62 17 mar.

2014 2886 10 4 -
2038 2883 41 21 199
2155 2885 70 22 -$707
2353 2888 4 12 1
2359 2890 5 4 '

2011 2921 6 14 ;
2039 2911 40 19 168
2154 2909 65 33 £5S9'
2357 2915 4 12 !

2039 2937 46 26 156,
2176 2937 49 24 1967
2274 2947 8 7 -
2310 2943 42 22 310
2361 2942 5 7 '

2006 2963 73 24 f~423
2309 2970 44 22 424

2006 2990 7 24 \
2049 2989 39 26 47/
2173 2990 51 24 305?
2310 2995 41 24 723
2380 2996 5 14 J

2002 3026 6 17 {
2036 3017 39 22 561
2163 3018 52 28 [167

1929 3043 54 21 And
1993 3050 69 21 many
2072 3044 75 22 others
2156 3045 72 23 iriThe
2237 3052 64 18 most
2309 3050 109 24 desirable
2431 3057 62 20 parts

1903 3069 26 21 of
1940 3069 37 21 the
1987 3072 66 20 town.
2084 3071 44 22 For
2136 3073 134 26 particulars
2283 3077 68 27 apply
2360 3081 23 18 to

1929 3122 86 27 Petoni,
2027 3123 59 23 Nov.
2096 3126 34 25 30,
2142 3127 61 21 1840.
2301 3103 22 22 *'
2335 3099 28 26 W
2364 3120 5 6 *
2382 3105 72 23 ChILD

2105 3179 68 21 FOR
2188 3181 96 27 SALE,

1903 3203 163 49 SEVERAL
2085 3205 69 22 Town
2171 3208 45 21 and
2233 3209 101 30 Country
2351 3212 100 25 Sections
2467 3215 28 23 of

1968 3231 70 22 Land.
2066 3231 78 29 Apply
2154 3236 23 19 to

2218 3262 95 24 Robert
2323 3265 28 22 R.
2362 3267 98 23 Strang.

1901 3312 92 48 THE
2016 3312 158 28 Undersigned
2191 3316 58 23 have
2268 3317 69 24 Town
2356 3320 70 22 Acres
2444 3322 47 22 and

1901 3365 28 9 «r
1943 3365 24 9 iv
1976 3346 27 20 P°
2004 3342 58 19 rtlon
2064 3347 10 14 s
2095 3341 27 21 of
2138 3349 62 15 acres
2216 3347 23 18 to
2255 3344 31 22 let
2300 3346 24 21 in
2343 3346 30 22 all
2388 3351 60 23 parts
2467 3349 27 21 of

1901 3367 145 25 Wellington.
2060 3367 49 21 The
2119 3370 68 21 terms
2194 3370 45 23 will
2244 3371 28 22 be
2277 3372 68 27 given
2352 3381 60 19 upon
2420 3375 71 25 appli-

1901 3395 82 19 cation,
2368 3391 14 11 r
2432 3391 30 12 rr

2176 3423 100 24 Hanson
2284 3426 48 23 and
2345 3427 116 23 Alzdorf.

1928 3447 87 29 Petoni,
2026 3449 61 28 Sept.
2098 3450 33 26 29,
2143 3452 61 22 1840.

1978 3504 6 6 *
2004 3505 106 21 TOWN
2124 3506 113 22 ACRES
2252 3508 44 21 TO
2310 3509 73 20 LET.

1899 3531 182 50 NUMBERS
2093 3539 29 15 on
2131 3532 39 23 the
2179 3534 239 27 Surveyor-General's
2427 3542 59 19 map,

2039 3560 43 21 510
2190 3562 40 20 263
2339 3563 27 21 98

1925 3593 46 22 For
1978 3593 132 28 particulars
2119 3594 67 29 apply
2195 3598 22 19 to
2227 3595 106 28 Wallace,
2345 3596 80 28 White,
2439 3596 51 23 and'

1898 3619 106 24 Wallace.

1924 3646 155 29 Welliington,
2090 3647 53 23 Jan.
2153 3650 20 25 6,
2185 3650 62 21 1841.

2027 3704 155 21 WEEKLY
2196 3705 161 20 MARKET.

1897 3738 93 48 MR.
2004 3737 23 23 J.
2041 3738 144 22 TELFORD
2199 3738 42 22 has
2254 3738 109 27 arranged
2371 3742 23 18 to
2404 3738 56 23 have
2470 3747 14 15 a

1988 3772 94 15 weekly
2106 3772 93 15 market
2225 3772 30 14 on
2277 3765 139 22 MONDAY
2437 3767 47 22 and

1896 3791 169 23 SATURDAY
2080 3791 167 27 EVENINGS,
2262 3795 23 18 at
2293 3791 36 21 his
2338 3791 144 30 Warehouse,

1896 3817 59 23 from
1963 3820 15 20 4
1987 3822 22 18 to
2020 3820 13 21 7
2044 3818 92 27 o'clock,
2149 3819 67 26 being
2229 3817 108 23 intended
2352 3818 80 33 chiefly
2446 3820 37 22 for

1896 3845 37 21 the
1955 3845 192 22 accommodation
2167 3845 27 21 of
2211 3844 141 23 Workmen's
2369 3845 112 24 Families.

1895 3871 48 23 The
1961 3872 114 27 following
2094 3871 88 22 articles
2199 3871 46 22 will
2262 3871 27 22 be
2307 3871 50 23 sold
2373 3873 24 21 in
2417 3873 66 23 small

1895 3899 126 27 quantities,
2031 3902 24 18 at
2063 3898 131 22 reasonable
2203 3897 116 29 prices:—
2349 3911 4 4 •

1921 3925 76 26 Flour,
2007 3932 74 20 sugar,
2093 3928 42 23 tea,
2147 3925 75 26 coffee,
2239 3925 88 27 butter,'
2331 3924 87 29 cheese,
2427 3934 54 15 can-

1895 3951 53 26 dles,
1960 3958 60 21 soap,
2037 3953 39 20 &c.
2089 3952 39 21 &c.
