2540 4050
68 141 112 22 doubtless
190 139 37 22 the
239 137 104 28 offspring
352 136 27 22 of
385 144 62 14 some
454 136 91 22 sinister
551 144 102 20 purpose,

68 166 120 24 circulated
202 173 25 15 so
242 164 70 27 freely
326 165 24 20 in
367 163 39 22 the
422 163 117 28 adjoining
557 164 98 22 colonies

68 193 125 28 respecting
202 193 44 21 this
254 193 133 20 settlement.

94 231 47 21 The
150 229 91 22 holders
254 229 25 21 of
290 228 82 22 second
383 228 67 21 series
460 227 54 21 land
524 226 76 22 orders
610 227 44 21 had

68 266 15 14 a
93 257 98 25 meeting
200 263 28 14 on
240 255 100 26 Monday
349 254 50 27 last,
412 258 22 17 at
440 254 108 22 Barrett's
554 254 69 26 hotel,
631 254 22 21 in

68 283 134 26 conformity
218 282 53 21 with
288 281 36 21 the
341 284 68 18 terms
426 281 27 21 of
465 280 36 22 the
515 281 138 27 requisition.

67 311 48 23 The
131 309 69 22 result
209 309 27 21 of
248 309 36 21 the
299 307 147 28 proceedings
463 307 26 21 of
501 307 39 21 the
556 308 99 26 meeting

68 344 44 16 was
128 336 38 22 the
181 335 155 27 appointment
350 334 26 21 of
389 342 12 14 a
418 334 132 26 deputation
567 337 22 19 to
604 334 52 21 wait

68 371 59 20 upon
145 362 47 22 Col.
210 361 125 21 Wakefield
350 368 61 16 upon
428 360 39 22 the
484 361 94 27 subject.
606 360 48 21 The

66 389 129 28 deputation
205 388 81 22 waited
294 394 60 21 upon
371 387 38 22 the
425 388 135 26 Company's
571 388 82 26 Agent,

67 417 51 26 and,
130 423 32 14 we
171 415 144 26 understand,
326 414 104 22 received
444 421 14 14 a
467 414 139 26 satisfactory
617 421 37 14 ex-

66 443 122 28 planation,
199 442 54 21 with
263 441 130 27 permission
399 441 21 21 if
426 441 54 26 they
489 448 59 14 were
557 440 98 22 inclined

67 475 24 17 to
101 469 102 22 examine
214 468 39 22 the
268 468 66 22 becks
348 468 24 21 in
388 467 73 22 which
477 467 37 22 the
531 466 77 23 orders
617 475 37 14 are

66 494 127 29 registered.

94 533 41 22 We
142 533 58 21 have
209 532 104 22 received
323 532 37 21 the
370 534 130 24 prospectus
510 530 47 23 and
566 531 89 27 regula-

67 562 57 21 tions
153 559 26 22 of
199 559 38 21 the
262 558 135 26 Wellington
418 558 64 21 Land
503 558 150 26 Association,

67 586 86 24 formed
162 586 43 21 last
215 585 69 22 week.
312 584 47 22 The
380 584 44 22 late
444 584 77 26 period
541 588 23 17 at
581 584 72 22 which

68 614 51 26 they
126 613 57 22 have
193 619 65 15 come
268 615 23 18 to
300 611 68 26 hand,
387 611 93 22 renders
494 611 18 21 it
526 618 126 20 necessary,

67 640 66 23 much
143 640 87 26 against
240 646 40 15 our
289 638 139 26 inclination,
439 641 24 18 to
473 637 67 28 delay
548 637 58 22 their
616 645 38 19 ap-

66 673 108 23 pearance
184 666 60 21 until
253 666 37 21 the
299 669 55 18 next
363 664 138 27 publication
510 672 5 19 ;
526 664 47 22 and
581 665 24 21 in
615 665 38 22 the

67 694 120 22 meantime
198 699 33 15 we
241 692 44 21 will
295 690 84 28 merely
393 692 93 21 observe
501 699 33 14 we
551 692 103 21 consider

65 722 19 21 it
92 721 18 21 is
120 727 28 14 an
159 719 132 22 association
301 718 72 22 which
388 718 81 22 should
482 718 87 21 receive
586 726 67 20 every

65 747 95 29 possible
169 749 189 23 encouragement
366 745 57 22 from
432 744 38 23 the
479 744 144 23 landholders
632 745 24 22 of

66 774 37 22 the
113 773 92 22 district.
234 772 42 22 We
286 780 36 14 are
333 771 53 28 glad
397 778 21 15 ro
432 772 55 21 hear
497 772 50 21 that
562 779 14 14 a
591 772 61 27 large

66 800 94 23 number
169 800 26 21 of
204 799 129 22 mechanics
343 798 45 22 and
397 799 98 21 artizans
510 798 59 22 have
579 802 74 19 enter-

66 827 27 22 ed
108 826 57 22 their
179 833 80 15 names
272 834 23 13 as
311 826 112 21 members
434 826 26 21 of
472 833 28 14 an
516 826 135 26 institution,

65 853 71 22 which
146 861 33 14 we
190 860 37 15 are
244 861 50 14 sure
303 853 20 22 if
331 852 138 28 judiciously
478 853 117 27 managed,
607 853 44 22 will

65 884 40 19 not
113 880 39 21 fail
162 883 22 18 to
191 880 29 22 be
237 880 129 28 productive
384 880 26 21 of
420 880 69 21 much
505 879 59 27 good
581 883 23 18 to
614 879 37 22 the

64 911 65 22 town,
139 906 47 23 and
195 908 27 21 of
232 907 67 28 profit
308 910 23 18 to
340 906 29 22 its
379 906 163 22 shareholders.

91 944 35 21 On
136 944 38 21 the
185 944 52 21 14th
249 944 120 27 February,
388 944 37 21 the
440 944 112 21 schooner
566 945 83 24 Jewess,

65 972 61 21 when
136 971 24 21 in
171 970 69 21 Blind
250 971 54 26 Bay,
315 970 100 22 boarded
424 970 38 22 the
469 972 66 25 Mary
543 972 57 26 Ann,
613 974 38 19 out

63 999 57 22 from
130 997 91 27 Sydney
230 997 76 22 fifteen
317 997 61 26 days,
390 997 78 21 bound
477 1000 22 18 to
510 997 139 27 Valparaiso.

64 1024 91 27 Captain
171 1023 82 22 Moore
268 1023 105 22 obtained
388 1023 91 27 Sydney
488 1031 81 19 papers
579 1028 22 17 to
613 1024 37 21 the

65 1051 49 23 19th
124 1051 108 26 January,
244 1050 45 21 and
298 1057 43 14 was
351 1049 111 22 informed
473 1050 30 27 by
511 1051 38 21 the
557 1050 92 27 Captain

64 1079 26 22 of
107 1078 35 22 the
157 1078 64 25 Mary
235 1078 56 26 Ann,
307 1077 49 21 that
374 1080 107 18 accounts
499 1077 60 22 from
578 1077 73 22 China

64 1104 131 24 announced
215 1104 38 22 the
272 1103 143 22 termination
435 1103 27 22 of
480 1104 126 26 hostilities,
626 1103 23 22 in

63 1138 151 21 consequence
230 1131 26 22 of
266 1131 37 22 the
317 1130 110 27 Emperor
440 1130 84 28 having
535 1130 81 27 agreed
627 1134 21 17 to

63 1160 38 21 the
110 1157 106 24 demands
225 1158 66 21 made
301 1160 29 24 by
344 1157 39 21 the
390 1157 84 22 British
484 1158 163 26 Government,

63 1185 94 27 through
167 1184 103 23 Admiral
284 1184 85 22 Elliott.
405 1184 48 21 The
468 1191 93 15 rumour
576 1184 73 22 which

63 1221 32 14 we
118 1212 98 22 inserted
239 1212 42 21 last
305 1210 62 23 week
386 1210 127 28 respecting
532 1211 38 22 the
588 1212 61 26 Lady

63 1242 82 24 Nugent
159 1239 67 27 being
237 1242 22 18 at
269 1238 83 27 Kapiti,
370 1245 30 14 no
418 1238 70 21 doubt
504 1245 63 14 arose
578 1243 39 18 out
627 1238 26 22 of

64 1268 90 26 Captain
174 1266 99 21 Moore's
292 1265 84 27 having
395 1265 182 22 communicated
595 1266 54 21 with

63 1294 42 22 this
114 1292 77 23 vessel.

89 1331 39 21 We
145 1330 41 21 call
203 1330 38 21 the
258 1330 109 21 attention
386 1330 25 21 of
423 1337 40 14 our
473 1330 91 21 readers
578 1334 22 17 to
611 1330 37 22 the

63 1357 102 27 despatch
181 1357 30 27 by
230 1357 58 21 Lord
303 1357 60 21 John
381 1356 89 22 Russell
489 1357 121 22 addressed
627 1361 21 18 to

64 1385 33 22 Sir
107 1385 85 24 George
204 1384 78 27 Gipps.
312 1383 21 21 It
348 1383 45 22 will
409 1383 28 22 be
448 1391 53 14 seen
512 1384 50 21 that
571 1384 23 21 in
605 1384 44 21 dis-

61 1411 77 29 posing
148 1411 26 21 of
184 1411 54 21 land
248 1411 37 21 the
301 1410 124 21 Wakefield
442 1414 83 23 system
541 1411 20 20 is
570 1411 77 27 nearly

61 1438 79 27 wholly
150 1437 103 27 adopted.
275 1437 49 22 One
334 1440 49 22 ttep
390 1445 70 18 more,
469 1437 20 22 &
496 1437 38 22 the
542 1445 106 19 manage-

61 1469 62 18 ment
131 1465 26 22 of
167 1464 97 22 colonial
270 1464 64 22 lands
341 1464 45 21 will
393 1464 28 21 be
429 1464 147 27 satisfactoi'y.
607 1465 42 22 Let

62 1501 13 12 a
86 1492 34 21 bill
135 1491 134 27 confirming
286 1491 42 21 this
343 1491 115 26 principle,
478 1491 44 22 and
534 1491 115 28 declaring

61 1519 37 21 the
108 1518 68 22 whole
186 1519 26 20 of
223 1518 38 21 the
270 1518 107 27 proceeds
386 1522 23 17 to
416 1518 28 21 be
456 1517 96 22 devoted
561 1522 22 17 to
594 1519 53 21 emi-

60 1547 92 25 gration,
163 1545 110 22 rendered
282 1545 42 22 law
333 1545 30 26 by
374 1545 144 27 Parliament,
534 1545 44 22 and
588 1546 59 21 colo-

62 1572 53 22 nists
131 1579 50 19 may
192 1572 95 26 proceed
298 1571 51 22 with
363 1571 39 22 the
418 1575 85 18 utmost
516 1572 131 22 confidence

62 1599 24 22 of
98 1607 84 14 success
192 1599 116 27 attending
319 1598 58 22 their
386 1599 157 22 investments.

87 1636 45 22 The
142 1636 115 27 following
266 1637 18 21 is
294 1644 12 14 a
317 1644 57 19 copy
388 1637 26 21 of
430 1636 38 22 the
484 1637 94 27 petition
595 1637 52 22 sub-

61 1663 76 22 mitted
155 1663 30 26 by
205 1664 44 21 Mr.
268 1663 101 27 Hanson,
391 1663 46 22 and
453 1664 111 27 proposed
580 1668 22 17 to
620 1665 27 20 be

60 1690 116 22 addressed
186 1693 22 19 to
218 1691 54 21 both
282 1690 80 22 houses
373 1691 26 21 of
410 1691 145 21 Parliament.

63 1723 24 17 To
98 1724 29 17 the
138 1724 109 17 Honorable
258 1724 30 17 the
300 1723 96 18 Commons
404 1724 23 21 of
435 1724 31 17 the
475 1724 71 17 United
552 1724 95 22 Kingdom

117 1745 22 21 of
149 1745 58 17 Great
214 1745 77 17 Britain
299 1745 39 17 and
344 1745 86 20 Ireland,
439 1745 20 17 in
467 1745 120 18 Parliament

297 1765 109 18 assembled.

63 1786 35 18 The
108 1787 71 17 humble
188 1787 81 21 petition
282 1788 23 21 of
317 1787 29 17 the
360 1788 126 20 undersigned
497 1788 118 17 inhabitant*
627 1788 23 22 of

186 1809 49 16 Port
240 1809 99 17 Nicholson
348 1808 20 17 in
374 1808 45 17 New
425 1809 94 17 Zealand.

83 1830 101 17 Sheweth,
207 1830 49 16 That
266 1830 68 16 several
348 1830 20 15 of
381 1834 45 16 your
439 1830 112 19 petitioners,
566 1832 81 20 together

60 1850 43 16 with
110 1851 50 15 other
166 1855 75 15 persons
247 1851 78 20 residing
332 1851 20 15 in
360 1851 88 20 England,
454 1851 101 19 purchased
562 1852 47 16 from
616 1852 30 16 the

61 1870 42 17 New
111 1872 77 15 Zealand
197 1872 91 20 Company
296 1872 68 18 100,000
374 1875 49 12 acres
430 1872 21 15 of
459 1872 42 16 land
508 1872 19 16 in
537 1872 30 16 the
575 1873 71 16 Islands

59 1892 21 15 of
85 1892 41 16 New
134 1892 84 20 Zealand,
228 1892 44 16 with
286 1897 10 11 a
305 1892 47 16 view
362 1894 20 14 to
393 1892 87 17 establish
492 1898 11 11 a
513 1893 105 18 settlement
630 1894 19 16 of

61 1912 66 17 British
136 1913 78 19 subjects
223 1913 63 16 within
293 1913 51 16 those
352 1913 77 16 Islands.

81 1933 50 20 That,
139 1934 58 16 under
204 1935 32 15 the
244 1937 134 18 arrangements
385 1934 20 16 of
414 1934 32 16 the
458 1934 43 16 New
510 1934 78 18 Zealand
597 1936 50 17 Com-

59 1959 51 15 pany,
119 1955 19 16 75
145 1959 32 16 per
185 1957 48 14 cent,
240 1955 19 16 of
265 1955 29 16 the
304 1959 64 15 money
377 1959 19 12 so
404 1955 41 20 paid
455 1955 23 20 by
486 1960 45 15 your
541 1957 105 18 petitioners

60 1976 34 17 a^d
106 1976 68 19 others,
180 1976 27 16 for
224 1976 44 16 such
282 1976 47 18 land,
341 1976 108 19 amounting
463 1978 17 14 to
496 1975 76 20 75,000
585 1977 19 16 in
616 1978 30 15 the

60 1995 60 18 'Vliole,
129 2000 35 11 w(i
177 1998 16 13 to
202 1997 22 14 be
237 1996 92 18 expanded
342 1996 18 15 in
373 1996 94 19 defraying
478 1997 32 14 the
520 1999 42 13 cost
571 1998 21 15 of
603 1998 43 15 emi-

59 2014 68 20 gration
142 2016 19 14 of
172 2019 81 16 persons,
265 2015 62 20 chiefly
339 2015 20 16 of
371 2015 32 16 the
416 2015 95 20 labouring
522 2016 51 19 class,
587 2018 18 15 to
616 2017 30 16 the

60 2035 102 16 settlement
169 2037 17 14 to
200 2037 23 15 be
237 2035 108 17 established
357 2037 19 15 at
388 2036 42 17 Port
445 2037 98 16 Nicholson
548 2042 5 14 ;
561 2038 36 16 and
609 2039 38 15 that

61 2056 30 15 the
98 2056 117 20 expenditure
223 2056 20 16 of
252 2061 11 11 a
273 2056 69 20 portion
350 2056 21 16 of
376 2057 44 16 such
432 2061 41 12 sum
482 2058 31 15 has
521 2058 73 21 already
601 2061 46 14 esta-

59 2076 69 17 blished
136 2082 10 11 a
153 2077 103 20 population
265 2077 19 16 of
288 2078 41 15 2300
336 2082 75 16 persons
418 2079 19 15 at
445 2079 39 15 that
491 2078 57 20 place.

35 2101 26 7 ~~
82 2098 44 16 That
140 2098 31 15 the
185 2099 50 15 main
246 2098 115 17 inducement
374 2099 18 16 to
404 2099 87 20 purchase
501 2099 44 16 land
557 2099 46 17 from
616 2101 31 16 the

61 2118 44 16 New
118 2119 78 15 Zealand
207 2120 89 20 Company
306 2124 37 11 was
357 2119 96 17 furnished
464 2120 22 20 by
493 2120 32 16 the
536 2120 110 21 knowledge,

60 2140 39 14 that
106 2140 35 15 this
149 2140 130 20 appropriation
287 2140 20 16 of
315 2141 31 15 the
357 2141 89 19 purchase
458 2145 66 16 money
531 2142 59 17 would
602 2145 46 14 esta-

61 2159 51 20 blish,
120 2160 63 16 within
197 2162 31 16 the
240 2161 103 16 settlement
354 2162 19 15 to
385 2162 21 16 be
418 2162 87 18 foundett>
512 2163 24 19 by
545 2167 44 15 your
602 2164 45 19 peti-

60 2181 71 19 tioners,
139 2186 23 11 an
171 2183 75 15 amount
253 2182 19 15 of
277 2181 103 21 population
387 2183 91 23 Sufficient
486 2183 27 16 for
520 2183 33 16 the
560 2183 86 21 improve-

61 2204 49 14 ment
124 2202 35 16 and
178 2203 106 16 cultivation
298 2204 20 15 of
333 2203 32 16 the
381 2203 42 17 land
440 2204 42 16 thus
502 2204 90 20 acquired,
612 2206 35 16 and

61 2223 57 16 whose
129 2223 62 16 labour
198 2224 60 16 would
265 2224 59 16 confer
331 2228 50 14 upon
387 2224 15 16 it
409 2226 51 18 great
467 2225 99 16 additional
575 2226 59 17 value.

82 2244 44 16 That
140 2249 44 15 your
197 2245 104 20 petitioners
312 2245 99 20 emigrated
425 2247 19 14 to
459 2246 44 15 New
518 2246 86 20 Zealand,
612 2247 35 17 and

60 2264 45 16 have
112 2265 107 16 established
228 2265 106 17 themselves
343 2267 19 14 at
369 2265 42 17 Port
419 2266 104 20 Nicholson,
529 2267 77 17 without
613 2273 34 16 any

61 2285 95 16 assistance
164 2286 45 16 from
216 2287 58 15 either
282 2287 30 16 the
320 2287 125 16 Government
456 2287 19 16 of
487 2288 55 16 Great
550 2288 70 17 Britain
628 2294 19 12 or

60 2306 39 16 that
106 2307 18 15 of
130 2307 43 15 New
181 2307 56 16 South
246 2307 62 19 Wales,
315 2307 35 16 and
355 2308 78 16 without
439 2312 36 16 any
479 2310 39 15 cost
527 2310 18 14 to
553 2309 30 17 the
591 2312 46 15 state
642 2315 4 14 ;

60 2327 39 15 that
113 2327 41 20 they
161 2327 46 17 have
222 2328 93 20 expended
328 2328 50 20 large
392 2333 51 12 sums
456 2329 19 16 in
491 2329 31 17 the
537 2331 78 16 erection
630 2331 21 16 of

59 2347 88 21 buildings
153 2349 34 15 and
195 2349 31 16 the
235 2349 129 20 improvement
372 2349 20 16 of
397 2350 47 16 their
451 2349 42 17 Und
499 2355 4 14 ;
510 2350 37 17 and
555 2351 39 16 that
605 2352 42 20 they

60 2368 45 16 have
112 2369 36 16 laid
155 2369 30 16 the
193 2370 105 16 foundation
310 2370 21 16 of
341 2374 12 12 a
365 2371 110 19 settlement,
484 2371 59 17 which
556 2376 91 16 possesses

59 2388 24 17 all
91 2389 28 17 the
126 2390 87 17 elements
221 2390 20 17 of
246 2390 107 17 civilization
361 2392 36 15 and
404 2392 106 21 prosperity.

81 2409 45 18 That
136 2415 45 15 your
191 2411 105 21 petitioners
310 2412 52 18 form,
371 2414 17 14 at
397 2413 30 15 the
435 2414 73 18 present
520 2415 88 19 moment,
616 2414 31 16 the

59 2432 46 14 most
118 2435 96 13 numerous
230 2433 111 20 community
355 2433 21 16 of
392 2433 69 16 British
479 2434 80 20 subjects
576 2435 19 16 in
616 2436 30 16 the

59 2451 69 17 Islands
141 2453 19 15 of
172 2453 45 16 New
229 2453 83 20 Zealand,
321 2453 36 16 and
369 2453 46 17 have
422 2454 45 16 been
475 2454 134 21 distinguished
620 2457 27 16 for

58 2472 46 15 their
111 2472 69 21 loyalty,
188 2474 111 20 tranquility,
306 2475 36 15 and
350 2475 97 16 obedience
454 2477 18 14 to
479 2476 32 16 the
517 2476 51 17 laws.

80 2493 45 16 That
133 2494 30 16 the
171 2494 86 17 situation
265 2495 19 16 of
291 2495 40 16 Port
339 2495 105 20 Nicholson,
454 2498 18 14 at
479 2497 60 16 which
546 2497 50 20 place
603 2502 44 17 your

59 2514 101 19 petitioners
176 2519 30 12 are
220 2515 113 19 established,
348 2516 16 16 is
379 2521 33 12 one
426 2517 101 21 eminently
538 2519 76 20 adapted
629 2521 17 14 to

58 2534 46 17 form
111 2535 30 17 the
149 2537 38 15 seat
194 2536 20 16 of
220 2536 120 17 Government
348 2537 27 16 for
386 2538 31 16 the
430 2537 70 18 Islands
513 2539 21 16 of
545 2539 44 16 New
604 2540 43 17 Zea-

58 2554 47 20 land,
113 2557 101 19 possessing
221 2562 12 11 a
239 2558 37 15 safe
286 2558 35 15 and
333 2558 97 16 accessible
444 2559 83 19 harbour,
543 2564 42 16 easy
599 2565 48 13 com-

59 2576 109 17 munication
176 2578 44 16 with
232 2578 92 17 extensive
338 2579 36 15 and
385 2579 83 16 valuable
482 2580 118 20 agricultural
611 2582 36 16 dis-

58 2596 55 20 tricts,
125 2598 34 15 and
167 2601 70 16 greater
244 2599 81 16 facilities
333 2599 19 16 of
357 2600 111 16 intercourse
478 2601 44 16 with
534 2602 25 16 all
569 2606 51 17 parts
629 2603 20 17 of

38 2630 3 3 .
58 2617 31 17 the
96 2618 50 16 three
153 2619 70 16 Islands
232 2620 42 15 than
282 2625 35 16 any
320 2620 53 17 other
379 2621 49 20 place
434 2621 39 16 that
480 2622 53 17 could
542 2623 21 16 be
568 2623 78 18 selected

58 2642 20 12 as
85 2638 30 17 the
122 2639 34 16 site
164 2640 19 16 of
188 2644 11 12 a
209 2642 52 14 town.

79 2659 50 19 That,
138 2660 86 21 although
232 2661 30 16 the
270 2661 103 17 settlement
381 2663 20 15 of
406 2662 43 17 Port
458 2662 98 18 Nicholson
564 2664 33 17 has
605 2670 39 11 now

58 2679 45 16 been
111 2681 76 16 founded
195 2682 28 16 for
230 2682 80 20 upwards
317 2683 20 16 of
342 2682 64 17 twelve
418 2684 80 19 months,
507 2684 66 21 during
584 2686 62 20 nearly

57 2700 30 16 the
96 2701 54 16 whole
158 2702 20 16 of
186 2703 60 16 which
256 2703 60 20 period
324 2703 69 17 British
400 2705 92 20 authority
499 2705 33 17 has
543 2707 45 15 been
597 2708 48 16 esta-

58 2721 69 17 blished
138 2722 19 16 in
169 2722 45 19 New
230 2724 82 19 Zealand,
320 2724 35 16 and
369 2729 11 11 a
393 2724 209 20 Lieutenant-Governor
613 2728 33 16 has

58 2741 43 16 been
118 2743 78 16 resident
215 2745 55 18 there,
282 2745 14 16 it
303 2745 32 16 has
350 2749 56 13 never
424 2750 46 12 even
485 2747 47 16 been
549 2747 66 18 visited
625 2750 21 19 by

58 2762 31 16 the
96 2762 210 23 Lieutenant-Governor,
315 2766 40 16 who
363 2766 33 17 has
404 2766 74 17 decided
490 2772 49 16 upon
552 2769 95 17 establish-

58 2783 31 20 ing
96 2784 30 17 the
134 2787 38 14 seat
180 2786 20 16 of
213 2786 121 16 Government
345 2788 21 14 at
377 2791 11 12 a
401 2787 51 21 place
466 2788 60 16 where
538 2789 50 17 there
596 2790 15 16 is
623 2795 23 12 no

57 2804 78 17 resident
143 2806 108 20 population,
260 2808 35 15 and
303 2808 64 19 which,
376 2812 19 11 as
402 2812 45 16 your
454 2809 106 19 petitioners
570 2811 74 19 believe,

56 2828 21 15 is,
86 2825 45 17 from
138 2827 24 15 its
169 2827 84 20 position,
269 2828 61 20 totally
337 2828 88 16 unsuited
431 2830 19 15 to
458 2829 46 17 form
510 2830 33 16 the
552 2832 65 19 capital
628 2832 21 16 of

57 2845 30 17 the
101 2847 71 16 Islands
186 2848 21 16 of
221 2848 45 16 New
279 2848 84 20 Zealand,
376 2849 54 21 being
443 2850 91 20 naturally
548 2853 98 16 connected

56 2866 42 20 only
105 2868 43 16 with
155 2868 30 16 the
193 2868 91 16 Northern
291 2869 71 20 portion
370 2870 20 16 of
395 2870 30 16 the
433 2870 59 17 North
500 2871 67 17 Island.

78 2888 45 16 That
129 2893 46 15 your
181 2889 105 19 petitioners
294 2889 51 19 have,
354 2895 20 11 as
381 2890 44 20 they
432 2891 75 18 believe,
515 2893 114 16 contributed
636 2897 11 11 a

55 2907 57 21 larger
119 2913 42 12 sum
167 2909 19 16 in
194 2910 81 16 taxation
284 2910 44 16 than
334 2910 26 16 all
368 2910 31 16 the
406 2911 52 16 other
465 2911 112 18 inhabitants
587 2914 20 15 of
614 2914 31 16 the

56 2928 70 17 Islands
141 2929 20 16 of
169 2929 45 17 New
230 2930 86 19 Zealand;
331 2931 37 15 and
381 2931 45 19 that,
442 2936 20 11 so
476 2936 44 12 soon
533 2937 19 11 as
566 2935 80 15 customs

56 2949 58 17 duties
121 2954 31 12 are
165 2950 83 21 imposed
260 2955 47 15 upon
315 2951 31 16 the
358 2951 66 20 import
437 2952 21 16 of
468 2954 126 16 commodities
607 2955 39 16 into

56 2970 50 17 these
114 2971 77 18 Islands,
200 2971 32 16 the
240 2975 78 13 revenue
325 2971 74 18 derived
410 2973 48 16 from
465 2973 30 17 the
510 2974 105 17 settlement
627 2977 20 15 at

56 2990 42 16 Port
113 2991 98 17 Nicholson
226 2992 36 16 will
277 2992 83 21 probably
367 2995 75 14 amount
454 2994 18 16 to
484 2994 130 19 three-fourths
628 2997 21 16 of

56 3011 31 16 the
94 3012 57 16 whole
159 3011 80 18 Colonial
247 3016 83 13 revenue.

76 3032 46 16 That
133 3037 24 12 no
164 3033 90 20 provision
262 3034 32 16 has
301 3035 45 15 been
356 3035 53 16 made
420 3035 28 16 for
459 3035 31 17 the
500 3036 145 19 administration

56 3052 20 17 of
79 3053 34 16 law
122 3055 20 14 at
150 3053 42 16 Port
200 3054 102 20 Nicholson,
311 3056 65 19 except
384 3060 20 12 so
413 3056 27 16 far
447 3060 20 12 as
475 3057 30 16 the
513 3062 51 12 same
576 3063 34 12 can
624 3060 21 15 be

56 3074 127 16 administered
192 3074 24 21 by
224 3079 11 12 a
246 3075 57 17 Police
319 3076 106 20 Magistrate
431 3082 4 14 ;
447 3077 36 16 and
496 3078 41 17 that
548 3083 23 12 no
582 3084 64 12 means

56 3094 47 16 exist
108 3095 19 15 of
132 3096 105 20 recovering
242 3096 54 20 debts,
305 3101 21 12 or
331 3096 20 17 of
356 3097 93 21 enforcing
456 3100 96 19 contracts,
559 3104 33 12 nor
600 3105 45 13 even

56 3114 20 15 of
87 3116 59 20 trying
155 3116 91 19 prisoners
254 3117 39 17 who
299 3117 46 16 have
352 3118 47 17 been
406 3119 105 17 committed
519 3121 19 15 to
545 3121 42 17 take
595 3122 48 16 their

56 3135 40 16 trial
106 3136 27 16 for
141 3136 68 21 alleged
216 3137 81 17 offences.

77 3156 50 19 That,
136 3159 64 18 except
207 3158 19 16 in
236 3158 30 17 the
277 3159 139 21 comparatively
427 3160 126 22 unimportant

55 3176 28 16 lar
96 3177 19 16 of
121 3178 31 16 the
159 3178 144 18 administration
312 3180 19 16 of
341 3180 59 17 Police
408 3181 46 19 Law,
463 3182 31 16 the
504 3179 140 22 establishment

55 3197 20 16 of
80 3197 68 17 British
155 3199 92 21 authority
255 3200 62 17 within
325 3201 31 15 the
365 3201 72 17 Islands
444 3202 21 16 of
470 3202 45 17 New
525 3204 79 17 Zealand
611 3205 33 17 has

56 3219 126 20 consequently
189 3220 90 20 produced
285 3223 17 14 to
310 3225 44 16 your
361 3222 106 19 petitioners
475 3228 49 12 none
529 3225 20 16 of
553 3225 53 17 those
614 3226 31 17 ad-

56 3240 85 18 vantages
152 3239 58 17 which
220 3241 15 15 it
242 3241 16 15 is
266 3241 30 17 the
302 3243 44 19 duty
353 3243 38 15 and
401 3243 83 17 function
491 3245 20 16 of
522 3246 123 17 Government

56 3260 19 14 to
86 3260 59 16 confer
152 3264 47 16 upon
207 3262 24 15 its
239 3262 76 19 subjects
320 3268 4 13 ;
337 3263 37 16 and
381 3263 45 20 that,
435 3264 68 21 though
512 3266 38 17 this
559 3268 59 16 result
628 3268 16 16 is

56 3283 19 12 in
82 3282 38 16 part
127 3282 115 16 attributable
250 3283 18 15 to
275 3283 30 17 the
312 3283 81 17 distance
400 3284 21 16 of
435 3284 42 18 Port
488 3286 99 18 Nicholson
598 3289 47 16 from

56 3300 31 16 the
101 3302 39 19 spot
148 3302 77 17 selected
239 3307 19 12 as
271 3303 30 17 the
312 3305 39 15 seat
363 3305 20 15 of
397 3305 127 20 Government,
535 3309 18 18 (a
564 3309 80 17 distance

56 3321 60 20 nearly
124 3326 19 12 as
157 3325 50 17 great
219 3328 20 12 as
253 3324 39 16 that
303 3324 46 16 from
364 3324 42 17 Port
421 3326 59 21 Philip
491 3329 17 14 to
524 3328 76 21 Sydney,
609 3330 35 17 and

56 3342 75 15 without
138 3347 35 16 any
179 3347 63 13 means
250 3345 20 16 of
279 3345 78 16 internal
365 3347 166 21 communication,)
545 3352 29 17 yet
585 3350 15 16 it
612 3350 32 17 has

56 3365 57 13 arisen
121 3367 19 11 in
148 3368 10 10 a
164 3364 27 15 far
202 3366 70 18 greater
282 3366 68 20 degree,
358 3366 46 17 from
416 3368 31 15 the
458 3369 71 20 neglect
540 3374 19 12 or
566 3371 79 17 indiffer-

56 3385 43 12 ence
106 3384 18 15 to
136 3383 30 16 the
176 3387 85 14 interests
272 3387 20 16 of
296 3387 36 16 this
344 3387 105 17 settlement
460 3390 108 18 manifested
579 3392 23 18 by
614 3392 30 17 the

57 3401 210 22 Lieutenant-Governor.

78 3423 45 16 That
130 3429 44 15 your
184 3426 103 18 petitioners
298 3428 47 16 have
353 3429 100 16 submitted
459 3430 19 16 in
490 3430 67 19 silence
571 3434 19 15 to
606 3432 37 17 this

57 3443 74 20 neglect,
144 3446 78 20 trusting
236 3448 18 15 to
265 3448 30 15 the
308 3448 67 21 justice
392 3450 20 16 of
424 3450 31 16 the
470 3451 124 19 Government
609 3454 35 16 and

56 3468 109 29 ftlfwS?
259 3468 15 16 B
276 3469 32 16 rUa
309 3469 6 15 i
316 3473 11 11 n
336 3471 18 14 t0
362 3470 67 16 extend
435 3472 19 15 t0
462 3472 36 16 this
503 3473 105 18 settlement
613 3476 31 15 the

56 3486 34 14 full
97 3486 65 15 benefit
169 3486 19 15 of
195 3487 67 16 British
270 3490 89 20 authority
366 3491 34 16 and
407 3491 33 16 law
446 3497 4 13 ;
462 3493 36 16 and
505 3493 75 21 relying,
588 3495 19 17 in
613 3496 31 16 the

57 3508 52 13 mean
117 3507 49 17 time,
174 3510 48 16 upon
233 3508 30 16 the
273 3511 48 17 great
329 3512 73 16 natural
414 3512 110 22 advantages
531 3515 20 16 of
558 3516 30 15 the
597 3516 43 21 posi-

142 3526 21 16 ch
160 3526 56 32 .,^ey
226 3528 36 17 had
273 3530 81 20 selected,
367 3535 48 17 upon
426 3533 31 16 the
469 3538 137 18 arrangements
617 3537 28 17 for

57 3546 95 20 supplying
159 3547 29 15 the
197 3548 101 19 settlement
306 3550 42 16 with
362 3553 108 20 population,
483 3556 37 16 and
534 3561 49 14 upon
597 3557 47 17 their

57 3570 39 12 own
108 3571 65 16 energy
182 3568 36 15 and
230 3573 124 15 perseverance
369 3574 18 14 to
397 3578 50 14 carry
459 3575 49 17 them
522 3577 78 15 through
612 3578 31 14 the

56 3587 101 16 difficulties
165 3589 17 14 to
190 3589 60 16 which
256 3589 101 22 theymight
364 3592 22 16 be
393 3596 82 19 exposed;
487 3580 33 33 b^t
527 3582 115 36 tha^vitWn

57 3611 11 11 a
75 3609 60 15 recent
146 3609 67 19 period,
222 3610 57 15 active
293 3615 90 14 measures
395 3614 46 16 have
453 3616 43 16 been
509 3618 55 16 taken
578 3620 24 17 by
613 3620 31 16 the

58 3627 212 22 Lieutenant-Governor,
278 3631 38 16 that
324 3634 54 17 must,
386 3634 16 16 if
414 3635 73 18 allowed
500 3639 19 15 to
530 3639 69 17 remain
611 3644 34 13 un-

56 3648 84 19 checked,
148 3650 58 15 inflict
221 3655 11 10 a
243 3650 43 20 deep
296 3652 35 16 and
342 3652 66 22 lasting
417 3655 60 21 injury
484 3662 47 16 upon
544 3644 100 35 yZrpeti-

57 3671 176 36 theiriememenf
244 3676 11 15 y
262 3671 30 17 thC
367 3677 51 14 *
419 3679 10 12 a
454 3677 9 15 f
475 3678 13 16 U
489 3683 16 12 *
517 3663 129 39 PpW*

77 3710 46 17 That
131 3712 29 15 the
175 3711 207 19 Lieutenant-Governor
397 3715 33 16 has
444 3716 106 19 despatched
564 3726 11 9 a
586 3723 56 12 vpmpl

57 3732 18 14 to
84 3731 40 16 Port
132 3731 98 18 Nicholson
237 3733 28 16 for
274 3733 30 17 the
312 3738 76 16 purpose
395 3736 21 16 of
420 3721 91 38 offering
518 3740 36 17 free
561 3723 83 40 J?

55 3752 19 15 to
82 3752 30 16 the
120 3754 38 14 seat
165 3753 20 15 of
198 3754 126 19 Government,
338 3755 20 16 of
367 3756 97 20 emigrants
475 3759 21 16 of
505 3760 32 17 the
550 3758 94 21 labourhVc

56 3771 50 20 class,
115 3773 35 16 and
157 3773 33 16 has
199 3774 78 17 directed
284 3775 31 16 the
326 3775 122 21 employment
459 3778 19 16 of
487 3779 31 17 the
529 3782 114 18 subordinate

55 3792 128 18 functionaries
197 3795 20 16 of
230 3795 119 17 Government
357 3798 19 14 at
384 3797 36 16 this
429 3797 50 21 place
491 3801 18 15 to
522 3801 65 18 induce
599 3804 44 16 such

56 3816 96 18 emigrants
159 3816 18 15 to
185 3815 50 16 leave
244 3816 35 16 this
291 3817 104 17 settlement
407 3818 28 16 for
446 3819 30 17 the
491 3821 48 16 town
551 3824 19 15 of
584 3824 51 15 Auclt

55 3833 51 20 land;
114 3835 86 20 although
209 3836 39 16 well
256 3837 84 20 knowing
347 3837 41 16 that
396 3839 30 16 the
434 3841 38 14 cost
479 3840 21 17 of
508 3841 111 19 EmiMation
627 3846 19 14 of

54 3854 51 17 these
112 3860 73 15 persons
193 3858 19 14 to
219 3857 42 16 Port
269 3857 97 17 Nicholson
373 3858 33 17 has
419 3860 45 16 been
477 3861 83 20 defrayed
568 3866 76 15 entirely

54 3876 33 15 out
93 3876 19 15 of
120 3876 32 16 the
161 3881 66 16 money
237 3878 46 19 paid,
294 3883 19 12 as
326 3879 55 16 above
393 3880 109 20 mentioned,
518 3883 23 18 by
547 3888 45 13 your
599 3886 36 15 ueti

54 3897 66 15 twners
127 3897 36 15 and
171 3897 66 19 others,
245 3899 18 15 to
271 3899 28 16 the
308 3899 45 17 New
364 3900 80 17 Zealand
452 3901 98 22 Company;
563 3906 36 16 and
605 3907 40 16 that

52 3917 17 15 it
73 3920 15 11 is
92 3916 46 17 from
143 3917 29 16 the
177 3917 62 18 labour
244 3919 19 16 of
265 3920 45 16 such
312 3924 75 16 persons
392 3921 52 17 alone
449 3922 39 16 that
491 3927 46 16 your
540 3926 104 17 petitioners

52 3941 35 11 can
94 3939 63 19 expect
165 3942 35 16 any
206 3940 62 16 return
275 3940 26 18 for
312 3941 30 17 the
350 3945 66 17 money
423 3942 42 21 they
472 3943 47 18 have
528 3944 84 20 invested
623 3947 20 17 in

54 3959 30 14 the
92 3959 127 21 undertaking.

680 1162 30 20 To
719 1162 36 19 the
764 1162 78 20 Editor
853 1163 26 25 of
890 1164 34 19 the
960 1164 53 19 New
1023 1163 92 20 Zealand
1127 1163 88 20 Gazette
1225 1163 43 20 and

834 1190 125 26 Wellington

707 1216 48 25 Sir,
786 1217 18 20 A
814 1217 66 26 slight
890 1219 150 25 acquaintance
1050 1219 50 19 with
1115 1217 37 20 the
1168 1217 98 20 Colonial

678 1244 61 20 Press
749 1245 43 19 will
801 1245 53 20 have
865 1246 69 20 shewn
944 1252 41 19 any
995 1252 47 18 one,
1055 1247 46 19 that
1110 1245 115 25 generally,
1237 1245 28 19 its

677 1272 122 25 prominent
812 1273 54 24 vice,
876 1273 19 19 is
905 1273 97 26 personal
1011 1274 114 25 scurrility,
1135 1272 88 20 evinced
1238 1272 28 26 by

678 1306 12 13 a
700 1302 99 18 constant
804 1306 38 14 use
849 1301 24 19 of
878 1301 70 25 vulgar
955 1301 42 19 aud
1006 1300 138 27 vituperative
1154 1300 110 25 language,

677 1327 50 26 only
735 1328 83 19 natural
828 1330 23 17 to
861 1329 61 19 those
929 1328 46 20 who
985 1329 52 19 have
1044 1329 68 19 culled
1122 1327 55 20 their
1183 1327 82 20 flowers

677 1354 25 20 of
710 1355 114 25 eloquence
834 1355 23 20 in
865 1362 57 13 some
930 1355 137 26 Billingsgate
1077 1362 24 14 or
1110 1355 69 19 other.

707 1381 107 25 Hitherto,
834 1389 24 13 or
867 1383 40 20 but
914 1389 50 20 very
974 1384 101 25 recently,
1086 1389 28 14 no
1126 1388 49 14 man
1193 1383 70 22 could,

677 1409 50 20 with
744 1410 85 24 justice,
841 1411 34 25 lay
885 1411 46 19 that
945 1411 33 19 sin
996 1413 22 17 at
1033 1417 55 18 your
1097 1411 52 19 door
1157 1418 5 15 ;
1173 1410 40 19 but
1229 1410 35 19 the

677 1437 84 25 leading
771 1438 83 20 articles
861 1438 42 20 and
912 1438 92 20 remarks
1013 1438 24 20 of
1045 1438 36 20 the
1089 1438 39 20 last
1136 1439 42 18 two
1188 1443 76 20 papers

677 1464 27 20 do
714 1468 46 20 not,
776 1464 11 20 I
803 1465 70 26 grieve
889 1468 22 17 to
929 1471 42 20 say,
983 1469 96 22 support,
1090 1466 22 19 in
1121 1470 37 19 my
1166 1464 97 27 opinion,

677 1492 47 19 that
743 1492 108 20 character
870 1493 34 20 for
919 1493 111 25 becoming
1046 1492 132 21 moderation
1194 1492 70 19 which

676 1525 53 20 your
743 1520 131 25 publication
891 1520 41 20 had
948 1521 122 25 previously
1079 1519 94 21 merited.
1204 1519 60 20 With

676 1546 36 21 the
722 1549 65 18 terms
796 1548 52 19 used
858 1548 29 26 by
896 1548 35 19 the
945 1548 155 25 Requisionists
1109 1546 34 20 for
1157 1553 12 13 a
1183 1548 81 19 certain

676 1574 72 26 public
758 1576 100 24 meeting,
875 1576 19 19 it
903 1581 47 19 may
966 1576 26 19 be
1003 1576 85 24 argued,
1107 1574 46 20 that
1169 1580 44 20 you
1222 1574 43 20 had

676 1602 90 26 nothing
785 1604 22 18 to
825 1603 34 23 do,
870 1604 42 18 and
926 1609 53 14 were
996 1603 73 20 bound
1079 1606 22 17 to
1118 1602 67 19 insert
1196 1602 66 24 them,

675 1630 39 19 but
723 1630 37 19 the
771 1630 101 26 adoption
882 1630 25 20 of
920 1631 51 19 such
984 1633 78 17 cannot
1077 1632 103 24 promote,
1191 1629 41 20 but
1245 1630 18 19 is

675 1658 64 19 much
748 1664 58 13 more
815 1658 67 26 likely
891 1661 22 17 to
922 1658 75 24 defeat,
1008 1658 36 19 the
1055 1658 67 25 object
1133 1657 36 19 the
1182 1657 81 26 parties

675 1685 41 20 had
725 1685 23 19 in
758 1685 59 20 view.

704 1712 11 20 I
724 1712 55 20 raise
789 1719 27 13 no
827 1713 98 26 question
940 1713 64 20 about
1013 1713 36 19 the
1060 1713 78 19 offence
1151 1713 112 25 presumed

675 1742 23 17 to
708 1740 53 19 have
770 1741 53 19 been
834 1741 128 23 committed,
976 1740 84 25 against
1074 1741 36 19 the
1124 1739 101 20 interests
1241 1740 25 20 of

675 1769 43 19 this
728 1769 129 24 settlement,
868 1769 28 25 by
903 1768 35 20 the
948 1769 143 19 Government
1099 1767 132 20 Authorities
1242 1769 21 18 at

676 1796 111 20 Auckland
796 1802 25 14 or
834 1796 109 20 elsewhere
972 1795 36 20 the
1025 1794 137 21 information
1180 1800 31 14 we
1229 1801 34 13 are

675 1824 110 27 possessed
799 1824 24 19 of
837 1823 64 26 being
916 1829 22 14 so
948 1823 127 26 incomplete
1086 1821 40 21 and
1140 1822 122 25 disjointed,

676 1852 46 20 that
732 1857 27 13 no
770 1852 121 19 reasonable
907 1857 75 20 person
999 1851 62 19 could
1077 1849 65 25 safely
1159 1849 66 19 admit
1239 1856 24 14 or

676 1879 54 26 deny
740 1879 25 20 it.
783 1879 43 20 But
836 1879 20 19 if
863 1886 29 13 we
902 1879 39 20 feel
948 1878 68 25 justly
1025 1877 116 27 aggrieved,
1153 1877 30 19 let
1194 1883 33 18 us,
1241 1880 22 17 at

675 1907 59 23 least,
747 1906 105 26 complain
862 1913 22 13 as
894 1906 117 26 gentlemen
1022 1913 5 16 ;
1048 1912 31 14 we
1096 1904 35 21 did
1147 1906 40 18 not
1204 1910 59 14 come

675 1934 71 20 hither
760 1937 22 16 to
802 1934 58 19 shew
878 1934 127 26 proficiency
1019 1934 23 19 in
1060 1933 36 19 the
1111 1938 37 14 use
1163 1932 25 19 of
1205 1932 58 21 black

676 1963 68 22 letter,
755 1961 29 26 by
794 1962 142 24 bespattering
945 1961 87 20 officials
1045 1961 23 18 in
1084 1966 37 14 our
1131 1960 132 20 intercourse

675 1990 51 18 with
736 1989 65 23 them,
813 1995 24 12 or
848 1992 20 15 to
879 1988 48 19 sink
938 1994 38 13 our
986 1988 117 19 characters
1117 1989 21 17 to
1157 1987 37 19 the
1210 1987 53 20 level

677 2015 23 19 of
708 2021 12 13 a
729 2014 58 26 body
796 2014 24 20 of
828 2015 95 24 scolding
933 2015 168 19 washerwomen.

703 2042 66 20 What
778 2042 63 25 good,
851 2042 23 19 in
885 2048 38 13 our
933 2047 54 16 case,
996 2047 38 14 can
1044 2041 72 20 follow
1123 2040 36 20 the
1169 2041 93 25 applica-

676 2070 45 19 tion
739 2070 25 19 of
777 2070 137 19 nicknames?
1181 2072 23 15 to
1218 2070 43 19 wit.

676 2097 55 20 Who
741 2103 40 14 can
791 2097 57 20 shew
860 2098 36 19 the
905 2096 112 26 advantage
1028 2096 25 20 of
1060 2097 52 20 such
1121 2095 141 26 descriptions

677 2131 21 14 as
827 2126 71 24 ruling
922 2125 85 20 coteries
1074 2125 34 19 the
1152 2124 112 19 Auckland

804 2152 79 20 Where
893 2152 17 20 is
921 2152 35 20 the
973 2152 94 26 delicacy
1084 2152 24 19 of
1122 2150 80 26 stating
1217 2152 46 19 that

676 2186 30 14 we
717 2180 55 20 shall
782 2186 52 14 soon
841 2180 26 20 be
875 2180 88 26 Captain
974 2180 109 19 Hobson's

677 2214 39 14 one
731 2208 47 20 who
795 2207 70 20 would
884 2207 70 20 rather
994 2207 60 19 cheat
1115 2206 51 19 than
1183 2207 80 25 employ

677 2236 72 19 labour
760 2235 93 25 honestly
860 2241 54 14 come
1002 2234 32 20 To
1044 2235 26 19 be
1081 2239 46 15 sure
1136 2233 35 20 the
1181 2234 81 20 threat-

677 2263 52 20 ened
745 2263 138 26 punishment
893 2263 24 19 of
931 2263 59 19 these
1001 2262 131 25 delinquents
1143 2261 43 19 will
1195 2261 27 19 be
1236 2268 26 13 an

677 2291 106 26 appalling
792 2291 94 26 example
896 2293 22 17 to
928 2290 34 20 the
971 2289 65 20 world
1044 2292 5 17 1
1061 2289 40 20 and
1111 2291 57 17 must
1178 2292 85 22 operate

677 2325 23 13 as
709 2325 27 13 an
747 2319 62 19 awful
823 2318 95 25 warning
933 2320 22 18 to
973 2318 28 19 all
1016 2318 52 19 such
1077 2324 5 17 ;
1099 2316 41 20 and
1150 2316 52 25 they
1216 2323 47 20 may

675 2347 47 19 well
732 2346 88 20 tremble
830 2348 23 17 at
862 2345 55 20 their
926 2345 142 26 approaching
1086 2344 49 23 fate,
1145 2344 35 19 for
1191 2347 5 8 '
1201 2346 5 9 '
1215 2345 49 25 they

677 2380 36 14 are
722 2374 21 19 to
760 2374 23 19 he
791 2373 74 26 flayed
874 2373 61 24 from
945 2373 45 19 heel
999 2374 21 18 to
1033 2371 103 26 windpipe
1147 2373 51 18 .'.'.'"
1229 2372 33 20 No

677 2401 84 20 wonder
780 2402 47 19 that
846 2401 36 20 the
899 2400 71 20 letters
976 2400 38 20 B.
1028 2399 28 21 L.
1074 2400 32 23 8.,
1127 2405 23 13 so
1168 2400 95 25 recently

676 2429 89 20 chalked
774 2435 58 19 upon
849 2435 39 13 our
904 2427 56 20 walls
977 2427 42 20 and
1036 2427 69 24 doors,
1116 2426 78 20 should
1211 2427 52 20 have

675 2457 54 19 been
753 2456 128 26 mistakenly
905 2456 49 19 read
1128 2453 28 26 of
1175 2454 88 21 London

704 2512 27 20 In
740 2512 29 19 all
778 2512 62 19 sober
857 2511 136 23 seriousness,
1003 2510 104 24 however,
1118 2508 11 20 I
1145 2509 41 26 beg
1196 2512 22 17 to
1230 2517 33 13 as-

675 2545 48 14 sure
738 2546 50 19 you,
808 2539 41 24 Sir,
866 2540 46 19 that
929 2545 12 12 a
957 2538 129 26 respectable
1102 2536 43 20 and
1160 2543 53 20 very
1229 2538 33 19 in-

675 2567 96 20 fluential
779 2567 126 26 proportion
911 2566 23 20 of
941 2566 36 20 the
985 2566 92 24 settlers,
1086 2566 26 19 do
1122 2566 39 19 not
1170 2571 93 20 approve

676 2595 24 19 of
705 2595 42 19 this
759 2594 53 27 style
820 2602 6 16 ;
842 2594 18 20 it
869 2601 39 13 can
919 2594 25 19 do
955 2599 28 14 no
994 2594 62 25 good,
1065 2594 38 19 but
1112 2599 56 20 may,
1179 2593 19 20 it
1206 2595 57 18 must

675 2623 33 23 be,
719 2622 25 20 of
750 2628 52 20 very
807 2621 105 26 injurious
921 2621 111 25 tendency.

703 2650 21 20 It
734 2649 18 21 is
767 2652 38 18 not
818 2656 13 13 a
841 2649 96 26 question
948 2649 23 19 of
980 2654 56 14 mere
1048 2650 65 25 party,
1126 2654 24 13 or
1162 2654 52 14 even
1225 2654 37 14 en-

675 2678 70 25 tirely,
762 2677 94 20 whether
872 2677 47 20 that
934 2676 74 26 highly
1023 2675 131 21 honourable
1171 2675 42 20 and
1230 2682 22 14 re

674 2705 107 26 spectable
789 2705 65 25 body,
865 2705 36 19 the
916 2704 52 20 New
985 2704 94 20 Zealand
1096 2703 111 26 Company
1222 2703 42 20 and

675 2733 54 20 their
740 2733 91 23 settlers,
842 2733 53 19 have
903 2732 54 20 been
966 2731 47 20 well
1027 2738 24 14 or
1060 2731 118 21 ill-treated
1188 2731 30 25 by
1228 2731 35 20 the

675 2761 144 19 Government
835 2760 43 20 and
896 2760 27 20 its
940 2759 174 26 representatives
1126 2766 5 15 ;
1146 2759 18 19 it
1180 2758 21 20 is
1220 2759 43 26 pri-

674 2788 76 25 marily
761 2788 10 20 I
788 2788 72 20 rather
877 2787 68 24 think,
963 2787 93 20 whether
1073 2794 38 16 we,
1121 2786 31 26 by
1160 2787 104 26 pursuing

675 2816 41 19 this
723 2815 80 20 violent
809 2821 83 17 course,
901 2820 33 14 are
945 2816 38 19 not
992 2815 77 26 letting
1079 2815 106 19 ourselves
1194 2813 68 26 down,

675 2842 110 26 damaging
804 2848 40 14 our
862 2842 106 24 interests,
979 2842 42 20 and
1037 2841 165 27 compromising
1217 2842 47 21 that

675 2870 120 25 reputation
805 2869 70 20 which
884 2875 30 14 we
928 2869 92 26 brought
1028 2869 56 20 from
1100 2868 107 26 England,
1223 2870 41 19 and

675 2896 68 20 which
754 2903 30 13 we
794 2902 49 20 may
851 2896 85 26 indulge
952 2903 59 14 some
1027 2896 76 21 honest
1112 2896 61 25 pride
1182 2896 24 20 in
1216 2903 47 14 sus-

675 2924 89 24 taining.

703 2950 23 21 If
740 2951 37 20 the
791 2951 79 26 parties
886 2950 92 21 referred
988 2954 21 17 to
1021 2954 21 17 at
1053 2950 111 21 Auckland
1173 2951 28 20 be
1211 2952 52 20 such

675 2985 23 13 as
712 2978 116 24 described,
847 2979 50 25 they
912 2978 43 21 will
971 2979 26 20 be
1013 2980 81 25 greatly
1110 2978 108 26 delighted
1235 2985 29 15 on

674 3006 100 26 perusing
790 3013 54 19 your
860 3008 72 18 recent
948 3007 100 20 numbers
1057 3015 6 16 ;
1079 3007 37 20 but
1129 3013 59 13 some
1199 3006 24 21 of
1238 3013 25 14 us

675 3040 34 14 are
719 3034 99 26 disposed
828 3036 23 17 to
865 3034 91 26 suspend
968 3041 39 13 our
1014 3034 119 26 judgment,
1145 3034 42 20 and
1197 3036 23 18 to
1230 3041 33 14 re-

674 3062 55 20 frain
739 3061 55 20 from
803 3062 102 26 blaming,
915 3062 23 19 in
948 3062 53 20 such
1016 3069 12 13 a
1039 3062 73 24 strain,
1123 3067 59 21 upon
1193 3062 70 20 defec-

674 3090 41 20 tive
726 3089 106 21 evidence.

702 3117 27 21 So
740 3117 33 21 far
789 3123 23 14 as
823 3117 90 26 Captain
924 3116 89 21 Hobson
1028 3117 18 20 is
1056 3116 122 27 implicated
1188 3117 24 19 in
1227 3117 36 20 the

674 3145 75 26 charge
767 3145 24 20 of
808 3145 94 25 enticing
921 3150 56 20 away
992 3145 36 19 the
1046 3145 108 20 labourers
1170 3144 93 26 brought

673 3173 71 20 hither
761 3173 27 25 by
804 3179 40 13 our
860 3173 131 24 Emigration
1011 3171 68 25 Fund,
1093 3171 19 25 I,
1124 3172 35 20 for
1169 3178 49 18 one,
1230 3179 33 13 am

673 3200 94 21 inclined
776 3202 23 18 to
804 3200 71 23 think,
883 3201 46 19 that
933 3199 19 21 if
960 3200 37 20 the
1006 3202 77 18 matter
1091 3201 27 19 be
1126 3200 137 25 represented

673 3230 23 18 to
712 3228 46 20 him
775 3228 23 20 in
816 3234 12 12 a
844 3234 77 19 proper
937 3234 53 19 way,
1011 3227 26 21 he
1110 3227 82 25 readily
1202 3228 61 19 make

674 3256 29 20 all
710 3255 35 20 the
756 3255 86 20 amends
853 3255 67 19 which
930 3255 36 19 the
976 3261 47 13 case
1032 3262 50 19 may
1091 3255 83 25 require
1183 3262 6 16 ;
1205 3255 19 19 if
1235 3255 28 20 he

674 3283 26 20 do
710 3284 47 23 not,
764 3283 26 19 he
800 3283 44 19 will
853 3282 54 20 belie
916 3281 36 21 the
962 3282 108 20 character
1079 3281 98 26 assigned
1187 3284 23 18 to
1218 3282 44 20 him

673 3317 58 20 upon
742 3310 56 25 good
808 3310 115 25 authority.

701 3338 46 20 The
757 3337 97 26 Marquis
867 3338 23 19 of
900 3336 128 27 Normanby,
1041 3338 23 19 in
1082 3336 123 27 addressing
1218 3337 44 20 Go-

673 3371 77 15 vernor
761 3365 89 20 Hobson
860 3371 57 19 upon
927 3364 32 20 his
969 3365 154 25 appointment,
1136 3364 69 21 under
1214 3365 48 20 date

674 3393 24 20 of
706 3394 36 19 the
759 3392 50 20 14th
820 3392 90 26 August,
922 3392 61 24 1839,
999 3394 64 19 states
1115 3391 22 20 It
1152 3392 19 20 is
1185 3392 77 21 almost

674 3420 132 27 superfluous
816 3422 23 17 to
849 3426 45 19 say,
904 3420 53 24 that,
967 3420 24 19 in
1001 3420 101 26 selecting
1117 3426 45 19 you
1176 3420 35 19 for
1226 3420 36 20 the

674 3448 109 25 discharge
799 3447 24 20 of
835 3447 42 20 this
888 3447 58 25 duty,
957 3446 11 20 I
984 3447 53 21 have
1053 3448 53 20 been
1115 3447 80 25 guided
1207 3447 28 27 by
1250 3455 13 12 a

672 3476 48 19 firm
729 3475 92 20 reliance
832 3480 28 14 on
875 3481 53 19 your
937 3474 136 26 uprightness
1089 3474 40 21 and
1147 3474 41 21 fair
1205 3476 56 19 deal-

764 3502 68 26 Again
887 3502 106 26 Reposing
1002 3502 37 20 the
1049 3503 79 20 utmost
1139 3502 123 21 confidence

673 3531 23 19 in
714 3536 53 20 your
783 3529 112 26 judgment
913 3529 41 20 and
973 3530 45 19 zeal
1036 3530 34 20 for
1090 3531 38 19 her
1148 3530 114 27 Majesty's

673 3558 86 24 service,

701 3585 63 20 From
779 3585 36 19 the
832 3584 53 20 New
901 3584 93 20 Zealand
1010 3584 128 27 Company's
1155 3585 107 27 principal

673 3615 69 24 agent,
752 3612 91 21 Colonel
852 3612 123 24 Wakefield,
987 3614 21 18 at
1018 3618 13 14 a
1048 3612 71 27 public
1129 3613 95 26 meeting
1233 3620 29 14 on

674 3641 35 19 the
718 3641 51 19 19th
779 3640 84 25 August
872 3640 48 24 last,
929 3646 32 14 we
975 3639 43 20 had
1027 3641 36 19 the
1072 3639 110 26 following
1192 3640 69 21 decla-

673 3668 70 20 ration
816 3667 56 20 That
888 3667 26 20 he
933 3667 40 20 had
992 3667 56 21 been
1066 3667 95 21 received
1180 3667 29 26 by
1225 3669 36 20 the

673 3695 110 20 Governor
792 3695 23 19 in
825 3694 36 20 the
870 3696 56 18 most
936 3696 113 20 courteous
1059 3700 94 19 manner,
1162 3695 42 19 and
1215 3696 47 20 that

672 3723 27 19 he
708 3728 42 14 was
760 3721 88 21 assured
857 3722 46 19 that
913 3721 35 21 the
961 3721 89 27 feelings
1066 3723 23 19 of
1098 3721 92 26 Captain
1201 3722 60 22 Hob-

672 3756 39 14 son
721 3749 90 21 towards
822 3749 36 20 the
875 3749 82 20 settlers
973 3749 24 19 in
1013 3749 44 21 this
1073 3749 56 23 Port,
1141 3749 68 21 under
1225 3751 36 20 the

672 3777 95 26 auspices
787 3776 25 20 of
833 3776 37 20 the
894 3775 115 28 Company,
1029 3783 54 13 were
1102 3775 24 20 of
1148 3777 37 19 the
1204 3780 58 18 most

672 3804 91 26 friendly
773 3805 82 19 nature.
885 3803 50 20 This
949 3810 112 14 assurance
1078 3803 41 21 and
1138 3804 123 21 conviction

672 3831 25 20 of
704 3831 36 20 the
751 3831 112 26 sympathy
872 3831 26 19 of
910 3830 89 27 Captain
1016 3830 89 21 Hobson
1122 3830 35 20 for
1172 3832 37 19 the
1227 3839 33 14 re-

673 3858 105 26 spectable
797 3858 131 25 community
947 3858 23 20 in
991 3857 51 21 Port
1060 3858 127 24 Nicholson,
1206 3865 55 15 were

672 3884 94 21 founded
776 3891 28 13 on
813 3884 37 21 the
858 3884 122 26 knowledge
988 3884 70 21 which
1067 3885 33 20 his
1113 3884 148 28 Excellency's

673 3912 166 20 condescension
856 3912 25 19 in
900 3911 112 26 admitting
1036 3912 88 20 Colonel
1143 3912 119 23 Wakefield

672 3941 23 18 to
704 3939 34 20 his
748 3938 157 26 acquaintance,
915 3938 42 20 had
966 3938 89 21 enabled
1067 3939 44 20 him
1121 3941 23 18 to
1154 3940 75 21 obtain
1239 3942 25 20 of

672 3966 33 20 his
724 3965 101 21 kindness
844 3965 23 21 of
881 3965 59 20 heart
955 3966 41 19 and
1013 3969 82 22 nature,
1116 3966 33 21 his
1169 3967 49 21 love
1240 3969 24 20 of

533 54 102 31 THE
651 54 113 31 NEW
782 55 229 33 ZEALAND
1028 57 228 35 GAZETTE
1277 59 99 31 AND
1397 60 326 34 WELLINGTON
1747 63 288 32 SPECTATOR.

702 137 49 17 That
761 138 45 16 such
820 138 115 20 proceedings
947 142 23 12 on
981 139 32 15 the
1026 141 41 18 part
1080 140 21 16 of
1112 138 30 17 the
1155 139 116 16 Lieutenant-

683 158 69 16 Govern
755 161 25 16 or,
788 158 18 16 in
814 159 110 20 attempting
936 161 18 14 to
962 160 93 16 withdraw
1061 160 47 16 from
1115 159 36 17 this
1160 160 42 15 Port
1209 160 63 16 labour

683 179 27 15 for
717 178 58 16 which
783 179 31 15 the
821 179 113 17 landowners
945 180 19 16 of
973 180 30 16 the
1015 180 70 16 district
1097 180 50 16 alone
1161 180 47 16 have
1223 181 47 19 paid,

682 198 72 16 involve
762 203 20 12 so
790 200 43 19 deep
841 204 24 11 an
872 200 59 20 injury
938 201 17 15 to
963 200 32 16 the
1002 200 113 20 settlement;
1128 203 30 12 are
1166 205 19 11 so
1193 201 77 19 unjusti-

683 219 51 16 fiable
741 219 19 16 in
768 219 97 21 principle;
879 221 36 15 and
925 221 63 15 violate
995 225 21 11 so
1023 221 104 20 essentially
1134 221 32 15 the
1176 221 41 15 first
1227 221 45 20 duty

683 240 20 15 of
708 244 11 11 a
726 240 123 17 Government
856 241 18 16 to
881 241 24 16 its
919 241 82 20 subjects,
1009 241 40 16 that
1060 241 21 16 of
1089 240 98 22 protection
1201 242 19 15 to
1230 245 42 16 pro-

682 261 51 19 perty
741 261 36 15 and
783 261 90 20 industry,
881 262 40 16 that
928 265 44 16 your
978 261 105 20 petitioners
1095 261 33 17 feel
1140 261 76 16 assured
1227 266 45 15 your

683 281 97 16 honorable
787 281 62 16 House
854 281 35 17 will
897 281 83 17 interfere
987 283 19 15 to
1013 284 69 18 protect
1089 281 46 18 their
1138 281 92 20 interests,
1235 283 36 15 and

683 303 18 15 to
709 306 42 11 save
759 302 50 16 them
816 302 47 16 from
870 307 35 16 any
913 303 94 20 repetition
1012 302 20 17 of
1036 302 32 18 the
1075 304 59 19 injury
1138 302 44 16 thus
1188 302 83 17 inflicted

683 326 48 16 upon
739 322 57 17 them.

705 342 47 17 That
759 343 31 16 the
797 342 78 21 position
886 343 21 17 of
915 344 30 16 the
955 345 49 15 town
1015 344 21 16 of
1042 342 100 21 Auckland,
1155 342 79 18 selected
1248 344 24 20 by

684 363 31 16 the
722 363 209 18 Lieutenant-Governor
942 368 19 12 as
974 364 32 16 the
1017 367 39 14 seat
1066 365 20 16 of
1095 365 127 17 Government,
1230 368 42 13 ren-

683 385 41 15 ders
731 384 15 16 it
753 384 105 20 impossible
865 385 40 16 that
912 385 29 16 the
1166 384 103 19 Nicholson,

683 405 36 16 and
726 405 30 16 the
764 405 131 21 neighbouring
904 405 83 19 districts,
995 410 34 12 can
1036 407 22 15 be
1067 405 67 17 carried
1142 409 24 12 on
1173 405 47 16 from
1230 405 40 17 that

682 426 56 20 place,
746 426 77 16 without
830 426 90 20 inflicting
926 430 47 15 upon
981 426 31 16 the
1020 427 71 16 settlers
1100 428 17 15 at
1128 426 37 16 this
1171 427 42 18 port
1219 426 51 16 those

683 446 45 16 evils
735 446 60 16 which
802 446 47 16 arise
857 447 47 15 from
915 446 58 16 denial
981 447 20 15 of
1008 447 66 19 justice
1079 452 3 14 ;
1098 447 45 16 from
1151 447 53 19 delay
1211 447 19 15 in
1239 447 31 15 the

683 466 160 21 accomplishment
850 468 20 15 of
879 468 24 15 all
911 467 59 20 public
976 468 131 20 undertakings
1112 473 4 14 ;
1123 466 47 17 from
1177 467 94 20 imperfect

682 492 21 11 or
709 487 118 21 inapplicable
834 487 109 21 legislation;
954 489 36 15 and
997 488 47 16 from
1054 489 94 19 ignorance
1161 492 19 12 or
1191 487 80 17 indiffer-

683 512 43 12 ence
735 512 24 12 on
767 509 31 15 the
807 509 41 20 part
854 510 20 15 ot
880 509 47 16 their
934 509 56 16 rulers
995 513 5 14 ;
1012 507 37 18 and!
1055 509 40 16 that
1105 508 30 17 the
1145 508 58 16 whole
1211 508 19 16 of
1239 508 31 16 the

684 529 68 17 Middle
770 529 35 16 and
824 529 90 16 Southern
931 529 71 16 Islands
1023 530 36 19 are;
1078 530 20 16 in
1114 528 53 17 those
1183 531 87 18 respects,

683 549 86 20 similarly
777 549 147 17 circumstanced.

704 570 46 17 That
761 574 45 16 your
816 570 106 21 petitioners
933 574 29 13 are
977 570 87 21 perfectly
1070 570 68 19 willing
1148 570 19 16 to
1178 570 63 20 defray
1246 569 24 17 all

682 591 32 16 the
724 595 89 15 expences
825 591 21 16 of
858 596 11 11 a
879 591 122 17 Government
1011 593 19 14 to
1041 591 22 17 be
1074 590 109 17 established
1194 593 20 14 at
1227 591 43 16 Port

682 611 105 20 Nicholson,
794 612 27 16 for
828 612 32 16 the
872 612 87 16 Southern
970 613 41 18 part
1018 616 17 12 oi
1048 612 31 16 the
1088 611 56 17 North
1152 611 70 19 Island,
1233 611 37 17 and

682 633 27 16 for
716 633 31 16 the
755 633 114 16 settlements
876 633 39 16 that
922 636 41 16 may
969 633 22 16 be
1003 633 89 16 hereafter
1102 632 69 17 formed
1178 636 49 16 upon
1239 633 31 16 the

683 653 67 17 Middle
758 653 36 16 and
801 653 89 16 Southern
898 653 75 19 Islands,
981 653 16 16 if
1003 653 42 20 they
1049 658 30 11 are
1088 652 92 17 furnished
1188 652 44 17 with
1239 654 31 15 the

682 678 94 16 necessary
783 678 58 16 power
850 675 20 15 of
879 674 68 20 raising
957 678 64 16 money
1028 678 49 17 upon
1087 675 29 15 the
1124 673 79 21 security
1209 673 20 16 of
1239 674 30 16 the

680 696 61 15 future
749 699 79 12 revenue
835 694 21 16 of
863 695 30 16 the
900 694 66 21 Colony
972 695 29 16 for
1007 695 39 16 that
1053 698 82 18 purpose.

745 715 50 17 Your
813 715 106 21 petitioners
937 715 88 17 therefore
1042 720 45 17 pray
1104 719 45 17 your
1171 715 98 17 honorable

766 736 68 19 House,
847 736 40 17 that
898 740 62 13 means
971 741 42 15 may
1023 737 23 15 be
1058 737 54 16 taken
1124 737 18 15 to
1154 740 64 12 secure
1225 740 45 16 your

765 757 106 20 petitioners
884 757 70 20 against
968 761 36 16 any
1021 757 61 17 future
1097 758 90 19 attempts,
1201 760 22 12 on
1238 757 31 16 the

764 779 41 17 part
816 777 20 17 of
849 778 31 16 the
900 778 208 17 Lieutenant-Governor
1125 777 20 16 of
1163 777 45 16 New
1225 777 45 16 Zea-

764 798 43 16 land
822 801 19 13 to
859 799 72 20 deprive
948 799 30 16 the
997 798 72 18 settlers
1084 800 19 16 at
1113 798 42 16 Port
1169 798 98 16 Nicholson

765 819 21 16 of
796 819 31 16 the
841 819 91 17 labourers
942 820 39 16 who
993 819 46 17 have
1054 821 46 15 been
1114 819 78 20 brought
1208 820 18 14 to
1237 819 32 16 the

766 840 66 20 Colony
840 841 18 15 at
865 840 47 16 their
919 844 77 16 expense
1001 845 5 14 ;
1018 841 36 16 and
1061 841 40 16 that
1109 844 11 13 a
1126 843 42 13 sum
1179 839 20 16 of
1204 843 66 16 money

764 865 42 17 may
816 862 23 15 be
855 863 27 14 set
894 863 53 18 apart,
960 863 31 15 out
1003 861 20 16 of
1035 861 31 17 the
1080 860 55 17 funds
1147 862 18 14 to
1172 860 23 16 be
1209 860 60 16 raised

764 882 23 20 by
794 882 31 16 the
833 882 46 16 sales
891 882 20 16 of
919 882 42 16 land
971 883 19 15 at
1002 882 96 17 Auckland
1108 881 35 17 and
1155 881 23 16 its
1186 880 81 21 vicinity,

764 903 37 15 and
812 903 71 20 applied
894 904 19 15 to
925 903 60 20 defray
999 903 30 15 the
1039 906 78 17 expence
1126 902 20 16 of
1151 902 31 16 the
1190 901 79 21 emigra-

764 923 38 16 tion
814 925 19 14 to
845 923 43 16 Port
900 923 97 17 Nicholson
1009 923 20 16 of
1036 928 19 12 as
1063 927 54 17 many
1124 926 75 16 persons
1207 922 20 16 of
1237 922 31 16 the

764 944 96 19 labouring
870 944 45 16 class
928 948 19 12 as
958 948 43 16 may
1011 944 21 16 be
1042 943 78 17 induced
1133 944 18 15 to
1162 943 53 16 leave
1229 943 39 16 that

763 966 40 18 part
809 965 25 19 by
840 965 31 16 the
878 965 51 16 offers
937 965 19 16 of
962 965 74 19 Captain
1044 965 80 16 Hobson.

742 984 43 16 And
792 984 42 19 also,
843 984 39 17 that
889 985 18 15 if
912 984 94 17 Auckland
1012 985 15 16 is
1037 986 19 16 to
1064 986 22 16 be
1096 984 98 18 continued
1206 988 19 12 as
1236 984 32 16 the

764 1007 38 14 seat
809 1005 21 16 of
839 1005 127 19 Government,
974 1006 40 15 that
1027 1010 10 11 a
1049 1006 80 20 separate
1143 1005 125 16 Government

762 1030 43 15 may
818 1026 21 16 be
858 1026 108 16 established
984 1028 19 14 at
1020 1026 43 16 Port
1082 1025 96 17 Nicholson
1194 1026 28 15 for
1237 1026 30 16 the

762 1046 91 17 Southern
865 1048 49 18 parts
925 1046 20 16 of
957 1047 30 16 the
999 1047 58 16 North
1068 1045 67 19 Island,
1150 1047 36 15 and
1197 1047 28 15 for
1236 1047 31 16 the

762 1067 58 16 whole
829 1067 20 16 of
855 1068 30 15 the
893 1067 67 16 Middle
968 1068 36 15 and
1016 1068 89 16 Southern
1112 1066 71 17 Islands
1192 1067 21 16 of
1222 1067 45 16 New

762 1087 86 17 Zealand.

741 1108 43 17 And
790 1113 45 16 your
841 1109 104 20 petitioners
952 1109 37 16 will
997 1113 42 12 ever
1046 1114 49 16 pray,
1103 1110 30 16 &c.

1297 144 82 23 justice,
1400 144 41 19 and
1458 144 36 19 the
1513 144 51 26 high
1587 145 87 20 minded
1693 146 189 25 straight-forward

1300 170 89 19 conduct
1397 170 69 19 which
1474 170 153 21 characterized
1635 172 33 20 his

1328 195 24 20 In
1373 197 135 25 considering
1529 198 58 19 these
1608 199 146 24 testimonials,
1775 200 11 20 I
1806 202 76 18 cannot

1299 222 63 26 easily
1371 223 26 20 be
1406 223 92 27 brought
1508 226 22 18 to
1538 225 117 25 stigmatize
1669 226 36 20 the
1714 228 137 25 proceedings
1861 228 21 19 of

1299 250 50 19 such
1359 257 14 12 a
1382 250 73 21 Public
1467 251 83 24 Officer,
1562 252 56 20 until
1630 252 11 20 I
1651 259 33 13 am
1691 253 69 20 better
1770 254 111 24 informed,

1300 283 22 12 as
1331 277 5 11 '
1343 276 124 25 nefarious,'
1475 285 22 13 as
1507 279 97 26 exciting
1611 280 108 26 '^disgust,'
1728 287 22 13 as
1762 281 6 11 '
1775 281 107 26 ungentle-

1298 305 95 23 manlike,
1396 306 6 10 1
1412 306 43 19 and
1464 311 24 14 so
1498 305 58 20 forth
1564 313 4 17 ;
1585 307 42 20 and
1643 307 60 20 when
1714 307 10 20 I
1738 308 56 20 refer
1811 311 23 17 to
1847 308 35 20 the

1300 330 123 27 Prospectus
1433 332 25 20 of
1466 333 36 19 the
1519 333 52 20 New
1587 334 95 20 Zealand
1699 335 95 25 Gazette,
1804 337 42 19 and
1860 335 22 21 of

1299 358 65 20 which
1382 358 10 21 I
1406 359 40 26 beg
1460 362 22 17 to
1498 360 57 20 hand
1568 367 43 19 you
1631 368 27 13 an
1673 363 87 23 extract,
1772 362 10 20 I
1796 369 35 13 am
1844 368 38 14 en-

1299 386 102 25 couraged
1420 389 21 18 to
1459 387 55 25 hope
1531 388 45 19 that
1590 394 14 13 a
1613 389 69 19 better
1698 391 51 17 tone
1763 389 43 21 will
1822 390 60 25 again

1299 414 84 29 pjrevail,
1399 414 34 19 for
1446 420 50 19 you,
1508 414 43 21 Mr.
1562 414 82 26 Editor,
1660 415 75 26 pledge
1744 416 100 26 yourself,
1858 417 24 19 in

1299 440 126 26 conducting
1443 441 25 23 it,
1520 442 53 20 both
1592 445 22 17 to
1631 442 86 20 observe
1737 443 43 20 and
1797 443 85 21 enforce

1299 469 110 18 courteous
1420 468 42 20 and
1471 468 111 27 becoming
1589 469 110 26 language,
1709 469 55 21 from
1774 477 13 13 a
1796 471 86 20 convic-

1298 493 44 20 tion
1363 494 46 21 that
1430 495 99 26 opinions
1545 496 52 20 have
1614 497 76 26 weight
1706 498 80 25 greatly
1808 499 24 19 in
1846 498 36 20 the

1298 520 72 26 degree
1380 522 23 19 in
1411 523 70 19 which
1498 523 50 26 they
1557 530 35 13 are
1608 524 118 26 expressed,
1737 525 52 20 with
1806 526 76 20 decent

1299 549 72 24 regard
1380 553 23 16 to
1413 550 36 22 the
1458 549 89 27 feelings
1554 551 24 19 of

1324 575 50 21 This
1383 577 19 19 is
1414 579 57 18 most
1479 578 103 25 certainly
1590 581 55 17 true.
1667 578 24 20 In
1703 578 35 20 the
1747 578 71 22 infant
1827 581 54 17 state

1299 601 25 20 of
1336 603 43 20 this
1402 604 127 25 settlement,
1543 611 30 13 we
1595 607 79 18 cannot
1697 605 66 21 afford
1784 609 23 17 to
1821 606 60 20 make

1298 630 89 20 enemies
1397 631 22 20 in
1425 631 51 26 high
1486 635 95 22 quarters
1589 640 6 16 ;
1606 638 30 14 we
1646 633 66 25 ought
1719 635 45 21 not,
1775 633 39 20 hut
1824 640 57 19 upon

1298 659 71 24 strong
1378 659 111 25 necessity,
1507 662 22 18 to
1540 659 24 20 be
1580 662 23 16 at
1612 660 57 20 issue
1679 661 49 19 with
1740 660 35 20 the
1786 660 95 20 Govern-

1298 687 57 17 ment
1364 692 6 16 ;
1385 685 18 19 it
1412 686 18 20 is
1441 687 55 22 rash,
1508 687 41 19 and
1564 687 73 26 highly
1652 687 111 26 impolitic,
1774 687 39 20 but
1823 693 58 20 upon

1298 711 51 21 such
1359 713 89 24 ground,
1459 715 22 18 to
1489 714 26 20 be
1526 720 23 14 so
1559 721 5 16 ;
1575 715 42 19 and
1627 715 60 19 while
1698 715 9 19 I
1716 721 34 13 am
1760 720 40 15 one
1810 715 24 19 of
1846 715 35 19 the

1297 737 38 21 last
1350 746 87 19 persons
1453 741 46 19 who
1509 741 69 20 would
1597 741 100 21 advocate
1716 742 85 23 silence,
1821 743 59 19 when

1297 765 93 28 unjustly
1394 768 106 23 attacked,
1507 774 24 14 or
1536 769 93 19 aslavish
1636 769 135 26 suppression
1778 769 24 20 of
1805 769 76 20 honest

1297 792 93 27 feelings,
1404 798 35 23 yet
1449 795 11 20 I
1472 802 31 13 am
1515 796 121 24 convinced,
1647 796 29 25 by
1690 796 133 26 experience,
1834 796 47 20 that

1297 820 49 25 they
1357 821 42 20 will
1408 823 62 19 make
1479 823 37 19 the
1526 823 85 26 deepest
1620 824 132 25 impression,
1764 823 18 20 if
1790 829 90 20 convey-

1296 847 26 19 ed
1331 848 87 20 without
1428 850 36 20 the
1474 850 72 20 choice
1559 850 24 20 of
1596 850 118 26 provoking
1723 850 42 20 and
1775 850 106 26 irritating

1296 874 106 27 language.

1324 902 27 20 As
1359 910 43 19 you
1409 906 57 17 must
1472 904 27 20 be
1505 905 95 20 desirous
1608 905 23 20 of
1639 905 94 25 showing
1739 905 38 20 the
1784 906 96 19 different

1297 929 72 21 shades
1389 930 23 20 of
1429 932 99 24 opinions
1551 932 42 19 and
1615 932 88 25 feelings
1726 938 78 20 among
1827 939 54 19 your

1296 956 83 21 brother
1387 959 89 24 settlers,
1488 959 11 20 I
1509 959 102 20 calculate
1621 965 57 20 upon
1691 965 54 21 your
1754 960 80 26 willing
1846 960 33 19 in-

1296 985 79 19 sertion
1385 985 23 20 of
1416 986 60 20 these
1486 986 151 21 observations.

1403 1013 49 20 And
1462 1014 87 25 remain,
1559 1014 52 20 with
1620 1014 63 19 much
1692 1016 88 24 respect,

1569 1041 79 20 Your's
1656 1042 112 26 sincerely,

1677 1069 173 21 MERCATOR.

1296 1092 101 22 Lambton
1408 1095 68 27 Quay,
1485 1096 50 19 Feb.
1547 1096 33 25 18,
1593 1096 63 21 1841.

1297 1139 27 19 To
1333 1139 35 20 the
1376 1140 78 20 Editor
1463 1141 28 24 of
1500 1142 36 19 the
1573 1141 52 20 New
1635 1142 94 20 Zealand
1741 1142 87 20 Gazette
1838 1141 42 21 and

1450 1169 125 24 Wellington

1322 1193 44 27 Sir,
1399 1194 31 22 A.s
1441 1202 37 19 my
1488 1195 66 21 letter
1564 1195 26 21 of
1597 1196 37 20 the
1642 1195 52 22 18th
1709 1195 68 22 could
1783 1199 40 18 not
1830 1195 49 22 find

1295 1226 59 15 room
1364 1221 23 21 in
1395 1221 43 21 last
1448 1221 80 23 week's
1539 1229 73 20 paper,
1624 1221 31 22 let
1665 1221 61 23 these
1736 1223 43 20 few
1789 1223 62 26 lines,
1862 1223 20 20 if

1294 1253 42 20 you
1347 1247 80 28 please,
1437 1248 28 22 be
1476 1248 130 22 considered
1616 1256 23 14 as
1650 1256 13 14 a
1672 1249 125 26 postscript.

1322 1273 8 21 I
1342 1281 56 15 nave
1408 1282 51 14 now
1470 1275 75 21 before
1556 1282 36 14 me
1606 1275 37 22 the
1653 1279 75 22 report
1738 1275 25 21 of
1775 1275 38 22 the
1829 1283 50 20 pro-

1295 1300 101 28 ceedings
1415 1304 24 18 at
1456 1301 38 21 the
1510 1302 74 27 public
1601 1302 99 27 meeting
1717 1302 26 21 of
1768 1301 37 23 the
1828 1302 48 22 15th

1293 1326 89 27 instant,
1392 1329 146 26 numerously
1554 1328 200 27 andrespectably
1772 1329 107 22 attended

1294 1360 27 14 no
1329 1354 73 27 doubt,
1415 1355 40 21 but
1466 1355 47 21 that
1520 1357 18 19 it
1546 1363 44 13 was
1623 1362 63 14 more
1696 1362 23 15 so
1727 1355 84 23 indeed
1823 1356 54 21 than

1294 1387 42 20 any
1347 1381 70 21 which
1434 1382 40 21 has
1490 1386 39 23 yet
1544 1382 67 22 taken
1627 1382 64 27 place
1706 1383 24 20 in
1746 1382 43 22 this
1805 1383 74 21 settle-

1389 1408 10 21 I
1409 1409 44 26 lieg
1470 1409 113 26 distinctly
1601 1412 22 18 to
1637 1409 61 26 deny
1725 1416 30 14 no
1773 1416 42 15 one
1834 1409 43 22 will

1293 1440 58 16 more
1356 1435 85 28 readily
1446 1435 53 21 than
1505 1435 100 28 yourself
1610 1435 69 21 admit
1687 1436 36 20 the
1730 1437 120 26 propriety,
1857 1437 25 21 of

1293 1467 14 13 a
1315 1460 40 22 fair
1359 1463 176 26 representation
1542 1462 21 22 of
1572 1462 54 22 such
1633 1465 97 23 matters,
1739 1466 23 17 at
1769 1463 30 21 all
1807 1463 70 21 times.

1294 1486 11 22 I
1323 1488 64 22 could
1411 1496 66 14 name
1503 1489 86 21 several
1604 1489 110 26 meetings
1731 1489 72 22 which
1822 1497 57 14 were

1293 1514 64 22 much
1375 1522 61 15 more
1453 1516 145 27 numerously
1615 1515 111 28 attended,
1746 1516 87 22 headed
1849 1517 30 26 by

1293 1540 35 22 the
1349 1542 134 28 Company's
1507 1542 111 28 Principal
1636 1543 81 26 Agent,
1738 1543 45 21 and
1804 1543 72 21 where

1293 1574 40 15 one
1352 1569 135 22 unanimous
1507 1570 84 26 feeling
1615 1569 119 28 prevailed.
1780 1571 37 20 On
1836 1570 43 21 this

1293 1596 106 25 occasion,
1419 1597 18 20 it
1447 1604 44 14 was
1501 1596 120 26 notorious,
1643 1597 47 21 that
1700 1604 12 14 a
1721 1596 84 28 goodly
1815 1604 64 14 num-

1291 1621 37 22 ber
1338 1630 56 14 were
1404 1623 85 25 absent,
1501 1623 154 28 representing
1664 1626 62 24 great
1734 1623 83 22 landed
1827 1624 45 21 and

1293 1649 137 22 commercial
1440 1650 109 26 interests,
1561 1650 50 21 who
1627 1657 59 15 were
1701 1651 98 26 opposed
1810 1655 21 17 to
1843 1654 36 18 the

1287 1676 155 28 proceedings,
1455 1677 45 21 and
1507 1677 17 21 it
1540 1677 80 21 should
1637 1680 41 18 not
1693 1684 28 19 go
1739 1677 59 21 forth
1810 1682 21 16 to
1843 1677 36 22 the

1291 1702 68 22 world
1368 1703 48 21 that
1426 1703 58 21 their
1500 1703 101 22 sanction
1617 1711 24 14 or
1656 1703 147 28 approbation
1820 1712 56 13 were

1293 1728 108 23 obtained.

1321 1756 8 21 I
1340 1764 36 14 am
1386 1756 101 22 inclined
1506 1760 23 18 to
1547 1757 87 22 believe
1653 1757 49 22 that
1719 1765 61 14 some
1796 1757 83 28 parties

1292 1787 72 22 regret
1374 1783 37 22 the
1422 1791 78 14 course
1511 1784 102 27 adopted,
1632 1784 44 21 and
1695 1785 71 20 would
1782 1785 28 21 be
1827 1785 52 26 glad

1292 1813 22 17 to
1322 1814 83 18 retrace
1416 1811 58 21 their
1485 1813 58 25 steps
1552 1819 5 16 ;
1573 1811 75 21 others
1659 1811 112 21 doubtless
1780 1811 59 22 have
1850 1818 28 14 no

1292 1836 44 22 fear
1347 1837 25 21 of
1388 1837 84 26 having
1488 1837 80 28 placed
1583 1837 133 22 themselves
1733 1839 23 20 in
1775 1845 12 14 a
1804 1845 75 20 wrong

1292 1864 100 25 position,
1404 1872 26 14 or
1441 1865 25 21 of
1470 1865 67 26 being
1547 1864 49 22 well
1604 1865 49 21 able
1665 1868 22 17 to
1698 1865 81 21 defend
1789 1865 24 26 it,
1823 1872 55 14 even

1291 1889 78 23 should
1379 1891 36 22 the
1427 1891 118 22 Governor
1555 1899 54 14 soon
1625 1898 81 21 appear
1726 1895 104 24 amongst
1839 1899 33 19 us,

1291 1917 71 22 which
1378 1918 10 21 I
1399 1918 65 21 think
1473 1918 19 21 is
1502 1918 68 27 likely
1580 1922 23 17 to
1612 1919 28 20 be
1651 1917 38 22 the
1701 1926 58 13 case.

1379 1945 10 21 I
1399 1945 88 22 remain
1495 1945 88 27 always,
1596 1952 66 20 yours
1670 1945 153 27 respectfully,

1672 1972 178 22 MERCATOR.

1317 1998 110 21 Lambton
1439 1999 72 20 Quay,
1524 1999 52 20 Feb.
1588 2000 33 19 26,
1632 2000 62 19 1841.

1294 2049 75 24 NEW
1393 2049 118 24 SOUTH
1537 2049 120 24 WALES
1686 2049 73 24 AND
1785 2050 90 25 PORT

1512 2082 151 21 PHILLIP.

1291 2134 63 16 COPY
1378 2134 30 16 OF
1434 2135 15 15 A
1474 2134 131 16 DESPATCH
1629 2135 13 15 1?
1646 2135 52 15 ROM
1723 2134 50 16 THE
1799 2134 78 17 RIGHT

1329 2167 176 17 HONOURABLE
1520 2168 65 15 LORD
1599 2168 67 16 JOHN
1679 2167 109 17 RUSSELL
1801 2169 31 15 TO

1385 2201 139 16 GOVERNOR
1535 2201 40 16 SIR
1587 2201 101 17 GEORGE
1702 2202 78 16 GIPPS.

1559 2227 83 29 Street,
1656 2229 54 22 31st
1724 2227 63 31 May,
1803 2229 72 22 18-10.

1347 2260 54 29 Sir,
1439 2261 50 23 The
1501 2260 64 32 rapid
1577 2261 119 23 extension
1709 2261 24 23 of
1747 2261 130 23 settlement

1292 2301 51 16 aver
1355 2294 38 23 the
1406 2294 88 23 surface
1514 2294 24 23 of
1554 2294 59 23 New
1631 2294 111 28 Holland,
1754 2294 93 23 renders
1859 2294 18 23 it

1291 2327 89 23 natural
1401 2332 23 19 to
1448 2332 82 27 expect
1552 2327 49 24 that
1629 2335 50 15 new
1707 2332 170 26 arrangements

1291 2360 80 23 should
1382 2360 27 23 be
1422 2369 121 23 necessary
1554 2360 36 24 for
1608 2360 37 24 the
1660 2360 181 24 administration
1853 2360 25 23 of

1291 2394 28 22 its
1330 2394 85 24 affairs.
1453 2394 67 24 More
1539 2394 128 31 especially,
1684 2402 23 15 as
1726 2394 94 30 regards
1839 2394 37 23 the

1290 2432 159 26 management
1462 2427 24 24 of
1495 2427 60 29 land,
1569 2428 18 22 it
1600 2427 72 24 would
1684 2427 27 24 be
1730 2427 41 23 but
1782 2435 94 16 reason-

1291 2460 48 24 able
1351 2465 23 19 to
1387 2468 98 24 suppose
1497 2461 49 23 that
1557 2461 38 23 the
1608 2465 86 26 system
1711 2460 75 24 which
1801 2460 76 31 might

1291 2494 136 31 sufficiently
1440 2502 87 15 answer
1538 2495 30 22 its
1579 2502 111 23 purposes
1702 2494 24 23 in
1737 2494 138 31 longsettled

1290 2527 102 30 portions
1406 2528 26 23 of
1441 2527 37 24 the
1491 2533 102 25 country,
1613 2527 81 24 should
1705 2527 28 23 be
1744 2527 46 23 less
1803 2527 73 32 appli-

1291 2561 60 23 cable
1370 2565 23 18 to
1416 2565 72 20 tracts
1509 2561 101 31 recently
1631 2561 114 31 occupied,
1770 2568 26 16 or
1818 2566 22 17 to
1864 2569 13 14 a

1291 2595 102 30 territory
1406 2595 25 23 of
1446 2595 75 23 which
1539 2595 37 23 the
1596 2594 128 24 settlement
1735 2594 41 22 has
1796 2594 47 23 still
1853 2598 23 19 to

1290 2627 26 22 be
1336 2628 84 30 begun.
1458 2628 13 23 I
1490 2628 57 23 have
1568 2628 105 31 required
1691 2627 37 24 the
1747 2628 93 30 opinion
1854 2627 25 23 of

1291 2660 35 23 the
1346 2661 190 24 Commissioners
1557 2661 26 23 of
1606 2661 103 23 Colonial
1730 2660 79 24 Lands
1832 2660 44 23 and

1291 2693 143 32 Emigration
1453 2703 30 14 on
1500 2695 63 23 these
1583 2695 85 31 points,
1695 2694 45 23 and
1762 2693 58 24 have
1839 2701 36 16 re-

1292 2728 74 23 ceived
1378 2736 62 16 more
1460 2728 55 24 than
1533 2736 42 15 one
1594 2732 77 27 report
1688 2728 59 22 from
1766 2727 61 23 them
1846 2735 30 15 on

1292 2761 34 23 the
1339 2761 90 31 subject
1437 2771 5 19 ;
1463 2761 46 24 and
1526 2761 108 31 although
1654 2761 13 23 I
1686 2761 89 23 abstain
1792 2762 35 21 for
1838 2760 37 23 the

1290 2799 91 26 present
1391 2795 59 23 from
1470 2794 138 31 forwarding
1625 2795 65 23 these
1708 2794 132 23 documents
1852 2797 23 19 to

1290 2835 50 23 you,
1352 2828 98 23 because
1463 2836 62 15 some
1540 2833 63 26 parts
1622 2828 25 23 of
1663 2828 61 23 them
1744 2832 82 19 cannot
1845 2827 29 23 be

1291 2862 62 22 acted
1373 2870 28 15 on
1426 2862 97 23 without
1547 2862 130 29 consulting
1695 2861 63 23 other
1784 2860 90 31 depart-

1291 2899 71 19 ments
1382 2895 25 23 of
1423 2895 39 24 the
1480 2895 163 29 Government,
1663 2902 45 23 you
1728 2894 45 23 will
1792 2894 84 23 under-

1291 2928 65 23 stand
1367 2928 49 24 that
1432 2928 57 24 such
1509 2929 111 23 decisions
1634 2936 31 16 'as
1684 2928 12 23 I
1709 2935 36 15 am
1764 2927 72 23 about
1852 2931 22 19 to

1292 2969 83 23 convey
1385 2966 23 19 to
1420 2970 45 23 you
1477 2970 39 16 are
1528 2962 95 31 adopted
1634 2962 25 23 in
1677 2961 134 30 conformity
1822 2960 54 23 with

1291 2995 216 24 recommendations
1519 2995 58 24 from
1590 2995 37 23 the
1641 2994 198 24 Commissioners.

1384 3037 64 16 come
1463 3033 24 19 to
1506 3029 39 23 the
1568 3029 130 23 conclusion
1716 3027 57 29 that,
1792 3027 35 23 for
1844 3026 32 24 all

1291 3069 108 24 purposes
1411 3062 124 24 connected
1547 3062 54 23 with
1613 3062 37 22 the
1663 3060 100 31 disposal
1773 3060 26 24 of
1813 3060 61 29 land,

1291 3096 16 21 it
1317 3095 45 23 will
1375 3095 27 24 be
1415 3096 111 23 desirable
1544 3095 50 24 that
1612 3095 38 23 the
1665 3098 93 27 present
1770 3094 105 30 territory

1291 3128 23 23 of
1322 3128 58 24 New
1392 3129 75 23 South
1581 3128 82 24 should
1680 3127 27 23 be
1726 3126 89 24 divided
1827 3127 47 22 into

1291 3161 61 24 three
1370 3162 93 23 distinct
1478 3163 103 31 portions
1600 3169 24 16 or
1643 3161 107 28 districts,
1770 3159 73 24 which
1861 3159 13 24 I

1290 3202 49 24 may
1352 3195 103 24 describe
1465 3196 73 23 under
1549 3195 39 23 the
1599 3201 80 17 names
1690 3194 25 22 of
1724 3202 14 14 a
1749 3192 124 29 Northern,

1291 3236 12 15 a
1323 3229 97 29 Middle,
1446 3229 45 23 and
1514 3237 14 15 a
1550 3228 115 23 Southern
1687 3226 96 24 district.
1829 3225 47 24 But

1290 3262 67 31 being
1368 3262 103 24 desirous
1484 3266 23 20 to
1518 3262 51 31 give
1590 3262 54 22 time
1662 3260 34 23 for
1714 3267 61 16 some
1787 3259 89 23 further

1290 3295 115 31 inquiries,
1419 3295 14 24 I
1446 3295 107 31 suspend,
1565 3295 36 22 for
1612 3303 13 14 a
1643 3293 64 23 short
1718 3292 105 29 interval,
1836 3300 39 23 my

1291 3328 119 24 directions
1423 3331 31 21 oh
1464 3328 39 24 the
1521 3327 116 25 Northern
1656 3326 98 23 District
1764 3334 6 20 ;
1789 3325 86 32 merely

1290 3361 126 31 observing,
1437 3362 50 23 that
1505 3361 38 24 the
1561 3368 62 15 same
1641 3359 91 31 general
1752 3358 123 32 principles

1290 3396 22 22 in
1328 3395 40 23 the
1386 3395 101 31 disposal
1511 3394 24 24 of
1554 3394 54 23 land
1630 3393 47 23 will
1698 3392 29 23 be
1750 3391 125 32 applicable

1290 3428 61 23 there
1363 3436 25 15 as
1401 3429 64 23 those
1478 3427 74 24 which
1564 3427 14 23 I
1590 3435 37 16 am
1641 3426 68 23 about
1721 3430 23 18 to
1756 3432 118 17 announce

1290 3462 22 22 in
1329 3462 83 30 regard
1430 3466 23 19 to
1472 3461 39 23 the
1535 3460 115 24 Southern
1668 3467 25 16 or
1712 3459 58 24 Port
1789 3458 86 31 Phillip

1290 3495 102 23 District.
1439 3494 68 23 With
1524 3494 45 23 this
1589 3492 98 29 remark,
1706 3492 14 24 I
1738 3491 96 32 proceed
1852 3496 24 18 to

1290 3528 34 23 the
1342 3535 64 16 more
1423 3532 85 27 urgent
1526 3528 104 31 question
1648 3526 26 23 of
1689 3526 131 31 separating
1837 3524 39 23 the

1290 3561 114 24 Southern
1436 3561 60 24 from
1529 3560 39 23 the
1604 3559 89 24 Middle
1726 3566 26 16 or
1782 3557 94 32 Sydney

1290 3594 103 24 District.

1434 3632 44 19 two
1498 3627 99 23 districts
1613 3634 40 16 are
1669 3629 22 19 to
1703 3624 29 24 be
1744 3623 90 24 divided
1843 3623 33 31 by

1290 3661 34 23 the
1353 3660 137 24 boundaries
1515 3660 25 23 of
1566 3658 39 25 the
1632 3663 45 18 two
1705 3657 171 24 southernmost

1290 3695 99 22 counties
1401 3694 26 23 of
1437 3693 58 24 New
1508 3692 75 24 South
1602 3691 84 28 Wales,
1700 3698 25 16 as
1736 3689 140 32 proclaimed

1290 3728 25 30 by
1335 3727 38 24 the
1392 3727 121 24 Governor
1533 3733 28 16 on
1581 3725 39 24 the
1640 3724 58 24 14th
1719 3724 26 23 of
1765 3723 109 28 October,

1292 3763 69 26 1829,
1386 3760 52 29 and,
1460 3759 61 24 from
1543 3758 39 24 the
1604 3758 72 23 limits
1699 3757 25 24 of
1744 3756 65 24 these
1832 3760 43 18 two

1290 3794 107 28 counties,
1416 3794 32 31 by
1467 3792 40 25 the
1524 3791 72 24 whole
1616 3798 78 16 course
1716 3789 25 24 of
1757 3789 39 24 the
1816 3789 60 22 river

1290 3826 188 31 Murrumbidgee
1497 3825 46 24 and
1561 3823 107 32 Murray,
1687 3822 60 24 until
1763 3822 19 24 it
1803 3825 73 19 meets

1290 3860 34 24 the
1349 3864 90 19 eastern
1460 3858 120 30 boundary
1603 3857 25 24 of
1650 3856 73 24 South
1747 3854 127 30 Australia,

1290 3893 71 23 which
1373 3893 24 23 of
1415 3899 79 17 course
1506 3891 51 23 -will
1579 3890 121 24 constitute
1717 3888 39 23 the
1774 3888 60 23 limit
1852 3891 24 20 to

1290 3926 35 25 the
1338 3924 118 25 westward
1467 3924 56 24 both
1540 3923 26 23 of
1582 3923 38 24 the
1639 3921 94 31 Sydney
1743 3921 45 23 and
1804 3920 25 24 of
1837 3920 39 24 the

1291 3961 54 23 Port
1364 3958 87 31 Phillip
1467 3957 106 27 District.
1610 3956 84 31 Seeing
1704 3954 52 24 how
1767 3954 58 24 little
1837 3953 39 24 the

1902 146 99 28 'general
2013 146 108 24 direction
2134 148 25 22 of
2173 148 38 24 the
2231 149 194 31 Murrumbidgee,
2438 150 59 23 after

1910 178 91 31 leaving
2019 179 38 22 the
2074 180 115 31 boundary
2204 181 26 23 of
2246 181 39 24 the
2303 182 94 30 original
2417 182 85 24 settle-

1910 215 74 19 ments
1997 212 24 23 of
2032 211 56 24 New
2100 213 74 23 South
2192 214 87 29 Wales,
2297 215 73 23 varies
2388 215 58 23 from
2465 222 40 16 an-

1910 248 49 18 east
1971 244 45 23 and
2028 249 55 19 west
2100 253 87 22 course,
2205 248 18 21 it
2241 247 41 23 has
2300 247 112 31 appeared
2425 253 23 17 to
2460 255 36 16 me

1910 283 63 16 more
1989 278 134 23 convenient
2142 283 22 18 to
2181 278 81 24 choose
2281 280 44 23 this
2344 280 89 23 natural
2452 280 45 24 and

1910 309 153 23 well-defined
2080 311 116 31 boundary
2215 311 57 24 than
2290 318 22 17 to
2331 313 68 31 adopt
2419 320 13 15 a
2454 321 41 24 pa-

1910 340 65 24 rallel
1987 342 25 23 of
2020 342 103 25 latitude.

2011 382 97 24 appears
2124 381 23 18 to
2165 384 39 16 me>
2220 382 21 18 to
2260 378 28 24 be
2307 378 78 24 shown
2403 379 50 23 that
2471 381 24 21 in

1910 414 49 16 new
1980 408 151 29 settlem.en.ts;
2154 409 57 24 such
2233 417 25 16 as
2281 410 64 24 those
2367 410 128 32 comprised

1911 439 79 25 within
2004 440 38 24 the
2060 446 71 19 more
2141 448 77 18 recent
2236 442 26 24 of
2277 443 38 24 the
2334 448 41 20 two
2394 443 100 25 districts

1910 472 53 23 thus
1982 474 125 30 separated,
2126 482 14 15 a
2158 475 60 23 fixed
2236 476 98 24 uniform
2357 478 62 30 price
2439 485 55 16 con-

1910 506 92 23 stitutes
2013 507 38 23 the
2069 506 51 24 best
2137 508 92 23 method
2246 509 26 23 of
2288 509 117 31 disposing
2422 510 27 23 of
2457 511 38 23 the

1909 539 62 23 land.
2008 539 29 24 In
2069 540 60 23 sales
2151 541 29 30 by
2198 542 90 23 auction
2310 542 39 23 the
2372 542 123 31 purchaser

1909 576 62 19 must
1983 573 52 22 wait
2046 581 13 14 a
2071 574 113 22 sufficient
2196 575 53 22 time
2267 575 34 23 for
2312 574 181 30 advertisement,

1909 605 44 23 and
1973 605 56 23 then
2046 613 52 23 may
2116 606 29 23 be
2163 607 85 23 outbid.
2291 607 38 24 He
2349 609 19 22 is
2387 609 106 30 exposed,

1909 637 120 30 therefore,
2043 643 22 18 to
2077 638 65 31 delay
2154 640 44 22 and
2210 645 22 17 to
2246 642 150 29 uncertainty.
2433 642 62 23 Both

1909 670 24 23 of
1953 671 64 23 these
2039 672 187 24 inconveniences
2247 681 38 15 are
2307 674 103 23 obviated
2427 675 32 30 by
2480 683 15 15 a

1909 703 61 23 fixed
1992 705 70 30 price.
2105 705 51 23 The
2175 705 62 24 fixed
2257 708 60 29 price
2337 707 47 23 also
2403 707 92 23 enables

1908 737 85 29 parties
2022 742 22 18 to
2074 737 75 29 know,
2171 739 77 23 before
2278 740 52 30 they
2358 739 63 24 leave
2450 740 45 24 this

1909 774 102 27 country,
2025 770 39 23 the
2076 776 65 18 exact
2160 772 104 30 quantity
2276 773 24 22 of
2314 773 54 23 land
2387 773 54 30 they
2452 777 42 19 cart

1908 802 55 31 buy.
1999 803 105 24 Another
2123 804 162 24 circumstance
2297 805 79 29 which,
2389 806 35 23 far
2435 806 59 24 from

1908 835 96 31 looking
2015 844 61 23 upon
2088 838 17 21 it
2117 836 53 24 with
2183 845 13 15 a
2210 837 90 31 jealous
2318 846 48 22 eye,
2380 838 12 24 I
2413 839 82 24 should

1909 869 103 23 consider
2024 873 23 19 to
2058 870 28 22 be
2099 878 13 14 a
2131 875 63 25 great
2205 871 131 30 advantage,
2349 873 28 27 is,
2390 871 49 24 that
2451 880 42 16 one

1908 901 99 24 uniform
2018 903 62 30 price
2091 903 37 22 for
2140 903 28 23 all
2187 908 96 26 country
2294 904 64 23 lands
2370 904 93 24 renders
2475 906 18 23 it

1907 934 108 30 probable
2029 934 48 24 that
2088 936 40 22 the
2138 936 51 22 best
2199 936 66 24 lands
2284 937 44 23 will
2340 937 27 23 be
2380 937 68 24 taken
2461 946 32 23 up

1908 967 58 28 first,
1979 968 89 23 instead
2079 969 30 28 of,
2121 969 31 30 by
2164 977 13 15 a
2188 969 119 24 difference
2319 970 25 23 of
2354 974 56 25 cost,
2420 975 73 27 temp-

1909 1000 48 31 ting
1969 1008 95 23 persons
2076 1006 22 18 to
2110 1002 69 30 begin
2190 1002 53 23 v/ith
2255 1003 65 23 lands
2332 1003 25 23 of
2371 1004 123 31 secondary

1909 1033 112 31 qualities.
2058 1035 65 23 Thus
2136 1043 57 15 none
2204 1043 39 15 are
2259 1035 74 24 forced
2345 1037 47 22 into
2403 1044 90 24 prema-

1909 1071 48 19 ture
1971 1068 138 28 cultivation,
2122 1068 41 23 but
2175 1068 38 23 the
2225 1069 103 23 different
2342 1069 65 23 lands
2422 1070 24 23 of
2455 1070 38 24 the

1909 1100 80 30 colony
2020 1108 38 16 are
2088 1102 151 30 successively
2268 1103 106 30 occupied
2402 1104 25 22 in
2455 1103 39 24 the

1907 1134 90 23 natural
2009 1134 65 23 order
2087 1134 26 23 of
2121 1134 58 23 their
2191 1134 145 32 advantages.

1965 1166 76 24 These
2060 1168 184 29 considerations,
2264 1169 109 28 however,
2392 1176 38 16 are
2448 1169 46 24 less

1908 1199 124 31 applicable
2056 1204 22 19 to
2098 1200 61 23 older
2178 1201 106 23 colonies.
2327 1202 29 22 In
2375 1202 63 23 them
2457 1202 37 24 the

1907 1233 111 31 principal
2029 1233 129 24 settlement
2170 1234 41 23 has
2228 1235 90 29 already
2333 1235 71 23 taken
2418 1235 73 31 place,

1907 1265 101 24 whether
2019 1266 50 23 well
2081 1275 25 15 or
2118 1267 32 29 ill,
2164 1267 44 24 and
2219 1267 39 23 the
2271 1268 62 23 order
2346 1268 26 23 of
2392 1276 98 23 occupa-

1908 1299 46 23 tion
1968 1299 19 23 is
1999 1307 29 15 no
2043 1299 81 32 longer
2142 1304 22 19 to
2182 1301 28 22 be
2229 1301 94 23 effected
2340 1301 31 30 by
2387 1301 106 24 Govern-

1907 1336 63 19 ment
1987 1332 70 23 rules.
2107 1332 75 24 There
2200 1333 46 23 will
2271 1334 45 23 also
2338 1333 30 24 be
2389 1342 15 15 a
2425 1334 68 24 much

1907 1369 90 26 greater
2008 1366 124 30 inequality
2144 1367 24 22 in
2179 1366 38 24 the
2229 1367 64 23 value
2305 1367 25 23 of
2345 1367 38 23 the
2394 1367 66 23 lands
2468 1372 24 19 at

1907 1398 38 22 the
1957 1398 100 31 disposal
2070 1399 24 23 of
2109 1399 38 23 the
2158 1399 84 31 public.
2279 1400 51 23 The
2340 1399 68 24 lands
2418 1400 74 24 which

1907 1431 87 23 remain
2005 1432 24 22 in
2041 1431 38 24 the
2091 1432 72 24 hands
2177 1433 24 23 of
2216 1433 38 23 the
2269 1433 161 28 Government,
2444 1435 23 21 in
2479 1442 14 15 a

1908 1464 81 32 colony
2011 1466 23 21 in
2053 1465 39 24 the
2111 1466 175 23 circumstances
2305 1466 25 23 of
2344 1466 58 23 New
2420 1466 75 24 South

1907 1497 86 29 Wales,
2006 1506 54 23 may
2071 1498 28 24 be
2111 1499 108 30 expected
2236 1504 22 18 to
2278 1499 26 23 be
2323 1499 38 23 the
2380 1500 51 23 best
2448 1500 47 24 and

1908 1531 37 22 the
1957 1536 70 18 worst
2034 1541 6 19 ;
2055 1531 38 24 the
2104 1537 74 23 worst,
2192 1532 35 23 for
2234 1532 92 23 obvious
2333 1540 94 16 reasons
2435 1542 6 18 ;
2455 1534 38 23 the

1909 1564 56 27 best,
1986 1572 29 15 on
2033 1569 97 19 account
2152 1565 25 24 of
2201 1565 85 31 having
2307 1565 59 23 been
2387 1567 107 23 reserved

1907 1597 98 24 because
2022 1598 26 23 of
2063 1598 59 23 their
2140 1598 82 31 special
2241 1599 143 30 advantages,
2410 1607 26 15 or
2454 1600 42 23 left

1907 1630 120 31 unbought
2037 1632 97 22 because
2146 1632 24 22 of
2184 1632 38 22 the
2234 1632 56 31 high
2302 1633 61 30 price
2376 1632 52 31 they
2436 1640 58 16 were

1908 1665 109 29 expected
2029 1668 22 19 to
2064 1665 68 23 fetch.
2170 1665 22 23 It
2203 1666 73 22 would
2288 1666 27 22 be
2327 1673 54 23 very
2389 1665 104 29 difficult,

1907 1697 71 23 under
1991 1698 56 23 such
2060 1699 181 27 circumstances,
2262 1703 22 18 to
2295 1706 66 15 name
2375 1706 44 23 any
2431 1699 62 31 price

1907 1730 73 23 which
1994 1731 72 23 would
2078 1736 40 19 not
2136 1731 27 23 be
2182 1731 68 24 much
2269 1736 35 19 too
2323 1731 55 31 high
2398 1732 36 22 for
2452 1740 42 15 one

1908 1763 137 32 description
2069 1765 24 23 of
2118 1764 60 29 land,
2203 1765 105 30 virtually
2330 1765 123 30 rendering
2475 1766 20 22 it

1907 1797 147 23 inaccessible
2067 1802 22 19 to
2108 1805 67 23 every
2194 1805 41 16 one
2245 1807 6 19 ;
2275 1805 24 16 or
2318 1797 45 24 else
2383 1798 69 23 much
2471 1804 22 17 to

1907 1830 41 22 low
1961 1830 36 24 for
2009 1832 38 22 the
2060 1831 71 28 other,
2149 1832 94 29 causing
2261 1832 18 22 it
2297 1835 22 19 to
2337 1830 29 24 be
2384 1832 111 31 instantly

1907 1863 70 24 taken
1990 1872 30 23 up
2032 1865 30 29 by
2073 1865 85 30 parties
2170 1865 49 22 who
2231 1865 74 30 might
2323 1864 56 23 have
2399 1872 28 15 no
2446 1866 49 22 real

1907 1901 61 19 want
1979 1898 25 22 of
2020 1898 24 28 it,
2058 1898 44 22 and
2114 1901 40 19 not
2164 1898 28 23 be
2211 1898 23 22 in
2254 1898 37 22 the
2443 1898 52 23 best

1908 1930 123 23 calculated
2044 1935 21 18 to
2077 1932 100 29 improve
2189 1932 25 25 it,
2227 1939 26 14 so
2266 1939 24 15 as
2298 1936 22 17 to
2333 1931 126 24 contribute
2469 1936 26 19 to

1908 1964 36 22 the
1957 1964 92 29 general
2062 1965 126 30 prosperity
2201 1964 24 23 of
2240 1964 39 23 the
2291 1964 88 31 colony.

2006 1997 38 22 the
2057 1997 83 23 middle
2152 1997 96 27 district,
2261 1997 118 28 therefore,
2401 1997 91 23 includ-

1907 2028 47 31 ing,
1974 2037 25 15 as
2011 2030 18 21 it
2041 2029 61 29 does,
2111 2029 30 23 all
2149 2030 37 23 the
2193 2029 65 24 lands
2267 2029 78 23 within
2352 2029 38 24 the
2398 2029 98 31 original

1907 2061 78 29 limits,
1999 2062 26 23 of
2039 2063 136 28 settlement,
2190 2070 25 16 as
2227 2062 136 31 proclaimed
2382 2063 23 22 in
2421 2064 73 27 1829,

1907 2094 17 23 it
1935 2095 20 22 is
1967 2095 107 24 intended
2086 2096 50 22 that
2147 2096 38 23 the
2197 2095 92 24 method
2301 2095 25 23 of
2341 2095 118 31 disposing
2471 2096 28 23 of

1906 2128 55 23 land
1973 2128 82 24 should
2069 2129 105 23 continue
2194 2133 22 19 to
2234 2129 29 23 be
2282 2129 46 22 sale
2346 2129 31 30 by
2395 2131 99 27 auction,

1907 2162 43 22 and
1963 2162 37 23 the
2012 2167 67 26 upset
2090 2162 61 31 price
2163 2167 22 18 to
2198 2162 27 23 be
2240 2164 50 21 12s.
2310 2169 41 23 per
2370 2169 50 16 acre
2434 2170 24 15 as
2471 2167 23 18 at

1906 2200 99 26 present.
2053 2195 37 23 No
2111 2195 85 31 change
2213 2195 111 23 whatever
2343 2195 20 23 is
2381 2195 67 23 made
2463 2195 32 31 by

1907 2228 37 23 the
1956 2233 92 26 present
2060 2229 146 23 instructions
2218 2228 78 23 within
2307 2228 45 23 this
2366 2228 97 24 district.

1964 2261 48 24 But
2024 2263 22 22 in
2060 2262 37 23 the
2109 2261 57 24 Port
2178 2261 86 32 Phillip
2276 2261 99 24 District
2385 2261 31 23 all
2427 2261 66 24 lands

1906 2294 45 24 will
1963 2296 23 22 in
1998 2296 75 23 future
2084 2296 29 22 be
2126 2303 57 23 open
2195 2299 22 18 to
2236 2295 47 23 sale
2302 2298 23 19 at
2345 2302 29 15 an
2391 2295 101 23 uniform

1905 2329 70 30 price,
1989 2329 88 31 subject
2089 2333 22 19 to
2125 2328 36 23 the
2179 2328 43 23 few
2241 2328 116 31 following
2375 2328 118 31 qualifica-

1907 2362 58 23 tions
1975 2371 5 14 ::

1965 2395 70 24 First.
2072 2395 78 24 Lands
2166 2395 106 31 required
2288 2395 35 23 for
2340 2395 77 31 public
2436 2403 55 24 pur-

1905 2436 75 23 poses,
1994 2437 32 20 as,
2039 2428 35 23 for
2086 2429 111 31 example,
2208 2428 36 23 for
2256 2428 74 28 roads,
2342 2428 35 23 for
2385 2428 75 23 works
2469 2429 25 23 of

1907 2462 98 28 defence,
2024 2462 35 23 for
2070 2466 81 19 streets
2163 2462 43 24 and
2219 2469 60 24 open
2290 2461 76 32 places
2376 2462 23 22 in
2412 2467 80 24 towns,

1906 2494 44 24 and
1961 2495 35 24 for
2006 2494 77 33 public
2095 2494 116 32 buildings
2223 2496 45 23 and
2286 2495 75 31 places
2375 2495 24 23 of
2415 2495 77 31 public

1905 2529 132 28 recreation,
2050 2536 38 16 are
2100 2533 24 19 to
2135 2528 28 24 be
2175 2528 112 24 reserved.
2324 2528 51 23 The
2382 2529 109 23 situation

1906 2562 43 23 and
1962 2566 77 19 extent
2051 2562 25 23 of
2091 2562 63 23 these
2166 2562 151 23 reservations
2326 2561 89 29 should,
2429 2561 63 24 how-

1906 2602 59 21 ever,
1977 2595 28 23 be
2018 2595 93 23 decided
2123 2602 23 16 as
2159 2595 62 30 early
2232 2602 26 16 as
2269 2603 52 23 may
2333 2594 29 24 be
2379 2595 113 30 practica-

1904 2628 45 28 ble,
1970 2628 148 31 consistently
2138 2628 53 23 with
2211 2636 13 15 a
2243 2628 43 24 due
2304 2628 81 30 regard
2402 2628 35 23 for
2453 2628 39 24 the

1905 2661 55 23 ends
1984 2667 22 18 to
2027 2661 29 23 be
2075 2661 99 23 attained
2183 2670 6 20 ;
2210 2661 44 23 and
2275 2661 38 23 the
2335 2668 103 16 reserves
2457 2662 35 23 for

1904 2700 66 25 great
1981 2695 115 31 buildings
2107 2694 45 23 and
2163 2694 76 23 works
2259 2695 25 23 of
2298 2694 93 23 defence
2410 2694 83 25 should

1903 2728 28 23 be
1943 2729 67 22 made
2021 2728 55 23 with
2087 2728 148 23 moderation.
2272 2728 66 30 They
2359 2728 82 24 should
2452 2733 41 19 not

1904 2761 27 24 be
1945 2761 125 24 calculated
2085 2762 26 22 in
2127 2762 114 23 reference
2253 2766 23 19 to
2288 2761 30 23 all
2329 2761 49 23 that
2389 2762 19 22 it
2419 2761 75 31 might

1904 2794 27 23 be
1943 2795 86 23 wished
2041 2798 22 19 to
2074 2795 30 23 be
2117 2794 49 24 able
2178 2799 23 19 to
2213 2799 68 23 erect,
2302 2794 42 23 but
2354 2799 23 18 to
2395 2794 62 24 what
2474 2796 19 22 it

1904 2828 19 23 is
1935 2828 124 23 reasonabe
2071 2832 22 19 to
2106 2835 98 24 suppose
2217 2835 49 21 can,
2286 2828 23 22 in
2320 2828 65 30 point
2398 2828 24 23 of
2437 2828 53 29 fact,

1904 2861 27 23 be
1941 2862 97 28 erected,
2051 2862 45 22 and
2108 2861 46 23 will
2166 2862 27 22 be
2204 2861 72 31 really
2291 2861 107 30 required
2413 2862 80 23 within

1904 2902 62 15 some
1978 2895 133 23 reasonable
2121 2894 87 31 period.

1963 2928 120 31 Secondly.
2121 2928 84 23 Towns
2216 2927 75 24 which
2300 2928 59 23 have
2370 2928 59 24 been
2446 2928 47 24 laid

1905 2966 38 19 out
1956 2961 99 31 already,
2074 2961 46 24 and
2130 2962 24 22 in
2170 2961 75 23 which,
2263 2961 58 24 sales
2340 2961 26 24 of
2375 2962 118 23 town-lots

1904 2994 57 24 have
1972 2994 99 31 actually
2083 2994 69 24 taken
2164 2994 63 31 place
2249 2999 23 19 at
2291 2995 97 28 auction,
2408 2994 84 24 should

1905 3029 105 22 continue
2028 3032 23 19 to
2069 3028 29 23 be
2118 3027 48 23 sold
2183 3028 31 30 by
2225 3027 51 24 that
2292 3027 100 24 method.
2430 3028 62 23 Mel-

1904 3062 85 22 bourne
2001 3060 45 24 and
2058 3060 188 24 Williams-town
2253 3060 45 23 will
2304 3060 41 23 fall
2356 3060 79 24 within
2445 3061 45 23 this

1903 3094 119 32 principle.

1962 3128 30 23 In
2003 3127 84 31 regard
2095 3131 24 19 to
2128 3126 63 24 other
2203 3127 135 28 town-sites,
2351 3127 39 23 the
2398 3128 93 29 general

1904 3161 49 24 rule
1966 3162 24 22 in
2005 3168 50 16 new
2074 3161 99 23 districts
2192 3160 83 23 should
2292 3160 29 23 be
2340 3164 22 19 to
2380 3160 69 24 make
2461 3169 30 16 no

1903 3195 151 23 reservations
2064 3194 36 23 for
2112 3193 49 23 that
2171 3201 107 23 purpose,
2296 3193 45 24 and
2352 3201 29 15 no
2394 3194 96 24 distinc-

1904 3229 60 22 tions
1977 3228 24 23 of
2015 3228 61 30 price
2090 3234 24 16 or
2125 3227 65 22 mode
2203 3227 24 23 of
2237 3227 54 28 sale,
2304 3228 123 30 excepting
2438 3227 54 32 only

1904 3262 24 22 in
1940 3261 82 31 regard
2040 3265 23 18 to
2082 3260 39 23 the
2140 3260 54 23 sites
2213 3260 26 23 of
2255 3265 70 19 towns
2344 3260 72 31 likely
2429 3265 22 19 to
2462 3261 29 23 be

1904 3295 37 22 the
1954 3298 61 19 seats
2027 3293 25 23 of
2066 3302 14 15 a
2090 3293 59 23 local
2160 3293 182 24 administration
2354 3293 26 24 of
2394 3302 97 22 govern-

1904 3331 70 25 ment,
1998 3335 26 15 or
2036 3326 46 23 else
2093 3327 56 22 sites
2161 3334 29 15 on
2201 3327 62 30 good
2274 3326 119 29 harbours,
2417 3327 74 23 which

1904 3368 52 23 may
1965 3361 29 22 be
2006 3359 110 31 expected
2126 3363 23 19 to
2160 3360 95 23 become
2267 3359 154 24 considerable
2440 3368 51 15 sea-

1903 3398 72 27 ports.
2016 3392 145 29 Melbourne,
2186 3392 20 23 if
2220 3393 20 22 it
2262 3393 45 23 had
2328 3392 59 24 been
2410 3393 82 24 settled

1904 3434 70 21 anew,
1994 3425 75 24 would
2087 3426 58 23 have
2163 3426 58 23 been
2241 3434 28 16 an
2286 3427 103 23 instance
2413 3427 26 23 of
2453 3427 39 23 the

1904 3460 83 23 former
1996 3469 5 19 ;
2022 3459 104 24 Twofold
2139 3458 50 32 Bay
2201 3459 45 24 and
2257 3459 105 24 Western
2370 3460 59 23 Port
2438 3467 53 23 may

1904 3493 109 31 probably
2025 3492 72 24 afford
2109 3492 115 31 examples
2238 3493 25 23 of
2278 3492 37 24 the
2329 3491 76 25 latter.

1964 3526 24 24 It
2007 3525 47 24 will
2072 3525 88 31 depend
2177 3533 30 16 on
2225 3525 39 24 the
2283 3526 121 23 discretion
2415 3526 26 23 of
2452 3526 38 23 the

1904 3560 78 23 officer
1992 3559 174 31 administering
2177 3558 37 24 the
2225 3563 149 26 government
2389 3563 26 19 at
2427 3559 61 24 Mel-

1904 3592 85 24 bourne
2001 3596 23 19 to
2036 3592 125 23 determine
2171 3592 62 23 what
2245 3592 52 23 sites
2310 3591 58 23 shall
2378 3591 30 23 be
2415 3599 26 16 so
2453 3600 37 15 re-

1904 3625 87 30 served,
2002 3625 44 23 but
2055 3625 29 24 he
2097 3629 61 19 must
2173 3624 140 24 understand
2324 3624 49 23 that
2391 3625 18 23 it
2427 3625 19 23 is
2464 3629 24 19 to

1904 3659 27 23 be
1943 3658 58 24 done
2012 3658 55 24 with
2079 3658 69 23 much
2168 3658 98 23 caution.
2302 3657 14 23 I
2335 3665 35 15 am
2389 3657 100 25 inclined

1904 3697 22 18 to
1938 3691 68 25 think
2018 3691 50 24 that
2086 3691 63 23 there
2167 3690 83 24 should
2265 3694 40 19 not
2319 3690 29 23 be
2361 3698 63 16 more
2434 3691 56 23 than

1904 3730 44 19 two
1960 3725 57 24 such
2029 3726 55 22 sites
2095 3723 105 24 reserved
2218 3724 24 22 in
2261 3723 37 28 all,
2316 3723 90 23 besides
2426 3723 62 24 Mel-

1903 3759 87 23 bourne
1999 3757 45 25 and
2055 3757 196 28 Williams-town,
2263 3755 44 24 and
2314 3763 60 16 none
2384 3764 40 15 are
2431 3761 21 19 to
2460 3757 29 23 be

1902 3791 108 24 reserved
2020 3790 89 24 inland-
2143 3789 13 24 I
2166 3789 88 24 believe
2265 3789 48 22 that
2320 3788 40 24 the
2366 3789 122 24 establish-

1902 3828 64 20 ment
1978 3824 26 24 of
2017 3823 103 30 villages-,
2132 3822 45 23 and
2187 3822 60 22 their
2257 3820 94 31 gradual
2370 3824 120 22 extension

1902 3858 49 23 into
1974 3862 81 22 towns,
2077 3863 55 23 may
2151 3855 64 23 there
2232 3854 28 23 be
2278 3853 42 24 left
2337 3854 52 24 best
2406 3860 23 18 to
2448 3855 39 25 the
2497 3863 3 6 '

1904 3891 124 30 enterprise
2040 3889 44 23 and
2091 3888 124 31 judgment
2225 3887 26 23 of
2264 3886 145 26 individuals.

1963 3923 75 24 There
2050 3923 21 22 is
2083 3929 14 16 a
2113 3921 138 28 distinction,
2262 3920 111 29 however,
2386 3921 74 24 which
2471 3922 19 23 it

1903 3958 21 22 is
1945 3963 120 23 necessary
2088 3958 23 19 to
2133 3953 100 25 mention
2255 3953 59 24 here.
2363 3953 29 25 In
2415 3958 73 20 towns
