3300 4360
1543 3528 124 19 VISITORS'
1680 3529 63 18 LIST.

1561 3575 44 17 The
1617 3575 111 18 LANGHAar.

1451 3601 106 19 Mcsdames
1573 3602 106 21 Malvahill,
1698 3603 74 20 Brown,
1798 3604 51 18 Auck-

1429 3624 44 17 land
1480 3624 4 25 ;
1498 3625 80 20 Hobart,
1589 3625 123 24 Wellington.
1726 3627 66 17 Misses
1801 3627 59 21 Betts,

1431 3648 59 21 Witys,
1501 3648 82 22 Sydney.
1601 3649 70 17 Messrs
1680 3650 107 20 Mulvaliill,
1795 3650 65 21 Baker,

1430 3670 101 21 Dennison,
1538 3671 91 20 Madden,
1636 3672 81 23 Wright,
1725 3672 62 21 Clark,
1794 3674 16 16 B

1430 3693 76 20 Turner,
1517 3694 100 18 Auckland
1624 3693 4 24 ;
1643 3695 115 22 Spadaccini,
1766 3696 44 17 Mil'-

1431 3716 76 23 bidgee;
1521 3717 68 21 Tyson,
1599 3718 92 17 Mamaku
1698 3724 5 14 ;
1716 3719 68 23 Large,
1797 3716 4 26 ]

1431 3740 113 21 Matakana;
1570 3740 85 22 Kiiaber,
1681 3742 82 21 Paeroa;
1797 3743 65 20 Grant,

1432 3763 99 21 Glasgow;
1558 3763 64 20 Davis,
1647 3764 86 23 Sydney:
1761 3765 101 22 Brcmmer,

1431 3785 101 21 Adelaide;
1558 3786 77 21 Pennel,
1667 3788 92 20 Thames;
1788 3789 74 19 Brown.

1431 3808 84 20 Matata;
1530 3810 77 20 Arthur,
1615 3810 127 23 Wellington;
1756 3811 109 22 Hallowell,-

1432 3832 94 16 Dunedin.

1561 3879 82 17 Geyser
1659 3879 79 18 Hotel,

1455 3909 106 17 Mesdames
1597 3910 95 23 Gillately,
1734 3911 117 23 Wellington
1860 3919 7 14 ;•

1434 3931 141 23 Schaunisland,
1588 3933 95 22 Germany
1693 3939 5 11 :
1711 3934 81 22 Fowlds,
1803 3932 50 20 Auck-

1433 3955 45 16 land
1485 3955 4 27 ;
1497 3956 119 23 Armstrong,
1627 3956 82 23 Sydney.
1719 3958 66 17 Misses
1793 3958 74 24 Spragg

1434 3978 84 15 Huslem.
1543 3979 98 18 Auckland
1650 3986 5 14 ;
1674 3980 84 23 Keaney,
1787 3982 65 22 Taupo
1862 3978 3 26 ;

1552 4002 49 21 ;land
1610 4002 3 22 ;
1650 4003 71 21 Marks,
1749 4004 116 18 Melbourne.

1434 4029 68 12 Messrs
1511 4025 97 22 ilitching,
1624 4026 66 20 Peake,
1697 4026 50 22 Heyi

1434 4047 95 17 Australia
1539 4047 4 22 :
1558 4048 134 21 Cruickshand,
1703 4049 66 18 Hari—

1499 4076 17 12 -2:.
1533 4071 105 21 Auckland;
1660 4072 69 18 Marks.
1745 4073 110 17 Melbourne
1864 4071 3 23 ;

1435 4100 65 13 ivemt,
1525 4094 90 19 Bobbins,
1637 4095 120 23 Armstrong,
1781 4096 74 22 Sydney
1864 4094 4 24 ;

1436 4116 141 21 Schaunisland,
1605 4118 106 22 Germany;
1730 4118 66 22 Baber,
1820 4119 49 17 Tau-

1950 149 89 19 Bbent's
2051 149 111 17 Bathgate
2175 148 78 17 House.

1907 182 107 16 Mesdames
2021 179 98 20 McEnnis,
2123 179 124 22 Wellington;
2255 178 50 23 Lang-

1884 205 59 22 ridge,
1954 205 71 17 Nelson
2032 202 4 25 ;
2050 204 63 18 Bates,
2123 202 57 20 Lane,
2200 202 107 21 Wanganui
2314 202 3 25 :

1886 228 77 21 McKee,
1979 226 86 22 Sydney:
2086 225 52 18 Goss,
2155 225 75 19 Brown,
2247 225 60 17 Christ-

1884 251 82 19 churcli;
1993 250 62 19 Shaw,
2085 248 100 20 Adelaide;
2216 248 101 18 Fountain,

1884 270 131 23 Queensland;
2029 272 67 21 Burry.
2112 270 75 22 Maqkv,
2204 270 56 22 Leys,
2277 271 30 16 Git-

1884 298 29 16 tos
1935 296 32 23 (2),
1987 294 115 20 Hammond,
2124 294 110 25 Auckland;
2251 294 66 19 Taine,

1884 319 136 18 Kohimarama
2034 316 4 23 ;
2074 317 84 19 Corbett,
2183 316 117 18 Waitekauri
2314 316 3 23 ;

1884 343 67 20 Shroff,
1962 341 97 19 Otalmhu.
2075 340 65 18 Misses
2150 339 63 21 Clark,
2223 339 94 23 Glasgow;

1884 365 89 20 Graham,
1995 365 106 18 Patterson,
2124 362 93 24 Simpson,
2251 363 66 19 Curry,

1883 389 78 22 AVhitly,
1973 388 67 19 Shroff,
2058 386 108 20 Auckland;
2187 385 80 19 Siddells
2285 385 32 23 (2),

1883 412 98 18 McEnnis,
1992 410 66 20 Lewis,
2069 409 110 19 MeGowan,
2189 409 117 23 Wellington
2313 409 4 23 ;

1883 435 62 19 Shaw,
1955 433 89 18 Adelaide
2052 432 4 22 ;
2077 432 73 19 Faram,
2165 432 83 17 Hawkes
2265 432 41 22 Bay
2313 432 4 22 ;

1883 458 74 17 Brown.
1968 455 104 22 Taranaki;
2086 456 46 19 Fux,
2147 455 111 22 Kingsford.
2274 456 33 17 Bel-

1882 481 42 20 latt,
1946 479 96 23 England.
2079 479 29 16 Dr
2131 479 80 19 Russell,
2230 479 86 20 Ireland;

1882 504 70 16 Messrs
1962 503 56 17 Shaw
2025 502 33 22 (2),
2073 501 122 23 Coolgardie;
2215 501 102 20 Fountain,

1883 525 119 21 Queensland
2009 524 4 22 ;
2023 526 54 18 Goss,
2087 524 124 19 Chrisehnreh
2218 524 4 22 ;
2236 524 81 22 Harper,

1882 550 57 19 Roth,
1948 550 69 21 Burry,
2027 548 69 21 Mucky
2106 547 32 23 (2).
2149 548 53 21 Leys,
2213 547 103 21 CummL.s,

1882 573 68 19 Gittos,
1961 572 78 20 Mahon,
2049 571 61 21 Scaly,
2122 570 115 22 Hammond,
2248 571 58 16 Afkin-

1882 602 40 12 son,
1933 595 109 18 Buchanan,
2053 593 106 21 Patterson,
2169 594 66 22 Curry,
2242 593 4 23 •
2253 594 63 19 Stone,

1882 619 72 20 Hei'on,
1982 617 110 18 Auckland;
2122 617 89 22 Cropper,
2229 616 87 23 Sydney;

1882 642 87 17 Thomas,
1980 640 116 23 Greymouth
2104 639 4 24 ;
2123 639 54 18 Frost
2187 639 33 23 (2),
2234 640 71 21 Napier
2312 639 4 24 ;

1883 665 71 19 Suttee,
1965 663 118 23 Onchunga;
2098 663 67 17 Faram
2183 663 32 22 (2).
2235 663 82 17 Hawkes

1882 688 54 22 Bay;
1960 687 96 18 Maxwell,
2083 683 98 27 Dunedin;
2212 683 104 22 Plowman,

1882 710 101 23 England;
1994 710 61 19 Slaue,
2063 710 63 19 India;
2140 709 68 18 Shroff,
2219 710 97 18 Otahuhu;

1882 733 75 22 Taylor,
1967 734 90 20 Thames;
2071 733 46 17 Rev.
2124 733 52 19 Ross,
2185 733 131 22 Invercargill;

1882 757 82 17 Masters
1973 756 78 22 Whitly,
2061 755 105 18 Auckland.

1985 802 59 18 Lake
2056 802 72 18 House
2139 802 78 17 Hotel.

1905 834 106 17 Mesdames
2021 833 116 20 Bloomfield,
2148 833 72 21 Clarke,
2235 833 80 23 George,

1883 856 111 23 Auckland;
2017 857 66 19 Thorn,
2098 856 89 23 Tydney;
2209 856 106 23 MdVeagh,-

1882 880 72 17 Paeroa
1962 886 5 15 ;
1989 880 76 20 Adams,
2075 880 80 16 Thames
2163 879 3 22 ;
2181 879 81 18 Walker.
2279 880 24 17 Co-

1882 903 63 17 lombo
1954 910 5 13 ;
1992 903 80 22 Marley,
2099 903 116 22 M'asterton..
2249 903 66 17 Misses

1882 926 58 22 Reay,
1951 926 80 24 George,
2043 921 110 22 Auckland:
2167 922 88 23 Collisho',
2265 926 38 17 Lon-

1882 949 44 17 don.
1960 950 51 16 Hon.
2020 949 27 18 W.
2058 950 24 16 K.
2093 949 73 18 Siinms,
2176 950 70 16 Messis
2255 949 60 17 Smith

1882 972 106 20 Noltenins,
2025 972 82 20 Jerome,
2143 972 29 17 W.
2202 972 112 22 Australia.;

1883 995 72 18 Clarke,
1967 995 32 23 (2),
2009 995 79 23 George,
2099 995 137 19 Marchesseau.
2253 995 50 18 Flem-

1882 1019 40 20 ing,
1933 1018 85 21 Wslkins,
2028 1018 98 17 Aucklaud
2134 1018 4 22 ;
2153 1019 65 18 Thorn,
2230 1018 84 22 Sydney;

1882 1041 69 21 Ellam,
1962 1041 86 21 Stewart,
2059 1042 65 21 Wiley,
2135 1042 110 21 Molyueux,
2256 1042 59 17 South

1882 1065 64 16 Africa
1953 1065 4 20 ;
1973 1065 135 19 Bntterworth,
2121 1065 99 20 Dunedin;
2242 1065 73 20 Harris,

1882 1087 97 24 McVeagh
1990 1087 33 23 (2),
2034 1088 71 17 Paeroa
2114 1087 3 24 ;
2132 1087 61 21 Slane,
2202 1088 112 20 Wanganui;

1882 1111 80 18 Walker,
1988 1111 97 18 Edwards,
2110 1110 79 23 Captain
2215 1111 93 18 McLaren
2311 1110 4 23 j

1882 1134 101 18 Colombo;
2009 1134 69 18 Oliver,
2101 1133 66 21 Usher,
2189 1134 126 22 Edinburgh;

1881 1157 74 20 Leckie,
1965 1157 131 17 Winnkirkbv.
2108 1157 122 23 Wellington;

2019 1203 83 18 Mokoia
2115 1203 62 17 View.

1905 1237 70 16 Messrs
1984 1236 95 24 Drysdall,
2090 1236 99 22 Maohado,
2201 1237 58 19 Scott,
2269 1238 35 17 Wil-

1881 1260 35 19 kie,
1928 1259 86 22 Baildon,
2022 1260 97 22 Sampson,
2127 1259 67 21 Smith,
2201 1260 114 21 Rosamond,

1882 1282 87 19 Wallace,
2104 1283 36 17 Pee
2155 1283 32 23 (2),
2204 1284 110 19 Auckland;

1882 1306 74 20 Brown,
1968 1306 82 20 Gordon,
2065 1306 75 22 Tiiupo;
2160 1307 52 19 Parr,
2229 1307 85 21 Timaru;

1881 1329 88 18 Wallace,
1980 1329 87 18 Dunedin
2075 1329 4 21 ;
2090 1329 114 21 O'Sullivan,
2213 1330 101 18 Johnston,

1882 1352 109 20 Stevenson,
2002 1352 135 21 Coromftndel;
2150 1354 81 19 Salmon,
2240 1353 63 17 Hamil-

1882 1376 31 16 ton
1922 1375 4 22 ;
1941 1375 67 22 Smith,
2018 1375 101 22 McQuaid,
2131 1376 91 21 Thames;
2235 1377 79 17 Mar*in,

1881 1398 93 22 Paparoa.

1882 1448 57 23 THE
1960 1449 55 22 HOT
2032 1449 98 22 LAKES
2148 1448 148 24 CHRONICLE

2068 1495 12 11 AND

1983 1531 109 19 Tourists'
2109 1532 100 23 Journal.

1916 1590 144 24 SATURDAY,
2068 1590 116 26 JANUARY
2200 1596 16 20 2,
2228 1596 50 17 1897.

1988 1665 71 18 GUID
2076 1664 66 18 NEW

1906 1717 31 24 By
1947 1717 35 18 the
1992 1716 108 25 foregoing
2116 1716 45 19 title
2183 1723 26 12 pre
2225 1722 21 13 at
2266 1724 47 12 ouce

1880 1743 95 25 proclaim
1998 1749 37 12 our
2061 1742 121 26 nationality
2207 1743 41 19 and
2277 1745 36 17 ottr

1881 1769 70 25 hearty
1971 1769 104 24 greetings
2090 1773 21 14 to
2127 1775 36 12 our
2178 1769 79 18 friends
2273 1769 40 19 and

1880 1798 123 21 supporters.
2031 1795 40 18 We
2082 1794 49 20 wish
2146 1795 55 18 them
2212 1795 27 19 all
2249 1802 13 12 a

1880 1829 82 19 Bright
1962 1828 2 21 1
1972 1835 41 13 and
2030 1828 132 20 Prosperous
2178 1829 53 19 New
2247 1829 66 20 Year.-

1879 1863 39 19 and
1930 1867 19 14 to
1960 1863 57 18 those
2029 1863 43 18 who
2083 1862 37 19 fcol
2136 1863 87 20 inclined
2240 1867 21 16 to
2273 1864 30 19 dif-

1879 1891 30 17 fer
1920 1890 48 18 'with
1978 1896 37 12 uiir
2026 1896 47 17 poor
2093 1888 70 20 efforts
2179 1893 20 15 to
2219 1890 94 25 properly

1878 1923 10 10 r
1901 1922 81 18 present
1993 1921 11 13 a
2014 1916 57 24 place
2083 1914 63 20 which
2162 1916 16 18 is
2189 1916 92 19 destined
2294 1919 19 15 to

1878 1942 82 19 become
1977 1943 33 17 the
2049 1942 41 24 Spa
2131 1942 22 17 of
2172 1942 35 18 the
2223 1942 90 19 civilised

1880 1968 61 18 world
1955 1974 29 11 wo
1995 1967 66 19 would
2076 1967 37 18 ask
2130 1967 54 19 them
2202 1968 32 19 for
2250 1971 34 21 yet
2302 1975 11 12 a

1878 1993 52 19 littlo
1940 2000 55 12 more
2005 1994 48 17 time
2064 1993 31 18 till
2106 2000 28 11 we
2144 1999 37 12 can
2198 1994 88 24 produce
2302 2001 11 12 a

1878 2026 63 18 paper
1951 2020 65 17 which
2028 2019 38 18 will
2083 2026 36 17 pos
2130 2018 43 26 ibly
2188 2020 24 18 fit
2228 2020 21 19 in
2264 2020 48 19 with

1878 2046 53 18 their
1941 2046 55 18 ideas
2005 2046 21 17 of
2037 2051 27 18 up
2075 2048 19 15 to
2104 2045 46 18 date
2156 2046 129 23 journalism.

1904 2072 42 18 Our
1956 2071 80 20 readers)
2057 2071 39 19 will
2115 2077 71 13 excuse
2205 2078 23 13 us
2247 2072 17 19 if
2283 2079 28 12 we

1878 2098 58 19 make
1960 2105 12 11 a
1994 2098 56 18 short
2080 2100 116 21 retro-poet.
2241 2098 70 19 About

1878 2124 95 25 eighteen
1983 2123 81 19 months
2080 2130 40 18 ago
2136 2123 39 19 thw
2191 2130 65 19 paper
2272 2131 39 12 was

1877 2149 112 26 purchased
2001 2150 51 18 from
2072 2150 34 18 the
2123 2149 47 19 then
2188 2150 123 25 proprietors

1878 2177 44 17 who
1934 2175 106 19 contented
2051 2175 121 18 themselves
2185 2173 27 27 by
2221 2176 90 24 printing

1877 2201 34 19 the
1924 2201 57 19 sheet
1992 2201 20 19 in
2023 2206 12 13 a
2045 2204 52 15 town
2108 2202 24 18 40
2142 2201 58 19 miles
2207 2208 57 18 away
2272 2202 39 19 and

1877 2227 116 25 depending
2003 2229 32 16 for
2045 2227 52 18 their
2115 2227 50 19 loee.l
2184 2234 54 12 news
2257 2234 54 19 upon

1876 2253 35 19 the
1932 2253 111 19 occasional
2061 2259 21 13 re
2084 2253 56 19 mark
2142 2258 11 14 3
2169 2254 22 18 of
2207 2260 12 12 a
2235 2261 66 13 corres-

1876 2279 91 25 pondent
1975 2279 54 19 here.
2135 2279 34 19 the
2176 2283 81 21 present
2265 2286 35 19 pro-

1878 2306 74 24 prietor
1970 2305 94 19 as-samed
2079 2306 76 18 control
2173 2306 25 18 he
2212 2310 30 16 set
2259 2307 39 18 him-

1876 2332 38 18 self
1953 2335 21 15 to
2004 2331 55 19 work
2090 2335 20 14 to
2139 2336 47 14 turn
2228 2336 46 18 oufcfc
2300 2339 11 11 a

1877 2364 64 18 paper
1960 2357 66 20 which
2046 2357 67 20 would
2128 2357 25 18 he
2163 2359 72 24 purely
2254 2357 57 21 local,

1878 2384 31 18 lie
1918 2391 56 12 came
1983 2384 48 18 hero
2041 2384 48 18 with
2101 2391 12 11 a
2130 2384 128 25 journalistic
2276 2391 24 12 ex-

1876 2410 92 24 perience
1986 2410 73 25 gained
2075 2410 20 18 in
2105 2410 34 19 the
2156 2413 51 16 most
2224 2413 87 18 arduous

1877 2443 11 17 p
1896 2436 40 19 tths
1945 2436 21 19 of
1974 2436 59 19 Press
2043 2436 63 23 work,
2123 2436 38 19 but
2170 2437 130 20 unfortunate-

1876 2459 20 27 ly
1904 2462 33 18 for
1951 2462 83 19 himself
2053 2462 47 19 with
2112 2469 47 17 very
2169 2463 53 18 little
2242 2465 56 19 know-

1876 2489 59 23 ledge
1945 2489 22 18 of
1982 2488 92 19 busine-3
2084 2488 79 19 details.
2190 2490 10 16 'I
2207 2489 25 18 ho
2249 2490 62 20 result

1877 2516 22 17 of
1906 2521 70 12 course
1985 2515 17 18 is
2019 2514 87 19 evident.
2139 2514 33 19 Ho
2188 2515 54 19 finds

1877 2540 38 19 self
1926 2541 83 18 saddled
2027 2540 49 19 with
2090 2547 26 12 an
2135 2544 84 16 amount
2237 2544 22 18 of
2274 2544 28 17 lia-

1878 2566 75 19 bilities
1963 2568 54 17 from
2026 2566 66 19 which
2100 2567 16 18 it
2123 2567 17 18 is
2156 2567 47 24 only
2223 2569 88 23 possible

1877 2594 20 16 to
1906 2592 97 19 extricate
2014 2592 81 19 himself
2106 2592 26 25 by
2144 2593 86 25 making
2240 2602 38 12 one
2290 2596 21 18 of

1877 2618 57 19 those
1941 2625 28 13 ad
1980 2624 166 14 MisEKECOitDTAM
2154 2620 82 24 appeals
2247 2621 64 19 which

1878 2645 30 19 his
1922 2645 45 19 soul
1983 2645 81 19 abhors.
2106 2650 54 15 VERB
2169 2651 38 14 s.-vr
2223 2653 41 13 sat.
2293 2648 18 17 A

1877 2671 39 18 nod
1928 2671 16 19 is
1959 2676 24 14 as
1999 2671 53 25 good
2067 2678 22 12 as
2098 2678 13 12 a
2121 2671 51 19 wink
2186 2675 21 15 to
2224 2680 11 12 a
2255 2673 56 18 blind

1877 2696 67 19 horse.

1904 2723 27 18 Of
1941 2729 69 13 course
2024 2722 17 19 if
2049 2723 35 19 the
2094 2723 71 25 people
2179 2724 21 18 of
2220 2725 91 19 Rotorua

1878 2748 39 20 and
1929 2749 33 19 tlit)
1974 2749 78 18 district
2063 2749 69 19 decide
2142 2750 44 19 that
2197 2751 57 19 there
2261 2751 17 19 is
2287 2758 24 12 no

1878 2775 129 18 inducement
2027 2778 20 15 to
2064 2779 84 21 support
2158 2782 12 13 a
2185 2776 52 20 local
2251 2784 60 18 paper

1878 2808 29 12 we
1916 2802 41 18 wii.
1967 2804 68 22 accept
2043 2802 53 18 their
2106 2802 74 19 dictum
2188 2803 49 19 with
2247 2804 54 24 resig-

1878 2827 69 19 nation
1955 2827 140 19 andleavothe
2103 2828 47 18 field
2157 2828 30 19 for
2194 2836 55 13 some
2256 2829 55 19 other

1877 2853 109 25 journalist
1995 2854 47 17 with
2054 2860 54 12 more
2118 2854 69 19 brains
2197 2856 39 18 and
2245 2858 55 16 enter-

1878 2879 54 24 prise!
1942 2879 48 19 than
2001 2880 102 18 ourselves
2111 2879 4 24 ;
2130 2886 23 12 as
2162 2880 16 19 it
2188 2881 17 18 is
2215 2888 30 12 we
2260 2881 51 19 can't

1878 2905 91 25 possibly
1981 2911 24 19 go
2015 2911 25 12 on
2050 2906 65 18 under
2126 2906 34 18 the
2169 2909 82 23 present
2270 2913 31 19 sys-

1878 2934 47 14 tem.

1905 2956 43 20 The
1957 2957 81 25 general
2049 2957 59 19 t»*end
2119 2957 20 19 of
2149 2957 121 25 journalism
2291 2961 20 17 at

1879 2983 34 19 the
1927 2986 82 19 present
2024 2983 54 21 time,
2095 2983 90 26 judging
2202 2985 54 19 from
2278 2985 35 18 the

1880 3009 115 26 exchanges
2012 3009 65 19 which
2087 3009 51 19 hftvo
2148 3016 55 14 come
2219 3014 20 16 to
2259 3010 54 20 hand

1879 3035 88 19 confines
1977 3035 56 19 itself
2043 3038 20 16 to
2073 3034 128 26 expatiating
2210 3044 25 12 on
2257 3038 54 18 whnt

1879 3062 321 24 oneofourcontempornriesciill
2265 3064 49 18 time

1879 3087 90 19 honored
1988 3087 39 19 and
2052 3088 124 26 angel-sung
2194 3090 82 18 anthem
2294 3089 21 19 of

1878 3113 66 19 Pence
1951 3120 26 12 on
1988 3113 64 21 earth,
2064 3114 39 18 and
2114 3115 93 23 goodwill
2226 3115 87 19 towards

1975 3140 42 18 The
2038 3140 108 18 sentiment
2170 3141 17 18 is
2206 3141 53 21 erood
2277 3141 38 19 hut

1879 3165 25 18 its
1917 3165 109 19 fulfilment
2037 3172 63 12 seems
2118 3166 117 25 impossible
2254 3167 59 19 when

1880 3198 28 11 we
1918 3191 47 19 look
1984 3196 53 21 upon
2056 3192 35 18 the
2108 3192 107 25 European
2234 3195 81 16 nations

1880 3217 79 26 arming
1967 3217 120 20 themselves
2096 3221 20 15 to
2126 3218 33 19 the
2170 3219 55 18 teeth
2245 3219 38 18 and
2293 3225 22 12 a--

1880 3243 48 23 gain
1962 3244 87 26 arming.
2093 3244 43 19 The
2167 3245 98 18 abolition
2296 3245 19 17 of

1882 3269 138 20 Government
2028 3270 26 24 by
2064 3276 13 19 p
2085 3272 37 21 irty
2130 3271 65 18 would
2212 3271 23 18 he
2244 3277 37 12 one
2296 3270 19 19 of

1881 3296 33 17 the
1924 3296 43 19 first
1977 3299 54 23 steps
2050 3299 20 16 to
2087 3296 82 19 achieve
2187 3297 35 18 the
2241 3296 37 19 end
2295 3296 20 19 in

1880 3322 64 22 view;
1973 3323 52 18 after
2044 3323 45 18 that
2108 3329 41 11 was
2168 3329 81 17 accomp
2259 3322 56 19 ished

1881 3354 29 12 we
1920 3348 67 25 might
1997 3348 85 19 exclaim
2094 3348 46 18 with
2152 3344 51 23 .tosh
2219 3348 95 24 Billings,

1904 3382 27 17 As
1939 3383 31 16 for
1977 3388 40 10 war
2025 3382 10 16 I
2046 3381 36 18 call
2088 3382 15 16 it
2113 3381 75 18 nfurder

1928 3405 58 17 Thert
1994 3411 37 15 you
2040 3402 42 21 heV
2091 3405 15 16 it
2115 3405 65 22 plump
2190 3405 37 17 and
2233 3404 35 18 flat

1904 3428 11 17 I
1924 3428 53 17 don't
1986 3428 48 17 need
2042 3429 21 16 to
2072 3433 24 17 go
2108 3433 24 12 no
2141 3428 75 17 further

1929 3451 52 17 Than
1992 3457 31 16 my
2030 3452 102 16 testament
2140 3451 30 17 for
2176 3451 43 17 that

1906 3474 41 17 God
1955 3475 35 16 has
1999 3473 39 18 said
2048 3480 26 14 so,
2084 3474 66 22 plump
2159 3473 38 18 and
2205 3474 57 22 fairly

1923 3497 41 17 'lt's
1974 3503 19 11 us
2002 3497 47 21 long
2058 3503 19 10 as
2087 3497 15 16 it
2111 3497 15 16 is
2134 3496 65 19 broad.

1906 3520 43 17 And
1958 3520 67 22 you've
2035 3521 34 20 p;ot
2078 3521 20 15 to
2107 3520 32 21 pet
2149 3525 25 17 up
2183 3520 48 22 airly

1930 3543 19 17 If
1957 3549 38 15 you
2004 3544 51 16 want
2064 3544 20 16 to
2092 3543 44 17 take
2144 3543 21 16 in
2174 3543 42 17 God
2223 3543 3 21 !

1883 3612 103 24 LOCAL
1999 3608 97 26 NEWS
2119 3612 72 22 AND
2204 3611 110 23 NOTES.

1909 3680 74 17 Stead's
1991 3678 124 23 Masterpiece
2123 3678 87 23 library,
2225 3678 94 18 Numbers

1886 3701 16 24 1,
1912 3704 11 15 2
1931 3703 39 17 and
1978 3703 40 17 3to
2030 3701 58 21 haiii'l,
2105 3702 118 23 Threepence
2239 3702 46 17 each
2300 3702 21 16 at

1885 3726 118 17 Chkoxicle
2012 3725 74 17 Office.*

1909 3757 39 18 The
1956 3756 123 23 Tuhourangi
2088 3756 56 17 Brass
2151 3756 60 21 Band,
2221 3756 60 17 under
2290 3755 32 18 Mr

1885 3780 27 17 H.
1938 3780 97 18 Stewart's
2060 3779 150 23 conductorsbip,
2232 3780 55 21 spent
2311 3784 11 11 a

1886 3804 87 21 pleasant
1979 3803 52 17 three
2048 3802 51 22 days'
2121 3802 43 17 visit
2170 3804 21 15 to
2208 3801 61 19 Waihi
2285 3801 37 18 last

1886 3826 59 17 week.

1910 3857 40 17 The
1959 3857 77 23 Sydncv
2044 3856 84 18 Bulletin
2136 3857 37 16 and
2182 3857 33 16 the
2224 3855 99 18 Auckland

1888 3880 93 19 Observer
1990 3886 33 11 can
2032 3877 23 20 bo
2062 3879 88 17 obtained
2158 3881 20 16 at
2186 3880 32 17 the
2232 3878 91 19 Cmtoxi-

1888 3908 36 13 CJJE
1933 3904 56 17 News
1997 3903 96 23 Agency.*

1910 3935 40 17 The
1956 3934 99 18 Tasmania
2064 3934 38 17 will
2111 3933 34 18 sail
2152 3934 30 17 for
2191 3934 76 22 Sydney
2275 3934 49 16 from

1888 3955 99 20 Auckland
1997 3958 20 17 at
2026 3958 41 16 o.tJO
2076 3962 46 17 p.m.
2132 3962 24 11 on
2163 3956 90 23 Monday,
2264 3956 48 17 Janu-

1888 3986 34 17 ary
1933 3981 49 20 Ilth,
1992 3980 75 17 instead
2074 3980 20 16 of
2102 3981 10 15 4
2119 3986 45 15 p.m.
2175 3985 20 11 as
2211 3980 64 17 before
2291 3979 22 17 ad-

1888 4003 88 20 vertised,
1985 4003 36 18 and
2040 4003 39 17 also
2088 4003 26 16 all
2122 4003 88 17 steamers
2227 4002 98 22 following

1889 4027 70 22 during
1966 4027 33 16 the
2008 4032 50 11 same
2069 4026 71 17 month.

2364 148 39 17 The
2413 149 127 19 WaHtiMiner
2556 149 68 23 people
2641 147 56 18 made
2713 147 60 21 ample

2341 172 119 22 preparation
2479 174 30 16 for
2523 180 12 11 a
2548 171 107 25 prolonged
2672 170 101 18 Christinas

2341 195 123 22 jollification.
2497 197 52 22 They
2571 195 65 18 ceased
2658 193 115 24 publication

2342 224 23 10 on
2375 218 102 18 December
2485 215 56 21 22nd'
2550 219 38 17 and
2605 218 39 18 will
2660 222 73 12 resume
2751 222 22 11 on

2340 241 85 22 January
2434 242 38 18 sth.

2363 273 40 16 The
2410 274 46 16 next
2465 274 68 21 sitting
2542 274 20 16 of
2570 273 33 17 the
2620 271 61 18 Maori
2712 271 48 16 Kotn-

2340 295 79 24 hitanga
2455 296 116 18 Parliament
2579 295 39 18 will
2626 296 24 16 be
2665 300 72 17 openeu
2754 295 19 16 at

2340 319 33 16 the
2391 319 105 18 settlement
2505 321 21 16 of
2534 318 95 24 Papawai,
2640 318 19 17 in
2674 318 33 17 the
2723 317 37 17 Wai-

2340 347 72 16 rarapa,
2435 348 23 11 on
2472 344 31 16 the
2525 343 45 17 14th
2586 342 55 21 April
2657 342 52 16 next.
2734 340 39 17 The

2340 364 84 23 meeting
2432 365 15 17 is
2458 365 58 23 being
2530 365 61 18 called
2604 365 26 21 by
2643 364 88 18 circulars
2747 363 17 17 is-

2340 387 45 18 sued
2393 387 25 23 by
2425 388 31 17 the
2465 389 51 18 clerk
2528 391 21 15 to
2561 389 33 16 the
2610 387 79 23 Kingite
2700 387 62 16 Parlia-

2340 412 52 15 ment
2401 412 59 16 which
2471 413 29 16 sat
2509 412 54 22 early
2570 412 39 17 this
2617 416 45 17 year
2676 411 19 16 at
2710 410 50 16 Toka-

2340 440 44 14 anu,
2394 430 51 21 Late
2453 434 71 22 Taupto.

2362 465 39 16 The
2410 466 81 17 Rotorua
2500 466 91 22 drainage
2600 465 74 18 scheme
2679 464 92 23 proposed

2338 487 26 23 by
2380 488 31 17 Mr
2426 489 64 22 Hayes
2502 490 35 17 has
2558 489 48 17 been
2619 487 108 18 considered
2747 487 24 22 by

2339 511 33 17 the
2388 512 83 18 Cabinet.
2504 513 39 17 The
2561 511 56 18 Total
2636 512 40 16 cost
2698 511 20 17 of
2740 511 31 16 the

2339 534 72 17 scheme
2424 535 38 18 will
2471 536 22 17 be
2502 535 68 20 £9OOO,
2581 535 74 21 subject
2664 535 20 16 to
2702 534 69 16 certain

2339 557 114 18 alterations.
2486 559 82 16 Further
2587 558 68 21 expert
2671 557 100 17 assistance

2339 581 39 16 will
2385 580 23 18 be
2413 581 70 19 invited
2491 582 65 17 before
2564 582 33 16 the
2606 581 73 17 schemo
2687 581 16 16 is
2716 580 45 16 final-

2338 603 21 22 ly
2367 603 87 22 adopted.

2362 635 18 16 A
2388 634 66 23 sitting
2463 636 20 17 of
2491 636 32 17 the
2532 636 69 17 Native
2611 634 54 18 Land
2681 634 59 18 Court
2756 634 15 16 is

2339 659 20 15 to
2365 658 24 16 be
2396 658 43 17 held
2448 660 20 16 at
2478 656 116 20 \Vhakatane
2603 659 19 16 in
2631 658 86 20 January
2725 659 46 15 next

2340 682 19 15 to
2376 681 63 17 decide
2447 682 31 17 the
2484 683 106 21 ownership
2599 681 20 17 of
2627 681 71 17 certain
2707 680 64 17 blocks

2339 704 20 16 of
2367 704 44 17 land
2420 705 19 16 in
2448 705 32 17 the
2490 706 89 17 Urewera
2588 701 91 24 Country.
2703 704 28 16 An
2740 704 20 16 in-

2339 727 83 17 formant
2431 729 55 16 states
2495 728 43 18 that
2546 728 33 17 the
2588 727 46 17 land
2642 728 16 16 is
2667 727 103 17 auriferous

2338 749 39 18 and
2391 755 33 13 con
2427 751 47 17 tain's
2481 752 54 20 reefs,
2545 756 51 12 some
2605 751 20 17 of
2634 750 62 17 which
2711 749 60 17 shows

2338 772 46 23 gold
2392 773 19 17 in
2420 774 31 17 the
2460 775 59 17 stone.

2361 805 17 16 A
2392 806 49 15 most
2453 806 101 17 successful
2567 805 114 23 promenade
2697 806 74 16 concert

2338 833 39 11 was
2385 828 44 17 held
2437 828 18 17 in
2464 829 32 16 the
2512 829 121 18 Sanatorium
2648 828 87 17 Grounds
2747 834 23 11 on

2338 850 98 23 Thursday
2443 852 85 23 evening.
2552 849 18 20 A
2578 852 53 22 large
2640 857 100 11 concourse
2752 852 19 16 of

2338 873 66 22 people
2412 871 103 21 assembled
2523 881 24 11 on
2564 876 33 16 the
2613 875 92 17 occasion.

2338 902 49 11 were
2395 893 74 26 pleased
2477 899 42 16 that
2530 905 10 10 a
2546 899 54 21 large
2608 897 80 18 number
2694 897 20 17 of
2726 897 36 17 visi-

2338 921 39 16 tors
2385 920 77 17 assisted
2472 921 18 16 in
2500 918 33 20 the
2540 921 54 18 vocal
2603 923 43 20 part
2656 921 20 16 of
2683 921 33 16 the
2726 923 33 19 pro-

2338 949 90 15 gramme.
2455 944 38 17 The
2505 944 90 22 proceeds
2610 950 48 11 were
2672 944 19 17 in
2707 944 31 16 aid
2752 944 19 17 of

2338 967 32 15 the
2379 965 78 23 Library
2466 967 90 24 Building
2565 967 55 18 Fund
2629 967 38 18 and
2683 968 75 16 amount-

2338 989 21 17 ed
2359 984 2 22 1
2370 990 19 16 to
2396 988 32 18 £4.
2440 990 79 16 1259.U1.

2361 1021 17 16 A
2387 1021 63 17 choice
2458 1022 87 17 selection
2559 1023 20 17 of
2592 1022 26 17 oil
2632 1022 98 22 paintings
2746 1020 25 24 by

2338 1043 32 18 Mr
2379 1043 20 18 C.
2409 1043 98 19 Bloinfield
2516 1052 43 15 may
2568 1052 43 10 now
2619 1045 24 17 be
2652 1050 43 12 seen
2704 1045 19 17 at
2740 1045 31 17 the

2338 1067 117 17 Ciiuoxirt.E
2464 1068 62 17 Office.
2549 1066 56 24 .They'
2613 1070 91 20 comprise
2715 1064 56 21 views

2338 1090 19 17 in
2367 1090 38 16 this
2413 1090 148 22 neighborhood,
2572 1087 100 26 Wairakei,
2688 1087 69 21 Whaia-

2338 1118 105 15 rcwarewa,
2453 1113 38 21 &c,
2504 1115 39 17 and
2559 1115 50 17 from
2621 1115 50 17 their
2683 1115 78 16 faithful-

2338 1142 42 11 ness
2400 1136 37 17 and
2455 1138 92 17 attention
2565 1139 20 16 to
2606 1137 58 18 detail
2685 1141 31 13 arc
2728 1137 43 18 well

2338 1158 59 18 worth
2412 1159 32 18 the'
2453 1162 92 15 attention
2555 1162 21 16 of
2583 1162 62 16 lovers
2658 1160 20 17 of
2686 1162 36 15 art.
2749 1161 21 16 In

2338 1182 84 17 addition
2432 1185 19 14 1o
2460 1183 52 17 these
2521 1184 52 17 there
2587 1190 31 11 are
2634 1190 12 12 a
2659 1183 80 18 number
2752 1184 19 17 of

2338 1207 59 15 water
2403 1205 50 17 color
2462 1206 83 18 sketches
2555 1207 81 17 suitable
2645 1207 29 17 for
2681 1206 90 23 birthday

2338 1232 21 13 Or
2368 1229 67 16 Easter
2441 1229 74 16 Cards.-*

2361 1260 33 17 Wo
2402 1260 47 17 have
2458 1263 19 15 io
2486 1258 133 26 acknowledge
2627 1262 32 16 the
2668 1261 69 22 receipt
2753 1261 17 17 of

2338 1285 38 16 two
2391 1284 91 17 excellent
2498 1284 132 24 photographs
2635 1284 21 19 of
2672 1284 33 17 the
2713 1290 43 11 mem-

2338 1307 42 17 bers
2389 1307 20 17 of
2418 1307 31 17 Hie
2465 1307 84 18 Rotorua
2566 1309 92 16 Amateur
2675 1307 95 18 Dramatic

2339 1331 97 21 Company
2451 1336 21 11 as
2485 1331 45 21 (hoy
2542 1331 94 22 appeared
2752 1331 18 17 in

2359 1353 52 17 Conn
2421 1353 32 17 the
2630 1354 40 17 The
2677 1353 93 24 grouping

2338 1376 15 17 is
2373 1376 110 22 artistically
2496 1377 93 23 arranged
2600 1378 37 16 and
2654 1378 32 16 the
2703 1376 56 23 photo-

2338 1399 87 22 grapher,
2435 1400 31 16 Mr
2482 1400 64 17 James
2564 1400 47 18 Reid
2628 1402 21 16 of
2665 1400 104 18 Hamilton,

2338 1423 33 17 has
2381 1422 98 18 succeeded
2494 1423 20 17 in
2524 1420 106 27 producing
2639 1430 10 10 a
2667 1423 67 22 highly
2743 1423 18 17 ef-

2338 1443 67 25 fective
2421 1445 37 18 and
2474 1447 32 16 life
2522 1446 38 19 like
2577 1448 79 21 picture.
2681 1447 20 16 It
2717 1447 15 16 is
2748 1452 22 11 an

2338 1468 111 23 interesting
2456 1470 87 17 souvenir
2551 1470 20 17 of
2585 1477 10 10 a
2605 1472 49 17 most
2671 1470 99 17 successful

2338 1492 134 23 performance.

2360 1524 18 16 A
2387 1524 86 17 selection
2489 1524 20 17 of
2525 1525 93 17 mmature
2633 1525 56 17 views
2705 1524 19 17 of
2740 1524 30 17 the

2338 1547 73 17 various
2419 1546 61 23 places
2489 1548 19 16 of
2517 1548 78 17 interest
2609 1548 19 17 in
2645 1548 37 17 and
2700 1547 70 18 around

2337 1571 90 19 Rotorua,
2436 1570 178 22 Wha'<arewarewa,
2625 1567 39 24 &0.,
2677 1571 35 17 has
2725 1571 45 16 been

2337 1593 82 17 received
2429 1595 20 15 at
2456 1594 32 16 the
2496 1594 118 17 Ciuiomcxe
2623 1594 64 17 Office.
2713 1594 57 17 These

2336 1616 51 17 little
2395 1616 25 17 oil
2430 1616 96 23 paintings
2535 1623 31 11 are
2575 1618 25 22 by
2610 1618 31 17 Mr
2649 1618 19 16 J.
2678 1618 22 16 P.
2710 1617 48 16 Baek-

2336 1640 59 16 honse
2407 1640 20 16 of
2441 1640 79 17 Xewton
2534 1637 60 24 Road,
2610 1640 106 19 Auckland,
2734 1640 36 17 and

2337 1668 30 11 are
2377 1663 39 16 well
2433 1663 73 22 worthy
2521 1664 33 16 the
2570 1665 94 16 attention
2681 1664 21 16 of
2719 1663 51 17 those

2337 1686 82 17 desirous
2428 1686 20 16 of
2463 1686 106 23 possessing
2585 1693 21 11 or
2620 1687 20 18 of
2654 1686 80 23 sending
2752 1687 18 17 to

2337 1708 49 18 their
2391 1709 69 17 friends
2467 1715 23 11 an
2497 1709 114 24 interesting
2614 1710 39 17 and
2660 1705 110 28 artistically

2337 1732 89 17 executed
2436 1733 86 16 souvenir
2531 1734 19 16 of
2559 1733 33 17 the
2596 1733 81 17 district;

2359 1763 39 16 The
2407 1764 54 17 Chief
2467 1764 116 17 Postmaster
2595 1764 70 17 desires
2674 1770 21 12 us
2707 1765 19 16 to
2741 1770 19 11 re-

2338 1786 27 17 fer
2373 1788 20 15 to
2403 1793 11 10 a
2421 1787 66 21 special
2496 1788 63 16 notice
2567 1788 84 22 recently
2667 1787 61 17 issued
2746 1788 23 21 by

2337 1810 31 16 the
2376 1809 97 23 Secretary
2481 1811 20 15 of
2509 1811 32 16 the
2550 1811 125 22 Department
2685 1811 84 21 warning

2337 1833 32 16 the
2383 1833 63 22 public
2460 1833 74 21 against
2552 1833 80 24 sending
2651 1840 68 14 money
2733 1834 36 17 and

2337 1856 86 17 valuable
2432 1857 73 16 articles
2519 1857 19 16 in
2554 1856 129 24 nnregistorfed
2698 1858 70 17 letters.

2336 1879 39 17 The
2385 1880 80 19 practice
2474 1880 14 16 is
2498 1886 11 10 a
2519 1880 67 17 foolish
2604 1886 40 13 one,
2659 1886 20 11 as
2693 1880 29 17 for
2738 1880 31 17 the

2337 1902 53 17 small
2409 1908 40 11 sum
2465 1903 20 17 of
2498 1903 112 23 threepence
2623 1905 34 21 per
2666 1904 56 16 letter
2740 1903 29 17 the

2336 1926 104 21 protection
2451 1926 14 17 is
2474 1926 85 20 ensured,
2569 1927 16 16 it
2599 1926 58 24 being
2672 1932 44 16 very
2729 1933 40 11 rare

2336 1948 44 18 that
2388 1955 10 10 a
2405 1949 101 21 registered
2515 1949 56 18 letter
2580 1950 14 16 is
2600 1950 42 20 lost,
2651 1950 37 17 and
2697 1950 72 21 though

2336 1971 99 22 envolopes
2443 1973 88 19 covering
2537 1973 157 22 correspondence
2701 1973 59 17 invari-

2336 1994 45 23 ably
2388 1995 56 17 reach
2452 1995 49 18 their
2510 1995 113 18 destination
2642 1997 14 16 it
2666 1996 44 17 dues
2722 1992 36 26 hap-

2335 2023 37 17 pen
2396 2020 41 15 that
2460 2018 15 17 if
2496 2019 90 22 coveting
2606 2025 68 16 inoney
2696 2025 21 11 or
2733 2025 36 17 any

2336 2041 65 17 article
2408 2042 53 16 other
2471 2042 45 16 than
2522 2047 59 18 paper
2589 2042 50 17 their
2644 2048 45 16 very
2707 2042 52 17 bulki-

2336 2070 42 11 ness
2387 2065 15 16 is
2415 2065 105 22 dangerous
2530 2067 19 15 to
2557 2066 39 16 safe
2605 2065 82 22 delivery

2359 2096 16 16 A
2384 2096 67 22 highly
2459 2097 101 17 successful
2567 2098 74 16 concert
2658 2103 38 11 was
2714 2097 55 21 given

2335 2119 20 17 in
2363 2119 33 17 the
2405 2119 118 18 Sanatorium
2530 2119 75 23 ground
2621 2120 37 17 last
2676 2119 93 24 Saturday

2335 2142 61 20 fdgbt.
2421 2143 28 16 Dr
2467 2142 79 18 Ginders
2561 2143 85 21 presided
2668 2143 37 17 and
2723 2143 46 17 Miss

2335 2165 83 16 Brabant
2425 2165 68 22 played
2501 2165 33 17 the
2540 2166 170 22 accompaniments
2722 2166 46 17 with

2335 2188 31 17 the
2383 2190 81 19 greatest
2480 2188 100 22 precision.
2604 2189 39 17 The
2657 2189 112 17 Committee

2334 2212 21 17 of
2372 2211 32 17 the
2413 2211 78 23 Library
2505 2217 48 11 were
2567 2213 115 21 responsible
2691 2213 30 16 for
2736 2212 33 17 the

2334 2237 142 18 arrangements
2493 2234 38 17 and
2544 2235 16 16 it
2574 2235 15 17 is
2605 2241 124 16 unnecessary
2747 2236 19 17 to

2334 2265 33 17 say
2381 2259 41 16 that
2439 2258 45 22 they
2501 2264 47 11 were
2566 2258 69 17 carried
2651 2259 33 16 out
2701 2259 18 16 in
2736 2259 33 16 the

2334 2284 50 16 most
2392 2282 118 21 satisfactory
2526 2287 84 12 manner.
2644 2281 23 17 In
2681 2282 43 16 that
2738 2287 20 11 re-

2334 2307 52 18 spect
2392 2305 32 17 the
2437 2310 63 12 names
2517 2305 21 16 of
2553 2305 70 16 Messrs
2639 2305 75 17 Purcell
2731 2305 37 17 and

2336 2328 106 23 Fitzgerald
2460 2334 43 16 may
2517 2328 24 17 bo
2547 2328 89 22 specially
2653 2328 114 17 mentioned.

2357 2361 34 16 AVo
2406 2360 47 17 have
2467 2359 50 22 (says
2536 2359 33 17 the
2590 2359 78 22 Jltrahl)
2684 2359 84 17 received

2334 2383 70 18 several
2413 2383 111 21 complaints
2541 2382 46 17 with
2600 2383 74 21 respect
2686 2383 21 16 to
2723 2382 36 17 rail-

2334 2413 51 16 ways
2395 2406 36 17 and
2440 2408 89 15 steamers
2546 2407 34 15 not
2588 2405 79 22 making
2676 2406 92 21 adequate

2334 2436 21 12 or
2380 2429 78 18 suitable
2475 2428 94 23 provision
2587 2429 29 16 for
2641 2428 32 17 the
2689 2428 77 22 holiday

2334 2459 71 12 season.
2431 2453 40 17 One
2477 2452 110 20 suggestion
2597 2457 27 11 wo
2632 2451 38 21 beg
2679 2453 19 15 to
2712 2451 56 23 bring

2334 2478 20 16 to
2362 2477 33 16 the
2409 2475 89 18 notice'of
2507 2475 33 17 the
2555 2475 79 21 railway
2650 2474 116 19 authorities.

2334 2497 16 20 A
2359 2500 48 16 train
2418 2499 61 22 might
2494 2498 53 17 leave
2565 2497 105 21 Auckland,
2679 2498 17 17 it
2711 2498 15 17 is
2735 2503 22 12 ur-

2335 2523 42 20 ged,
2388 2523 29 16 for
2426 2522 83 17 Rotorua
2518 2528 25 10 on
2553 2521 98 22 Thursday
2668 2522 99 16 aiternoon

2334 2547 25 22 by
2373 2542 60 20 which
2446 2545 66 17 tickets
2526 2544 63 22 might
2597 2544 23 17 bo
2633 2544 61 17 issued
2710 2545 46 16 enab-

2334 2570 41 21 ling
2383 2574 109 16 passengers
2500 2570 20 14 to
2529 2569 65 15 return
2604 2573 24 11 on
2644 2568 33 16 the
2693 2567 64 17 follow-

2334 2594 33 19 ing
2377 2592 90 21 Monday.
2500 2591 45 17 This
2559 2590 62 17 would
2636 2590 43 21 give
2694 2597 11 11 a
2719 2590 39 17 suit-

2334 2616 43 17 able
2398 2615 37 17 and
2460 2615 112 17 convenient
2595 2614 78 21 holiday
2687 2614 81 16 without

2334 2639 100 19 trenching
2442 2644 23 11 on
2475 2643 37 15 any
2520 2637 86 17 business
2613 2637 43 21 day.-

2358 2671 23 16 In
2390 2671 92 16 reference
2490 2670 20 16 to
2520 2675 10 10 a
2537 2668 103 19 discussion
2649 2668 60 17 which
2723 2668 36 17 foot-

2334 2694 54 22 pace
2396 2695 19 16 at
2425 2693 31 17 the
2473 2693 36 16 hist
2526 2692 85 22 meeting
2625 2692 20 17 of
2662 2691 33 18 the
2709 2692 58 16 Town

2334 2716 63 18 Board
2411 2716 32 18 the
2462 2715 100 22 following
2577 2716 73 16 extract
2664 2715 49 17 from
2735 2715 32 17 the

2334 2737 128 26 Impounding
2472 2739 35 17 Act
2516 2738 39 17 will
2570 2738 24 17 bo
2603 2738 20 17 of
2638 2738 85 17 interest.
2749 2737 18 18 It

2334 2764 54 17 bears
2396 2763 34 18 out
2436 2762 31 17 Mr
2476 2762 92 21 Dansey's
2572 2760 84 19 retnarks
2665 2766 23 12 on
2698 2761 32 16 the
2735 2767 22 10 oc-

2335 2787 63 17 casion
2407 2784 132 22 :—Whenever
2547 2790 38 16 any
2594 2784 57 17 cattle
2660 2784 47 17 have
2720 2784 47 16 been

2335 2809 59 18 seized
2409 2810 30 16 for
2453 2810 81 19 trespass
2547 2807 27 22 by
2585 2813 38 16 any
2636 2807 88 22 occupier'
2738 2807 29 17 for

2335 2833 31 17 the
2380 2836 79 19 purpose
2468 2832 19 17 of
2501 2830 127 23 impounding
2643 2831 33 16 the
2693 2835 50 12 same
2752 2830 15 17 if

2335 2856 33 17 the'
2376 2859 62 13 owner
2447 2855 19 16 of
2474 2855 32 16 the
2519 2854 57 17 cattle
2593 2859 21 11 or
2631 2859 50 11 some
2699 2858 68 17 person

2335 2885 24 12 on
2367 2878 29 18 his
2400 2875 68 20 behalf
2473 2883 37 17 pay
2519 2882 21 12 or
2556 2876 66 18 tender
2638 2876 33 18 the
2687 2877 80 21 trespass

2335 2903 40 16 rate
2384 2902 36 16 and
2429 2901 32 17 the
2478 2900 75 22 driving
2570 2901 40 15 rate
2617 2901 19 15 to
2654 2899 32 17 the
2701 2905 66 17 person

2335 2925 70 21 seizing
2414 2930 20 11 or
2447 2923 72 23 haying
2533 2923 68 22 charge
2616 2923 20 16 of
2651 2923 46 17 such
2711 2923 56 16 cattle

2335 2948 47 18 shall
2392 2948 50 17 forth
2450 2947 44 16 with
2512 2946 70 17 deliver
2595 2951 26 17 up
2634 2946 33 17 the
2680 2951 50 12 same
2748 2946 19 16 to

2335 2972 32 17 the
2378 2977 62 11 owner
2449 2976 20 10 or
2478 2970 31 17 the
2518 2975 68 16 person
2595 2969 101 22 tendering
2702 2974 23 12 on
2738 2969 29 16 his

2335 2995 65 17 behalf
2424 2993 44 18 such
2485 2994 81 20 trespass
2582 2993 41 16 rate
2640 2992 37 17 and
2694 2991 73 23 driving

2335 3019 47 15 rate.

2358 3055 32 16 Mr
2398 3053 64 18 James
2470 3053 56 17 Shaw
2538 3052 36 17 has
2589 3054 20 15 to
2625 3052 23 17 bo
2666 3052 93 17 c'onarratil-

2336 3075 51 21 laiod
2395 3083 24 11 on
2428 3078 31 16 tlio
2469 3082 71 10 success
2549 3076 20 16 of
2576 3075 32 17 the
2615 3075 82 22 Aquatic
2704 3074 65 22 Sporfs

2337 3100 98 22 organised
2443 3099 25 22 hy
2477 3099 38 17 him
2526 3104 24 11 on
2559 3099 32 16 the
2600 3096 52 19 Lake
2661 3104 23 11 on
2694 3097 75 23 Boxing

2336 3125 49 21 Day.
2452 3123 50 16 want
2511 3127 12 12 a
2531 3122 36 17 few
2574 3127 50 12 more
2634 3127 42 12 men
2682 3121 20 16 in
2709 3120 48 18 Roto-

2337 3153 33 11 rua
2379 3146 36 17 like;
2424 3146 30 17 Mr
2463 3146 62 16 Shaw.
2550 3144 32 18 He
2590 3145 16 16 is
2615 3144 34 17 full
2666 3144 20 17 of
2700 3149 69 16 energy

2337 3170 36 18 and
2382 3169 47 22 push
2439 3169 37 17 arid
2484 3174 27 10 wo
2521 3167 44 22 only
2575 3167 36 17 feel
2624 3173 52 15 sorry
2684 3167 43 17 that
2735 3167 33 16 the

2337 3192 104 24 exigencies
2457 3191 20 18 of
2490 3195 54 18 spa'ce
2560 3190 87 22 preclude
2662 3189 31 18 the
2709 3189 50 22 possi-

2337 3216 54 19 bility
2400 3216 20 17 of
2429 3215 58 21 doing
2495 3219 70 17 proper
2573 3214 67 22 justice
2649 3214 20 16 to
2678 3213 28 17 his
2713 3218 45 16 capa-

2337 3239 74 18 bilities.
2436 3238 38 16 The
2483 3237 99 20 following
2595 3236 17 17 is
2626 3236 33 17 the.
2676 3235 59 18 result
2751 3236 19 16 of

2338 3263 32 17 the
2384 3263 63 16 events
2454 3260 92 17 :'—Canoe
2563 3260 49 16 Race
2619 3263 5 13 .'
2645 3259 86 20 Owhata,
2750 3259 19 21 1;

2338 3286 90 17 Rotorua.
2438 3285 16 16 2.
2474 3284 61 17 Canoe
2543 3278 75 22 Hurdle
2627 3283 49 16 Race
2684 3278 4 25 :
2702 3281 55 18 Owha-

2338 3310 25 19 ta,
2381 3310 7 15 1
2398 3303 3 26 ;
2423 3308 90 17 Eotoru'a.
2582 3303 61 20 Men's
2659 3305 111 19 Swimming

2338 3332 50 17 Race
2395 3325 4 25 :
2412 3331 89 17 Rotorua,
2519 3328 8 18 1
2536 3325 4 25 ;
2560 3329 86 20 Owhata,
2665 3330 16 15 2.
2715 3325 55 25 Boys'

2339 3351 67 26 J-Mile
2414 3352 48 18 Race
2470 3351 3 26 :
2487 3353 104 19 Xgaroata,
2607 3353 7 15 1
2624 3351 4 26 ;
2648 3352 85 20 Tommy,
2753 3352 16 15 2.

2339 3377 55 22 Boys'
2411 3374 61 25 Race:
2492 3375 76 22 Hodge,
2588 3376 7 15 1
2604 3374 4 25 ;
2633 3374 103 21 Pokiahau,
2755 3375 15 16 2.

2340 3400 54 18 Girls'
2404 3400 58 17 Race:
2477 3398 80 18 Owhata
2565 3398 19 21 1;
2598 3398 84 17 Rotorua
2692 3398 16 16 2.

2432 3435 105 17 AVOLFES
2546 3435 133 17 SCHNAPPS

2339 3497 42 18 Has
2386 3497 24 18 its
2424 3496 91 22 perfectly
2528 3501 47 16 pure
2589 3494 99 18 medicinal
2704 3494 68 17 virtues

2340 3520 38 18 and
2391 3520 16 17 is
2419 3519 49 22 fully
2481 3518 120 23 appreciated
2615 3518 25 21 by
2647 3518 31 16 the
2694 3517 78 17 millions

2340 3544 25 16 all
2382 3549 43 11 over
2439 3543 32 16 the
2486 3541 60 17 world
2565 3541 43 17 who
2624 3540 107 20 habitually
2744 3546 28 11 use

2798 146 98 22 Rotorua,
2907 147 49 19 with,
2966 148 27 18 its
3002 148 84 19 mineral
3097 149 78 24 springs
3184 152 34 19 and

2799 172 71 18 buried
2881 175 92 21 terrace',
2985 173 37 18 has
3031 180 21 13 to
3065 175 54 18 show
3129 175 58 24 tliem,
3201 180 7 16 f
3215 172 4 27 •.

2799 198 46 17 take
2856 198 34 19 the
2897 200 59 18 coach
2969 206 22 11 as
2999 200 32 18 far
3040 206 22 13 as
3073 201 107 19 Wairakei.
3202 204 16 18 It

2798 223 15 18 is
2834 230 10 11 a
2864 224 40 18 fine
2921 224 57 19 drive
2997 232 66 12 across
3082 235 8 10 n
3113 227 45 19 wild
3173 234 45 15 onen

2796 252 90 22 couniry,
2904 251 40 18 and
2961 252 34 17 iho
3012 252 48 18 road
3076 253 16 18 is
3107 254 58 24 good.
3196 257 23 18 At

2797 274 112 25 Wairakei,
2957 277 46 18 mile
3027 278 49 19 from
3088 278 88 21 Rotorua
3186 283 33 18 and

2788 301 1 31 I
2796 301 31 18 six
2838 302 50 18 from
2902 301 78 26 Tistipo,
2995 303 48 25 the/
3059 305 39 18 wilt
3115 304 39 21 find
3166 313 52 19 every

2788 323 1 28 I
2795 327 86 19 comfort
2890 328 41 19 and
2937 329 133 19 convenience
3078 332 22 16 at
3119 330 41 20 Mrj
3173 332 34 19 Gri-

2788 351 1 30 j
2796 353 64 18 h«im's
2870 354 100 18 excellent
2980 354 61 19 hotel.
3078 356 43 19 The
3137 360 82 21 g-ounda

2795 384 34 12 are
2839 379 110 22 extensivo,
2961 380 40 18 and
3012 380 34 19 the
3064 381 66 24 baths,
3147 384 40 19 free
3201 387 18 17 to

2794 404 82 19 visitors
2895 408 20 16 at
2933 406 36 18 the
2987 402 53 24 hotel
3067 413 33 13 are
3119 410 51 21 good
3184 413 35 18 and

2794 430 63 24 easily
2867 432 114 18 acC3RR»/ile.
2991 432 62 25 being
3061 433 18 19 in
3088 434 35 18 the
3132 437 88 22 grounds

2794 455 70 19 About
2880 463 12 12 a
2906 457 48 19 mile
2970 464 57 18 away
3045 459 36 19 lies
3097 459 34 19 the
3151 460 68 26 Geyser

2795 481 78 25 Valley.
2903 482 21 19 It
2933 483 17 18 is
2962 490 25 11 an
2998 485 151 19 extraordinary
3162 487 51 24 place

2794 507 56 25 quite
2860 515 12 12 a
2883 509 66 23 valley
2959 510 21 18 of
2992 516 16 11 w
3022 511 66 19 uders,
3100 511 44 19 well
3161 515 58 19 worth

2794 540 11 11 a
2815 534 47 18 visit
2873 536 20 17 to
2902 535 31 19 for
2941 535 25 19 its
2973 537 80 18 natural
3061 536 90 20 beinties
3160 539 58 21 alone.

2794 559 19 18 It
2824 560 92 18 abounds
2926 560 19 20 in
2957 561 127 26 picturesque
3095 569 67 19 peep*.
3181 565 38 21 The

2795 585 65 19 banks
2877 587 22 17 of
2914 587 35 18 the
2966 589 73 18 stream
3054 594 33 13 are
3104 588 54 20 lined
3175 592 44 20 with

2794 612 61 17 ferns.
2883 612 40 18 We
2931 613 86 18 oonntecl
3028 620 53 13 some
3092 616 25 17 20
3125 617 94 20 varieties.

2794 636 84 19 Besides
2887 637 41 18 this
2939 638 13 19 it
2964 638 17 18 is
2992 639 36 18 full
3043 640 21 17 of
3073 641 81 19 natural
3170 649 37 13 won-

2794 663 51 18 ders.
2874 663 96 19 Thirteen
2981 671 88 17 geysers,
3079 673 55 12 more
3149 674 21 12 or
3184 669 35 19 less

2793 689 71 21 active,
2876 695 34 13 are
2921 690 64 19 found
2995 697 25 12 on
3031 692 34 18 the
3074 692 65 19 banks
3155 694 20 18 of
3189 695 30 19 the

2794 718 80 15 stream.
2904 714 90 27 Perhaps
3003 716 34 19 the
3048 720 49 16 most
3109 718 86 24 striking
3205 721 14 19 is

2793 740 34 19 the
2838 741 132 25 Champagne
2981 742 107 25 Cauldron,
3100 750 12 12 a
3124 744 56 25 large
3188 746 31 19 hot.

2794 767 70 24 spring
2871 767 21 18 of
2901 767 53 19 clear
2965 772 67 18 water,
3043 769 94 20 bosomed
3154 771 19 18 in
3189 772 30 20 the

2794 792 72 18 hollow
2875 793 54 23 rock,
2940 793 39 19 full
2989 795 22 17 of
3029 801 42 18 gas,
3088 796 66 19 which
3166 798 54 20 when

2794 818 99 19 liberated
2906 819 27 24 by
2943 819 101 24 throwing
3054 821 20 19 in
3085 828 10 12 a
3106 822 53 24 piece
3169 824 20 18 of
3198 824 15 19 ti-

2793 847 43 15 tree
2845 845 66 21 scrub,
2919 845 79 19 frotb.es
3008 844 39 22 and
3058 847 91 24 sparkles
3162 848 39 20 like
3209 857 11 12 a

2794 869 54 25 glass
2860 871 21 18 of
2890 872 133 25 champagne.
3052 873 48 19 This
3109 873 23 21 is,
3143 881 29 12 wo
3187 875 33 19 be.

2794 895 58 24 lieve,
2871 896 34 19 the
2918 896 88 26 original
3023 898 131 26 Champagne
3169 901 51 24 Pool,

2794 921 34 19 the
2839 928 58 13 name
2907 923 77 25 having
2993 924 51 18 been
3055 925 103 19 borrowed
3173 927 47 20 from

2794 948 15 17 it
2819 948 32 18 for
2861 948 57 25 pools
2928 949 21 18 of
2959 956 13 12 a
2981 949 77 19 similar
3069 948 49 21 kind
3131 951 21 19 in
3168 953 53 19 other

2794 973 72 25 places.
2895 974 104 26 Pursuing
3014 982 11 11 a
3038 982 78 14 narrow
3133 978 49 24 path
3198 986 23 12 on

2794 999 34 18 the
2838 1000 57 24 right
2910 1000 54 19 bank
2980 1001 21 18 of
3017 1002 33 19 the
3066 1007 78 18 stream,
3162 1005 59 19 under

2794 1025 35 18 the
2838 1025 115 26 lender-hip
2964 1026 21 19 of
2995 1027 34 18 the
3037 1028 74 19 careful
3120 1029 39 19 and
3167 1030 53 19 intel-
3228 1035 5 9 •

2794 1052 64 23 ligent
2869 1052 62 24 guide
2942 1052 93 23 'Mack,"
3046 1061 30 11 we
3085 1061 56 12 eome
3156 1057 19 18 to
3190 1057 30 19 the

2794 1076 62 20 Great
2876 1078 40 18 and
2932 1078 62 19 Little
3010 1078 105 21 Wairakei
3131 1080 88 26 Geysers.

2795 1102 84 27 Seating
2889 1104 103 19 ourselves
3002 1111 24 12 on
3034 1112 12 12 a
3054 1105 64 20 bench
3126 1113 30 12 we
3163 1109 58 19 watch

2794 1129 33 18 the
2838 1129 80 23 former,
2932 1130 64 19 which
3015 1130 56 26 plays
3088 1139 60 17 every
3166 1140 55 14 seven

2794 1155 93 19 minutes.
2918 1156 103 23 Pursuing
3031 1164 36 11 our
3078 1165 43 17 way
3131 1165 29 12 we
3170 1165 50 14 come

2794 1183 19 17 to
2820 1181 35 19 the
2864 1181 116 26 Lightning
2989 1182 57 23 Pool,
3056 1184 65 19 where
3139 1184 33 20 the
3187 1193 35 16 gas

2794 1207 64 25 rising
2872 1207 21 19 in
2909 1208 57 23 largo
2982 1208 87 20 bubbles
3084 1210 20 18 in
3121 1210 35 19 the
3173 1212 49 19 clear

2794 1236 62 16 water
2876 1233 73 19 flashes
2973 1235 21 17 in
3019 1235 33 18 the
3075 1236 91 25 sunlight
3184 1238 37 19 like

2794 1259 111 24 lightning.
2933 1259 96 26 Cross.ng
3043 1261 34 18 tho
3097 1264 79 20 stream,
3196 1271 26 12 we

2794 1289 34 20 get
2838 1286 87 18 another
2939 1286 50 18 view
3006 1287 21 17 of
3042 1287 34 18 the
3093 1287 128 27 Champagne

2794 1311 102 19 Cauldron
2908 1318 66 12 across
2984 1312 35 18 tho
3030 1313 64 19 creek.
3124 1314 59 19 From
3199 1322 23 12 an

2794 1337 76 18 artistic
2882 1338 57 24 point
2948 1337 22 19 of
2980 1338 49 18 view
3045 1338 41 19 this
3098 1340 18 18 is
3130 1340 35 18 tho
3181 1341 41 19 best

2794 1362 56 25 place
2860 1367 19 14 to
2890 1370 33 12 see
2933 1363 16 19 it
2961 1365 59 18 from.
3055 1365 85 19 Farther
3159 1366 61 26 down,

2793 1389 53 18 after
2854 1395 12 13 a
2881 1389 99 19 scramble
2996 1396 47 13 over
3060 1391 33 19 the
3112 1392 63 22 rocks,
3197 1400 26 12 we

2793 1414 41 19 find
2846 1416 33 18 the
2892 1416 55 19 Twin
2959 1415 92 25 Geysers.
3083 1417 43 19 The
3147 1421 76 22 greater

2793 1440 57 20 Twin
2862 1443 58 23 plays
2930 1447 61 19 eveiy
3005 1442 39 18 few
3059 1443 94 19 minutes.
3186 1442 36 22 Wo

2794 1467 25 18 sit
2837 1466 58 19 down
2912 1468 91 24 opposite
3021 1468 39 19 and
3079 1469 47 18 wait
3144 1470 31 19 for
3192 1471 30 19 tho

2794 1492 71 19 Prince
2883 1494 21 17 of
2921 1489 75 26 Wales,
3016 1494 64 19 which
3093 1495 59 24 plays
3166 1502 56 18 every

2794 1519 42 18 halt
2848 1520 56 17 hour.
2941 1520 76 17 Wiiiist
3031 1520 84 23 waiting
3132 1522 47 19 here
3196 1530 26 11 wo

2794 1545 76 18 admire
2882 1546 34 17 tho
2936 1545 91 19 tumbled
3043 1552 76 14 masses
3135 1548 22 18 of
3170 1549 51 21 rock,

2793 1571 70 19 coated
2881 1571 47 19 with
2945 1577 12 13 a
2975 1572 59 18 white
3053 1576 60 19 crust,
3129 1573 57 25 lying
3204 1574 18 19 in

2795 1597 44 19 wild
2846 1597 106 19 confusion
2961 1597 71 19 before
3046 1604 29 16 us,
3094 1599 88 19 relieved
3198 1600 24 20 hv

2794 1623 33 19 the
2838 1623 85 19 delicate
2933 1630 60 17 green
3005 1623 21 19 of
3036 1624 33 18 the
3086 1624 61 19 ferns.
3182 1626 40 19 Tho

2793 1649 43 19 The
2855 1649 72 19 Piiice
2942 1650 21 18 of
2979 1649 72 19 Wales
3066 1650 75 23 Geyser
3158 1652 64 19 shoots

2793 1681 34 13 out
2838 1679 39 15 two
2887 1675 86 19 delicate
2985 1681 70 20 sprays
3072 1676 93 26 laterally
3180 1684 21 12 in
3213 1685 10 12 a

2794 1703 51 18 form
2855 1701 124 24 resembling
2990 1702 33 18 the
3038 1702 68 20 Prince
3116 1704 21 18 of
3156 1703 65 20 Wales

2794 1729 94 18 feathers.
2930 1727 19 18 It
2970 1727 47 25 only
3036 1727 56 26 plays
3114 1729 32 19 for
3165 1736 57 13 seven

2793 1753 88 21 seconds,
2894 1753 39 19 and
2943 1760 52 18 upon
3006 1753 33 19 the
3050 1755 90 19 occasion
3152 1756 20 18 of
3188 1762 34 13 our

2792 1781 47 18 visit
2863 1779 40 19 His
2933 1779 61 25 Koyal
3017 1779 104 25 Highness
3130 1781 35 19 did
3191 1784 31 17 not

2792 1807 58 18 favor
2860 1813 24 12 us
2894 1805 48 19 with
2950 1812 49 12 even
3011 1812 21 11 so
3051 1805 48 26 long
3118 1813 26 12 an
3166 1808 44 18 exhi-

2793 1833 62 18 bition
2867 1840 21 11 a-
2900 1833 49 21 that,
2959 1831 37 19 but
3015 1831 15 19 it
3048 1838 38 13 win
3111 1833 111 25 refreshing

2792 1863 20 14 to
2822 1862 42 16 rest,
2873 1859 20 19 in
2905 1858 41 19 this
2956 1857 64 24 shady
3036 1858 58 19 nook.
3124 1858 57 20 ITard
3198 1859 24 25 by

2792 1885 16 18 is
2819 1885 34 18 tho
2865 1884 51 19 Blue
2926 1884 54 21 Pool,
2990 1890 44 11 now
3043 1884 67 24 partly
3118 1884 104 26 destroyed

2792 1911 26 23 by
2831 1918 10 11 a
2852 1910 99 25 landslip;
2966 1909 33 19 the
3017 1909 80 25 Eagle's
3118 1911 54 23 Nest,
3191 1911 33 19 the'

2792 1937 80 20 sidesof
2883 1935 63 21 which
2958 1943 34 10 are
3003 1936 77 19 formed
3094 1937 22 18 of
3132 1937 90 24 petrified

2792 1963 61 18 sticks
2864 1962 65 19 which
2942 1962 49 18 have
3005 1962 58 17 lake::
3076 1963 34 18 the
3121 1963 51 19 form
3182 1964 21 17 of
3213 1971 9 12 it

2792 1990 54 24 huge
2855 1990 44 17 bird
2909 1995 9 12 s
2932 1993 49 14 nest,
2999 1988 38 18 and
3056 1989 32 16 the
3104 1988 38 19 Cor
3149 1989 14 18 .1
3179 1990 37 19 Ter
3218 1988 4 26 ;

2791 2022 51 15 race,
2855 2021 11 13 a
2876 2015 109 19 miniature
2996 2018 75 14 tcrr-we
3081 2015 20 18 of
3112 2014 69 24 bright
3190 2014 32 21 red

2792 2041 96 19 hematite
2899 2040 85 26 depo-.it.
3012 2040 64 18 There
3093 2041 17 17 is
3129 2041 41 18 also
3190 2042 33 18 tho'

2792 2067 63 19 Black
2875 2067 81 24 Geyser,
2975 2065 30 19 wh
3008 2071 11 8 n
3021 2073 20 10 se
3056 2066 48 25 inky
3121 2066 53 20 sides
3192 2075 30 11 aro

2791 2091 78 20 stained
2896 2092 46 19 with
2977 2098 121 17 manganese
3111 2099 5 13 :•
3146 2092 76 21 Satin's

2791 2119 113 24 Footprint,
2916 2117 68 21 Hell's
2995 2117 77 23 Mouth,
3084 2118 39 19 and
3140 2119 35 19 the
3185 2124 39 14 two'

2791 2145 77 25 boiling
2879 2144 106 20 mudholos
2996 2144 71 18 known
3079 2151 22 12 as
3118 2145 35 19 the
3172 2146 49 18 Milk

2791 2171 50 18 Pool
2853 2171 40 19 and
2905 2171 34 18 tho
2951 2169 99 25 Porridge
3061 2169 44 21 Pot.
3133 2170 89 26 Perhaps

2791 2197 33 19 the
2844 2198 89 24 greatest
2947 2196 96 23 curiosity
3061 2197 20 18 of
3100 2195 28 20 all
3153 2197 17 19 is
3190 2198 34 18 the'

2791 2225 67 17 Steam
2874 2223 104 19 Hammer'.
3006 2221 46 19 You
3071 2222 57 18 stand
3146 2230 47 12 over
3212 2230 10 12 a

2791 2249 40 19 still
2845 2247 3 27 |
2857 2249 31 18 00l
2900 2249 40 18 and
2952 2248 49 18 hear
3012 2247 31 19 far
3053 2248 65 18 below
3128 2249 34 18 tho
3173 2249 48 25 deep

2884 2275 56 23 ihud,
3036 2280 21 12 as
3067 2275 20 18 of
3100 2281 55 12 sonw
3165 2282 45 12 enor-

2791 2308 57 12 mous
2866 2301 92 19 hammer
2978 2300 74 18 hidden
3072 2306 57 14 awav
3148 2301 20 19 in
3189 2302 31 18 tho

2791 2328 74 18 bowels
2878 2327 21 19 of
2909 2326 33 20 the
2952 2326 65 19 earth.
3046 2326 20 19 It,
3085 2327 36 18 has
3141 2333 12 12 a
3171 2330 50 16 most

2791 2360 93 16 uncanny
2895 2352 63 20 effect.
2989 2352 45 19 You
3044 2359 34 12 can
3088 2359 33 13 see
3128 2353 91 24 nothing,

2791 2380 120 24 everything
2922 2378 77 19 around
3010 2378 17 18 is
3036 2378 47 22 still,
3097 2379 68 18 whilst
3181 2379 41 19 this

2790 2406 64 23 heavy
2865 2405 111 25 thumping
2994 2404 16 18 is
3028 2404 112 25 c'oritinully
3159 2405 61 25 going

2790 2438 23 13 on
2826 2432 87 18 beneath
2927 2437 51 18 your
2992 2430 46 19 feet.
3066 2430 43 19 The
3126 2437 60 13 cause
3205 2432 15 18 is

2790 2461 34 15 not
2834 2458 98 24 precisely
2951 2456 80 19 known.
3068 2456 20 19 It
3106 2463 47 19 may
3170 2458 50 19 arise

2790 2484 50 18 from
2852 2484 33 18 the
2907 2484 84 22 beating
3010 2483 21 17 of
3050 2482 34 19 the
3100 2486 61 16 water
3179 2484 41 18 into

2790 2517 53 11 some
2852 2510 73 18 hollow
2935 2509 21 18 of
2966 2508 34 19 the
3011 2508 57 19 rocks
3078 2509 142 25 underground

2789 2538 40 17 We
2837 2538 73 17 cannot
2920 2534 85 26 pretend
3017 2537 19 15 to
3049 2534 90 19 describe
3152 2541 57 19 every-

2789 2562 60 25 thing
2860 2562 20 18 in
2891 2561 41 19 this
2942 2557 54 28 truly
3019 2560 111 19 wonderful
3148 2562 72 24 valley.

2789 2585 19 22 It
2819 2588 17 18 is
2845 2588 57 25 quite
2913 2587 83 24 unique,
3012 2586 38 20 and
3069 2587 65 25 ought
3153 2594 24 12 on
3197 2594 24 13 no

2790 2617 84 16 account
2883 2616 21 17 to
2916 2617 23 14 ho
2949 2612 80 20 missed.
3059 2612 31 20 No
3101 2613 58 19 other
3175 2618 45 21 part

2790 2639 20 20 of
2820 2640 34 19 the
2862 2639 85 19 thermal
2955 2639 78 18 district
3041 2639 36 18 has
3085 2640 100 24 anything
3201 2642 19 16 at

2790 2665 25 20 all
2826 2668 20 16 to
2857 2666 54 18 show
2923 2662 40 23 like
2975 2665 22 18 it.
3012 2665 24 18 In
3043 2665 58 18 other
3108 2664 65 25 places
3187 2666 33 19 tho

2790 2693 34 18 hot
2835 2693 81 24 springs
2926 2691 39 19 and
2982 2697 82 17 geyseis
3081 2691 27 19 lie
3125 2691 20 19 in
3165 2691 55 24 bare,

2790 2719 72 18 barren
2873 2720 55 22 spots
2938 2717 47 19 with
2996 2723 26 13 no
3038 2717 121 26 interesting
3177 2724 33 12 sur-

2790 2743 117 21 fotfridirtes.
2937 2743 26 19 At
2975 2743 103 18 Wairakei
3088 2750 28 12 we
3123 2743 51 19 have
3186 2744 33 18 tho

2790 2777 54 11 same
2854 2770 39 18 and
2905 2771 79 24 greater
2994 2769 90 18 wonders
3106 2769 20 19 of
3149 2771 70 18 nsture

2789 2796 140 18 concentrated
2936 2796 20 18 in
2968 2802 11 12 a
2986 2795 65 21 valley
3062 2796 20 18 of
3092 2795 127 25 picturesque

2791 2823 78 23 beauty,
2883 2823 66 17 whore
2955 2822 35 18 the
2998 2821 58 19 artist
3065 2818 41 22 will
3114 2821 24 18 be
3146 2824 61 22 tempt-

2791 2849 22 18 ed
2833 2851 20 16 to
2864 2848 47 19 take
2921 2850 35 16 out
2966 2847 32 19 his
3012 2847 69 19 sketch
3100 2847 60 24 book,
3180 2844 40 23 and

2791 2875 33 19 the
2833 2874 100 19 botanists
2952 2873 41 20 will
3013 2873 72 23 gather
3103 2873 116 20 specimens.

2790 2901 19 18 It
2828 2908 46 16 may
2895 2900 64 25 justly
2979 2900 24 17 bo
3110 2900 43 17 The
3171 2899 49 20 Gem

2791 2927 19 18 of
2820 2927 35 18 tho
2865 2927 44 18 Hot
2918 2923 66 22 Lakes
2995 2922 104 23 District.'''
3133 2925 42 19 The
3186 2932 23 12 en-

2791 2955 67 16 trance
2868 2953 17 18 is
2897 2952 47 24 only
2953 2959 12 12 a
2976 2952 46 18 milo
3038 2952 52 18 front
3106 2951 34 19 tho
3159 2951 60 19 hotel.

2791 2979 17 18 A
2823 2979 61 24 guide
2895 2979 16 17 is
2922 2977 113 24 absolutely
3053 2983 112 18 necessary,
3184 2978 37 18 but

2791 3006 56 17 there
2856 3011 34 12 are
2900 3004 65 19 Maori
2977 3004 46 17 (oils
3038 3000 140 23 .Theßniiids.
3186 3004 34 17 the

2792 3028 61 21 Iluka
2867 3030 63 23 Falls,
2942 3030 38 18 and
2992 3030 34 17 the
3043 3025 55 23 Blow
3118 3029 54 19 Hole
3189 3033 33 15 aro'

2791 3056 42 19 also
2845 3056 46 19 well
2901 3056 65 19 worth
2980 3055 75 23 seeing.
3087 3054 105 26 Speaking
3203 3061 19 12 us

2791 3082 140 20 disinterested
2942 3080 110 25 travellers',
3068 3084 34 16 not
3116 3077 106 23 connected

2791 3109 48 18 with
2851 3109 34 18 the
2896 3108 84 21 district,
2996 3114 29 11 we
3045 3107 90 24 strongly
3156 3107 66 18 advise

2791 3134 82 19 tourists
2888 3134 26 25 by
2930 3140 25 13 no
2976 3140 67 12 means
3062 3135 19 17 to
3100 3133 48 19 miss
3166 3133 58 19 Wai-~

2791 3161 63 17 rakei.

1102 82 59 23 TllE
1187 82 59 23 SOT
1274 86 92 20 LAKES
1395 83 172 27 CftRONIOLE,
1596 86 161 23 SATURDAY,
1785 86 137 21 JANUARY
1950 90 18 22 2,
1985 87 50 18 1897.

207 304 127 23 (Formerly
342 304 40 18 the
391 304 147 21 Parsonage.)

119 404 161 25 SITUATION
299 402 195 27 UNRIVALLED.

634 340 248 32 B.OTOB.UA,

250 460 176 26 EXCELLENT
446 457 234 27 TESTIMONIALS.

103 555 57 24 Mrs
176 555 28 24 D.
224 551 200 32 GRIFFITHS,

283 664 192 19 TARIFF—Two
489 663 101 19 Guineas
602 667 42 17 per
655 660 72 19 week.

238 708 85 17 Special
335 709 69 16 Terms
416 712 38 13 ion
467 708 44 16 Two
525 707 74 16 Weeks
611 709 42 14 and
666 708 103 14 urvAitns.

113 945 65 19 NION
186 945 146 19 STEAMSHIP
335 944 126 20 COMPANY
464 943 28 19 OF

159 969 60 18 NEW
231 969 121 17 ZEALAND
361 967 88 19 Limited,

127 1006 122 16 I'KOPOaKD
260 1005 168 16 DKl'.illiUKKs.

75 1074 130 18 l»>n«JJi;3jiV>Ty
206 1068 3 28 r
210 1068 4 28 ,
220 1070 45 17 TkiTO-
268 1068 85 28 iitr^^^S

249 1349 110 22 PARKER,
381 1350 54 17 AND
456 1349 31 17 CO

84 1419 95 23 Splendid,
190 1420 162 23 Well-appointed
357 1419 94 18 Steamers
455 1418 37 18 will

61 1442 23 18 be
92 1442 113 23 despatched
215 1444 46 16 from
272 1445 118 17 Auckland,
400 1448 21 10 as
435 1441 57 17 under

60 1465 95 24 (weather'
165 1465 38 18 and
222 1466 54 18 other
292 1466 143 18 circumstances
451 1470 31 16 per-

61 1488 84 23 mitting)
153 1493 28 12 :

61 1512 39 17 FOR
108 1510 135 23 GISBORNE,
250 1512 103 19 NAPIER,
361 1510 115 18 WELLING-

82 1535 56 17 TON.
150 1534 156 21 LYTTELTON,
317 1535 15 17 &
341 1534 129 19 DITNEDIN,

62 1558 114 17 Tasmania.
185 1558 1 20 .
193 1558 114 20 ..Tuesday,
315 1558 45 17 Dec.
370 1558 58 18 29,12
437 1563 55 11 noon-

63 1581 99 21 Anglian,
169 1581 101 20 Tuesday,
277 1581 44 17 J;m.
335 1581 55 19 12,12
398 1585 56 12 noon.

186 1627 51 17 FOR
252 1627 112 19 SYDNEY,

106 1648 113 24 (.Returning
232 1651 19 17 to
259 1649 99 18 Auckland
367 1648 80 24 Direct-)

60 1672 93 24 Carrying
172 1672 113 24 Passengers
306 1673 30 17 for
357 1672 135 21 Melbourne,

71 1696 55 18 other
130 1696 130 18 Australian
268 1696 71 20 Ports,
347 1696 36 16 and
389 1696 91 18 Houaht,

63 1724 100 19 Anglian,
212 1723 152 21 Monday,.Dec.
378 1723 28 20 28,
423 1724 10 15 -l
447 1728 45 17 p.m.

63 1747 105 17 Tasmania
217 1746 98 20 Monday,
323 1746 44 18 Jan.
379 1747 27 19 11,
420 1749 10 13 4
446 1751 45 17 p.m.

85 1773 29 18 All
125 1773 73 18 Tickets
205 1779 30 12 are
245 1773 91 18 available
345 1773 39 17 also
398 1773 30 17 for
437 1773 44 22 Stop-

62 1802 43 12 over
114 1802 20 12 or
143 1796 70 18 Return
227 1797 25 22 by
265 1797 54 16 ANY
336 1796 84 19 UNION
434 1796 58 17 CO.'S

63 1819 138 22 STEAMERS,
211 1815 37 21 ami
255 1819 74 18 holders
339 1820 20 17 of
366 1818 67 19 D.S.S.
451 1819 41 17 Go's

63 1842 73 18 Tickets
157 1848 41 17 may

61 1865 137 19 TASMANIA.

259 1843 16 17 el
291 1843 26 19 by
338 1842 116 18 ANGLIAN
473 1848 19 10 or

158 1894 21 18 L.
193 1895 24 16 D.
226 1895 108 17 NATHAN
348 1894 14 18 &
376 1895 45 19 CO.,

388 1917 73 20 Agents

63 1980 217 45 Rotorua
301 1978 170 49 Sights

61 2060 96 23 rjUiIPS
180 2059 140 18 ARRANGED
335 2060 20 17 to
376 2059 61 18 ALL
458 2058 32 19 the

66 2077 24 25 X
122 2082 106 18 SIGHTS
239 2083 18 17 in
266 2083 32 17 the
306 2083 80 17 District
392 2083 24 22 by
426 2082 62 21 coach,

59 2105 137 18 steam-launch
206 2111 20 12 or
235 2106 59 18 horse.

82 2128 88 23 Through
180 2135 87 16 passages
276 2129 74 17 booked
364 2130 20 15 to
397 2128 81 23 Welling-

58 2152 34 17 ton
101 2151 30 18 via
139 2151 98 21 Wairakei,
252 2152 64 23 Taupo
330 2152 37 17 and
383 2152 70 21 Napier
470 2157 21 11 or

59 2175 32 16 the
99 2174 105 18 celebrated
214 2174 104 24 Wanganui
327 2175 57 17 River
392 2175 68 17 Route.

127 2205 153 26 LOWEST
298 2206 123 25 RATES.

59 2262 96 18 GUIDE
179 2261 101 20 BOOKS
306 2267 29 12 on
360 2262 52 18 Sale
444 2261 45 18 and

151 2284 150 19 distribution
314 2284 80 24 gratis.

133 2330 72 19 THOS.
216 2331 68 18 COOK
296 2331 54 18 AND
363 2331 54 20 SON,

112 2364 99 18 Hinemoa
231 2364 83 22 Street,
338 2361 104 21 Rotorua-

147 2439 83 26 THE
249 2439 137 26 MAILS.

88 2518 145 20 BOTORUA
246 2518 74 19 POST
340 2518 116 19 OFFICE.

125 2567 68 18 Mails
203 2567 61 18 close
273 2573 27 12 as
308 2567 75 18 under
392 2573 27 12 :

225 2596 97 18 Monday.

59 2628 43 18 For
112 2627 120 23 Tauranga
241 2628 25 17 at
275 2628 54 18 6.30
338 2632 52 14 a.m.

80 2665 10 8 „
117 2650 125 19 Auckland
263 2651 47 18 and
327 2650 163 19 intermediate

115 2674 83 21 offices,
209 2673 54 19 7.30
272 2679 52 13 a.m.

221 2706 102 16 Tuesday.

59 2736 42 19 For
118 2736 125 18 Auckland
259 2736 46 18 and
325 2736 164 18 intermediate

118 2759 84 22 offices,
211 2759 53 19 7.30
273 2764 51 14 a,m.

80 2797 11 7 ~
117 2782 168 19 Rotornaßoad
291 2782 78 24 Camp,
376 2783 55 18 9.30
437 2788 52 13 a.m,

80 2820 11 8 „
118 2805 96 18 Cralatea
222 2806 46 17 and
282 2805 136 24 Waiotapu,
436 2806 54 19 7.30

118 2834 54 17 p.m.

81 2867 11 7 „
118 2852 85 22 Taupo,
221 2851 122 22 Atiamuri,
364 2851 125 23 Wairakei,

120 2875 46 18 and
175 2875 90 22 Napier,
277 2875 53 18 7.30
342 2880 53 18 p.m.

203 2906 138 19 Wednesday.

60 2938 45 18 For
115 2937 124 19 Auckland
259 2938 47 18 and
329 2938 162 18 intermediate

122 2961 83 22 offices,
216 2961 53 19 7.30
277 2966 53 14 a.m.

212 2990 118 18 Titoesday.

59 3030 45 18 For
120 3029 125 19 Auckland
261 3029 46 19 and
329 3030 162 18 intermediate

122 3052 83 22 offices,
216 3053 54 18 7.30
278 3058 52 14 a.m.

83 3091 10 7 ~
120 3076 95 21 Matata,
230 3076 155 23 Pongakawa,
404 3076 85 22 Ohiwa,

121 3098 155 23 Whakatane,
285 3099 101 23 Opotiki,
393 3100 98 18 Maketu.

121 3122 46 18 and
176 3122 30 18 Te
216 3122 69 22 Puke,
297 3121 54 20 7.30
359 3128 53 17 p.m.

230 3154 87 17 Friday.

61 3184 45 19 For
115 3184 127 24 Tauranga,
252 3185 53 18 6.30
314 3190 52 14 a.m.

84 3222 10 8 ~
120 3207 123 18 Auckland
265 3208 46 18 and
331 3208 161 19 intermediate

122 3230 82 23 offices,
215 3230 53 19 7.30
277 3236 51 13 a.m.

85 3268 11 8 „
124 3253 83 24 Taupo,
226 3254 124 22 Atiamuri,
367 3254 47 18 and
431 3255 48 18 Wai-

125 3276 70 23 rakei,
205 3276 54 19 7.30
268 3283 53 17 p.m.

65 3340 45 18 For
122 3340 96 22 Matata,
233 3340 154 23 Pongakawa,
406 3341 86 22 Ohiwa,

124 3363 155 22 Whakatane,
287 3363 100 23 Opotiki,
396 3364 98 18 Maketu

125 3386 46 18 and
179 3386 31 18 Te
219 3386 70 22 Puke,
300 3385 54 20 7.30
362 3392 52 18 p.m.

63 3430 52 17 THE
127 3429 115 19 ENGLISH
254 3430 66 17 MAIL
335 3432 36 15 via
390 3430 103 18 'FRISCO.

88 3483 79 18 Closes
172 3483 109 22 Rotorua,
291 3483 90 22 Friday,
388 3483 59 19 Nov.
457 3482 35 23 27,

65 3507 24 16 at
98 3505 54 19 7.30
160 3511 59 17 a.m.,
229 3506 45 18 due
289 3506 24 18 in
327 3506 98 18 London
439 3506 53 18 Dec.

65 3528 62 19 30th.

96 3579 61 17 POST
169 3580 92 17 OFFICE
275 3580 188 19 REGULATIONS.

89 3627 46 19 The
145 3628 69 18 Office
223 3628 20 18 is
252 3634 60 17 open
320 3629 36 18 for
364 3629 40 18 the
414 3629 49 18 sale
472 3629 26 18 of

65 3651 96 22 stamps,
171 3651 101 23 delivery
287 3652 46 18 and
346 3652 149 23 registration

66 3674 26 17 of
98 3674 87 21 letters,
195 3674 87 23 receipt
296 3675 26 18 of
333 3675 96 23 parcels,
447 3675 46 22 &c,

66 3697 61 18 from
134 3697 16 17 9
159 3702 50 13 a*m.
219 3698 26 18 to
254 3698 14 18 5
277 3703 54 18 p.m.

91 3720 45 18 For
153 3724 83 19 money
254 3721 66 18 order
336 3721 47 18 and
400 3721 96 23 savings

66 3743 63 18 bank
142 3742 112 23 business,
270 3744 14 18 9
299 3749 52 14 a.m.
368 3745 25 17 to
410 3744 15 18 4
442 3749 55 18 p.m.-

67 3765 135 25 Saturdays,
212 3766 14 18 9
235 3772 52 13 a.m.
297 3767 25 18 to
331 3767 15 18 5
355 3772 52 18 p.m.

90 3789 45 19 For
144 3789 119 23 telegraph
279 3790 113 21 business,
407 3790 61 18 from
482 3791 15 17 9

68 3817 50 14 a.m.
128 3812 26 17 to
163 3812 15 18 5
188 3817 52 17 p.m.

92 3836 98 21 Letters,
201 3834 74 19 books
292 3836 46 18 and
349 3841 148 17 newspapers

68 3858 75 18 canbe
148 3857 127 24 registered
281 3859 25 17 to
313 3864 47 18 any
368 3861 53 21 part
428 3860 24 18 of
458 3860 40 18 the

68 3881 73 19 world
150 3886 30 12 on
188 3882 111 21 payment
310 3886 22 14 oi
349 3888 13 12 a
375 3883 36 17 fee
428 3882 26 18 of
468 3883 30 17 3d

67 3904 24 19 in
98 3904 104 18 addition
209 3904 24 17 to
238 3904 39 17 the
282 3905 108 23 ordinary
393 3906 103 22 postage.

91 3927 47 18 The
148 3926 70 19 Office
226 3926 47 19 will
279 3932 93 19 re-open
381 3934 30 13 on
419 3928 67 19 Satur-

68 3950 58 26 days
135 3950 55 23 only
199 3950 36 18 for
248 3949 28 19 15
291 3951 101 19 minutes
407 3951 37 18 for
459 3952 39 18 the

68 3973 103 23 delivery
184 3973 26 18 of
223 3973 82 18 letters
319 3974 59 18 after
391 3974 41 18 the
445 3975 54 17 mail

69 3996 102 23 arriving
179 3996 26 18 at
213 3995 53 20 7.40
275 4001 53 18 p.m.
338 3996 20 19 is
367 3998 84 18 sorted.

215 4019 25 19 R.
255 4018 26 20 D.
299 4018 130 24 DANSEY,

325 4042 150 20 Postmaster.

234 4090 190 18 KNOWN.—Views
437 4092 20 17 of
470 4092 31 17 the

87 4114 28 18 TT
159 4113 78 17 District
246 4113 19 17 in
274 4114 75 21 pliotos,
359 4114 34 16 oils
402 4113 99 20 anclSvater

71 4135 79 20 «olours,
160 4137 19 16 to
188 4136 23 17 be
219 4136 38 17 luid
264 4139 20 15 at
292 4137 116 17 Ciieoxicle
415 4137 63 17 Office.

641 856 26 13 BY
679 855 149 14 APPOINTMENT*

730 1060 7 1 _
754 1044 15 18 .1
792 1041 157 26 JEWELLER,

596 1069 60 19 AISD
674 1065 196 28 SILVEESMITH,

519 1104 100 25 QUEEN
640 1103 126 29 STREET,
783 1103 166 26 AUCKLAND.

710 1144 41 13 AND

553 1171 27 24 B.
603 1170 191 25 PETERSEN
810 1171 24 24 &
851 1169 66 32 CO.,

521 1211 62 24 High
604 1211 84 23 Street,
707 1210 242 20 CHRISTCHURCH,

541 1260 118 17 HIGHEST
672 1259 108 18 AWARDS
790 1259 137 18 OBTAINED.

518 1295 75 14 Sv,ln,.v
602 1294 119 20 Inhibition,
730 1295 50 19 1579,
791 1294 37 16 and
840 1293 109 19 Melbourne

647 1314 76 20 Exhibit
727 1317 36 18 ion,
775 1316 50 18 1800'.

743 1457 31 17 JS
849 1460 65 14 MARK.

672 1575 55 19 ASK
744 1571 53 23 FOil

519 1626 428 46 HANCOCKS'

641 1698 182 22 CELEBRATED

696 1751 86 32 xxxx

625 1809 212 51 ALES,

644 1872 59 13 MADE
711 1872 55 13 FROM
775 1871 41 14 THE

521 1902 114 31 FINEST
661 1902 87 31 KALT
769 1901 64 31 AND
851 1901 95 37 KOPS,

554 1990 52 14 FREE
619 1989 55 14 FROM
686 1990 39 13 ALL
738 1989 127 14 ANTISEPTICS
879 1990 24 13 OH

621 2013 139 16 DELETERIOtfS
778 2016 64 13 ACIDS.

519 2079 137 33 CAPTAIN
679 2080 82 31 COOK
779 2079 166 38 BREWERY,

618 2123 191 20 NEWMARKET.

547 2209 56 18 OHN
628 2209 16 17 I.
675 2208 106 17 PHILIPS
813 2208 53 17 AND
900 2208 45 21 CO.,

623 2236 75 13 MIXING
712 2236 120 16 ENGINEERS,

561 2259 129 14 AUTHORISED
705 2259 76 12 MINING
795 2259 42 12 AND
846 2259 53 13 LAND

514 2324 54 18 Head
578 2324 68 17 Office-:
670 2324 106 22 Halyday's
793 2324 105 23 Buildings,
917 2324 28 20 20,

582 2347 178 21 Shoi'tland-street,
770 2347 105 17 Auckland.

514 2376 43 18 P.O.
567 2376 42 17 Box
618 2377 40 17 332.
790 2375 105 22 Telephone
904 2376 41 16 986.

514 2404 57 18 Cable
578 2403 83 18 Address
670 2402 3 21 :
686 2404 136 19 Theodolite,
840 2402 105 18 Auckland.

640 2450 77 17 Branch
733 2449 66 17 Offices
807 2449 4 18 :

514 2478 170 20 WIIAEF-STKEET,
695 2477 138 18 PaEKOA—MY
837 2477 22 18 If.
868 2478 23 16 A.
898 2479 36 16 Cnt-

537 2502 38 20 ten,
586 2502 53 19 C.E.,
649 2501 77 23 Mining
739 2500 94 23 Surveyor
845 2500 19 18 in
877 2500 69 23 Charge

537 2525 20 16 of
566 2524 80 18 district.

514 2548 168 19 Bwnvx-STitEET,
692 2547 140 17 Thames—Mr
844 2547 66 17 Albert
927 2546 18 17 S.

537 2571 69 19 Alloni,
616 2570 42 17 Min
668 2576 28 16 ng
705 2570 92 22 Surveyor
805 2570 20 17 in
842 2570 68 22 charge
927 2570 20 17 of

537 2594 78 16 district.

514 2617 100 17 Kai'AXoa
635 2616 64 20 Road,
721 2615 139 18 Coromaxtcel
922 2615 24 18 0.,

537 2640 41 17 Box
597 2640 26 17 17.
649 2640 31 16 Mr
696 2639 23 17 E.
736 2639 26 16 11.
780 2639 73 21 Hardy,
870 2639 77 22 Mining

537 2662 94 22 Surveyor
639 2662 19 17 in
668 2662 68 22 charge
745 2663 20 16 of
773 2662 79 17 district.

516 2728 293 46 EhrenMed
823 2728 122 45 Bros

658 2781 142 25 BREWERS,

595 2817 109 18 ALBERT
719 2813 146 27 BREWERY,

539 2853 217 24 QTJEENrbTKEET,
770 2852 157 20 AUCKLAND

539 2905 67 17 WINE
618 2905 50 16 AND
680 2904 80 17 SPIRIT
770 2904 154 19 MERCHANTS,

558 2933 122 16 BOTTLERS
692 2932 51 16 AND
760 2931 142 21 IMPORTERS,

600 2956 27 18 •13,
642 2958 133 13 QUEEN-tTKELT
792 2958 68 11 WIIAI.F.

607 3006 51 11 I'HIZK
670 3005 59 12 ITEEAIi
740 3006 35 11 M!li
786 3005 71 12 AWARDS

518 3031 22 13 At
549 3028 28 16 the
592 3027 90 17 following
699 3026 111 17 Exhibitions
825 3026 27 15 fnr
860 3031 31 10 our
900 3026 37 15 well-

611 3050 62 14 known
687 3048 45 16 Bulk
741 3048 32 15 unci
783 3048 68 15 Bottled

627 3069 48 17 ALE
687 3069 51 16 AND
750 3069 85 17 STOUT:

516 3097 68 17 Sydney
593 3097 126 15 International
728 3095 107 18 Exhibition,
846 3097 47 15 IS7S.

517 3118 101 17 Melbourne
626 3118 126 16 International
759 3117 107 18 Exhibition,
877 3116 68 17 1880-81

517 3140 42 16 New
568 3138 72 18 Zealand
649 3138 206 20 IndustrialExhibilion,
859 3137 77 21 Welling-

559 3165 34 14 ton,
606 3161 47 16 1885.

516 3182 43 16 New
578 3182 75 16 Zealand
668 3181 33 16 find
716 3182 53 15 South
782 3181 41 15 Seas
839 3180 108 16 Exhibition.

559 3203 87 16 Diniedin.
658 3203 78 16 1889-90.

517 3225 21 16 In
546 3224 77 16 addition
632 3225 18 15 to
659 3224 54 15 above
720 3224 44 15 huve
782 3224 41 15 been
839 3222 78 17 nwoided
931 3224 17 14 at

559 3246 105 14 Taummian
696 3245 108 19 lixbibitiou,
832 3244 116 20 Launeebton,

562 3267 77 16 18K1-92.

602 3297 59 16 FIVE
673 3297 70 16 FIRST
760 3297 103 16 AWARDS

717 3323 33 12 FOE

529 3340 9 16 1
545 3340 50 17 TIE
607 3340 111 16 IOIILID
731 3340 59 16 ALES
807 3339 51 16 AND
875 3338 75 18 3T«,VT

548 3424 65 23 Geld
626 3424 87 22 Medal
722 3424 28 22 cf
760 3424 165 22 Australasia

523 3486 89 23 ETJIK
625 3485 69 24 AHD
715 3486 143 23 EOTTLED
872 3486 66 23 ALE

611 3537 54 17 Havii
673 3543 11 13 z
693 3544 10 9 a
713 3537 56 21 Large
778 3538 51 15 Sioek
838 3539 17 15 of

629 3575 48 16 ALE
689 3573 52 18 AND
753 3575 82 19 STOUT,

522 3605 68 16 Bottled
599 3605 16 15 in
625 3609 51 15 quart
685 3605 34 15 and
734 3605 39 19 pint
869 3605 82 20 ppecially

521 3626 65 16 brewed
595 3626 27 15 for
630 3626 29 17 ilie
668 3631 73 10 Rummer
751 3626 53 17 tiade,
814 3626 55 15 which
878 3631 27 10 are
913 3631 38 10 now

521 3647 103 20 thoroughly
633 3647 86 17 matured,
731 3652 31 10 can
776 3647 42 15 with
833 3652 51 14 every
898 3647 44 15 confi-

520 3669 51 15 dmce
583 3668 106 16 recommend
705 3673 47 10 same
767 3671 18 12 to
799 3673 119 10 connoisseur*
934 3674 17 9 us

520 3689 59 16 second
588 3692 18 13 to
614 3694 45 11 none
669 3690 15 15 in
696 3690 28 15 the
733 3689 71 18 Colony.

1084 321 35 18 AN
1124 321 19 18 D
1147 320 53 20 SUB
1205 321 69 20 (JEBS
1283 322 34 19 OF
1324 322 66 19 ROTO-

1036 347 59 20 RUA,
1115 347 52 17 HOT
1184 347 84 18 LAKES
1280 348 125 20 DISTRICT,

973 370 50 18 FOE
1035 370 82 18 LEASE
1129 370 36 17 BY
1176 370 96 18 PUBLIC
1285 371 120 17 AUCTION.

998 420 73 19 Notice
1094 419 18 19 is
1130 419 77 24 heieby
1226 420 61 25 given
1306 421 46 18 that
1371 421 34 17 the

972 445 182 19 undermentioned
1162 445 68 23 Town,
1240 446 115 23 Suburban,
1365 447 40 18 and

972 471 65 19 Rural
1059 471 88 19 Sections
1155 471 21 18 in
1186 471 34 19 the
1230 472 62 18 Town
1312 473 41 18 and
1367 474 26 17 Su-

973 498 62 18 burbs
1046 497 22 18 of
1080 498 94 21 Rotorua,
1186 497 42 19 will
1239 498 24 18 be
1279 499 76 18 offered
1374 499 31 18 for

972 523 64 19 Lease
1046 523 27 24 by
1080 522 69 25 public
1158 523 86 23 auction,
1256 526 32 17 for
1294 531 12 12 a
1322 528 52 15 term
1385 526 20 17 of

972 549 126 25 niuetynine
1108 555 64 17 years,
1183 552 22 15 at
1216 550 35 18 the
1261 553 59 21 upset
1330 551 75 18 annual

972 577 65 16 rental
1044 574 61 19 noted
1117 574 69 20 below,
1195 579 20 14 at
1225 576 35 18 the
1271 570 133 30 Courthouse,

972 601 97 22 Rotorua,
1084 607 26 12 on
1125 600 162 24 THURSDAY,
1306 603 35 18 the
1360 603 45 19 21st

972 627 98 24 January,
1084 627 55 22 1897,
1152 630 21 15 at
1186 626 70 19 eleven
1266 628 75 19 o'clock
1358 635 46 13 a.m.

1077 660 62 20 Tows
1153 666 23 13 oi'
1195 660 106 22 Rotorua.

998 696 70 19 Block
1078 694 140 19 IX—Section
1229 697 18 21 5,
1259 698 25 22 lr,
1297 702 59 20 upset
1369 704 24 13 an-

972 723 49 18 nual
1030 725 45 15 rent
1085 723 29 16 £4
1123 722 4 22 ;
1143 723 17 21 6,
1172 722 26 21 lr,
1214 724 38 17 £3.

998 748 70 19 Block
1078 746 129 19 X—Secilon
1220 750 18 20 9,
1253 750 27 21 It,
1292 751 60 23 upset
1369 755 24 13 an-

973 775 47 18 nual
1030 776 45 17 rent
1084 774 29 17 £3
1122 774 4 26 ;
1145 774 27 21 10,
1195 774 26 22 lr,
1240 774 41 23 £a;
1307 776 29 20 11,
1359 777 45 23 32p,

972 802 45 22 £4;
1035 802 28 20 12,
1076 801 44 22 3:q>,
1136 800 41 22 £3;
1202 801 28 21 13,
1248 802 44 22 32p,
1308 803 40 21 £3;
1374 803 30 22 14,

972 828 46 24 32p,
1030 828 35 17 £4.

998 854 70 17 Block
1084 851 141 19 Xl—Section
1246 852 15 23 1,
1282 853 45 24 32p,
1348 856 57 21 upset

972 878 76 19 annual
1059 881 45 15 rent
1114 878 28 17 £4
1152 878 4 26 ;
1171 878 18 21 2,
1202 878 45 24 32p,
1259 878 28 18 £3
1296 885 5 16 ;
1324 880 17 18 3.
1359 881 45 23 32p,

972 907 30 17 £3
1014 904 4 25 ;
1032 907 17 21 5,
1065 906 24 20 lr,
1102 904 30 19 £3
1141 904 4 25 ;
1164 905 15 20 8,
1196 904 25 21 lr,
1232 904 29 18 £3
1272 904 3 25 ;
1291 906 17 23 9,
1322 906 26 22 lr,
1362 906 30 18 £3
1400 904 4 25 ;

972 933 31 22 20,
1018 934 25 19 lr,
1055 930 36 19 £4.

998 958 69 19 Block
1077 955 160 19 XYl—Section
1249 957 29 21 11,
1296 958 32 23 3p,
1346 960 59 22 upset

972 983 75 19 anziual
1058 987 44 14 rent
1113 982 35 18 £5.

998 1010 69 18 Block
1079 1006 161 20 XXl—Section
1251 1009 15 21 1,
1275 1009 23 17 2r
1305 1008 31 25 2p,
1346 1013 59 21 upset

972 1035 75 21 annual
1058 1038 44 14 rent
1113 1035 27 17 £.j
1150 1034 4 25 ;
1169 1034 16 19 3,
1198 1035 21 16 2r
1230 1035 44 24 20p,
1286 1037 38 17 £5.

998 1062 68 20 Block
1077 1059 174 19 XXll—Section
1268 1062 17 21 9,
1301 1063 24 21 lr,
1346 1065 59 21 upset

972 1087 74 20 annua!
1057 1091 45 14 rent
1112 1087 35 18 £4.

998 1115 68 18 Block
1077 1111 205 20 XXVlll—Section
1296 1114 17 22 3,
1325 1114 23 17 2r
1359 1115 45 23 20p,

998 1167 69 19 Block
1077 1164 184 20 XXlX—Section
1274 1165 16 23 1,
1308 1165 26 23 lr,
1346 1169 59 21 upset

972 1191 75 21 annual
1059 1194 44 15 rent
1114 1192 28 17 £4
1153 1197 6 17 ;■
1173 1192 18 20 2,
1205 1192 25 20 lr,
1241 1191 29 18 £3
1279 1191 4 24 j
1299 1193 18 20 3,
1332 1193 25 21 lr,
1369 1192 35 23 £3;

972 1223 17 17 4,
1004 1220 26 22 lr,
1042 1219 29 16 £3
1080 1224 5 16 j
1100 1218 17 21 fi,
1134 1218 24 21 lr,
1171 1216 39 23 £3;
1226 1218 18 21 9,
1265 1219 24 21 lr,
1305 1218 43 22 £4;
1374 1220 29 21 10,

974 1247 26 20 lr,
1011 1246 44 20 £3;
1073 1244 28 21 11,
1115 1244 26 21 lr,
1153 1244 29 17 £3
1193 1244 4 23 ;
1214 1244 29 22 12,
1257 1245 25 21 lr,
1304 1245 44 21 £3;
1374 1245 28 21 14,

975 1273 25 21 lr,
1012 1273 17 18 i'
1029 1273 17 18 3.

998 1297 69 18 Block
1077 1293 172 20 XXX—Section
1259 1297 18 20 2,
1301 1297 25 21 lr,
1345 1298 60 22 upset

972 1322 75 19 annual
1058 1324 44 15 rent
1113 1320 25 18 £4
1149 1320 4 26 ;
1167 1322 17 19 4,
1198 1322 24 21 lr,
1235 1320 25 19 £i
1270 1320 4 26 ;
1290 1327 18 18 o,
1321 1323 26 21 lr,
1364 1322 40 24 £4;

972 1348 17 24 7,
1003 1351 26 20 lr,
1044 1346 41 23 £4;
1100 1346 18 22 9,
1131 1347 27 22 lr,
1170 1345 34 20 £4.

997 1373 69 20 Block
1076 1372 77 18 XXXI
1272 1374 16 22 8,
1299 1375 26 22 lr,
1345 1376 59 19 upset

998 1427 67 19 Block
1075 1423 204 21 XXXlV—Section
1289 1427 18 21 0,
1319 1427 22 17 2r
1357 1427 45 24 20p,

971 1456 58 22 upset
1039 1450 74 21 aiinunl
1124 1454 45 14 rent,
1177 1448 38 26 £5;
1230 1453 19 20 4,
1259 1453 21 17 2r
1289 1453 44 23 20p,
1343 1453 33 18 £o.

998 1479 67 18 Block
1075 1476 192 19 XXXV—Section
1277 1479 19 20 4,
1311 1479 26 22 Lr,
1346 1481 56 21 upset

971 1504 73 19 ninninl
1056 1507 44 15 rent
1111 1502 38 24 £3;
1166 1509 16 12 o.
1199 1504 23 21 lr,
1235 1502 38 26 £3;
1289 1506 18 21 C,
1319 1506 26 19 lr,
1363 1504 39 24 £3;

974 1532 27 22 12,
1014 1533 24 20 lr,
1051 1530 38 21 £3;
1110 1530 26 19 13,
1150 1528 68 24 lr,£3;
1237 1532 26 20 ■•},
1278 1531 26 22 lr,
1315 1530 35 19 £3.

997 1556 68 20 BtocK
1075 1554 202 19 XXXVl—Section
1289 1558 17 19 3,
1320 1558 27 21 lr,
1366 1563 24 18 up-

971 1586 28 15 set
1009 1581 76 20 nmiual
1095 1584 45 15 rent
1150 1580 33 18 £-1.

996 1607 69 21 Block
1087 1607 227 19 XXXVJll—Section
1344 1610 15 22 1,
1382 1611 20 17 2r

971 1636 44 24 20p,
1028 1636 59 24 upset
1099 1632 74 20 annual
1183 1636 45 16 rent
1239 1632 13 28 X'
1259 1632 7 28 6
1273 1632 6 28 j
1295 1635 17 23 3,
1324 1636 23 17 2r
1357 1637 44 23 20]),

970 1663 27 17 £5
1006 1668 5 16 ;
1026 1663 18 18 4,
1056 1660 23 17 2r
1089 1661 44 22 '2o]),
1145 1658 33 19 £5.

997 1686 69 20 Block
1074 1684 206 20 XXXlX—Section
1293 1687 15 22 1,
1323 1687 25 21 lr,
1366 1694 24 18 up-

973 1715 27 17 •et
1009 1711 76 21 annual
1094 1714 46 15 rent
1150 1710 26 19 £4
1185 1710 4 26 ;
1206 1712 16 17 2.
1239 1713 24 21 lr,
1275 1712 39 22 £3;
1337 1714 17 21 3,
1375 1715 6 16 ]
1387 1720 9 11 r
1397 1710 4 26 ,

971 1738 26 21 £3
1006 1746 5 16 ;
1025 1741 18 20 4,
1058 1740 26 20 lr,
1096 1736 26 19 £3
1133 1736 3 27 ;
1153 1739 17 20 5,
1185 1739 24 20 lr,
1225 1736 28 20 £3
1261 1745 6 16 ;•
1280 1741 19 20 !),
1319 1740 26 20 lr,
1361 1741 27 17 £4
1398 1736 4 27 ;

974 1767 26 20 U),
1016 1767 25 17 lr,
1053 1764 40 21 £•'?;■
1110 1766 28 17 11,
1162 1764 24 21 lr,
1206 1764 38 25 £3;
1267 1766 29 21 12,
1315 1766 27 22 lr,
1362 1764 40 25 £3;

973 1792 27 21 18,
1015 1793 26 18 lr,
1054 1789 42 25 £3,.

996 1816 70 20 Block
1077 1814 64 19 XL—
1144 1813 11 13 c
1158 1814 63 20 ection
1233 1816 18 22 3,
1264 1817 26 20 lr,
1300 1819 59 21 upset
1366 1823 24 12 aa-

970 1844 48 17 mini
1029 1844 44 17 rent
1085 1842 40 21 £4;
1142 1842 17 18 7.
1176 1842 26 18 lr.
1215 1842 27 18 £4
1253 1842 3 24 ;
1272 1844 18 20 8,
1312 1844 26 21 lr,
1359 1845 28 17 £4
1397 1842 4 24 ;

970 1872 17 19 9,
1002 1870 26 21 lr,
1041 1870 27 17 £1
1080 1868 4 26 ;
1101 1868 28 21 10,
1152 1868 25 21 lr,
1199 1868 26 18 £4
1236 1868 4 26 ;
1263 1869 28 23 U\
1303 1870 43 24 ;32p,
1360 1871 41 22 £5;

972 1897 28 20 M,
1013 1897 45 21 32|>,
1070 1894 35 18 £5.

995 1920 70 20 Block
1074 1918 51 20 XLI
1127 1919 105 18 —Section
1244 1920 17 21 3,
1277 1921 45 24 32p,
1342 1923 60 22 upset

969 1947 75 19 snnual
1055 1948 50 19 rent,
1118 1945 25 19 ££
1155 1945 4 24 ;
1175 1947 17 20 8,
1206 1946 26 21 lr,
1244 1947 40 22 £5;
1301 1948 16 20 !),
1330 1948 25 21 lr,
1366 1947 35 19 £5.

995 1972 70 20 Block
1073 1969 203 21 XLVllJ—Section
1289 1973 16 22 1,
1324 1974 26 21 lr,
1364 1980 25 18 up-

969 2002 30 15 set
1009 1997 76 20 annual
1093 1999 45 16 rent
1148 1996 28 20 £4
1187 1996 3 25 ;
1207 1999 16 21 2,
1238 1999 26 22 lr,
1274 1999 28 17 £4
1311 1996 4 25 ;
1337 2000 18 21 3,
1373 2000 27 20 lr,

970 2025 27 19 £4
1006 2023 3 24 ;
1025 2027 18 19 4,
1058 2025 26 19 lr,
1097 2023 35 18 £4.

995 2051 69 18 Block
1073 2047 178 21 XLlX—Section
1264 2051 15 21 1,
1300 2052 25 22 lr,
1343 2055 58 20 upset

969 2076 75 19 annual
1054 2079 44 15 rent
1110 2074 28 20 £5
1147 2079 5 19 ;
1169 2076 16 20 2,
1202 2076 24 21 lr,
1239 2077 28 17 £4
1276 2074 4 26 ;
1296 2079 16 19 3,
1326 2077 26 23 lr,
1365 2077 37 23 £4;-

968 2105 18 21 4,
1000 2105 26 19 lr,
1039 2103 40 21 £4;
1095 2103 18 21 5,
1126 2101 26 21 lr,
1165 2101 27 18 £4
1202 2101 4 25 ;
1220 2104 18 18 U,
1253 2103 25 21 lr,
1291 2103 35 18 £4.

995 2128 68 19 Block
1072 2127 123 18 L—Section
1207 2129 16 20 0,
1243 2129 20 17 lr
1282 2129 43 23 lop,
1342 2132 59 22 upset

969 2154 75 19 annual
1054 2157 43 15 rent
1110 2154 37 21 £4;
1163 2154 16 20 7,
1192 2155 19 16 lr
1223 2152 44 25 Ispj
1279 2154 35 19 £4,

994 2177 69 22 Block
1076 2178 26 20 LI
1104 2178 105 19 —Section
1223 2181 15 20 1,
1253 2181 25 21 lr,
1291 2181 58 23 upset
1364 2187 25 12 an-

968 2206 47 19 nual
1026 2208 45 15 rent,
1082 2204 28 20 £5
1119 2204 4 26 ;
1139 2206 18 20 2,
1171 2205 26 21 lr,
1207 2204 38 26 £1;
1262 2208 17 17 3,
1293 2208 25 17 lr.
1331 2206 40 24 £I;
1381 2209 18 20 4,

970 2234 26 19 lr,
1008 2232 42 23 £sj
1066 2233 17 20 5,
1095 2232 26 21 lr,
1134 2232 26 17 £4
1171 2236 5 17 ;
1190 2232 17 21 0,
1228 2232 26 21 lr,
1274 2232 40 22 £4;
1336 2233 17 22 7,
1373 2234 26 19 lr,

980 2260 14 17 /I
1006 2258 3 24 ;
1024 2260 18 21 8,
1058 2258 26 21 lr,
1097 2258 27 17 £4
1136 2258 4 24 ;
1155 2258 18 21 9,
1186 2258 26 21 lr,
1221 2258 27 17 £4
1259 2258 4 24 ;
1281 2259 29 22 10,
1320 2259 26 22 lr,
1359 2259 28 18 £4
1395 2265 6 17 j

971 2286 28 21 11,
1013 2286 26 20 lr,
1053 2284 27 17 £4
1091 2283 3 24 ;
1113 2283 28 22 12,
1155 2284 26 20 lr,
1193 2284 35 17 £4.

993 2309 70 20 Block
1082 2308 41 19 Lll
1152 2309 78 22 fc-estio.n
1257 2310 15 21 1,
1297 2308 26 25 lr,
1341 2313 60 21 upset

968 2335 74 20 annual
1051 2338 45 16 rent
1108 2334 39 24 £5;
1164 2336 16 20 2,
1195 2336 24 21 lr,
1233 2336 26 18 £1
1269 2334 3 25 ;
1289 2338 17 21 3,
1320 2338 25 19 lr,
1359 2338 26 17 £1
1396 2334 4 25 ;

967 2364 19 21 4,
1002 2363 25 20 lr,
1040 2361 27 20 £5
1077 2361 4 24 ;
1097 2362 17 21 5,
1129 2362 26 20 lr,
1173 2361 26 18 £4
1209 2361 4 24 ;
1233 2362 17 21 (i,
1271 2362 26 21 lr,
1315 2363 26 17 £1
1353 2361 4 24 ;
1382 2364 16 21 7,

970 2390 25 19 lr,
1008 2389 27 18 £4
1046 2388 3 23 ;
1065 2389 16 20 8,
1096 2388 24 20 lr,
1136 2388 26 17 £4
1173 2388 3 23 ;
1195 2389 16 20 'J,
1225 2388 26 21 lr,
1265 2388 26 18 £4
1302 2388 4 23 ;
1323 2389 29 22 10,
1372 2389 27 22 lr,

968 2415 41 19 £5;
1027 2415 29 20 11,
1070 2415 25 20 lr,
1109 2414 25 17 £4
1145 2414 3 23 ;
1165 2414 28 20 12,
1213 2415 24 18 lr,
1256 2414 26 19 £4
1294 2414 4 23 ;
1322 2415 29 21 13,
1373 2415 25 22 lr,

968 2441 25 17 £1
1005 2440 4 23 :
1027 2441 29 21 1-1,
1070 2441 25 21 lr,
1108 2441 28 17 £1
1146 2440 4 23 ;
1168 2440 28 22 15,
1211 2440 26 23 lr,
1254 2442 30 16 £4
1295 2440 4 23 ;
1324 2441 28 22 10,
1371 2441 27 22 lr,

993 2491 70 19 Block
1080 2490 153 19 LlT—Section
1254 2493 18 21 3,
1294 2493 26 22 lr,
1341 2493 59 24 upset

967 2517 75 19 annual
1052 2522 44 13 rent
1108 2518 34 18 £4.

1054 2551 93 20 Suburbs
1161 2557 23 12 of
1205 2551 104 20 Kolorua.

995 2586 78 18 Section
1085 2588 31 17 40,
1130 2587 41 19 10a,
1185 2589 60 21 upset
1261 2586 76 18 annual
1355 2589 46 16 rent

966 2611 9 24 L
984 2611 8 24 4
1001 2611 8 24 ;
1035 2614 30 16 CO.
1079 2613 40 21 10a,
1141 2611 41 24 1-3;
1199 2613 29 21 07,
1251 2613 41 21 10),
1311 2612 13 22 L
1324 2612 28 22 8;
1367 2614 32 20 08,

969 2640 42 21 10a,
1022 2637 9 26 L
1040 2637 8 26 4
1057 2637 8 26 ;
1081 2639 17 21 7,
1109 2639 31 21 sa,
1152 2637 10 26 L
1172 2637 10 26 7
1192 2637 88 26 (-ulg'eut
1291 2641 19 15 to
1318 2637 14 20 L
1332 2637 28 20 26
1368 2639 33 19 for

967 2665 167 24 improvements;
1150 2667 30 15 09.
1201 2662 31 20 ila
1257 2666 20 16 lr
1295 2666 42 22 ll]>,
1360 2665 39 23 1.4;

968 2691 30 20 70,
1012 2691 37 18 11a
1059 2691 20 16 lr
1091 2691 42 23 13p,
1150 2689 26 19 Ll
1187 2689 3 27 ;
1213 2691 29 20 71,
1263 2692 36 16 11a
1317 2692 20 16 lr
1355 2691 44 25 13p,

967 2716 26 19 L-l
1006 2716 3 24 ;
1025 2716 30 22 72,
1068 2717 23 16 9a
1103 2718 21 15 Or
1134 2719 32 20 9p,
1187 2716 3 24 I
1202 2718 21 20 3;
1246 2717 29 21 73,
1299 2718 41 21 10a,
1349 2716 8 24 L
1366 2716 9 24 3
1384 2716 17 24 ;■

969 2743 31 21 74,
1013 2743 42 21 10a,
1066 2741 25 18 Ll
1102 2741 4 25 ;
1131 2743 31 20 75,
1183 2743 42 21 10a,
1235 2741 10 25 L
1255 2741 10 25 5
1275 2741 9 25 ;
1307 2743 29 22 77,
1358 2743 40 23 10a,

968 2768 14 23 L
982 2768 28 23 3;
1028 2769 30 21 78,
1072 2769 42 22 10a,
1126 2768 40 22 1.4;
1182 2769 30 21 79,
1223 2769 42 23 10a,
1277 2768 11 18 L
1288 2768 24 18 5.

1028 2802 75 19 Rural
1118 2804 101 21 sections,
1235 2801 105 21 Rotorua.

995 2836 78 19 Section
1086 2838 30 19 31,
1132 2838 23 16 40
1171 2836 3 24 .
1192 2839 59 21 upset
1266 2837 75 18 annual
1357 2839 44 17 rent

969 2861 42 20 LlO
1021 2861 4 25 ;
1038 2863 30 22 34,
1080 2864 38 16 39a
1130 2863 20 17 lr
1162 2863 43 23 27].,
1219 2862 38 23 1.7;
1272 2865 32 19 43,
1315 2865 44 21 40a,
1371 2863 30 20 L
1401 2861 1 25 7

970 2888 165 26 (improvements
1146 2888 10 18 L
1156 2888 44 18 2-13
1212 2889 20 17 7s
1244 2889 157 25 od—buildings

969 2921 20 12 a>
998 2914 12 19 d
1021 2914 103 25 fencing);
1139 2916 30 21 45,
1178 2915 43 20 23a,
1230 2914 8 25 L
1247 2914 9 25 5
1265 2914 8 25 ;
1287 2917 31 18 40,
1327 2916 37 17 39a
1372 2917 29 22 3r,-

966 2939 9 27 L
984 2939 9 27 7
1002 2939 9 27 ;
1026 2940 30 23 47,
1069 2941 38 18 45a
1117 2941 28 21 2r,
1153 2939 9 27 L
1170 2939 9 27 7
1187 2939 8 27 ;
1210 2942 31 21 48,
1260 2942 36 17 33a
1313 2943 22 16 2r
1357 2942 42 24 11]),

969 2965 8 24 L
986 2965 8 24 6
1003 2965 8 24 ;
1026 2967 31 20 51,
1070 2967 37 17 35a
1116 2967 27 20 2r,
1154 2965 28 19 Lo
1191 2965 4 24 ;
1210 2967 30 21 52,
1256 2968 44 21 3-la,
1311 2966 29 18 Lo
1350 2965 4 24 ;
1369 2969 31 20 53,

972 2991 35 20 16a
1020 2993 22 17 2r
1053 2993 29 23 lp,
1095 2991 13 24 L
1108 2991 28 24 3;
1150 2993 30 20 54,
1195 2992 41 23 16a,
1246 2991 9 25 L
1265 2991 9 25 3
1284 2991 9 25 ;
1315 2994 30 21 55,
1366 2995 36 17 14a

970 3020 27 21 2r,
1009 3017 29 20 L2
1047 3017 4 26 ;
1066 3019 30 20 50,
1106 3019 24 17 9a
1139 3019 22 17 3r
1173 3018 41 25 17p,
1227 3018 29 19 L2
1265 3017 4 26 ;
1280 3020 30 22 57,
1327 3020 35 17 12a
1381 3020 21 18 lr

970 3046 31 23 sp,
1010 3044 9 25 L
1028 3044 9 25 3
1046 3044 8 25 ;
1070 3045 30 22 58,
1114 3044 36 18 12a
1160 3045 21 17 2r
1198 3044 42 25 12p,
1251 3044 28 19 L2
1288 3044 4 25 ;
1313 3047 30 18 59,
1366 3046 35 17 16a

970 3072 76 20 Orllp,
1058 3069 13 24 L
1071 3069 27 24 3;
1115 3072 29 19 00,
1158 3070 36 18 19a
1208 3070 22 19 2r
1247 3072 43 22 15p.
1308 3070 13 23 L
1321 3070 28 23 4;
1370 3073 30 21 01,

971 3098 36 16 52a
1020 3097 27 21 2r,
1056 3095 10 25 L
1075 3095 10 25 0
1094 3095 9 25 ;
1117 3097 30 20 03,
1159 3097 37 17 59a
1206 3097 27 22 2r,
1242 3095 10 25 L
1261 3095 10 25 0
1280 3095 9 25 :
1313 3099 30 21 04,
1366 3099 36 17 Ma

971 3124 22 16 3r
1003 3124 32 22 Bp,
1047 3122 17 18 L
1084 3122 4 24 ;
1103 3123 30 20 05,
1148 3123 36 17 18a
1195 3122 22 18 Cr
1230 3123 42 23 12p,
1286 3122 12 19 L
1298 3122 24 19 3.

523 3768 231 46 Blooker's
803 3768 148 53 Dutch

657 3824 159 46 Coeoa.

522 3937 137 31 Highest
669 3937 125 25 awards
808 3938 33 23 at
854 3943 100 26 every

642 3986 195 26 Exhibition.

556 4032 64 25 The
633 4031 97 26 latest
742 4031 28 25 is
783 4031 54 26 the
858 4033 96 26 Cross

524 4064 33 25 of
564 4065 109 24 Honor
686 4065 33 24 at
736 4064 55 25 the
812 4065 122 25 Amster-

524 4098 72 24 dam
605 4097 189 25 Exhibition
802 4097 90 30 1895,
901 4097 53 25 the

524 4129 127 30 highest
659 4129 138 30 possible
806 4130 116 26 award.

1101 3172 173 21 CONDITIONS.

999 3210 16 16 1.
1044 3207 70 19 Terms
1141 3207 21 19 of
1185 3206 60 23 lease,
1276 3208 127 25 niiiefynine

971 3241 64 18 years.

998 3262 18 16 2.
1033 3259 64 19 Rents
1108 3266 33 12 are
1152 3259 86 25 payable
1249 3259 123 26 half-yearly
1384 3260 18 18 in

972 3286 89 18 advance
1084 3288 21 16 to
1125 3285 35 18 tlie
1185 3285 94 19 Keceiver
1301 3286 21 18 of
1346 3285 58 20 Land

971 3312 104 20 Revenue,
1093 3311 119 23 AuciOiiuu;
1236 3311 39 19 anil
1301 3312 34 18 tiie
1360 3311 44 19 first

972 3337 124 24 half-yearly
1106 3340 96 21 pa,yment
1211 3337 17 18 is
1238 3340 20 16 to
1270 3337 24 19 be
1306 3337 57 19 made
1379 3345 25 11 on

972 3365 35 17 the
1018 3363 36 19 fall
1066 3365 20 17 of
1096 3363 34 19 the
1141 3363 95 19 hammer.

1000 3392 18 16 3.
1031 3389 62 19 Town
1112 3389 85 18 sections
1216 3392 20 16 to
1255 3389 25 19 be
1301 3387 103 27 improved

974 3415 70 20 within
1065 3421 36 12 one
1117 3421 48 18 year
1193 3415 52 19 from
1270 3415 34 19 the
1322 3415 46 19 date
1385 3417 21 17 of

972 3443 54 18 lease
1043 3445 21 15 to
1080 3441 34 18 the
1129 3443 59 16 value
1207 3441 20 18 of
1244 3443 32 16 ten
1294 3441 59 19 times
1370 3441 34 19 the

973 3467 75 20 annual
1058 3466 72 19 rental.
1167 3466 63 20 Rural
1242 3466 38 19 and
1297 3466 73 20 Subur!
1379 3474 25 12 an

974 3495 85 18 pectious
1070 3496 19 15 to
1100 3493 25 18 bo
1135 3493 71 18 fenced
1215 3492 70 19 within
1300 3499 38 13 one
1356 3499 50 19 year

973 3521 51 18 from
1050 3519 35 18 tbe
1111 3518 46 19 date
1174 3520 20 17 of
1216 3518 35 19 the
1276 3518 60 20 lease.
1373 3519 33 19 No

973 3545 104 20 valuation
1098 3544 32 19 for
1145 3544 156 25 improvements
1321 3545 41 18 will
1381 3545 25 18 be

974 3571 85 20 allowed
1074 3573 21 16 at
1115 3570 33 19 the
1169 3570 38 19 end
1222 3570 22 19 of
1263 3570 35 19 the
1319 3573 51 16 term
1386 3572 21 17 of

974 3598 59 19 lease.

999 3626 19 17 4.
1040 3623 33 18 No
1083 3622 52 19 lease
1145 3625 22 15 to
1181 3622 27 19 be
1217 3622 101 25 assigned,
1333 3623 62 18 under-

975 3650 33 21 let,
1021 3655 21 13 or
1058 3649 34 18 the
1111 3648 112 25 possession
1239 3648 80 19 therecf
1336 3649 70 24 ported

976 3675 48 18 with
1035 3678 71 18 except
1118 3674 48 18 witli
1176 3674 35 18 the
1221 3677 82 16 consent
1312 3676 21 17 in
1352 3675 44 18 writ-

975 3701 36 24 ing
1033 3701 21 19 of
1070 3701 35 18 the
1121 3699 154 20 Commissioner
1298 3700 20 19 of
1337 3699 70 20 Crown

976 3727 73 19 Lands.
1060 3726 114 19 Auckland.

1002 3754 18 17 5.
1033 3752 36 20 All
1077 3754 59 19 rates,
1150 3754 63 16 laxps.
1228 3751 91 25 charges',
1331 3752 38 18 and
1378 3758 20 12 as-

977 3780 108 17 sessments
1100 3778 125 18 whatsoever
1242 3780 21 16 to
1280 3778 26 18 be
1321 3778 48 25 paid
1383 3778 26 25 by

976 3804 33 18 the
1019 3805 70 18 lessee.

1004 3831 17 17 C.
1036 3829 34 19 All
1080 3829 105 24 buildings
1196 3830 76 18 elected
1284 3833 20 15 to
1320 3830 26 18 be
1360 3829 49 25 kept

977 3855 18 19 in
1007 3856 52 24 good
1070 3856 67 24 repair
1150 3855 40 19 and
1207 3855 106 23 condition,
1334 3856 40 18 and
1389 3857 20 17 in

977 3881 34 19 the
1033 3881 87 19 ereclion
1138 3881 20 18 of
1176 3887 38 19 any
1237 3881 95 25 building
1356 3888 53 19 upon

977 3907 34 18 the
1021 3907 85 19 sections
1117 3907 69 18 within
1198 3907 34 18 the
1240 3909 52 17 town
1304 3907 34 19 the
1348 3907 62 19 lessee

977 3935 53 16 must
1046 3932 61 19 abide
1122 3933 28 24 by
1168 3932 40 19 and
1232 3934 88 18 conform
1338 3936 20 16 to
1376 3934 35 17 the

979 3958 112 24 alignment
1101 3959 21 18 of
1132 3961 73 16 streets
1214 3959 39 18 and
1264 3960 65 21 roads,
1341 3959 38 19 nnd
1391 3961 20 17 to

978 3984 27 18 all
1016 3984 87 24 by-laws
1116 3984 39 18 nnd
1165 3984 127 24 regulations
1309 3985 57 18 made
1384 3985 26 24 by

979 4010 33 18 the
1023 4009 50 19 local
1082 4010 103 24 authority
1201 4010 101 19 intrusted
1313 4011 47 18 witli
1369 4011 42 18 'the

979 4034 164 20 administration
1153 4037 21 17 of
1189 4035 34 19 the
1238 4036 52 19 local
1307 4036 69 19 affairs
1392 4037 20 18 of

979 4061 34 19 the
1026 4061 108 24 Township
1145 4062 21 18 of
1178 4062 94 18 Kotorua.

1005 4088 19 18 7.
1039 4086 85 23 Privies,
1136 4087 82 25 ashpits,
1230 4088 40 18 and
1281 4088 58 20 other
1347 4088 65 19 works

979 4112 21 18 of
1011 4120 12 10 a
1034 4113 77 18 similar
1120 4113 102 19 character
1233 4116 21 16 to
1264 4114 25 18 bo
1303 4117 98 15 construct-

970 4135 1 27 !
979 4138 25 19 Ed
1014 4138 42 19 and
1067 4139 125 18 maintained
1203 4145 21 12 as
1236 4139 88 19 directed
1334 4139 27 23 by
1377 4139 35 19 the

1430 149 51 19 local
1524 150 108 25 authority.
1668 150 34 19 All
1730 150 69 18 drains
1823 150 38 18 and

1430 176 96 18 channels
1540 176 39 19 and
1598 177 34 18 the
1649 176 90 24 sanitary
1749 178 51 16 state
1823 176 38 19 and

1430 202 101 18 condition
1541 202 21 18 of
1570 203 34 17 the
1621 202 103 25 premises,
1741 204 20 16 to
1771 201 26 19 be
1814 202 36 18 sub-

1429 227 41 24 ject
1479 231 20 15 to
1509 227 34 19 the
1555 228 86 19 by-laws
1652 228 39 18 and
1706 227 126 19 regulations
1841 228 20 18 of

1430 254 33 18 the
1474 253 50 19 loc;>l
1534 254 110 23 authority.

1456 281 18 17 8.
1488 281 31 17 No
1528 279 55 19 wells
1592 283 21 15 to
1623 280 26 18 be
1667 279 52 19 sunk
1738 285 23 12 or
1777 285 72 13 excava-

1430 305 52 18 tions
1492 308 21 16 to
1524 305 24 18 be
1561 306 59 18 made
1631 306 87 18 without
1729 305 35 18 the
1781 309 80 15 consent

1429 330 20 19 in
1460 331 81 25 writing
1554 331 20 19 of
1584 332 36 18 the
1628 331 49 19 local
1690 331 109 24 authority.

1456 358 17 16 9.
1489 357 42 18 The
1548 357 58 19 trade
1623 364 22 12 or
1664 357 92 19 business
1764 359 22 16 of
1804 363 46 19 soap-

1430 382 68 23 boiler,
1538 383 69 18 tallow
1620 394 8 3 -
1641 383 102 22 chandler,
1782 386 78 16 tanner.

1429 408 158 26 slaughterman,
1614 412 134 16 meat-curer
1763 416 31 12 -or
1816 416 34 18 pre-

1429 441 72 16 server,
1512 441 22 12 or
1552 441 40 18 any
1611 435 64 25 noi-y,
1696 435 91 23 noxious,
1799 441 22 12 or
1831 436 20 18 of-

1429 460 77 19 fensive
1515 461 56 18 trade
1580 468 22 11 or
1622 461 140 18 manufacture
1782 461 21 19 of
1821 468 40 15 any

1429 486 50 19 kind
1497 486 102 19 whatever
1616 488 41 17 will
1668 489 35 16 uot
1712 488 24 17 be
1747 487 113 25 permitted.

1460 514 29 16 10.
1505 512 106 19 Provision
1627 512 41 19 will
1684 512 27 19 be
1719 512 58 20 made
1786 514 22 17 in
1827 514 34 18 the

1432 538 65 19 leases
1507 539 31 17 for
1548 539 112 24 inspection
1669 540 21 17 of
1700 539 96 23 premises
1804 542 20 15 at
1835 540 26 17 all

1430 564 118 18 reasonable
1559 565 65 18 times.

1454 590 31 19 11.
1510 591 63 17 Lease
1601 590 62 19 liable
1682 593 21 16 to
1720 590 106 19 forfeiture
1844 591 17 18 if

1429 620 44 14 rent
1483 616 24 18 be
1520 616 62 25 thirty
1592 616 50 25 days
1650 617 21 18 in
1681 623 74 16 arrear,
1767 616 41 19 and
1826 617 34 18 the

1432 641 54 19 lease
1515 642 41 18 will
1579 642 81 19 contain
1688 642 113 25 provisions
1828 643 33 19 for

1428 672 91 21 .le-entry
1539 668 38 19 and
1606 669 31 18 for
1665 668 35 19 the
1723 675 93 18 recovery
1840 668 21 20 of

1429 697 4 15 i
1438 697 51 15 eats.

1471 742 3 26 .
1495 745 139 19 GETJHAUD
1651 742 143 26 MUELLEU,

1499 772 156 18 Commissiouer
1672 773 21 17 of
1704 771 71 20 Crown
1786 773 73 18 Lands.

1429 797 83 19 District
1521 797 57 19 Land
1588 798 40 18 and
1639 798 78 24 Survey
1731 798 68 18 Office.

1481 823 112 23 Auckland,
1616 823 116 21 November
1753 825 27 22 19,
1804 825 55 17 189(3.

1430 872 429 47 GotoWILLIJLMS'

1478 1032 330 40 G-OODS,

1428 1163 169 23 CHEAPEST
1607 1163 251 23 STOItEINTOWN.

1429 1270 203 27 ACCOUNTANT
1644 1271 60 26 AND
1720 1271 137 26 GENERAL

1585 1306 108 26 AGENT.

1448 1363 128 19 Tradesmen's
1586 1364 62 18 Books
1661 1364 52 22 kept,
1731 1363 90 18 balanced
1839 1370 17 10 01

1432 1387 38 17 nidi
1470 1387 38 17 ted.

1449 1415 94 17 Accounts
1558 1415 54 17 made
1629 1416 34 16 out
1677 1415 40 17 and
1732 1414 89 17 collected
1835 1420 22 11 on

1437 1469 115 22 Temporary
1557 1469 85 18 address:
1656 1469 118 19 ChhoxiCLE
1783 1469 63 17 Office.

1549 1519 192 22 NOTICE.

1427 1571 38 43 IS
1482 1571 76 24 hereby
1568 1571 61 25 given
1649 1571 43 19 that
1710 1571 35 19 the
1766 1572 80 23 partner-

1479 1598 45 23 ship
1550 1597 61 25 lately
1637 1597 113 24 subsisting
1770 1597 87 19 between

1426 1623 95 20 Ciiahi.es
1531 1625 81 17 Stuaht
1631 1623 93 20 Coiilett
1743 1623 39 18 and
1799 1622 44 20 Wil-

1426 1655 50 13 liam
1487 1648 86 21 Cowpeh
1584 1651 87 17 KoßKox
1687 1649 49 19 both
1752 1649 20 18 of
1792 1648 52 20 Mata-

1427 1676 47 24 pihi,
1487 1675 132 23 Okahukura,
1630 1675 62 26 sheep
1703 1681 82 17 owners,
1796 1675 61 19 under

1426 1702 33 18 the
1470 1701 51 25 style
1531 1708 22 11 or
1562 1701 44 19 firm
1615 1701 21 19 of
1668 1703 93 17 Coblett
1771 1703 16 17 <fe
1796 1700 49 20 Kobi-

1426 1727 55 19 son.''
1493 1728 35 18 has
1540 1727 49 19 been
1600 1727 101 19 dissolved
1716 1733 20 13 as
1754 1727 52 19 from
1822 1728 35 18 the

1429 1754 43 17 Kliii
1484 1754 39 23 day
1533 1753 21 19 of
1564 1753 117 23 December,
1697 1755 55 16 1890.

1564 1806 16 19 F
1596 1808 17 17 ()
1629 1806 20 19 U
1664 1806 19 20 N
1700 1806 24 19 D.

1434 1858 92 22 VfEAli
1536 1857 91 24 Galatea,
1647 1865 37 12 one
1703 1858 86 24 dappled
1808 1865 48 18 grey

1427 1879 33 22 JLI
1495 1891 60 17 poll}',
1573 1885 66 23 newly
1662 1884 56 23 shod,
1740 1891 25 11 no
1783 1885 74 18 visible

1425 1909 70 24 brand,
1521 1910 62 19 about
1610 1912 22 17 15
1650 1910 66 19 hands
1733 1910 57 24 high,
1811 1911 46 18 well

1425 1935 57 19 built.
1512 1935 20 19 If
1550 1939 35 16 not
1601 1936 85 19 claimed
1703 1936 38 19 and
1759 1943 97 18 expenses

1425 1961 47 25 paid
1482 1962 70 19 within
1571 1964 20 16 21
1611 1962 50 26 days
1676 1962 41 19 will
1736 1962 25 19 bo
1778 1962 77 19 sold.—

1424 1987 67 25 Apply
1500 1990 21 16 to
1531 1988 20 18 J.
1565 1988 83 23 Wylie,
1660 1988 90 19 Galatea.

1448 2039 48 32 •G.
1505 2039 51 31 3ft.
1566 2039 256 33 JOHNSTON.

1554 2088 162 29 SOLICITOR,

1465 2127 69 21 Sigh
1547 2131 102 22 stkeet,
1662 2132 149 18 Auckland.

1448 2180 74 22 Money
1532 2182 20 17 to
1571 2181 47 18 lend
1637 2182 21 18 in
1679 2178 57 28 largo
1756 2187 22 13 or
1797 2179 58 22 small

1423 2211 54 13 sums
1488 2213 24 11 on
1522 2206 105 20 first-class
1641 2207 91 25 security
1749 2209 21 16 at
1785 2208 70 19 lowest

1422 2235 59 14 rates.

1488 2284 179 16 PUKEROH
1684 2286 37 15 Hi

1449 2326 143 22 SATURDAY,
1606 2328 123 18 JANUARY
1742 2330 16 20 2,
1770 2330 49 17 1897.

1481 2369 36 21 Mr
1529 2373 100 19 JAMBS
1643 2374 24 18 B.
1684 2374 110 23 HAYES,

1422 2404 47 18 Lnto
1478 2404 19 18 of
1505 2404 70 23 Hayes'
1585 2405 71 21 Circus,
1674 2406 85 17 Western
1775 2408 67 16 Austra-

1444 2427 32 21 lia,
1484 2428 38 16 and
1528 2428 39 17 also
1574 2428 82 18 ofFillis'
1663 2429 38 17 and
1709 2429 122 24 Fitzgerald's

1592 2452 91 18 Circuses.

1422 2474 67 17 WILL
1506 2474 62 17 GIVE
1582 2474 36 18 AN
1632 2475 221 20 ENTERTAINMENT

1515 2498 82 16 Assisted
1607 2498 25 18 Lv
1637 2499 49 17 local
1695 2500 65 16 talent.

1423 2542 57 22 Fun,
1501 2543 119 23 Laughter
1636 2545 47 18 and
1700 2545 154 19 Amusement

1545 2567 36 18 for
1591 2567 146 25 Everybody.

1485 2613 91 18 PRICES
1589 2613 33 18 OF
1634 2615 144 17 ADMISSION
1787 2613 3 19 :

1445 2641 61 18 First
1516 2641 67 21 Skats,
1594 2644 20 16 2s
1622 2641 3 24 ;
1640 2643 78 18 Second
1728 2644 68 21 Seats,
1807 2645 24 17 Is.

1422 2670 88 17 Children
1519 2670 41 18 half
1570 2672 51 21 price
1634 2673 19 16 to
1670 2672 51 18 First
1735 2672 52 18 Seats
1804 2674 49 21 only.

1422 2701 62 18 Doors
1491 2707 47 16 open
1548 2704 20 15 at
1577 2704 46 15 T.IJO.
1669 2704 110 17 Commence
1789 2706 10 15 8
1808 2710 45 15 p.m.

1484 2755 174 20 oiiim;mutu
1670 2756 122 21 agency.

1425 2828 75 18 HHHE
1532 2830 52 17 HOT
1593 2830 85 18 LAKES
1687 2831 151 18 CHRONICLE
1845 2828 2 21 '

1430 2848 21 24 JL
1487 2858 35 12 can
1531 2853 23 17 be
1563 2853 90 18 obtained
1660 2855 21 16 at

1500 2889 28 25 J.
1547 2889 39 25 H.
1606 2890 166 26 LAKIN'S

1470 2932 69 18 FERN
1552 2933 54 17 AND
1620 2934 79 18 CURIO
1718 2934 92 18 DEPOT,

1521 2966 135 26 [Telegbapii
1673 2967 92 27 Office.]

1497 3001 55 20 Near
1563 3002 55 18 Lake
1629 3002 71 19 House
1715 3003 69 18 Hotel.

1465 3166 110 20 TAINTED
1594 3168 190 17 KNOWN,—Guide
1796 3169 61 16 Books

1465 3187 4 22 }
1513 3192 19 15 to
1550 3190 32 17 tho
1598 3190 80 18 District
1700 3192 19 16 to
1741 3191 22 17 be
1784 3191 36 17 had
1838 3194 20 15 ut

1465 3216 77 14 tOXICLE
1552 3213 63 17 Office.

1470 3261 112 19 TATHTED,
1585 3263 148 22 —Apprentices
1736 3265 20 16 to
1761 3263 33 18 the
1798 3263 50 19 dress-

1465 3289 6 14 f
1514 3285 82 24 making.
1623 3287 63 22 Apply
1696 3288 20 15 to
1731 3287 51 17 Miss
1798 3287 59 18 Mmi-

1431 3356 55 17 YT7
1491 3356 93 18 ANTED.
1626 3357 78 23 Repairs
1721 3360 19 15 to
1765 3357 92 22 Watches,

1444 3385 27 14 H
1515 3380 105 22 Jewellery,
1639 3381 39 20 &e.,
1696 3381 40 17 also
1752 3381 63 17 orders
1830 3382 30 17 for

1427 3408 40 11 new
1478 3403 87 17 Watches
1572 3404 38 16 and
1627 3403 105 23 Jewellery,
1751 3406 19 15 to
1786 3404 23 18 be
1824 3404 36 18 left

1427 3425 45 18 with
1482 3426 25 16 11.
1519 3425 84 22 Stewart,
1615 3426 83 21 Saddler,
1714 3428 58 21 agent
1787 3429 30 15 for
1832 3428 26 16 H.

1428 3449 25 16 11.
1464 3449 99 20 Hownjix,
1573 3449 134 18 Watchmaker
1715 3450 38 17 and
1766 3449 92 22 Jeweller,

1429 3471 103 18 Hamilton.

1971 4057 61 27 £SO,
2049 4057 61 27 £lO,
2126 4057 57 27 £lO,
2201 4057 43 25 £5.

1892 4093 65 19 Given
1967 4099 58 18 away
2035 4092 32 19 for
2077 4098 12 12 a
2100 4092 65 24 single
2173 4098 66 19 guer-s.
2274 4092 51 20 Send

1892 4122 66 21 stamp
1969 4118 31 18 for
2009 4118 121 25 particulars
2140 4118 38 18 and
2195 4117 96 19 circulars
2307 4122 18 14 to

1892 4145 45 18 Box
1950 4145 42 22 176,
2004 4143 22 24 P.
2026 4143 35 24 0.,
2075 4143 132 25 Wellington.

985 4229 100 39 iisk
1113 4230 71 39 for
1212 4229 265 41 Hancock's
1514 4231 279 39 Celebrated
1824 4231 187 39 XXXX
2047 4232 113 38 Ales
2188 4233 95 37 and
2310 4233 148 37 Stout

2342 3632 57 20 the
2413 3631 58 20 gem:
2486 3630 36 18 of
2533 3630 59 18 the
2606 3629 57 19 hot
2684 3629 92 19 lakes

2488 3652 137 24 t)iSTEICT.

2369 3726 73 20 Under
2451 3726 34 18 the
2495 3725 66 18 ahove
2571 3723 80 26 caption
2660 3730 12 12 a
2679 3723 68 18 writer
2756 3723 21 18 in

2343 3760 25 12 an
2382 3751 86 25 English
2480 3756 63 19 paper
2562 3751 49 18 thus
2624 3750 42 18 disc
2679 3755 57 12 urses
2752 3755 24 11 on

2345 3777 111 21 Wairakei.
2486 3777 38 17 We
2535 3777 52 18 have
2599 3777 35 17 the
2649 3781 55 13 more
2723 3774 44 25 plea-

2344 3810 46 13 sure
2400 3804 20 18 in
2431 3802 135 25 reproducing
2575 3803 16 18 it
2601 3808 22 12 as
2637 3801 68 24 owing
2715 3803 20 16 to
2753 3807 24 12 an

2345 3829 90 20 accident
2444 3835 26 12 an
2482 3829 69 18 article
2559 3828 65 19 which
2634 3833 40 14 was
2680 3826 98 26 prepared

2345 3855 118 25 descriptive
2476 3855 20 18 of
2505 3854 44 19 Mrs
2570 3854 107 19 Graham's
2694 3852 85 19 fpvorite

2346 3883 89 17 hostelry
2446 3880 35 19 has
2491 3882 23 17 to'
2523 3880 26 19 he
2559 3880 84 19 omitted
2651 3887 15 10 :-
2709 3878 28 18 ''f
2746 3878 34 18 the

2390 3906 59 20 dreds
2457 3908 44 17 who
2513 3906 98 24 annually
2622 3904 62 20 travel
2695 3904 42 19 into
2745 3910 35 13 our

2449 3932 77 19 district
2535 3939 11 12 a
2554 3930 158 26 comparatively
2723 3929 58 19 small

2449 3960 98 17 lenetrate
2557 3958 32 19 far
2603 3956 81 24 enough
2703 3959 21 15 to
2740 3955 31 19 dis-

2427 3981 4 28 .
2460 3986 89 23 greatest
2566 3983 97 20 wonders.
2698 3981 49 19 This
2765 3982 16 18 is

2382 4011 75 23 inently
2467 4018 11 11 n
2488 4010 69 24 region
2577 4009 63 19 which
2651 4007 87 20 rewards
2749 4007 33 19 the

2349 4037 135 25 enterprising
2494 4036 101 18 traveller.
2623 4035 21 18 It
2660 4033 78 19 reveals
2756 4033 26 18 its

2350 4063 75 19 hidden
2435 4066 100 15 treasures
2544 4064 20 17 to
2575 4061 57 19 those
2651 4061 44 17 who
2714 4059 69 19 search

2350 4089 33 18 for
2392 4089 61 18 them.
2481 4088 40 18 We-
2532 4087 74 19 should
2616 4085 93 25 strongly
2715 4085 68 19 advise

2350 4115 83 18 tourists
2444 4114 51 18 after
2504 4113 50 26 they
2559 4111 151 21 have'satisfied
2721 4111 50 19 them-

2350 4140 65 17 selves
2437 4140 49 17 with
2510 4139 28 18 all
2558 4139 45 18 that
2621 4139 35 18 the
2674 4136 109 20 far-famad

2792 3215 159 18 neuralgia,

2838 3237 193 21 nekvouskess,

2862 3260 164 19 toothache,

2875 3284 142 18 weakness
3025 3284 53 16 and

2887 3307 123 18 general
3018 3302 127 22 debility

2794 3331 117 19 quickly
2919 3329 54 19 and
2981 3329 154 18 positively
3142 3329 84 18 cured

2872 3354 35 17 by
2917 3353 136 18 clements
3062 3353 85 17 tonic.

2896 3399 92 18 which
2997 3399 129 17 restores

2806 3423 53 18 the
2867 3420 87 20 Vigor,
2966 3422 70 17 snap,
3047 3422 53 17 and
3110 3422 107 17 health

2941 3446 33 17 OF
2987 3445 96 17 YOUTH.

2796 3493 43 17 Mr.
2846 3493 21 17 J.
2877 3492 23 18 C.
2912 3491 72 19 Short
3001 3488 94 24 Dunediri,
3105 3491 48 17 N.Z.
3168 3491 60 17 writes

2837 3515 71 18 cured
2919 3515 26 18 of
3000 3521 24 10 on
3038 3514 87 21 October,
3144 3515 45 16 IS9-1
3203 3519 26 12 :

2820 3538 153 23 Indigestion.
3003 3537 36 22 My
3064 3543 9 11 o
3086 3537 94 22 Capntion,
3212 3536 16 18 of

2796 3562 150 22 hotel-keeping,
2956 3561 16 17 is
2980 3566 45 17 very
3034 3559 105 24 sedentary.
3172 3561 10 16 I
3191 3560 28 17 suf-

2798 3585 52 18 fered
2865 3591 12 11 a
2886 3585 55 23 great
2949 3583 42 18 deal
3000 3584 48 17 from
3062 3583 120 22 indigestion,
3201 3588 19 13 ac-

2798 3607 111 23 companied
2928 3608 45 16 with
2989 3606 99 19 headache.
3123 3606 35 23 My
3174 3611 44 18 appe-

2798 3631 34 18 tite
2842 3631 32 17 full
2888 3637 60 14 away,
2964 3630 37 17 and
3016 3630 48 16 after
3078 3630 67 20 taking
3163 3629 44 17 food
3221 3629 8 15 I

2798 3654 81 18 suffered
2894 3654 46 16 with
2954 3653 54 22 pains
3022 3652 19 18 in
3053 3653 32 17 the
3099 3653 90 17 stomach.
3221 3651 8 16 I

2799 3677 47 17 tried
2856 3677 94 18 Clements
2959 3676 63 18 Tonie,
3037 3676 37 17 and
3082 3673 11 20 I
3104 3676 61 17 found
3180 3675 49 23 great

2798 3700 59 17 relief.
2888 3700 31 17 All
2942 3699 33 17 the
2999 3699 59 17 above
3085 3698 75 18 trouble
3183 3698 46 17 went

2799 3723 101 22 gradually
2908 3728 60 16 away.
2982 3722 10 17 I
2998 3722 45 20 only
3048 3723 45 16 used
3104 3722 52 17 three
3165 3721 64 17 bottles

2799 3747 19 16 of
2828 3747 95 17 Clements
2931 3745 63 19 Tonic,
3002 3745 37 18 and
3048 3751 30 11 am
3092 3745 44 17 well
3149 3745 37 17 and
3200 3749 29 12 can

2799 3770 63 20 digest
2885 3769 113 17 wholesome
3017 3768 138 17 food.—Yours
3177 3767 52 22 truly,

2799 3792 52 17 John
2860 3792 21 17 C.
2888 3792 61 17 Short,
2960 3790 95 19 Dunedin,
3065 3790 37 18 New
3102 3790 101 18 Zealand.

2829 3846 60 25 Bijuii
2908 3845 52 19 local
2979 3845 92 18 sketches
3090 3845 22 19 in
3131 3845 37 18 oils
3196 3843 36 20 and

2803 3873 61 18 water
2874 3871 71 19 colors.
2973 3871 49 18 Also
3032 3870 94 20 Martin's
3133 3871 73 24 photos
3215 3869 17 18 o£

2803 3898 34 18 the
2847 3897 77 19 district
2936 3904 47 12 may
2994 3897 25 18 be
3029 3896 95 19 obtained
3135 3899 22 16 at
3168 3896 52 19 Chro-

2803 3930 59 12 nicle
2871 3923 78 19 Office.*
2950 3923 2 19 1

2831 3958 43 18 The
2884 3956 107 25 following
3000 3963 43 11 nf-.w
3053 3956 65 19 hooks
3125 3963 34 12 are
3166 3963 23 12 on
3198 3955 35 19 sale

2805 3986 20 16 nt
2851 3984 118 18 Chronicle
2977 3977 3 25 '
2989 3982 60 19 Office
3060 3989 31 11 :
3121 3982 43 20 Tho
3182 3981 51 20 XTth

2804 4008 190 24 Cnmroan'drnent,"
3018 4008 27 24 by
3074 4008 28 20 H.
3136 4007 97 21 Sutcliffe:

3037 4034 28 25 by
3083 4035 34 18 the
3131 4035 74 18 autlior
3219 4032 14 18 of

2804 4060 84 25 Trilby;
2935 4060 64 19 Seven
3013 4060 61 18 Little

2806 4087 40 18 and
2931 4085 62 20 Little
3137 4086 27 24 by
3181 4083 52 21 Ethel

2806 4113 92 22 Turner;
2935 4111 43 19 The
2989 4111 54 19 Trail
3061 4112 20 18 of
3097 4112 35 18 the

2806 4139 28 23 by
2844 4139 80 19 Gilbert
2933 4137 82 23 Parker,
3029 4138 40 22 &c,
3081 4138 35 18 &c.
