3300 4360
1229 165 57 19 THE
1301 166 56 18 HOT
1371 165 91 20 LAKES
1476 165 165 23 CHRONICLE
1654 168 157 23 SATURDAY,
1828 168 136 21 JANUARY
1976 172 19 20 2,
2011 170 48 20 1897

2800 4131 79 19 Printed
2896 4133 39 17 liiid
2952 4133 101 21 published
3063 4134 26 23 by
3098 4134 23 19 F.
3130 4135 22 18 F.
3167 4135 66 19 Watt.

2823 4156 20 16 ut
2851 4156 32 17 the
2893 4156 104 23 registered
3011 4158 87 22 printing
3107 4158 59 19 office,
3174 4155 54 22 Hirlfe-

2822 4184 44 12 nion
2874 4181 64 19 street,
2948 4179 96 19 llotoruii.'

2834 4209 145 21 SATURDAY,
2989 4211 123 18 JANUARY
3121 4212 17 17 £
3150 4213 51 17 ISOT.

281 381 22 19 vf
320 382 33 18 tho
363 381 116 20 necest-ilie's
490 380 20 20 oJ
522 384 5 15 1
531 381 24 19 lie
565 381 79 23 coming
654 383 75 19 Season
741 379 38 23 will
791 383 17 19 bi

78 436 21 22 A
139 436 111 24 COOL
291 437 97 24 AND
430 436 329 26 REFRESHING
800 439 159 23 DRINK

102 496 139 20 Unlinetured
255 497 23 25 by
287 503 38 17 any
337 494 126 21 Deleterious
479 496 99 19 Cliemk-al
590 497 136 25 Compounds.
755 497 19 19 A
783 496 60 20 drink
852 499 23 17 at
884 504 50 13 once

296 550 184 28 Exhilarating-
501 550 51 22 and
569 550 165 29 Refreshing,

78 605 37 19 and
127 604 63 20 which
207 605 35 18 .vii]
256 612 59 18 prove
325 612 11 11 a
348 603 115 25 preventive
473 604 23 18 of
505 605 113 24 Dyspepsia
635 605 38 19 and
691 605 26 18 ail
734 605 90 19 Interna!
845 606 114 20 Disorders.

103 631 85 19 Aerated
200 631 83 19 Waters
292 631 39 18 and
343 630 95 21 'Jordnils,
458 631 121 23 ci■mprisintj
595 631 35 19 the
638 630 76 20 Purest
722 631 120 24 Leulonjidej
860 637 35 15 Uio
905 628 54 24 Aiost

76 657 101 20 De.iciuus
189 657 33 18 Git
231 663 35 19 ger
277 657 44 23 Ale,
336 656 174 26 Iligbly-cbarged
530 656 52 20 Soda
593 657 78 23 Water,

281 707 396 37 ZOLHKON
699 711 56 33 B,

75 772 11 13 a
96 772 41 13 new
146 765 148 26 Invigorating,
306 765 147 21 non-alcoholic
464 767 101 25 Beverage
576 765 3 29 ;
598 768 53 18 Lime
660 768 59 18 Juice
736 769 88 22 Cordial,
835 768 124 26 Raspberry,

78 793 134 24 foppeinm.t,
224 793 78 23 Cloves,
312 791 52 20 Pine
373 792 72 25 Apple,
457 793 40 18 and
509 794 74 18 Ltuiuu
594 795 76 23 S)iups
680 795 38 18 aud
738 795 135 25 Karsaparilla
889 800 34 14 are
933 795 25 19 all

343 820 153 18 uiauuiactured
508 826 24 12 on
541 819 36 19 the
584 820 103 24 pi'endses:

264 844 115 19 Lemonade
388 845 40 18 and
439 844 76 26 Ginger
524 846 43 22 Ale,
579 848 71 22 quarts
660 846 40 18 and
706 846 61 25 pints:

99 938 72 83 C,
222 944 77 75 A.
364 944 413 82 CLARKE,
828 945 100 79 Jr.

357 1069 311 25 ABSOLUTE

100 1233 65 23 OUR
187 1233 165 23 PREMISES
374 1233 156 23 DISPOSED
555 1234 39 22 OF

464 1259 37 23 TO
514 1260 50 22 MR
590 1261 22 23 J.
635 1261 125 23 TONSON
776 1261 153 24 GARLICK

75 1328 396 45 Electro-Plated
496 1328 149 46 Ware

670 1387 287 55 Lampware

75 1442 295 45 Brusfrware

495 1499 284 46 Enamelled
807 1501 149 45 Ware

75 1555 201 52 Knives,
312 1555 168 52 Forks,
504 1557 204 55 Spoons.

146 1673 54 36 CT.
257 1673 59 36 &
368 1673 57 36 CT.
475 1675 401 47 DICKEY^

140 1770 105 29 Having
245 1770 2 29 1
263 1772 54 22 sold
333 1779 46 15 cur
399 1771 88 25 Queen
503 1773 50 21 and
569 1772 82 22 Lome
668 1773 83 22 Street
766 1772 130 24 Premises

189 1804 27 20 to
230 1802 40 22 Mr
282 1802 21 23 J.
320 1802 25 22 T.
358 1801 113 27 Garlick,
483 1802 45 23 the
541 1802 82 23 whole
635 1803 27 22 of
670 1810 46 15 our
727 1803 78 22 Stock
815 1804 28 22 of

297 1836 434 32 IRONMONGERY,

99 1877 72 22 Mxist
183 1883 27 16 oc
222 1877 56 23 sold
288 1878 39 22 for
339 1877 73 27 Cash,
423 1884 27 16 as
465 1884 39 16 we
513 1877 60 29 give
581 1885 33 22 up
622 1879 148 28 possession
781 1878 27 22 in
817 1879 112 24 October.

296 1964 77 52 M.
415 1962 274 65 SIMON,
792 1938 53 89 L

366 2044 65 23 (Late
441 2044 25 17 of
471 2044 150 23 Melbourne.)

189 2100 42 21 „,\
277 2094 243 25 PRACTICAL
545 2095 158 24 TAILOR.
743 2094 2 27 .

261 2202 125 25 Clothes
402 2202 90 25 made
511 2205 33 23 to
567 2203 92 25 order
682 2209 36 19 on

316 2235 54 25 the
384 2235 143 26 Shortest
543 2236 114 25 Notice.
719 2235 3 29 i
772 2235 35 29 w\

772 2260 19 32 111
804 2260 4 32 1

270 2295 41 17 FIT
321 2294 53 17 AND
384 2294 80 17 STYLE
470 2294 50 18 NOT
529 2294 31 18 TO
571 2295 33 17 BE
611 2294 98 19 EQUAL-
770 2288 36 36 ||j!

398 2334 51 17 LED
459 2335 28 16 IX
498 2334 81 18 TOWN.
769 2320 29 34 WJji

296 2427 104 17 Address
409 2426 3 22 :
437 2426 118 18 ARAWA
569 2426 119 22 STREET,

804 2375 42 55 II

301 2641 144 45 NOW
483 2641 218 45 READY.

323 2895 52 32 By
393 2894 162 27 ELSDON
579 2894 112 26 BEST.

105 3006 65 25 TIE
190 3006 121 31 Papers
327 3006 106 25 which
446 3006 157 31 appeared
612 3005 33 25 in
654 3006 54 24 the
720 3005 84 25 HOT
818 3005 138 25 LAKES

79 3032 17 37 1
147 3039 243 26 CHRONICLE
404 3039 100 24 under
517 3039 53 24 the
595 3039 101 24 ahove
716 3039 73 24 title
810 3044 55 19 are
884 3044 55 19 now-

61 3072 167 31 published
240 3072 34 25 in
286 3072 163 32 pamphlet
461 3071 89 26 form.

266 3128 130 46 Priee
420 3126 93 47 One
548 3116 202 67 Shilling,

200 3219 69 25 Post
285 3219 73 25 Free
371 3220 76 24 from
475 3218 215 26 CHROMIGLE
713 3218 106 26 Office.

62 3349 79 18 Under
148 3349 40 18 the
194 3349 171 24 distinguished
370 3350 128 22 patronage
506 3349 25 18 of
534 3349 43 18 His
584 3349 138 24 Excellency
732 3349 60 19 Lord
802 3350 136 23 Carringtor

84 3380 118 19 Governor
211 3381 26 18 of
243 3381 100 22 N.S.W.,
354 3380 46 19 and
409 3380 61 18 Lord
487 3380 94 19 Onslow
590 3381 118 18 Governor
718 3382 25 17 of
750 3382 57 17 New
816 3382 108 18 Zealand,

221 3584 41 32 T
289 3584 45 33 K
362 3584 48 33 U
440 3584 43 32 R
510 3584 46 33 75
588 3584 45 33 N
665 3584 42 34 G
735 3584 65 34 K,

90 3657 16 38 J
123 3664 28 22 tE
307 3664 16 19 is
334 3664 128 25 pronounced
472 3664 27 24 by
514 3664 26 19 its
552 3664 87 19 Patrons
656 3667 20 16 to
691 3664 26 19 bo
732 3665 34 18 the
784 3665 45 19 best
842 3665 54 20 built
911 3667 40 18 and

140 3692 36 15 'est
185 3690 105 19 furnished
302 3690 62 19 Hotel
374 3690 21 18 in
405 3690 34 19 the
449 3690 66 19 North
526 3690 76 19 Island.

115 3725 14 11 •*■
144 3718 8 19 *
152 3714 80 32 Vate
245 3721 106 26 Suites
390 3721 132 25 Apartments
532 3721 31 19 for
575 3722 101 19 Families.

377 3754 102 30 Sample
494 3754 94 24 Rooms
609 3756 32 19 for
655 3755 131 21 Commercial
797 3756 127 22 Gentlemen.

79 3777 89 20 Conches
176 3778 41 27 I\b
227 3787 34 19 thd
271 3787 21 19 H
292 3777 2 41 .
294 3788 40 19 otol
342 3788 28 18 fm
370 3777 4 41 .
390 3788 34 19 the
437 3788 66 20 Lakeg
522 3796 26 12 on
564 3796 30 12 an
595 3777 2 41 .
599 3790 40 18 ival
654 3791 21 18 of
692 3791 26 18 al]
736 3793 97 17 Bteamerß
835 3777 4 41 .
870 3792 81 26 Special

278 3814 40 18 and
329 3814 74 18 Saddle
414 3814 77 19 Horses
501 3820 36 13 can
554 3815 25 19 bd
597 3816 96 19 obtained
709 3817 32 19 for
750 3817 28 19 all
790 3822 56 19 parts

219 3835 20 24 \
417 3840 21 19 of
449 3840 35 19 the
499 3841 96 24 Country.

81 3864 307 41 First-clasy.Sailing-
402 3874 61 25 and
475 3874 137 33 Rowing-
625 3874 99 28 Boats
736 3877 47 25 for
796 3877 154 27 Pleasure

261 3901 21 31 \
328 3907 62 25 and
407 3907 134 32 Fishing
553 3908 134 27 Parties.

82 3937 60 26 The
354 3947 126 32 Bathing
515 3949 125 26 Pavilion
677 3951 22 24 is
734 3951 100 25 within
860 3952 90 25 three

278 3978 127 27 ntnutes'
427 3980 75 26 walk
522 3982 33 24 of
569 3982 55 24 the

293 4015 59 30 TeSg-
353 4026 49 12 rams
421 4021 77 19 receive
524 4025 81 22 prompt
624 4024 112 19 attention.-

369 4153 278 33 PSfcOPRIETOR.'

1313 238 227 33 ROTGBUA,

1374 329 100 20 the

1252 435 87 23 (Under
1352 435 59 18 New
1422 435 182 23 Management.)

1008 499 92 19 Situated
1111 500 20 18 hi
1142 500 35 20 the
1188 504 51 16 most
1247 503 77 18 central
1340 502 87 25 position
1444 502 21 18 in
1484 503 34 18 the
1537 509 45 12 new
1599 504 108 24 township,
1728 504 90 25 opposite
1834 505 33 19 the

983 525 124 20 Courthouse
1117 527 41 18 and
1168 527 21 19 in
1201 527 51 20 elo.-e
1262 528 109 25 proximity
1381 531 20 15 to
1412 528 34 18 the
1457 528 49 18 Post
1515 528 68 23 Office,
1594 530 134 23 Sanatorium,
1749 530 64 19 Baths
1829 532 38 18 and

983 551 91 25 Railway
1089 551 84 20 Station.

1008 586 42 18 The
1060 586 73 18 Hotel
1142 588 117 18 commands
1269 595 13 12 a
1291 588 130 24 magnificent
1430 588 51 19 view
1491 588 21 19 of
1522 588 35 19 the
1566 588 57 20 Lake
1634 590 40 19 and
1683 590 17 19 is
1706 590 105 20 furnished
1820 591 47 20 with

982 619 25 11 an
1016 618 37 13 e\o
1062 615 20 16 to
1092 612 34 19 the
1136 614 85 18 comfort
1232 614 21 19 of
1262 614 26 19 its
1298 619 90 20 patrons.

1009 646 41 19 The
1060 647 86 24 position
1157 648 21 18 of
1189 648 34 18 the
1235 648 70 19 House
1321 649 83 18 renders
1419 649 17 18 it
1455 649 111 24 peculiarly
1585 650 88 19 suitable
1690 651 33 19 for
1743 654 124 19 commercial

983 679 44 12 men
1037 673 84 25 visiting
1130 673 36 19 the
1176 677 60 15 town.

1017 718 168 27 BILLIARD
1208 721 113 25 ROOM.
1463 721 148 26 SAMPLE
1634 724 135 33 ROOMS,
1783 727 51 26 &c.

1147 773 178 32 Telegrams
1340 774 152 33 promptly
1506 778 150 24 attended
1671 779 40 25 to.

984 844 47 46 F.
1055 845 271 55 WATERS,

1346 959 150 34 THE

1586 1126 16 45 1
1625 1139 73 34 Ull

985 1263 236 55 Published
1260 1277 143 45 every
1437 1266 238 60 Saturday
1708 1270 124 47 .Morn-

1379 1322 84 57 ing,

1186 1449 112 40 RATES
1323 1450 43 39 OF
1392 1450 254 43 SUBSCRIPTION

1154 1521 50 17 •AID
1218 1521 28 17 IX
1260 1522 121 16 ADVANCE

1165 1552 44 22 Six
1220 1552 106 24 Months
1337 1554 27 21 5s
1376 1552 4 28 ;

1163 1579 52 22 One
1232 1579 68 22 Year
1309 1580 43 22 10s
1363 1587 5 19 ;

1577 1525 112 18 BOOKED.

1620 1557 35 23 6s.

1605 1583 49 23 12s.

1157 1675 335 33 ADVERTISING
1512 1678 176 34 BATES;

1007 1729 63 19 Three
1082 1729 99 26 Shillings
1192 1736 35 19 per
1239 1731 44 19 inch
1289 1737 37 18 per
1336 1731 59 23 issue,
1406 1738 27 19 up
1441 1734 20 17 to
1468 1734 13 18 3
1488 1733 114 21 insertions.
1620 1736 127 25 .Subsequent
1754 1737 113 20 Insertions

980 1755 43 19 half
1034 1761 59 13 rales.
1123 1755 78 26 Special
1214 1759 60 17 terms
1287 1757 30 19 for
1328 1757 70 24 longer
1412 1759 86 24 periods:

1006 1809 178 19 Announcements
1193 1809 22 19 of
1225 1809 70 19 Births
1305 1810 41 19 and
1355 1807 79 23 Deaths
1443 1805 132 30 are'charged
1590 1815 22 16 2s
1628 1815 55 22 each,
1703 1817 35 18 not
1757 1816 110 24 exceeding

981 1837 23 17 30
1016 1836 69 18 wovds.
1114 1835 104 23 Marriage
1228 1839 170 17 announcements
1415 1838 26 18 3s.
1469 1838 206 25 NOTE.—These
1691 1841 110 24 charges'
1823 1850 43 16 are

980 1862 38 22 for
1029 1862 175 28 Prepayment
1215 1861 72 29 Only-

1085 1952 241 47 cJOBBIM
1361 1955 396 51 DEPJIRT.ME.NT.

981 2038 155 32 Invoices,

1031 2071 173 32 Billhead^

1079 2105 104 26 Memo
1197 2107 121 31 Forms,

1129 2138 83 26 Bills
1225 2140 35 25 of
1268 2141 90 29 Fare,

1180 2173 155 25 Business
1360 2175 111 32 Cards,-

1230 2206 141 32 Visiting
1392 2209 108 29 Cards,

1312 2240 96 25 Menu
1427 2243 108 29 Cards,

1366 2273 150 34 Luggage
1531 2277 122 32 Labels,

1408 2308 73 25 Ball
1500 2309 235 35 Programmes,

1462 2342 172 31 Circulars,

1533 2376 138 32 Posters,

1581 2410 181 33 Handbills,

1674 2444 188 33 Pamphlets

1315 2479 66 34 &c,
1484 2483 66 30 &c,
1652 2485 56 26 &c.

1043 2542 123 47 Done
1200 2551 49 40 at
1287 2547 80 53 tfye
1390 2547 223 54 Shortest
1634 2552 178 47 JJotiee,

1228 2852 70 45 On
1324 2853 112 46 Sale
1464 2857 51 43 at
1552 2857 87 45 the

980 3052 64 19 Plain
1053 3054 45 17 and
1107 3054 80 23 Fancy
1196 3055 67 22 Note,
1279 3055 130 24 Envelopes
1418 3057 30 17 all
1457 3057 64 23 sizes,

978 3075 125 25 Mourning
1112 3076 75 25 Paper
1195 3078 45 18 and
1250 3078 135 24 Envelopes,
1401 3080 151 20 Commercial
1561 3082 135 23 Stationery
1703 3075 2 30 ■

979 3099 113 23 Foolscap
1101 3100 74 23 Paper
1185 3101 45 18 and
1240 3102 89 18 Official
1338 3102 134 24 Envelopes,

978 3121 115 24 Drawing-,
1104 3123 114 23 Exercise,
1227 3124 177 20 Memorandum
1414 3127 45 17 and
1467 3128 109 18 Account
1585 3129 78 19 Books

978 3145 111 23 Ledgers;
1096 3146 120 21 Journals/
1223 3148 51 22 Day
1284 3148 45 18 and
1339 3149 60 18 Cash
1406 3149 87 23 Books,'

978 3168 80 18 Letter
1067 3169 81 22 Books,
1161 3169 106 24 Brushes,
1279 3171 82 18 Water
1371 3172 79 22 Wells,
1461 3173 51 23 &c;

978 3191 123 23 Stephen's
1109 3193 105 23 Writing-
1222 3194 46 18 and
1278 3193 105 28 Copying
1392 3196 61 22 Inks,

978 3214 105 24 Blotting
1092 3215 78 23 Paper,
1182 3216 111 19 Business
1302 3218 46 18 and
1357 3218 102 24 Visiting
1467 3220 78 23 Cards,

978 3238 56 17 Blue
1044 3238 94 23 Pencils,
1150 3239 63 18 Lead
1221 3240 46 18 and
1277 3241 63 18 Slate
1350 3241 96 23 Pencils,
1457 3243 46 18 and
1512 3244 82 22 Slates,

977 3261 109 23 Marking
1094 3262 49 21 Ink,
1154 3262 67 18 India
1230 3263 93 18 Rubber
1332 3264 83 23 Bands,
1426 3266 65 18 Gunf
1494 3268 47 17 and
1551 3268 114 19 Gummed

976 3284 103 18 Indexed
1089 3285 65 19 Files,
1170 3286 46 18 and
1225 3287 74 22 Paper
1308 3287 67 23 Clips,

976 3308 133 18 Inkstands,
1120 3308 46 17 and
1176 3309 101 18 Bottles.-

1009 3408 21 25 A
1051 3405 139 29 CHOICE
1205 3409 208 27 SELECTION
1433 3412 47 24 OF
1496 3412 185 28 BIRTHDAY
1701 3415 129 27 CARDS.

977 3544 345 62 NEWS
1386 3549 472 63 AGENCY.

1038 3652 194 54 English,
1258 3652 203 57 Foreign,
1491 3654 89 46 and
1604 3656 200 48 Colonial

1127 3718 180 54 Papers,
1329 3718 279 56 .Magazines,
1632 3720 85 49 &e.

977 3791 185 44 SYDNEY
1202 3794 237 42 BULLETIN
1476 3796 32 40 &
1546 3796 315 47 CANTERBURY

1223 3851 146 41 TIMES
1397 3852 60 41 ON
1488 3854 133 40 SALE,

1167 3967 98 75 To
1311 3973 347 74 Tourists.

972 4085 193 58 Agency
1188 4087 77 47 fop
1284 4090 217 48 .Martin's
1527 4094 168 54 Photos
1715 4097 56 46 of
1782 4100 80 53 the

1317 4147 212 46 District,

2013 242 267 75 LAKE
2330 242 333 79 HOUSE

1923 358 339 57 Hydropathic
2306 355 160 55 Hotel,
2515 361 233 44 Rotorua.

2177 441 223 31 ESTABLISHED
2422 442 75 31 1881

1893 501 72 19 Under
1979 501 34 18 the
2022 501 111 24 patronage
2144 499 22 19 of
2176 499 33 19 Sir
2275 499 87 24 Jervors,
2379 500 47 18 Earl
2444 501 37 19 and
2500 501 103 20 Countess
2622 501 21 19 oE
2662 498 96 29 Hopctoii

2062 526 35 18 tho
2109 526 55 18 ilon.
2177 525 87 19 Premier
2274 525 39 19 and
2328 525 103 21 Members
2447 528 21 18 of
2480 528 128 20 Parliament.

1919 631 42 19 The
1971 630 63 19 Hotel
2046 630 15 19 is
2073 630 88 19 situated
2172 636 24 12 on
2208 631 25 18 nil
2243 630 92 19 elevated
2347 630 87 25 position
2445 638 25 12 on
2481 629 34 23 tlie
2526 633 69 19 shores
2611 632 22 19 of
2648 631 55 20 Lake
2719 631 51 19 Eoto-

1894 663 43 17 rua;
1947 657 120 19 convenient
2079 661 20 14 to
2109 656 27 19 all
2147 656 34 19 Iho
2192 656 65 25 sights
2268 657 18 18 in
2299 656 34 19 the
2344 657 87 20 district.

1965 708 111 30 Sulphur
2090 708 51 22 and
2154 708 112 23 Mineral
2280 709 83 22 Baths
2378 708 20 20 in
2410 709 35 19 the
2456 710 96 20 Grounds
2563 711 21 19 of
2595 711 35 19 the
2640 710 71 20 Hotel.

2024 813 19 18 A
2059 812 107 19 reduction
2183 812 16 19 is
2217 813 59 18 made
2292 816 21 15 to
2325 812 76 26 weekly
2412 821 22 11 or
2445 815 90 25 monthly
2546 816 104 18 boarders.

1895 865 68 20 Guide
1973 864 66 20 Books
2050 864 40 19 and
2099 863 134 21 information
2245 865 63 20 matis
2319 868 21 16 at
2351 864 54 20 Cool:
2422 866 37 19 and
2478 866 58 21 Sons'
2553 868 50 25 (sole
2621 868 79 25 agent-*)
2718 866 65 19 offices

2205 891 127 24 throughout
2343 891 34 20 the
2388 892 84 25 Colony.

1893 942 44 46 T.
1962 942 41 46 C.
2024 941 333 52 URQ,U.rWrIT,
2415 969 17 6 -
2485 970 15 6 -
2545 946 237 53 .Manager.

1928 1172 273 65 Nonee
2235 1173 102 64 TO
2367 1173 379 66 TOURISTS.

1926 1314 64 25 The
2009 1313 216 32 undersigned
2245 1313 28 26 is
2295 1320 75 19 now
2391 1315 140 33 running
2554 1317 141 31 Buggies
2720 1317 62 24 and

1894 1347 138 26 Coaches
2054 1348 34 24 to
2107 1347 55 24 the
2175 1346 166 32 following
2354 1347 107 32 places
2474 1346 35 27 of
2522 1350 134 25 interest
2675 1349 34 25 in
2729 1350 53 24 the

1892 1380 240 31 neighborhood
2149 1385 33 20 at
2200 1381 129 31 greatly
2354 1381 136 26 reduced
2514 1383 94 24 rates.
2657 1383 125 31 Special

1893 1412 181 26 reductions
2083 1412 49 26 for
2144 1412 90 32 large
2243 1414 128 31 parties.

1892 1453 329 23 WHAKAREWAREWA;
2258 1454 171 21 WAIRAKEI,
2452 1455 102 19 TAUPO
2569 1456 20 19 &
2607 1456 60 19 THE

2031 1477 145 18 TIKITERE
2190 1477 20 18 &
2224 1477 104 18 OKERE
2342 1477 110 20 FALLS:
2466 1479 174 19 WATOTAPU.

1916 1508 126 20 N.B.—The
2052 1508 101 18 Tikitere
2163 1508 53 23 Trip
2226 1513 43 14 can
2279 1514 53 13 now
2340 1508 29 19 be
2377 1510 117 18 extended
2502 1512 25 16 to
2536 1511 41 18 the
2586 1512 59 17 head
2654 1511 26 18 of
2687 1512 94 21 Rotoiti,

1892 1532 83 18 thence
1991 1532 24 18 to
2029 1531 114 22 Rotoehu,
2160 1532 102 23 opening
2275 1537 32 18 up
2325 1537 64 13 some
2407 1533 26 18 of
2446 1533 41 18 the
2508 1534 115 19 Grandest
2637 1535 101 23 Scenery
2759 1535 23 18 in

1892 1556 58 18 New
1959 1555 103 18 Zealand.

1905 1602 93 28 Special
2010 1604 169 25 Conveyances
2191 1603 45 19 and
2248 1604 87 18 Saddle
2441 1607 22 16 to
2474 1604 27 19 all
2514 1608 61 24 parts
2591 1606 22 19 si
2626 1606 39 19 the
2681 1606 87 19 district

2216 1633 23 16 at
2251 1630 116 20 Moderate
2379 1631 77 23 F^ates.

1939 1678 47 18 Bvs
1991 1677 76 19 leaves
2076 1677 63 19 Lake
2146 1678 85 22 House,
2241 1679 85 22 calling
2332 1680 25 17 at
2364 1679 31 17 all
2401 1679 83 18 Hotels
2490 1680 45 18 and
2542 1680 116 23 Boarding
2666 1680 92 19 Houses

1915 1701 35 18 for
1959 1701 224 23 Whak'arewarewa,
2194 1702 68 18 twice
2271 1702 118 22 forenoon,
2400 1702 67 18 twice
2476 1701 129 21 afternoon'.

2196 1734 44 46 J.
2287 1736 307 47 FALLOONA

2042 1886 135 25 SfHBLES
2201 1886 80 25 NEAR
2306 1886 76 25 LAKE
2404 1886 96 25 HOUSE
2525 1887 104 24 HOTEL.

2030 2663 39 18 ;w
2074 2659 46 23 Old
2127 2659 73 23 Special

1940 2691 118 38 3P3II'L

2242 2918 206 50 Proprietors:-
2515 2927 12 26 K

2213 2980 36 40 *
2272 2971 282 65 DISTILLERS
2594 2975 43 60 0
2670 2974 73 76 |p|

2301 3042 167 41 smm#,
2491 3050 143 29 scorm/).

2431 3117 298 34 -A-OSISTTS

2454 3269 213 42 srotrid

1986 3326 166 37 QXJjeKN
2180 3331 203 35 STREET,
2402 3331 274 34 AUCKLAND,

2113 3370 108 19 UNDER
2235 3371 75 18 NEW
2322 3371 225 19 MANAGEMENT.

2102 3415 211 47 JOSEPH
2347 3415 216 50 MeßflE.-

2011 3485 61 20 'Late
2082 3488 21 18 of
2112 3488 36 19 tho
2157 3488 58 20 Lake
2225 3489 71 19 House
2311 3488 40 20 and
2366 3489 73 19 Palace
2449 3489 80 23 Hotols,
2540 3489 110 28 Rotoraa,)

1966 3519 2 23 .
2131 3519 50 19 Has
2187 3520 52 22 just
2247 3520 73 18 taken
2331 3525 56 13 over
2395 3520 47 18 this
2451 3520 78 18 Hotel.

1886 3538 127 20 Travelers
2021 3541 48 18 will
2078 3542 48 18 find
2135 3548 71 18 every
2214 3544 97 17 Modern
2321 3543 160 18 Convenience
2490 3544 123 19 combined
2619 3545 58 19 with
2683 3546 94 24 Civility

2190 3566 47 18 and
2242 3566 97 23 Prompt
2346 3566 123 19 attention.

1916 3606 39 18 Hie
1966 3606 97 22 situation
2074 3610 22 18 of
2110 3610 35 19 tho
2161 3610 125 21 Waverley
2305 3611 82 19 renders
2406 3611 16 18 it
2441 3611 97 25 specially
2557 3613 120 19 convenient
2694 3614 32 18 for
2740 3614 36 18 the

1887 3631 117 27 Travelling
2014 3634 73 20 Public
2097 3636 41 19 and
2155 3636 89 20 Visitors
2260 3641 20 15 to
2298 3637 34 19 tbe
2349 3633 46 28 City
2410 3634 53 21 fr'oui
2477 3637 36 18 the
2529 3636 91 28 Country
2637 3639 27 25 by
2684 3640 52 18 train
2754 3647 22 11 or

1887 3660 90 18 steamer.

1887 3682 103 30 Special
2000 3685 207 31 Arrangements
2218 3689 75 23 made
2303 3688 40 23 for
2353 3688 45 23 the
2414 3690 177 23 convenience
2605 3692 28 22 of
2644 3691 130 24 Families.

2078 3725 201 17 NIGHT
2324 3726 263 18 PORTER.

1888 3760 174 31 First-class
2079 3766 116 27 Biliiard
2213 3768 118 30 Rooms.
2368 3767 100 26 Wines
2482 3770 61 24 and
2559 3770 109 31 Spirits
2682 3771 32 25 of
2720 3770 55 25 the

1966 3796 67 27 best
2049 3799 125 26 Brands.
2220 3801 170 26 Hancock's
2413 3801 82 25 Prize
2509 3801 104 28 XXXX
2628 3804 68 25 Ales

2157 3833 114 33 always
2289 3840 38 19 on
2354 3834 140 31 draught.

1887 3899 70 45 M»
1992 3903 76 46 W.
2109 3898 46 52 j.
2188 3907 131 44 N™'

1887 3962 169 24 BARRISTER
2068 3969 66 19 AND
2153 3967 166 22 SOLICITOR.

1887 4002 145 22 Commissioner
2046 4008 20 17 of
2080 4008 35 18 the.
2126 4009 91 23 Supremo
2231 4010 59 18 Court
2301 4010 19 18 of

2080 4031 49 23 Fiji.'

1886 4056 87 19 Solicitor
1982 4060 20 17 to
2011 4061 32 17 the
2054 4061 48 19 N.Z.
2117 4063 130 19 Government
2261 4064 59 18 under

1953 4081 38 18 The
1999 4083 98 21 Advances
2105 4087 21 16 to
2131 4087 79 17 Settlers

1886 4110 99 21 Victoria.
1993 4114 88 23 Ahcade,
2092 4117 112 22 Queen-st,
2214 4118 105 19 Auckland.

1910 4150 70 24 Money
1989 4153 19 18 to
2015 4154 53 18 Lend
2077 4162 24 11 on
2110 4157 86 17 freehold
2211 4159 81 22 security
2300 4159 20 17 at

1886 4174 37 16 low
1941 4176 49 16 rates
2006 4178 19 16 of
2038 4178 84 18 interest.
2151 4180 72 23 Money
2235 4181 85 18 invested

1886 4197 30 17 for
1925 4197 66 18 clients
1999 4200 38 18 free
2046 4202 20 17 of
2075 4200 74 23 charge'.

2346 3901 211 47 Rotorua
2582 3903 191 55 Library

2352 3990 93 47 OPEN
2458 3991 53 20 from
2524 3993 23 17 TO
2558 3999 47 12 a.m.
2616 3995 21 17 to
2647 3995 11 16 5
2668 3998 47 20 p.m.
2734 3992 40 19 and

2404 4019 44 17 6.30
2460 4020 20 16 to
2491 4018 283 26 10p.m.Sundaystill9pui.

2361 4046 164 24 Subscription
2534 4046 3 24 :
2550 4048 43 18 20s
2602 4049 43 17 Per
2653 4047 102 19 Annum.

2343 4101 35 18 the
2387 4101 86 25 Library
2485 4108 25 12 on
2529 4103 85 24 making
2631 4110 12 12 a
2661 4099 79 28 deposit
2755 4103 20 18 of

2343 4130 35 15 not
2386 4127 41 19 less
2437 4127 50 19 than
2507 4129 29 21 ss,
2555 4129 39 18 and
2611 4129 124 24 purchasing
2757 4130 19 17 Is

2343 4158 77 18 coupon
2431 4153 32 18 for
2473 4158 61 21 every
2546 4154 54 18 Four'
2608 4154 71 19 books.

2368 4178 43 19 The
2428 4178 88 25 Library
2539 4179 18 19 is
2576 4178 56 27 open'
2649 4180 75 25 during
2740 4179 36 20 the

2343 4204 93 24 eVening.

2805 232 229 40 HINEMOA
3066 233 168 43 STORE.

2805 298 167 27 TT7TLLIAM
2993 299 107 21 ROGERS
3118 301 72 21 directs
3208 308 17 14 w.

2820 320 10 10 *
2841 330 9 11 t
2883 325 78 20 tention
2972 327 20 18 to
3001 326 33 20 the
3044 327 105 26 following
3157 327 50 21 lines
3218 331 17 19 ol

2805 403 100 26 Bycroft's
2916 404 111 20 Snowdrift
3037 406 51 19 N.Z-
3097 406 63 20 Flour

2805 430 102 23 .Sultanas,
2919 430 100 20 Muscatel
3028 432 39 19 and
3076 432 99 21 Valencia
3189 433 49 22 Rai.

2857 456 47 19 sins,
2917 457 40 18 and
2966 456 96 20 Currants

2805 481 50 24 Figs
2862 482 40 18 and
2913 482 111 20 Preserved
3034 483 79 27 Ginger
3113 499 5 10 ;
3130 486 69 24 Spices

2805 506 74 20 Lemon
2892 508 39 18 and
2942 509 80 24 Orange
3034 510 48 19 Peel

2861 534 69 18 While
2941 532 112 26 S.ugor—A
3068 536 118 25 Speciality.

2806 559 50 21 New
2867 560 91 18 Zealand
2965 560 63 26 Dairy
3035 562 146 20 Association's
3188 564 38 20 But-

2910 589 37 16 ter.

2830 611 62 19 TEA.
2951 612 111 20 COFFEE.
3119 613 94 22 COCOA.

2805 660 88 19 General
2906 661 127 20 Assortment
3050 663 21 19 of
3088 663 151 27 Storekeeper'?

2984 687 73 20 Goods.

2866 739 159 42 HINEMOA
3054 741 125 42 STORE.

2806 818 54 42 B.
2902 816 47 49 S;
2994 818 35 45 G
3048 818 153 21 OEEEI

2914 873 221 26 ARCHITECT,

2885 907 99 26 Building
2999 910 107 26 Surveyor,
3126 912 35 19 &c.

2808 983 70 23 Agent
2899 981 31 19 for
2950 981 34 20 the
3008 981 110 27 National,
3130 984 47 22 Fire
3201 987 39 18 and

2987 1009 114 20 Insurance
3112 1011 36 19 Co.

2873 1074 87 20 OKO
2975 1075 12 19 I
3003 1077 17 18 A

3091 1077 107 46 yiE

2806 1159 245 33 BOAHDING
3069 1161 171 34 HOUSE,:

2806 1218 112 27 Opposite
2932 1219 40 20 the
2988 1220 54 19 Post
3053 1221 46 20 and
3111 1223 129 24 Tcleqrapb

2984 1246 77 21 Office.

2806 1275 45 20 Arid
2872 1282 49 14 near
2942 1276 34 21 the
2996 1278 121 21 Celebrated
3141 1279 100 23 PRIEST

2845 1301 118 21 RACHEL
2980 1305 39 19 and
3032 1305 56 19 ether
3100 1307 99 24 BATHS,

2951 1329 143 23 ROTORTJA.

2806 1380 112 29 TERMS:
2926 1382 44 18 25s
2977 1387 40 18 per
3025 1384 71 22 week,
3106 1383 28 19 5s
3142 1390 41 18 per
3189 1386 52 23 day,

2839 1412 115 41 MRS
2999 1415 207 47 YOUNG,

2940 1463 171 21 PItOLMfIE'ntKSS.

2817 1730 106 33 BAKER
2935 1733 25 30 &
2971 1733 256 34 CONFECTIONER.

2856 1810 86 24 Bread
2955 1812 132 25 delivered
3104 1815 79 29 daily.

2856 1879 165 26 CKOCEKIES,

3001 1917 144 22 DRAPERY,

2995 1956 10 12 -\
3011 1955 10 13 N
3029 1956 9 12 I)

2802 1980 123 19 GENERAL
2932 1982 34 18 ST(
2973 1983 166 20 (REKEEPER'S
3147 1985 55 19 GOO!

2821 2034 40 45 S.
2893 2035 47 46 R.
2976 2035 239 53 LUNDO.N,

2934 2105 166 23 SOLICITOR,

2799 2140 82 18 Tehpie
2888 2140 118 23 Chambers,
3010 2142 97 23 High-st,
3112 2144 115 19 Auckland

2807 2185 8 7 T
2817 2185 136 19 -H-—Attends
2962 2190 79 21 country
3051 2189 68 18 Courts
3128 2190 26 22 by
3166 2191 66 22 special

2797 2208 141 24 affallgomeiit.'

2808 2336 177 41 COFFEE
3025 2337 192 45 PALACE.

2846 2407 145 32 QUEEN
3013 2410 166 33 STREET,

2794 2467 64 24 Also
2882 2469 108 30 opposite
3013 2468 108 27 Herald
3148 2471 84 31 Office.

2824 2578 51 46 E.
2926 2580 271 57 WATERS,

2895 2659 240 27 PROPRIETOR.

2846 2725 28 26 J.
2895 2726 49 25 W.
2968 2726 205 28 WRIGLSY

2818 2791 388 28 ARCHITECT,

2924 2821 186 23 FzoTbtiijTz:

2823 2888 70 26 Agent
2900 2889 33 19 for
2949 2890 35 18 the
3001 2889 63 21 South
3086 2886 81 26 firi'ti'sh.
3186 2893 47 20 Fire

2795 2914 41 19 and
2847 2914 80 20 Marine
2936 2915 112 21 Insurance
3058 2917 113 27 Company.

2844 2977 30 39 A.
2902 2977 71 40 AND
3000 2978 30 40 G,
3057 2979 127 48 BROOK,

2797 3036 82 23 BOOT
2894 3036 70 23 AND
2981 3037 81 24 SHOE
3084 3040 148 29 MAKERS,

2856 3076 89 21 Fenton
2961 3078 88 21 Street,
3072 3080 108 20 Korour.v.

2799 3109 45 19 And
2868 3111 21 17 at
2919 3109 83 20 Parnell
3025 3111 38 19 and
3094 3112 140 21 Newmarket.

2825 3178 67 23 Large
2901 3178 40 18 and
2953 3179 67 19 varied
3036 3180 62 19 Stock
3110 3180 21 20 of
3142 3181 92 21 Enelisb,

2861 3231 21 18 to
2894 3231 72 19 choose
2978 3233 49 18 from
3039 3234 21 18 at
3072 3233 33 19 the
3118 3236 51 17 most

2835 3267 216 33 REASONABLE
3072 3271 126 29 PRICES,

2801 3342 169 24 FOOTBALL
2985 3344 97 24 BOOTS
3093 3346 43 25 just
3150 3347 78 18 arrived

2801 3383 35 19 All
2852 3384 70 19 orders
2938 3384 40 19 and
2995 3386 74 24 repairs
3086 3388 150 24 expeditiously

2965 3412 102 19 executed.

2801 3443 22 18 S.
2838 3443 26 18 E.
2879 3443 150 23 FORDYCE,
3055 3456 7 3 -
3086 3456 9 3 -
3120 3447 114 23 Manager

2800 3491 29 18 W.
2834 3491 23 18 L.
2864 3487 100 26 FoBSTEIi,
2974 3497 43 18 C.E.,
3043 3494 25 17 11.
3079 3494 30 18 W.
3121 3495 113 22 MITCHELL,

2801 3621 160 42 FORSTER
2989 3624 24 40 &
3046 3625 188 48 MITCHELL,

2827 3680 113 28 MINING
2956 3682 171 28 ENGINEERS
3147 3685 61 25 AND

2928 3716 184 32 SURVEYORS,

2799 3757 120 19 VALUEES
2932 3760 33 17 OF
2973 3760 99 18 MINING
3083 3762 56 17 AND
3149 3762 87 18 OTHER

2932 3783 166 22 PROPERTIES,

2869 3818 107 22 Hauraki,
2994 3820 51 18 Nkv
3059 3815 111 24 Zeala'stdV

2869 3969 118 23 Normane'v
3000 3970 62 27 Rc-Aii,
3075 3974 90 21 PaeroX'.

2846 4023 52 20 OTE
2918 4031 64 19 paper
3001 4023 40 22 and
3057 4026 116 27 Envelopes
3189 4028 47 19 with

2810 4061 8 4 -
2827 4052 8 14 1
2881 4051 81 24 printed
2976 4052 89 25 heading
3077 4055 21 16 at
3107 4054 66 24 cheap
3180 4056 56 17 rates

2801 4078 19 16 at
2831 4074 108 22 Clir'odiclo
2954 4077 62 19 o.Tlde.
