4120 5920
1334 57 115 40 THE
1503 56 186 38 LYELL
1741 52 184 43 TIMES,
1981 48 306 49 SATURDAY,
2344 53 263 40 OCTOBER
2659 67 34 31 2,
2752 56 102 35 1886.

263 188 117 30 Public
399 187 153 34 Notices.

111 270 103 28 BANK
235 272 46 26 OF
301 272 89 28 NEW
412 272 126 29 SOUTH
557 274 140 28 WALES.

85 395 61 57 A
149 395 23 25 x
186 392 98 30 Officer
304 395 70 27 from
388 396 45 27 the
454 397 138 35 Westport
609 396 110 28 Branch

181 446 30 28 of
223 447 52 27 this
286 447 103 28 BANK
398 448 56 27 will
462 449 62 26 visit
534 448 76 36 Lyell
621 449 41 27 for
675 449 45 28 the

84 507 117 27 purpose
216 498 27 28 of
255 500 171 37 transacting
440 501 135 27 General
588 501 133 28 Banking

84 550 149 35 Business,
270 562 35 18 on
341 553 216 35 THURSDAY,
593 554 47 28 the
674 553 47 30 7th

85 604 186 31 OCTOBER,
299 605 54 27 and
387 606 107 27 remain
527 606 41 28 till
599 606 46 28 the
672 606 36 27 fol-

86 653 101 36 lowing
200 656 136 33 morning,
350 656 46 27 Bth
417 656 114 28 instant.

86 740 78 26 THE
197 741 193 26 NATIONAL
421 742 104 26 BANK
555 742 47 26 OF
634 742 87 26 NEW

208 792 187 35 ZEALAND,
422 792 177 30 LIMITED.

87 893 120 51 rpiIIS
224 893 103 28 BANK
334 894 54 27 will
396 894 32 27 be
436 894 154 28 OPENED
605 898 27 24 to
644 894 77 27 BUY

178 946 99 27 GOLD
299 945 55 28 and
373 946 192 28 TRANSACT
585 946 136 28 General

87 998 176 29 BANKING
293 997 187 30 BUSINESS
514 1001 27 26 at
576 997 80 37 Lyell
687 1007 34 18 on

87 1052 209 33 SATURDAY,
332 1051 49 28 9th
418 1052 181 32 OCTOBER,
635 1051 86 28 under

85 1104 47 29 the
165 1104 98 38 charge
295 1103 29 30 of
353 1104 46 29 the
432 1103 116 30 Reefton
580 1103 141 38 Manager,

88 1157 24 26 I.
133 1157 98 28 Lewis.

385 1196 43 29 W.
449 1195 168 34 DYMOCK,

536 1252 151 36 Inspector.

266 1335 279 31 NOTICE.

91 1437 51 81 IT
158 1436 24 31 is
197 1447 50 30 my
261 1436 148 32 intention
423 1439 30 28 to
468 1435 129 31 APPLY
621 1437 30 28 at
671 1433 50 31 the

159 1492 71 30 next
253 1490 102 41 sitting
371 1490 31 32 of
423 1488 50 33 the
498 1488 101 33 Waste
621 1485 100 34 Lands

89 1543 108 37 Board,
211 1544 120 36 Nelson,
347 1544 44 31 for
405 1553 39 20 an
467 1540 253 33 OCCUPATION

88 1595 177 33 LICENSE
282 1606 68 21 over

169 1648 49 31 All
232 1648 66 32 that
311 1648 80 40 piece
407 1658 31 21 or
452 1646 98 42 parcel
573 1646 31 32 of
625 1644 95 37 Land,

247 1692 162 41 consisting
425 1692 30 31 of
474 1691 89 32 about
578 1691 38 30 80
630 1699 89 26 acres,

248 1737 108 32 situate
381 1737 89 31 about
485 1737 58 29 800
556 1734 86 43 yards
656 1735 65 39 past

248 1782 83 42 place
352 1782 106 32 known
474 1791 31 21 as
520 1780 201 32 Government

249 1827 147 40 Clearing,
413 1825 58 32 and
485 1825 90 31 about
592 1825 36 39 1J
636 1823 84 31 miles

251 1871 90 31 above
353 1869 94 42 Lyell,
460 1879 38 21 on
513 1868 110 31 Nelson
633 1865 85 38 road;

249 1914 136 33 bounded
413 1925 38 21 on
480 1912 81 33 three
587 1911 75 31 sides
682 1909 38 43 by

250 1959 105 32 Crown
379 1958 95 36 lands,
495 1957 58 31 and
576 1966 37 21 on
638 1955 83 32 other

250 2003 61 31 side
339 2002 39 41 by
404 2001 82 31 main
513 2000 110 31 Nelson
651 1998 70 33 road

249 2047 58 31 and
321 2046 102 32 Buller
437 2045 85 31 river.

403 2097 132 33 JAMES
556 2095 124 33 EDGE.

131 2154 95 41 Lyell,
244 2152 171 42 September
430 2151 82 36 24tli,
529 2152 51 30 188
580 2152 34 30 G.

278 2239 258 32 NOTICE.

94 2366 51 81 IT
161 2365 23 30 is
199 2375 50 29 my
262 2363 146 31 intention
433 2364 30 29 to
477 2361 130 31 APPLY
621 2362 30 29 at
672 2359 50 33 the

161 2420 70 30 next
255 2415 101 42 sitting
380 2414 32 33 of
433 2414 50 33 tlie
498 2414 100 32 Waste
622 2412 100 32 Lands

92 2472 107 34 Board,
216 2470 119 35 Nelson,
351 2469 44 31 for
407 2479 36 20 an
469 2466 252 33 OCCUPATION

92 2524 176 33 LICENSE
284 2533 67 22 over

170 2587 49 30 All
235 2586 64 31 that
323 2584 79 41 piece
418 2595 31 21 or
463 2583 97 42 parcel
575 2582 31 32 of
626 2582 94 36 Land,

210 2639 162 41 consisting
398 2639 32 32 of
454 2638 89 32 about
570 2639 37 30 80
631 2647 89 23 acres,

209 2693 106 31 situate
336 2694 30 28 at
393 2692 90 30 Owen
511 2690 96 36 River,
634 2689 88 30 about

210 2748 58 30 300
301 2745 85 42 yards
416 2743 73 33 back
522 2743 31 32 of
584 2742 138 32 Flower's

212 2799 92 41 Camp
318 2809 5 28 ;
346 2797 135 32 bounded
496 2806 37 22 on
548 2795 40 31 all
599 2795 75 31 sides
685 2794 37 42 by

209 2852 104 31 Crown
344 2850 102 37 lands;
481 2848 176 40 description
694 2858 17 21 o

208 2905 70 33 land
292 2916 5 21 :
322 2904 118 41 Swamp
454 2902 59 34 and
527 2901 85 33 bush.

280 2966 178 32 EDWARD
487 2964 195 32 CARROLL.

129 3030 94 41 Lyell,
240 3028 171 41 September
426 3028 82 35 28th,
526 3029 50 29 188
576 3029 34 29 G.

89 3119 150 31 NOTICE
273 3119 50 31 OF
346 3117 266 31 APPLICATION
644 3116 77 31 FOR

143 3173 24 32 A
189 3170 275 36 CONDITIONAL
485 3167 188 36 LICENSE*

95 3286 25 23 T
162 3276 178 34 EDWARD
362 3275 195 39 CARROLL,
574 3275 31 32 of
623 3275 100 37 Owen,

96 3331 23 27 1
129 3347 8 25 j
182 3331 37 30 do
233 3329 108 41 hereby
355 3329 63 40 give
433 3329 96 30 notice
548 3329 65 30 that
637 3329 16 29 I
677 3328 32 31 de-

94 3385 57 31 sire
175 3386 30 29 to
228 3383 109 37 obtain,
360 3382 58 31 and
442 3382 60 31 will
526 3385 30 28 at
580 3381 50 32 the
654 3382 71 31 next

96 3436 111 41 Sitting
222 3436 31 32 of
265 3436 49 31 the
330 3435 99 37 Court,
445 3436 31 31 to
500 3434 35 32 be
559 3434 110 33 liolden
695 3437 30 28 at

96 3490 171 32 Murchison
282 3501 38 20 on
335 3489 49 32 the
397 3489 71 32 26th
480 3488 56 41 day
548 3488 30 32 of
591 3487 133 37 October,

95 3542 88 43 apply
196 3542 44 32 for
255 3552 16 21 a
287 3541 165 32 Certificate
477 3540 185 42 authorising
675 3540 50 31 the

94 3597 78 32 issue
187 3597 31 32 of
229 3608 18 20 a
261 3595 188 33 Conditional
467 3595 123 32 License
605 3594 44 33 for
663 3605 47 31 pre-

94 3649 89 32 mises
198 3649 106 31 situate
320 3653 30 26 at
365 3648 137 31 Flowers'
516 3648 103 40 Camp,
636 3648 89 31 Owen

94 3703 98 35 River,
208 3702 171 40 containing
409 3703 35 28 12
464 3712 98 21 rooms
576 3700 149 32 exclusive

95 3756 31 33 of
138 3756 83 33 those
235 3754 135 43 required
381 3754 44 33 for
438 3765 52 22 use
506 3754 30 33 of
548 3753 50 33 the
612 3752 112 44 family.

135 3809 95 30 Dated
255 3809 49 30 the
331 3808 71 30 18th
417 3808 55 40 day
487 3808 31 30 of
541 3807 181 40 September,

96 3853 86 31 1886.

287 3895 178 31 EDWARD
487 3894 197 32 CARROLL.

922 188 118 31 Public
1059 187 150 34 Notices.

854 301 25 27 v
882 321 6 6 -
999 286 147 78 Bl1
1246 303 16 26 B-

790 391 166 33 DULLER
978 390 163 35 COUNTY
1162 392 188 34 COUNCIL.

931 505 274 34 NOTICE.

753 621 285 32 ttNLICENSED
1079 623 205 32 HAWKERS
1326 624 57 30 and

759 658 33 44 vJ
842 677 189 33 PEDLARS
1060 689 49 22 are
1136 679 110 42 hereby
1273 678 88 34 NOTI-

752 737 97 31 FIED
878 736 65 31 tliat
978 736 71 40 they
1079 738 61 30 will
1173 738 36 31 be
1237 738 120 31 PROSE-

753 793 136 34 CUTED
905 793 23 31 if
940 793 92 32 found
1046 794 136 42 carrying
1197 805 38 22 on
1249 794 134 33 business

752 864 37 20 on
805 852 57 31 and
877 851 74 32 after
966 851 59 32 this
1040 852 77 32 date.

920 907 117 33 ROBT.
1060 909 34 31 F.
1118 907 183 39 MULLAN,

1113 966 118 42 County
1246 966 96 32 Clerk.

908 1022 124 33 Council
1044 1023 172 38 Chambers,

788 1081 158 40 Westport,
965 1080 173 41 September
1153 1081 82 37 25th,
1254 1082 86 30 1886.

867 1169 171 31 MISSING
1073 1169 190 31 FRIENDS.

755 1251 180 31 nEORGE
969 1250 300 32 JECKLIN.Last
1290 1249 92 32 heard

753 1294 43 40 VI
837 1295 37 36 of,
901 1295 43 30 six
969 1294 121 32 months
1116 1304 65 30 ago,
1204 1293 32 31 in
1261 1293 120 36 Oxford,

749 1338 94 31 North
865 1338 111 37 Island,
992 1338 97 31 where
1102 1337 39 31 he
1165 1347 60 21 was
1251 1337 131 39 engaged

749 1382 183 40 butchering.
975 1380 225 33 Communicate
1223 1380 71 31 with
1309 1390 73 31 your

748 1426 128 37 brother,
893 1425 122 31 Alfonso
1040 1425 125 35 Jecklin,
1182 1424 71 31 Post
1278 1423 101 38 Office,

748 1470 94 42 Lyell.
884 1470 168 40 Important
1066 1478 80 22 news
1161 1469 75 30 from
1252 1467 107 32 Home.

788 1515 65 40 Any
866 1524 106 30 person
982 1514 101 40 giving
1096 1512 192 33 information
1303 1523 32 21 as
1350 1515 30 29 to

748 1557 201 33 whereabouts
964 1557 60 32 mil
1039 1557 95 40 oblige

942 1601 185 31 ALFONSO
1153 1599 186 32 JECKLIN.

751 1708 538 84 PHOTOGRAPH

897 1886 43 39 E.
986 1884 248 51 TEAGUE,

750 1954 395 84 pHOTOGRAHHIC

935 2046 88 28 From
1044 2046 146 36 Westport,

748 2111 75 41 Begs
838 2112 30 31 to
883 2110 137 33 intimate
1035 2110 66 33 that
1112 2110 37 33 lie
1164 2110 54 33 has
1234 2111 120 41 Opened
1366 2121 16 22 a

806 2155 219 41 Photographic
1046 2155 121 42 Gallery
1180 2156 32 31 in
1226 2155 96 42 Lyell,

749 2214 45 31 On
810 2213 232 38 THURSDAY,
1060 2213 250 33 SEPTEMBER
1332 2215 48 36 23,

866 2265 67 31 And
947 2265 26 31 is
992 2265 143 40 prepared
1149 2267 31 29 to
1197 2265 67 31 take

750 2318 251 52 Photographs,
1024 2318 126 47 Cards,
1168 2318 71 38 and
1270 2317 112 40 Views

904 2381 37 28 Of
956 2390 83 26 every
1057 2381 173 35 description.

751 2429 82 28 Carte
846 2428 33 28 de
894 2428 101 29 Visites
1187 2427 54 38 15/-
1273 2437 49 26 per
1335 2428 47 28 doz

751 2468 115 27 Cabinet
879 2468 141 27 Portraits
1187 2467 62 36 22/6

820 2506 118 37 Groups,
957 2505 171 33 Residences,
1148 2505 56 33 dc.,
1223 2514 31 19 as
1262 2513 53 29 per

985 2546 165 34 agreement.

921 2621 70 30 Nete
1010 2620 46 30 the
1076 2620 133 29 Address:

750 2674 196 31 OPPOSITE
969 2674 229 31 FENNELL'S
1223 2673 159 31 EMPIRE

994 2717 149 33 HOTEL.

809 2806 123 28 LYELL
946 2807 21 27 &
981 2806 174 28 CENTRAL
1168 2806 155 28 DULLER

749 2863 159 63 JOCKEY
925 2863 110 62 CLUB
1054 2862 113 61 RACE
1192 2862 192 62 MEETING

951 2952 35 19 TO
1000 2952 37 18 BE
1051 2951 78 19 HELD
1144 2951 35 19 ON

765 2993 174 34 MONDAY,
958 2992 224 30 DECEMBEB
1199 2992 76 34 27th,
1288 2993 78 29 1880.

986 3070 159 29 Stewards:

751 3110 100 27 Messrs
864 3109 110 28 Lowick
1094 3109 100 27 Messrs
1204 3108 26 28 J.
1240 3107 142 37 Campbell

865 3148 27 27 J.
907 3146 69 29 Ileid
1205 3147 180 27 J.M'Dowall

864 3187 35 28 P.
915 3187 123 29 Sullivan
1206 3186 27 29 J.
1251 3185 66 29 Rait

865 3227 31 26 C.
913 3227 110 26 Trower
1207 3227 32 26 A.
1261 3224 89 29 Smith

896 3264 109 36 Judge:
1028 3263 43 28 Mr
1084 3263 31 28 0.
1129 3263 108 36 Lynch.

865 3304 128 27 Starter:
1016 3302 43 28 Mr
1071 3302 31 28 T.
1116 3302 153 28 O'Rourke.

830 3341 80 27 Clerk
923 3341 34 35 of
965 3341 119 27 Course:
1106 3340 44 27 Mr
1163 3340 27 27 J.
1204 3340 102 27 James.

765 3379 81 29 Cleric
859 3379 33 38 of
903 3379 92 29 Scales
1007 3389 8 18 :
1038 3378 44 29 Mr
1094 3378 38 29 H.
1144 3379 32 28 13.
1191 3377 181 30 Huddleston.

820 3420 75 27 Hon.
912 3419 151 27 Treasurer
1075 3427 7 18 :
1104 3417 45 28 Mr
1162 3418 31 27 0.
1207 3417 106 36 Lynch.

753 3498 82 27 Hack
853 3496 123 29 Hcrple
996 3496 76 28 Race
1092 3495 30 29 of
1144 3495 34 28 10
1202 3504 69 19 sovs.
1321 3495 47 28 Dis-

820 3540 87 26 tance,
965 3535 87 25 miles.
1089 3534 71 26 Over
1179 3534 40 26 six
1240 3534 95 34 flights
1359 3534 28 26 of

820 3572 118 29 hurdles.
976 3572 148 28 Minimum
1148 3570 110 39 weight,
1272 3573 43 27 9st
1329 3570 54 31 71b.

821 3613 147 32 Entrance,
983 3612 14 27 1
1011 3621 56 19 sov.

753 3650 106 29 Jockey
873 3654 77 24 Club
964 3650 148 26 Handicap
1122 3648 30 28 of
1163 3650 32 26 25
1207 3658 70 18 sovs.
1299 3649 86 36 (Open

823 3688 90 35 Race.)
950 3687 139 33 Distance,
1165 3687 88 29 miles.
1290 3687 75 28 Nomi-

823 3727 120 32 nations,
957 3727 13 26 1
984 3735 56 18 sov.
1077 3726 193 35 Aeceptances,
1284 3725 54 37 30/.

754 3765 148 29 Handicap
915 3765 83 29 Hack
1013 3764 76 29 Race
1108 3765 30 28 of
1157 3766 15 27 5
1186 3774 70 19 sovs.
1293 3765 13 35 f
1322 3763 64 30 mile

821 3805 78 27 heats
922 3805 116 27 without
1059 3804 195 34 dismounting.
1292 3805 75 26 Nomi-

823 3843 117 32 nations,
953 3841 37 37 5/.
1026 3841 193 37 Acceptances,
1233 3840 37 37 5/.

753 3881 136 28 District
902 3879 149 30 Handicap
1061 3880 30 28 of
1101 3881 31 27 15
1146 3888 70 20 sovs.
1299 3880 86 27 miles.

823 3920 201 33 Nominations,
1039 3918 53 28 10/.
1129 3918 191 36 Acceptances,
1339 3919 47 27 Ml.

823 3958 78 35 Open
915 3963 26 23 to
955 3958 105 29 district
1073 3961 92 25 liorses
1178 3956 73 37 only.

755 3998 148 26 Handicap
924 3996 83 28 Hack
1028 3996 77 28 Race
1127 3996 30 27 of
1176 3997 14 25 5
1214 4005 70 17 sovs.
1322 3996 45 26 Dis-

823 4040 88 29 tance,
942 4036 14 28 1
987 4035 75 29 mile.
1111 4033 206 36 Nominations,
1347 4033 36 39 5/.

823 4076 191 34 Acceptances,
1029 4074 35 37 5/.

755 4113 190 28 Consolation
959 4113 150 26 Handicap
1122 4111 29 28 of
1169 4111 33 27 10
1214 4118 71 20 sovs.
1323 4109 51 28 Bis

824 4155 87 27 tance,
938 4151 14 27 1
978 4151 74 28 mile.
1101 4149 204 35 Nominations,
1334 4148 52 38 10/.

823 4188 192 36 Acceptances,
1031 4187 52 36 10/.

755 4228 115 28 Forced
884 4227 147 28 Handicap
1044 4226 30 28 of
1094 4226 32 28 10
1139 4234 70 20 sovs.
1247 4224 140 33 Distance,

825 4266 32 35 1
879 4266 88 27 miles.
1004 4266 149 30 Entrance,
1175 4266 13 25 1
1213 4273 57 19 sov.
1308 4265 60 27 Com-

825 4303 110 38 pulsory
949 4307 26 25 to
988 4302 127 34 winners,
1127 4302 120 37 optional
1258 4306 26 24 to
1294 4302 93 28 losers.

91 3986 149 31 NOTICE
271 3985 51 31 OF
347 3984 269 30 APPLICATION
647 3983 79 31 FOR

143 4040 24 31 A
189 4037 276 35 CONDITIONAL
487 4035 188 35 LICENSE.

92 4154 25 22 t
160 4144 160 33 MICHEL
331 4144 145 36 FAGaN,
487 4144 32 32 of
530 4143 50 32 the
586 4141 140 42 junction

94 4186 40 53 1)
188 4198 31 32 of
242 4198 89 32 Owen
359 4197 58 31 and
432 4196 111 32 Nelson
570 4195 95 36 roads,
691 4195 36 30 do

92 4252 110 40 hereby
216 4252 64 40 give
294 4251 96 31 notice
405 4250 66 32 that
493 4250 15 30 I
522 4249 94 32 desire
633 4251 30 29 to
679 4248 32 32 ob-

94 4304 72 37 tain,
190 4304 58 32 and
268 4303 61 33 will
350 4305 30 30 at
401 4302 51 32 the
474 4303 71 31 next
568 4300 111 41 Sitting
701 4299 31 33 of

93 4358 51 31 the
162 4357 158 40 Licensing
341 4357 100 36 Court,
458 4359 30 28 to
510 4355 34 31 be
566 4353 109 33 holden
698 4356 29 28 at

95 4411 172 31 Murchison
278 4421 39 21 on
328 4410 50 32 the
388 4409 73 32 2Gth
475 4409 57 40 day
546 4407 32 32 of
590 4406 137 37 October,

95 4463 87 43 apply
202 4464 44 32 for
261 4474 17 21 a
293 4463 166 32 Certificate
475 4460 186 41 authorising
679 4459 50 31 the

94 4518 78 31 issue
197 4517 31 31 of
250 4527 16 21 a
282 4515 188 33 Conditional
494 4515 124 30 License
643 4513 44 31 for
712 4523 17 20 a

94 4571 92 31 house
202 4570 106 32 situate
324 4571 29 29 at
365 4568 137 42 junction
517 4567 31 32 of
566 4567 90 31 Owen
671 4565 58 32 and

91 4623 110 32 Nelson
225 4623 80 37 road,
331 4621 172 40 containing
530 4620 65 31 four
622 4628 98 23 rooms

94 4677 146 32 exclusive
252 4677 30 31 of
294 4676 84 31 those
393 4673 135 42 required
541 4673 44 32 for
600 4672 51 33 the
677 4682 51 21 use

95 4729 32 32 of
138 4731 50 29 the
203 4728 111 42 family.

135 4791 96 32 Dated
254 4791 51 32 the
320 4790 72 32 25th
417 4789 56 42 day
492 4788 32 32 of
546 4786 183 42 September,

98 4847 51 29 188
149 4847 34 29 G.

331 4893 189 35 MICHAEL
543 4892 147 33 FAGAN.

94 4980 149 33 NOTICE
274 4980 51 31 OF
353 4977 269 33 APPLICATION
651 4976 80 32 FOR

144 5035 25 30 A
191 5031 277 33 CONDITIONAL
489 5029 188 32 LICENSE.

95 5145 25 22 t
164 5136 168 33 GEORGE
365 5136 144 31 HENRY
545 5134 184 40 TROWER,

97 5176 23 43 I
129 5207 9 25 ?
184 5190 31 31 of
240 5190 91 31 Owen
352 5188 98 37 River,
473 5188 37 32 do
530 5186 110 42 hereby
667 5186 64 41 give

94 5244 96 33 notice
205 5244 66 32 that
285 5244 16 31 I
315 5242 93 33 desire
423 5244 30 30 to
468 5240 110 39 obtain,
595 5240 58 32 and
672 5239 61 34 will

94 5301 31 29 at
148 5298 49 32 the
218 5299 71 30 next
315 5296 111 40 Sitting
447 5295 32 32 of
499 5294 51 32 the
574 5294 159 40 Licensing

96 5353 90 31 Court
211 5353 31 29 to
266 5350 35 31 be
315 5349 110 32 holden
440 5351 30 28 at
494 5347 173 31 Murchison
692 5357 39 21 on

95 5406 51 31 the
169 5403 72 33 2Gth
263 5402 56 42 day
341 5402 31 32 of
391 5400 135 38 October,
543 5399 87 43 apply
651 5399 44 32 for
716 5410 17 20 a

96 5457 168 34 Certificate
286 5454 184 40 authorising
491 5453 51 32 the
563 5453 77 31 issue
662 5453 32 31 of
716 5462 17 21 a

96 5509 189 34 Conditional
308 5508 124 31 License
454 5507 44 31 for
518 5506 141 41 premises
683 5505 37 31 sit-

96 5566 68 29 uate
193 5566 30 28 at
252 5562 91 31 Owen
371 5560 88 30 River
482 5559 152 35 Junction,
663 5568 51 21 con-

96 5616 116 40 taining
236 5615 65 31 four
315 5624 98 21 rooms
435 5611 146 33 exclusive
596 5611 31 30 of
649 5610 84 31 those

96 5668 137 42 required
247 5668 44 31 for
305 5667 51 31 the
372 5677 50 20 use
438 5665 31 32 of
482 5665 49 31 the
546 5663 112 40 famiiy.

131 5731 96 32 Dated
249 5729 50 33 the
328 5728 72 32 22rd
421 5727 56 41 day
499 5726 31 32 of
550 5723 181 43 September,

94 5787 54 31 188
148 5787 37 31 G.

378 5835 35 31 G.
438 5834 38 32 11.
507 5831 184 35 TROWER.

878 4386 97 29 Rules
988 4394 54 20 an
1056 4386 208 27 Regulations.

789 4426 179 29 Nomination
995 4426 71 34 day:
1096 4425 135 35 Tuesday,
1254 4423 55 29 2nd
1333 4424 36 28 No-

756 4464 110 29 vember
877 4472 6 25 ;
904 4464 166 28 declaration
1092 4464 30 27 of
1141 4463 132 34 weights:
1295 4464 78 26 (Satur-

756 4504 61 36 day,
843 4503 63 29 13th
933 4502 171 33 November;
1124 4502 78 35 night
1228 4502 30 28 of
1279 4500 109 38 general

756 4546 95 32 entry:
871 4541 132 36 Tuesday,
1016 4541 62 27 14th
1090 4540 158 28 December.

791 4580 193 28 Nominations
996 4580 42 27 for
1050 4579 47 28 the
1110 4578 104 36 Jockey
1223 4578 69 29 Club
1308 4577 59 29 Han-

765 4620 75 35 iicap
854 4619 53 27 and
922 4619 112 26 District
1056 4617 144 36 Handicap
1222 4617 54 28 will
1296 4617 33 28 be
1349 4626 26 19 re-

757 4657 92 31 ceived
864 4657 36 37 by
912 4657 46 28 the
971 4657 140 35 Secretary
1126 4664 37 28 up
1177 4660 26 23 to
1217 4657 16 26 8
1246 4665 65 27 p.m.

791 4697 45 27 All
849 4695 186 28 nominations
1047 4700 28 22 to
1096 4695 106 27 enclose
1216 4695 172 35 description,

756 4743 59 27 age.
829 4734 134 36 pedigree,
977 4733 54 27 and
1054 4733 81 28 latest
1153 4732 188 36 performance
1363 4734 31 26 of

756 4773 105 32 horses,
884 4780 80 19 name
989 4772 30 27 of
1041 4780 91 19 owner
1156 4770 53 28 and
1235 4770 104 28 colours
1364 4771 29 27 of

756 4811 96 34 riders,
865 4815 126 23 entrance
1011 4818 109 28 money,
1135 4808 54 30 and
1202 4808 188 37 qualification

756 4851 66 27 fees.

792 4890 17 13 44
820 4887 114 27 District
946 4886 79 28 horse
1072 4888 28 25 to
1113 4893 82 21 mean
1209 4894 15 19 a
1237 4885 81 29 horse
1330 4885 60 29 that

757 4927 51 27 has
828 4925 69 28 been
918 4923 120 36 running
1059 4924 29 29 in
1110 4924 47 29 the
1176 4923 106 30 district
1303 4925 41 28 for
1362 4930 28 23 at

757 4966 68 28 least
838 4964 75 29 three
927 4963 110 28 months
1050 4963 73 37 prior
1144 4967 26 24 to
1190 4963 46 28 the
1250 4973 70 23 race,
1335 4963 55 28 and

757 5009 28 22 to
798 5004 33 27 be
844 5002 47 28 the
905 5002 71 27 bona
983 5003 58 34 fide
1055 5007 126 31 property
1193 5002 30 27 of
1233 5012 15 17 a
1261 5003 127 26 resident.

758 5041 115 28 District
890 5043 27 25 to
938 5040 107 28 include
1065 5040 146 36 Hampden
1240 5040 100 35 Riding
1365 5041 29 26 of

758 5080 109 35 County
890 5078 30 27 of
958 5078 179 36 Inangahua;
1169 5079 124 35 together
1323 5078 67 28 with

758 5118 80 37 Lyell
854 5116 107 35 Riding,
976 5117 107 35 County
1096 5116 102 29 Buller.

795 5156 41 28 No
857 5164 97 27 person
975 5155 55 27 will
1051 5155 32 27 be
1106 5155 113 27 allowed
1242 5158 28 25 to
1287 5157 76 26 enter
1376 5164 15 18 a

758 5195 80 27 horse
862 5193 42 28 for
927 5202 54 27 any
1005 5203 59 18 race
1088 5195 103 34 (except
1213 5193 70 28 hack
1305 5194 85 34 races)

758 5233 94 29 unless
864 5231 34 29 he
911 5231 23 28 is
947 5242 15 17 a
977 5231 150 29 subscriber
1140 5232 29 28 of
1181 5233 36 28 1
1232 5236 27 25 to
1272 5232 47 28 the
1329 5241 61 18 race

758 5272 77 28 fund.
883 5270 45 27 All
952 5270 70 28 hack
1046 5280 75 19 races
1144 5275 61 33 post
1224 5275 88 32 entry,
1337 5270 55 28 and

760 5311 104 36 subject
877 5311 27 25 to
918 5309 45 27 the
976 5309 129 36 approval
1118 5310 30 27 of
1157 5309 46 28 the
1217 5309 139 28 stewards.

795 5349 57 26 The
875 5348 120 27 decision
1019 5348 30 27 of
1069 5348 46 27 the
1140 5348 130 27 stewards
1295 5357 35 18 on
1355 5348 36 27 all

761 5386 92 38 points
878 5385 148 29 connected
1056 5386 67 28 with
1148 5386 46 28 the
1218 5395 173 28 programme

762 5426 71 28 shall
846 5424 32 28 be
893 5424 74 28 final.

793 5464 115 35 Anyone
932 5462 124 37 entering
1076 5472 15 18 a
1109 5466 103 33 protest
1226 5466 75 26 must
1314 5462 34 28 do
1363 5471 28 19 so

759 5503 29 27 in
810 5501 110 35 writing
941 5501 95 28 within
1059 5501 92 29 fifteen
1174 5502 120 28 minutes
1306 5502 30 27 of
1346 5501 46 29 the

760 5541 70 28 close
845 5539 29 28 of
892 5548 69 22 race,
976 5539 192 37 accompanied
1182 5541 35 35 by
1231 5541 45 26 the
1290 5549 61 18 sum
1365 5539 29 28 of

762 5580 46 32 l,
832 5577 90 28 which
943 5577 54 27 will
1019 5577 32 27 be
1073 5578 120 27 forftited
1213 5581 28 24 to
1263 5578 46 27 the
1330 5587 62 18 race

759 5616 67 27 fund
844 5614 98 29 should
964 5615 46 27 the
1032 5620 101 31 protest
1152 5625 83 27 prove
1254 5616 139 27 vexatious

760 5664 29 19 or
801 5653 140 29 frivolous.

797 5693 88 27 Three
899 5694 159 33 acceptance
1071 5692 40 27 for
1122 5692 66 27 each
1200 5696 90 29 event,
1304 5701 29 17 or
1346 5690 46 29 the

760 5731 90 37 public
866 5739 103 26 money,
978 5730 55 28 will
1050 5730 32 28 be
1096 5730 140 28 withheld.

795 5769 96 29 Stakes
905 5768 61 37 paid
979 5769 50 26 less
1041 5769 51 27 five
1106 5778 47 27 per
1165 5774 70 23 cent.

986 5807 127 29 FRANK
1132 5806 190 34 HODGSON,
1371 5806 4 34 ,

1116 5847 74 28 Hon.
1206 5847 152 36 Secretary.

1583 186 117 32 Public
1724 186 150 31 Notices.

1482 273 70 28 FEM
1558 272 131 28 NELL'S
1709 269 111 34 HALL,
1841 264 133 31 LYELL.

1664 378 17 20 A
1700 376 92 22 GRAND

1416 421 225 72 Junateur
1675 420 370 59 (Sntotnhimmt

1594 512 71 19 WILL
1679 511 34 19 BE
1726 510 86 20 GIVNN
1827 508 35 21 ON

1446 552 209 34 SATURDAY,
1671 548 171 31 OCTOBER
1861 546 58 35 9th,
1933 546 77 32 1886,

1713 606 30 20 IN

1411 647 57 27 Aid
1487 647 34 29 of
1536 646 44 27 the
1599 645 138 35 Building
1756 644 86 28 Fund
1860 642 34 36 of
1910 642 40 28 St.
1970 641 55 28 Mat-

1560 684 93 28 thew's
1674 682 122 32 Church,
1815 680 90 37 Lijcll.
1919 709 7 8 t

1601 781 252 30 PROGRAMME.

1413 832 82 35 Song,
1536 831 54 29 I'm
1604 840 16 20 a
1634 830 177 29 Nobleman's
1826 828 53 28 Son

1819 867 45 27 Mr
1876 867 29 27 C.
1920 865 120 29 Bowden

1413 908 83 35 Song,
1557 908 94 28 Won't
1672 906 61 28 You
1756 905 62 36 Buy
1841 905 48 35 My
1915 904 95 34 Pretty

1446 947 120 27 Flowers
1763 943 67 28 Miss
1843 943 32 27 A.
1889 941 152 28 Dollimore

1411 984 153 28 Recitation
1610 1004 29 6 ...
1714 1002 29 7 ...
1783 981 44 28 Mr
1840 980 103 29 Walter
1956 979 84 28 Atkin

1412 1023 84 36 Song,
1509 1025 17 13 44
1536 1023 54 27 Put
1602 1021 21 28 it
1636 1021 89 28 Down
1739 1024 28 24 to
1781 1019 45 28 Me

1722 1059 44 27 Mr
1779 1058 37 26 H.
1831 1058 33 26 G.
1878 1056 165 34 Youngman

1411 1098 82 37 Song,
1537 1097 152 29 Constance
1768 1116 28 7 ...
1849 1094 59 28 Mrs
1921 1093 122 28 Bowden

1411 1139 73 35 Song
1529 1137 69 29 Jack
1712 1157 29 7 ...
1762 1134 68 29 Rev.
1845 1131 198 30 Inness-Joues

1410 1177 94 31 Duett,
1547 1176 38 26 As
1599 1175 57 27 One
1676 1174 37 35 by
1735 1174 57 27 One
1816 1173 57 26 Our
1895 1172 114 27 Friends

1444 1214 105 36 Depart
1615 1213 57 27 Mrs
1681 1211 107 30 Waters
1799 1209 54 29 and
1869 1209 43 28 Mr
1925 1208 117 29 Corfield

1411 1252 81 36 Song,
1538 1251 63 28 Kiss
1616 1251 55 33 Me,
1684 1250 55 29 and
1753 1250 44 27 I'll
1812 1258 33 24 go
1858 1252 28 24 to
1901 1248 79 35 Sleep

1804 1286 45 28 Mr
1861 1286 31 28 F.
1907 1286 134 27 Harrison

1410 1328 74 34 Song
1820 1324 57 28 Mrs
1891 1324 33 27 R.
1938 1323 105 28 Carroll

1410 1366 83 35 Song,
1506 1365 121 29 "We've
1639 1364 37 29 all
1688 1363 99 30 Joined
1802 1362 46 28 the
1862 1362 68 27 Blue
1945 1361 48 27 Rib-

1443 1404 54 28 bon
1510 1404 87 36 Army
1674 1424 28 6 ...
1776 1401 44 27 Mr
1832 1401 33 27 A.
1880 1401 31 26 A.
1926 1398 118 29 Corfield

1410 1443 83 36 Song,
1535 1442 111 28 Jessie's
1658 1442 103 26 Dream
1811 1460 28 7 ...
1862 1439 57 27 Mrs
1936 1437 108 29 Waters

1410 1481 73 36 Song
1531 1480 57 28 The
1783 1498 28 7 ...
1851 1476 44 28 Mr
1909 1477 26 28 J.
1950 1476 93 27 O'Dea

1410 1521 83 33 Song,
1535 1520 104 27 Driven
1651 1519 73 28 from
1736 1517 93 29 Home

1825 1554 56 28 Mrs
1895 1554 26 28 J.
1936 1553 105 28 Carroll

1410 1595 83 36 Song,
1548 1594 141 37 Good-bye
1716 1592 177 33 Sweetheart,
1921 1591 70 29 Good-

1443 1634 52 36 bye
1613 1654 28 6 ...
1716 1653 29 7 ...
1830 1630 45 28 Mr
1888 1630 35 27 E.
1940 1629 104 29 Carroll

1410 1672 83 35 Song,
1545 1670 54 29 I'm
1621 1670 131 37 Waiting,
1768 1669 48 36 My
1829 1669 126 33 Darling,
1970 1668 40 27 for

1903 1707 58 28 Mrs
1974 1706 65 29 Best

1460 1789 66 29 Two
1540 1788 99 30 Scenes
1653 1787 68 30 from
1735 1785 110 31 Bulwer
1863 1785 129 38 Lytton's

1688 1837 47 27 OF

1409 1883 113 27 Pauline
1536 1881 197 37 Deschappells
1749 1902 28 7 ...
1799 1881 58 27 Mrs
1872 1880 33 27 E.
1920 1879 122 28 Bowden

1409 1921 102 29 Claude
1526 1921 134 28 Melnotte
1705 1941 30 7 ...
1785 1919 45 29 Mr
1844 1918 103 29 Walter
1959 1917 84 28 Atkin

1593 2017 39 27 To
1647 2015 130 29 conclude
1790 2012 66 31 with

1510 2065 165 28 CHRISTY
1709 2062 217 29 MINSTRELS

1409 2113 141 33 Overture,
1591 2110 137 30 Overland
1742 2110 97 37 Gallop
1903 2110 142 35 Company

1409 2152 127 37 Opening
1550 2151 114 33 Chorus,
1706 2150 102 36 Happy
1830 2158 45 19 are
1896 2148 60 32 We,
1971 2152 25 24 to-

1443 2190 88 36 night,
1898 2187 146 35 Company

1411 2229 82 35 Song,
1538 2228 86 27 Roses
1639 2225 177 30 Underneath
1832 2226 44 27 the
1892 2225 80 28 Snow

1722 2264 44 26 Mr
1776 2264 37 26 H.
1829 2264 33 26 G.
1875 2262 166 35 Youngman

1411 2304 83 36 Song,
1561 2312 43 19 see
1618 2302 60 28 Her
1691 2305 28 25 at
1732 2302 46 27 the
1792 2300 125 30 Window

1822 2339 44 27 Mr
1880 2339 28 26 C.
1923 2337 122 28 Bowden

1411 2380 81 36 Song,
1557 2379 88 29 Sweet
1660 2377 132 35 Chiming
1804 2377 74 27 Bells

1778 2415 44 28 Mr
1836 2416 29 25 A.
1881 2415 32 26 A.
1928 2413 117 28 Corfield

1411 2457 82 35 Song,
1535 2456 57 28 Ten
1602 2455 84 28 Little
1696 2455 113 35 Niggers
1853 2453 43 36 JJr
1906 2453 44 28 W.
1961 2451 84 29 Atkin

1413 2495 83 34 Song,
1537 2495 78 26 Gone
1623 2503 44 18 are
1675 2493 46 27 the
1849 2492 45 26 Mr
1905 2491 27 28 J.
1947 2491 98 27 Brown

1410 2533 105 34 Finale,
1559 2532 121 37 Nursery
1860 2551 29 7 ...
1903 2529 142 37 Company

1479 2581 183 27 Interlocutor
1694 2600 28 7 ...
1756 2578 45 28 Mr
1812 2579 33 26 A.
1860 2577 118 28 Corfield

1479 2619 120 29 Piauiste
1799 2617 57 28 Mrs
1870 2616 108 29 Waters

1410 2716 88 28 Doors
1507 2723 69 28 open
1584 2717 28 25 at
1618 2714 70 33 7.30,
1696 2721 157 20 commence
1865 2714 28 24 at
1905 2712 16 26 8
1932 2709 112 29 o'clock.

1479 2752 157 30 Admission
1669 2773 28 7 ...
1731 2751 87 29 Three
1834 2751 141 35 Shillings.

1645 2805 33 27 A.
1694 2805 32 27 A.
1741 2802 201 32 CORFIELD,

1769 2842 75 27 Hon.
1860 2841 150 35 Secretary.

1559 2925 339 32 NOTICE.

1412 3006 35 60 I
1467 3005 77 29 BEG
1565 3008 27 26 to
1605 3003 100 30 inform
1724 3003 47 29 the
1793 3001 95 30 Public
1910 3001 30 29 of
1958 3001 68 29 West-

1484 3048 70 33 port,
1568 3044 80 35 Lyell
1661 3043 54 28 and
1735 3042 46 28 the
1795 3041 183 35 surrounding
1991 3040 39 27 dis-

1411 3083 77 28 tricts
1502 3083 60 28 that
1578 3082 14 28 I
1613 3082 70 27 have
1705 3079 168 30 determined
1887 3088 74 28 npon
1983 3087 45 20 con-

1411 3123 109 34 tinuing
1542 3120 47 29 the
1613 3119 124 29 business
1762 3118 105 28 carried
1886 3128 35 17 on
1941 3118 34 35 by
1998 3126 47 26 my

1411 3161 53 27 late
1490 3159 135 33 husband,
1644 3158 55 28 and
1723 3161 71 25 trust
1819 3157 60 27 that
1905 3165 35 18 an
1966 3155 80 36 equal

1411 3208 126 20 measure
1551 3199 29 29 of
1599 3198 46 29 the
1660 3197 94 29 liberal
1768 3201 148 33 patronage
1930 3193 115 39 enjoyed

1412 3239 35 34 by
1469 3239 59 26 him
1549 3238 42 27 for
1603 3247 30 17 so
1650 3246 86 25 many
1758 3245 79 26 years
1858 3244 67 25 may
1948 3234 33 27 be
2003 3243 28 17 ex-

1413 3276 99 28 tended
1524 3279 28 25 to
1566 3283 54 19 me.
1657 3274 57 27 The
1727 3273 124 28 business
1865 3272 56 27 will
1935 3271 33 27 be
1982 3279 48 19 con-

1411 3315 99 28 ducted
1528 3314 87 28 under
1634 3313 46 29 the
1700 3322 75 18 same
1794 3312 70 35 style
1884 3320 30 19 or
1933 3310 59 29 title
2018 3319 28 18 as

1412 3353 130 27 hitherto.

1681 3388 106 30 MARY
1806 3387 77 29 ANN
1904 3385 108 31 CORE.

1446 3430 148 36 Westport,
1608 3429 64 28 28th
1686 3429 76 35 July,
1777 3429 75 26 1886.

1413 3514 70 59 The
1495 3514 83 59 New
1593 3512 169 72 Saddlery
1775 3509 273 61 Establishment

1627 3596 211 31 WESTPORT.

1413 3675 183 59 HASM
1602 3674 44 29 US
1672 3674 63 35 begs
1761 3677 28 24 to
1813 3671 100 29 inform
1939 3670 47 29 the
2007 3669 27 28 in-

1538 3714 140 28 habitants
1692 3713 29 27 of
1740 3712 80 35 Lyell
1834 3711 54 27 and
1902 3709 129 28 surround-

1413 3752 48 35 ing
1472 3751 121 29 districts
1605 3751 60 29 that
1678 3750 34 28 he
1725 3750 50 28 has
1798 3748 104 38 opened
1924 3748 124 27 business

1414 3802 29 18 as
1457 3801 15 19 a
1486 3792 114 28 Saddler
1613 3790 53 29 and
1685 3790 124 28 Harness
1833 3787 96 30 Maker
1950 3787 30 28 in
2002 3785 46 29 the

1413 3839 61 18 new
1495 3830 55 27 and
1572 3829 132 34 centrally
1727 3827 116 28 situated
1866 3825 133 37 premises
2019 3825 27 25 in

1414 3867 169 28 Palmerston
1594 3869 92 29 street,
1697 3869 64 24 nezt
1775 3865 65 28 door
1852 3866 28 25 to
1895 3862 44 28 Mr
1949 3861 80 29 Hasel-

1414 3905 62 33 den,
1501 3905 134 28 Solicitor.
1673 3904 44 28 He
1739 3904 49 27 has
1812 3913 14 18 a
1850 3900 195 30 well-assorted

1414 3944 85 34 stock,
1514 3944 53 27 and
1580 3944 85 36 hopes
1679 3942 37 37 by
1729 3941 80 37 using
1822 3940 47 29 the

1415 3993 94 27 BEST
1529 3991 206 33 MATERIAL,

1484 4030 100 30 GOOD
1603 4027 300 33 WORKMANSHIP,

1596 4069 62 28 And
1672 4067 208 30 MODERATE
1901 4064 146 33 PRICES,

1483 4108 38 27 To
1534 4109 81 26 merit
1628 4117 16 18 a
1656 4107 51 28 fair
1720 4107 78 27 share
1812 4107 30 26 of
1857 4107 120 33 support.

1450 4185 122 34 Country
1586 4184 91 26 orders
1697 4184 56 26 will
1773 4182 103 27 receive
1896 4178 100 37 speciai
2008 4181 40 32 afc.%

1415 4222 114 33 tention,
1555 4221 54 28 and
1633 4220 137 38 anything
1794 4220 27 27 in
1848 4218 45 28 the
1919 4218 53 27 ling
1996 4217 39 26 for-

1415 4261 108 27 warded
1536 4260 41 28 for
1589 4262 90 34 repair
1693 4260 53 27 will
1768 4260 30 26 be
1820 4256 127 30 returned
1969 4255 63 28 with-

1416 4307 47 19 out
1476 4298 87 37 delay.
1601 4298 98 28 Orders
1712 4298 80 35 given
1803 4300 29 24 to
1841 4297 34 26 D.
1887 4294 161 31 Robertson,

1416 4337 161 33 coachman,
1591 4337 55 28 wili
1660 4335 103 30 receive
1777 4334 144 29 attention.

1495 4385 94 36 Every
1608 4384 106 27 Article
1732 4383 74 35 Kept
1824 4382 31 28 in
1876 4380 92 29 Stock.

1547 4462 50 36 E.
1648 4458 269 44 ASMUSS,

1418 4514 190 34 SADDLER
1631 4515 21 30 &
1673 4511 193 34 HARNESS
1894 4507 154 38 MAKER,

1511 4559 168 28 Palmerston
1696 4560 97 30 Street,
1808 4556 146 34 Westport.

2253 2418 118 32 Public
2389 2418 152 31 Notices.

2082 2503 208 37 BROWN'S
2312 2502 118 37 BOOT
2458 2500 259 37 EMPORIUM

2331 2560 134 29 LYELL.

2082 2638 43 67 J
2161 2638 139 29 BROWN
2315 2639 30 28 in
2357 2636 136 35 thanking
2505 2636 44 28 his
2568 2643 149 21 numerous

2179 2683 149 23 customers
2358 2678 41 27 for
2429 2682 62 30 past
2519 2676 120 32 favours,
2663 2674 54 28 and

2083 2716 104 36 hoping
2213 2716 41 28 for
2275 2726 16 17 a
2314 2716 181 27 continuance
2516 2714 30 26 of
2564 2714 46 26 the
2630 2722 85 22 same,

2082 2756 98 28 wishes
2193 2760 45 24 too
2251 2755 52 29 call
2317 2754 72 28 their
2407 2753 135 29 attention
2557 2755 28 25 to
2599 2751 44 28 his
2655 2760 61 19 new

2082 2794 77 28 stock
2181 2795 30 26 of
2233 2794 109 27 Ladies'
2368 2793 96 27 Maids'
2489 2792 54 26 and
2562 2791 155 27 Children's

2082 2833 84 27 Loots
2187 2832 30 28 in
2239 2836 77 33 great
2338 2831 114 37 variety.
2488 2830 76 31 Also,
2579 2829 43 27 his
2640 2829 76 36 large

2082 2872 54 26 and
2150 2871 95 27 varied
2260 2871 77 27 stock
2350 2871 30 27 of

2082 2923 119 38 Men.s,
2214 2921 141 33 Youths'
2369 2921 27 32 <S?
2410 2919 99 41 Boys'
2528 2917 106 34 Boots
2647 2918 69 32 and

2340 2959 117 30 Shoes.

2082 3034 87 28 Fresh
2184 3033 91 29 Goods
2289 3034 120 35 arriving
2430 3031 134 36 monthly,
2578 3029 91 30 which
2683 3029 33 28 he

2116 3072 23 28 is
2153 3068 116 39 offering
2282 3076 28 23 at
2322 3072 87 36 prices
2423 3074 28 24 to
2460 3071 57 26 suit
2530 3069 46 28 the
2591 3070 90 27 times.

2082 3111 45 28 All
2152 3111 139 36 imported
2324 3111 84 35 goods
2438 3108 117 29 marked
2585 3109 28 27 in
2642 3107 75 37 plain

2343 3148 111 36 figures.

2118 3227 131 28 N.B.A
2260 3226 100 37 supply
2374 3226 29 29 of
2423 3225 89 29 North
2527 3224 103 29 British
2645 3225 71 27 Gum

2082 3266 86 27 Boots
2195 3265 54 27 and
2275 3266 70 26 Own
2371 3264 82 28 Make
2473 3262 182 35 Watertiglits
2680 3263 24 26 al-

2082 3314 75 26 ways
2171 3314 35 18 on
2220 3303 84 29 hand.

2119 3344 116 33 Repairs
2246 3342 143 36 promptly
2399 3340 131 28 executed
2543 3340 54 26 and
2611 3340 106 26 elastics

2084 3380 131 29 inserted.

2111 3459 70 28 Note
2195 3458 47 29 the
2253 3457 271 30 AddressJOHN
2545 3454 149 34 BROWN,

2084 3507 89 30 Boot
2197 3506 27 32 &
2251 3504 210 33 Shoemaker
2482 3504 28 31 &
2540 3503 177 39 Importer,

2148 3551 141 35 (Opposite
2303 3549 81 27 Bank
2397 3550 30 25 of
2437 3549 68 26 New
2519 3549 139 31 Zealand.)

2203 3632 186 38 JAMES
2430 3631 171 40 RYAN,

2087 3721 245 60 Q.ENERAL
2407 3719 312 61 gTOREKEEPER,

2236 3799 85 28 Cliff
2345 3798 120 33 Street,
2483 3796 87 29 Lyel.

2087 3928 91 28 Goods
2192 3927 133 36 carefully
2338 3925 105 38 packed
2457 3929 27 25 to
2498 3925 36 28 all
2547 3927 75 34 parts
2635 3925 30 27 of
2675 3925 44 27 the

2343 3965 117 29 district.

2103 4093 104 27 BANK
2226 4093 112 27 PRICE
2359 4092 119 27 GIVEN
2500 4092 73 27 FOR
2592 4090 110 28 GOLD.

1465 4640 44 41 A.
1567 4640 46 41 G.
1675 4639 122 39 FEN
1816 4635 126 42 WIC
1958 4635 43 48 K,

1548 4733 128 30 Princes
1699 4731 60 36 St.,
1775 4730 148 34 Dunedin,

1418 4814 186 67 JOINING
1623 4814 78 28 AND
1719 4810 180 30 GENERAL
1914 4809 111 29 SHARE-

1654 4889 164 29 BROKER.

1468 4969 156 36 Telegrams
1644 4965 145 39 promptly
1815 4963 130 29 attended
1971 4964 35 26 to.

1557 5080 176 38 Telegraphic
1745 5080 118 27 Address
1874 5087 42 19 :

1498 5121 148 35 Fenwick,
1669 5120 132 34 Broker,
1824 5117 149 31 Dunedin.

1545 5205 121 33 JOHN
1700 5202 226 38 FENN-^LL,

1422 5277 59 60 Q.
1491 5275 93 28 ENE
1594 5274 58 28 RA
1660 5273 23 28 L
1740 5268 307 65 gTOREKEEPER.

1505 5353 84 28 Wine
1608 5360 56 18 and
1684 5350 95 28 Spirit
1802 5348 170 28 Merchant.

1455 5484 102 37 Money
1577 5483 103 37 always
1700 5482 30 27 in
1752 5480 76 28 band
1847 5480 43 28 for
1907 5478 113 36 fashing

1674 5521 126 36 cheques.

1455 5652 109 29 Liberal
1578 5651 135 28 advances
1726 5649 80 28 made
1823 5658 35 19 on
1872 5647 106 37 parcels
1991 5645 31 29 of

1634 5689 118 28 retorted
1767 5687 72 33 gold.

1565 5821 78 40 Cliff
1662 5819 120 48 Street,
1808 5818 106 49 LyelL

2103 4172 361 39 WELCOME
2535 4171 81 37 1N
2648 4171 54 45 N,

2348 4229 104 28 Lyell.

2199 4307 152 31 ELLEN
2382 4305 232 32 WILLIAMS

2090 4358 62 28 ~TN
2175 4363 144 29 ieUiiiiiiig
2338 4357 101 28 tliaiiko
2456 4362 43 22 lor

2089 4387 34 31 J-
2161 4397 64 34 begs
2243 4400 27 24 to
2291 4395 100 28 inform
2409 4395 49 27 her
2476 4394 103 27 friends
2599 4393 54 28 and
2676 4393 45 27 the

2088 4435 90 37 public
2198 4435 60 28 that
2281 4434 47 28 she
2353 4434 50 27 lias
2425 4433 57 37 just
2504 4432 153 36 completed
2678 4442 29 17 ex-

2089 4474 101 27 tensive
2211 4473 137 28 additions
2371 4472 55 27 and
2445 4471 160 27 alterations
2626 4475 28 23 to
2674 4470 49 27 her

2089 4512 139 37 premises,
2248 4512 55 27 and
2322 4511 46 28 the
2391 4510 208 28 accomodation
2618 4508 23 29 is
2659 4518 63 18 now

2306 4548 191 37 unsurpassed.

2089 4628 72 33 Ales,
2187 4627 102 32 Winos,
2313 4626 55 28 and
2390 4625 98 36 Spirits
2512 4625 31 27 of
2564 4624 159 28 First-class

2262 4665 110 36 Quality
2387 4664 64 35 only
2464 4663 73 37 kept.

2159 4742 76 28 Good
2255 4741 126 33 Stabling
2399 4739 254 28 Accommodation.

2262 4788 127 28 ELLEN
2413 4787 207 32 WILLIAMS,

2470 4826 219 27 Proprietress.

2578 179 119 31 Public
2726 179 152 30 Notices.

2083 405 112 72 W
2218 411 332 63 'B6-AUTUM
2588 413 28 61 i
2654 411 173 61 WINTER

2869 408 368 64 DBAPERY'B6.

2345 562 246 63 JOHN
2652 557 452 63 EENNELL

2080 672 59 28 Has
2153 675 84 26 much
2256 675 124 35 pleasure
2400 676 28 26 in
2451 675 175 33 announcing
2646 678 28 23 to
2693 674 47 27 the
2762 673 171 27 inhabitants
2955 672 29 26 of
3006 671 79 35 Lyell
3111 671 55 27 and
3191 670 183 35 surrounding

2454 712 119 29 districts
2596 713 46 28 the
2665 711 101 30 arrival
2791 712 30 27 of
2837 720 15 18 a
2872 709 125 29 LARGE

3037 803 151 109 m

3329 792 38 52 a

2591 959 237 29 COMPRISING

2114 1034 95 40 The
2232 1035 158 39 Latest
2413 1033 226 41 Novelties
2658 1032 85 39 and
2768 1028 213 42 Fashions
3002 1027 39 39 in
3066 1026 164 40 Ladies'
3252 1025 85 40 and

2422 1087 153 41 Gents'
2604 1086 209 48 Wearing
2831 1082 201 51 Apparel,

2080 1178 66 30 And
2172 1178 105 30 invites
2300 1188 40 20 an
2362 1176 167 41 inspection
2553 1176 32 31 of
2605 1175 51 32 the
2680 1185 91 26 same,
2795 1174 111 39 feeling
2929 1183 67 20 sure
3020 1173 66 31 that
3110 1173 45 31 for
3182 1173 191 36 VARIETY,

2229 1221 189 39 QUALITY,
2435 1220 58 31 and
2508 1220 139 31 VALUE
2663 1218 70 42 they
2748 1217 160 33 CANNOT
2924 1216 35 32 be
2976 1216 247 33 SURPASSED.

2081 1402 140 39 Ladies'
2260 1403 71 39 and
2366 1402 198 40 Children's
2614 1399 215 42 WINTER
2872 1397 144 40 HATS
3055 1395 37 40 in
3133 1397 51 38 all
3227 1395 144 53 Shapes.

2116 1594 109 28 Ladies'
2240 1593 156 30 WINTER
2409 1592 164 30 JACKETS
2588 1592 54 30 and
2655 1591 116 29 CAPES
2784 1592 29 28 in
2826 1591 36 29 all
2875 1590 46 30 the
2933 1590 109 31 Newest
3056 1592 105 37 Shapes
3174 1592 55 30 and
3242 1594 97 36 Styles.

2227 1669 87 38 New
2334 1669 167 38 Feathers
2517 1670 7 36 !
2566 1669 87 37 New
2674 1667 152 38 Flowers
2842 1669 7 36 !
2891 1668 86 38 New
2999 1669 206 47 Trimmings
3221 1671 7 36 !

2080 1753 75 41 ggf
2178 1750 48 32 All
2254 1751 51 31 the
2333 1750 94 32 NEW
2456 1750 59 32 and
2543 1749 289 33 FASHIONABLE
2861 1743 166 39 WINTER
3055 1749 132 33 DRESS
3211 1749 162 36 STUFFS,

2384 1827 67 32 And
2472 1827 235 33 TRIMMINGS
2729 1827 32 32 of
2778 1837 87 31 every
2885 1825 188 42 description.

2715 1941 18 26 0

2080 2010 140 74 MEN'!),
2260 2010 116 62 BOYS'
2413 2011 70 59 and
2517 2010 179 62 YOUTHS'
2734 2010 214 62 CLOTHING
2982 2008 37 61 ia
3051 2010 146 60 Endless
3221 2010 151 74 Variety.

2491 2299 119 33 CLIFF
2633 2300 170 39 STREET,
2825 2302 147 34 LYELL.

2749 2498 161 38 FERN
2958 2500 154 38 FLAT
3158 2502 217 45 HOTEL,

2904 2561 125 31 UPPER
3060 2564 164 29 DULLER.

2747 2638 108 29 ITIHE
2869 2638 85 31 above
2968 2639 176 30 well-known
3160 2641 73 29 hotel
3253 2641 23 28 is
3297 2641 80 35 again

2835 2678 86 29 under
2932 2679 45 28 the
2989 2685 193 31 management
3191 2681 29 28 of
3230 2681 44 28 Mr
3286 2681 91 28 Alfred

2747 2715 100 35 Smith,
2857 2716 47 28 the
2917 2717 100 28 former
3030 2719 157 35 proprietor.

2780 2794 91 36 Every
2885 2796 237 27 accommodation
3130 2796 55 27 and
3198 2797 180 27 convenience

2746 2832 39 27 for
2799 2832 140 28 travellers
2951 2832 118 30 between
3085 2834 46 28 the
3144 2835 77 28 West
3234 2834 82 28 Coast
3326 2834 52 28 and

2748 2870 110 34 Nelson,
2879 2872 150 35 Hampden
3052 2873 174 32 Matakitaki,
3249 2874 129 35 Glenroy,

2747 2909 114 33 Maruia,
2876 2909 54 28 and
2942 2910 47 28 the
3003 2910 82 28 Owen
3101 2912 88 27 Reefs.

2747 2986 159 29 Newman's
2920 2987 90 35 Royal
3033 2988 67 27 Mail
3121 2988 70 28 Line
3211 2989 30 27 of
3259 2989 119 27 Coaches

2780 3025 80 29 make
2885 3025 55 30 this
2962 3025 138 38 hostelery
3120 3027 47 28 the
3188 3027 60 28 first
3269 3027 77 36 day's

2814 3069 76 31 stage
2903 3065 70 27 from
2985 3065 75 28 West
3069 3066 83 27 Coast
3160 3069 29 24 to
3200 3067 112 26 Nelson.

2780 3142 105 28 Horses
2898 3142 54 28 and
2971 3143 145 35 equipages
3130 3152 16 18 a
3160 3143 151 36 speciality.

2928 3188 190 39 ALFRED
3141 3189 164 47 SMITH,

3182 3236 166 36 Proprietor.

3001 3320 158 41 WOLF
3204 3320 37 41 &
3286 3320 96 48 CO.,

3065 3421 170 21 WHOLESALE
3267 3422 54 19 AND

2850 3608 114 29 Dealers
2978 3607 29 29 in
3020 3607 38 29 all
3070 3607 181 38 descriptions
3265 3606 30 30 of

2764 3657 106 28 FARM
2906 3657 79 26 AND
3021 3657 120 26 DAIRY
3178 3656 190 27 PRODUCE.

2748 3734 99 28 Hotels
2856 3734 56 27 and
2924 3734 132 27 Families
3063 3733 101 28 waited
3177 3742 36 18 on
3225 3733 42 27 for
3275 3732 108 28 Orders.

2783 3812 100 28 Orders
2902 3811 139 29 delivered
3060 3814 28 26 to
3110 3810 38 29 all
3169 3812 75 36 parts
3257 3820 16 19 o
3303 3810 47 29 tlie

3008 3850 123 26 District.

2922 3927 73 27 Note
3009 3926 49 29 the
3071 3926 124 27 Address

2901 3975 22 28 O
2943 3975 23 28 L
2986 3974 22 29 F
3080 3974 114 28 AND
3276 3972 91 35 CO.,

2801 4015 73 27 Next
2898 4014 47 28 the
2970 4014 191 26 Government
3179 4012 154 36 Buildiugs,

2896 4052 87 29 Cliff
3002 4052 120 32 Street,
3141 4051 105 28 Lyell.

2750 4145 114 41 THE
2923 4144 204 41 EMPIRE
3185 4144 199 48 HOTEL,

2846 4213 113 28 CLIFF
2978 4211 155 33 STREET,
3152 4211 134 27 LYELIj.

2751 4324 109 60 THE
2876 4323 84 28 above
2973 4321 76 29 hotel
3067 4322 49 27 lias
3128 4321 70 28 been
3219 4320 78 29 fitted
3317 4321 67 28 with

2835 4363 36 28 all
2883 4362 114 28 modern
3006 4361 218 35 improvements
3234 4360 151 34 regardless

2750 4401 30 28 of
2790 4405 66 28 cost,
2870 4400 55 29 and
2947 4399 196 37 consequently
3164 4399 80 28 offers
3265 4401 120 34 superior

2750 4439 247 29 accommodation.

2900 4538 212 29 FENNELL'S
3132 4538 105 28 HALL

2751 4579 29 28 Is
2804 4588 16 18 a
2841 4577 154 29 well-fitted
3017 4585 86 24 room,
3129 4577 67 28 with
3218 4576 70 37 good
3311 4580 74 30 stage

2786 4617 246 33 accommodation,
3046 4616 56 27 and
3114 4615 133 29 excellent
3260 4618 90 35 piano.

2754 4714 111 36 Sample
2876 4723 100 18 rooms.
3013 4712 129 35 Booking
3156 4712 81 35 Office
3244 4712 51 35 for
3307 4712 58 28 New-

2854 4754 89 25 mans'
2957 4751 93 35 Boyal
3067 4751 74 26 Mail
3156 4751 127 26 Coaches.

2818 4811 107 32 JOHN
2947 4810 208 36 FENNELL,
3168 4810 177 40 Proprietor.

2090 4981 1149 783 kirpeyen

3585 173 117 31 Public
3728 174 149 30 Notices.

3671 256 195 62 Neifliuiii
3876 256 173 75 Butchery

3785 369 147 32 LYELL.

3507 508 205 40 JAMES
3763 508 183 46 EDGE,

3783 581 79 28 AND
3907 581 142 28 RETAIL

3561 658 337 31 BUTCHER.

3412 769 99 27 Hotels
3525 768 54 27 and
3592 769 132 27 Families
3743 768 99 28 waited
3865 778 35 17 on
3915 769 81 35 Daily
4009 769 40 27 for

3677 806 111 28 Orders.

3465 903 75 27 Meat
3554 902 145 28 Delivered
3718 907 27 23 to
3759 902 37 27 all
3815 906 76 32 parts
3904 904 26 27 of
3952 903 45 28 the

3671 940 124 29 District.

3414 1030 119 33 NEW
3577 1031 154 32 CHUM
3771 1030 278 39 BUTCHERY,

3481 1089 129 35 Opposite
3619 1089 152 27 Alhambra
3782 1089 94 29 Hotel,
3890 1089 87 35 Lyell.

3414 1179 111 52 ALL
3546 1178 240 54 NATIONS
3816 1179 232 53 BAKERY

3552 1326 170 37 HENRY
3752 1326 165 38 YOUNG

3416 1396 157 32 -nAKER
3604 1397 82 31 AND
3722 1397 325 36 CONFECTIONER,

3593 1463 82 31 Cliff
3694 1465 56 38 St.,
3769 1464 103 38 Lyell.

3416 1571 138 33 Pic-Nics,
3576 1571 86 35 Balls,
3684 1571 57 27 and
3761 1572 120 34 Silvers
3912 1571 137 35 supplied.

3414 1679 201 41 Christening,
3642 1679 157 41 Wedding,
3822 1680 59 30 and
3905 1679 144 41 Birthday

3414 1723 93 32 Cakes
3528 1724 86 31 made
3639 1734 38 21 011
3701 1724 51 31 the
3774 1724 127 31 shortest
3922 1723 126 41 possible

3679 1767 109 32 notice.

3486 1836 40 32 H.
3550 1836 152 38 YOUNG,
3719 1836 71 32 Cliff
3813 1837 55 35 St.,
3885 1836 95 41 Lyell.

3523 1924 177 41 JAMES
3751 1925 187 48 INGLIS,

3417 2039 311 61 gHAREBROKER
3760 2042 20 26 &
3811 2040 238 29 COMMISSION

3629 2174 23 27 A
3673 2174 66 30 G\E
3760 2174 24 28 N
3805 2174 31 32 T,

3492 2280 114 27 Cliff
3646 2281 157 31 Street,
3841 2281 140 26 LYELL.

3434 2369 127 36 POST
3605 2369 193 36 OFFICE
3841 2369 188 42 HOTEL,

3620 2427 220 26 LYELL.

3464 2523 224 38 PETER
3719 2523 280 39 MANGOS

3417 2586 141 69 BEGS
3578 2591 27 24 to
3619 2588 102 27 inform
3741 2586 43 28 his
3802 2587 103 28 friends
3926 2586 55 28 and
4002 2587 48 27 the

3519 2626 92 36 public
3632 2626 63 27 that
3718 2625 43 28 his
3782 2635 59 18 new
3862 2625 188 28 commodious

3586 2665 86 29 Hotel
3685 2665 22 28 is
3721 2673 62 20 now
3796 2674 80 27 open.

3413 2703 153 28 Travellers
3585 2705 54 26 and
3658 2705 110 26 visitors
3786 2709 28 22 to
3834 2704 54 27 this
3907 2704 131 27 establish

3448 2744 78 25 ment
3537 2741 56 28 will
3605 2741 57 28 find
3675 2741 72 29 their
3757 2741 117 28 comfort
3883 2741 54 28 and
3951 2750 46 19 con-

3482 2781 130 28 venience
3622 2781 168 36 thoroughly
3799 2780 129 29 attended
3941 2785 38 24 to.

3414 2820 58 27 The
3485 2819 148 28 bedrooms
3654 2830 45 17 are
3710 2821 78 33 lofty,
3802 2820 55 27 and
3870 2820 62 27 well
3946 2820 106 35 lighted

3616 2858 55 29 and
3692 2858 159 29 ventilated.

3449 2935 206 29 Comfortable
3685 2934 128 30 Parlors
3840 2943 55 21 and
3915 2935 86 29 First-

3633 2983 81 19 class
3733 2976 103 26 Table.

3433 3013 59 28 One
3516 3013 30 28 of
3565 3013 127 28 Alcock's
3706 3013 78 27 Prize
3798 3012 116 28 Billiard
3928 3012 107 28 Tables.

3417 3090 58 28 The
3489 3090 57 28 Bar
3557 3091 23 28 is
3594 3090 113 29 stocked
3716 3089 68 29 with
3798 3090 73 32 Ales,
3882 3089 105 33 Wines,
4001 3089 52 27 and

3471 3129 97 36 Spirits
3582 3131 26 26 of
3627 3128 167 36 guaranteed
3812 3128 102 28 brands
3927 3128 74 36 only.

3452 3167 24 28 A
3493 3167 145 28 first-class
3659 3167 183 28 sixteen-stall
3855 3166 87 28 stable
3954 3167 75 27 iscon-

3418 3206 98 30 nected
3528 3206 69 29 with
3612 3206 55 29 this
3681 3206 86 29 hotel.

3670 3246 126 28 PETER
3820 3244 167 31 MANGOS.

3855 3284 154 31 Proprieor.

3452 3375 264 32 FREDERICK
3734 3375 142 31 JONES
3896 3374 27 31 &
3943 3374 78 37 CO.,

3423 3427 196 60 CABINET
3634 3426 154 28 MAKERS
3802 3425 77 27 AND
3892 3422 137 30 UPHOLS-

3661 3464 158 33 TERERS,

3518 3519 186 28 Palmerston
3724 3517 54 34 St.,
3791 3516 164 32 Westport,

3421 3567 67 27 New
3502 3566 147 27 Furniture
3663 3565 55 26 and
3737 3565 126 31 Bedding
3876 3563 175 30 Warehouse,

3490 3603 121 39 opposite
3626 3602 123 38 Hughe's
3762 3602 112 37 Empire
3890 3600 91 29 Hotel.

3421 3653 134 36 Worsbop
3566 3653 170 35 :Opposite
3749 3651 87 27 Bailie
3850 3651 20 27 &
3883 3650 71 28 Co.'s
3966 3650 84 28 Store.

3421 3730 116 28 JONES
3558 3730 20 26 &
3600 3728 56 28 CO.
3670 3727 70 28 have
3760 3728 29 26 in
3810 3726 75 29 stock
3898 3736 15 18 a
3926 3725 69 36 good
4010 3735 26 18 as-

3422 3768 89 28 sorted
3532 3768 39 27 lot
3592 3767 30 28 of
3640 3766 105 27 Double
3768 3765 54 27 and
3845 3764 91 34 Single
3953 3763 98 37 Spring

3423 3807 168 33 Mattrasses,
3605 3805 105 30 Double
3724 3804 53 29 and
3798 3803 91 37 Single
3911 3803 64 28 Iron
3997 3802 54 29 and

3422 3846 88 27 Wood
3523 3845 159 30 Bedsteads,
3689 3844 47 26 the
3747 3843 138 33 Longford
3896 3843 74 26 Wire
3979 3842 72 26 Beds

3423 3883 144 28 Palliasses
3589 3882 68 27 Flax
3679 3881 167 31 Mattrasses,
3862 3880 110 27 Pillows
3998 3879 53 27 and

3422 3922 131 32 Bolsters,
3580 3919 190 33 Waslistands,
3794 3918 131 35 Dressing
3946 3917 105 32 Tables,

3422 3960 88 28 Toilet
3525 3960 59 28 Sets
3596 3958 56 28 and
3673 3958 110 28 Glasses
3799 3957 46 36 (all
3857 3958 89 30 sizes),
3961 3956 90 28 Towel

3422 3999 86 32 Rails,
3521 3999 112 27 Cornice
3649 3996 84 33 Poles,
3745 3995 86 34 Rings
3842 3995 54 29 and
3909 3994 142 34 Brackets,

3421 4038 129 27 Austrian
3565 4036 54 28 and
3633 4036 118 27 Kitchen
3766 4035 96 27 Chairs
3876 4034 53 27 and
3942 4033 108 30 Tables,

3421 4076 132 34 Couches,
3577 4075 85 31 Sofas,
3685 4073 96 30 Chests
3801 4073 29 29 of
3848 4072 126 29 Drawers
3996 4081 35 18 an
4042 4071 9 28 I

3422 4116 185 28 Clieffioniers,
3630 4114 144 26 Whatnots
3802 4113 45 33 (all
3872 4113 90 30 sizes),
3988 4112 62 26 Side

3422 4153 54 28 and
3489 4152 88 37 Gipsy
3589 4151 97 28 Tables
3698 4151 28 26 in
3740 4149 78 28 black
3836 4149 54 28 and
3911 4148 72 34 gold,
3996 4148 55 27 and

3422 4192 71 32 gold,
3508 4191 53 27 and
3575 4191 35 27 all
3624 4190 80 27 kinds
3717 4189 30 27 of
3767 4190 90 33 Fancy
3879 4188 96 27 Tables
3997 4187 54 27 and

3422 4229 139 28 Brackets.
3592 4228 145 28 American
3748 4225 228 32 Perambulators,
3984 4225 49 26 Bas-

3421 4268 128 32 ketware,
3562 4266 45 29 &c.

3541 4306 44 26 All
3603 4304 91 28 orders
3716 4302 140 29 entrusted
3868 4304 28 25 to
3909 4311 32 18 us
3953 4301 54 28 will
4021 4301 30 27 be

3423 4344 159 39 punctually
3596 4341 126 30 attended
3741 4346 36 23 to.

3458 4384 69 26 N.B.
3529 4383 78 27 All
3620 4382 80 28 kinds
3713 4381 29 27 of
3760 4381 122 34 Turnery
3894 4377 73 29 work
3982 4378 69 27 done

3423 4431 34 19 on
3468 4422 46 27 the
3525 4422 138 36 premises.
3701 4419 113 28 Billiard
3826 4419 75 26 Balls
3911 4416 140 29 re-turned

3422 4461 54 28 and
3490 4460 135 32 coloured,
3639 4459 81 35 equal
3733 4462 27 24 to
3770 4467 69 21 new,
3853 4457 43 34 15/
3909 4466 47 26 per
3969 4461 47 22 set.

3423 4552 43 30 To
3500 4562 56 19 our
3590 4550 173 31 Custodiers
3795 4558 29 19 in
3854 4557 55 20 tiie
3941 4545 109 31 Lyell.

3600 4656 245 34 NOTICE

3502 4768 138 32 tttITII
3655 4778 16 20 a
3688 4767 73 31 view
3783 4769 30 28 to
3835 4765 140 39 reducing

3512 4799 38 50 W
3607 4823 53 20 our
3693 4811 80 37 large
3820 4809 82 31 stock
3946 4809 32 30 of

3500 4855 191 33 DKAPERY
3712 4856 21 29 &
3758 4852 214 34 CLOTHIXC,

3501 4911 42 20 we
3571 4911 48 19 are
3643 4899 123 38 holding
3792 4908 16 20 a
3837 4897 138 38 Clearing

3503 4944 76 37 Sale,
3600 4943 58 31 and
3682 4942 60 31 will
3766 4941 34 31 be
3821 4940 99 41 happy
3943 4945 31 26 to

3500 4989 37 31 do
3565 4999 17 20 a
3609 4988 59 30 line
3693 4997 32 21 or
3749 4988 57 29 two
3830 4985 70 31 with
3923 4984 50 32 the

3500 5033 75 40 good
3589 5031 100 41 people
3705 5030 31 31 of
3752 5030 50 31 the
3816 5029 86 41 Lyell
3916 5028 57 31 and

3502 5076 123 31 district.

3540 5167 54 30 We
3603 5166 74 31 have
3685 5165 126 31 reduced
3821 5175 53 20 our
3879 5164 93 40 prices

3499 5211 39 41 by
3552 5221 54 21 one
3618 5209 89 36 third,
3720 5209 58 30 and
3790 5219 32 19 as
3834 5219 84 29 every
3930 5214 28 24 at-

3500 5255 116 32 tention
3630 5254 25 31 is
3669 5253 86 41 given
3770 5256 30 28 to
3815 5252 99 32 orders
3935 5251 38 41 by

3500 5303 66 37 post
3580 5310 32 21 or
3626 5297 163 36 otherwise,
3805 5297 24 30 it
3853 5296 59 31 will
3937 5296 34 31 bo

3500 5350 30 25 to
3539 5354 72 29 your
3620 5343 122 31 interest
3753 5345 29 27 to
3794 5341 71 31 send
3876 5351 17 20 a
3905 5340 68 31 trial

3500 5387 93 32 order.

3540 5478 63 31 The
3624 5478 163 39 advantage
3811 5476 32 31 of
3863 5475 111 41 buying

3500 5527 30 27 at
3546 5523 48 31 the
3609 5528 118 34 present
3742 5521 69 31 time
3834 5520 24 31 is
3882 5520 92 40 really

3501 5567 59 30 this
3635 5565 65 32 You
3735 5568 48 36 get
3811 5565 40 30 3
3879 5564 94 31 worth

3500 5611 44 30 for
3564 5612 62 28 *os.

3476 5701 106 38 E.'J.
3611 5698 214 40 WARNER
3853 5700 31 37 &
3910 5699 85 46 CO.,

3423 5766 67 58 Tlie
3517 5763 79 61 Hal!
3620 5762 39 63 of
3678 5763 203 72 Goiumeice,
3914 5762 124 61 Nelson
