3433 4351
1710 33 369 49 THE

377 82 1219 302 OXFORD
1799 82 1626 302 OBSERVER

1126 421 181 54 AND
1382 414 587 61 CANTERBURY
2041 417 496 67 DEMOCRAT,

1264 533 520 38 CIRCULATING
1861 534 518 35 THROUGHOUT

1706 703 228 31 Established
1979 705 90 29 1889.

38 850 139 30 Volumn
197 850 45 30 VI
254 849 102 31 —No.
398 849 106 30 NEW
522 848 154 31 SERIES;

1219 848 107 31 EAST
1350 847 187 36 OXFORD,
1561 846 244 39 SATURDAY,
1828 846 257 33 SEPTEMBER
2101 851 31 34 8,
2157 850 88 29 1894.

2917 854 135 31 Price—
3054 855 85 31 ONE
3177 855 155 32 PENNY.

2885 1001 50 38 G.
2963 1003 48 36 E.
3041 1002 347 46 WEYLANDT,

2997 1064 111 27 FAMILY
3125 1065 146 27 BUTCHER.

2906 1109 158 39 EAST
3094 1111 265 38 OXFOFO,

2944 1171 119 26 Faroilies
3075 1173 88 24 waited
3174 1182 64 22 upon
3250 1173 76 32 daily.

2970 1289 281 33 ASTOUNDING
3264 1293 7 30 !

3033 1346 81 26 this
3143 1347 45 24 be
3219 1348 113 25 true?

2958 1430 62 24 YES,
3034 1431 20 19 A
3068 1431 135 20 DECIDED
3215 1432 83 21 FACT.

2859 1503 100 32 NEW
2968 1505 140 32 YEAES
3121 1507 276 31 CONCESSION.

2857 1692 82 20 Royal
3328 1695 61 19 Vice

2858 1751 49 14 and
2964 1741 17 11 S=
2981 1723 323 53 X^^^l^&^
3318 1747 84 20 Kegal

2949 1797 358 32 PHOTOGRAPHEE.

2858 1878 43 20 BY
2938 1878 126 20 SPECIAL
3101 1878 221 20 APPOINTMENT
3359 1879 39 20 TO

2993 1909 80 20 EARL
3077 1909 39 20 OF
3125 1909 133 23 ONSLOW.

2858 1971 105 25 TfTILL,
2979 1971 91 26 During
3085 1971 42 21 the
3151 1971 83 21 Month
3252 1971 24 21 of
3294 1973 103 26 January

2867 1992 30 28 VY
2934 1999 60 26 only,
3005 2000 54 19 1894
3068 1999 65 20 Issue
3177 1999 40 21 the
3226 1999 87 21 Public.

3005 2032 84 31 ONE
3111 2033 145 30 DOZEN

2859 2079 29 21 Of
2896 2080 37 21 his
2947 2080 190 26 Widely-known,
3154 2079 245 28 Superiorly-finished,

2856 2105 101 39 l^^^^
3052 2112 47 20 and
3116 2112 90 26 Highly

2856 2133 210 43 |9BfeteU^>_
3105 2145 134 20 CABINET
3285 2145 111 20 PHOTO-

2856 2162 400 51 S3MpHHtaU|mriNAL
3271 2177 125 22 CHARGE

2858 2309 539 55 DUPLICATEaB^^H^Sg.SAME

2884 2430 48 19 The
2941 2429 81 20 Public
3032 2435 38 14 are
3086 2429 94 20 advised
3197 2430 25 19 to
3240 2429 61 19 avail
3318 2429 75 19 them-

2857 2460 71 19 selves
2948 2460 22 18 of
2989 2460 47 19 this
3055 2460 146 25 opportunity
3221 2459 23 19 of
3273 2459 120 26 obtaining

2856 2493 123 26 high-class
2989 2494 59 19 work
3059 2494 25 19 at
3093 2493 55 20 such
3156 2499 14 14 a
3179 2492 114 21 moderate
3302 2493 93 26 charge.

2856 2569 173 20 REMEMBER
3039 2569 60 20 FOR
3109 2569 61 20 ONE
3179 2568 111 21 MONTH
3303 2569 92 20 ONLY.

2881 2628 49 20 The
2937 2629 52 19 vast
2998 2629 131 24 experience
3146 2627 107 20 obtained
3265 2627 32 26 by
3310 2627 86 21 C.H.M

2856 2662 23 20 m
2888 2662 40 21 the
2937 2663 155 24 innumerable
3101 2662 112 21 branches
3227 2662 24 20 of
3260 2662 41 21 the
3311 2662 82 26 photo-

2856 2697 93 26 graphic
2959 2698 37 20 art
3005 2697 85 26 during
3102 2697 35 19 his
3147 2696 84 20 Indian
3241 2696 46 20 and
3296 2695 99 22 Austral-

2856 2732 37 19 ian
2912 2732 92 23 travels,
3019 2731 45 20 and
3083 2732 39 19 the
3144 2730 115 26 thorough
3278 2732 119 24 apprecia-

2856 2765 47 21 tion
2913 2765 29 26 by
2950 2765 40 21 the
3000 2765 93 26 general
3111 2764 77 26 public
3201 2763 23 22 of
3240 2764 40 21 the
3293 2771 69 18 same,
3372 2765 23 20 is

2856 2800 109 20 sufficient
2980 2800 124 26 guarantee
3114 2799 53 20 that
3186 2799 31 20 all
3236 2799 61 20 work
3315 2798 79 21 issued,

2856 2833 58 20 from
2921 2833 35 19 his
2968 2833 84 20 Atelier
3059 2833 43 19 will
3109 2833 29 19 be
3147 2831 24 21 of
3177 2832 40 20 the
3224 2831 95 24 highest
3325 2831 68 21 order

2881 2950 81 21 WILL
2973 2950 41 20 DO
3087 2950 71 20 OWN
3169 2949 198 21 OPERATIONS.

2856 3014 80 20 Studio
2936 3025 29 3 —
2965 3015 41 19 150
3012 3014 107 20 Colombo
3128 3014 78 23 street,
3226 3011 169 22 Christchurcb..

3019 3045 156 27 Telephone—
3175 3045 41 21 No.
3228 3045 45 21 592.

2898 3146 48 31 R.
2989 3146 58 31 H.
3093 3142 259 35 PARISH,

2986 3203 101 31 East
3109 3198 160 36 Oxford

2859 3265 46 16 one
2917 3257 28 24 of
2954 3257 43 24 the
3008 3257 93 30 largest
3111 3255 146 27 purchasers
3273 3254 28 22 m
3312 3252 85 25 North

3035 3293 153 29 Canterbury
3205 3291 24 24 of

2859 3333 186 30 EDWARDS,
3069 3331 192 27 BENN&TTB
3275 3330 19 28 &
3316 3330 84 26 GO.'/S

3015 3382 7 7 •
3060 3375 74 25 Slock
3149 3374 28 26 of

2861 3501 60 26 Will
2942 3500 32 25 be
2996 3499 55 26 sold
3073 3498 79 25 below
3168 3497 140 25 -wholesale
3334 3496 66 24 cost.

2890 3587 212 39 BURRELL
3118 3582 245 41 BROTHERS-

2863 3658 8 10 ,
2937 3633 376 35 PHOTOGRAPHERS

2857 3690 66 21 Hare
2927 3689 107 22 removed
3037 3689 24 20 to
3065 3693 62 15 more
3132 3685 151 23 commodious
3287 3683 113 27 premises

2969 3720 165 28 VICTOEIA
3153 3717 135 27 STREET

2859 3774 117 31 Opposite
2999 3771 128 25 Salvation
3157 3769 78 27 Army
3266 3766 133 25 Barracks.

2890 3806 57 23 And
2960 3813 41 16 are
3014 3804 76 30 doing
3108 3799 151 27 Enamelled
3279 3798 121 26 Cabinets

2856 3845 38 25 for
2906 3845 42 33 8/6
2958 3852 44 24 per
3013 3843 88 25 dozen.
3125 3841 21 25 G
3149 3833 54 32 real
3210 3838 189 32 Photographic

2859 3883 125 32 Surprise-
3030 3881 55 25 One
3112 3880 25 23 of
3160 3876 44 28 tide
3225 3877 95 31 largest
3342 3882 58 18 ever

2859 3922 153 25 introduced.
3056 3920 78 24 From
3156 3918 63 25 Dec.
3241 3916 71 25 11th.
3333 3915 68 25 until

2857 3963 42 24 the
2910 3962 62 24 New
2984 3960 75 25 Year.
3094 3959 55 24 One
3159 3958 90 24 Dozen
3266 3956 69 30 large
3347 3955 53 24 size

2857 4000 147 27 Enamelled
3021 4000 94 24 Photo?
3128 4004 38 19 tor
3181 3996 54 34 15/-
3247 3995 75 26 usual
3332 3994 69 32 price

2859 4043 35 24 £1
2908 4043 63 23 10s..
2988 4066 7 4 .
2999 4041 93 26 Secure
3106 4048 15 16 a
3139 4038 98 32 deposit
3259 4036 78 26 ticket
3359 4037 43 23 for

2857 4081 42 32 2/6
2911 4087 57 18 now
2982 4080 85 31 ready.
3101 4078 64 25 This
3184 4077 23 24 is
3227 4076 41 25 ttie
3291 4075 111 31 greatest

2857 4120 99 26 wonder
2967 4120 27 24 of
3012 4119 45 25 the
3079 4126 55 24 age.
3168 4115 79 27 Don't
3254 4118 5 28 ;
3264 4114 63 26 inisa
3348 4113 54 26 tbif

2857 4160 101 26 chance.

2890 4198 167 26 BURBELL
3071 4198 191 27 BROTHERS
3292 4223 70 5 ..,

3137 4236 202 35 Photbgrapherai

2978 4290 112 25 Victoria
3105 4290 91 31 Street,
3213 4292 164 26 Chriitehur*

2463 987 116 25 GREAT
2610 989 87 24 SALE

2568 1034 31 17 OP

2297 1088 2 8 r
2318 1061 208 31 TEWELLRY,
2563 1063 178 28 WATCHES,
2777 1066 70 23 DIA-

2310 1097 23 21 O
2476 1095 99 25 MOND
2593 1096 121 30 GOODS,

2312 1131 129 25 SILVER
2459 1132 71 25 AND
2553 1133 285 27 ELECTRO-PLATE

2311 1168 47 24 AT
2376 1169 22 24 A
2415 1169 174 26 DISCOUNT
2615 1171 43 25 OF
2675 1173 29 24 4s
2721 1173 38 24 IN
2777 1173 70 24 THE

2410 1208 127 29 POUND,
2550 1209 69 25 FOR
2631 1211 22 24 A
2669 1211 78 25 FEW

2462 1248 124 26 WEEKS
2596 1249 101 27 ONLY.

2346 1291 115 30 £10,000
2480 1293 73 25 value
2565 1295 26 23 to
2603 1294 76 25 select
2701 1295 67 26 from
2788 1297 26 24 at

2298 1350 82 64 ,M.
2443 1352 33 44 S
2482 1353 365 48 ANDSTEDT

2323 1426 108 20 DIRECT
2445 1427 154 25 IMPOETER,
2627 1430 206 21 WATCHMAKER

2457 1463 59 21 AND
2532 1465 163 25 JEWELLER,

2309 1498 114 23 CASHEL
2439 1502 39 20 ST.
2499 1502 87 24 WEST,
2609 1503 231 22 OHRISTCHURCa

2451 1600 165 27 Established
2629 1604 73 24 1862.

2332 1675 31 19 M.
2375 1675 162 22 SANDSTBIN
2547 1677 40 20 has
2601 1679 117 25 appointed
2728 1679 44 21 Mb.
2781 1679 26 21 R.
2817 1680 29 20 H.

2304 1707 82 21 Parish
2401 1714 25 14 as
2443 1709 35 20 his
2493 1709 80 21 Oxford
2587 1711 105 25 AGENT,
2706 1712 48 21 who
2770 1713 44 20 will
2823 1714 24 19 at

2304 1744 43 20 any
2356 1739 53 21 time
2418 1746 95 20 procure,
2527 1747 28 14 on
2572 1742 148 27 approbation,
2739 1744 108 25 Watches,

2304 1771 82 26 Clocks,
2397 1773 44 21 and
2450 1774 116 26 Jewellery,
2586 1781 23 15 or
2626 1775 34 21 his
2674 1777 80 20 Oxford
2770 1777 75 22 clients

2305 1806 22 19 to
2338 1806 65 21 select
2416 1808 65 24 from,
2492 1810 23 18 at
2525 1808 36 21 the
2580 1815 59 15 same
2648 1811 58 25 price
2723 1817 24 14 as
2754 1811 92 26 charged

2303 1838 23 20 at
2336 1837 37 22 the
2382 1838 154 22 Christchurch
2546 1841 179 21 Establishment.

2348 1891 58 39 M.
2452 1892 336 39 SANDSTEIN

2452 1949 111 21 CASHEL
2577 1950 119 24 STREET,

2303 2311 257 82 ROBEE^T
2610 2337 230 73 FISHEE,

2338 2412 176 27 GENERAL
2541 2414 266 27 STOREKEEPER

2300 2460 97 43 Teas,
2439 2459 133 44 Coffees,
2611 2459 129 45 Cocoas,
2772 2459 71 38 and

2406 2506 144 40 General
2573 2506 183 40 Groceries-

2353 2557 147 32 WEST
2564 2558 224 30 OXFORD.

2457 2666 231 45 DftINK

2337 2736 183 38 HYSLOF
2535 2736 123 39 PURE
2680 2736 101 39 TEA.

2305 2793 64 31 The
2384 2794 160 32 finest_tlie
2558 2793 106 31 World
2681 2794 158 39 produces.

2306 2846 74 30 Sold
2391 2847 45 38 by
2464 2845 51 30 Mr
2529 2846 36 29 F.
2581 2849 39 27 A.
2650 2847 190 35 Waterman,

2344 2891 82 30 East
2437 2891 129 34 Oxford.

2307 2944 51 29 Mr
2378 2944 34 29 R.
2428 2943 120 36 Fisher,
2566 2943 90 31 West
2669 2944 131 30 Oxford.

2306 2989 49 29 Mr
2370 2989 110 29 Alfred
2494 2989 72 35 Lee,
2589 2989 128 29 Oxford.

2306 3036 48 30 Mr
2370 3037 36 29 E.
2423 3036 49 30 W.
2504 3035 127 41 Cooper,
2662 3035 87 38 Oust,
2780 3037 60 30 and

2345 3095 94 30 many
2460 3085 111 29 others.

2309 3172 30 71 g
2364 3168 480 75 MANNIN&ifjOffIPANY

2507 3257 140 21 LIMITED.

2336 3315 271 25 CHRISTCHURCH
2627 3314 185 25 BREWERY.

2539 3375 62 20 THE

2457 3415 227 33 ALES

2441 3457 131 21 BREWED
2582 3457 40 20 BY
2636 3457 72 20 THIS

2397 3493 370 43 CQMI^ISrY

2499 3550 84 20 FROM
2592 3551 62 19 THE

2307 3591 538 42 ottO!®£STW#iT#ttO?S

2421 3642 46 20 Are
2477 3642 176 26 acknowledged
2661 3643 26 19 to
2695 3642 29 21 be

2304 3679 149 22 SUPERIOR
2462 3681 37 20 IN
2509 3680 138 23 QUALITY
2657 3681 38 20 TO
2702 3682 66 20 ANY
2774 3682 73 20 PRO-

2372 3711 101 20 DUCED
2487 3711 36 20 IN
2537 3712 75 20 NEW
2626 3712 150 21 ZEALAND.

2332 3748 109 26 Supplied
2446 3749 25 19 to
2474 3747 82 21 Hotels
2563 3748 46 21 and
2616 3748 93 21 Private
2716 3749 129 21 Customers

2304 3774 23 19 m
2336 3774 144 25 Hogsheads,
2492 3775 99 23 Barrels,
2603 3774 140 24 Kilderkins,
2753 3776 45 19 and
2809 3777 36 18 10-

2302 3800 89 25 --gallons
2401 3800 64 26 Kegs
2474 3801 61 25 only.

2303 3851 118 41 PALE
2445 3851 92 41 ALE
2560 3851 95 41 AND
2687 3852 158 42 EXTRA

2497 3902 135 42 STOUT

2387 3953 94 21 Bottled
2503 3955 25 19 m
2537 3954 86 24 Quarts
2633 3955 47 20 and
2688 3955 73 20 Pints.

2335 4009 264 78 SMITH
2627 4009 58 81 &
2711 4014 109 76 Co..

2312 4110 72 24 THE
2394 4109 159 26 LEADING
2560 4110 120 25 FRAME
2689 4111 143 26 MAKERS

2304 4148 121 21 COBNEE
2445 4149 143 21 COLOMBO
2608 4150 19 20 &
2646 4150 200 24 GLOUCESTER

2359 4180 141 22 STREETS.
2546 4182 243 22 CHRISTCHURCH.
2816 4188 6 3 -

2389 4217 54 25 The
2450 4217 117 33 cheapest
2574 4218 63 33 shop
2644 4219 28 25 m
2680 4219 86 26 Town.

2339 4260 137 32 Importers
2487 4261 27 24 of
2524 4261 152 33 Mouldings,
2696 4263 83 31 Glass,
2792 4264 53 27 En>

2405 4301 116 30 gravings
2543 4301 52 26 arid
2624 4302 123 28 Pictures.

1759 1062 80 52 H.
1867 1063 61 52 J.
1947 1063 344 54 LAMING

1854 1140 349 34 SADDLER

1994 1184 63 20 AND

1761 1220 289 38 HARNESS
2086 1222 205 37 MAKER

1907 1271 72 25 Neap.
1997 1272 151 30 Saleyaeds,

1793 1315 47 41 O
1864 1315 66 41 X
1955 1316 198 41 FOB
2177 1317 47 40 D
2249 1345 14 13 .

1756 1387 89 24 Orders
1857 1389 51 23 and
1925 1389 105 30 Repairs
2041 1390 127 30 promptly
2179 1390 112 25 executed

1921 1432 26 23 at
1958 1430 87 25 lowest
2056 1433 75 22 rates.

1861 1495 144 41 HORSE
2028 1495 165 42 COVERS

1756 1546 102 39 made
1869 1547 37 38 to
1923 1547 104 40 Order
2041 1549 70 38 and
2125 1549 166 48 Repaired

1772 1607 21 24 A
1808 1607 75 25 Stock
1895 1607 28 25 of
1933 1608 82 25 Horse
2028 1608 122 25 Medicine
2163 1617 33 17 on
2205 1609 75 30 baud,

1832 1650 163 22 SOLOMON'S
2011 1652 149 22 SOLUTION
2176 1653 36 21 &c.

1775 1714 55 43 E.
1853 1714 58 44 R
1928 1715 345 44 ALLPBESS

1864 1784 136 27 Consulting
2009 1785 45 21 and
2061 1785 90 28 Family
2157 1785 105 28 Chemist,

1945 1818 57 25 239.
2017 1818 90 25 Cashel
2118 1818 82 26 Street
2214 1819 76 29 West,

2012 1855 278 27 CHRISTGHUBGH.

1746 1937 311 37 B^KraHH^^BH^^Bp
2066 1944 73 19 Home
2148 1944 47 19 and
2210 1944 25 19 m
2250 1944 41 20 the

1746 1997 336 43 ipgWßß^^jyg^i^-^on
2085 2006 12 16 .■=!
2101 2013 24 9 sr
2137 2006 23 21 iri
2163 2013 11 14 s
2189 2006 102 26 grateful

1756 2038 81 20 thanks
1847 2038 24 19 to
1879 2038 37 19 his
1929 2043 121 15 numerous
2059 2038 82 21 clients
2150 2038 141 26 througbout

1754 2070 142 25 Canterbury
1904 2069 36 21 for
1949 2070 40 21 the
1998 2071 94 26 support
2101 2071 73 21 which
2182 2071 41 21 has
2233 2071 57 21 been

1754 2103 137 22 vouchsafed
1908 2104 25 20 to
1953 2104 49 21 him
2017 2104 84 27 during
2120 2105 41 20 the
2183 2105 108 21 nineteen

1753 2144 65 19 years
1827 2138 29 20 he
1866 2138 42 20 has
1916 2138 106 21 followed
2030 2139 37 19 his
2083 2139 125 25 profession
2217 2140 25 18 m
2251 2140 39 19 the

1754 2170 114 24 Province,
1895 2170 46 20 and
1954 2170 90 28 finding
2066 2172 21 19 it
2109 2172 122 20 incumben
2242 2172 11 20 t
2266 2172 24 20 to

1753 2205 120 21 centralize
1891 2205 37 20 his
1942 2205 104 21 business
2061 2206 24 20 m
2108 2206 66 20 order
2187 2207 25 19 to
2234 2206 57 26 keep

1753 2239 48 20 him
1814 2239 26 20 m
1853 2239 70 20 touch
1937 2239 54 20 with
2007 2240 36 20 his
2063 2241 129 25 supporters
2207 2240 25 20 m
2250 2241 40 20 the

1753 2271 153 26 surrounding
1915 2272 97 25 country
2017 2272 109 23 districts,
2134 2272 29 20 he
2171 2272 41 20 has
2220 2272 70 20 taken

1753 2305 40 20 the
1803 2305 70 20 above
1882 2306 109 24 premises
2002 2306 73 20 where
2092 2306 30 20 he
2188 2306 29 20 be
2235 2306 55 25 glad

1752 2338 25 20 to
1786 2338 86 20 receive
1883 2338 37 20 his
1928 2338 88 20 friends
2024 2339 131 26 personally
2168 2346 25 14 or
2202 2340 87 21 receive

1753 2370 60 21 their
1822 2370 77 21 orders
1915 2377 41 20 per
1967 2371 58 26 post.
2054 2371 43 20 His
2116 2371 61 21 Well
2195 2372 94 23 Known,

1752 2402 68 22 Tried
1843 2403 46 20 and
1911 2403 122 26 Approved
2055 2402 119 22 Remedies
2201 2404 36 20 for
2257 2405 32 20 all

1752 2431 83 19 classes
1845 2430 24 20 of
1886 2430 105 20 Diseases
2001 2437 38 13 are
2049 2437 50 13 now
2108 2437 24 14 so
2142 2431 51 20 well
2207 2432 82 19 known

1752 2464 25 12 as
1796 2457 24 19 to
1833 2457 59 19 need
1912 2463 30 13 no
1960 2457 90 19 further
2072 2457 102 20 mention
2198 2459 25 17 m
2242 2458 47 19 this

1752 2483 136 25 necessarily
1899 2483 65 21 short
1973 2483 185 20 advertisement.

1778 2509 21 20 A
1808 2509 44 20 full
1861 2515 24 20 pi
1883 2516 5 5 %
1888 2509 34 21 ice
1932 2509 49 20 List
1991 2510 22 20 of
2022 2510 32 19 all
2063 2510 36 19 his
2109 2510 91 20 various
2217 2511 72 19 Rem-

1752 2536 61 22 edies
1822 2543 42 14 can
1874 2537 28 21 be
1911 2537 47 21 had
1968 2537 54 21 Post
2035 2537 57 21 Free
2102 2543 29 15 on
2144 2537 144 26 application,

1751 2564 46 20 and
1810 2570 83 20 among
1907 2564 65 21 them
1980 2564 89 20 besides
2078 2564 65 21 those
2153 2565 24 20 of
2185 2571 15 13 a
2208 2565 81 26 purely

1753 2591 96 21 Medical
1869 2592 126 20 Character,
2009 2592 46 20 will
2072 2591 29 21 be
2118 2591 73 21 found
2206 2593 80 24 Horse,

1752 2618 74 21 Cattle
1841 2619 46 19 and
1903 2619 51 26 Dog
1969 2619 132 21 Medicines,
2116 2619 23 20 of
2156 2619 134 20 undoubted

1752 2645 90 25 efficacy
1850 2645 103 24 together
1969 2645 53 20 with
2036 2645 21 20 A
2073 2645 60 21 Host
2142 2646 23 19 of
2175 2645 115 21 Domestic

1753 2671 103 20 Utilities
1866 2671 73 21 Toilet
1953 2671 159 26 Preparations
2122 2672 18 20 &
2149 2673 140 25 Perfumery.

1779 2699 38 19 Mr
1826 2699 101 25 Allpress
1937 2699 85 20 invites
2037 2699 150 25 applications
2202 2699 37 21 for
2253 2699 37 21 his

1752 2725 50 21 List
1811 2725 46 21 and
1873 2725 46 21 will
1932 2726 56 20 send
1998 2726 56 20 Free
2064 2725 23 21 of
2097 2732 96 20 expence
2202 2733 30 13 on
2241 2732 49 14 rec-

1753 2753 48 26 eipt
1810 2752 24 20 of
1843 2753 56 21 Five
1909 2753 106 26 shillings
2024 2753 47 20 and
2081 2753 102 26 upwards
2196 2753 23 19 m
2229 2754 61 25 post-

1753 2779 22 20 al
1784 2779 66 21 notes
1861 2786 24 14 or
1894 2779 66 21 order
1969 2786 46 20 any
2021 2780 80 20 article
2109 2779 82 21 named
2200 2780 90 21 therein

1753 2807 57 20 such
1819 2807 66 20 order
1899 2814 53 19 may
1962 2808 104 20 emanate
2080 2808 56 19 Irom
2148 2813 41 15 one
2198 2813 89 20 person,

1752 2840 25 13 or
1785 2834 29 20 bo
1824 2834 64 20 made
1897 2840 31 19 up
1938 2840 83 20 among
2029 2834 138 25 neighbours
2176 2834 50 20 who
2240 2841 50 19 may

1753 2860 83 26 depute
1854 2866 42 14 one
1910 2860 24 20 of
1949 2861 61 19 their
2022 2861 96 19 number
2130 2861 25 19 to
2170 2862 65 19 make
2250 2861 40 19 the

1753 2887 139 24 remittance,
1901 2887 87 20 receive
1992 2887 39 20 the
2041 2887 69 26 goods
2114 2887 46 20 and
2170 2887 121 20 distribute

1753 2913 40 21 the
1803 2919 60 15 same
1873 2920 29 14 on
1912 2914 91 20 arrival.

1752 2948 77 26 Agent
1838 2948 37 20 for
1884 2948 87 20 Oxford
1980 2948 147 24 aad.District
2134 2948 35 20 Mr
2176 2948 27 20 B.
2212 2948 78 20 Keats.

1801 3007 190 55 Money
2005 3009 54 41 to
2082 3007 153 43 Lend.

1808 3094 18 30 I
1841 3094 79 31 have
1949 3105 112 30 money
2090 3099 32 27 to
2151 3095 72 31 lend
2259 3096 30 30 m

1753 3136 85 38 large
1864 3145 35 20 or
1927 3137 90 29 small
2047 3146 85 21 sums
2170 3147 30 19 to
2229 3138 62 29 suit

1753 3177 179 28 Borrowers
1963 3181 33 25 at
2023 3176 110 30 lowest
2166 3182 125 25 current

1753 3221 90 26 rates.

1834 3257 192 31 WILLIAM
2049 3258 156 37 HOBAN,
2253 3281 5 4 .

1928 3298 190 28 SOLICITOR,

1786 3336 49 22 204
1847 3335 122 25 Hereford
1979 3335 40 25 St.
2033 3335 197 25 Chkistchubbh
2242 3337 49 24 and

1963 3373 110 25 Kaiapoi.

1753 3464 151 40 'THE
1927 3468 127 37 RED
2068 3469 221 38 HOUSE'

1891 3519 74 21 under
1973 3520 41 21 the
2024 3520 122 21 Verardah

1752 3557 41 19 109
1812 3556 106 21 Colombo
1937 3556 63 21 Sreet
2029 3557 243 22 CHRISTCHURCH.

1802 3593 157 37 JOHN
1998 3595 236 36 WILSON

1752 3643 98 21 General
1858 3643 88 24 Dealer,
1963 3644 125 20 Furniture
2097 3645 91 25 Broker,
2199 3646 18 20 &
2223 3647 68 21 Hotel

1807 3681 116 21 Valuatrr.
1963 3681 148 22 Established
2121 3683 28 20 20
2158 3683 77 21 Tears.

1753 3734 61 21 John
1823 3734 88 21 Wilson
1917 3735 114 20 embraces
2041 3735 39 20 the
2090 3736 92 23 present
2188 3737 103 25 opportu-

1754 3761 50 26 nity
1812 3761 26 20 to
1850 3760 76 21 thank
1935 3761 39 24 his,
1982 3762 131 24 supporters
2123 3761 35 20 for
2167 3762 62 20 their
2239 3769 51 14 cus-

1753 3787 46 20 tom
1809 3787 46 19 and
1863 3788 126 24 patronage
2002 3787 47 20 and
2063 3793 90 14 assures
2165 3788 64 20 them
2238 3789 53 20 that

1752 3819 25 15 as
1786 3814 25 19 m
1820 3813 41 20 the
1868 3814 52 24 past
1929 3813 29 20 he
1974 3813 21 20 is
2007 3814 109 25 prepared
2125 3814 24 20 to
2159 3815 82 25 supply
2250 3815 40 20 the

1753 3841 52 20 best
1813 3840 124 19 Furniture
1948 3840 44 24 &c,
2007 3840 36 20 &c.
2060 3840 25 20 at
2100 3840 73 26 prices
2188 3841 61 27 fully
2264 3843 26 19 20

1752 3873 41 20 per
1801 3867 54 20 cent
1863 3866 46 21 less
1916 3866 58 20 than
1983 3866 112 21 hitherto.

1807 3903 61 21 John
1890 3903 88 21 Wilson
2005 3903 47 20 will
2074 3903 93 21 furnish
2186 3910 15 14 a
2220 3905 71 22 house

1753 3930 136 25 throughout
1895 3930 37 20 for
1942 3931 53 22 J620,
2024 3930 62 20 John
2095 3930 89 23 Wilson
2193 3932 48 19 will
2249 3932 42 20 sell

1753 3964 45 19 you
1811 3964 15 12 a
1847 3956 117 20 Duche3se
1987 3956 71 20 Chest
2067 3957 112 20 Draw-sera
2189 3957 36 20 for
2239 3958 50 26 50/-.

1779 3983 61 21 John
1848 3983 89 21 Wilson
1955 3982 48 21 will
2021 3983 43 19 sell
2082 3989 46 19 you
2144 3990 14 13 a
2176 3983 72 22 Chest
2268 3985 23 20 of

1753 4011 103 20 Drawers
1865 4009 36 21 for
1910 4008 51 26 20/-.
1979 4019 3 4 ■
2003 4009 59 21 John
2073 4010 89 20 Wilson
2185 4010 46 21 will
2250 4012 41 20 sell

1752 4044 46 20 you
1826 4037 89 21 Double
1942 4037 54 20 Iron
2020 4036 127 21 Bedsteads
2178 4037 39 21 for
2239 4038 51 28 25/-.

1753 4065 83 26 Spring
1847 4064 131 20 Mattresses
1987 4063 46 28 25/-
2043 4064 122 20 Palliasses
2175 4071 45 20 any
2228 4066 62 25 price

1753 4097 47 21 you
1811 4092 53 19 lice.
1902 4090 145 30 Everything
2061 4091 70 25 cheap
2148 4091 142 29 Everything

1754 4118 58 27 good
1821 4118 46 20 and
1876 4124 46 19 you
1930 4117 48 20 can'
1986 4118 42 25 get
2037 4117 139 26 everything
2184 4118 59 21 from
2252 4120 39 21 the

1753 4145 75 21 useful
1836 4144 62 21 little
1906 4144 81 20 needle
2001 4144 25 20 to
2044 4143 41 21 the
2103 4144 127 25 proverbial
2253 4152 38 14 an-

1753 4172 59 21 chor.
1837 4174 6 7 '
2048 4176 125 5 ...

1752 4198 62 21 THJt
1833 4197 62 21 BED
1909 4197 111 21 HOUSE.
2042 4197 41 19 109
2092 4196 104 22 Colombo
2207 4198 83 23 Stre«t.

1899 4244 4 4 .
1916 4223 82 21 JOHN
2014 4223 127 20 WILSON.

1779 4251 123 21 Furaitar*
1911 4249 103 28 B*ught,
2028 4249 50 21 §old
2100 4256 25 14 or
2154 4251 84 23 jcj'ui

1751 4280 64 21 Sales
1830 4277 111 22 atttaded
1949 4283 29 16 on
1988 4277 149 22 commission.
2249 4294 8 3 _
2289 4282 2 6 *

1208 989 174 43 JOHN
1455 987 284 52 INGRAM,

1237 1059 485 34 .ATJCTIOISrEER

1209 1118 105 24 LICENCED
1335 1117 56 25 LAND
1403 1117 93 28 BROKER,
1511 1117 125 27 VALUATOR,
1652 1116 87 29 ESTATE,

1222 1149 131 28 INSURANCE,
1364 1149 15 24 &
1389 1149 101 24 GENERAL
1501 1148 139 25 COMMISSION
1651 1148 80 25 AGENT.

1206 1183 67 25 Agent
1278 1184 37 24 for
1325 1184 33 19 the
1368 1183 103 20 National
1480 1183 113 20 Insurance
1605 1182 104 25 Company
1724 1185 15 21 o)

1382 1215 51 18 New
1448 1214 101 19 Zealand.

1228 1246 171 30 OXFORD
1422 1247 28 27 &
1475 1244 252 32 SHEFFIELD.

1374 1312 52 5 —
1427 1304 61 19 _^
1488 1310 61 7 —
1549 1312 18 4 _

1205 1352 148 25 Fortnightly
1363 1351 98 21 Auction
1472 1351 63 20 Sales
1545 1350 55 21 held
1608 1351 25 20 m
1638 1350 40 21 the
1686 1351 53 20 Mar-

1205 1387 41 19 ket
1255 1385 75 20 Yards
1340 1385 129 24 OXFORD,
1481 1392 69 19 every
1559 1385 82 20 second
1660 1385 79 19 Thurs-

1207 1418 49 25 day.
1273 1417 107 25 Monthly
1390 1417 64 20 Sales
1464 1417 54 19 held
1528 1417 25 19 at
1562 1417 90 19 Market
1661 1416 78 23 Yards,

1207 1448 179 19 SHEFFIELD.
1449 1448 93 19 Private
1560 1448 101 19 Auction
1681 1447 58 20 Sales

1205 1480 142 20 undertaken
1357 1486 46 19 any
1412 1479 53 26 part
1474 1479 25 20 of
1508 1479 39 20 the
1560 1479 102 26 country.
1690 1479 49 20 Pro-

1204 1513 65 25 perty
1281 1512 99 26 Bought,
1390 1511 59 24 Sold,
1461 1518 24 14 or
1494 1512 48 20 Let.
1556 1511 46 20 and
1609 1511 130 21 Valuations

1205 1547 109 25 carefully
1324 1546 72 20 made.
1427 1546 66 20 Land
1502 1546 105 26 Brought
1616 1545 73 21 under
1702 1546 37 20 the

1205 1581 106 19 Transfer
1319 1580 16 19 A
1340 1582 30 21 ct,
1400 1579 126 24 Transfers,
1541 1580 89 23 Leases,
1644 1579 18 19 &
1668 1579 71 20 Deeds

1205 1612 22 20 of
1236 1612 133 26 Mortgages
1384 1611 77 21 dra^'n
1470 1617 37 20 up.
1546 1610 84 27 Money
1638 1611 101 21 invested

1205 1644 46 21 and
1260 1644 108 21 obtained
1377 1644 34 20 for
1420 1643 87 21 Clients
1517 1649 29 15 on
1556 1643 129 26 Mortgage.
1705 1642 34 21 In-

1237 1682 95 15 surance
1351 1675 96 21 effected
1463 1681 29 14 on
1502 1675 125 26 Buildings
1637 1674 24 21 of
1669 1681 46 19 any

1280 1708 143 25 description,
1434 1707 46 21 and
1489 1707 63 21 their
1561 1707 110 21 contents.

1205 1744 57 21 HAS
1277 1744 57 20 FOE
1348 1744 71 20 SALE
1436 1744 39 19 BY
1490 1743 125 20 PIUVATE
1629 1743 110 20 TEEATI

1231 1782 20 19 A
1260 1781 56 24 good
1335 1780 155 26 Agricultural
1500 1780 44 19 and
1554 1780 104 19 Pastoral
1674 1780 65 20 Farm

1205 1814 128 23 containing
1345 1815 38 18 i>22
1394 1820 62 13 acres
1467 1813 113 20 Freehold
1587 1812 16 19 &
1610 1814 41 18 2-10
1663 1813 76 20 Lease-

1365 1848 58 20 Jlill
1434 1847 96 20 devided
1539 1847 47 20 into
1598 1849 24 18 12
1629 1847 110 24 paddocks

1232 2030 39 19 150
1290 2029 67 20 Acres
1377 2030 23 18 at
1420 2029 62 20 View
1502 2029 49 19 Hill
1570 2027 44 21 and
1633 2029 106 24 complete

1205 2061 108 20 Saw-mill
1322 2061 72 25 plant.
1401 2061 91 24 Horses,
1502 2060 106 21 Bullocks
1617 2061 42 20 etc.
1674 2076 2 2 .

1392 2094 63 21 Price
1477 2095 67 21 £150.

1231 2130 41 19 308
1281 2129 70 20 Acres
1361 2129 117 25 adjoining
1488 2130 40 19 the
1539 2129 80 23 above.

1365 2162 63 20 Price
1447 2168 55 19 ve;y
1520 2162 50 20 low.

1300 2216 33 20 On
1344 2217 91 19 account
1445 2217 22 19 of
1478 2217 35 19 Mr
1528 2217 124 19 Allpress.

1231 2259 41 20 His
1281 2265 51 21 very
1341 2260 50 20 nice
1401 2259 113 22 residence
1525 2259 97 26 opposite
1634 2259 38 20 the
1686 2259 53 20 Par-

1203 2297 80 19 sonage
1291 2292 57 20 East
1353 2292 84 20 Oxford
1443 2292 37 20 for
1486 2292 46 20 sale
1542 2298 56 19 vary
1605 2292 76 24 cheap,
1692 2291 47 20 half

1203 2329 50 15 acre
1263 2323 24 20 of
1296 2323 61 24 land,
1368 2323 56 24 good
1434 2323 92 26 garden.

1292 2409 36 20 On
1338 2409 97 20 account
1444 2408 23 20 of
1476 2408 38 20 Mr
1523 2407 35 21 W.
1568 2407 80 21 Munn.

1229 2452 44 19 His
1293 2451 60 25 Shop
1372 2452 45 19 and
1435 2452 128 23 Lewelling
1582 2450 77 20 House
1684 2451 55 20 with

1201 2487 49 20 half
1259 2493 50 14 acre
1319 2488 21 19 of
1349 2487 55 20 land
1414 2493 29 14 on
1462 2486 40 21 the
1513 2486 95 21 Terrace
1617 2486 67 21 West
1695 2486 44 21 Ox-

1201 2524 58 21 ford.
1287 2524 21 20 A
1319 2524 48 20 real
1375 2524 103 26 bargain.

1266 2611 35 20 On
1311 2611 96 20 account
1417 2610 24 21 of
1450 2611 38 20 Mr
1497 2611 28 20 D.
1539 2611 135 25 Thompson.
1722 2627 4 2 -
1738 2615 2 23 |

1229 2653 11 19 1
1251 2659 51 14 acre
1312 2653 23 20 of
1344 2653 65 20 Land
1419 2653 55 20 with
1494 2653 98 26 Cottage
1601 2653 96 20 thereon
1715 2650 24 23 m!

1202 2689 90 21 Church
1303 2690 74 21 Street
1386 2696 50 15 now
1445 2690 24 20 m
1479 2690 134 26 occupation
1624 2689 22 21 of
1655 2690 38 20 Mr
1702 2690 37 20 W.

1202 2727 105 20 Osborne.
1738 2720 2 27 I

1226 2853 133 20 WANTED
1374 2853 25 19 to
1408 2853 72 20 Lease
1489 2859 15 13 a
1513 2853 66 19 small
1588 2852 74 26 Dairy
1671 2853 68 19 Farm

1200 2885 59 21 from
1268 2885 28 19 40
1305 2885 24 19 to
1342 2885 40 19 100
1387 2890 69 14 acres.
1464 2901 3 2 .

1231 2969 45 20 For
1288 2968 138 26 particulars
1441 2968 72 26 apply
1527 2969 24 20 to

1201 3022 193 32 JOHN
1426 3021 309 33 INORA.M

1257 3192 261 25 CALEDONIAN
1535 3191 147 26 HOUSE.
1738 3188 2 34 j

1198 3254 221 44 JAMES

1280 3310 83 25 BOOT.
1381 3309 86 26 SHOE.
1483 3310 26 25 &
1524 3309 125 26 SLIPPER

1333 3341 264 32 Manufacturer.

1300 3387 119 31 WEST
1454 3386 182 32 OXFORD.

1199 3438 48 21 Has
1257 3445 31 14 on
1295 3438 64 21 hand
1368 3443 12 14 a
1390 3437 105 27 splendid
1502 3438 134 19 assortment
1642 3436 24 21 of
1672 3437 67 20 Boots

1199 3471 44 19 and
1254 3469 70 21 Shoes
1334 3468 66 21 made
1420 3474 30 14 on
1459 3469 40 20 the
1507 3468 108 25 premises
1634 3468 25 20 at
1669 3468 70 24 prices

1198 3500 54 21 that
1261 3500 52 26 defy
1323 3499 153 26 competition.
1504 3499 62 25 Boys
1574 3498 81 21 School
1662 3499 77 24 Boots,

1198 3533 58 20 back
1266 3539 72 13 seams
1347 3532 47 19 and
1403 3532 63 19 front
1475 3531 64 20 hand
1546 3537 66 18 sewn,
1621 3530 84 21 cannot
1711 3530 28 21 be

1198 3564 127 26 surpassed.
1358 3563 68 21 Men's
1436 3563 51 20 best
1492 3562 151 27 watertights,
1654 3563 85 25 pegged

1199 3596 49 27 15/-.
1288 3596 100 25 Bespoke
1411 3594 143 25 department
1577 3593 105 24 carefully
1706 3594 33 19 at-

1198 3628 69 20 tonde
1297 3629 31 18 to.
1357 3627 40 20 Fit
1415 3626 47 20 and
1480 3625 172 27 Workmanship
1671 3625 68 20 Guar-

1196 3658 89 22 anteed.
1314 3658 94 25 Repairs
1416 3657 79 23 neatly
1504 3656 47 20 and
1558 3656 115 27 promptly
1683 3656 56 20 done

1196 3690 26 21 at
1230 3690 133 22 reasonable
1371 3690 74 26 prices

1208 3744 92 21 Branch
1313 3743 183 21 Establishment
1504 3750 5 12 :
1524 3742 60 20 Near
1603 3741 68 21 Town
1680 3741 55 19 Hall

1387 3769 58 21 E<ut
1454 3768 93 22 Oxford.

1250 3950 77 36 GK
1381 3948 317 43 SMITH,

1201 4010 88 44 ZINC,
1313 4009 69 39 TIN,
1407 4008 66 38 AND
1495 4007 117 40 SHEET,
1638 4007 101 39 STEEL

1408 4074 139 22 WORKER

1236 4113 89 40 High
1348 4111 113 39 Street,
1483 4111 82 30 East
1587 4110 128 31 Oxford.

1202 4213 41 24 All
1254 4212 74 25 kinds
1339 4212 28 25 of
1381 4213 97 31 Pumps
1489 4212 78 23 Fixed
1579 4214 23 21 &
1618 4212 121 32 Repaired

1316 4256 29 24 at
1355 4256 46 24 the
1413 4255 110 25 shortest
1534 4255 94 29 notice..

203 1357 104 79 J.
404 1352 617 89 LOUGH,

169 1474 163 28 BUILDER,
379 1473 246 31 UNDERTAKER,
674 1472 273 26 WHEELWRIGHT
982 1471 75 26 ETC.

270 1549 25 21 to
318 1547 76 30 notify
417 1547 26 24 to
465 1547 41 23 the
523 1546 80 32 public
619 1548 53 23 that
696 1547 32 23 he
749 1547 21 23 is
782 1546 130 31 appointed
931 1546 82 31 Agent
1030 1545 37 25 for
1085 1546 40 23 the

39 1633 260 46 WALTER
318 1636 55 52 A.
396 1636 228 44 WOOD'S
647 1637 241 44 Reapers
907 1635 33 42 &
960 1634 228 47 Binders

267 1733 216 44 Mowers
516 1735 100 42 and
646 1733 183 44 Rakes.

158 1831 60 19 ALL
245 1829 118 21 EXTRAS
391 1829 57 20 FOR
476 1827 97 21 THESE
601 1826 158 22 MACHINES
787 1826 82 20 KEPT
896 1826 40 20 IN.
961 1825 14 21 S
975 1825 171 41 ffi|ihaf^r-
1153 1848 10 11 r

36 1909 52 24 also
102 1908 38 23 W.
154 1907 29 24 A.
197 1907 101 24 Wood's
311 1907 91 24 Binder
414 1907 84 24 Twine
510 1906 49 24 and
572 1906 40 29 oil,
626 1905 140 28 Valvoline,-
777 1905 94 27 Castor,
943 1895 245 51 e^^^^O^^|

37 1951 47 29 Oil,
102 1951 119 29 Building
239 1949 127 24 Materials
389 1949 50 23 and
461 1949 179 30 Ironmongery
660 1949 26 23 of
704 1956 71 22 every
792 1947 152 30 description

533 1991 80 31 Agent
630 1991 38 24 for

280 2046 62 19 THE
370 2045 216 20 MANCHESTER.
602 2044 175 21 INSURANCE
806 2043 152 21 COMPANY.

126 2180 428 87 Infant's
643 2177 455 86 Powders

236 2305 86 32 FOR
342 2302 228 34 CHILDREN
603 2300 202 34 CUTTING
835 2300 153 32 TEETH

80 2351 86 29 Have
182 2349 115 37 proved
312 2358 58 20 one
385 2349 33 28 of
431 2348 54 30 the
500 2350 139 36 greatest
654 2346 98 30 boons
775 2356 72 20 ever
862 2344 185 33 introduced
1076 2348 31 26 to
1136 2344 52 29 the

36 2401 118 40 public.
199 2401 89 40 They
302 2410 52 20 are
371 2399 137 40 charged
522 2398 96 40 solely
639 2398 76 30 with
730 2407 19 19 a
777 2396 116 40 special
928 2396 201 40 preparation
1158 2395 30 30 of

35 2454 82 28 mine
131 2464 68 19 own
220 2453 61 28 and
298 2462 53 19 are
366 2451 190 39 guaranteed
572 2450 152 38 perfectly
749 2448 162 29 harmless.
970 2448 129 29 Fathers
1129 2447 59 29 and

33 2502 139 31 Mothers
187 2502 35 30 of
233 2502 157 29 hundreds
406 2502 30 28 of
450 2500 135 30 families
599 2498 195 31 recommend
809 2497 86 29 them
920 2498 76 30 with
1012 2497 176 29 confidence

35 2565 33 19 as
83 2554 92 40 being
190 2553 99 40 ample
300 2556 33 26 to
348 2562 123 20 remove
483 2550 42 30 all
537 2551 51 30 the
600 2550 146 38 ordinary
759 2549 237 39 derangements
1012 2549 71 29 that
1097 2559 91 20 occur

37 2596 112 40 during
163 2594 158 31 dentition.

34 2681 123 39 THEY
173 2680 96 39 COOL
283 2678 89 40 THE
392 2677 129 44 GUMS,
1187 2671 2 39 I

119 2731 194 40 COMPORT
335 2730 89 38 THE
462 2728 140 39 CHILD.
650 2725 144 41 CHECK
819 2724 282 45 CONVULSONS,

361 2787 94 39 AND
469 2786 185 41 RENDER
674 2782 223 42 TEETHING
910 2782 129 52 QUITE
1053 2782 131 39 EASY.

75 2854 99 28 These
190 2853 141 28 Genuine
347 2851 148 29 Powders
511 2860 52 19 are
578 2850 33 28 m
626 2859 55 19 use
695 2849 43 37 by
754 2847 42 29 all
812 2846 110 30 classes
937 2846 33 28 of
984 2846 125 38 society,
1128 2846 59 28 and

34 2896 31 28 m
81 2894 42 29 all
137 2897 87 35 parts
239 2893 32 28 of
279 2891 76 30 New
371 2890 160 30 Zealand..

333 2941 61 26 Sold
406 2941 27 24 m
445 2941 81 24 Boxes
539 2939 147 30 containing
698 2938 32 24 12
742 2936 111 32 powders
867 2935 37 33 1/-

114 3021 364 24 G-Tjr_A.tt-A-JSrTtt^JD
493 3017 309 23 PBBPBCTLY
824 3014 300 21 ZHLA.IE&IMIXjIESS.

29 3057 61 24 Post
102 3057 50 23 free
163 3058 26 22 to
201 3063 49 23 aay
261 3057 55 28 part
328 3053 27 25 of
364 3054 62 22 New
438 3052 110 24 Zealand
556 3059 35 18 on.
601 3050 147 24 remittance
758 3048 27 24 of
796 3048 45 32 1/-.
900 3046 124 31 Prepared
1035 3047 48 22 and
1093 3046 54 23 sold
1154 3045 33 31 by

429 3095 116 32 JOHN
569 3094 29 31 S.
624 3092 148 36 COOKE,

380 3146 147 33 Registered
561 3143 211 26 Pharmacentical
791 3142 119 28 Chemist,

725 3182 111 25 Cashel
862 3182 117 30 Street,

855 3215 281 28 OHRISTCHURCH.

8 3242 14 30 '
203 3263 614 39 CQ^STJT^TATIOISrS
856 3262 195 32 FRJWID

183 3346 117 83 A.
366 3346 89 89 J.

175 3478 390 45 FURNISHING
676 3475 391 46 WAREHOUSE

406 3574 488 47 CHRISTCHTTBCEL

35 3655 26 25 Is
78 3655 46 25 the
149 3654 80 33 depot
248 3654 88 25 where
359 3660 54 25 you
439 3659 49 18 can
511 3660 44 17 see
575 3652 47 25 the
643 3651 110 34 Largest
782 3650 84 26 Stock
892 3650 30 26 m
954 3650 70 26 New
1069 3649 116 27 Zealand

440 3696 29 27 of
488 3696 38 27 all
547 3697 78 26 kinds
638 3697 28 26 of
674 3704 6 16 :
682 3711 37 4 —

28 3751 281 54 CARPETS,
361 3748 442 54 FLOORCLOTHS,
825 3746 359 46 LINOLEUMS

119 3841 206 54 CHINA,
359 3840 202 54 GLASS,
604 3838 495 56 EARTHENWARE,

352 3970 5 5 .
378 3938 359 43 FURNITURE
770 3939 82 43 &c.

32 4035 54 45 at
128 4031 53 46 A.
222 4031 42 46 J.
293 4030 129 46 W/S
479 4042 106 33 YOU
637 4043 103 33 CAN
789 4043 214 34 DEPEND
1053 4042 135 33 UPON

8 4108 12 51 I
29 4120 107 36 THE
171 4119 129 34 BEST
330 4118 165 34 GOODS
526 4119 68 32 AT
626 4119 109 32 THE
766 4118 216 33 LOWEST
1002 4119 185 32 PRICES

88 4186 168 45 Steam
276 4183 212 44 Cabinet
509 4184 102 43 and
630 4183 308 55 Upholstery
956 4183 191 43 Works
1187 4186 2 40 i

352 4262 78 45 St.
468 4261 180 47 Asaph
678 4262 219 44 Street.
945 4281 11 10 •

91 50 26 25 DO
147 65 20 14 a

91 80 25 26 O
145 82 21 18 &

90 115 26 25 O

145 136 20 14 M
262 140 25 22 ft

88 173 25 19 j>
145 166 19 20 P
217 176 5 4 ■
262 166 24 20 Ph

88 185 76 34 pi
199 197 23 12 »
261 188 25 31 p

86 218 26 19 rs
144 207 20 30 g
198 214 24 13 <n
261 209 25 21 fe

86 287 77 39 H%
197 285 23 31 %
260 295 24 20 H

85 315 77 37 P2
260 319 24 15 GO

141 329 21 32 8
213 352 6 5 •
258 336 26 21 <

84 359 26 8 ■'"
141 363 20 18 O
196 360 24 26 g
258 361 25 21 H

84 395 25 28 fr
140 401 21 36 3
258 401 25 15 w

82 452 79 29 o£
195 448 23 27 S
257 427 27 45 S

82 461 79 47 0§
194 479 23 14 «
257 474 26 36 3

82 508 78 32 0£
211 528 7 5 -
256 494 25 50 ?

81 569 26 19 n
138 571 21 17 j
192 567 25 14 «*
255 571 26 21 h

80 636 27 24 ij
137 640 20 20 fc

79 671 26 31 s
136 662 21 43 §

79 705 26 24 GO
