3550 4560
146 200 171 27 COLONIAL
348 199 228 27 JOURNALISM.

129 290 50 24 One
191 288 26 24 of
226 288 42 24 the
278 288 99 30 shining
388 288 77 30 lights
478 288 26 24 of
515 288 111 25 Colonial

95 329 145 32 journalism
252 329 21 22 is
285 327 187 31 unmistakably
484 330 43 23 out
540 336 32 16 on
584 329 42 25 the

97 365 120 31 war-path
231 374 4 21 ;
254 365 49 23 and
315 372 79 17 seems
412 367 26 21 to
460 364 64 26 have
537 366 89 30 especi-

97 407 47 30 ally
156 404 117 31 imported
285 405 53 24 into
356 404 49 24 this
428 404 106 30 market,
560 413 66 17 some

96 445 83 32 highly
202 444 105 31 charged
329 443 100 25 red-hot
454 444 172 26 thunderbolts

96 484 36 23 for
143 482 106 31 slinging
261 481 73 25 about
346 482 26 23 m
385 489 71 24 every
464 482 119 24 direction
592 491 34 15 re-

98 522 108 32 gardless
219 521 26 25 of
254 529 186 24 consequences.
475 523 127 30 Amongst
614 530 12 16 a

96 564 102 22 number
210 562 26 24 of
273 561 110 32 redrags
419 562 56 24 that
489 570 90 23 appear
603 564 23 23 to

96 602 60 24 have
174 602 101 23 aroused
288 602 41 23 the
340 601 112 24 virtuous
475 602 151 30 indignation

97 639 25 22 of
130 646 43 16 our
185 641 189 28 contemporary,
394 646 60 16 even
466 640 26 22 to
504 639 44 23 the
558 639 68 30 pitch

96 679 26 23 of
130 678 155 30 introducing
304 677 141 31 quotations
467 677 65 25 from
546 677 80 32 Scrip-

96 722 59 25 ture,
169 719 55 24 that
243 718 161 24 unfortunate
428 718 141 25 Charitable
581 718 45 24 Aid

95 756 87 27 Board,
195 755 79 24 which
297 755 22 24 is
342 755 89 32 always
452 757 110 23 between
585 755 41 24 the

96 795 63 24 devil
170 795 49 23 and
229 795 41 24 the
280 795 59 30 deep
347 803 41 16 sea
393 795 91 24 -cither
521 795 105 30 squand-

48 841 38 25 jpjt
96 834 68 31 ering
180 834 41 24 the
244 835 139 31 ratepayers
395 842 89 24 money
529 842 27 17 or
579 834 47 24 else

121 874 108 32 refusing
252 874 42 25 the
317 875 109 31 starving
438 882 58 24 poor
547 882 79 17 comes

96 915 24 23 m
131 922 26 16 as
170 915 70 23 usual
252 915 37 23 for
301 922 68 17 some
377 915 62 23 hard
451 915 92 24 knocks
554 922 5 21 ;
570 915 56 28 and,

96 954 128 30 according
252 956 26 22 to
315 955 42 23 the
386 955 79 24 Star's
474 977 3 1 _
496 954 130 30 judgment

97 991 7 30 (
112 991 78 23 which
203 990 25 24 of
239 999 85 16 course
348 999 26 15 as
387 991 135 31 everybody
546 991 80 25 knows

96 1030 19 23 is
127 1030 96 31 beyond
231 1030 34 24 all
275 1030 122 31 question,
410 1039 31 15 on
453 1030 173 24 what-so-ever

97 1067 91 31 subject
199 1068 20 24 it
240 1076 58 23 may
310 1076 40 17 see
361 1068 27 25 fit
412 1070 26 23 to
460 1068 65 31 gush
546 1069 27 23 m
596 1068 30 25 its

99 1107 130 31 columns)
242 1108 21 23 is
276 1107 74 25 about
363 1108 41 24 the
416 1115 58 23 very
485 1109 75 24 worst
579 1108 47 23 and

96 1147 112 23 cruellest
220 1155 84 23 enemy
317 1147 54 24 that
383 1148 41 23 the
441 1147 185 24 down-trodden

95 1186 160 25 unfortunate
283 1187 132 31 recipients
434 1187 26 25 of
481 1188 48 23 and
553 1187 73 31 appli-

96 1226 69 22 cants
180 1224 36 24 for
236 1224 72 25 relief
329 1220 72 29 could
429 1225 108 31 possibly
565 1227 61 22 meet

94 1261 65 24 %vifch.
310 1272 2 2 •
457 1285 3 2 .

129 1300 48 21 Til;?
191 1300 21 23 8
214 1304 36 18 far
261 1300 21 22 is
296 1300 130 30 especially
447 1300 117 24 incensed
587 1300 39 24 be-

95 1343 25 16 ca
126 1344 13 15 n
146 1349 5 3 -
157 1344 12 15 c
183 1344 12 14 ft
208 1336 134 30 particular
353 1343 54 17 case
420 1336 55 24 that
487 1345 50 16 was
549 1344 77 23 repre-

93 1376 82 23 sc'!i!;c>']
190 1377 24 22 to
226 1376 19 23 it
257 1375 32 31 by
301 1383 68 17 some
392 1383 90 24 person
505 1376 56 25 who
584 1384 41 24 ap-

70 1427 3 2 •
92 1423 8 21 i
110 1423 52 15 cr.r.;
176 1418 24 20 to
212 1415 63 24 have
287 1415 75 24 taken
374 1423 32 16 an
423 1416 99 23 interest
533 1417 27 22 m
584 1416 42 24 the

93 1455 93 22 welfare
199 1454 26 23 of
235 1462 14 15 a
261 1454 91 23 certain
369 1455 127 29 recipient,
510 1462 49 16 was
583 1457 43 21 not

92 1490 65 24 dealt
170 1491 55 23 with
247 1491 27 23 m
287 1491 42 24 the
342 1499 103 16 manner
458 1491 77 24 which
548 1493 23 22 to
584 1491 42 24 the

92 1531 69 23 mind
173 1531 26 24 of
208 1531 42 24 the
264 1531 57 24 Star
332 1532 94 23 seemed
440 1531 53 24 best
504 1540 6 20 ;
534 1532 48 23 aud
605 1531 21 24 it

91 1571 119 23 therefore
223 1571 111 30 proceeds
348 1573 25 22 to
386 1574 84 28 empty
479 1571 43 24 the
532 1571 61 24 vials
602 1571 24 24 of

91 1608 32 22 its
136 1608 78 22 wrath
226 1616 64 22 upon
311 1608 42 24 the
376 1608 106 24 devoted
504 1608 76 24 heads
603 1609 23 23 of

92 1646 51 24 that
156 1647 117 31 unhappy
283 1646 81 25 Board
373 1647 50 23 and
431 1646 103 26 another
541 1647 84 25 dread-

91 1687 60 30 fu'ly
163 1686 124 24 inhuman
309 1687 154 30 corporation
487 1687 90 25 known
600 1695 26 17 as

93 1724 41 24 the
154 1725 95 23 Church
278 1724 119 31 Property
424 1725 122 30 Trustees,
570 1726 56 24 who

91 1770 65 16 seem
169 1764 24 22 to
206 1762 62 25 have
280 1762 42 24 the
334 1762 155 32 unblushing
511 1763 115 32 audacity

90 1803 26 20 to
129 1802 85 29 expect
226 1808 68 16 some
305 1802 86 22 return
402 1801 28 23 m
446 1801 43 24 the
512 1801 77 31 shape
601 1802 25 24 of

90 1841 54 21 rent
153 1839 63 23 from
228 1839 42 23 the
282 1840 101 22 tenants
409 1838 27 24 of
456 1838 87 25 houses
567 1839 59 31 they

92 1877 42 28 let,
148 1878 25 22 m
187 1877 41 23 the
240 1877 132 23 fulfilment
384 1877 26 23 of
421 1877 41 23 the
474 1879 78 23 trusts
560 1885 66 17 com-

90 1914 88 24 mitted
189 1916 26 22 to
230 1914 77 24 them.

123 1954 72 28 Well,
209 1954 33 24 all
256 1962 34 16 we
303 1953 61 25 wish
382 1954 26 24 to
419 1961 42 24 say
483 1954 20 24 is
515 1955 56 23 that
583 1954 43 25 the

92 1996 55 21 Mar
158 1995 20 21 is
200 1995 24 22 at
248 1993 88 30 liberty
360 1994 25 22 to
414 1992 74 31 enjoy
516 1993 33 25 its
572 2002 53 16 own

90 2034 98 29 opinion
201 2041 31 15 oil
245 2033 49 24 this
307 2033 48 23 and
369 2032 71 25 other
456 2035 103 23 niaiters
570 2034 56 24 that

90 2072 20 22 it
123 2072 81 23 knows
216 2079 59 23 very
286 2071 65 24 little
365 2070 82 25 about.
500 2072 25 23 It
547 2072 22 23 is
592 2074 34 22 all

90 2117 57 22 very
160 2109 54 23 wcTl
227 2110 25 22 to
263 2109 67 23 write
343 2107 70 24 when
434 2108 44 23 the
500 2109 62 23 facts
584 2116 41 17 are

90 2146 150 32 thoroughly
254 2145 148 25 understood
412 2153 5 22 ;
430 2145 46 25 but
487 2147 20 23 it
518 2147 20 24 is
549 2147 75 24 much

92 2186 76 24 bitter
181 2188 24 22 to
219 2186 120 24 ascertain
352 2185 32 25 all
397 2185 43 25 the
451 2185 63 26 facts
526 2186 48 25 and
584 2187 40 24 the

90 2225 177 31 surroundings
280 2225 83 25 before
379 2225 98 31 leading
488 2225 43 25 the
543 2227 83 23 minds:

89 2265 25 23 of
125 2267 37 20 the
175 2265 82 29 public
270 2265 25 22 to
311 2264 68 24 what
390 2272 59 23 may
459 2272 72 22 prove
544 2266 25 22 to
593 2265 30 24 be

88 2302 60 24 false
161 2301 162 24 conclusions.
359 2301 46 24 We
425 2309 41 17 are
490 2302 133 25 convinced

89 2343 53 23 that
155 2342 41 24 the
209 2341 141 25 Charitable
363 2341 46 25 Aid
421 2342 82 25 Board
512 2343 111 32 properly

89 2382 161 24 understands
263 2383 30 23 its
305 2383 109 23 business
426 2383 80 23 which
520 2384 103 24 consists

89 2421 24 22 of
125 2424 46 19 two
184 2420 134 29 important
329 2421 68 29 parts
408 2427 5 20 ;
443 2419 63 26 first,
529 2422 25 22 to
583 2429 40 15 see

88 2459 55 24 that
155 2467 58 22 poor
225 2460 47 22 and
285 2459 78 31 needy
373 2458 87 32 people
470 2466 41 17 are
520 2459 102 24 assisted

90 2504 13 10 '•
115 2500 66 24 aiiled
220 2501 43 23 not
272 2499 153 25 maintained
427 2515 30 2 —
459 2502 26 22 to
496 2501 42 30 get
558 2500 65 25 their

89 2547 52 16 own
155 2538 76 32 living
243 2538 47 25 and
304 2546 110 24 preserve
428 2547 27 16 as
478 2538 37 25 far
526 2547 27 16 as
567 2547 54 23 pos-

90 2577 60 22 sible
163 2577 63 23 their
238 2577 198 29 independence;
450 2577 49 23 and
508 2577 115 31 secondly

90 2617 25 21 to
128 2622 39 16 see
179 2613 55 25 that
247 2614 41 24 the
300 2615 138 30 ratepayers
456 2613 114 26 interests
583 2623 40 17 are

90 2654 122 31 protected
224 2654 97 32 against
334 2656 118 30 attempts
476 2657 25 22 at
524 2655 98 31 imposi-

91 2693 58 28 tion,
163 2693 78 23 which
254 2693 185 31 unfortunately
452 2701 41 17 are
511 2694 58 31 only
582 2696 41 22 too

90 2738 121 17 common.

90 2841 267 26 CIIRISTCHURCH
397 2843 80 24 ACID
511 2843 110 25 DROPS

205 2936 31 13 BY
247 2936 72 13 ROBIN
331 2936 175 15 GOODPELLOW.

120 2971 37 25 On
169 2971 121 32 Saturday
303 2971 94 25 Walter
405 2972 105 31 JBentley
518 2972 106 31 brought

86 3010 41 24 his
139 3017 85 17 season
237 3011 26 23 to
276 3018 14 16 ft
311 3011 73 28 close,
409 3011 49 23 and
475 3011 121 30 produced
611 3018 13 17 a

87 3048 76 24 brand
191 3056 54 16 new
275 3048 153 24 sensational
461 3049 162 24 melodrama.

118 3086 25 24 It
155 3086 20 24 is
188 3095 28 15 as
227 3088 41 29 yet
282 3086 125 25 unnamed
420 3086 50 25 and
482 3086 40 25 Mr
545 3086 77 25 Bent-

82 3126 40 30 ley
134 3125 89 24 offered
235 3125 48 24 five
294 3125 102 31 guineas
419 3125 38 24 for
478 3133 32 16 an
534 3133 87 23 appro-

82 3165 78 31 priate
205 3173 82 16 name.
351 3165 53 24 The
423 3165 87 24 drama
527 3165 46 24 has
591 3173 32 16 an

82 3203 146 25 abundance
248 3212 27 16 or
298 3203 85 25 rather
401 3203 220 32 superabundance

82 3243 26 24 of
119 3243 114 29 thrilling
245 3242 129 24 incidence
386 3243 49 22 and
454 3242 14 23 I
488 3243 63 24 have
575 3243 46 23 sel-

83 3281 53 23 dom
151 3288 58 16 scon
238 3288 15 15 a
281 3279 61 25 New
365 3279 112 25 Zealand
505 3280 118 24 audience

48 3334 12 10 v
82 3321 115 30 wrought
210 3321 25 23 to
252 3319 68 25 -such
337 3328 16 16 a
364 3319 78 32 pitch.
478 3320 55 24 The
556 3320 67 30 piece

81 3358 128 24 reminded
221 3366 40 16 me
273 3358 26 23 of
310 3358 41 24 the
363 3358 40 24 old
418 3359 92 30 Surrey
524 3359 99 23 dramas

82 3396 24 24 of
129 3395 43 24 the
194 3394 134 25 Cresswick
351 3395 50 25 and
414 3395 139 32 Shepherd,
579 3404 42 16 era

48 3434 5 11 '
82 3444 69 16 some
180 3436 78 30 thirty
287 3443 71 23 years
387 3443 53 23 ago.
476 3436 14 23 I
515 3437 108 30 scarcely

82 3475 71 24 think
167 3475 40 23 the
220 3483 55 15 rsw
287 3475 66 29 piece
361 3483 19 15 \f
384 3474 29 24 ill
424 3474 30 25 be
464 3476 72 23 much
549 3476 71 23 heard

81 3515 26 24 of
117 3514 122 31 although
252 3514 63 31 good
327 3514 26 25 of
363 3514 34 25 its
417 3514 72 25 class.
524 3514 96 32 Highly

80 3555 81 31 spiced
172 3554 73 25 blood
266 3554 49 25 and
337 3554 108 25 thunder
468 3554 151 25 sensational

81 3595 100 22 dramas
200 3593 87 31 hardly
301 3594 49 23 suit
358 3592 99 25 modern
468 3594 85 23 tastes.

115 3631 70 23 After
197 3632 46 22 two
255 3631 102 22 months
369 3631 142 29 experience
535 3631 27 23 of
577 3631 43 23 the

82 3670 69 29 great
163 3667 191 25 inconvenience
367 3667 26 24 of
405 3669 30 22 10
449 3668 92 24 o'clock
562 3668 59 24 clos-

83 3706 44 30 ing
139 3706 26 23 of
176 3705 41 24 the
229 3705 89 27 hotels,
332 3705 44 23 the
387 3704 143 24 committee
539 3707 83 29 grant-

83 3745 29 23 ed
124 3753 32 15 an
169 3744 129 24 extension
310 3744 40 23 till
379 3744 31 22 11
435 3744 100 30 o,clock.
571 3744 52 25 The

48 3795 4 4 -
84 3783 78 30 police
174 3782 114 30 reported
299 3782 55 23 that
373 3781 22 24 if
404 3782 71 24 there
497 3790 48 16 was
575 3791 49 23 any

80 3822 49 23 less
141 3819 169 23 drunkenness
322 3819 20 22 it
354 3826 48 16 was
423 3826 27 17 so
462 3819 64 24 little
549 3827 26 16 as
594 3822 30 21 to»

83 3856 31 25 be
125 3855 157 25 immeterial.
316 3855 14 24 I
341 3855 58 25 look
421 3855 105 25 forward
554 3857 26 24 to
609 3865 15 16 a

85 3895 84 24 dismal
183 3894 66 24 howl
268 3894 28 24 m
318 3894 44 24 the

87 3932 96 26 Several
209 3933 121 30 meetings
359 3932 27 24 of
400 3932 44 25 the
470 3933 55 24 cold
547 3935 77 23 water

68 3989 4 3 .
86 3970 130 24 advocates
228 3970 61 23 have
301 3970 61 23 been
384 3970 59 23 held
466 3971 25 22 to
515 3970 109 24 consider

85 4007 44 24 the
140 4007 60 24 New
212 4006 134 31 Licensing
358 4006 51 25 Bill
421 4007 29 24 T.
472 4007 32 24 E.
535 4007 89 31 Taylor

85 4045 89 24 lashed
184 4047 44 22 out
240 4044 35 24 all
287 4045 81 23 round
379 4043 28 25 m
417 4044 40 25 his
466 4045 57 24 well
534 4045 90 28 known

86 4085 69 29 style.
191 4083 51 24 The
271 4083 66 24 chief
370 4083 129 31 recipients
533 4085 27 24 of
584 4085 40 26 his

88 4122 109 24 slanders
210 4130 63 16 were
285 4122 94 24 Messrs
404 4123 107 30 Seddon,
536 4125 40 24 W.
595 4125 28 24 P.

48 4180 4 5 .
81 4162 108 28 JReeves,
203 4161 50 24 and
284 4161 39 25 W.
342 4161 51 26 W.
417 4163 96 25 Collins
526 4163 10 33 (
545 4164 79 25 Truth

48 4201 15 21 I
88 4201 81 29 please
197 4199 74 32 note)
282 4198 45 26 but
350 4200 43 24 the
421 4201 151 32 vapourings
600 4203 24 24 of

48 4231 8 9 *
88 4238 51 24 this
149 4238 110 30 political
282 4239 103 23 larrikin
408 4240 63 24 have
499 4241 125 30 disgusted

54 4299 6 14 i
89 4283 60 17 even
162 4275 38 24 his
220 4275 93 25 friends
341 4276 49 25 and
412 4276 63 25 have
503 4278 121 32 certainly

88 4314 121 32 damaged
219 4313 167 34 considerably
406 4314 45 26 the
476 4316 55 25 true
560 4318 64 24 tem-

89 4362 102 23 perance
202 4362 80 17 cause.

123 4394 73 25 Snow
208 4395 25 23 m
247 4394 148 31 September.
431 4395 45 26 We
499 4395 63 27 have
573 4396 51 26 had

89 4440 15 16 a
123 4433 89 29 perfect
223 4431 117 25 blizzard.
375 4432 60 32 Ugh
445 4434 5 23 !
472 4434 41 24 too
522 4433 56 26 cold
586 4437 38 22 for

88 4479 47 19 any
156 4479 68 16 more
241 4471 51 24 this
315 4471 76 24 week.

691 205 129 26 SCRAPS
840 205 97 26 FROM
954 207 81 26 FAIR
1058 208 100 25 PLAY.

691 292 38 24 Mr
744 317 4 2 .
764 292 148 30 Earnshaw,
953 295 42 24 the
1026 297 167 29 fin-de-siecle

657 336 105 23 colonial
774 336 94 24 edition
879 336 27 24 of
914 337 162 30 Robespierre
1099 339 27 23 of
1146 339 47 25 five

656 385 28 15 or
694 378 38 23 six
743 386 71 23 years
825 386 55 23 ago,
893 379 22 24 is
924 380 95 31 rapidly
1028 380 103 32 drifting
1141 382 52 24 into

656 428 14 14 a
694 428 73 23 smug
790 421 183 25 Conservative.
1009 423 40 23 He
1075 423 118 25 mistakes

656 463 103 30 egotism
782 463 39 24 for
848 463 192 31 independence,
1070 465 50 24 and
1147 466 46 23 has

656 505 64 25 been
732 513 26 18 so
770 506 124 25 be-fooled
905 506 33 32 by
950 507 43 25 the
1004 507 85 33 flimsy
1100 508 93 25 flatter-

655 548 37 26 ies
704 548 27 26 of
742 548 40 26 Sir
794 549 30 24 R.
846 549 73 26 Stout
932 550 56 25 that
1000 550 32 24 he
1054 550 47 26 has
1124 559 69 17 come

657 593 25 23 to
694 592 109 30 imagine
815 592 102 24 himself
935 600 46 16 one
1010 593 27 23 of
1057 593 44 24 the
1129 596 64 22 most

655 634 136 31 important
804 640 55 17 men
868 634 26 23 m
906 633 43 25 the
966 635 95 28 House,
1074 635 79 24 which
1165 636 28 23 he

655 676 22 25 is
689 684 57 24 very
762 675 38 26 far
811 675 62 26 from
884 675 81 33 being.
1002 677 32 25 At
1062 686 46 17 one
1136 679 57 24 time

656 720 39 24 his
707 720 121 31 ruggedly
840 721 131 31 expressed
990 721 151 25 detestation
1169 722 24 25 of

656 762 111 31 humbug
778 762 51 24 and
839 762 131 31 hypocrisy
990 771 51 17 was
1061 773 16 15 a
1088 765 105 30 genuine

657 807 70 26 treat,
741 804 43 24 but
796 805 71 23 tHere
878 806 21 23 is
912 813 15 15 a
943 806 64 24 false
1035 806 57 31 ring
1120 807 73 24 about

655 848 39 25 his
707 847 156 26 Democratic
875 848 149 25 sentiments
1047 849 26 24 of
1099 849 94 32 to-day,

657 893 48 24 and
716 893 32 24 he
759 892 22 25 is
793 892 128 32 gradually
932 892 128 32 becoming
1082 901 16 16 a
1125 901 68 17 mere

657 937 51 23 tool
718 936 27 23 m
757 935 42 24 the
811 935 81 24 hands
904 935 25 24 of
937 935 78 24 clever
1022 936 170 30 wire-pullers.

659 978 73 24 Some
744 977 47 30 day
803 976 43 25 the
863 977 116 24 Dunedin
1007 978 107 24 workers
1143 978 50 24 will

630 1039 2 5 ,
656 1020 67 24 wake
734 1027 33 23 up
779 1019 50 25 and
841 1019 94 25 tumble
947 1020 41 24 Mr
1008 1020 141 25 Earnshaw
1161 1020 32 25 off

630 1077 2 14 :
656 1063 40 25 his
708 1072 23 23 p/
738 1064 67 23 esent
816 1062 111 32 pedestal
939 1063 60 24 with
1012 1070 27 17 as
1054 1063 65 25 little
1132 1072 61 15 com-

656 1107 119 31 punction
786 1114 28 17 as
826 1114 15 16 a
853 1114 58 16 man
932 1107 117 30 squashes
1078 1114 15 17 a
1120 1114 73 23 noisy

656 1149 146 31 mosquieto.
837 1149 65 24 That
914 1149 47 31 day
972 1150 22 23 is
1018 1151 43 23 not
1084 1149 38 24 far
1145 1150 48 24 dis-

656 1194 63 22 tant.

630 1241 2 6 1
835 1246 14 13 #
873 1251 2 2 •
926 1246 14 13 #
1019 1246 15 14 *
1114 1246 14 14 *

688 1295 31 24 R.
740 1294 25 25 S.
786 1294 105 30 Suiythe
902 1295 22 23 is
940 1294 100 31 putting
1056 1294 56 31 puff
1120 1303 72 22 para-

655 1337 91 30 graphs
781 1336 75 23 about
878 1336 149 31 concerning
1049 1344 32 15 an
1099 1336 94 31 alleged

654 1378 153 33 prospective
824 1378 59 25 visit
911 1379 65 24 from
1005 1378 73 25 Mark
1107 1379 86 24 Twain

655 1427 58 19 next
724 1430 66 21 year.
826 1421 72 24 Mark
910 1423 59 22 used
989 1423 26 23 to
1044 1421 29 25 be
1092 1430 14 15 a
1135 1430 58 22 very

654 1464 80 30 funny
746 1463 113 28 lecturer,
873 1463 44 23 but
928 1463 41 24 it's
981 1463 61 30 long
1065 1463 60 24 odds
1138 1463 55 24 that

654 1505 52 26 he's
718 1514 33 16 no
762 1505 63 31 good
837 1513 63 22 now,
914 1513 27 16 or
953 1505 32 24 he
997 1505 119 24 wouldn't
1127 1506 66 24 wa*?t

654 1550 26 23 to
708 1548 58 25 visit
794 1548 70 24 these
898 1548 118 25 colonies.
1063 1548 128 30 However,

630 1609 2 6 ,
655 1592 63 24 after
730 1592 126 30 Talmage,
870 1600 36 16 we
924 1599 47 16 can
998 1592 46 30 put
1072 1599 34 23 up
1137 1592 56 23 with

654 1634 130 31 anything.

720 1796 144 25 OXFORD
885 1796 92 24 ROAD
1001 1796 123 25 BOARD.

687 1889 61 23 This
776 1888 83 24 Board
887 1888 58 23 held
980 1888 66 24 their
1075 1888 115 31 ordinary

652 1927 108 30 meefciug
788 1933 33 17 on
850 1926 44 24 sth
923 1926 60 25 inst.
1018 1926 42 25 Mr
1082 1926 109 25 Hawker

652 1965 128 23 chairman
791 1964 50 23 and
853 1964 34 23 all
898 1964 125 24 members
1047 1968 109 26 present.

685 2003 108 23 Minutes
805 2001 27 25 of
839 2002 48 24 last
905 2001 110 31 meeting
1040 2009 65 18 were
1132 2001 59 24 read

652 2040 50 24 and
711 2039 145 25 confirmed.

686 2078 72 24 Clerk
770 2077 113 30 reported
902 2076 55 25 that
969 2077 32 23 he
1018 2076 51 24 had
1081 2076 71 24 made
1176 2085 14 15 a.

651 2125 88 22 survey
750 2116 26 23 of
786 2116 42 24 the
840 2116 119 30 proposed
970 2116 58 30 loop
1037 2119 74 21 water
1122 2123 67 17 races

651 2163 31 16 on
695 2154 43 25 the
751 2154 66 25 View
846 2153 55 25 Hill
927 2153 98 32 Village
1049 2153 141 26 settlement

652 2193 49 24 and
712 2192 32 25 he
754 2192 130 25 estimated
897 2192 54 25 that
976 2192 42 24 the
1035 2199 55 17 race
1102 2199 30 17 on
1146 2192 44 24 the

651 2232 109 25 Eastern
773 2232 52 24 side
837 2232 82 23 would
942 2233 53 22 cost
1008 2232 53 23 £21
1082 2232 43 23 14s
1143 2232 47 23 and

652 2272 42 23 the
709 2271 112 24 Western
834 2278 47 16 one
894 2271 63 27 £14,
983 2272 9 14 7

684 2308 82 25 Board
776 2309 52 24 will
839 2309 54 30 give
906 2307 42 25 the
970 2309 98 23 settlers
1088 2308 100 31 permis-

651 2350 55 24 sion
718 2351 26 23 to
756 2351 126 23 construct
892 2349 55 31 loop
959 2356 76 22 races,
1057 2348 94 32 subject
1164 2351 25 22 to

650 2388 43 24 the
704 2388 103 24 Board's
819 2387 125 30 approval.
972 2409 2 1 .
1002 2401 3 3 •

684 2425 40 23 Mr
747 2424 149 24 O'Halloran
910 2424 127 31 requested
1052 2423 43 24 the
1106 2423 84 23 Board

650 2464 25 23 to
692 2462 98 31 shingle
802 2462 43 24 the
858 2461 120 25 Junction
999 2461 79 24 Road.
1115 2460 74 26 Clerk

650 2504 26 22 to
689 2509 102 24 arrange
812 2500 59 25 with
894 2501 61 24 him.

684 2540 41 25 Mr
736 2540 101 30 Ingram
850 2539 129 31 requested
999 2539 55 24 that
1072 2539 43 24 the
1127 2539 61 24 foot-

649 2580 62 30 path
724 2580 48 23 and
784 2579 117 30 drainage
913 2578 29 23 be
962 2579 118 23 attended
1110 2580 25 22 to
1148 2586 41 22 op-

650 2619 79 31 posite
741 2620 99 30 cottage
856 2626 61 17 near
941 2617 139 33 Saleyards.
1118 2617 72 25 Clerk

650 2659 26 23 to
689 2657 87 26 attend
787 2659 25 23 to
828 2657 28 24 it.

685 2697 53 23 The
751 2695 178 24 embankment
941 2697 27 22 at
986 2695 44 24 the
1041 2702 78 23 upper
1144 2696 46 24 end

651 2735 27 25 of
687 2735 70 32 High
783 2734 81 26 Street
876 2742 50 17 was
938 2734 139 32 dangerous
1090 2735 49 24 and
1153 2744 36 16 re-

652 2775 87 32 quired
757 2775 78 24 about
858 2775 30 23 11
915 2775 86 24 chains
1029 2774 26 24 of
1080 2775 109 32 fencing.

652 2814 127 24 Deferred.
933 2814 9 25 '.

685 2852 58 24 Had
755 2851 102 25 ordered
869 2853 15 23 (3
907 2850 102 25 bushels
1026 2851 28 24 of
1073 2852 117 30 poisoned

652 2893 71 30 grain
734 2892 63 24 from
809 2891 95 25 Brooks
916 2899 28 16 as
953 2892 67 23 there
1028 2899 49 16 was
1086 2899 15 16 a
1113 2891 78 32 heavy

652 2932 115 24 demand.
805 2931 134 30 Approved.

828 2970 184 24 Deputations.

685 3010 40 23 Mr
736 3009 97 24 Lawrie
845 3008 75 24 asked
932 3008 42 25 the
1004 3008 103 24 Board's
1136 3016 54 23 per-

653 3047 98 24 mission
763 3049 26 22 to
813 3048 65 23 erect
901 3055 15 16 a
939 3048 98 29 cottage
1060 3054 32 16 on
1117 3048 74 22 waste

651 3085 59 24 land
722 3086 110 30 opposite
842 3085 42 24 Mr
896 3085 101 23 Barns's
1007 3087 26 21 at
1045 3085 70 23 View
1127 3085 62 23 Hill.

652 3122 118 25 Granted.

685 3160 40 25 Mr
737 3160 86 24 Duder
845 3159 75 25 asked
937 3159 44 24 the
1000 3159 81 25 Board
1106 3160 26 23 to
1144 3160 46 23 im-

650 3209 75 24 prove
738 3201 40 24 the
791 3200 124 31 drainage,
937 3199 113 32 adjacent
1124 3200 64 29 laud,

650 3241 65 25 from
744 3240 68 24 Main
842 3240 71 24 Bush
954 3240 60 24 road
1041 3241 27 23 to
1102 3240 86 26 outlet.

651 3282 71 24 Clerk
736 3285 25 20 to
769 3282 89 29 report.

684 3322 40 24 Mr
758 3320 126 30 Mc'Carty
911 3319 91 24 offered
1015 3320 48 23 .£1
1087 3318 38 24 for
1147 3318 44 24 the

650 3359 100 23 Timber
762 3365 31 16 on
814 3358 145 28 Mounsey's
982 3356 69 24 road.
1087 3356 102 30 Accept-

650 3396 37 25 ed.

684 3435 22 23 A
718 3433 144 31 deputation
875 3432 26 25 of
911 3431 111 31 working
1033 3440 59 16 men
1101 3431 89 24 waited

650 3480 32 15 on
694 3472 42 23 the
749 3470 82 24 Board
843 3470 48 24 and
901 3469 77 25 asked
1000 3469 21 24 if
1030 3470 21 23 it
1062 3476 51 17 was
1125 3469 66 23 their

650 3511 122 24 intention
786 3510 26 25 of
823 3509 87 32 taking
934 3509 136 32 advantage
1096 3508 25 24 of
1148 3508 41 24 the

650 3551 64 25 offer,
734 3550 27 26 of
771 3551 41 24 Ul9
825 3549 170 25 Government
1016 3548 32 31 by
1059 3549 106 30 sending
1176 3556 15 16 a

650 3597 57 17 sum
719 3589 27 25 of
757 3596 86 23 money
857 3591 26 21 to
912 3588 42 24 the
978 3587 142 25 Charitable
1143 3587 48 23 Aid

745 3626 59 24 with
816 3634 15 15 a
851 3626 63 24 view
926 3625 27 24 of
963 3625 96 31 getting
1081 3626 42 23 the
1135 3625 55 23 sub-

650 3664 54 31 sidy
734 3663 101 24 offered.
872 3662 81 25 Board
971 3662 71 25 could
1077 3663 45 23 not
1150 3669 41 17 see

650 3703 65 24 their
729 3711 53 23 way
794 3703 67 24 clear
872 3704 26 23 to
916 3703 32 24 do
957 3711 34 16 so.

685 3741 223 31 Correspondence:
910 3756 33 3 —
943 3741 77 24 From
1029 3740 39 24 Mr
1080 3740 29 25 R.
1119 3740 69 24 Bow-

650 3787 59 16 man
721 3779 105 31 offering
838 3781 26 22 to
875 3779 69 24 work
952 3779 43 24 the
1004 3779 105 23 Board's
1121 3778 70 24 Road

650 3817 75 23 roller
736 3817 61 23 with
815 3816 40 24 his
878 3817 116 23 traction.
1030 3816 126 23 Deferred.

683 3854 77 25 From
773 3854 41 23 Mr
838 3853 176 25 Summerfield
1037 3852 90 33 asking
1150 3852 40 25 his

652 3903 72 16 name
737 3896 25 23 to
774 3894 31 24 be
816 3894 88 31 placed
916 3902 33 16 on
961 3896 43 22 the
1016 3893 49 25 roll
1075 3893 38 25 for
1124 3892 65 26 Sect.

652 3935 31 23 29
695 3935 27 23 m
734 3934 47 24 lieu
791 3934 27 24 of
824 3934 25 23 J.
868 3934 89 30 Koing.

685 3972 77 24 From
774 3971 40 23 Mr
837 3970 114 24 Burrows
975 3969 170 32 complaining
1167 3968 24 25 of

651 4010 98 32 shingle
760 4009 92 31 having
863 4008 64 25 been
938 4009 75 24 taken
1028 4009 65 23 from
1105 4007 85 32 along-

652 4049 52 25 side
716 4049 41 24 his
768 4054 121 26 property.
925 4047 72 26 Clerk
1009 4047 53 26 will
1072 4049 46 30 put
1130 4055 34 23 up
1176 4055 15 16 a

652 4087 89 25 notice.

684 4125 76 23 From
772 4131 16 17 a
798 4122 108 26 number
917 4123 27 24 of
950 4124 142 31 ratepayers
1102 4122 89 31 asking

652 4162 82 24 Board
746 4164 26 22 to
784 4161 98 32 shingle
901 4161 136 30 Boundary
1059 4160 61 24 road
1148 4167 39 24 op-

650 4202 81 31 posite
739 4202 95 26 .27370.
870 4200 129 25 Received.

685 4242 76 23 From
772 4240 44 24 the
827 4240 49 23 Lin
878 4240 70 24 wood
971 4238 120 30 Borough-

650 4280 34 24 cil
694 4288 31 16 re'
733 4279 58 32 plan
797 4278 141 26 .submitted
949 4277 33 31 by
1004 4277 71 25 them
1098 4277 26 24 to
1147 4275 43 26 the

651 4319 146 26 Charitable
811 4319 51 25 Aid
872 4318 85 26 Board
968 4326 27 17 as
1016 4318 26 24 to
1065 4317 42 25 the
1135 4315 56 25 best

650 4365 87 18 means
750 4358 26 25 of
784 4357 103 31 settling
898 4357 44 24 the
950 4364 59 23 poor
1020 4363 34 16 en
1063 4355 43 24 the
1117 4353 74 25 Land

650 4398 51 24 and
717 4398 89 32 asking
817 4397 50 26 this
880 4396 82 25 Board
975 4391 31 30 to*
1030 4395 69 24 unite
1127 4393 63 25 with

650 4435 71 25 them
732 4436 28 24 m
771 4432 114 34 pressing
896 4435 44 24 the
951 4434 93 24 matter
1054 4439 69 24 upon
1146 4430 44 25 the

650 4472 170 26 Government
831 4480 28 17 as
870 4473 21 24 it
907 4471 51 25 had
985 4471 53 24 met
1069 4468 60 26 with
1146 4468 44 24 the

1220 207 119 30 approval
1350 206 27 25 of
1386 206 44 25 the
1442 205 27 25 C.
1488 205 29 25 A.
1547 205 91 25 Board.
1673 203 84 25 Recei-

1221 245 54 26 ved.

1254 285 76 25 From
1351 287 44 23 the
1419 285 93 26 Oxford
1541 285 50 25 and
1613 284 70 26 View
1706 283 54 25 Hill

1221 323 198 31 Poundkeepers,
1432 327 96 21 returns
1548 323 38 25 for
1603 323 43 24 the
1658 321 99 25 month.

1254 361 125 23 Accounts
1391 362 25 22 to
1428 361 40 23 the
1481 361 104 23 amount
1597 359 26 25 of
1634 359 71 23 £155
1727 360 28 22 3s

1221 400 33 24 7d
1264 407 65 17 were
1340 400 88 30 passed
1440 399 37 24 for
1487 401 119 29 payment
1635 398 50 23 and
1713 397 44 25 the

1222 436 83 25 Board
1317 436 143 32 adjourned.

1294 562 404 32 CORRESPONDENCE.

1224 623 67 19 While
1301 629 38 13 our
1348 623 90 20 columns
1448 629 36 13 are
1490 629 52 19 open
1548 623 24 19 to
1582 624 32 19 all
1631 629 30 14 we
1680 625 26 18 do
1725 627 36 16 not

1249 649 91 26 identify
1345 650 102 19 ourselves
1451 650 52 19 with
1507 655 42 21 any
1553 650 97 25 opinions
1654 650 107 26 expressed

1249 686 87 22 therein.

1291 724 34 24 To
1337 725 37 23 the
1393 725 90 23 Editor
1494 727 31 26 of
1532 725 37 24 the
1593 729 6 10 '
1612 725 120 25 Observer.

1256 786 193 25 COWARDLY
1463 787 263 25 SNOWBALLING.

1257 872 51 25 The
1323 873 74 33 Otago
1409 874 78 31 Daily
1499 875 77 24 Times
1598 881 57 25 says
1666 882 5 16 :
1673 889 33 3 —
1708 873 53 26 The

1223 916 110 24 snowfall
1345 924 33 17 on
1391 916 124 32 Saturday
1524 917 50 24 and
1584 917 101 31 Sunday
1697 924 62 24 gave

1223 965 76 23 many
1308 958 28 23 of
1344 958 43 24 the
1398 958 116 25 larrikins
1527 966 32 17 an
1569 959 160 31 opportunity
1737 958 27 25 of

1221 1000 129 32 indulging
1362 1000 28 24 m
1402 1000 42 25 the
1462 1001 121 31 cowardly
1605 1001 108 32 practice
1736 1000 28 25 of

1223 1042 116 32 skulking
1350 1044 27 23 m
1401 1044 127 31 doorways
1551 1044 50 24 and
1613 1045 26 23 at
1661 1051 100 17 corners

1223 1087 50 24 and
1284 1087 119 30 assailing
1424 1088 141 30 passers-by
1593 1094 28 17 as
1649 1094 61 17 soon
1734 1094 27 17 as

1223 1129 60 24 theii
1297 1129 75 24 backs
1383 1137 64 17 were
1466 1129 99 24 turned.
1611 1130 102 23 Instead
1736 1129 27 24 of

1223 1172 133 33 partaking
1367 1173 26 24 m
1405 1173 44 24 the
1457 1172 184 25 old-fashioned
1652 1173 108 31 invigor-

1223 1216 68 31 ating
1303 1215 161 32 snowballing
1475 1216 64 32 fight
1551 1217 120 30 amongst,
1679 1216 82 25 them-

1223 1259 78 25 selves
1313 1268 33 15 on
1358 1267 69 17 some
1438 1261 97 23 vacant-
1541 1259 68 32 piece
1621 1260 26 24 of
1654 1259 105 32 ground,

1222 1302 68 23 these
1302 1302 92 30 youths
1405 1302 95 30 delight
1512 1302 27 23 m
1568 1301 128 31 attacking
1718 1302 40 23 de-

1221 1344 118 25 fenceless
1362 1351 110 23 persons,
1503 1351 61 18 even
1593 1351 94 18 women
1711 1344 51 24 and

1221 1387 113 24 children
1353 1388 45 24 not
1422 1388 124 31 escaping,
1560 1387 50 25 and
1627 1386 62 26 then
1701 1395 58 16 run-

1221 1432 60 28 ning
1292 1438 68 22 away
1371 1431 73 23 whan
1456 1438 48 23 any
1517 1431 106 29 attempt
1645 1430 22 24 is
1687 1430 74 24 made

1221 1473 26 23 to
1258 1471 119 25 retaliate.
1415 1471 74 26 Some
1501 1471 27 25 of
1537 1471 71 25 these
1619 1479 84 24 young
1710 1471 49 24 ruf-

1221 1513 63 25 fians
1297 1517 63 22 went
1372 1523 63 16 even
1446 1514 105 29 further,
1573 1515 50 24 and
1645 1514 115 25 attacked

1221 1557 76 24 dumb
1310 1558 114 25 animals.
1460 1557 22 24 A
1508 1557 66 26 band
1598 1558 26 25 of
1645 1557 76 26 about
1745 1565 15 17 a

1221 1601 78 24 dozen
1311 1601 60 31 boys
1379 1601 28 23 m
1418 1601 101 30 passing
1530 1601 71 24 down
1612 1600 68 25 York
1691 1601 68 30 place

1219 1643 82 31 pelted
1308 1643 59 25 with
1377 1643 133 25 snowballs
1518 1651 14 17 a
1544 1642 85 32 couple
1637 1642 27 26 of
1672 1642 86 26 horses

1221 1686 89 25 turned
1322 1689 43 22 out
1377 1688 26 23 to
1414 1686 57 31 pick
1484 1694 32 23 up
1528 1686 44 25 the
1588 1690 87 27 scanty
1686 1685 72 25 herb-

1220 1737 46 23 age
1277 1737 31 16 on
1319 1738 15 15 a
1342 1732 90 22 vacant
1440 1730 68 27 piece
1517 1730 26 24 of
1550 1729 104 31 ground.
1691 1729 69 24 Such

1221 1772 107 25 conduct
1340 1773 21 24 is
1369 1772 183 32 reprehensible
1564 1772 27 24 m
1599 1773 43 24 the
1650 1774 109 23 extreme

1219 1816 51 24 and
1281 1816 21 23 if
1311 1816 20 24 it
1343 1816 130 24 continues
1482 1818 26 22 to
1515 1824 75 23 grow,
1603 1816 20 24 it
1631 1816 23 23 is
1661 1816 98 24 evident

1219 1859 152 30 respectable
1382 1859 103 23 citizens
1497 1858 49 24 will
1558 1858 65 24 have
1645 1859 26 23 to
1694 1859 63 23 band

1219 1900 110 31 together
1340 1900 50 24 and
1418 1908 40 17 see
1471 1899 56 26 that
1550 1908 33 16 an
1601 1899 113 32 example
1736 1900 22 24 is

1219 1940 71 25 made
1301 1940 28 25 of
1337 1940 70 25 those
1417 1941 56 24 who
1487 1939 90 26 offend.
1612 1940 32 24 In
1656 1948 47 16 one
1720 1940 37 24 in-

1219 1985 85 23 stance
1317 1992 32 17 on
1369 1983 123 32 Saturday
1513 1992 18 17 a
1554 1983 126 26 butcher's
1700 1983 56 32 boy,

1218 2028 83 32 riding
1312 2028 81 25 round
1404 2029 38 24 for
1453 2028 92 31 orders,
1565 2028 52 25 had
1628 2028 40 25 his
1680 2028 78 25 cheek

1218 2072 75 30 badly
1304 2073 42 22 cut
1358 2072 51 24 and
1416 2072 40 24 his
1469 2079 42 23 eye
1523 2072 98 30 injured
1632 2072 33 31 by
1677 2080 15 15 a
1702 2079 56 23 very

1219 2113 60 25 hard
1289 2114 127 24 snowball.
1454 2114 52 24 The
1525 2114 84 24 victim
1632 2114 59 24 took
1713 2115 44 24 the

1218 2158 47 24 law
1276 2158 54 24 into
1342 2158 39 24 his
1393 2166 54 17 own
1460 2158 81 24 hands
1565 2158 51 24 and
1637 2158 120 24 adminis-

1219 2202 66 25 tered
1298 2202 162 31 pnnishment
1471 2202 57 25 that
1548 2202 23 25 is
1590 2202 78 31 likely
1679 2204 25 23 to
1729 2202 28 24 be

1218 2244 170 24 remembered
1399 2245 39 23 for
1450 2253 67 15 some
1529 2246 61 29 days
1601 2247 27 22 to
1640 2253 71 15 come
1724 2245 33 30 by

1218 2287 43 24 the
1278 2287 129 25 assailant.

1466 2343 34 15 «$,

1254 2380 47 28 Sir,
1303 2394 33 4 —
1338 2380 53 24 The
1411 2380 75 24 above
1498 2379 110 31 clipping
1619 2379 92 31 applies
1732 2382 26 21 to

1219 2422 43 24 the
1275 2422 92 24 Oxford
1379 2429 28 16 as
1420 2422 51 23 well
1483 2429 28 16 as
1527 2422 44 24 the
1594 2422 80 31 Otago
1696 2422 61 31 boys

1219 2465 48 24 and
1279 2464 14 24 I
1305 2464 90 25 should
1406 2464 48 24 like
1468 2465 25 24 to
1505 2471 69 19 warn
1586 2464 68 25 them
1677 2464 56 25 that
1744 2463 14 25 I

1219 2509 65 24 shall
1295 2510 83 23 resent
1389 2509 65 24 their
1470 2508 122 32 cowardly
1614 2508 106 25 conduct
1731 2508 26 24 m

1219 2560 68 17 same
1299 2561 54 21 way
1365 2559 27 17 as
1404 2552 43 24 the
1462 2552 104 25 butcher
1590 2552 46 31 boy
1659 2552 49 23 did.
1744 2552 15 23 I

1219 2595 62 24 have
1294 2603 32 16 no
1338 2594 120 31 objection
1475 2596 26 23 to
1524 2594 48 24 fair
1595 2594 164 31 snowballing

1219 2639 45 25 but
1276 2639 13 24 I
1298 2638 80 33 object
1390 2640 26 23 to
1430 2638 101 26 a,dozen
1538 2638 131 26 hoodbims
1678 2638 78 25 band-

1219 2684 44 30 ing
1273 2683 115 31 together
1399 2685 26 22 to
1437 2683 104 24 commit
1554 2690 14 17 a
1580 2683 66 24 cruel
1670 2682 87 25 assult.

1219 2725 70 26 Look
1301 2725 59 26 here
1372 2733 43 24 my
1444 2725 69 32 boys,
1544 2725 105 32 perhaps
1666 2733 49 24 you
1727 2725 31 24 do

1220 2772 43 22 not
1274 2770 71 24 know
1358 2770 59 24 that
1426 2770 62 24 such
1510 2770 120 31 cowardly
1653 2770 107 24 conduct

1220 2813 100 22 renders
1331 2820 47 21 you
1396 2812 74 23 liable
1500 2813 24 22 to
1550 2819 16 15 a
1594 2819 57 23 very
1680 2812 79 30 heavy

1221 2854 111 32 penalty.
1672 2866 2 2 ■

1273 2916 3 3 .
1487 2897 14 24 I
1514 2905 40 16 am
1568 2898 40 23 &c.

1564 2940 194 24 WHIPCOED.

1353 3080 113 25 BACON
1486 3080 165 24 CURING.

1254 3166 39 24 Mr
1305 3166 126 24 Edmund-
1437 3166 89 29 Baker,
1537 3165 27 26 of
1573 3165 151 29 Lancefield,
1733 3165 26 24 m

1220 3219 14 16 a
1243 3211 94 23 lecture
1348 3219 30 15 on
1392 3210 75 24 swine
1479 3210 120 31 recently,
1621 3210 26 23 m
1671 3209 88 32 regard

1221 3257 25 21 to
1258 3254 41 24 the
1311 3253 86 30 curing
1408 3253 27 24 of
1444 3252 86 30 bacon,
1556 3253 81 24 stated
1650 3252 55 25 that
1717 3253 42 24 the

1219 3296 42 32 pig
1273 3296 71 24 when
1356 3295 109 28 dressed,
1479 3295 87 24 should
1581 3293 30 26 be
1634 3295 68 31 hung
1724 3303 34 23 up

1220 3340 64 23 until
1296 3339 147 29 thoroughly
1462 3339 63 22 cold.
1562 3339 21 22 A
1605 3339 68 29 large
1685 3340 72 22 3cwt.

1219 3389 28 16 or
1259 3382 73 22 4cwt.
1345 3380 42 32 pig
1394 3380 81 24 would
1488 3380 58 23 take
1564 3380 33 23 48
1620 3380 74 24 hours
1716 3380 41 24 be-

1219 3424 52 24 fore
1283 3423 62 25 cold.
1380 3422 26 25 If
1415 3424 45 23 not
1472 3422 55 24 cold
1538 3423 21 24 it
1571 3422 50 25 will
1639 3425 42 22 not
1700 3422 59 25 take

1219 3467 42 24 the
1273 3467 49 24 salt
1345 3465 62 25 well.
1444 3465 47 24 Cut
1512 3465 42 23 the
1576 3466 43 29 pig
1642 3473 41 22 up,
1714 3464 44 24 rub

1219 3509 63 29 well-
1286 3509 62 25 with
1366 3508 54 30 salt,
1433 3508 37 25 let
1482 3507 43 25 the
1547 3507 78 25 brime
1647 3507 109 30 runoff;

1221 3553 40 24 the
1273 3553 126 29 following
1411 3551 47 31 day
1479 3551 46 24 rub
1550 3551 55 24 well
1634 3551 60 24 with
1718 3551 39 24 the

1219 3596 126 30 following
1352 3594 115 25 mixture:
1472 3608 31 4 —
1504 3594 53 25 41bs
1567 3593 55 30 salt,
1634 3593 52 25 lib.
1697 3594 61 24 dark

1219 3646 75 23 sugar
1306 3646 28 16 or
1353 3637 97 25 treacle,
1477 3636 50 24 and
1556 3636 53 23 2oz.
1618 3638 6 3 '
1635 3636 121 30 saltpetre.

1219 3682 72 24 Turn
1301 3680 44 25 the
1356 3679 98 25 flitches
1466 3687 70 23 every
1549 3678 47 32 day
1606 3687 5 21 ;
1625 3678 63 24 after
1699 3678 58 25 rub-

1219 3725 61 31 bing
1292 3725 68 24 them
1372 3723 63 28 well,
1447 3723 45 31 put
1505 3722 43 24 the
1560 3724 42 29 top
1620 3729 45 17 one
1677 3723 26 23 at
1715 3721 44 25 the

1219 3768 105 29 bottom,
1337 3767 93 31 adding
1443 3774 69 16 more
1524 3765 27 24 of
1557 3765 44 24 the
1613 3765 109 24 mixture
1733 3773 26 15 ss

1219 3810 114 31 required
1343 3819 6 20 ;
1369 3810 35 23 all
1416 3809 70 23 brine
1498 3809 66 22 must
1574 3808 31 23 be
1616 3807 105 24 allowed
1732 3810 27 21 to

1219 3853 72 25 dram
1303 3852 42 25 off.
1364 3851 21 25 A
1397 3851 43 32 pig
1452 3850 26 26 of
1485 3850 54 25 1501
1539 3850 27 25 b.
1578 3849 91 32 weight
1681 3849 77 33 ought

1219 3897 27 24 to
1258 3895 29 25 be
1299 3895 72 25 cured
1383 3894 56 25 well
1461 3894 28 24 m
1507 3894 69 24 three
1588 3893 89 25 weeks.
1735 3893 26 24 If

1219 3939 72 24 hams
1312 3946 41 16 are
1376 3937 76 25 taken
1473 3937 41 29 off,
1539 3936 74 24 make
1635 3937 124 24 sufficient

1219 3981 71 24 brine
1302 3981 25 24 to
1340 3979 60 26 float
1412 3987 32 16 an
1457 3987 46 23 egg
1515 3978 26 25 of
1552 3978 43 25 the
1607 3978 77 25 above
1696 3979 65 24 mix-,

1219 4026 55 23 ture
1286 4025 26 23 to
1324 4030 72 18 cover
1419 4022 70 25 them
1514 4021 62 25 well.
1613 4021 67 25 Take
1691 4022 68 32 large

1219 4068 74 24 hams
1304 4070 43 21 out
1359 4066 27 25 of
1395 4066 79 31 pickle
1487 4073 73 24 every
1581 4064 56 32 day,
1651 4065 50 25 and
1712 4064 47 26 rub

1219 4110 44 24 the
1275 4116 67 18 same
1365 4115 28 17 as
1421 4108 79 24 bacon
1523 4108 50 24 and
1600 4108 50 23 and
1672 4110 87 22 return

1219 4153 71 24 them
1299 4153 27 23 to
1337 4151 44 25 the
1392 4150 88 31 pickle,
1499 4150 60 31 they
1583 4150 50 24 will
1644 4149 30 25 be
1686 4151 73 24 cured

1218 4195 26 23 m
1257 4195 64 23 from
1333 4194 54 23 4to
1400 4195 14 22 5
1427 4193 90 24 weeks.
1552 4191 86 26 When
1661 4193 99 24 flitches

1219 4243 41 17 are
1271 4235 83 28 cured,
1366 4235 69 24 wash
1447 4235 51 24 and
1515 4235 47 31 dry
1582 4235 85 27 -them,
1692 4236 68 30 hang

1219 4278 70 25 them
1301 4285 33 23 up
1346 4278 26 24 to
1385 4276 30 25 be
1427 4276 104 26 smoked
1539 4287 6 21 ;
1564 4276 43 27 the
1619 4285 67 18 same
1700 4278 59 25 with

1218 4322 92 24 hams.'
1312 4336 34 3 —
1346 4322 181 24 Australasian.

1822 208 140 26 OXFORD
1997 210 167 25 WORKING
2187 210 104 26 MEN'S

2005 253 98 25 CLUB.

1822 337 53 25 The
1904 341 103 22 seventh
2035 341 161 29 anniversary
2228 341 26 23 of
2275 340 51 24 this

1788 380 56 23 club
1855 388 50 17 was
1917 381 137 25 celebrated
2065 382 32 31 by
2106 389 15 16 a
2134 385 16 11 ••
2162 382 59 25 Sain
2231 382 95 24 Weller

1790 417 87 31 Swary
1932 426 32 16 on
1992 419 90 31 Friday
2266 419 58 24 inst.

1789 459 79 24 There
1879 468 51 16 was
1946 469 16 15 a
1984 461 63 31 good
2070 462 156 23 attendance.
2273 461 53 25 The

1788 502 87 25 viands
1887 503 83 25 which
1981 512 41 17 are
2042 505 122 32 generally
2190 505 85 25 served
2299 506 27 24 at

1790 546 60 24 such
1863 554 15 16 a
2042 556 63 16 were
2117 548 111 31 supplied
2241 548 31 32 by
2284 548 42 25 the

1789 589 131 24 caretakei.
1956 590 53 24 The
2019 591 102 23 Trustee
2132 592 27 22 m
2166 591 41 23 his
2217 591 110 31 opening

1788 631 110 25 remarks
1909 632 189 31 complimented
2107 633 41 24 the
2159 633 122 24 Members
2294 641 32 16 on

1789 675 41 23 the
1842 675 135 25 successful
1988 675 111 26 business
2116 676 90 32 during
2217 676 42 25 the
2270 678 56 31 past

1788 725 58 23 year
1858 719 59 31 they
1928 719 50 24 had
1990 721 118 30 managed
2123 721 26 23 to
2162 722 37 22 set
2222 720 67 24 aside
2312 729 14 16 a

1789 769 56 16 sum
1858 761 27 24 of
1894 769 88 24 money
1993 763 27 23 to
2030 762 122 31 purchase
2171 763 39 23 the
2222 762 105 25 Billiard

1790 802 76 25 Table
1878 802 80 26 which
1969 804 83 24 would
2063 811 57 17 now
2148 805 30 23 be
2206 805 44 23 the
2272 812 54 23 pro-

1789 847 70 31 perty
1871 846 27 24 of
1905 846 43 24 the
1957 845 134 32 members,
2108 847 49 24 and
2169 847 59 25 with
2238 856 15 15 a
2264 847 63 25 little

1790 889 71 24 effort
1873 897 32 17 on
1917 889 66 24 their
1993 891 65 29 part,
2071 890 59 31 they
2141 890 82 25 would
2230 890 54 24 find
2293 898 34 17 no

1789 932 119 31 difficulty
1920 932 26 24 m
1958 933 91 30 raising
2073 933 120 24 sufficient
2204 933 76 24 funds
2301 932 26 25 to

1789 974 121 31 purchase
1931 982 27 16 or
1976 976 80 23 errect
2073 975 119 31 premises
2215 975 27 24 of
2263 975 64 24 their

1789 1024 63 23 own,
1865 1016 81 26 which
1958 1017 81 25 would
2049 1017 141 33 eventually
2202 1018 100 24 become
2312 1026 15 16 a

1788 1067 59 23 very
1855 1059 113 26 valuable
1979 1061 74 23 asset.

1824 1102 80 32 Songs
1916 1103 93 31 mostly
2023 1103 26 24 m
2070 1111 15 16 a
2097 1103 78 24 comic
2199 1103 55 24 vein
2277 1104 49 23 and

1790 1153 66 17 some
1872 1146 92 31 capital
1986 1146 116 30 speeches
2126 1146 33 31 by
2181 1146 41 24 the
2244 1154 84 24 young

1790 1188 115 26 bachelor
1925 1188 123 26 Members
2059 1190 28 24 of
2096 1189 43 25 the
2151 1189 56 25 club
2219 1189 108 32 brought

1789 1234 26 23 to
1827 1240 15 16 a
1854 1233 65 24 close
1931 1240 45 17 one
1997 1232 26 24 of
2044 1233 43 24 the
2110 1235 66 23 most
2199 1233 128 31 enjoyable

1789 1275 179 24 anniversaries
1981 1275 26 25 of
2016 1275 44 24 the
2077 1275 64 24 club.

1856 1429 402 25 WAIMAKARIRI-ASHLEY

1923 1468 276 24 WATER-SUPPLY

1822 1557 54 25 The
1888 1557 113 32 ordinary
2015 1559 110 31 meeting
2145 1559 27 25 cf
2182 1559 49 25 this
2243 1559 84 25 Board

1789 1604 47 16 was
1859 1596 59 23 held
1942 1604 33 16 on
1994 1596 131 31 Thursday
2147 1597 58 27 last,
2230 1597 35 24 all
2283 1597 43 24 the

1789 1632 124 25 members
1936 1634 108 30 present.
2079 1633 41 24 Mr
2135 1633 154 25 O'Halloran
2300 1634 26 24 m

1788 1671 43 24 the
1843 1671 84 24 Chair.
1963 1671 22 24 A
1997 1671 73 25 letter
2079 1679 47 18 was
2140 1672 110 25 received
2262 1672 64 25 from

1788 1711 92 24 Messrs
1905 1710 105 25 Garrick
2028 1712 52 28 &0.,
2126 1712 31 23 In
2180 1719 97 18 answer
2300 1713 26 24 to

1787 1751 72 24 letter
1871 1750 88 32 asking
1970 1751 38 25 for
2025 1751 98 31 opinion
2141 1760 25 17 as
2178 1754 25 22 to
2215 1751 111 26 wnether

1788 1796 15 17 a
1811 1789 91 30 special
1910 1789 93 24 district
2015 1789 72 24 could
2096 1789 30 24 be
2135 1789 96 25 formed
2239 1790 85 25 within

1787 1836 16 16 a
1816 1828 52 25 Sub
1889 1828 102 29 district,
2010 1829 50 24 and
2078 1837 109 23 nionney
2199 1829 127 25 borrowed

1788 1868 84 23 ontne
1884 1867 108 30 security
2004 1867 28 24 of
2048 1868 43 23 the
2115 1869 92 29 special
2229 1869 97 24 district

1787 1905 51 25 and
1850 1906 88 31 asking
1949 1907 38 24 for
1998 1906 97 26 further
2105 1907 169 25 information.

1820 1946 54 25 The
1887 1946 138 25 Chairman
2047 1947 132 31 explained
2202 1947 56 25 that
2281 1947 44 25 the

1786 1984 114 31 required
1927 1984 163 25 information
2109 1984 49 24 had
2186 1984 62 25 been
2276 1984 47 25 for-

1787 2024 104 24 warded.
1910 2024 86 26 .With
2014 2024 121 25 reference
2156 2025 26 25 to
2194 2033 14 15 a
2230 2027 95 29 protest

1785 2064 66 24 from
1864 2071 14 17 a
1890 2064 145 24 landholder
2046 2064 98 31 against
2155 2065 44 23 the
2221 2064 104 24 Board's

1785 2099 115 34 proposal
1912 2104 26 22 to
1951 2103 58 23 take
2027 2104 76 22 water
2122 2102 65 24 from
2212 2102 113 32 Cooper's

1787 2139 84 31 Creek,
1884 2140 44 26 the
1938 2139 84 26 Board
2032 2140 101 25 decided
2154 2142 26 23 to
2203 2142 66 24 meet
2273 2140 5 13 ;
2292 2140 33 26 all

1786 2180 133 25 interestad
1941 2180 93 32 parties
2051 2189 31 16 on
2107 2180 42 25 the
2171 2181 98 31 ground
2293 2189 30 16 on

1786 2220 130 32 Thursday
1936 2224 60 21 next
2007 2220 44 24 the
2064 2220 61 24 13th
2135 2222 50 23 inst
2197 2222 26 23 at
2235 2222 15 22 2
2262 2229 61 23 p.m.

1787 2259 25 22 to
1821 2257 114 24 consider
1945 2259 105 22 matters
2062 2257 27 24 m
2102 2258 145 23 connection
2265 2259 60 23 with

1785 2295 44 24 the
1843 2294 114 25 Scheme.

1820 2335 40 24 Mr
1872 2335 32 24 D.
1922 2334 89 25 Buddo
2022 2337 77 23 wrote
2111 2336 94 30 stating
2213 2335 56 25 that
2281 2335 44 24 the

1785 2374 72 24 Loan
1874 2373 50 25 Bill
1936 2373 51 24 had
1999 2374 87 30 passed
2097 2373 43 25 the
2152 2375 75 23 lower
2239 2374 84 24 House

1778 2433 2 3 .
1787 2410 49 24 and
1858 2410 57 24 that
1926 2411 30 23 he
1984 2410 52 24 had
2065 2411 73 30 given
2166 2410 115 24 evidence
2298 2411 27 23 m

1786 2450 102 29 support
1900 2447 27 25 of
1947 2448 44 24 the
2008 2448 51 24 Bill
2071 2448 83 24 before
2183 2448 41 24 the
2253 2448 72 25 Com-

1785 2492 88 24 mittee
1884 2491 27 26 of
1926 2491 44 25 the
1981 2492 152 31 Legislative
2145 2492 113 26 Council,

1819 2532 53 25 The
1894 2532 127 31 Engineer
2039 2533 62 31 (Mr
2113 2554 3 2 .
2128 2532 113 25 Webster
2250 2533 9 32 )
2289 2541 35 15 re-

1787 2570 84 31 ported
1884 2571 53 23 that
1949 2578 15 16 a
1976 2570 63 30 good
2067 2570 135 24 formation
2219 2570 39 24 for
2281 2570 44 24 the

1786 2609 58 24 dam
1855 2608 28 25 m
1895 2608 109 31 Coopers
2017 2608 78 25 Creek
2107 2608 47 24 had
2173 2608 63 25 been
2248 2608 77 25 found

1786 2651 26 22 at
1824 2656 15 17 a
1850 2648 76 32 depth
1938 2648 28 25 of
1976 2649 31 24 12
2019 2648 49 25 feet
2079 2649 65 24 from
2162 2649 44 24 the
2229 2648 96 25 surface

1785 2687 65 24 level
1861 2687 27 26 qf
1898 2687 42 24 the
1953 2687 76 24 Creek
2041 2688 48 23 and
2102 2687 56 24 that
2170 2687 156 31 satisfactory

1785 2734 114 23 progress
1928 2726 50 25 had
2009 2726 60 25 been
2098 2727 73 25 made
2200 2727 60 24 with
2283 2727 42 24 the

1788 2765 103 31 Survey.

1822 2803 52 22 The
1898 2803 81 23 Board
1996 2803 131 30 expressed
2156 2803 118 30 approval
2302 2802 27 24 of

1787 2839 44 25 the
1843 2843 66 21 work
1930 2840 64 24 done
2011 2840 50 24 and
2089 2840 70 27 after,
2170 2840 156 31 transacting

1788 2878 113 24 business
1913 2878 27 24 of
1956 2887 15 15 a
1999 2878 98 25 routine
2126 2879 129 24 character
2283 2878 43 24 the

1788 2916 110 31 meeting
1909 2917 157 24 terminated.

1788 3077 190 56 LOCAL
2002 3077 35 56 and
2056 3078 270 55 GENERAL

1788 3162 106 23 Baptist
1907 3160 111 26 Chubch.
2020 3175 33 4 —
2055 3160 38 25 On
2105 3160 92 32 Friday
2220 3160 106 32 evening

1787 3205 97 31 August
1896 3206 64 28 31st,
1974 3213 14 16 a
2002 3205 97 24 Service
2111 3205 27 24 of
2145 3204 69 32 Song
2221 3205 104 24 entitled

1877 3248 149 25 Californian
2181 3255 48 18 was
2253 3249 71 31 given

1785 3292 27 24 m
1823 3292 43 24 the
1877 3292 99 31 Baptist
1988 3291 92 25 church
2098 3290 64 25 East
2175 3290 93 26 Oxford
2291 3290 33 33 by

1787 3336 43 23 the
1842 3335 293 30 Hdrrelvill.e,Wrsleyan
2148 3334 95 24 church
2255 3335 70 23 choir

1786 3377 138 31 consisting
1942 3377 26 23 of
1978 3375 85 25 »about
2086 3378 93 29 twenty
2200 3376 125 24 members

1787 3419 104 25 assisted
1901 3419 33 31 by
1946 3419 62 24 Mrs
2018 3419 95 24 Gabbie
2122 3419 27 24 of
2157 3419 171 31 Southbridge

1786 3459 49 24 and
1863 3459 62 24 Miss
1955 3459 84 24 Twose
2067 3459 26 23 of
2134 3459 100 24 Oxford.
2271 3459 54 24 The

1786 3501 95 24 church
1893 3502 72 30 being
1976 3500 108 25 crowded
2102 3508 33 17 on
2145 3500 43 25 the
2201 3502 122 24 occasion.

1787 3545 50 23 The
1849 3544 92 24 service
1954 3552 47 16 was
2013 3546 66 22 most
2094 3544 109 31 pathetic
2215 3546 47 22 and
2286 3545 38 23 in-

1786 3587 124 29 structive,
1924 3587 50 24 and
1985 3588 37 24 for
2035 3595 33 16 an
2079 3587 65 24 hour
2155 3587 51 25 and
2229 3595 15 17 a
2267 3588 59 25 half

1786 3630 41 23 the
1834 3629 69 24 choir
1915 3629 56 30 kept
1983 3629 44 23 the
2038 3629 119 24 audience
2166 3630 158 30 spell-bound

1786 3671 53 24 The
1866 3671 100 31 singing
1989 3678 50 18 was
2058 3672 160 30 pronounced
2246 3675 26 22 to
2296 3673 29 24 be

1786 3714 96 32 superb.
1919 3713 52 25 The
1983 3714 143 25 connective
2137 3715 115 31 readings
2265 3723 60 17 were

1785 3759 73 30 given
1867 3758 32 30 by
1907 3758 40 23 Mr
1954 3758 31 23 E.
1995 3757 85 25 Twose
2090 3758 27 24 of
2127 3758 71 24 West
2207 3759 115 30 Eyreton.

1787 3801 40 23 Mr
1834 3801 106 23 Twose's
1951 3800 115 30 readings
2079 3808 42 16 are
2132 3801 93 29 always
2248 3801 78 24 much

1786 3842 161 32 appreciated,
1961 3842 44 25 but
2027 3850 37 17 we
2075 3850 74 17 never
2172 3843 77 24 heard
2271 3843 54 25 him

1786 3886 56 24 read
1855 3894 27 16 so
1894 3885 138 32 effectively
2043 3894 27 16 as
2092 3894 31 17 on
2147 3886 93 32 Friday
2252 3895 72 17 even-

1785 3930 50 30 ing.
1873 3929 115 24 Towards
2002 3930 40 23 the
2054 3929 65 25 close
2131 3930 27 23 of
2183 3929 44 25 the
2251 3933 75 21 meet-

1787 3972 43 31 ing
1841 3971 41 24 Mr
1902 3970 85 25 Twose
2004 3979 32 16 on
2048 3970 87 25 behalf
2145 3972 26 24 of
2192 3972 43 24 the
2258 3972 68 25 choir

1787 4013 144 25 announced
1943 4013 56 25 that
2025 4013 41 25 the
2094 4014 116 31 proceeds
2234 4015 28 23 of
2284 4015 42 25 the

1787 4057 92 25 service
1890 4057 83 25 would
1984 4057 31 24 be
2026 4057 74 31 given
2112 4065 27 17 as
2160 4066 15 16 a
2203 4057 76 26 token
2302 4059 27 24 of

1787 4102 95 29 respect
1893 4101 26 22 to
1931 4099 40 24 Mr
1983 4099 128 31 Wagstaff
2126 4100 42 23 the
2190 4100 89 25 Pastor
2301 4102 27 23 of

1787 4142 43 25 the
1865 4141 108 26 Church.
2025 4141 63 26 This
2127 4147 200 21 announcement

1787 4193 70 17 came
1868 4193 28 16 as
1908 4193 15 16 a
1934 4186 70 30 great
2017 4185 109 30 surprise
2138 4188 26 21 to
2184 4185 43 24 the
2238 4185 89 25 Pastor

1787 4236 29 16 as
1827 4228 31 23 he
1869 4227 50 23 had
1930 4229 46 21 not
2004 4228 42 22 tha
2074 4227 115 30 slightest
2204 4227 57 24 idea
2271 4228 56 24 that

1787 4267 43 25 the
1842 4266 91 24 service
1945 4266 51 24 had
2008 4265 62 25 been
2082 4271 44 26 got
2146 4273 34 23 up
2191 4273 28 17 as
2236 4274 16 16 a
2263 4275 64 17 com-

1789 4310 104 33 pliment
1903 4311 26 23 to
1938 4308 109 31 himself,
2059 4308 33 25 he
2109 4308 73 32 being
2193 4309 80 25 under
2284 4309 44 26 the

1788 4353 145 32 inrpression
1945 4353 56 24 that
2010 4352 32 24 he
2054 4351 51 25 and
2116 4351 41 25 his
2165 4351 91 25 friends
2265 4361 63 16 were

1788 4393 75 30 doing
1875 4391 63 24 their
1950 4389 56 26 best
2018 4388 111 28 tolma-ke
2138 4389 44 25 the
2309 4396 20 20 &

1789 4436 97 19 success
1898 4435 28 18 as
1938 4435 15 17 a
1964 4428 89 24 benefit
2065 4429 26 23 to
2115 4427 42 24 the
2180 4427 149 27 Horrelville

1788 4468 102 28 friends,
1900 4467 38 23 for
1948 4466 67 24 their
2025 4466 114 24 valuable
2156 4466 135 26 assistance
2303 4470 26 22 at

2353 214 46 17 our
2423 209 21 23 .'•
2454 207 74 24 Band
2561 207 27 25 of
2625 207 72 33 Hope
2761 208 128 33 meetings.

2353 245 70 24 After
2433 246 131 30 returning
2574 245 91 25 thanks
2683 248 25 23 to
2720 246 44 25 the
2783 247 107 25 Visitors

2352 284 38 25 for
2418 285 65 26 their
2511 285 147 31 generosity,
2687 286 60 32 they
2764 294 63 17 were
2847 295 42 16 en-

2353 325 123 23 tertained
2485 325 59 24 with
2556 325 76 24 coffee
2644 326 40 29 &c,
2698 326 78 23 which
2783 326 107 31 brought

2353 368 53 27 to_a
2418 367 64 24 close
2494 375 13 15 a
2519 374 59 24 very
2596 367 127 31 enjoyable
2740 369 115 29 meeting.

2387 418 172 25 Football.—
2560 419 22 23 A
2593 419 88 24 Match
2700 420 49 25 will
2759 420 31 25 be
2801 421 89 31 played

2353 469 32 16 on
2399 461 123 32 Saturday
2542 462 130 26 afternoon
2683 465 25 21 at
2731 464 14 23 3
2757 471 24 24 p.
2801 471 34 17 m.
2847 463 42 25 be-

2354 505 78 24 t.veen
2444 504 43 25 the
2500 504 62 26 Club
2580 505 48 25 and
2667 505 147 27 Wanderers
2849 506 41 26 the

2353 546 127 32 following
2491 548 50 24 will
2559 548 55 31 play
2626 548 40 25 for
2685 549 44 25 the
2740 549 64 25 club.
2839 549 50 25 Me.

2355 590 90 28 Grath,
2469 591 90 24 Harles
2573 591 45 32 (3),
2643 591 104 28 Gorton,
2773 592 116 29 Sheldon,

2354 632 116 32 Aldridge
2484 633 9 32 (
2502 634 15 23 2
2525 633 9 33 )
2547 633 107 30 Hunter,
2663 633 127 30 Prichard,
2799 634 92 25 Brown

2533 676 95 30 Bluett,
2663 677 120 29 Pearson,
2809 677 81 26 Bour-

2354 720 76 30 geois.
2461 720 3 12 :
2465 720 55 24 The
2545 720 127 31 following
2694 720 52 26 will
2766 722 125 29 represent

2354 762 44 24 the
2420 762 157 28 Wanderers,
2606 762 70 31 Kyde
2687 762 45 31 (2\
2764 762 127 26 Summer-

2353 803 60 23 field
2425 803 45 32 (3),
2498 804 108 30 Hooper,
2637 803 108 30 Cleaver,
2774 804 116 30 Hawker,

2355 845 75 33 King,
2449 845 91 32 Blank,
2559 846 71 26 Grim
2631 847 82 26 woods
2726 847 47 33 (2),
2790 848 100 30 Woods,

2357 889 148 32 Higginson,
2515 890 111 32 Doodey.
2635 891 162 32 Emergency,
2806 892 86 24 Marsh

2388 946 109 24 Health
2519 948 61 22 Tea.
2581 962 33 3 —
2616 947 34 24 As
2661 948 51 24 will
2726 950 30 22 be
2780 955 58 17 seen
2861 950 30 29 by

2355 984 31 23 ad
2388 985 146 23 vertisraent
2547 985 134 30 appearing
2699 986 28 23 m
2749 986 51 23 this
2816 986 75 29 issue,

2356 1024 41 23 Mr
2409 1024 21 23 F
2432 1040 8 12 9
2458 1024 40 24 W.
2516 1024 142 24 Waterman
2668 1025 26 23 of
2705 1024 52 25 this
2767 1026 69 23 town
2846 1024 47 25 has

2355 1061 63 24 been
2426 1061 134 31 appointed
2569 1061 66 25 local
2644 1063 75 29 agent
2727 1061 39 24 for
2774 1062 118 24 'Health'

2355 1101 59 28 Tea,
2426 1109 14 15 a
2451 1108 56 17 new
2519 1101 78 23 brand
2610 1100 28 24 of
2646 1101 107 24 blended
2766 1103 38 22 tea
2814 1102 79 23 which

2353 1138 138 31 has.lately
2501 1137 63 25 been
2576 1141 45 28 put
2634 1145 32 17 on
2689 1139 44 24 the
2740 1138 71 26 -New
2830 1141 63 22 i^ea-

2354 1174 61 30 l&n'd
2431 1177 106 28 market.
2560 1178 73 24 ■This
2654 1179 40 23 tea
2716 1179 55 27 has,
2792 1186 37 21 w,e
2852 1186 44 16 are

2354 1215 132 29 informed,
2498 1217 52 23 met
2561 1216 63 24 with
2635 1224 21 16 a.
2661 1216 161 24 tremendous
2842 1216 52 24 sale

2354 1254 28 24 m
2392 1254 133 24 -Australia
2534 1254 50 24 and
2595 1255 122 26 wherever
2728 1254 21 24 it
2759 1254 51 26 has.
2830 1254 63 24 been

2354 1292 147 23 introduced
2535 1292 55 23 into
2624 1289 50 26 this
2708 1292 96 30 colony.
2840 1292 53 23 The

2355 1338 98 20 success
2465 1330 45 24 has
2521 1330 63 24 been
2597 1338 32 16 an
2641 1330 167 31 unparalleled
2828 1338 47 16 one
2886 1338 5 15 :

2388 1386 149 25 Influenza.
2540 1400 27 3 —
2573 1386 62 24 Now
2654 1385 49 25 ibis
2733 1385 118 31 epidemic
2870 1386 23 25 is

2355 1429 131 30 becoming
2495 1428 128 31 prevalent
2632 1435 36 16 we
2680 1428 112 30 strongly
2802 1435 90 16 recom-
2898 1446 2 2 -

2355 1469 71 25 uiend
2439 1470 43 24 the
2493 1470 49 24 free
2554 1478 44 16 use
2609 1470 28 24 of
2646 1470 122 31 Platypus
2775 1470 84 24 Brand
2868 1470 27 24 of

2354 1514 154 31 Eucalyptus
2523 1512 124 26 Globulus
2675 1513 112 28 Extract,
2816 1513 75 24 taken

2355 1565 66 23 upon
2444 1564 74 24 sugar
2547 1564 27 17 or
2593 1557 27 23 m
2644 1556 70 24 milk.
2750 1555 53 25 The
2826 1557 65 23 most

2353 1600 115 30 pleasant
2479 1607 54 23 way
2545 1600 24 23 to
2580 1599 55 24 tako
2647 1599 155 30 Eucalyptus
2825 1598 21 23 is
2864 1599 27 22 m

2353 1641 43 25 the
2428 1642 117 31 Platypus
2573 1641 87 25 Brand
2687 1641 27 25 of
2737 1641 154 31 Eucalyptus

2353 1685 115 32 Jujubes.
2505 1685 69 31 They
2586 1693 42 16 are
2639 1685 25 23 m
2681 1684 62 25 such
2755 1693 15 15 a
2781 1684 111 31 portable

2352 1725 71 28 form,
2435 1725 115 31 pleasant
2562 1726 25 22 to
2599 1726 72 27 taste,
2690 1724 133 32 antiseptic
2842 1725 50 23 and

2353 1769 140 24 stimulant.

2385 1828 122 23 Imperial
2520 1828 94 28 Tea,—
2615 1827 53 24 Ask
2684 1834 63 24 your
2760 1827 92 24 Grocer
2863 1835 28 16 or

2354 1865 161 30 Storekeeper
2525 1866 39 23 for
2607 1865 120 29 Imperial
2776 1865 58 23 Tea.
2869 1865 22 22 A

2352 1903 77 26 ticket
2439 1904 26 24 m
2478 1904 58 24 each
2549 1904 13 23 1
2587 1903 50 25 and
2653 1904 42 29 £lb
2717 1903 88 31 packet
2827 1903 38 24 for
2876 1912 15 15 a

2352 1942 113 25 valuable
2497 1944 109 29 present.
2640 1942 70 24 Dont
2742 1942 63 24 miss
2840 1942 51 24 this

2352 1982 94 25 chance
2454 1981 28 25 of
2502 1981 114 32 securing
2629 1990 15 16 a
2661 1982 65 31 good
2748 1981 51 24 and
2807 1981 82 25 useful

2351 2023 107 31 present.
2494 2022 54 24 The
2570 2021 97 32 quality
2683 2021 27 25 of
2737 2021 70 25 Teas'
2823 2021 66 25 Gua-

2352 2062 109 24 ranteed.
2525 2061 60 31 May
2619 2062 28 23 be
2684 2061 140 30 purchased
2864 2063 26 22 at

2352 2103 118 24 Hunter's
2479 2104 51 23 and
2538 2103 167 24 Waterman's
2714 2104 64 23 East
2788 2103 93 24 Oxford

2352 2143 48 25 and
2412 2146 27 22 at
2450 2143 41 25 Mr
2502 2143 23 24 A
2533 2143 73 25 Lee's
2631 2143 69 26 Store
2721 2138 101 29 Oxford.

2384 2198 69 23 Late
2501 2197 138 26 Accident.
2640 2212 34 3 —
2674 2197 41 24 Mr
2782 2197 109 24 Herbert

2352 2240 106 30 Wright.
2494 2240 46 23 We
2552 2242 83 28 regret
2663 2241 26 22 to
2719 2247 44 23 say
2774 2240 56 23 that
2847 2239 45 23 the

2352 2283 49 24 last
2409 2282 95 31 reports
2513 2289 42 17 are
2563 2281 121 32 anything
2693 2281 45 25 but
2747 2280 144 26 favourable

2352 2325 63 25 after
2433 2327 42 23 the
2493 2325 154 32 amputation
2665 2325 28 25 of
2710 2325 40 25 his
2778 2325 49 25 foof
2858 2333 33 17 on

2353 2369 102 30 Sunday
2466 2370 58 27 last,
2543 2369 134 30 erysipelas
2690 2371 37 22 set
2755 2369 28 23 m
2795 2376 95 17 accom-

2352 2411 87 31 panied
2461 2411 61 24 with
2543 2415 108 20 extreme
2675 2411 151 30 prostration
2842 2411 49 23 and

2352 2453 175 32 consequently
2537 2453 70 26 there
2618 2453 22 26 is
2653 2453 64 25 little
2735 2453 64 32 hope
2813 2453 28 25 of
2849 2453 41 25 his

2431 2650 233 23 WELLINGTON
2693 2650 122 23 NOTES.

2387 2726 38 25 On
2436 2725 144 32 Wedneday
2591 2725 71 25 29th'
2675 2725 109 31 brought
2798 2732 39 17 .on
2848 2724 43 25 the

2354 2766 167 25 Referendum
2530 2762 54 27 Bill
2594 2766 30 30 by
2637 2766 42 23 My
2691 2765 32 24 O.
2734 2765 90 31 Began
2840 2765 52 23 this

2354 2805 21 22 is
2389 2812 31 14 an
2433 2803 40 24 oid
2484 2803 79 23 friend
2576 2803 49 22 and
2636 2803 61 22 used
2709 2805 26 21 to
2747 2802 28 23 be
2785 2801 67 24 aired
2862 2802 30 30 by

2354 2843 43 24 the
2409 2842 87 25 Buller
2507 2842 64 25 Lion
2581 2841 46 25 but
2650 2850 69 16 now.
2731 2841 43 24 the
2797 2841 94 24 mantle

2354 2883 46 23 has
2420 2882 76 24 fallen
2510 2890 33 16 on
2565 2881 158 31 Inangahua:
2758 2880 69 24 After
2850 2880 42 24 the

2354 2920 87 24 bebate
2454 2920 22 23 is
2488 2928 57 15 ove?:
2557 2919 47 23 and
2617 2920 170 23 onecoinesto
2797 2918 94 24 analize

2354 2959 50 25 the.
2413 2958 115 31 question
2551 2956 50 24 and
2624 2956 126 24 considers
2773 2956 54 24 that
2850 2955 43 24 the

2354 2998 164 24 constitution
2546 2997 27 25 of
2599 2998 54 23 that
2681 2996 78 24 Hotel
2787 2996 105 31 keeping

2355 3038 84 24 nation
2453 3037 163 25 Switzerland
2627 3037 21 23 is
2662 3044 31 16 so.
2700 3036 114 24 different
2829 3036 62 24 from

2355 3078 55 23 that
2422 3078 27 23 of
2458 3077 59 23 New
2530 3077 108 23 Zealand
2655 3076 48 23 and
2725 3076 55 23 that
2803 3083 37 16 we
2857 3076 34 23 al-

2354 3114 74 32 ready
2440 3115 63 23 have
2514 3121 15 16 a
2541 3113 159 29 referendum,
2706 3113 28 23 m
2751 3120 45 16 our
2818 3112 73 24 trien-

2354 3154 52 24 nial
2418 3154 162 31 parliaments
2597 3153 70 24 there
2678 3153 22 23 is
2711 3161 15 15 a
2745 3160 85 16 reason
2854 3152 39 24 for

2355 3193 41 24 the
2420 3191 105 26 division
2548 3191 78 24 which
2649 3199 60 23 gave
2736 3191 30 24 19
2774 3191 56 29 .for,
2860 3191 31 24 24

2354 3233 104 31 against,
2471 3233 20 23 it
2503 3232 22 24 is
2539 3231 60 31 only
2618 3231 46 24 fair
2676 3233 26 22 to
2727 3231 48 24 add
2789 3231 60 26 .that
2867 3233 26 22 at

2354 3271 62 24 least
2429 3272 31 23 20
2474 3269 122 25 members
2608 3269 42 24 did
2670 3273 45 20 not
2728 3271 62 26 vote,
2809 3277 27 16 so
2848 3269 43 25 the

2354 3311 51 24 Bill
2420 3318 52 17 was
2495 3310 98 23 thrown
2615 3310 52 27 out,
2685 3309 45 24 the
2756 3309 135 24 discussion

2354 3349 80 23 lasted
2456 3347 39 25 till
2518 3349 13 21 1
2541 3354 60 17 a.m.
2627 3347 52 23 .and
2703 3347 44 23 the
2782 3346 110 24 Premier

2354 3385 80 25 stated
2447 3385 42 25 the
2501 3388 47 28 day
2560 3384 47 24 had
2618 3384 59 24 been
2694 3383 98 25 wasted.

2389 3424 73 24 After
2473 3423 96 24 notices
2578 3422 27 25 of
2612 3422 96 25 motion
2720 3430 32 17 on
2761 3421 132 31 Thursday

2354 3464 40 23 the
2406 3462 111 25 member
2528 3462 38 25 for
2575 3461 86 24 Buller
2677 3460 89 25 moved
2788 3461 55 24 that
2865 3460 28 24 m

2354 3504 41 23 the
2406 3502 102 32 opinion
2520 3501 26 25 of
2556 3501 51 24 this
2618 3500 87 26 house,
2715 3500 42 25 the
2770 3503 60 22 time
2842 3499 51 24 had
2899 3522 2 3 .

2353 3541 95 24 arrived
2460 3542 26 23 to
2498 3542 94 29 protect
2604 3547 46 16 our
2674 3539 54 24 coal
2739 3539 114 29 industry
2860 3538 33 31 by

2353 3578 32 25 ah
2396 3579 93 31 import
2500 3579 63 31 duty
2574 3586 31 15 on
2616 3578 63 27 coal,
2697 3577 52 24 this
2771 3576 96 32 opened
2878 3585 13 15 a

2355 3617 49 23 free
2433 3616 70 24 trade
2534 3622 84 18 versus
2641 3615 138 30 protection
2804 3614 88 24 debate

2354 3654 80 24 which
2446 3654 79 24 lasted
2539 3653 36 24 till
2588 3655 13 21 1
2611 3654 33 22 30
2657 3660 69 21 a.m.,
2739 3652 50 23 and
2799 3651 94 32 though

2352 3694 21 24 it
2390 3694 81 24 closed
2485 3694 104 24 without
2601 3692 122 25 adivision
2735 3692 52 24 this
2797 3692 95 24 Parlia-

2353 3735 70 23 ment
2436 3734 20 24 is
2476 3741 67 17 more
2566 3732 110 25 inclined
2698 3734 26 22 to
2748 3732 51 24 free
2822 3732 70 24 trade

2353 3772 63 23 than
2427 3773 33 22 its
2471 3772 154 30 predecessor
2635 3770 47 25 the.
2695 3770 139 25 discussion
2842 3777 51 17 was

2354 3812 46 22 not
2417 3818 58 23 very
2497 3810 149 30 interesting,
2667 3809 45 24 bat
2731 3810 59 23 then
2809 3807 84 27 Smith

2354 3848 95 26 worked
2460 3848 36 27 off
2505 3849 41 26 his
2555 3848 60 33 joke
2632 3857 34 17 on
2688 3849 43 27 W,
2745 3848 147 25 Earushaw.

2354 3883 54 24 The
2420 3884 188 30 representative
2620 3883 27 24 of
2653 3881 57 25 that
2717 3885 70 29 great
2796 3884 97 29 seaport

2354 3925 64 21 town
2430 3923 63 23 Nsw
2505 3920 139 32 Plymouth
2655 3930 52 16 was
2719 3930 28 16 as
2767 3922 74 24 usual
2852 3929 42 16 en-

2354 3959 97 30 larging
2468 3967 34 15 on
2524 3959 126 24 Taranaki
2669 3959 62 24 Coal
2754 3960 53 22 and
2828 3960 67 22 iron-

2355 3999 63 23 sand
2441 3999 50 23 and
2510 3999 138 31 proceeded
2676 4003 26 19 to
2731 3999 70 24 show
2825 4007 70 16 some

2354 4038 84 31 lumps
2450 4038 27 25 of
2496 4038 56 24 coal
2576 4038 65 25 from
2658 4038 81 25 under
2761 4039 41 25 his
2825 4038 68 30 desk.,

2355 4075 73 25 when
2441 4076 42 24 the
2495 4076 127 24 moderate
2634 4076 111 25 member
2764 4076 39 25 for
2823 4077 72 24 Dun-

2354 4113 55 24 edin
2419 4120 55 17 rose
2485 4121 27 16 to
2529 4120 15 16 a
2559 4113 72 31 point
2643 4113 27 24 of
2678 4113 71 25 order
2761 4114 50 23 and
2819 4114 79 25 asked

2354 4151 21 23 if
2390 4151 44 24 tne
2446 4151 65 24 rules
2524 4151 103 24 allowed
2646 4151 123 25 members
2787 4154 25 22 to
2825 4153 72 31 bring

2355 4189 106 23 Articles
2471 4188 54 24 into
2537 4188 44 24 the
2593 4188 126 24 Chamber
2730 4188 43 25 the
2786 4189 110 32 Speaker

2354 4227 71 23 ruled
2444 4227 56 23 that
2523 4227 107 29 samples
2653 4228 82 29 might
2754 4228 31 24 be
2808 4229 89 23 shown

2356 4268 48 25 and
2418 4268 85 28 Smith
2523 4269 128 31 promptly
2674 4277 56 17 rose
2741 4271 50 23 and
2803 4271 55 25 said
2868 4272 29 23 m

2357 4306 39 25 his
2413 4314 120 20 qonorous
2544 4308 72 23 tones
2659 4306 41 26 Sir
2710 4307 66 26 have
2787 4308 14 26 I
2812 4311 46 23 not
2870 4316 30 27 as;

2356 4345 73 27 much
2440 4344 67 32 right
2518 4346 26 23 to
2556 4343 74 33 bring
2637 4346 107 24 Articles
2763 4347 55 25 into
2842 4348 52 24 this

2357 4384 124 27 Chamber
2491 4392 28 17 as
2536 4384 44 25 the
2599 4384 114 26 Electors
2734 4381 32 31 off
2777 4386 120 26 Dunedin

2357 4423 77 25 have?
2473 4421 44 25 the
2530 4422 84 25 House
2625 4424 89 25 roared
2724 4426 33 23 at;
2764 4425 44 25 the
2819 4426 48 24 hit.

2392 4465 54 24 The
2472 4464 174 27 Government
2676 4474 66 18 were
2759 4465 77 27 asked
2869 4476 31 17 on

2924 214 91 31 Friday
3042 215 21 24 if
3089 215 57 32 they
3174 210 82 31 Would
3290 216 113 26 consider
3420 218 44 25 the

2923 257 113 31 question
3050 257 28 25 of
3086 258 93 32 raising
3196 258 43 26 the
3266 261 100 28 present
3400 261 63 33 duty

2923 308 33 16 on
2968 301 81 24 wheat
3060 301 65 24 from
3137 302 33 24 9d
3197 303 27 24 to
3244 303 42 32 1/3
3309 311 42 23 per
3380 305 81 24 cental

2923 343 51 24 and
2985 351 34 17 on
3029 343 66 26 flour
3106 343 63 26 from
3181 345 54 31 20/-
3248 346 25 23 to
3285 346 54 31 30/-
3362 354 43 22 per
3417 348 45 24 ton

2923 393 28 17 so
2974 394 28 16 as
3013 387 27 23 to
3076 389 103 28 protect,
3210 388 45 24 the
3271 388 104 25 farmers
3396 391 65 23 from

2923 426 147 30 Australian
3080 428 79 26 wheat
3179 437 55 18 now
3244 431 106 32 landing,
3374 431 86 26 lower-

2922 471 45 31 ing
2979 471 43 25 the
3040 473 99 29 present
3155 473 48 24 low
3225 473 74 32 price,
3328 474 45 25 but
3396 475 64 26 after

2924 513 43 25 the
2978 515 137 30 protection
3128 525 15 14 v
3170 516 120 26 freetrade
3322 518 137 26 discussion

2923 564 34 17 on
2987 557 131 32 Thursday
3145 559 73 31 night
3245 561 44 24 the
3326 561 134 25 Treasurer

2924 599 140 31 cautiously
3075 600 52 23 said
3139 601 43 23 the
3200 603 92 23 matter
3303 610 51 16 was
3382 604 79 24 under

2924 640 190 27 consideration.
3149 642 71 25 After
3247 643 50 25 this
3325 644 43 26 the
3402 646 59 24 esti-

2925 687 80 23 mates
3022 692 61 18 were
3104 685 33 26 all
3149 687 87 31 passed
3248 687 61 26 with
3322 696 56 24 very
3397 689 66 25 little

2927 727 139 26 alteration.
3101 729 87 25 House
3200 730 136 32 adjourned
3358 732 49 24 2a.
3424 740 37 16 m.

2937 776 5 3 -
2960 770 113 32 Tuesday
3085 772 54 28 4th,
3152 772 78 25 found
3250 774 44 23 the
3305 774 95 30 Eating
3411 774 51 25 Bill

2925 818 32 17 on
2969 811 173 32 Unempuoved
3155 813 93 25 Values
3259 822 49 17 was
3320 815 43 25 the
3372 816 90 31 princi-

2924 854 43 31 pnl
2984 856 91 24 matter
3087 856 36 24 for
3139 856 145 31 discussion,
3309 858 51 25 this
3377 859 52 26 Bill
3440 860 21 25 is

2926 897 41 24 the
2977 898 91 31 logical
3080 903 114 21 outcome
3205 901 28 24 of
3252 902 44 23 the
3318 902 73 24 Land
3412 903 50 24 and

2925 939 103 25 Income
3051 941 54 23 Tax
3131 941 51 24 Bill
3193 943 27 23 of
3229 944 31 23 91
3273 943 46 24 but
3329 946 83 23 leaves
3421 946 43 23 the

2926 981 117 31 adoption
3054 984 27 23 of
3091 983 43 25 the
3146 984 160 32 unimproved
3316 988 86 23 values
3410 990 52 22 rat-

2925 1024 44 31 ing
2991 1025 93 31 system
3106 1027 112 31 optional
3250 1036 34 16 on
3303 1029 43 23 the
3357 1032 57 27 past
3436 1030 28 24 of

2926 1066 79 26 Local
3015 1068 91 25 Bodies
3117 1070 51 22 and
3190 1070 44 23 the
3245 1070 131 25 alteration
3393 1073 70 23 must

2927 1109 29 24 be
2968 1110 98 30 applied
3078 1111 38 24 for
3127 1111 33 30 by
3172 1113 31 22 15
3212 1113 23 30 %
3242 1113 26 24 of
3276 1120 129 25 ratepayer
3413 1114 51 24 and

2927 1152 27 24 to
2965 1160 68 17 come
3043 1153 54 25 into
3113 1154 128 31 operation
3263 1157 109 30 requires
3384 1157 80 25 three-

2927 1194 97 25 fifth'of
3032 1197 41 23 the
3080 1198 140 31 ratepayers
3229 1198 49 25 and
3287 1199 52 25 also
3351 1200 27 25 of
3382 1200 82 26 value.

2928 1238 52 24 The
2993 1237 116 33 O'Eegan
3122 1239 107 32 thought
3240 1241 42 24 the
3293 1242 120 31 principal
3424 1244 39 24 in-

2927 1281 95 29 rolved,
3035 1282 88 30 helped
3135 1284 100 23 forward
3247 1286 42 22 the
3313 1286 85 31 Single
3410 1287 53 23 Tax

2927 1328 148 26 movement,
3088 1324 43 24 but
3143 1333 48 16 was
3203 1326 58 31 ably
3271 1327 93 31 replied
3386 1330 26 23 to
3430 1329 33 31 by

2928 1366 40 25 Sir
2980 1366 74 26 Eobt.
3068 1367 73 26 Stout
3153 1369 97 31 against
3259 1370 43 25 the
3314 1371 59 25 Bill.
3408 1373 55 25 The

2927 1409 170 25 Government
3125 1413 134 30 supported
3287 1414 28 28 it,
3346 1416 49 23 and
3419 1416 43 24 the

2925 1451 106 24 division
3043 1453 75 23 found
3134 1454 58 31 only
3214 1454 56 25 four
3292 1457 99 29 against
3419 1458 42 25 the

2926 1493 58 26 Bill.

2958 1603 114 25 NOTES
3117 1604 97 26 FROM
3254 1607 174 23 HANSARD.

3122 1653 137 18 FINANCIAL.

2958 1719 14 23 I
2984 1727 51 16 was
3046 1727 58 25 very
3115 1728 62 17 near
3193 1723 95 30 saying,
3299 1723 27 24 of
3346 1724 115 33 coddling

2925 1771 31 3 —
2959 1765 27 16 as
2997 1765 43 16 are
3060 1759 43 23 the
3125 1759 104 25 farmers
3252 1761 26 24 of
3299 1761 162 34 Canterbury.

2925 1797 56 24 Ido
2992 1800 46 21 not
3050 1798 59 25 wish
3138 1802 26 21 to
3192 1807 44 23 say
3264 1801 121 31 anything
3413 1803 50 24 dis-

2924 1837 120 30 paraging
3054 1838 28 23 of
3091 1838 49 24 the'
3145 1839 111 28 farmers,
3277 1840 104 25 because
3393 1842 15 23 I
3424 1850 37 15 re-

2925 1876 99 29 cognise
3033 1876 59 30 they
3104 1884 40 16 are
3156 1877 44 24 the
3222 1877 125 26 backbone
3370 1880 26 23 of
3418 1880 44 25 the

2924 1913 88 32 colony
3024 1915 26 23 to
3073 1922 16 16 a
3100 1915 67 31 large
3179 1917 85 23 extent
3277 1924 6 21 ;
3297 1916 44 25 but
3363 1918 100 25 neither

2924 1951 32 23 do
2967 1952 14 22 I
2992 1952 63 23 wish
3067 1954 26 22 to
3113 1953 56 30 give
3186 1954 123 31 anything
3318 1956 26 24 to
3356 1964 47 21 any
3414 1964 49 17 one

2923 1990 135 31 particular
3080 1992 99 31 portion
3202 1994 27 24 of
3247 1995 41 23 the
3311 1995 88 32 colony
3428 1996 34 32 by

2922 2029 141 32 neglecting
3074 2030 137 31 important
3363 2042 99 17 resour-

2923 2073 47 17 ces.

3188 2106 50 24 Mr.
3269 2107 124 25 O'Eegan.

3002 2149 14 13 *
3096 2146 151 21 *.-.■*.'•
3286 2153 15 13 *
3381 2155 14 13 *

2956 2187 70 29 Now,
3039 2188 13 23 I
3063 2188 64 25 wish
3139 2190 25 24 to
3174 2183 42 31 teil
3231 2190 40 24 the
3295 2191 86 26 House
3404 2193 57 25 that

2925 2226 42 22 the
2975 2226 67 29 right
3050 2234 55 17 .war
3117 2227 27 22 of
3153 2227 109 31 arriving
3278 2230 27 22 at
3328 2230 40 23 the
3389 2230 75 25 value

2924 2261 27 24 of
2960 2261 60 24 land
3032 2263 20 24 is
3074 2267 44 19 not
3130 2264 44 24 the
3185 2272 53 24 way
3250 2266 28 23 m
3289 2266 81 25 which
3383 2267 21 24 ifc
3414 2267 48 26 has

2925 2298 61 26 been
2998 2300 96 25 arrived
3106 2303 26 23 at
3142 2301 27 25 m
3182 2302 44 25 the
3233 2305 3 4 '
3247 2306 64 28 past.
3346 2305 118 33 Lending

2925 2340 95 25 Boards
3032 2341 48 25 and
3102 2342 34 24 all
3158 2342 118 26 financial
3304 2345 157 26 institutions

2923 2378 27 23 m
2963 2375 50 27 this
3025 2379 87 30 colony
3134 2380 64 24 have
3209 2382 105 24 hitherto
3332 2383 73 24 made
3417 2384 44 24 the

2925 2422 68 17 same
3004 2416 114 24 mistake.
3153 2417 143 31 They.have
3308 2420 90 31 simply
3407 2421 56 24 said

2925 2452 54 25 that
2996 2453 60 24 land
3068 2454 21 24 is
3101 2455 78 24 worth
3198 2456 62 30 £10,
3279 2454 60 32 £15,
3358 2466 26 16 or
3406 2460 54 24 £20

2923 2499 34 16 an
2968 2500 64 21 acre,
3051 2493 86 31 taking
3158 2495 43 24 the
3223 2496 163 32 surrounding
3414 2498 46 24 cir-

2923 2534 153 23 cumstances
3097 2541 28 16 as
3142 2535 63 23 their
3232 2536 83 30 guide.
3350 2537 66 24 That
3438 2538 22 24 is

2923 2571 44 22 not
2984 2569 56 24 how
3052 2570 42 24 the
3105 2571 69 23 value
3186 2573 26 22 of
3240 2573 59 23 land
3322 2574 87 24 should
3430 2575 31 24 be

2923 2609 120 25 assessed.
3079 2610 53 25 The
3143 2611 57 31 only
3212 2613 54 24 true
3285 2621 51 23 way
3348 2613 26 25 of
3383 2615 80 26 arriv-

2923 2649 44 32 ing
2978 2652 25 23 at
3015 2650 42 25 the
3069 2652 79 24 value.
3153 2653 26 23 of
3187 2649 64 27 l«nd'
3264 2653 19 25 is
3297 2655 23 22 to
3348 2655 55 24 take
3425 2656 35 25 its

2923 2690 44 22 net
2976 2689 123 30 earnings,
3113 2690 49 23 and
3173 2690 64 24 from
3247 2691 43 24 the
3313 2695 146 29 percentage

2923 2728 72 31 given
3004 2737 32 16 on
3049 2729 70 25 these
3130 2732 42 23 not
3195 2733 116 30 earnings
3334 2734 127 31 capitalise

2923 2768 34 24 its
2968 2769 80 24 value.

2957 2806 15 22 I
2983 2807 91 23 believe
3086 2806 55 24 that
3158 2807 21 23 if
3199 2808 43 24 the
3266 2809 71 31 ang4
3361 2809 100 27 Gabriel

2925 2851 69 17 came
3015 2844 71 24 down
3110 2844 63 25 from
3202 2846 99 25 Heaven
3331 2848 50 24 and
3409 2850 54 24 told

2925 2891 68 17 some
3010 2883 27 24 of
3047 2884 42 25 the
3101 2884 149 26 honourable
3264 2887 142 30 gentlemen
3417 2897 43 24 op-

2925 2923 77 30 posite
3015 2924 54 23 that
3082 2923 42 24 the
3139 2925 78 24 Board
3229 2932 50 18 was
3292 2935 14 15 &
3326 2928 64 30 good
3413 2936 48 18 one

2925 2961 58 31 they
2995 2962 82 24 would
3087 2966 45 20 not
3153 2963 92 25 believe
3267 2964 29 25 it.

2958 3001 44 22 An-
3008 2999 162 28 honourable;
3182 3003 112 25 member
3322 3006 74 23 asked
3424 3007 39 24 for

2923 3040 160 25 information
3095 3049 32 16 on
3140 3042 42 24 the
3195 3043 95 32 subject
3313 3044 51 26 this
3386 3046 75 25 after-

2923 3088 66 16 noon
3001 3078 49 25 and
3061 3081 14 23 I
3087 3082 50 23 will
3149 3083 87 30 sjipply
3247 3084 21 23 it
3280 3086 26 22 to
3321 3085 52 24 him
3396 3093 65 17 now.

2924 3119 43 31 My
2979 3119 155 25 honourable
3155 3121 80 24 friend
3248 3124 96 23 wanted
3356 3126 25 23 to
3391 3124 70 25 know

2925 3160 54 30 why
2991 3167 35 16 we
3038 3159 40 24 did
3090 3162 45 23 not
3146 3161 68 24 show
3237 3163 41 24 the
3306 3164 106 30 position
3436 3166 28 24 of

2925 3197 42 25 the
2978 3206 68 23 gross
3058 3199 58 24 debt
3133 3208 29 17 or
3179 3200 28 25 of
3217 3201 40 24 the
3280 3204 43 22 net
3346 3203 64 24 debt.
3445 3204 16 24 I

2924 3245 43 23 ssy
2979 3246 35 16 w«
3026 3238 89 31 always
3133 3239 32 25 do
3188 3240 69 24 show
3279 3241 41 24 the
3341 3243 119 30 position.

2925 3276 52 24 The
2989 3276 130 24 difference
3132 3277 106 25 between
3263 3279 70 24 them
3355 3279 21 25 is
3399 3277 60 28 this:

2924 3315 53 24 'Hie
2988 3324 70 22 gross
3070 3316 57 24 debt
3139 3316 21 24 is
3172 3317 44 23 the
3236 3321 106 21 amount
3351 3327 36 17 we
3399 3320 64 25 have

2925 3353 24 22 to
2962 3360 45 22 pay
3018 3352 105 24 interest
3135 3361 68 23 upon
3220 3355 125 31 annually,
3358 3357 51 23 and
3420 3357 43 24 the

2925 3393 41 23 net
2983 3392 57 25 debt
3050 3391 22 25 is
3090 3392 77 25 found
3195 3392 33 32 by
3256 3394 134 33 deducting
3417 3398 47 24 the

2925 3429 170 24 accumulated
3108 3430 101 32 sinking
3228 3431 75 25 funds
3330 3434 65 24 from
3418 3435 46 25 the

2923 3476 70 22 gross
3003 3468 66 25 debt.
3105 3469 70 29 Now,
3190 3469 48 30 Sir,
3252 3471 13 24 I
3279 3472 61 24 wish
3363 3474 26 23 to
3417 3481 47 25 say

2925 3511 24 19 to
2962 3507 40 23 the
3027 3505 85 26 House
3125 3507 54 24 that
3207 3509 45 24 the
3269 3511 89 29 system
3381 3511 82 25 which,

2923 3546 44 24 the
2979 3547 172 26 Government
3162 3548 46 24 has
3221 3549 104 31 adopted
3343 3551 34 24 all
3389 3552 75 32 along

2924 3584 46 25 has
2981 3586 62 23 been
3055 3586 214 30 misrepresented,
3288 3589 50 22 and
3349 3590 54 23 that
3426 3598 37 15 we

2924 3631 72 16 never
3007 3624 77 30 urged
3095 3632 14 16 a
3122 3625 137 31 borrowing
3269 3627 87 31 policy,
3370 3628 51 23 and
3447 3629 17 23 I

2924 3663 58 25 have
2995 3663 60 24 been
3073 3663 210 32 misrepresented,
3289 3663 33 27 in'
3327 3667 87 30 vegatd
3435 3670 28 23 to

2924 3701 43 25 the
2995 3703 135 23 statement
3153 3702 14 24 I
3186 3702 80 30 made.
3302 3704 14 24 I
3338 3704 54 24 said
3420 3706 43 24 the

2924 3742 59 30 only
3002 3741 111 31 proposal
3136 3742 57 24 that
3216 3743 71 24 could
3315 3743 29 25 be
3367 3744 95 25 classed

2925 3779 78 24 uniler
3026 3779 43 24 the
3102 3779 42 24 old
3169 3783 93 27 system
3285 3780 28 23 of
3332 3781 131 31 obtaining

2925 3817 125 25 borrowed
3059 3825 90 24 money
3160 3825 51 17 was
3229 3819 43 23 the
3283 3820 129 30 £250,000
3423 3821 41 25 for

2925 3858 73 24 roads
3009 3857 50 24 and
3069 3857 107 33 bridges..
3195 3858 29 25 -I
3236 3867 75 17 never
3331 3861 52 24 said
3395 3861 68 25 what

2925 3895 151 26 honourable
3096 3896 120 25 members
3239 3899 105 24 accused
3365 3908 42 16 me
3429 3900 35 25 of.

2927 3937 12 21 T
2950 3943 75 18 never
3036 3936 96 23 showed
3144 3945 15 14 a
3171 3939 65 22 want
3248 3938 26 23 of
3282 3939 118 29 candour,
3413 3940 52 24 and

2926 3975 27 24 m
2964 3972 42 27 the
3017 3982 87 17 course
3115 3975 28 24 of
3153 3984 38 23 my
3203 3976 160 31 explanation
3374 3979 26 23 m
3421 3979 45 26 the

2927 4013 85 25 House
3024 4013 14 24 I
3049 4013 53 25 said
3115 4014 55 24 that
3182 4013 44 25 the
3238 4015 59 24 item
3309 4015 28 24 of
3345 4013 120 30 £200600

2927 4060 50 16 was
2989 4052 44 24 the
3044 4052 57 31 only
3112 4052 62 25 item
3186 4052 57 25 that
3254 4053 75 25 could
3337 4053 30 27 be
3378 4055 90 27 looked

2927 4099 64 22 upon
3004 4099 28 15 as
3043 4090 77 24 allied
3130 4093 26 22 to
3168 4091 44 25 the
3222 4092 197 33 formerisysteni
3442 4096 30 25 of

2928 4128 147 32 borrowing.

3042 4165 21 28 /
3263 4170 41 25 Mr
3313 4171 89 25 AVard.

2963 4208 41 23 Mr
3028 4207 139 25 SEDDON
3179 4209 55 24 said
3245 4211 55 23 that
3320 4212 21 22 if
3354 4220 115 23 progress

2930 4248 59 16 were
3009 4240 115 31 reported
3142 4248 33 16 no
3189 4237 96 30 further
3306 4243 92 26 inform
3402 4245 68 25 ition

2929 4272 116 25 couldbe
3056 4274 74 29 given
3141 4274 61 24 than
3214 4283 52 16 was
3288 4276 133 24 contained
3442 4278 29 24 m

2929 4305 44 25 the
2984 4307 51 23 two
3045 4305 56 27 lists
3111 4306 28 25 o?
3142 4332 4 2 .
3153 4315 155 24 newspapers
3336 4309 57 26 that
3419 4303 52 32 hid

2930 4343 63 25 been
3005 4344 130 25 furnished
3146 4346 61 24 with
3228 4346 123 26 reference
3374 4352 38 19 to-
3427 4349 44 25 the

2931 4391 159 24 newspapers
3101 4384 83 25 which
3195 4393 57 17 now
3266 4375 207 40 re'eeivpd^adver?

2934 4422 126 27 tisments,
3084 4422 51 25 ahd
3156 4424 72 24 those
3253 4424 81 28 whtph'
3354 4425 120 32 formerly

2940 4461 112 28 received
3062 4461 209 33 advertisement^
3280 4462 43 25 but
3342 4464 46 24 not
3413 4471 66 19 nowv

1183 61 172 33 OXFOKD
1400 62 228 33 OBSERVER
1673 61 235 38 SATURDAY,
1953 63 253 31 SEPTEMBER
2249 65 29 34 8,
2324 64 79 30 1894

1220 4429 76 25 Held
1308 4429 117 25 Over.—
1425 4429 55 25 The
1525 4430 102 31 Weekly
1675 4430 86 25 Letter

1219 4469 98 25 arrived
1327 4471 42 23 too
1391 4469 52 25 late
1459 4469 37 25 for
1519 4469 52 25 this
1587 4469 81 25 weeks
1683 4469 76 24 issue.
