3550 4560
57 235 72 35 THE
159 237 112 28 CHEAP
296 232 122 27 MONEY
438 229 153 29 SCHEME.

306 295 47 10 ■aair

142 330 69 25 ether
222 333 89 24 money
322 325 22 25 is
356 324 27 26 to
399 323 32 25 be
449 320 146 27 considered

56 384 31 18 as
97 374 92 29 having
200 378 33 17 an
242 368 113 26 intrinsic
376 367 83 26 value,
472 372 28 17 or
511 372 29 17 as
550 363 43 25 be-

55 420 45 29 ing
109 425 14 16 a
134 413 158 31 commodity,
301 419 16 17 a
323 408 126 29 standard,
458 416 15 16 a
482 414 112 17 measure

56 469 31 17 or
103 468 15 16 a
129 458 114 31 pledge—
248 462 28 18 as
287 454 23 25 is
320 453 125 30 variously
461 449 134 33 suggested

57 504 35 30 by
103 501 123 26 writers—
228 498 50 26 and
289 496 111 26 -whether
410 494 43 25 the
473 494 56 24 true
539 492 55 24 idea

55 546 31 25 of
94 550 88 24 money
183 557 32 3 —
216 549 27 17 as
256 540 61 25 sueh
318 554 32 3 —
351 538 30 24 be
393 538 45 24 not
457 535 138 32 altogether

55 588 60 25 that
127 587 24 24 of
163 594 15 16 a
189 584 75 25 ticket
273 590 28 17 or
308 582 102 24 counter
416 580 12 24 ?

93 628 121 26 Whether
225 627 20 24 it
253 625 62 26 doth
325 625 45 24 not
381 624 64 23 have
457 620 78 25 much
549 620 44 23 im-

56 674 59 33 port
128 674 27 24 to
177 672 63 24 have
263 677 15 17 a
304 667 69 33 right
402 663 146 33 conception
571 661 26 26 of

57 724 93 24 money
157 715 11 25 ?
181 714 50 26 and
240 712 111 26 whether
362 710 33 24 its
407 711 56 22 true
482 707 50 24 and
541 705 54 33 just

56 761 60 24 idea
126 759 30 24 be
168 759 45 23 not
230 757 55 24 that
297 755 26 24 of
333 762 15 16 a
367 753 76 24 ticket
455 759 27 15 or
494 752 101 21 counter

60 802 117 30 entitling
185 802 25 23 to
222 806 88 24 power,
330 796 50 24 and
391 794 73 25 fitted
476 794 25 22 to
513 790 83 26 record

59 846 52 25 and
122 842 106 27 transfer
241 841 91 32 power?

93 887 119 26 Whether
230 891 79 25 power
320 884 26 23 to
358 878 133 29 cornniand
501 877 44 24 the
557 876 36 24 in-

61 933 87 28 dustry
160 929 25 25 of
196 929 84 23 others
302 926 31 24 be
352 926 45 22 not
409 922 52 25 real
482 920 90 25 wealth
583 920 11 22 ?

61 973 51 25 and
122 971 111 26 whether
249 976 86 22 money
358 967 31 23 be
409 966 44 22 not
475 963 28 24 m
524 961 71 25 truth

60 1016 89 25 tickets
161 1022 27 16 or
197 1013 86 24 tokens
304 1010 37 25 for
352 1007 135 32 conveying
497 1004 49 25 and
557 1012 37 16 re-

60 1058 103 31 cording
175 1056 60 25 such
247 1061 81 25 power
337 1054 11 23 ?
372 1053 49 23 and
441 1049 112 25 whether
575 1047 20 24 it

61 1103 32 24 be
105 1102 26 23 of
141 1101 69 31 great
223 1103 165 25 consequence
395 1094 68 25 whit
471 1090 124 26 materials

64 1147 43 23 the
119 1145 88 23 tickets
219 1150 40 16 are
270 1140 73 24 made
355 1138 26 24 of
387 1140 11 21 ?

229 1183 77 28 trade,
320 1182 79 24 either
410 1178 94 31 foreign
516 1185 27 16 or
555 1177 42 23 do-

62 1230 94 28 mestic,
167 1229 29 24 be
208 1229 27 23 m
248 1227 67 24 truth
328 1234 47 19 any
388 1230 67 18 more
473 1222 63 24 than
548 1220 49 24 this

63 1277 133 18 commerce
209 1269 25 23 of
240 1267 113 29 industry
362 1266 12 22 ?

97 1312 121 24 Whether
228 1314 24 20 to
271 1309 118 30 promote,
414 1304 110 28 transfer,
548 1302 47 24 and

62 1363 84 17 secure
156 1354 50 23 this
217 1358 136 19 commerce
365 1349 48 24 and
422 1346 50 25 this
481 1345 115 31 property

61 1400 27 22 m
104 1398 96 23 human
211 1396 94 25 luVour,
318 1401 35 19 ov,
367 1392 24 23 m
413 1389 71 25 other
506 1387 89 34 words,

63 1441 51 24 this
127 1447 80 23 power
217 1439 30 22 ba
259 1439 44 21 not
315 1436 42 23 the
365 1435 51 23 sole
428 1441 86 15 means
522 1432 25 23 of
555 1438 40 16 en-

62 1484 98 28 riching
172 1490 14 15 a
198 1480 84 31 people
302 1479 46 23 and
362 1477 54 24 how
428 1476 38 23 far
478 1474 49 24 this
538 1480 59 22 may

61 1526 31 24 be
105 1525 60 24 done
177 1522 191 32 independently
381 1519 25 25 of
415 1513 58 37 gold
493 1517 48 24 and
554 1516 41 24 sil-

61 1578 42 16 ver
113 1570 10 22 ?

96 1611 121 23 Whether
230 1617 13 15 a
255 1607 111 24 national
386 1612 118 21 currency
517 1602 80 24 would

61 1656 45 23 not
118 1653 30 24 be
163 1658 68 18 more
253 1648 130 26 beneficial
405 1647 63 23 than
491 1651 62 18 even
581 1651 15 16 a

63 1696 142 34 gold-mine,
219 1693 50 25 and
281 1691 110 25 whether
400 1690 55 24 that
463 1688 30 24 be
501 1690 43 22 not
553 1686 43 25 the

61 1744 55 22 true
128 1738 178 32 philosopher's
323 1738 70 21 stone
416 1735 24 22 m
471 1740 14 16 a
510 1732 70 24 State
590 1738 5 21 ;

59 1784 50 24 and
132 1781 110 25 whether
270 1786 90 22 money
389 1775 82 26 would
494 1782 56 17 ever
568 1775 27 22 be

58 1825 112 30 wanting
183 1826 24 22 to
220 1824 41 23 the
273 1820 118 26 demands
404 1818 26 26 of
448 1818 115 30 Industry
575 1817 21 23 if

58 1877 38 16 we
108 1869 62 22 have
184 1874 14 16 a
209 1865 113 25 national
334 1862 65 25 bank
410 1863 11 22 ?

356 1906 96 24 Bishop
467 1903 126 24 Berkley.

1219 82 175 31 OXFOED
1437 79 229 33 OBSERVER
1709 70 243 38 SATURDAY.,
1994 61 252 39 SEPTEMBER
2262 61 29 37 8,
2311 59 90 33 1894.

3017 4216 2 3 ■
3112 4267 5 4 •
3188 4268 4 6 ■
3228 4266 14 12 -
3455 4264 4 3 ■
3488 4212 36 78 1

2949 4280 105 24 Trinted
3077 4280 51 25 and
3166 4280 140 26 Published
3333 4281 34 32 Ly
3402 4282 89 27 Laura

2982 4317 82 25 Annie
3087 4318 104 29 Parish;
3215 4320 28 24 at
3266 4318 47 26 her
3344 4320 148 31 Itegistered
3518 4334 6 15 ».

2981 4360 118 32 Printing
3110 4360 86 29 Office,
3219 4361 69 32 High
3313 4361 93 26 Street.
3430 4364 64 25 East

2982 4402 102 26 Oxford.
3094 4402 165 33 Canterbury.

2983 4441 131 28 Saturday
3132 4447 10 26 '";
3148 4441 152 28 Skptember
3308 4443 58 30 Bth,
3385 4444 74 28 1894,

3000 198 55 45 A.
3072 199 56 45 P.
3142 199 275 64 TUTTON,
3513 201 11 25 *

2976 269 231 32 AUCTIONEER,
3251 271 195 27 VALUATOR,

2944 309 108 25 GRAIN
3092 311 71 25 AND
3197 312 163 25 PRODUCE
3396 310 88 26 MER-

2959 349 124 31 CHANT,
3095 350 71 26 AND
3184 352 135 24 ESTATE
3332 350 129 26 AGENT.

3040 428 193 32 AUCTION
3248 429 134 31 SALES

3201 485 32 16 OP

2942 514 87 24 LIVE
3045 514 109 26 STOCK
3166 515 44 25 AT
3223 516 70 25 THE
3303 515 180 26 RANGIORA

2976 553 145 26 MARKET
3133 554 119 26 EVERY
3273 555 175 26 TUESDAY.

2942 628 98 25 Private
3050 629 68 25 Sales
3127 633 65 21 most
3200 631 132 32 efficiently
3340 631 144 24 conducted.

2944 706 81 32 Agent
3037 708 41 23 for
3088 708 43 24 the
3149 707 78 27 South
3244 709 92 25 British
3353 707 134 27 Insurance

2943 739 135 32 Company.

3093 780 30 24 A.
3132 780 30 23 P.
3174 781 146 29 TUTTON,

3104 837 5 4 -
3126 818 153 30 Auctioneer,
3293 821 51 28 &c,
3352 820 131 31 Rangioia.

3129 987 1 1 ■
3151 987 8 10 ■.
3191 993 1 1 •
3273 995 1 1 .
3294 993 3 1 -
3479 982 13 11 •

2945 1015 57 45 H.
3040 1016 51 46 N.
3140 1015 312 47 CEBEBMAN

3005 1087 130 21 PAINTER
3147 1088 59 19 AND
3219 1088 179 25 DECORATOR,

2944 1117 127 26 WRITER,
3090 1119 136 24 GRAINER,
3245 1120 111 20 GILDER
3375 1121 52 24 &O,
3436 1121 44 20 AC.
3497 1117 6 7 '

3046 1152 113 32 EAST
3197 1152 181 31 OXFORD.

2958 1380 3 3 .

3248 1398 80 38 ""'■
3481 1415 43 41 Jm

2943 1462 100 44 Job
3061 1460 236 58 Printing
3309 1463 10 43 !

3118 1540 102 45 Job
3241 1540 243 56 Printing

2986 1622 175 30 OXFOBl)
3219 1622 225 31 OBSERVER

3027 1672 162 40 Machine
3219 1673 181 51 Printing-

3124 1725 168 39 WORKS

3010 1774 90 25 MAIN
3113 1775 144 29 STREET,
3269 1775 148 26 OXFORD.

3010 1851 130 47 T^INE

2985 1934 39 30 In
3038 1935 75 40 Any
3140 1935 129 40 Variety
3283 1945 37 21 or
3344 1935 97 40 Style.

3026 2038 165 31 Memorial
3207 2039 109 39 Cards,

3028 2079 53 40 (m
3106 2090 70 20 new
3203 2081 63 30 and
3293 2080 105 31 chaste
3512 2071 12 49 I

3025 2121 125 39 designs
3186 2120 44 41 5/-
3241 2132 56 29 per
3320 2122 66 30 doz.
3396 2121 12 40 )

3026 2166 177 32 Statement
3220 2168 117 35 Heads,

3026 2208 72 30 Ball
3112 2208 226 40 Programmes.

3027 2250 135 35 Posters,
3177 2250 177 36 Handbills,

3026 2290 168 35 Billheads,
3218 2291 141 37 Cheques

3029 2330 106 29 Letter
3149 2330 61 29 and
3219 2330 81 30 Note
3312 2330 108 30 Heads

3029 2370 167 37 Circulars,
3218 2370 119 36 Mentis,

3029 2412 193 40 Catalogues,
3238 2414 54 28 &c.
3304 2412 76 39 ,&c,
3405 2413 56 30 &c.

2944 2460 89 39 ttew
3048 2460 120 49 Styles
3182 2460 39 39 m
3236 2460 164 51 Visiting
3413 2460 69 39 and

3062 2550 167 39 Business
3245 2549 116 40 Cards.

2946 2636 37 30 R.
3006 2635 42 31 H.
3070 2634 120 35 Parish,
3249 2634 189 40 Proprietor.

3029 2686 67 30 The
3113 2685 182 31 NEWEST
3321 2686 163 30 STYLES
3523 2686 1 33 ]

2946 2737 32 30 m
2990 2737 134 31 TYPES
3132 2737 61 29 and
3205 2737 280 36 ORNAMENTS,
3522 2724 2 16 '

2946 2778 62 31 and
3029 2779 55 29 the
3103 2778 123 30 -Latest
3263 2779 222 40 Typographic

2947 2820 160 30 Novelties
3123 2830 53 19 are
3187 2820 180 39 constantly
3392 2820 95 37 being

2946 2860 100 32 added
3060 2864 34 27 to
3109 2860 54 30 the
3177 2861 99 39 plant,
3289 2860 100 30 which
3402 2861 27 30 is
3441 2860 44 30 al-

2945 2902 96 40 ready
3059 2913 75 30 very
3150 2899 160 43 complete.

2947 3701 106 65 Ivrisli
3064 3702 26 25 to
3100 3701 86 25 inform
3209 3709 42 24 my
3272 3701 91 24 Oxford
3389 3700 92 25 friends

3001 3735 51 24 and
3074 3735 44 25 the
3138 3736 101 30 general
3255 3733 89 26 Public
3370 3734 57 24 that
3438 3741 44 24 my

2945 3775 127 32 Rangiora
3093 3775 116 26 business
3230 3775 46 25 has
3299 3774 128 26 increased
3454 3776 27 23 to

2947 3816 61 25 such
3020 3824 33 16 an
3065 3818 84 24 extent
3160 3817 54 24 that
3224 3817 15 24 I
3250 3816 66 26 shall
3335 3816 31 25 be
3394 3816 89 24 unable
3514 3810 10 32 i

2941 3857 32 23 to
2994 3856 59 25 visit
3066 3856 88 25 Oxford
3179 3856 77 25 untill
3274 3856 98 24 further
3390 3856 91 24 notice.

2945 3894 44 26 All
3005 3894 69 26 work
3097 3896 56 24 sent
3168 3894 35 33 by
3214 3894 116 26 Griffiths
3343 3894 67 29 Bro.,
3423 3894 59 26 Car-

2946 3936 71 29 riers,
3041 3936 49 25 will
3113 3936 95 25 receive
3229 3937 101 31 prompt
3349 3936 134 25 attention.

2947 3976 23 24 A
3005 3976 69 31 large
3109 3975 77 27 Stock
3224 3976 28 25 of
3434 3976 51 24 and

2947 4012 130 33 Jewellery
3105 4021 34 17 on
3168 4012 78 26 hand.
3281 4012 127 26 Traveller
3447 4012 39 25 for

2947 4052 82 26 North
3039 4052 156 33 Canterbury
3207 4052 98 26 district
3316 4051 42 26 Mr
3369 4051 25 25 J.
3408 4052 77 26 Gent.

3064 4091 70 26 GUS
3146 4090 118 31 JONES,
3284 4090 136 33 Rangiora.

2434 196 428 46 EUCALYPTUS

2640 266 11 16 ♦

2434 294 60 21 THE
2509 294 72 21 BEST
2595 294 88 22 HOME
2699 293 142 22 BEMEDIE

2493 333 36 15 are
2542 326 37 22 the
2588 326 136 27 preparation
2735 325 68 23 otthe

2378 363 170 22 TASMANIAN
2566 363 187 22 EUCALYPTUS
2767 362 48 21 OIL
2829 361 83 22 COMP.

2406 401 137 25 Universally
2552 400 104 21 admitted
2664 400 38 20 the
2710 400 80 23 BEST,
2801 399 115 21 PUREST

2378 437 44 22 and
2431 438 58 20 most
2498 437 94 21 effective
2603 437 134 25 Eucalyptus
2759 435 106 21 Globalus
2879 435 36 21 Oil

2378 469 33 20 for
2430 468 173 26 INFLUENZA,
2624 467 92 26 Coughs,
2735 467 65 21 Colds
2824 467 44 20 and
2884 467 31 21 all

2378 500 66 20 Chest
2460 500 43 20 and
2511 500 63 24 Lung
2590 498 114 21 affections
2717 498 78 26 speedy
2803 498 61 20 relief
2872 498 44 20 and

2378 531 56 21 Cure
2451 532 35 20 for
2500 530 158 24 Bheumatism,
2677 529 124 26 Neuralgia,
2815 529 101 26 Sprains-

2377 557 73 21 Burns
2469 558 34 20 &o.

2404 590 134 25 Eucalyptus
2556 590 104 20 Globulns
2677 589 94 21 Extract
2779 589 91 26 sprayed
2883 589 33 20 in-

2378 622 64 20 haled
2458 621 43 21 and
2515 622 65 19 taken
2589 621 118 25 internally
2723 621 34 20 for
2771 621 37 20 the
2826 620 88 26 Throat,

2378 657 98 27 Catarrh,
2493 656 59 27 Hay,
2576 656 98 27 Typhoid
2690 657 43 21 and
2748 656 82 23 Scarlet
2839 656 77 23 Fevers

2379 689 130 21 MEASLES
2520 689 36 21 the
2561 691 56 19 most
2627 689 136 25 satisfactory
2772 689 144 25 preventative

2379 721 43 21 and
2436 721 61 21 Cure.
2524 721 57 21 Send
2594 721 52 21 Post
2661 720 56 21 Card
2727 722 23 19 to
2759 720 37 21 the
2806 719 64 22 Office
2881 721 35 21 for

2378 752 97 20 Circular
2488 752 120 25 describing
2626 753 123 19 treatment.
2776 752 140 26 Eucalyptus,

2378 785 112 21 Ointment
2500 785 36 21 the
2545 786 71 24 Magic
2625 785 79 21 Healer
2718 785 22 19 of
2755 785 69 23 Sores,
2838 785 78 24 Burns,

2380 816 102 24 Wounds,
2498 816 59 20 Boils
2576 818 45 21 &c,
2644 816 134 25 Eucalyptus
2797 815 57 26 Soap
2868 816 43 19 Fra

2378 848 63 24 grant
2450 847 43 21 and
2502 848 125 25 refreshing.
2651 847 133 26 Eucalyptus
2793 846 90 27 Jujubes
2892 853 24 14 or

2377 878 102 21 Pastilles
2489 879 34 20 for
2532 879 36 21 the
2594 879 80 21 Throat
2684 879 44 20 and
2737 879 64 20 Voice
2817 884 29 14 an
2860 879 55 20 anti-

2378 910 68 25 septic
2455 910 43 20 and
2508 910 121 20 stimulant.

2378 942 126 26 Veterinary
2521 943 36 19 Oil
2566 943 43 19 and
2619 943 112 19 Ointment
2740 943 33 18 for
2783 942 37 19 the
2829 942 86 20 stables.

2405 976 30 20 Be
2444 982 49 14 sure
2502 982 43 18 you
2555 976 109 20 Purchase
2678 975 39 21 the
2727 975 105 25 Platypus
2848 974 68 20 brand

2378 1007 50 25 only
2438 1008 22 19 of
2468 1007 29 20 all
2507 1007 113 25 Chemists,
2625 1008 89 19 Grocers
2720 1006 43 20 and
2770 1006 146 26 Storekeepers

2378 1038 43 20 and
2435 1039 23 19 at
2472 1037 37 21 the
2519 1039 65 19 Office
2592 1040 13 20 9
2615 1038 114 20 Cathedral
2738 1043 77 19 square
2824 1037 92 21 between

2378 1070 101 20 Morten's
2493 1070 113 25 Buildings
2613 1071 42 20 and
2667 1070 37 20 the
2712 1070 51 20 Post
2773 1069 71 20 Office.

2543 1104 88 21 Oxford
2642 1104 79 26 Agent

2432 1140 27 21 R.
2469 1140 30 20 H.
2513 1141 119 25 PARISH,
2655 1140 78 20 BAST
2746 1140 120 21 OXFORD

2458 1178 142 26 Eucalyptus
2610 1178 38 20 Oil
2662 1176 85 29 l/-per
2755 1177 78 22 bottle.

2377 1262 102 20 KONGO
2516 1262 54 19 PAI
2590 1262 96 20 TENEI
2699 1262 57 19 KEI
2770 1261 124 20 KOTJTOTJ

2592 1296 111 20 KATOA.

2419 1332 192 39 MACBEAN
2654 1331 219 39 STEWART'S

2376 1388 75 20 NEW
2465 1389 80 20 CURE
2560 1389 60 20 FOE,
2633 1388 128 20 ASTHMA

2431 1424 74 19 NEW
2520 1424 79 19 CURE
2613 1423 58 20 FOR
2686 1423 97 20 CROUP

2490 1458 74 20 NEW
2579 1458 80 21 CURE
2672 1458 59 20 FOR
2744 1457 172 21 DIPHTERIA

2431 1489 74 20 NEW
2520 1489 79 21 CURE
2613 1489 59 21 FOR
2686 1488 134 22 CHRONIC

2554 1526 190 21 BRONCHITIS.

2392 1564 114 28 Prepared
2515 1564 60 20 from
2584 1564 41 20 the
2634 1564 122 20 Mountain
2766 1564 46 20 and
2822 1564 81 21 Forest

2498 1592 81 19 Plants
2593 1591 24 20 of
2630 1591 56 20 New
2700 1591 106 20 Zealand.

2376 1625 30 19 In
2415 1624 97 20 Asthma
2523 1624 41 19 the
2573 1624 55 19 New
2637 1623 60 20 Cure
2706 1622 43 21 has
2757 1623 87 25 proved
2851 1623 66 20 itself

2418 1651 25 21 to
2452 1651 29 21 be
2491 1650 65 21 Head
2565 1650 46 21 and
2622 1649 123 22 Shoulders
2755 1650 71 21 above
2836 1650 33 21 *»11

2559 1678 73 20 Other
2646 1678 77 20 Cures.

2404 1719 28 19 In
2442 1724 30 14 no
2481 1718 103 20 instance
2592 1717 42 20 has
2644 1723 14 14 a
2665 1716 70 21 death,
2744 1716 173 22 occurred-from

2378 1745 131 26 diphtheria
2527 1745 66 20 when
2611 1744 42 21 the
2874 1744 42 21 has

2377 1772 57 20 been
2443 1771 74 26 freely
2526 1771 58 20 used
2592 1771 59 20 from
2657 1770 40 21 the
2706 1770 52 21 first
2764 1770 77 21 outset
2846 1770 24 21 of
2875 1771 41 20 the

2378 1799 92 25 disease,
2488 1798 47 20 and
2553 1803 26 14 so
2597 1798 67 26 great
2682 1803 39 14 are
2738 1798 32 20 its
2789 1798 126 26 protective

2375 1832 92 19 powers,
2479 1825 54 20 that
2542 1824 40 21 the
2592 1824 124 26 complaint
2724 1824 44 20 has
2778 1831 70 14 never
2858 1824 57 21 been

2376 1853 82 19 known
2467 1852 24 20 to
2501 1851 83 26 spread
2591 1851 25 20 to
2625 1850 68 21 other
2709 1851 111 20 members
2836 1850 25 21 of
2874 1851 42 20 the

2376 1879 88 24 family.

2405 1912 47 21 The
2459 1912 55 21 New
2524 1912 65 24 Cure,
2599 1913 25 19 3s
2634 1911 40 24 6d;
2686 1911 118 21 Grindelia
2812 1911 104 21 Robusta

2441 1939 136 26 Cigarettes,
2587 1940 24 19 2s
2618 1947 8 16 j
2636 1938 97 20 Asthma
2746 1938 107 24 Tobacco,

2546 1966 25 21 2s
2586 1966 30 21 6d
2629 1965 46 21 and
2689 1966 30 20 Is.

2402 2077 185 39 HEALTH
2610 2074 305 40 GUARANTEED

2380 2158 184 28 QUFFERERS
2600 2159 58 21 from
2702 2158 212 26 RHEUMATISM,

2380 2184 23 24 O
2432 2186 157 24 LUMBAGO,
2607 2186 187 24 NEURALGIA,
2811 2186 105 20 Nervous

2378 2213 142 23 exhaustion,
2529 2213 98 26 -wasting
2634 2212 99 26 dibility,
2743 2213 47 19 lost
2798 2213 81 25 vigour
2891 2212 25 20 cf

2377 2241 67 26 body,
2453 2245 159 19 nervousness,
2622 2241 46 20 loss
2677 2239 23 21 of
2717 2239 58 21 flesh
2793 2239 47 21 and
2857 2239 60 21 vital

2378 2274 80 19 power,
2481 2267 93 21 restless
2606 2267 69 25 sleep;
2698 2267 97 24 dreams,
2813 2267 77 26 pimple
2890 2267 26 26 3,

2377 2295 64 19 weak
2451 2294 61 23 back,
2525 2294 62 20 want
2604 2294 25 19 of
2639 2293 162 25 development,
2818 2293 98 21 varicose

2377 2320 73 24 veins,
2458 2316 135 30 incapacity,
2611 2320 94 25 urinary
2726 2319 119 25 disorders,
2865 2319 51 21 skin

2378 2347 48 21 and
2433 2346 70 21 blood
2512 2347 97 19 diseases
2618 2346 47 20 and
2673 2346 33 20 all
2714 2346 106 20 ailments
2830 2346 88 26 arising

2378 2375 57 19 from
2445 2373 63 26 early
2517 2378 24 15 or
2550 2372 60 21 later
2629 2373 43 26 day
2686 2378 73 15 errors
2769 2373 51 24 etc.,
2844 2372 73 21 CON-

2378 2400 76 22 SULT
2462 2399 80 22 FREE
2566 2400 84 22 PROF.
2672 2399 152 22 NOTMANN
2841 2400 33 21 M.
2883 2398 34 28 E.,

2378 2429 28 19 E.
2436 2427 72 22 M..G.
2531 2427 130 21 MARKET
2679 2427 94 21 PLACE
2794 2427 124 21 CHRIST-

2378 2455 126 21 CHURCH
2545 2455 119 26 (Opposite
2706 2455 107 19 Colombo
2841 2454 77 20 Street

2378 2482 85 27 Bride)

2406 2519 49 20 The
2464 2518 55 26 only
2534 2518 89 26 Expert
2641 2518 144 26 advertising
2801 2518 53 21 that
2871 2518 47 20 will

2377 2546 55 21 that
2439 2546 48 21 will
2495 2546 126 26 guarantee
2630 2552 14 13 a
2653 2545 116 26 thorough
2775 2551 59 14 cure.

2406 2587 252 22 MANUFACTURER
2668 2587 23 21 of
2700 2587 41 21 the
2750 2588 54 26 only
2823 2593 95 20 guaran-

2378 2616 54 20 teed
2441 2615 98 21 Electric
2547 2615 50 21 belt
2615 2614 47 21 and
2674 2615 66 21 other
2758 2614 85 27 special
2861 2614 57 21 elec-

2378 2643 69 21 trical
2455 2642 129 27 appliances
2593 2642 25 20 m
2627 2642 40 21 the
2677 2641 110 22 Colonies.
2818 2641 98 21 Medical

2378 2671 116 19 Batteries
2503 2670 43 20 etc.
2574 2669 140 26 Discriptive
2723 2669 134 26 Pamphlets
2865 2669 54 26 post

2378 2697 65 21 Free.
2585 2717 2 3 .

2457 2839 366 46 IMPORTANT

2377 2947 84 30 ALL
2491 2947 121 32 WOOL
2637 2947 172 30 EOSLYN
2828 2947 88 30 AND

2414 3021 296 31 WELLINGTON
2734 3021 152 31 TWEED

2524 3087 257 43 SXJITS

2420 3156 68 39 35/-
2506 3155 86 31 Suits
2607 3156 146 30 Reduced
2762 3159 34 27 to
2819 3155 67 40 25/-

2419 3216 69 41 45/-
2483 3247 15 17 #
2530 3240 21 15 „
2608 3222 6 38 ;
2637 3240 18 13 „
2740 3240 19 13 „
2827 3215 67 41 35/-

2419 3264 149 31 Trousers
2582 3266 62 29 and
2658 3264 77 31 Vest
2799 3264 76 40 13/6

2613 3324 53 22 AT

2404 3376 197 33 PARISH'S
2628 3377 90 31 East
2741 3377 145 31 Oxford.

2426 3532 191 57 Money
2634 3535 55 42 to
2711 3532 156 44 Lend.

2418 3596 19 30 I
2471 3596 81 30 Lave
2573 3606 113 30 money
2721 3598 34 28 to
2775 3596 74 30 lend
2883 3596 34 29 m

2377 3638 87 38 large
2493 3647 35 19 or
2549 3638 90 29 small
2674 3647 85 20 sums
2785 3640 34 28 to
2855 3638 63 29 suit

2376 3677 178 30 Borrowers
2591 3680 34 27 at
2652 3678 109 29 lowest
2791 3680 128 26 current

2436 3757 62 40 W.
2524 3757 46 40 H.
2596 3758 261 40 SPACEMAN.

2553 3805 192 29 SOLICITOR,

2446 3844 193 24 Chbistchukch
2650 3845 50 23 and
2712 3845 136 25 Eangioka.

2406 3972 46 43 S.
2493 3972 80 43 W.
2610 3972 278 44 TURPIN.

2377 4038 244 39 WATCHMAKER.
2655 4038 177 40 JEWELLER
2857 4039 59 33 &c.

2453 4099 89 25 MAIN
2557 4099 136 26 STBEET
2711 4100 141 27 OXFOED

2522 4162 2 3 .
2570 4148 64 17 near
2644 4141 84 25 Bank.

2397 4254 75 30 W.
2516 4253 368 34 WOODWARD

2376 4308 155 27 PAINTER
2548 4306 70 28 AND
2636 4308 275 34 PAPERHANGER,

2479 4358 113 31 EAST
2636 4358 184 34 OXFORD.

2427 4451 43 27 All
2480 4450 214 35 orders,promptly
2832 4456 37 29 to,

1311 223 72 54 H.
1414 221 63 54 E.
1508 209 446 65 BOARDMAN
1994 205 53 56 &
2077 198 148 62 CO.,

1216 298 143 21 BAILIFFS
1372 297 65 21 AND
1452 293 184 24 COMMISSION
1654 289 128 24 AGENTS.
1827 285 102 24 HOTEL
1941 278 140 25 BROKERS
2095 275 63 21 AND
2171 272 150 21 VALUERS.

1315 346 59 28 222
1397 339 235 34 HEREFORD
1656 334 171 37 STEEET,
1871 320 342 42 CHRISTCHUROH.

1502 402 391 24 »♦♦♦♦♦♦♦♦♦♦♦♦♦♦♦♦♦♦♦♦♦♦♦♦♦♦•
1899 402 8 14 •
1998 397 84 16 ••••*•

1260 449 43 24 We
1320 447 150 32 respectfully
1483 446 39 31 beg
1540 449 22 19 to
1574 444 74 24 thank
1657 450 44 18 our
1712 441 90 24 Clients
1808 439 50 24 and
1867 436 36 24 the
1915 433 89 27 Public
2013 429 124 35 generally
2142 428 45 31 for
2195 425 39 25 the
2250 424 99 30 support

1190 492 116 24 accorded
1317 500 36 19 us,
1366 491 50 23 and
1427 498 45 16 can
1484 494 82 18 assure
1577 494 43 16 our
1624 485 100 33 friends
1734 483 53 24 that
1795 489 45 16 our
1849 480 105 24 business
1964 474 158 26 stillremains
2139 470 76 24 under
2233 468 37 23 the
2288 472 62 18 same

1192 538 161 27 management
1371 540 28 15 as
1407 532 108 26 hitherto,
1526 530 49 24 and
1583 529 51 23 that
1642 526 135 31 everything
1787 521 121 26 entrusted
1917 524 22 19 to
1948 527 28 15 us
1988 517 51 24 will
2048 517 24 23 be
2080 515 79 24 under
2170 512 36 23 the
2218 519 9 14 t
2227 510 122 23 mmedtate

1190 576 147 31 supervision
1348 576 31 30 of
1385 582 45 15 our

1390 615 124 32 MR.
1546 613 67 32 H.
1638 612 55 32 E.
1719 597 428 45 BOABDMAN

1425 734 269 36 .-LOCAL

1310 784 402 48 BARLOUT
1755 780 166 42 AND
1968 769 277 47 PRICE

1496 836 192 42 Coventry
1726 830 113 45 Cycle
1888 826 130 36 Worlis

1359 895 38 28 88
1421 888 199 33 COLOMBO
1645 885 174 34 STREET,
1864 872 345 40 CHRISTCHURCH.

1191 954 57 31 We
1263 954 120 29 having
1398 952 94 29 taken
1507 959 74 21 over
1594 948 53 29 the
1661 945 72 31 well
1746 945 115 28 known
1871 940 112 33 works,
1999 936 181 37 machinery
2189 932 62 29 and
2260 930 89 31 stock

1190 996 34 29 m
1237 995 90 29 trade
1341 978 77 45 wish
1433 995 33 26 to
1480 991 113 29 inform
1608 988 54 29 the
1684 985 104 41 public
1802 983 72 30 that
1887 991 46 20 we
1948 990 53 19 are
2016 975 151 41 prepared
2181 975 33 27 to
2234 973 114 28 under-

1190 1035 73 31 take
1278 1034 103 31 orders
1395 1034 49 28 for
1458 1041 68 21 new
1540 1028 158 30 machines
1714 1026 61 29 and
1790 1025 128 30 execute
1936 1028 119 32 repairs
2078 1020 33 26 at
2133 1016 54 29 the
2212 1016 137 27 shortest

1323 1074 103 31 notice
1440 1073 49 30 for
1511 1071 41 31 all
1566 1069 92 30 kinds
1674 1066 34 32 of
1718 1063 215 42 Engineering
1947 1062 62 29 and
2021 1057 94 41 Cycle
2128 1056 94 30 work.

1355 1126 127 23 SPECIAL
1494 1122 178 24 ATTENTION
1688 1119 95 23 GIVJfiN
1797 1118 38 21 TO
1850 1114 140 23 COUNTRY
2006 1111 123 22 ORDERS.

1192 1168 120 36 Racing
1326 1164 160 32 Machines
1510 1161 61 31 and
1593 1159 99 40 Light
1714 1156 167 31 Roadsters
1898 1164 18 19 a
1931 1151 156 41 specialty.
2130 1148 49 29 No
2193 1145 155 40 imported

1190 1209 157 30 machines
1361 1208 76 36 kept
1450 1205 33 29 m
1499 1202 98 32 stock,
1614 1201 51 36 all.
1671 1199 86 32 work
1772 1198 79 29 done
1866 1206 41 19 on
1920 1194 54 29 the
1997 1199 157 33 premises.
2206 1189 38 32 A,
2261 1189 88 36 large

1221 1249 89 32 stock
1324 1248 35 31 of
1368 1248 126 37 Lamps,
1506 1242 94 35 Bells,
1617 1242 62 30 and
1695 1239 129 33 Saddles
1838 1248 40 19 on
1891 1235 85 30 hand
1992 1236 31 27 at
2037 1241 114 21 reduce
2162 1229 131 39 dprices.

1321 1327 117 86 E.
1504 1324 135 84 H.
1697 1309 516 97 PARISH

1466 1449 195 61 EAST
1710 1441 327 64 OXFORD

1414 1540 79 31 has
1508 1534 189 36 received
1717 1543 26 21 a
1758 1529 293 41 consignment
2068 1526 43 32 of

1189 1592 302 55 Messrs
1550 1586 419 57 JTolirasoias
2022 1577 67 56 &
2145 1576 202 53 Sons

1364 1667 267 60 GREAT
1692 1655 451 66 YARMOUTH

1254 1761 227 90 OIL
1562 1746 695 98 CLOTHING

1369 1890 338 50 ENORMOUS
1768 1886 390 45 REDUCTIONS

1188 2011 80 25 mHE
1287 2009 116 30 question
1414 2006 21 25 is
1447 2003 134 28 natural—
1606 2003 67 31 Why
1684 2001 61 26 send
1759 2002 27 23 to
1799 1998 177 27 Christchurch
1995 1998 39 26 for
2051 2004 63 26 your
2131 1997 131 32 Drapery?
2296 1996 52 24 The

1196 2044 19 27 I
1253 2044 102 28 drapery
1368 2040 53 27 sold
1430 2040 26 24 m
1465 2039 57 25 that
1533 2038 51 31 city
1595 2044 72 23 every
1679 2043 46 17 one
1738 2035 93 29 knows,
1843 2033 23 24 is
1877 2034 45 23 not
1933 2032 73 25 made
2016 2032 78 28 there,
2112 2030 47 25 but
2169 2029 131 33 imported.
2334 2029 15 24 I

1190 2079 94 28 import
1294 2078 66 22 from
1371 2074 44 25 the
1426 2073 53 24 best
1491 2070 108 32 English
1610 2069 50 24 and
1678 2068 88 25 Scotch
1778 2067 99 24 houses.
1924 2066 71 24 lam
2008 2065 104 25 enabled
2122 2066 26 22 to
2159 2064 123 31 purchase
2300 2063 47 25 low

1189 2111 50 25 and
1249 2109 45 25 sell
1306 2110 27 23 at
1342 2116 15 15 a
1368 2108 53 23 rate
1433 2105 27 23 of
1468 2104 75 31 profit
1556 2103 53 32 (my
1621 2108 120 23 expences
1752 2100 73 30 being
1835 2098 82 31 small)
1929 2098 58 24 that
1998 2097 83 25 would
2092 2097 30 24 be
2140 2096 146 25 considered
2305 2096 42 23 ab-

1189 2144 58 25 surd
1259 2142 32 29 by
1307 2149 48 22 any
1376 2136 179 28 Christchurch
1578 2133 200 26 establishment.
1830 2130 44 32 My
1896 2130 76 26 Stock
1991 2130 21 24 is
2032 2129 43 25 the
2094 2129 95 32 largest
2207 2128 51 24 and
2279 2129 68 24 most

1186 2176 96 27 fcvaried
1293 2175 56 25 that
1359 2173 46 24 has
1416 2178 57 17 ever
1483 2170 64 24 been
1558 2168 87 24 shown
1655 2166 28 25 m
1694 2165 44 25 the
1748 2165 105 29 district,
1866 2163 50 24 and
1927 2163 39 25 for
1976 2162 92 32 quality
2089 2163 49 24 and
2157 2161 72 25 value
2246 2163 59 29 puts
2321 2162 28 23 m

1190 2213 31 23 he
1233 2209 79 25 shade
1329 2205 76 34 goods
1417 2203 91 25 offered
1519 2202 34 31 by
1564 2200 103 31 visiting
1679 2198 116 25 bawkere
1807 2198 62 24 from
1882 2196 44 24 the
1943 2195 181 26 Christchurch
2136 2203 46 24 rag
2194 2196 87 23 marts.

1221 2264 96 24 Dress
1329 2260 165 29 Materials,
1507 2257 88 25 Plain
1607 2256 61 24 and
1677 2254 104 31 Fancy
1793 2253 80 25 from
1886 2252 49 24 3d.
1948 2257 55 25 per
2011 2250 85 31 yard.

1222 2323 27 25 A
1266 2321 110 28 Strong
1392 2319 88 25 Stout
1495 2314 134 28 Durable
1647 2314 127 30 Kaiapoi
1790 2312 113 25 Tweed
1920 2311 51 32 2/6
1983 2316 55 25 per
2048 2311 77 29 yard

1820 2355 109 24 Makes
1941 2355 156 22 first-class
2114 2353 91 29 Boys'
2223 2352 91 25 Suits.

1223 2417 58 24 Art
1296 2414 141 29 Muslins,
1457 2411 157 30 Cretones,
1633 2409 79 25 Lace
1731 2408 137 25 Curtains
1888 2406 53 25 &c.

1223 2484 26 30 A
1266 2482 110 26 Choice
1394 2479 168 26 Collection
1580 2478 33 24 of
1627 2477 121 29 Gloves,
1775 2474 78 30 Ties,
1883 2472 130 31 Aprons,
2043 2471 166 25 Insertions
2227 2471 54 24 &c.

1223 2537 121 30 Striped
1362 2534 124 25 Galatea
1502 2532 55 33 4/6
1568 2537 55 24 per
1635 2531 106 28 dozen,
1771 2528 103 24 worth
1886 2528 48 23 9d.
1953 2532 55 24 per
2025 2525 85 30 yard.

1223 2601 103 25 Prints
1338 2599 80 25 from
1430 2597 45 25 4d
1494 2601 56 26 per
1560 2595 85 31 yard.
1658 2594 140 30 Muslins,
1811 2592 139 30 Selesias,
1964 2589 126 32 Calicos,
2104 2589 55 26 &c.

1810 2634 88 27 With
1914 2634 88 25 other
2019 2633 193 25 Manchester
2228 2633 87 30 lines.

1223 2697 89 32 Hats,
1330 2696 104 29 Fancy
1451 2693 60 25 and
1528 2692 106 31 Sailor,
1653 2692 31 23 m
1700 2689 105 25 White
1822 2688 60 25 and
1900 2687 115 26 Colors.
2049 2690 68 21 .'.■'•■•

1768 2732 126 25 Newest
1911 2730 130 31 Shapes..
2070 2728 97 31 Large
2183 2729 132 32 Variety,

1222 2793 149 29 Flowers,
1389 2789 156 30 Feathers,
1563 2786 149 30 Ribbons,
1731 2784 105 31 Laces,
1855 2783 75 31 Jets,
1950 2782 55 26 &c.

1696 2826 88 24 With
1801 2826 41 22 all
1858 2824 185 24 necessaries
2060 2823 47 24 for
2124 2822 191 28 Trimmings.

1221 2883 105 30 Fancy
1341 2881 140 30 Frillings
1500 2879 78 32 3yds
1589 2879 47 24 for
1646 2877 36 34 1/-
1700 2876 102 26 worth
1813 2875 50 31 9d,
1882 2879 55 27 per
1947 2874 84 31 yard,

1759 2920 183 30 Umbrellas,
1961 2918 151 30 Parasols,
2131 2916 183 31 Sunshades,

1338 3024 334 45 SPECIAL
1759 3020 423 42 PUECHi.SE

1189 3099 111 34 BOYS
1333 3097 89 31 AND
1452 3093 174 34 YOUTHS
1665 3090 217 34 COLONIAL
1914 3089 155 32 TWEED
2096 3089 252 34 OVERCOATS

1356 3156 17 15 ♦
1674 3154 78 30 with
1774 3153 97 39 Capes

1442 3246 4 2 .
1466 3217 93 30 From
1583 3216 66 30 17s.
1694 3214 50 29 6d.
1789 3212 102 31 worth
1933 3213 66 29 255.
2048 3211 48 30 6d.
2112 3222 3 2 ■
2133 3217 28 31 \

1341 3282 197 33 Men's
1582 3280 227 31 Tweecl
1853 3279 349 32 Overcoats

1666 3332 95 29 From
1785 3332 64 29 15s.

1189 3509 133 41 English
1337 3509 129 42 Witney
1475 3508 149 31 Blankets
1639 3511 33 28 to
1688 3508 38 30 be
1740 3508 68 31 sold
1823 3511 32 26 at
1866 3508 59 29 less
1933 3507 78 30 than
2025 3506 181 31 Melbourne
2220 3505 129 32 Whole-

1190 3562 63 30 sale
1274 3563 128 39 price—
1402 3561 120 31 Double
1537 3560 69 30 Bed
1623 3560 68 30 Size
1714 3560 64 29 12s.
1805 3559 48 30 6d.
1905 3558 101 30 worth
2023 3559 64 29 16si
2126 3558 49 30 6d.
2197 3565 56 31 per
2267 3558 77 39 pair.

1359 3633 130 40 cheaper
1503 3631 77 31 than
1597 3628 225 33 Christchurch
1835 3629 115 32 houses
1963 3628 65 33 will
2042 3628 58 31 sell
2115 3629 94 32 them.

1189 3722 302 79 MISSES'
1552 3720 252 78 CAPES
1860 3720 63 78 &
1981 3717 361 81 JACKETS

1249 3835 89 47 Tfts
1353 3834 165 47 Hswsst
1548 3831 155 58 Sfeaps
1722 3832 108 47 Stsm
1851 3830 85 55 3/6
1961 3832 141 47 worth:
2121 3831 168 49 UvMu

1194 3956 526 94 PRINTS!
1763 3958 490 87 PRINTS
2279 3958 61 87 !!

1273 4096 139 48 UHw
1430 4092 153 49 Unfed,
1602 4097 105 48 cost,
1727 4091 186 48 Edward
1933 4091 203 52 Bima6tts
2155 4094 116 49 $tsck

1194 4169 325 104 ROLLER
1585 4167 518 101 TOWELLING
2208 4167 137 89 Id.

1539 4317 143 48 worth
1691 4315 72 53 M
1786 4325 74 50 pt
1877 4315 122 59 yard.

1242 4438 71 32 R.
1336 4437 82 33 H.
1454 4433 314 42 PARISH,
1826 4432 156 33 East
2030 4432 258 37 Oxford.

1184 4482 44 12 ■•■'■
1305 4471 1 17 :
1386 4473 2 3 '
1493 4493 3 2 ■
1546 4477 3 3 '
1576 4473 28 14 '■'
1647 4482 47 12 --■■
1713 4475 4 8 '
1804 4493 2 2 ■
1854 4479 16 8 •■
1888 4472 3 12 :
1950 4480 9 18 ■•■
2027 4473 25 26 '■'•
2074 4480 12 6 -
2107 4482 32 8 ■-■••
2197 4475 49 14 '■•"■•"
2267 4477 2 1 '
2285 4489 3 1 -
2330 4486 2 1 -
2345 4475 2 14 :

623 233 268 45 GEORGE
924 233 234 45 KEATS.

647 309 158 25 BUILDER
815 309 70 25 AND
898 310 240 24 UNDERTAKER

725 363 105 31 EAST
872 364 182 31 OXFORD.

656 453 122 26 Funerals
786 453 152 29 Conducted,
950 454 90 25 Adults
1046 454 67 25 from
1122 454 36 24 £3

623 496 116 26 Children
757 496 65 24 from
841 497 69 32 22/6.

645 670 222 24 OXPOBD
913 668 237 23 ZB-AJEdEjEaiT

727 715 214 30 Established
967 714 87 29 1862.

673 779 124 29 FLOUR,
809 779 56 25 best
876 778 81 26 brand
967 777 60 33 only
1038 778 68 30 kept.

625 822 144 27 SHARPS,
805 821 207 28 OATMEAL,
1047 819 110 25 BRAN

715 863 292 29 CHICKENWHEAT,
1026 864 42 24 &o.

650 909 41 20 AT
718 908 123 21 LOWEST
870 907 142 21 CURRENT
1039 905 104 24 RATES,

713 1011 53 44 F.
799 1008 51 45 B.
872 1006 190 56 LANE.

730 1083 91 41 (Late
835 1083 39 30 E.
894 1081 161 40 Butcher.)

626 1143 251 34 Watchmaker,
906 1142 184 33 Jeweller,
1106 1139 52 30 &c.

624 1193 124 32 Importer
781 1192 28 24 of
848 1190 107 26 Musical
990 1190 168 25 Instruments

724 1230 111 26 Victoria
856 1229 38 26 St.
925 1229 134 30 Rangiora.

627 1319 98 31 Special
736 1318 71 24 value
830 1317 28 24 m
880 1316 80 24 Extra
983 1316 87 29 strong
1082 1313 76 25 Cased

625 1363 87 31 highly
720 1361 109 25 finished
842 1359 110 31 English
969 1358 80 25 Lever
1058 1356 100 26 Watch-

625 1413 34 17 es.
705 1403 192 26 Manufactured
914 1403 26 23 to
962 1409 43 23 my
1034 1400 72 25 order
1126 1399 32 31 by

625 1444 55 25 best
691 1443 104 24 London
814 1441 107 24 makers.
956 1439 158 31 Unequalled
1122 1438 36 24 for

625 1486 121 25 excellent
760 1484 178 31 Timekeeping
953 1482 51 25 and
1015 1480 143 32 durability.

657 1530 29 24 F.
704 1530 31 24 B.
748 1527 96 25 LANE
856 1525 141 33 personally
1018 1524 72 26 visits
1111 1524 47 25 Ox-

625 1573 54 25 ford
699 1571 124 32 monthly,
847 1570 115 31 carrying
981 1577 16 17 a
1018 1568 69 32 large
1110 1568 48 24 and

624 1616 85 23 choice
743 1614 70 23 stock
841 1613 28 24 of
899 1612 127 27 Watches,
1056 1611 102 27 Chains,

624 1657 133 27 Brooches,
768 1655 87 31 Rings,
867 1653 85 29 Studs,
970 1653 129 25 Pendants
1111 1653 47 28 etc,

626 1701 141 32 Spectacles
788 1698 124 33 (Pebbles,
929 1697 169 27 Pantoscopsc
1110 1696 48 25 and

626 1744 108 32 Crystal)
748 1742 95 28 Clocks,
863 1741 107 33 (Marble
990 1740 50 24 and
1058 1740 100 31 Wood,)

724 1785 93 25 Accord
821 1792 59 16 eons
892 1784 50 24 and
953 1783 106 25 Violins.

657 1830 81 23 Exact
750 1829 57 24 date
819 1828 28 24 of
856 1827 62 24 each
929 1827 60 24 visit
1011 1826 22 24 is
1045 1825 106 24 notified

772 1871 28 23 m

624 1915 114 25 Repairs.
741 1929 31 4 —
774 1913 42 25 All
827 1913 93 31 repairs
938 1919 43 17 are
997 1911 120 25 executed
1127 1911 31 31 by

623 1958 92 32 myself
736 1964 27 19 or
779 1956 80 24 under
875 1963 43 24 my
938 1954 220 32 superintendence

623 2010 28 17 so
673 2002 56 25 that
748 2001 103 32 patrons
863 2007 47 18 can
932 1999 52 32 rely
1007 2006 33 18 on
1062 1998 96 32 getting

624 2045 154 26 satisfaction
788 2045 26 24 at
826 2043 44 26 the
881 2051 58 23 very
950 2042 87 25 lowest
1046 2041 112 32 charges.

656 2090 105 30 Repairs
772 2096 28 16 or
809 2087 84 25 orders
902 2094 58 24 may
971 2086 31 25 be
1010 2085 45 26 left
1066 2086 27 23 at
1094 2099 33 4 —

623 2136 26 25 J.
666 2136 135 29 Weeber's,
836 2135 65 24 East
925 2133 100 25 Oxford.

622 2181 26 24 at
671 2180 40 25 W.
736 2178 35 25 M.
797 2177 36 29 C,
858 2178 64 25 East
947 2177 101 24 Oxlord.

623 2223 24 24 J.
664 2222 100 29 Brown,
777 2220 161 30 Bootmaker,
962 2220 71 24 West
1057 2218 101 25 Oxford.

623 2266 40 25 W.
676 2266 24 25 J.
715 2265 117 25 Crothers
842 2265 19 23 &
873 2264 45 25 Co.
927 2281 5 7 .
955 2262 70 26 Cust.

656 2307 50 24 and
722 2306 52 26 will
780 2306 31 24 be
822 2305 126 32 promptly
960 2304 119 25 attended
1090 2305 35 23 to.

626 2351 54 29 All
691 2350 100 30 Work'
802 2350 78 29 done
892 2359 39 19 on
945 2349 54 28 the
1010 2348 148 29 Premises

748 2401 61 30 and
825 2399 198 40 guaranteed.

664 2521 91 41 ■W.
804 2518 312 44 STOCKS,

621 2580 344 33 MONUMENTAL
986 2577 172 38 MASON,

744 2633 133 31 Madras
901 2631 126 36 Steeet,

663 2683 455 35 CHRISTCHURCH.

623 2777 160 62 WISHES
801 2779 26 21 to
844 2777 88 23 inform
945 2783 100 23 persons
1064 2775 24 23 m
1097 2776 61 22 want

711 2812 27 24 of
752 2810 166 24 Monumental
944 2808 75 25 Work
1047 2808 54 23 that
1129 2807 29 24 he

619 2845 96 24 intends
736 2847 25 20 to
784 2842 89 25 SELL
901 2841 63 26 HIS
998 2840 160 26 PRESENT

619 2877 117 25 LARGE
757 2875 120 29 STOCK,
894 2874 134 32 consisting
1045 2873 25 25 of
1083 2873 75 24 Gran-

619 2913 34 22 ite
671 2910 102 30 Marble,
799 2909 48 24 and
873 2909 69 24 other
969 2907 75 26 Stone
1073 2906 85 24 Monu-

620 2947 86 25 ments,
736 2946 26 21 at
791 2942 162 30 considerably
988 2939 170 26 REDUCED

619 2977 134 25 PRICES.
786 2975 58 25 Iron
861 2975 102 28 Fences,
983 2973 113 25 Concrete
1113 2972 45 24 and

622 3010 74 24 Stone
713 3008 126 30 Kerbings,
858 3006 137 25 rtducedin
1012 3006 72 30 ].rice.
1119 3005 39 22 In-

620 3043 128 30 scriptions
765 3040 49 24 and
832 3040 33 24 all
882 3038 67 26 work
966 3039 24 23 m
1019 3037 139 25 connection

621 3076 56 23 with
696 3075 41 23 the
754 3073 69 24 trade
835 3073 61 23 done
906 3071 26 23 m
944 3071 133 24 firot-class
1090 3071 68 30 style.

620 3108 78 31 Early
714 3106 134 32 inspection
866 3105 100 24 invited.
1004 3103 96 27 Several
1109 3111 49 16 new

621 3142 61 23 lines
699 3141 75 29 lately
803 3139 102 24 arrived.
940 3137 54 30 Any
1022 3135 136 25 reasonable

621 3174 59 24 offer
696 3173 38 23 for
751 3172 41 23 the
809 3175 95 26 present
922 3169 69 24 stock
1007 3169 51 24 will
1084 3168 74 24 result

621 3207 24 23 m
663 3215 14 15 a
695 3207 59 23 sale.
790 3203 76 25 Want
889 3205 27 23 to
932 3202 93 25 realise.

625 3316 90 38 MR
736 3314 65 41 W.
827 3314 51 40 N.
903 3310 255 45 CATHRO,

664 3384 183 24 BAEKISTER
861 3383 68 22 AND
945 3381 175 23 SOLICITOK.

774 3425 233 33 BANGIORA.

621 3481 134 30 Attends
770 3479 123 30 Oxford
907 3488 40 19 on
958 3478 98 30 Court
1063 3475 95 40 Days.

621 3554 169 25 Instructions
798 3552 33 31 by
842 3553 57 29 post
910 3549 53 26 will
973 3549 94 25 receive
1077 3555 81 24 prom-

787 3591 29 30 pt
844 3588 134 26 attention.

745 3638 107 22 MONEY
881 3636 37 21 TO
947 3635 90 20 LEND.

672 3748 46 54 S.
751 3746 49 45 B.
825 3741 307 55 SEYMOUB,

823 3812 139 26 DENTIST,

664 3855 42 20 215
720 3854 106 21 Colombo
841 3854 82 22 Street,
946 3850 171 22 Christchurch.

793 3925 191 23 CHAKGES:--.

692 3970 93 24 Pilling,
800 3968 25 20 5e
831 3976 8 16 i
875 3966 134 22 Extraction
1018 3966 26 19 2s
1058 3963 36 22 6d.

640 4032 105 20 .Nitrous
754 4030 60 22 Oxid
823 4030 47 20 Gas
878 4027 171 23 Administered
1052 4026 38 21 for
1096 4025 62 21 Pain-

623 4075 46 21 less
679 4073 134 23 Extraction
823 4072 24 22 of
855 4071 81 23 Teeth.
970 4071 46 21 Fee
1025 4069 36 21 for
1070 4066 88 23 Admin-

623 4113 110 21 istration
744 4113 31 20 ss.

626 4217 299 42 DAMAGED
939 4212 219 43 CALICO

747 4275 34 26 to
795 4272 39 29 be
849 4270 67 32 sold
931 4269 107 39 cheap.

686 4317 213 48 HOLLAND
934 4315 156 45 FINISH

800 4364 159 43 CALICO

880 4419 33 27 at

738 4468 38 32 E.
793 4466 42 32 H.
857 4463 197 35 PARISHES

59 2044 62 43 B.
160 2041 79 43 W.
256 2035 338 51 ENGLAND,

57 2109 140 38 Timber
212 2105 70 39 and
304 2103 76 39 Coal
409 2100 185 39 Merchant

58 2189 161 68 LARGE
240 2187 107 26 STOCK
364 2185 44 25 OF
421 2181 172 28 BUILDING

233 2218 209 27 MATERIALS.

128 2267 33 24 Of
183 2274 70 22 every
286 2262 157 31 description,
476 2257 117 27 seasoned

161 2303 74 30 ready
242 2302 38 23 for
287 2307 51 21 use,
348 2300 90 28 always
445 2305 31 16 on
483 2297 77 22 hand.

96 2347 67 26 Also,
194 2342 152 26 Galvanised
376 2341 68 27 Iron,
475 2337 118 25 Portland

61 2386 104 25 Cement
174 2384 49 24 and
235 2381 123 26 Builders'
372 2380 191 28 Ironmongery,

94 2438 110 29 Country
221 2434 90 24 Orders
335 2430 126 32 Carefully
482 2427 111 27 Selected

226 2473 49 25 and
283 2471 143 26 forwarded.

59 2514 97 26 TUAM
165 2511 143 28 STREET,
322 2505 271 29 CHRISTCHURCH

86 2610 218 48 PUBLIC
353 2605 237 47 NOTICE.

88 2684 173 35 Telegraphic
274 2683 130 33 Messages
425 2689 50 16 can
486 2688 61 17 now
557 2679 35 25 be

55 2725 60 22 sent
138 2721 53 24 and
210 2718 120 26 received
351 2721 28 21 at
404 2716 65 26 East
490 2713 101 27 Oxford

55 2756 114 30 Station,
186 2754 52 26 and
257 2752 91 28 Postal
369 2752 85 25 Notes
475 2758 59 26 may
558 2749 33 25 be

55 2791 153 34 purchased.

111 2917 108 25 CHILD
231 2915 108 25 BIRTH
348 2912 99 30 SAFE,
461 2911 74 25 AND

162 2959 137 26 ALMOST
308 2955 173 27 PAINLESS

124 3003 22 23 V
193 3003 73 29 using
302 3001 48 23 DR
395 2997 197 26 FAWCETT'S

157 3035 131 24 Medicine.

90 3078 70 25 MRS
184 3076 164 26 BURRELL
371 3075 59 31 begs
453 3075 27 22 to
502 3072 89 25 inform

56 3118 43 24 the
111 3116 91 24 Ladies
207 3115 64 29 .that
280 3114 43 25 she
332 3114 46 24 has
390 3113 60 24 been
459 3109 131 34 appointed

56 3158 57 23 Sole
134 3158 73 28 agent
230 3156 26 23 m
280 3152 177 26 Christchurch
485 3151 37 23 for
548 3150 45 23 the

55 3194 78 25 above
144 3192 124 25 Medicine
280 3193 26 22 to
322 3190 116 24 facilitate
452 3187 139 25 Accouche-

55 3235 88 23 raents.
177 3232 90 24 Ladies
279 3239 47 16 can
349 3230 30 24 be
400 3227 113 33 supplied
532 3227 60 25 with

55 3274 41 23 the
119 3272 75 23 above
216 3271 33 30 by
274 3269 105 30 sending
402 3276 28 16 or
452 3266 91 31 calling
567 3267 26 22 at

55 3312 41 24 Mr
118 3311 122 24 Burrell's
262 3308 182 32 Photographic
466 3306 71 32 place
568 3304 27 26 of

56 3351 122 24 business,
191 3350 105 24 Gould's
319 3348 140 31 Buildings>
482 3345 111 25 Victoria

57 3389 89 28 Street,
160 3386 181 29 Christchurch,
360 3385 82 24 where
461 3383 35 25 all
515 3383 76 24 infor-

56 3428 97 24 mation
181 3435 45 16 can
254 3427 31 24 be
313 3425 116 25 obtained
456 3424 57 28 free,
543 3422 51 26 and

56 3466 117 31 perfectly
217 3464 155 29 satisfactory
404 3462 49 25 and
487 3462 107 31 genuine

58 3502 166 26 testimonials
236 3509 46 16 can
293 3500 30 25 be
336 3508 65 16 seen.

59 3667 78 43 W.
159 3664 302 46 JOHNSON
468 3667 42 42 &
522 3666 71 43 Co

169 3733 56 27 (late
235 3732 87 21 Hamill
332 3732 17 20 &
359 3732 111 25 Johnson)

113 3774 83 20 LAND
210 3774 63 20 AND
283 3774 115 20 ESTATE
412 3773 127 27 AGENTS,

204 3815 26 21 71
240 3814 123 22 Cathedral
373 3815 91 26 Square,

103 3853 449 30 CHRISTCHURCH.

87 3920 48 19 The
144 3920 103 20 Farmers
253 3919 24 21 of
283 3919 91 25 Oxford,
387 3920 57 20 Cust
452 3918 46 21 and
507 3925 88 14 surrou-

61 3957 72 26 nding
143 3956 107 22 Districts
257 3958 49 20 who
316 3957 55 21 wish
380 3958 25 20 to
410 3957 89 26 dispose
508 3956 24 21 of
535 3956 62 21 their

60 3995 71 19 farms
144 3994 47 20 will
200 3994 49 20 find
263 3995 21 19 it
301 3995 24 19 to
344 3994 62 20 their
423 3994 130 25 advantage
571 3995 25 19 to

59 4031 64 26 place
132 4030 63 21 them
204 4031 26 19 m
238 4037 41 14 oxu*
292 4030 81 20 hands.
409 4029 43 22 We
471 4030 65 21 make
555 4030 40 21 the

61 4068 51 21 Sale
126 4068 24 20 of
168 4068 64 21 Land
249 4068 41 21 the
308 4068 94 27 leading
417 4067 86 22 branch
517 4068 24 20 of
554 4075 42 13 our

60 4106 110 21 Business
180 4106 45 21 and
234 4113 33 14 we
277 4112 65 20 spare
348 4106 92 21 neither
444 4106 57 21 time
506 4106 90 21 trouble

61 4148 42 14 nor
111 4148 97 19 expence
217 4143 25 19 m
247 4142 219 26 bringingproperty
471 4142 78 21 before
555 4143 41 20 the

61 4179 74 20 notice
148 4178 24 21 of
181 4178 40 22 the
233 4179 83 26 public.
485 4183 4 4 ■

155 4215 57 20 FOR
226 4215 76 21 SALE
315 4215 40 21 AT
370 4215 119 21 OXFORD

87 4259 21 19 A
116 4258 69 20 Farm
193 4257 24 21 of
225 4259 28 19 40
263 4263 62 15 acres
330 4257 59 26 good
396 4257 56 21 land
459 4257 52 21 well
515 4257 82 21 fenced

61 4295 47 21 and
116 4294 140 24 subdivided,
266 4294 52 21 Two
329 4294 107 27 dwelling
454 4294 82 21 houses
550 4294 46 21 and

60 4334 42 20 out
109 4332 123 27 buildings,
266 4332 64 21 Price
344 4332 54 26 only
407 4332 62 21 i>soo
482 4338 46 20 any
536 4339 59 14 reas-

61 4370 80 21 onable
149 4370 70 20 terms
229 4370 76 26 given.

89 4417 47 20 Our
145 4416 51 20 List
210 4416 23 20 of
243 4417 80 20 Farms
332 4416 36 20 for
377 4416 53 21 Sale
444 4417 53 19 sent
504 4415 49 21 free
566 4421 30 15 on

59 4454 144 25 application.
