2529 4029
840 1273 124 14 LATEST
980 1273 107 14 DATES.

681 1305 77 18 London
851 1305 45 21 May
917 1306 27 16 15.
956 1305 5 20 {
974 1305 73 17 Nelson
1169 1307 43 17 Oct.
1234 1309 15 16 l.

681 1326 99 19 Auckland
847 1326 52 22 Sept.
922 1328 26 17 17.
979 1326 46 17 New
1031 1327 101 21 Plymouth
1139 1340 15 5 ..
1169 1328 46 22 July
1223 1329 26 17 26.

681 1348 76 21 Sydney
848 1348 44 21 Sep.
920 1348 29 17 20.
979 1348 41 21 Bay
1028 1350 19 14 o?
1061 1348 93 18 Islands..
1160 1349 44 18 Feb.
1234 1353 15 15 4.

681 1369 39 17 Van
748 1369 98 18 Dieman's
979 1369 47 17 Port
1035 1369 71 23 Phillip
1120 1371 92 22 ....Aug.
1223 1372 26 17 30.

700 1390 53 17 L&nd
847 1390 45 17 May
920 1390 30 17 27.
979 1390 94 17 Adelaide
1158 1392 50 15 Mar.
1223 1394 26 13 38.

688 1434 40 17 Tlit
736 1433 97 22 following
832 1438 3 4 1
841 1438 33 13 are
882 1433 33 18 th«
924 1434 80 21 quarter
1014 1433 49 23 days
1070 1435 22 16 of
1100 1434 40 18 this
1148 1440 59 17 papsr
1214 1442 5 12 i
1219 1445 23 4 —

774 1455 69 18 March
1106 1458 49 16 31st.

774 1476 52 18 June
1106 1479 52 17 30th.

774 1498 135 24 September..
958 1510 17 6 ..
985 1513 3 7 ,
1008 1516 4 4 ,
1033 1510 6 6 .
1089 1499 70 18 ..30th.

774 1515 142 22 December..'
958 1519 14 18 '..
1008 1516 30 22 '..

689 1539 82 20 Persons
777 1541 113 21 previously
897 1542 20 17 to
931 1541 150 22 discontinuing
1091 1543 50 17 their
1148 1546 70 19 paptri
1225 1543 34 18 ami

671 1562 166 21 advertisements,
844 1563 54 17 must
904 1563 60 17 settle
971 1562 33 19 the
1015 1565 93 16 accounts
1116 1564 37 18 dv«
1160 1569 28 16 up
1198 1566 21 16 to
1229 1564 30 18 the

671 1582 60 20 d»tg»
922 1591 3 3 •
1174 1574 14 12 y

767 1626 121 16 AGENTS
901 1626 59 16 FOR
976 1626 73 16 THIS
1063 1626 107 16 PAPER.

692 1673 35 17 Mr.
739 1672 128 18 BURCHAM
958 1673 82 18 Tetoni.

692 1694 35 18 Mr.
739 1694 22 18 C.
774 1694 111 20 ELLIOTT,
898 1694 106 18 Examiner
1010 1694 67 21 Office,
1084 1695 73 17 Nelson
1166 1695 72 18 Haven.

692 1715 35 18 Mr.
739 1716 18 17 J.
765 1715 23 18 B.
798 1715 92 18 BAINES
966 1715 48 18 New
1023 1716 109 22 Plymouth,
1137 1716 101 18 Taranaki.

692 1737 35 17 Mr.
740 1736 25 18 H.
776 1736 309 23 CHURTON......Wanganui.

692 1758 35 17 Mr.
739 1757 30 18 W.
781 1757 99 18 WILSON
965 1757 40 19 Bay
1014 1759 21 16 of
1044 1758 85 18 islands.

662 1964 96 74 New
790 1964 224 74 Zealand
1046 1964 224 74 Gazette

710 2039 68 21 AND
794 2038 220 23 WELLINGTON
1033 2038 188 24 SPECTATOR.

772 2094 132 25 Saturday,
920 2093 111 22 October
1047 2093 33 27 15,
1097 2094 58 22 1842.

1285 128 122 24 ducement
1423 128 75 24 would
1517 128 31 24 he
1554 128 81 23 raided)
1646 128 34 30 by
1687 136 14 15 &
1713 131 122 20 statement
1847 127 25 23 of

1286 165 95 19 amount
1392 161 24 24 of
1428 160 215 32 yourown'outhiy,
1647 160 59 24 rand,
1712 161 39 23 the
1762 160 108 31 probable

1287 194 67 30 profit
1366 195 78 23 .which
1457 194 49 23 will
1518 202 80 16 ensue;
1635 193 42 24 We
1687 202 34 15 are
1738 200 45 17 are.
1793 192 76 31 happy

1287 228 23 22 in
1322 226 71 31 being
1403 227 50 24 able
1466 232 23 18 to
1499 235 49 22 say,
1562 235 33 15 we
1606 227 58 23 have
1677 225 83 25 noticed
1773 226 48 23 that
1832 226 37 23 in-

1287 259 65 24 stead
1359 261 27 22 of
1393 260 85 30 having
1484 260 59 23 been
1551 259 116 31 dismayed
1680 261 23 30 by
1712 268 28 15 an
1752 259 118 31 acquaint-

1287 300 56 16 ance
1355 294 54 23 with
1421 294 39 22 the
1470 293 69 29 bush,
1555 301 40 15 our
1607 293 87 23 settlers
1703 293 54 23 with
1768 294 102 22 increas-

1288 327 40 30 ing
1343 326 143 31 knowledge,
1500 327 102 22 increase
1614 327 23 22 in
1655 325 124 24 confidence
1791 325 25 23 of
1830 325 40 23 the

1288 360 72 23 result
1372 360 25 23 of
1412 360 180 28 their.arduous,
1611 359 108 31 energetic
1737 358 45 25 and
1793 358 77 30 manly

1289 393 97 30 pursuit.
1423 392 82 24 Under
1522 392 64 23 these
1599 393 168 23 circumstances
1782 398 32 16 we
1826 391 44 23 feel

1288 426 115 23 confident
1416 424 50 25 that
1477 425 38 23 the
1524 442 3 3 ■
1533 425 85 23 results
1626 425 48 27 .will
1690 424 23 24 be
1726 429 61 20 most
1800 424 68 23 satis-

1289 458 95 31 factory,
1393 459 43 23 and
1445 466 33 16 we
1487 458 58 31 hope
1552 463 23 18 at
1582 466 29 15 no
1618 459 142 28 distantdate,
1771 464 32 16 we
1810 457 59 23 shall

1289 491 56 24 have
1363 492 56 23 been
1437 491 109 32 provided
1562 491 54 24 with
1634 499 13 16 a
1657 499 56 16 mass
1725 492 27 23 of
1766 491 57 24 facts
1840 498 30 15 on

1289 525 38 23 the
1339 525 124 31 important
1472 524 100 31 subject,
1589 524 106 31 bringing
1708 524 126 24 conviction
1847 529 23 17 to

1288 557 39 24 the
1338 558 63 23 mind
1412 558 25 23 of
1451 565 68 23 every
1529 565 60 21 man,
1609 557 48 24 that
1673 558 20 23 if
1703 557 28 24 he
1743 556 45 25 will
1805 565 28 23 go
1846 560 23 19 to

1288 590 63 23 work
1362 592 25 22 in
1399 591 38 23 the
1456 590 61 32 right
1531 598 102 21 manner,
1652 590 28 24 he
1692 591 40 23 will
1743 590 47 24 find
1807 590 61 31 agri-

1289 624 87 23 culture
1388 632 26 15 as
1425 623 118 32 profitable
1555 631 24 16 as
1597 624 19 23 it
1626 624 21 23 is
1660 623 106 25 healthful
1776 624 24 23 in
1812 626 57 21 New

1289 656 110 24 Zealand.

1323 719 51 24 The
1396 720 110 30 Supreme
1527 720 72 23 Court
1618 720 41 23 has
1671 727 45 16 now
1735 720 133 24 terminated

1288 752 30 24 its
1330 752 100 24 labours.
1466 752 45 24 We
1530 753 56 23 have
1598 752 92 32 already
1699 753 112 24 furnished
1827 762 40 15 our

1289 785 90 24 readers
1392 785 52 24 with
1465 790 106 19 accounts
1583 786 27 23 of
1625 793 63 16 some
1698 787 22 23 of
1731 786 38 24 the
1781 788 87 22 actions

1289 819 81 28 which,
1381 818 87 32 though
1480 819 68 29 brief,
1560 826 33 16 we
1614 819 84 23 believe
1706 828 37 16 are
1755 820 113 24 sufficient

1288 852 36 23 for
1343 852 40 23 the
1406 860 106 24 purpose.
1558 852 51 23 The
1632 853 122 24 remainder
1776 853 46 23 will
1840 853 27 24 be

1289 885 153 32 forthcoming
1454 887 24 21 in
1491 885 43 23 due
1546 885 63 24 time.

1324 918 23 24 It
1358 919 73 23 would
1444 919 28 23 be
1483 919 132 31 impossible
1628 924 23 19 to
1662 919 65 31 speak
1740 924 38 19 too
1789 918 79 33 highly

1289 952 24 23 of
1323 952 37 23 the
1375 952 69 24 Chief
1459 952 96 24 Justice.
1592 952 52 24 The
1661 953 109 24 clearness
1792 953 24 23 of
1831 953 37 24 his

1289 985 70 29 mind,
1372 986 37 23 his
1426 986 87 30 perfect
1524 986 101 23 freedom
1639 986 56 24 from
1710 987 37 23 the
1762 986 106 32 slightest

1289 1018 48 23 bias
1349 1027 26 15 or
1387 1019 73 23 desire
1473 1023 23 19 to
1506 1019 98 32 impress
1616 1019 38 23 the
1666 1020 51 31 Jury
1730 1019 53 25 with
1797 1020 71 31 ought

1289 1051 45 24 else
1354 1052 55 23 than
1429 1052 39 23 the
1486 1052 66 31 point
1563 1060 25 16 or
1606 1054 75 29 points
1700 1053 118 24 submitted
1832 1054 36 23 for

1289 1084 58 24 their
1365 1085 174 28 consideration,
1560 1085 43 23 and
1625 1085 37 24 the
1682 1086 122 24 kindliness
1822 1087 45 23 and

1289 1118 106 31 urbanity
1407 1118 25 23 of
1447 1117 37 24 his
1503 1126 101 21 manner,
1622 1126 58 16 were
1692 1119 32 24 the
1736 1120 75 23 theme
1822 1121 45 23 and

1288 1151 74 30 praise
1374 1151 25 23 of
1416 1158 67 23 every
1496 1159 83 24 person
1590 1151 48 23 who
1653 1159 31 15 we
1696 1158 41 18 met
1748 1152 68 24 about
1828 1153 39 24 the

1290 1185 79 24 Court.
1406 1185 50 23 The
1476 1185 107 22 colonists
1600 1192 60 23 may,
1675 1185 21 22 in
1707 1193 64 23 every
1783 1193 47 23 way
1844 1187 23 23 in

1290 1218 70 23 which
1381 1218 38 23 the
1437 1218 90 31 subject
1545 1218 19 22 is
1582 1218 117 30 regarded,
1713 1219 154 31 congratulate

1289 1251 136 24 themselves
1442 1252 24 23 in
1486 1251 86 31 having
1588 1251 47 23 this
1654 1251 124 31 gentleman
1795 1257 23 18 at
1828 1252 40 25 the

1289 1284 55 24 head
1358 1285 25 23 of
1392 1285 59 23 their
1459 1285 95 32 judicial
1564 1284 188 25 establishments.

1322 1318 50 23 The
1385 1318 71 23 result
1474 1318 26 23 of
1516 1318 39 23 the
1576 1323 77 18 recent
1669 1318 39 23 law
1720 1318 147 32 proceedings

1289 1352 73 23 would
1373 1352 59 23 form
1444 1360 14 15 a
1475 1352 90 23 curious
1578 1352 88 31 subject
1677 1352 32 24 for
1719 1353 106 23 criticism
1838 1353 29 31 by

1289 1393 42 15 one
1347 1390 130 26 competent
1488 1390 22 19 to
1522 1385 52 24 deal
1591 1385 56 23 with
1658 1385 26 24 it.
1708 1385 30 24 ,It
1750 1385 73 31 might
1839 1386 29 24 be

1290 1419 131 24 considered
1434 1419 53 23 with
1501 1418 132 32 advantage,
1642 1419 68 24 under
1717 1427 61 22 man)
1793 1420 75 29 points

1290 1452 24 23 of
1323 1452 65 24 view.
1400 1472 4 2 .
1425 1452 70 28 First,
1512 1452 50 23 how
1581 1453 35 22 far
1629 1452 37 23 the
1679 1452 69 32 object
1760 1452 25 25 of
1794 1452 70 31 plain-

1290 1486 58 22 tiff's
1358 1486 45 23 had
1413 1486 59 24 been
1484 1486 118 24 obtained.'
1635 1486 78 24 Under
1723 1487 45 23 this
1783 1486 85 24 branch

1289 1519 25 23 of
1334 1520 103 31 enquiry,
1461 1527 14 16 a
1496 1520 77 23 rather
1599 1521 105 30 amusing
1727 1519 79 29 result,
1834 1527 34 16 we

1289 1558 99 26 suspect,
1407 1553 74 23 would
1500 1553 77 23 attend
1596 1553 126 31 examining
1738 1553 49 23 how
1800 1554 67 22 much

1289 1594 12 15 a
1310 1594 52 15 man
1371 1586 45 23 had
1428 1586 104 24 obtained
1543 1587 30 30 by
1581 1587 100 30 winning
1693 1586 29 23 his
1734 1588 54 22 suit.
1824 1586 44 25 We

1291 1620 64 30 opine
1365 1620 19 22 it
1396 1619 72 24 would
1479 1620 29 23 be
1520 1619 69 24 found
1599 1621 24 22 in
1635 1628 63 16 some
1708 1628 60 16 cases
1781 1619 47 24 that
1840 1620 28 24 he

1289 1652 43 24 had
1345 1653 65 24 made
1419 1653 39 24 the
1470 1653 63 24 Irish
1543 1654 75 23 man's
1635 1653 61 31 gain,
1708 1654 19 23 in.
1744 1653 84 31 having
1845 1658 23 19 to

1290 1694 42 23 pay
1342 1686 36 24 his
1391 1694 48 16 own
1453 1687 106 23 counsels
1571 1691 69 19 costs.
1680 1687 39 23 His
1730 1688 52 30 gain
1796 1687 73 23 would

1291 1724 57 19 most
1360 1719 70 33 likely
1442 1720 29 23 be
1484 1720 25 23 of
1524 1727 15 16 a
1550 1727 54 24 very
1616 1720 151 30 questionable
1778 1719 55 25 kind
1835 1733 34 4 —

1290 1752 37 24 the
1339 1753 63 31 right
1413 1758 23 18 to
1456 1755 139 22 incarcerate
1607 1761 62 15 some
1686 1753 137 32 person.who
1840 1754 30 24 he

1291 1786 72 30 knew,
1374 1787 78 23 before
1465 1787 38 24 the
1515 1786 60 29 trial,
1588 1794 46 15 was
1647 1787 75 24 unable
1740 1792 29 19 to-
1776 1791 45 27 pay
1830 1787 39 24 the

1291 1820 52 23 debt
1353 1821 58 23 sued
1430 1821 43 23 for.
1510 1820 82 24 Under
1605 1820 38 24 the
1660 1821 77 23 second
1753 1820 65 29 head,
1830 1820 39 24 the

1290 1853 121 24 defendant
1432 1854 74 23 would
1518 1853 60 29 -find,
1598 1861 84 23 among
1701 1854 59 24 other
1783 1853 85 32 things,

1291 1886 47 24 that
1355 1887 21 23 if
1394 1887 38 23 his
1451 1887 76 32 object
1545 1894 58 16 were
1624 1887 72 31 delay,
1713 1887 25 24 he
1755 1887 46 25 had
1818 1888 50 31 paid

1291 1920 75 31 dearly
1385 1920 35 24 for
1432 1921 33 29 it.;
1486 1921 33 23 for
1533 1920 64 24 while
1617 1920 37 29 he,
1673 1921 23 23 in
1714 1929 64 23 many
1797 1928 71 22 cases,

1291 1953 43 24 will
1343 1953 57 24 have
1412 1954 44 24 had
1470 1959 21 18 to
1501 1962 45 23 pay
1557 1955 102 28 interest,
1672 1953 28 25 he
1712 1954 40 24 will
1762 1953 48 25 find
1821 1955 49 23 that

1282 1987 61 23 -the.,
1347 1994 68 17 costs,
1421 1987 33 24 .he
1479 1987 126 24 will.-.have
1618 1992 28 19 .to
1664 1995 46 23 pay.
1721 1988 20 23 in
1760 1987 107 29 addition,

1290 2019 55 22 have
1356 2027 64 15 more
1438 2020 55 22 than
1506 2020 97 22 doubled
1623 2020 38 22 the
1672 2020 56 22 debt.
1764 2018 114 25 Another'

1289 2052 87 30 portion
1396 2053 26 22 of
1437 2051 38 24 the
1494 2053 104 29 enquiry,
1613 2051 74 24 would
1704 2051 23 24 be
1743 2052 96 31 making
1856 2061 13 15 a

1290 2086 142 31 comparison
1444 2086 26 22 of
1486 2085 38 23 the
1536 2085 55 23 total
1604 2086 27 22 of
1646 2090 99 19 amounts
1757 2085 56 24 sued
1827 2087 41 28 lor,

1290 2119 41 23 and
1345 2119 38 23 the
1395 2119 60 23 total'
1472 2126 112 24 expenses
1597 2119 118 31 attending
1727 2119 37 24 the
1776 2119 94 32 holding

1289 2152 24 23 of
1327 2152 39 24 the
1378 2152 113 32 Supreme
1512 2152 80 24 Court.
1628 2153 40 23 An
1685 2152 106 24 extended
1810 2152 59 24 table

1290 2186 23 23 of
1321 2185 39 24 the
1372 2185 58 24 kind
1443 2186 72 23 would
1531 2185 89 24 exhibit
1639 2185 54 24 each
1705 2187 69 22 action
1786 2186 82 23 indivi-

1290 2219 74 31 dually
1376 2219 54 23 with
1449 2220 39 22 the
1505 2227 112 23 expenses
1636 2220 99 23 iucurred
1754 2221 24 22 in
1790 2227 78 23 prose-

1289 2254 78 30 cuting
1386 2252 45 24 and
1451 2253 123 31 defending
1591 2252 91 24 it—the
1702 2260 74 17 names
1838 2253 30 24 all

1289 2287 82 30 parties
1383 2286 135 29 concerned,
1530 2286 46 24 and
1593 2286 39 24 the
1653 2287 180 23 reasonableness
1844 2288 27 22 of

1290 2319 35 24 the
1345 2320 207 23 recommendation
1564 2324 23 19 to
1599 2324 65 19 enter
1675 2328 25 15 or
1719 2319 77 25 defend
1814 2321 52 22 each

1289 2354 87 29 action;
1397 2353 54 23 with
1463 2352 38 24 the
1515 2354 91 31 specific
1623 2357 93 20 amount
1730 2354 25 23 of
1769 2354 44 24 law
1825 2354 43 23 and

1285 2385 83 33 justice
1391 2387 102 23 evinced-
1505 2388 26 22 in
1555 2387 39 23 the
1616 2387 144 31 professional
1781 2394 86 17 recom-

1288 2420 138 24 mendation.
1463 2420 45 23 We
1524 2420 49 24 find
1590 2421 45 23 this
1647 2421 81 23 outline
1740 2421 24 23 of
1774 2421 93 30 enquiry

1289 2454 64 23 could
1366 2455 39 22 -be
1428 2453 113 24 extended
1564 2454 96 23 without
1680 2454 62 29 limit,
1765 2458 46 27 yet,
1834 2461 33 16 we

1288 2486 93 30 believe,
1394 2488 21 22 if
1432 2487 38 24 the
1489 2488 77 30 points
1585 2492 36 19 set
1635 2491 40 20 out
1692 2495 53 16 were
1757 2488 110 28 awarded,

1288 2521 28 23 all
1327 2521 51 23 that
1385 2521 78 23 would'
1471 2521 28 22 be
1512 2520 85 24 needed
1607 2521 73 23 would
1692 2521 27 23 be
1728 2521 104 24 obtained
1832 2533 35 4 —

1289 2554 34 24 the
1334 2554 78 31 public
1425 2553 72 24 would
1509 2554 45 23 feel
1566 2554 123 24 convinced
1709 2554 43 24 that
1768 2555 43 23 law
1823 2562 44 15 was

1287 2595 14 16 a
1312 2587 72 32 costly
1403 2587 83 31 luxury
1499 2594 56 17 even
1567 2587 25 23 in
1611 2587 59 24 Fort
1681 2587 129 29 Nicholson,
1823 2587 44 24 and

1288 2621 46 24 that
1353 2621 42 23 law
1419 2621 42 23 and
1482 2620 87 32 justice
1591 2620 44 24 had
1658 2626 41 18 not
1720 2627 33 25 yet
1775 2622 92 23 become

1288 2654 112 24 identical.
1437 2655 38 23 Oh
1487 2655 6 23 !
1519 2654 49 23 that
1586 2654 38 24 the
1646 2655 66 30 spirit
1730 2655 23 24 of
1774 2654 92 31 Jeremy

1287 2688 112 24 Bentham
1410 2688 74 23 would
1494 2688 98 23 descend
1601 2688 45 24 and
1657 2688 86 31 placard
1754 2688 38 24 the
1804 2688 63 23 walls

1288 2722 24 23 of
1320 2722 39 23 the
1371 2722 63 32 place
1447 2721 54 24 with
1512 2729 42 16 one
1567 2722 25 23 of
1601 2722 36 23 his
1649 2721 118 24 admirable
1780 2721 87 24 tabular

1287 2756 77 29 forms,
1384 2755 129 31 exhibiting
1530 2755 39 23 the
1586 2755 85 30 beauty
1682 2755 43 23 and
1740 2755 84 25 benefit
1844 2755 26 23 of

1288 2789 48 24 law.

1319 2853 45 24 We
1375 2853 58 24 have
1453 2853 101 24 inserted
1573 2854 24 22 in
1613 2853 95 24 another
1727 2858 47 27 part
1787 2853 26 24 of
1827 2860 41 16 our

1288 2895 69 24 paper
1374 2895 30 15 an
1427 2891 89 19 extract
1537 2887 62 23 from
1621 2895 14 15 a
1659 2895 53 23 very
1729 2888 52 30 long
1802 2886 66 24 letter

1289 2922 87 23 written
1395 2921 32 31 by
1440 2921 48 22 Mr.
1505 2920 87 23 Golder
1610 2920 27 23 of
1653 2920 84 30 Petoni,
1750 2928 61 24 upon
1830 2919 38 25 the

1288 2955 52 24 vital
1353 2954 114 31 necessity
1480 2954 25 22 of
1522 2961 41 16 our
1575 2954 123 31 procuring
1709 2962 25 16 an
1752 2954 78 24 article
1846 2954 26 23 of

1289 2994 87 26 export.
1401 2987 25 24 It
1437 2987 45 24 will
1494 2987 30 24 he
1534 2987 112 31 gathered
1661 2987 57 24 from
1729 2988 41 23 this
1783 2992 86 19 extract

1288 3021 48 25 that
1348 3022 48 24 Mr.
1412 3021 87 24 Golder
1520 3021 118 23 considers
1659 3020 27 24 he
1699 3021 37 24 has
1745 3021 98 32 planned
1855 3029 19 17 a,

1287 3055 103 24 machine
1487 3054 46 24 will
1555 3055 82 23 reduce
1656 3054 38 23 the
1713 3055 79 24 Native
1809 3054 59 23 Flax

1288 3093 22 19 to
1330 3098 14 15 a
1364 3093 59 20 state
1441 3088 26 23 fit
1486 3088 36 23 for
1539 3088 159 31 exportation..
1727 3088 46 24 The
1794 3088 74 23 writer

1289 3123 66 23 seeks
1372 3130 30 15 no
1421 3121 94 28 reward,
1534 3120 30 25 he
1584 3121 89 24 further
1691 3121 110 24 considers
1821 3121 48 24 that

1289 3155 35 24 the
1337 3155 104 24 machine
1454 3163 51 22 may
1518 3154 27 23 be
1557 3154 66 24 made
1635 3154 36 24 for
1683 3163 13 15 a
1708 3155 62 23 small
1781 3161 51 17 sum
1844 3155 26 23 of

1289 3196 78 23 money
1379 3198 6 20 ;
1405 3188 40 23 but
1465 3188 29 23 he
1514 3187 45 24 will
1577 3193 39 18 not
1634 3187 93 32 divulge
1741 3188 36 24 his
1796 3192 72 19 secret

1288 3223 56 23 until
1356 3223 18 22 it
1386 3221 98 24 is-'raade
1503 3220 90 24 evident
1611 3226 24 18 to
1655 3222 48 23 him
1720 3222 46 24 that
1781 3222 39 24 the
1832 3229 35 16 re-

1289 3256 80 31 quisite
1381 3254 70 25 funds
1468 3262 39 16 are
1527 3254 23 23 in
1571 3255 69 24 hand.
1675 3255 37 24 As
1724 3264 11 15 a
1748 3262 80 17 means
1846 3255 25 23 of

1289 3289 116 30 obtaining
1417 3288 49 24 that
1476 3287 65 30 fund,
1554 3288 36 23 he.
1595 3296 110 24 proposes
1717 3289 43 23 that
1773 3298 13 15 a
1799 3288 68 24 Com-

1288 3330 58 24 pany
1359 3321 84 25 should
1462 3321 29 24 be
1510 3322 96 28 formed,
1643 3330 41 23 say
1696 3323 26 23 of
1734 3323 65 24 about
1820 3324 48 22 200

1289 3364 24 16 or
1325 3358 49 22 300
1386 3363 26 15 or
1424 3363 63 16 more
1507 3355 86 29 shares,
1607 3360 23 19 at
1649 3359 36 21 ss.
1698 3364 26 16 or
1741 3358 50 22 10s.
1804 3355 63 29 each,

1289 3389 36 24 the
1336 3389 50 24 half
1401 3389 27 23 of
1442 3388 56 24 each
1517 3388 68 24 share
1606 3394 22 19 to
1647 3389 30 24 ba
1696 3389 49 32 paid
1763 3391 49 22 into
1831 3389 37 24 the

1289 3422 71 24 hands
1372 3422 27 24 of
1414 3431 14 14 a
1439 3422 127 24 Treasurer
1585 3431 29 15 on
1633 3422 140 33 subscribing
1783 3424 36 22 for
1830 3422 38 24 the

1289 3455 77 24 shares
1376 3465 7 20 ;
1421 3455 45 24 this
1480 3455 119 32 Company
1611 3456 76 23 would
1696 3456 53 24 have
1761 3465 14 15 a
1787 3457 81 31 capital

1290 3489 162 32 consequently
1465 3490 25 22 of
1505 3489 57 23 from
1585 3490 55 24 £50
1660 3490 107 29 to;£l50,
1781 3490 54 29 half,
1846 3490 25 24 of

1289 3523 79 29 which,
1390 3530 25 15 or
1433 3523 54 24 £25
1510 3530 25 15 or
1555 3523 63 29 £75,
1637 3523 22 22 is
1677 3528 23 18 to
1719 3523 24 24 he
1760 3523 54 33 paid
1829 3531 38 24 up.

1290 3556 40 24 We
1343 3556 57 24 need
1412 3556 81 31 hardly
1505 3560 58 19 state
1575 3556 50 23 that
1642 3564 94 23 persons
1745 3556 73 25 would
1830 3562 39 18 not

1289 3591 90 23 become
1388 3589 84 32 parties
1484 3594 22 19 to
1519 3598 14 15 a
1542 3589 119 31 Company
1672 3598 28 15 on
1710 3590 51 24 such
1771 3599 14 15 a
1795 3590 71 29 scale;

1290 3624 41 24 and
1345 3623 49 24 that
1406 3623 20 23 if
1442 3622 54 31 they
1507 3622 74 24 would
1592 3623 19 23 it
1621 3623 75 23 would
1708 3623 28 24 be
1745 3632 26 16 an
1783 3624 85 24 unwise

1290 3657 62 24 mode
1371 3657 26 23 of
1421 3657 89 30 raising
1527 3656 58 25 such
1603 3664 14 15 a
1636 3656 68 24 small
1722 3665 56 16 sum.
1823 3657 45 30 Say

1289 3690 47 24 that
1347 3691 72 25 £150
1433 3690 27 23 be
1471 3690 95 29 needed,
1579 3697 50 16 now
1647 3697 33 16 we
1700 3698 37 16 are
1753 3698 52 17 sure
1821 3690 48 24 that

1290 3725 18 23 it
1318 3724 74 24 would
1402 3723 30 24 be
1444 3731 27 15 an
1491 3730 54 24 easy
1557 3723 54 23 task
1632 3727 23 19 to
1675 3729 38 25 get
1731 3728 32 20 ten
1774 3731 94 25 persons

1291 3758 52 24 each
1355 3762 24 19 to
1391 3756 128 24 contribute
1538 3757 63 28 £15,
1613 3756 36 24 for
1667 3756 38 24 the
1726 3756 143 33 accomplish-

1291 3796 60 19 ment
1372 3791 27 24 of
1420 3798 29 16 an
1470 3789 75 32 object
1564 3789 74 24 which
1658 3789 32 24 all
1706 3790 42 25 feel
1764 3792 20 23 is
1804 3791 27 22 of
1844 3798 25 15 so

1291 3825 64 23 much
1369 3825 156 30 importance;
1545 3822 141 30 but,-before
1703 3823 38 24 the
1757 3831 82 23 money
1850 3824 19 22 is

1291 3858 159 33 forthcoming,
1474 3865 14 16 a
1512 3857 128 24 conviction
1658 3856 55 24 rthat
1797 3857 72 31 object

1292 3891 72 25 would
1381 3892 28 23 be
1430 3891 99 23 attained
1548 3895 64 19 must
1628 3886 30 28 lbe
1820 3889 51 24 The

1291 3925 118 31 ingenious
1422 3932 39 17 are
1472 3925 84 30 always
1568 3925 120 31 sanguine*
1692 3923 3 17 :
1696 3925 21 22 if
1724 3925 19 23 is
1752 3930 119 24 necessary

1292 3958 47 22 that
1357 3958 54 29 they
1424 3957 83 23 should
1526 3958 36 27 be,
1576 3958 49 23 but-
1635 3958 19 22 it
1674 3958 21 22 is
1709 3956 163 25 -unreasonable

222 2495 122 19 CUSTOM
361 2495 110 19 HOUSE.

290 2556 109 13 IMPORTS.

78 2578 83 19 Iwthe
315 2578 168 20 fromSypnby
495 2584 35 14 wo
535 2578 105 23 Nelson.

52 2605 99 20 —Willie
157 2605 45 20 and
212 2605 41 25 Co.,
265 2606 86 25 Agents.
353 2606 41 19 —2
403 2606 58 19 bales
471 2606 66 26 slops,
555 2608 13 18 2
583 2613 57 14 cases

52 2632 71 27 •lops,,
135 2633 26 20 27
176 2632 53 21 head
238 2634 72 24 cattle,
327 2635 11 20 7
348 2634 81 24 horses,
448 2634 74 20 Order.
552 2634 88 21 Passen-

52 2660 160 26 gers—Messrs,
228 2660 94 24 .Moore,
341 2661 113 24 Abraham,
476 2661 97 24 Sinclair,
600 2662 40 21 Dr.

52 2688 89 23 Gilbert,
154 2688 86 26 Captain
252 2688 78 26 Styles,
341 2689 41 20 and
393 2695 40 14 one
443 2689 23 20 in
475 2689 37 20 the
527 2691 99 24 steerage.

79 2716 29 20 In
118 2721 47 14 the
359 2722 62 14 from
434 2716 106 20 Sydnvy.
541 2717 99 21 —Waitt

52 2743 41 21 and
103 2743 72 25 Tyser,
185 2743 85 25 Agents.
273 2744 40 19 —l
324 2743 50 21 hhd.
385 2744 45 25 gin,
442 2745 11 19 1
465 2744 49 27 pipe
524 2744 88 27 brandy,
627 2747 13 19 3

52 2771 60 20 hhds.
122 2771 88 26 brandy,
221 2771 27 20 34
259 2777 57 14 cases
327 2771 81 20 bottled
419 2772 57 24 beer,
489 2773 25 19 19
525 2773 60 20 casks
597 2773 43 24 do.,

52 2799 38 20 521
101 2798 50 20 bars
160 2798 55 24 iron,
232 2799 25 19 18
268 2799 90 20 bundles
372 2799 44 24 do.,
428 2799 74 21 Order.
504 2800 69 20 —l6o
588 2801 52 20 head

52 2826 69 21 cattle.
140 2841 5 5 .
153 2825 123 27 Passengers
277 2826 72 20 —Mr.
358 2826 85 27 Duppa,
452 2827 43 21 Mr.
506 2827 134 26 M'Donnell,

52 2854 40 20 and
107 2853 44 21 Mr.
163 2853 55 22 Dod.
249 2853 25 21 In
290 2853 38 21 the
337 2856 93 24 steerage
431 2854 120 27 —Whaler,
570 2855 70 26 Allan,

52 2881 119 24 Robinson,
184 2881 96 21 Mullins.
617 2899 4 8 ,

214 2945 106 13 INWARDS
321 2945 164 14 —COASTWISE.

74 2963 33 21 In
117 2968 47 15 thb
365 2970 63 14 from
439 2964 97 21 Kapiti.
537 2966 104 25 —Agent,

50 2992 139 21 Fitzherbert.
191 2993 40 19 —l
242 2992 40 26 keg
292 2992 94 27 tobacco,
397 2992 13 20 1
421 2992 69 21 barrel
499 2992 64 21 bread
574 2993 11 20 1
595 2999 48 14 case

51 3019 67 27 pipes,
138 3020 10 19 1
165 3019 69 21 barrel
249 3020 135 26 gunpowder,
395 3020 20 20 ,1
431 3020 59 21 chest
508 3023 42 21 tea,
567 3021 10 19 1
594 3027 48 14 case

51 3053 62 19 guns,
132 3048 10 19 1
158 3046 40 26 bag
214 3053 69 21 sugar,
303 3048 12 19 2
331 3048 60 20 casks
408 3048 55 24 beef,
485 3048 11 19 1
513 3048 52 22 hhd.
586 3055 54 19 rum,

53 3074 73 21 Order.
127 3075 42 19 —2
179 3077 47 18 tons
237 3074 31 21 oil
276 3075 81 21 British
367 3076 86 25 caught.

82 3102 27 19 In
122 3107 47 14 the
325 3109 64 14 from
400 3103 61 20 Nkw
471 3102 141 22 Plymouth.
613 3115 29 4 —

55 3130 72 22 Wade,
137 3130 75 24 Agent.
214 3130 40 20 —7
269 3132 47 19 cwt.
327 3130 129 24 whalebone,
468 3131 29 20 50
508 3131 53 26 pigs,
572 3131 15 24 i
601 3132 42 25 keg

50 3156 97 24 tobacco,
166 3157 58 20 Hart
243 3157 42 20 and
306 3158 33 20 Co.
384 3157 125 27 Passengers
510 3159 54 21 —A.
585 3159 57 21 Hort

52 3184 61 27 Esq.,
125 3183 42 21 and
177 3183 27 21 R.
216 3184 74 20 Brown
301 3185 52 27 Esq.

80 3212 28 20 In
128 3217 48 15 the
385 3218 65 15 from
471 3213 118 23 Porirtja.
590 3215 50 22 —J.

55 3239 71 26 Wade,
137 3239 131 25 Agent.—ll
280 3240 85 25 snooks,
376 3243 12 18 2
399 3241 89 21 bundles
506 3241 50 21 iron
565 3242 74 27 hoops,

55 3267 72 21 Wade.
129 3265 57 25 —7§
195 3270 48 16 tons
253 3267 56 20 train
320 3268 35 25 oil,
366 3268 82 21 British
457 3269 86 26 caught.
565 3271 3 4 '

80 3295 27 20 In
118 3300 47 14 the
356 3301 65 16 from
438 3296 98 21 Cloudy
551 3297 60 20 Bay.
612 3308 27 4 —

55 3323 93 20 Wallace
155 3321 43 21 and
208 3321 41 27 Co.,
257 3322 128 25 Agents.—3
395 3326 48 18 tons
449 3324 55 20 train
516 3324 37 25 oil,
560 3324 81 21 British

51 3351 85 26 caught,
148 3351 12 20 7
172 3349 88 20 bundles
269 3349 129 26 whalebone,
409 3351 81 20 British
498 3352 86 26 caught.
596 3353 2 5 '
616 3352 4 19 .'

199 3410 139 19 outwards,
350 3410 142 16 coastwise.

80 3433 29 20 In
120 3438 48 15 the
375 3438 44 14 for
428 3433 60 20 New
499 3434 141 23 Plymouth.

51 3461 100 20 —Wa*tt
162 3460 43 20 and
219 3460 71 25 Tyser,
301 3460 128 25 Agents.—l
447 3460 45 21 bale
507 3461 103 29 blankets,
628 3464 10 19 1

50 3488 48 20 bale
107 3488 44 24 do.,
163 3488 12 19 2
185 3487 50 26 bags
246 3487 63 24 flour,
320 3488 13 19 2
343 3487 78 20 barrels
431 3488 103 24 sundries,
547 3490 11 19 1
568 3490 72 26 grind-

50 3518 70 22 stone,
130 3516 14 19 4
156 3515 60 20 casks
226 3515 65 26 slops,
303 3515 13 20 3
327 3515 35 20 do.
372 3514 114 25 hardware,
497 3517 13 19 4
529 3516 50 26 bags
590 3518 48 25 salt,

53 3544 11 19 1
76 3542 34 22 do.
122 3544 50 22 rice,
185 3544 27 19 27
229 3542 35 21 do.
276 3549 71 19 sugar,
359 3543 10 20 1
388 3542 47 21 bale
452 3542 105 26 blankets,
568 3545 13 19 2
591 3545 50 26 bags

51 3571 72 23 coffee,
134 3571 13 20 5
158 3570 64 20 boxes
239 3573 41 21 tea,
294 3571 10 20 1
316 3576 47 15 case
379 3570 68 26 pipes,
458 3571 13 19 2
487 3570 49 27 bags
547 3578 69 20 sugar,
628 3574 10 19 1

52 3604 50 18 case,
115 3598 45 26 gin,
177 3598 13 19 5
208 3597 50 27 bags
275 3598 63 24 flour,
350 3598 12 19 2
379 3604 43 20 gun
439 3603 72 17 cases,-
525 3598 14 20 3
556 3599 86 27 fowling

51 3625 78 27 pieces,
141 3627 13 19 2
165 3625 101 26 packages
282 3625 96 23 tobacco,
389 3626 13 19 2
419 3625 52 26 kegs
482 3625 62 24 nails,
555 3626 84 27 Bishop.

51 3653 40 20 —1
103 3660 53 19 case,
161 3653 101 23 muskets,
269 3654 13 18 2
293 3653 62 21 casks
364 3653 104 23 sundries,
477 3653 8 19 1
496 3652 40 26 bag
542 3653 96 28 feathers,

52 3680 13 21 7
76 3686 65 18 cases,
153 3680 25 21 10
196 3680 50 26 bogs
263 3680 62 28 flour,
337 3681 26 21 12
379 3680 105 24 bullocks,
496 3681 12 19 1
526 3686 47 15 case
590 3688 50 14 sun-

51 3707 63 26 dries,
136 3709 10 19 1
172 3708 40 26 bag
233 3714 87 20 pepper,
341 3709 64 25 King.
449 3707 126 26 Passengers
576 3709 63 21 —W.

52 3735 87 27 Bishop,
149 3735 56 24 wife,
216 3736 40 19 and
266 3735 50 21 four
325 3736 101 20 children.

80 3762 28 22 In
117 3769 50 14 the
360 3769 46 15 for
422 3763 114 21 Poverty
552 3763 59 22 Bay.
614 3775 28 4 —

54 3791 43 20 The
107 3791 96 25 Captainj
213 3791 77 25 Agent.
291 3791 43 20 —6
343 3791 53 20 head
407 3791 71 24 cattle,
490 3791 12 19 6
513 3797 58 15 cases
579 3797 59 21 soap,

52 3818 11 20 1
73 3817 50 21 cask
130 3818 95 27 «pparel,
236 3818 11 20 1
259 3818 35 21 do.
304 3818 89 27 pickles,
402 3818 92 21 Arthur.

71 3845 36 21 -lv
125 3850 49 15 thb
348 3851 50 15 for-
414 3846 102 21 Cloudy-
530 3845 61 21 Bay.
593 3846 48 20 —A

50 3871 98 28 quantity
157 3872 25 21 of
190 3873 83 26 rigging
282 3872 41 21 and
341 3872 56 28 sails,
410 3873 10 20 1
431 3874 44 20 box
485 3874 69 26 pipes,
566 3874 13 19 2
589 3873 51 27 kegs

50 3899 63 24 -nails,
129 3899 12 20 1
159 3906 50 19 saw,
225 3900 95 21 7*-bozes
336 3900 88 27 pickles..
435 3902 14 20 2
462 3901 35 21 do.
507 3901 103 25 mustard,
626 3901 15 25 £

50 3926 116 27 ton'flour.,
177 3928 14 20 2
206 3927 58 27 bagar
271 3934 72 20 smgar,
353 3928 21 19 3*
380 3926 84 30 gallon's
482 3928 81 22 linseed
578 3930 38 25 oil,
628 3931 12 20 2

50 3954 51 28 bag*
111 3954 65 28 slops,
188 3952 107 27 drdqr,~-c
309 3950 32 16 •'"•■
355 3961 8 5 -
521 3959 7 5 -
562 3959 4 3 -
596 3954 10 9 •-

703 2143 24 24 It
738 2145 20 22 is
771 2152 55 23 very
837 2144 124 31 important
981 2149 23 18 to
1017 2144 38 24 the
1074 2145 65 31 rapid
1153 2152 108 24 progress

670 2178 26 23 of
711 2177 45 24 this
769 2178 138 28 settlement,
927 2178 49 23 that
988 2178 108 30 practical
1115 2179 145 23 information

670 2210 92 25 telative
773 2216 24 18 to
808 2212 30 22 its
851 2211 148 31 agricultural
1012 2211 148 31 capabilities,
1179 2213 82 23 should

670 2244 141 31 extensively
824 2245 28 23 be
870 2244 66 24 made
954 2245 91 23 known.
1083 2246 67 23 Some
1167 2253 94 24 persons

670 2278 22 23 in
707 2288 13 14 a
732 2277 145 31 thoughtless
889 2278 66 23 mood
964 2279 43 23 and
1021 2279 77 23 others
1110 2279 52 24 with
1172 2279 88 24 malici-

670 2319 41 15 ous
727 2319 107 24 purpose,
854 2311 58 24 have
931 2312 66 23 made
1014 2317 134 19 statements
1167 2312 92 24 relative

670 2349 22 19 to
712 2345 38 23 the
772 2352 99 24 expense
885 2345 25 23 of
925 2345 102 31 clearing
1045 2353 42 16 our
1104 2346 63 24 wood
1186 2347 73 29 lands,

669 2378 73 24 which
753 2378 59 24 have
824 2378 45 24 had
882 2378 38 24 the
931 2380 67 22 effect
1010 2379 25 23 of
1045 2379 99 32 keeping
1155 2384 24 18 at
1193 2380 66 24 home

670 2412 86 23 several
765 2412 52 23 well
828 2412 126 23 instructed
962 2413 24 22 in
995 2412 37 23 the
1044 2412 105 25 business
1158 2413 27 23 of
1190 2414 69 23 farm-

669 2446 48 30 ing,
738 2445 121 32 possessed
871 2445 25 24 of
912 2453 80 16 means
1010 2446 114 24 sufficient
1145 2451 24 19 to
1181 2447 79 24 enable

670 2479 60 23 them
744 2484 23 18 to
778 2479 69 31 apply
858 2479 60 24 their
931 2479 135 31 knowledge
1077 2480 55 23 with
1148 2480 61 32 good
1219 2481 40 23 ad-

670 2517 96 26 vantage
777 2520 85 23 among
873 2520 36 20 us,
922 2512 76 24 whose
1009 2521 99 24 purpose
1117 2514 19 23 it
1144 2521 46 16 was
1197 2514 62 24 to-be

670 2546 54 23 with
736 2554 36 21 us,
791 2547 43 22 and
847 2546 49 23 who
911 2546 73 23 would
1002 2546 58 24 have
1078 2547 57 24 been
1153 2547 56 24 here
1219 2548 40 23 he-

670 2580 48 23 fore
729 2580 47 23 this
788 2580 55 23 time
853 2579 46 24 had
913 2580 53 31 they
979 2585 40 19 not
1036 2580 58 24 been
1106 2581 120 31 possessed
1238 2582 25 22 of

670 2613 37 23 the
720 2613 56 24 false
794 2613 149 32 impressions
961 2613 73 24 under
1052 2613 73 24 which
1144 2614 53 32 they
1210 2622 49 17 now

669 2646 86 24 labour.

703 2680 43 24 We
757 2681 59 23 have
833 2681 58 23 been
901 2680 111 25 informed
1032 2681 50 24 that
1096 2689 93 24 persons
1201 2681 58 25 have

670 2714 88 24 written
776 2714 76 29 home,
877 2714 116 31 declaring
1014 2714 50 24 that
1082 2716 18 22 it
1117 2716 74 23 would
1213 2721 48 19 cost

670 2748 62 28 £40,
752 2752 24 19 to
788 2747 60 24 clear
864 2756 30 15 an
913 2756 51 15 acre
976 2748 27 23 of
1016 2747 57 24 land
1089 2749 24 23 in
1123 2749 58 24 New
1200 2749 59 24 Zea-

670 2780 61 24 land.
768 2782 126 23 Sometime
906 2782 62 22 since
980 2789 34 16 we
1029 2789 46 16 saw
1085 2790 15 15 a
1115 2782 68 24 letter
1193 2783 25 23 in
1231 2791 27 15 an

671 2814 100 32 English
782 2823 78 23 paper,
880 2815 132 31 containing
1023 2823 14 15 a
1049 2820 121 19 statement
1188 2821 23 19 to
1223 2817 38 24 the

671 2855 61 16 same
744 2848 74 29 effect,
831 2848 45 24 and
887 2856 33 15 we
931 2849 130 23 remember
1075 2849 94 32 hearing
1181 2858 14 15 a
1207 2858 54 16 san-

670 2881 68 31 guine
746 2889 60 21 man,
817 2881 56 31 long
880 2882 63 23 since
953 2882 117 29 deceased,
1077 2882 67 24 make
1153 2891 14 16 a
1174 2884 87 23 similar

670 2914 147 29 declaration,
842 2915 40 23 but
902 2915 55 23 with
980 2915 39 23 the
1039 2916 154 31 qualification
1213 2917 48 25 that

695 2956 55 15 even
758 2953 28 21 .at
798 2947 58 24 such
868 2956 14 15 a
896 2953 56 22 cost,
964 2948 38 24 the
1018 2950 93 30 pursuit
1122 2950 24 23 of
1160 2951 99 30 agricul-

670 2986 59 25 ture,
744 2981 77 24 would
838 2982 28 23 be
886 2982 121 31 profitable
1026 2983 25 23 in
1075 2982 46 24 this

671 3015 47 24 Not
731 3023 42 16 one
785 3015 26 24 of
827 3015 64 24 these
907 3016 87 30 parties
1011 3015 46 24 had
1070 3016 86 24 cleared
1168 3025 29 16 an
1210 3026 51 16 acre

670 3049 26 23 of
703 3049 96 30 ground,
819 3048 45 24 and
882 3048 87 32 though
983 3049 53 31 they
1049 3058 52 23 may
1113 3050 30 24 all
1160 3051 29 24 be
1201 3051 59 32 good

670 3082 186 32 agriculturalist,
889 3082 54 31 they
969 3090 58 17 were
1058 3083 31 24 all
1112 3084 88 32 equally
1225 3086 35 31 ig-

670 3121 81 19 norant
764 3116 24 24 of
804 3124 14 15 a
835 3116 61 24 bush
904 3124 27 16 or
942 3116 96 24 colonial
1051 3116 48 29 life,
1118 3117 58 24 their
1195 3119 65 24 testi-

670 3157 68 24 mony
749 3157 46 16 was
816 3149 114 24 therefore
950 3149 121 26 valueless.
1108 3150 46 25 But
1169 3152 20 23 it
1209 3152 20 23 is
1247 3160 14 15 a

670 3190 104 17 common
795 3184 101 31 practice
925 3189 23 18 to
972 3183 114 24 confound
1115 3185 144 31 agricultural

668 3216 136 32 knowledge
814 3217 54 23 with
877 3225 14 16 a
901 3216 137 32 knowledge
1050 3217 25 24 of
1085 3217 100 33 clearing
1198 3219 61 29 land,

668 3250 74 24 which
753 3258 14 16 a
780 3256 113 18 moments
911 3251 116 23 reflection
1040 3251 46 23 will
1098 3253 106 23 convince
1217 3260 44 24 any

669 3291 90 23 person,
773 3284 50 23 that
835 3284 37 23 the
885 3289 51 18 two.
941 3284 70 23 kinds
1023 3284 26 24 of
1058 3284 133 32 knowledge
1202 3286 58 24 have

670 3324 29 16 no
719 3325 123 23 necessary
861 3319 143 28 connection,
1026 3318 45 23 and
1092 3318 49 24 that
1158 3319 40 23 the
1219 3328 42 16 one

669 3357 52 24 may
734 3351 28 23 be
774 3351 130 31 possessed,
912 3351 24 23 in
948 3351 89 32 perfect
1052 3352 122 30 ignorance
1187 3353 25 24 of
1223 3353 38 24 the

670 3385 71 24 other.
779 3384 59 24 This
851 3384 118 24 confusion
990 3384 104 24 however
1115 3386 79 30 exists,
1216 3387 45 23 and

670 3417 40 25 has
717 3418 43 24 had
765 3425 14 15 a
787 3417 152 24 mischievous
947 3418 100 28 effect,to
1053 3424 130 19 counteract
1187 3420 73 25 which

670 3460 67 23 every
755 3451 66 24 effort
838 3451 85 24 should
942 3451 29 23 be
990 3451 75 25 made.
1102 3452 43 24 We
1162 3460 39 18 are
1221 3459 40 19 not

669 3493 72 16 aware
753 3486 26 23 of
788 3492 45 24 any
845 3484 78 24 efforts
934 3484 51 25 that
996 3485 74 24 would
1088 3491 60 18 meet
1158 3486 39 25 the
1209 3495 52 17 case

669 3527 25 16 so
705 3518 111 33 perfectly
829 3526 25 16 as
862 3518 131 31 furnishing
1003 3519 39 23 the
1054 3519 74 24 actual
1140 3528 121 24 necessary

670 3560 111 25 expenses
792 3552 74 23 which
884 3552 58 24 have
956 3552 55 24 been
1030 3552 105 25 incurred
1153 3554 31 31 by
1196 3554 65 25 those

670 3586 26 23 of
711 3594 40 16 our
764 3585 99 29 settlers,
882 3585 50 24 who
950 3585 60 25 have
1026 3586 125 31 proceeded
1169 3592 23 19 to
1211 3588 50 23 deal

670 3619 52 24 with
734 3620 38 23 the
784 3619 61 24 hush
855 3620 23 23 in
889 3627 14 16 a
911 3619 62 32 truly
982 3620 107 23 business
1098 3619 47 25 like
1156 3629 103 17 manner.

670 3651 75 26 There
757 3660 38 16 are
812 3660 72 24 many
895 3653 50 23 who
958 3660 40 16 are
1011 3660 49 16 now
1073 3658 59 19 most
1150 3655 111 24 industri-

670 3686 65 30 ously
743 3686 119 32 employed
871 3687 25 22 in
911 3687 89 31 waring
1014 3686 54 24 with
1082 3687 38 24 the
1131 3687 67 30 bush,
1211 3688 50 24 who

670 3719 112 30 complain
798 3719 51 24 that
860 3719 53 31 they
925 3719 53 25 lack
991 3720 121 31 congenial
1124 3721 142 31 neighbour?,

669 3751 55 24 with
735 3752 74 24 whom
829 3758 22 18 to
869 3752 105 25 combine
991 3754 25 23 in
1028 3755 146 31 overcoming
1191 3763 70 26 many

670 3784 55 24 evils
744 3785 53 31 only
809 3790 24 18 to
849 3785 29 23 be
896 3786 69 24 cured
976 3787 31 30 by
1026 3787 39 23 the
1084 3787 38 24 aid
1132 3788 25 25 of
1172 3796 14 16 a
1201 3788 62 32 joint

669 3824 82 24 power.
788 3818 36 23 To
837 3818 65 24 these
918 3820 131 30 gentlemen
1062 3827 34 17 we
1111 3829 47 23 say,
1171 3822 91 23 furnish

669 3850 39 24 the
718 3851 154 29 inducement,
891 3853 45 23 and
946 3860 47 25 you
1004 3853 47 23 vrill
1063 3861 57 17 soon
1129 3854 29 24 he
1169 3862 78 24 posses
1253 3869 10 6 -

669 3884 39 24 sed
726 3885 26 24 of
769 3885 73 23 social
861 3885 151 30 intercourse,
1033 3886 45 24 and
1096 3887 47 25 the.
1153 3880 110 40 requisite

668 3925 87 25 powers
769 3918 26 24 of
804 3918 134 33 combining
947 3923 25 21 to
984 3919 78 25 obtain
1075 3919 64 26 those
1148 3929 81 16 means
1240 3930 7 15 c
1256 3922 11 23 f

664 3952 195 23 -communication
872 3959 46 23 you
931 3961 26 14 so
968 3952 69 24 much
1049 3954 66 23 need.
1146 3954 70 25 .That
1226 3955 22 23 in
1255 3966 18 7 «-

1896 127 49 23 that
1955 127 56 31 they
2021 127 89 29 should,
2123 128 91 39 as^they
2225 130 116 31 generally
2352 131 35 29 do,
2399 139 79 24 expect

1897 160 37 22 the
1947 160 76 31 public
2036 165 22 18 to
2069 160 29 24 be
2110 162 91 30 equally
2212 169 34 21 so,
2256 163 121 32 especially
2386 165 63 23 when
2462 167 18 23 it

1897 193 19 22 is
1934 192 50 24 well
2006 192 83 24 known
2096 188 5 17 j
2107 193 50 24 that
2180 203 13 15 a
2214 202 83 24 person
2321 201 82 19 cannot
2422 199 58 24 avail

1898 225 92 24 himself
2006 226 26 23 of
2053 226 38 23 the
2098 226 113 31 .English
2230 233 77 26 patent
2327 229 42 23 law
2387 231 92 25 without

1898 258 95 31 making
2014 266 14 16 a
2047 259 155 24 considerable
2217 267 116 25 payment,
2354 262 67 24 while
2442 265 37 24 the

1898 292 109 23 statistics
2020 292 24 23 of
2060 292 48 23 that
2129 293 65 23 office
2214 294 60 22 show
2293 295 51 23 that
2358 300 41 18 not
2410 304 69 23 more,

1898 323 19 24 if
1932 332 32 16 we
1981 325 126 23 remember
2126 326 118 31 correctly,
2263 328 56 23 than
2338 333 44 18 two
2401 334 40 19 out
2458 332 22 23 of

1898 364 66 24 every
1976 357 103 24 hundred
2091 363 90 26 patents
2191 358 56 25 have
2255 360 56 24 been
2324 361 89 31 applied
2424 363 56 24 after

1893 389 89 31 •having
1993 390 58 24 been
2070 391 52 31 paid
2136 391 47 27 for.
2220 392 50 24 The
2291 401 67 16 cause
2377 402 32 16 we
2428 403 51 23 pre-

1898 430 63 16 sume
1973 423 26 23 of
2014 424 46 23 this
2079 425 91 22 curious
2190 424 46 25 fact
2255 426 70 31 being
2343 427 56 29 that,
2419 436 61 17 some

1899 456 195 24 insurmountable
2106 457 112 32 difficulty
2229 459 71 23 arises
2312 467 59 23 upon
2384 461 38 24 the
2435 463 45 23 real

1898 489 136 31 application
2047 490 27 23 of
2088 490 38 24 the
2141 491 117 24 invention
2279 496 22 19 to
2321 492 38 24 the
2376 493 104 25 business

1898 522 25 22 of
1937 522 142 31 production.
2114 523 71 25 Were
2197 524 38 24 the
2247 525 77 31 public
2335 534 25 15 as
2371 529 109 29 sanguine

1898 562 24 15 as
1934 556 117 23 inventors
2063 556 38 23 the
2112 557 72 24 world
2203 558 74 23 would
2294 558 29 24 be
2339 560 81 31 wholly
2434 569 46 15 em-

1897 587 81 32 ployed
1989 590 24 22 in
2026 588 38 24 the
2075 590 106 23 business
2200 590 25 23 of
2240 590 124 32 discovery,
2377 593 45 24 and
2440 602 39 24 ap-

1896 621 108 30 plication
2017 623 72 22 would
2101 623 28 23 be
2141 623 153 31 disregarded.
2332 624 147 34 Fortunately

1898 654 17 23 it
1929 655 19 23 is
1969 655 128 30 otherwise,
2116 656 47 23 and,
2180 656 50 24 that
2242 660 21 20 'a
2281 656 79 33 highly
2378 659 102 25 valuable

1898 695 96 23 purpose
2007 696 40 15 can
2065 689 28 23 be
2112 689 132 24 discovered
2261 690 24 23 in
2306 691 49 24 that
2374 699 106 25 apparent

1897 720 152 31 indifference,
2063 722 26 24 of
2103 722 74 24 which
2189 722 39 24 the
2240 724 118 30 ingenious
2371 726 109 32 unwisely

1898 754 122 27 complain.
2110 768 4 2 ■
2154 764 5 8 '

1931 804 97 24 Colonel
2040 804 128 25 Wakefield
2181 806 116 24 chartered
2316 807 37 24 the
2371 809 108 25 schooner

1896 836 130 30 Elizabeth,
2047 838 44 23 and
2114 839 127 31 proceeded
2262 845 22 18 to
2307 841 125 24 Auckland
2453 851 26 16 on

1897 870 145 31 Wednesday
2061 871 51 24 last.
2150 872 40 24 He
2208 880 46 16 was
2275 875 160 30 accompanied
2453 877 26 31 by

1897 903 47 24 Mr.
1959 904 80 30 Spain.
2077 904 77 24 These
2174 906 131 30 gentlemen,
2322 908 56 23 have
2388 916 91 23 procee-

1896 936 43 24 ded
1950 941 23 19 to
1987 937 39 23 the
2039 937 82 31 capital
2134 944 22 18 to
2177 939 89 23 consult
2279 940 54 24 with
2344 941 38 23 the
2394 941 85 25 Gover-

1896 978 41 15 nor
1948 978 30 15 on
1991 970 39 23 the
2042 971 89 31 subject
2152 972 26 23 of
2192 972 67 23 Land
2281 973 94 31 Claims,
2388 975 44 23 and
2451 983 28 16 we

1896 1003 57 24 have
1964 1009 66 25 great
2042 1004 70 31 hopes
2129 1005 51 23 that
2198 1005 39 24 the
2257 1007 73 23 result
2349 1008 26 23 of
2388 1008 39 24 the
2440 1010 39 30 trip

1896 1037 44 23 will
1953 1037 28 23 be
2001 1037 81 32 highly
2094 1038 152 32 satisfactory.
2283 1040 66 31 They
2361 1047 81 26 expect
2459 1048 20 18 to

1894 1070 29 24 be
1934 1070 60 24 back
2005 1071 55 24 here
2072 1072 66 27 again
2152 1072 24 24 in
2189 1080 13 16 a
2215 1073 86 23 month.

1929 1127 51 23 The
1999 1127 158 26 Government
2174 1130 53 31 brig
2253 1129 102 26 Victoria
2374 1133 105 24 returned

1894 1160 59 23 from
1971 1160 90 31 Cloudy
2072 1162 50 29 Bay
2140 1163 45 22 and
2198 1163 37 23 the
2255 1164 80 24 Sound
2347 1173 28 16 on
2392 1166 87 24 Thurs-

1895 1193 52 30 day.
1983 1193 78 24 While
2071 1204 2 6 ■
2080 1202 77 16 across
2176 1196 38 22 the
2232 1197 93 28 Straits,
2347 1198 40 23 she
2408 1200 71 23 seized

1896 1228 49 21 800
1957 1226 89 31 gallons
2054 1227 27 22 of
2089 1228 86 30 spirits.
2213 1229 58 23 This
2281 1231 87 23 seizure
2377 1232 45 23 will
2430 1233 49 31 only

1896 1259 67 23 make
1976 1261 85 30 parties
2068 1263 72 21 'more
2152 1261 138 24 careful—it
2306 1263 46 24 will
2372 1265 27 22 be
2413 1265 66 26 found

1896 1292 132 31 impossible
2041 1298 22 19 to
2075 1294 69 24 make
2164 1294 37 24 the
2221 1295 99 32 whaling
2331 1298 95 24 stations
2438 1306 41 25 pay

1896 1325 54 31 duty
1964 1334 28 16 on
2005 1327 79 30 spirits
2102 1327 67 24 while
2181 1328 39 24 the
2231 1329 70 24 whale
2316 1329 64 32 ships
2392 1331 28 24 do
2433 1339 44 18 not.

1896 1359 82 24 Either
1990 1360 39 23 the
2042 1360 54 32 duty
2110 1366 62 19 must
2181 1362 27 23 be
2216 1362 69 24 taken
2293 1363 36 23 off
2335 1363 58 24 from
2404 1365 75 31 spirits

1896 1393 125 24 consumed
2043 1399 24 19 at
2089 1394 99 32 whaling
2208 1397 104 28 stations,
2330 1405 25 15 or
2372 1397 38 24 the
2427 1399 52 31 duty

1896 1432 61 17 must
1972 1427 117 31 generally
2100 1428 28 23 be
2147 1428 69 24 much
2228 1430 105 29 reduced,
2347 1438 24 16 or
2385 1431 46 24 else
2444 1433 34 23 the

1896 1461 95 23 stations
2004 1461 52 28 will,
2070 1461 23 23 in
2107 1461 101 24 defiance
2220 1463 27 23 of
2261 1463 38 23 the
2317 1464 160 31 Government,

1896 1492 28 24 be
1947 1494 105 31 supplied
2068 1494 30 32 by
2115 1495 39 23 the
2173 1496 123 31 smuggler,
2317 1502 23 18 to
2364 1498 37 23 the
2418 1504 61 26 great

1896 1527 122 24 detriment
2027 1528 25 23 of
2061 1528 39 24 the
2113 1528 58 24 New
2182 1529 100 24 Zealand
2294 1531 124 24 merchant.

1929 1584 45 24 We
1986 1585 58 23 have
2063 1585 99 24 hitherto
2181 1587 118 31 neglected
2319 1593 24 19 to
2362 1597 114 17 announce

1898 1618 37 23 the
1947 1618 120 31 departure
2080 1619 25 23 of
2115 1619 96 32 Captain
2225 1621 75 24 Smith
2307 1626 25 19 to
2344 1622 37 24 the
2394 1623 85 24 Middle

1898 1651 87 24 Island.
2023 1652 98 32 Captain
2133 1653 77 24 Smith
2221 1654 42 23 left
2274 1654 45 24 this
2333 1659 61 21 frome
2406 1658 71 22 weeks

1897 1686 62 22 since
1970 1686 24 22 in
2006 1685 40 23 the
2057 1691 72 19 cutter
2149 1686 119 31 Brothers,
2281 1693 22 19 to
2323 1690 103 23 examine
2444 1691 35 24 the

1898 1719 71 22 whole
1988 1719 25 23 of
2029 1719 38 24 the
2087 1719 110 24 harbours
2216 1720 44 24 and
2281 1727 95 27 country
2397 1732 28 15 on
2444 1724 35 24 the

1898 1752 59 23 East
1969 1752 49 24 side
2037 1753 24 23 of
2077 1753 38 23 the
2136 1753 89 25 Island.
2261 1755 77 25 There
2358 1757 56 23 have
2425 1757 54 24 been

1899 1785 124 24 thousands
2035 1786 24 23 of
2070 1792 87 26 reports
2170 1788 69 23 about
2248 1788 38 24 the
2299 1789 88 25 Middle
2396 1790 84 30 Island,

1898 1819 40 23 but
1957 1818 52 32 they
2022 1819 59 23 have
2100 1820 57 24 been
2176 1829 26 15 so
2214 1822 173 32 contradictory,
2400 1824 48 23 that
2465 1826 15 22 it

1899 1852 40 23 has
1952 1853 55 23 been
2028 1853 132 31 impossible
2180 1860 22 18 to
2225 1855 56 24 form
2300 1864 46 23 any
2358 1857 89 31 opinion
2460 1858 20 23 of

1899 1886 37 23 the
1960 1886 139 31 advantages
2122 1888 25 22 of
2174 1896 46 23 any
2241 1889 121 30 particular
2384 1890 96 32 locality,

1898 1919 87 31 though
2002 1920 27 23 of
2051 1919 38 24 the
2110 1920 81 25 liland
2211 1922 124 32 generally,
2354 1925 90 30 opinion
2463 1926 17 22 is

1899 1952 78 32 highly
1987 1953 138 24 favourable.
2152 1954 97 32 Captain
2258 1956 75 24 Smith
2345 1957 20 23 is
2376 1958 104 31 expected

1899 1990 21 19 to
1932 1992 77 17 return
2023 1987 23 22 in
2065 1987 73 23 about
2152 1995 17 18 a.
2187 1988 87 29 month,
2288 1997 64 16 wnen
2372 1999 32 14 we
2415 1992 65 22 doubt

1898 2018 78 22 not-he
1989 2019 45 21 will
2046 2019 90 23 furnish
2147 2027 55 23 very
2213 2020 104 24 valuable
2329 2022 151 25 information.

1900 2050 45 24 His
1957 2051 112 23 scientific
2083 2052 155 30 attainments,
2251 2055 141 30 experience,
2404 2064 76 23 perse-

1899 2091 101 21 verance,
2020 2084 45 24 and
2085 2093 88 23 powers
2197 2086 25 22 of
2248 2087 134 31 endurance,
2404 2089 76 32 highly

1899 2117 84 29 qualify
1996 2118 48 23 him
2056 2117 35 24 for
2103 2126 14 16 a
2128 2119 52 23 task
2194 2119 25 24 of
2234 2119 38 24 the
2284 2121 65 24 kind.

1932 2176 47 25 His
1991 2177 124 32 Lordship,
2124 2178 39 24 the
2175 2179 88 32 Bishop
2271 2180 25 24 of
2305 2181 57 24 New
2375 2182 102 30 Zealand,

1898 2212 160 30 accompanied
2069 2212 31 31 by
2112 2212 49 23 Mr.
2175 2213 36 23 St.
2228 2213 58 30 Hill,
2298 2216 85 23 started
2401 2216 32 23 for
2445 2216 32 24 the

1898 2249 69 24 coast,
1985 2253 29 15 on
2027 2245 55 29 foot,
2095 2253 28 16 on
2136 2246 104 31 Monday
2254 2247 52 24 last.
2343 2248 42 24 We
2398 2249 79 24 believe

1897 2279 17 22 it
1927 2278 20 23 is
1959 2278 36 23 his
2013 2278 136 32 Lordship's
2166 2280 112 24 intention
2300 2286 21 18 to
2340 2282 94 31 proceed
2451 2283 26 24 all

1898 2311 37 23 the
1953 2319 56 23 way,
2031 2312 30 31 by
2072 2312 60 29 laud,
2152 2317 22 19 to
2192 2312 137 31 Taranaki,'
2338 2315 72 24 where
2428 2317 17 22 it
2461 2317 16 23 is

1898 2344 137 25 understood
2047 2346 39 23 the
2096 2347 156 24 Government
2263 2347 52 32 brig
2329 2341 101 36 Victoria
2437 2350 40 23 will

1897 2378 44 23 call
1952 2379 35 22 for
2006 2379 55 29 him,
2079 2380 57 23 after
2154 2381 95 31 visiting
2268 2381 87 24 Nelson
2374 2383 51 23 with
2442 2383 35 23 the

1898 2411 69 24 Chief
1976 2412 95 29 Justice,
2085 2413 44 23 and
2138 2414 99 30 proceed
2249 2420 22 17 to
2282 2415 131 24 Auckland.

2183 2453 23 14 +.

1899 2472 28 20 To
1937 2472 35 20 the
1981 2473 79 20 Editor
2068 2473 29 25 of
2108 2474 35 19 the
2181 2474 53 20 New
2244 2475 94 21 Zealand
2348 2476 85 20 Gazette
2441 2476 38 20 and

2054 2502 127 24 Wellington

1924 2526 151 27 Sir,—When
2096 2528 89 22 Britons
2206 2528 58 23 have
2281 2537 29 15 no
2329 2530 62 22 other
2406 2538 73 15 means

1897 2554 27 21 of
1937 2554 88 22 redress
2041 2554 41 22 but
2097 2555 48 21 that
2157 2555 26 21 of
2199 2562 62 16 more
2276 2557 87 22 trouble
2378 2558 44 22 and
2436 2562 43 18 cost

1898 2580 52 22 than
1958 2580 88 29 benefit,
2055 2581 52 28 they
2112 2583 128 22 sometimes
2245 2589 80 17 resorts
2331 2589 23 17 to
2362 2585 36 21 the
2405 2592 74 14 corner

1896 2607 27 21 of
1929 2614 13 15 a
1951 2615 141 21 newspaper;
2110 2608 110 23 therefore
2230 2616 58 21 may,
2293 2611 17 26 I,
2317 2611 24 22 in
2350 2611 129 28 performing

1896 2641 14 14 a
1924 2634 73 27 public
2015 2634 63 28 duty,
2095 2638 95 25 trespass
2207 2643 28 15 on
2246 2644 22 18 ,a
2286 2638 88 27 portion
2392 2639 26 21 of
2428 2646 51 21 youc

1896 2665 105 21 columns,
2015 2665 23 17 to
2054 2669 81 20 expose
2150 2667 24 17 at
2191 2663 57 22 least
2257 2663 48 23 that
2310 2664 80 24 jwhich
2404 2666 11 22 I
2432 2673 46 20 may

1896 2693 40 16 not
1946 2688 69 22 deter.
2265 2688 36 23 ,"'-

1922 2714 47 23 The
1981 2716 63 21 other
2054 2716 51 27 day,
2116 2716 12 21 I
2144 2724 46 14 was
2204 2718 117 27 requested
2336 2719 32 28 by
2377 2726 13 15 a
2406 2719 73 28 neigh-

1895 2742 57 21 bour
1971 2747 22 17 to
2016 2750 44 19 pay
2080 2743 44 21 and
2147 2748 51 23 post
2215 2744 36 22 for
2269 2744 46 22 him
2336 2753 14 15 a
2367 2746 64 22 letter
2449 2747 30 22 for

1898 2768 109 28 England,
2020 2769 71 22 which
2104 2770 10 22 I
2126 2770 119 29 delivered,
2262 2771 29 28 by
2303 2772 37 22 the
2352 2780 56 21 open
2417 2781 60 20 pane,

1898 2800 21 16 to
1931 2796 43 22 Mr.
1986 2797 88 21 Mantle
2084 2796 38 22 the
2136 2797 142 28 Postmaster,
2293 2799 56 28 who,
2361 2808 27 14 on
2402 2800 77 27 weigh-

1897 2822 39 28 ing
1945 2823 24 27 it,
1980 2823 48 21 said
2041 2823 17 22 it
2068 2830 44 16 was
2121 2832 13 13 a
2150 2823 84 25 douole
2244 2825 71 28 letter,
2327 2827 45 22 and
2387 2831 56 18 must
2453 2828 26 21 be

1898 2849 83 28 doubly
1992 2850 104 28 charged.
2128 2851 10 22 I
2149 2851 48 23 told
2208 2852 45 22 him
2265 2853 47 22 that
2328 2854 12 22 I
2355 2854 43 22 had
2408 2854 71 22 folded

1898 2877 22 27 it,
1934 2877 72 22 which
2016 2885 45 15 was
2070 2884 15 15 a
2094 2879 71 26 single
2176 2879 64 23 sheet
2251 2880 26 22 of
2288 2880 170 29 foolscap—that
2468 2881 10 24 I

1898 2904 43 22 had
1957 2905 47 21 also
2016 2904 101 28 weighed
2131 2906 23 27 it,
2166 2908 45 20 and
2223 2907 19 21 it
2256 2907 38 22 did
2308 2911 40 18 not
2366 2916 60 19 carry
2436 2907 43 22 half

1898 2938 28 15 an
1938 2939 78 19 ounce,
2028 2932 41 22 but
2080 2932 82 23 wished
2178 2936 23 19 to
2211 2934 59 22 refer
2279 2938 22 18 to
2313 2935 35 21 his
2357 2935 97 26 balance,
2464 2934 15 23 if

1897 2957 29 23 he
1943 2958 73 22 would
2031 2958 67 23 allow
2113 2967 50 20 me;
2179 2960 45 22 and
2236 2961 60 22 these
2314 2961 12 22 I
2345 2963 45 21 told
2406 2963 43 21 hi»n
2458 2962 19 21 in

1898 2985 38 22 the
1945 2990 59 18 most
2019 2990 117 18 courteous
2147 2992 68 18 terms
2230 2988 12 22 I
2409 2990 31 21 As
2454 2989 24 21 he

1898 3011 44 23 still
1957 3012 53 23 held
2025 3013 39 22 the
2074 3013 66 23 letter
2148 3015 23 21 in
2187 3014 35 22 his
2234 3015 69 27 hand,
2315 3016 11 21 I
2342 3015 84 23 desired
2435 3016 43 21 him

1898 3043 22 18 to
1934 3040 51 26 give
2001 3041 19 21 it
2034 3043 23 19 to
2077 3048 36 15 me
2132 3042 73 27 again,
2221 3042 37 28 for
2277 3050 37 20 my
2326 3043 71 22 friend
2413 3043 66 26 might

1898 3066 85 28 dispute
1997 3067 51 22 how
2057 3067 44 23 this
2113 3069 65 21 could
2188 3069 35 26 be,
2235 3069 84 28 having
2333 3070 54 28 paid
2394 3070 39 22 but
2445 3069 32 22 6d.

1896 3097 91 24 postage
2004 3095 35 21 for
2047 3102 75 21 .paper
2135 3095 60 22 from
2205 3096 37 21 the
2258 3103 59 15 same
2333 3097 67 28 quire.
2428 3097 50 22 This

1898 3121 27 21 he
1942 3121 158 29 peremptorily
2108 3122 98 27 refused,
2217 3130 25 14 so
2260 3123 11 22 I
2286 3124 66 26 again
2368 3123 111 29 requested

1898 3150 22 19 to
1940 3156 36 14 see
1993 3149 18 21 it
2028 3148 110 29 weighed,
2155 3150 47 22 and
2220 3154 61 18 went
2281 3153 4 5 v
2298 3158 29 20 up
2341 3150 37 23 the
2393 3157 85 21 passage

1896 3175 95 22 towards
2006 3175 38 22 the
2059 3176 129 23 Post-office
2205 3177 55 22 door
2269 3178 31 21 for
2318 3177 48 22 that
2379 3185 98 26 purpose,

1896 3202 64 22 when
1970 3203 37 26 he,
2018 3203 24 21 in
2053 3211 14 14 a
2075 3207 59 18 most
2141 3203 123 29 imperious
2278 3211 105 26 manner^
2390 3203 88 23 ordered

1897 3236 36 15 me
1945 3229 54 28 (dog
2008 3229 56 28 like)
2077 3234 21 18 to
2110 3230 36 22 the
2157 3230 100 23 window.
2286 3232 12 21 I
2307 3230 47 22 told
2368 3230 46 22 him
2425 3230 51 28 that,

1896 3256 59 22 from
1971 3256 89 28 thence,
2074 3257 8 21 I
2101 3257 67 22 could
2183 3265 37 15 see
2240 3258 36 21 the
2289 3257 87 27 weight,
2394 3258 45 22 and
2451 3258 26 21 he

1897 3283 65 27 again
1985 3283 94 27 pointed
2101 3284 35 23 his
2158 3284 127 27 indignant'
2300 3284 72 27 finger
2394 3288 22 18 to
2443 3284 34 22 the

1897 3310 121 28 threshold,
2200 3316 21 17 to
2230 3311 38 22 the

1924 3337 48 22 Not
1987 3338 109 27 knowing
2111 3338 60 23 what
2185 3338 73 22 better
2270 3340 23 19 to
2303 3337 36 27 do,
2352 3337 11 23 I
2378 3338 51 29 paid
2443 3338 33 21 the

1898 3364 96 28 shilling,
2006 3370 23 17 to
2039 3372 52 15 save
2101 3366 37 21 the
2154 3365 54 22 time
2218 3364 26 21 of
2256 3364 119 32 my-friend
2386 3365 91 26 walking

1898 3399 14 14 a
1921 3391 52 22 mile
1983 3392 54 22 from
2049 3392 35 22 his
2091 3392 73 23 work..
2187 3392 36 21 On
2234 3394 81 24 stating
2324 3392 39 22 the
2374 3397 76 18 matter
2456 3395 20 18 to

1898 3418 53 27 him,
1963 3418 28 23 he
2000 3426 58 20 gave
2068 3426 36 15 me
2115 3419 36 22 the
2160 3422 46 18 rest
2215 3417 25 22 of
2247 3417 38 23 the
2295 3418 50 23 half
2351 3420 62 26 quire
2422 3420 53 21 from

1900 3446 71 21 which
1980 3446 38 21 the
2033 3446 65 21 letter
2113 3453 43 14 was
2166 3445 95 26 written,
2272 3445 45 22 and
2332 3446 13 22 I
2362 3446 56 22 took*
2427 3446 17 21 it
2455 3448 21 18 to

1899 3472 44 23 Mr.
1955 3473 29 22 H.
1995 3472 103 28 Taylor's
2107 3472 67 26 clerk,
2186 3471 49 22 who
2246 3472 45 22 had
2300 3472 38 22 the
2348 3472 101 23 kindness
2455 3476 20 17 to

1900 3499 69 27 weigh
1979 3499 18 22 it
2005 3499 65 22 sheet
2084 3499 29 26 by
2123 3498 69 26 sheet,
2203 3498 45 23 and
2257 3506 33 15 we
2300 3507 37 14 are
2350 3500 53 22 both
2414 3498 62 28 ready

1898 3530 23 18 to
1929 3527 66 22 make
2010 3525 106 27 affidavit,
2133 3525 48 22 that
2195 3530 39 17 not
2248 3533 41 15 one
2305 3526 64 23 sheet
2383 3524 93 30 weighed

1898 3553 50 22 half
1954 3560 27 15 an
1998 3559 79 16 ounce.
2107 3552 12 22 I
2129 3559 44 15 was
2187 3552 104 28 induced,
2308 3554 30 28 by
2355 3561 59 15 more
2428 3552 48 23 than

1899 3585 42 18 two
1949 3580 136 26 gentlemen,
2102 3578 48 23 who
2166 3579 48 22 said
2230 3580 54 28 they
2293 3580 44 23 had
2355 3580 91 23 suffered
2455 3580 20 21 in

1900 3607 34 22 the
1945 3613 59 15 same
2015 3613 55 21 way,
2081 3609 23 18 to
2114 3613 29 20 go
2153 3610 22 18 to
2187 3606 43 23 Mr.
2244 3607 105 29 Murphy,
2362 3608 35 22 the
2406 3606 69 24 Police

1899 3634 137 26 Magistrate,
2055 3640 24 15 as
2094 3640 14 15 a
2125 3633 75 27 public
2215 3634 64 32 duty.
2307 3634 12 23 I
2335 3634 40 23 did
2383 3641 30 20 so,
2427 3632 48 23 with

1898 3660 132 27 reluctance,
2041 3659 36 22 for
2087 3660 12 21 I
2108 3667 45 15 was
2162 3660 74 28 losing
2246 3665 53 20 time
2308 3665 23 18 to
2340 3669 31 14 no
2381 3658 95 32 personal

1898 3687 88 27 benefit,
2002 3686 47 23 and
2064 3687 12 22 I
2093 3686 43 23 had
2150 3695 31 14 no
2199 3688 44 23 bad
2259 3688 82 28 feeling
2356 3691 23 19 to
2392 3686 82 28 gratify.

1900 3715 43 21 Mr.
1954 3714 98 27 Murphy
2063 3721 55 21 very
2126 3714 92 29 politely
2227 3715 47 22 told
2291 3723 35 14 me
2341 3715 13 23 I
2368 3714 60 23 could
2441 3716 35 19 not

1899 3743 56 20 refer
1966 3745 21 17 to
1997 3747 44 21 any
2051 3748 80 20 person
2143 3742 40 22 but
2192 3746 23 19 to
2232 3742 43 22 Mr.
2288 3742 85 22 Mantle
2387 3739 88 25 himself.

1898 3769 67 25 Thus,
1973 3775 28 14 on
2009 3768 65 22 other
2082 3769 82 27 parties
2172 3768 84 28 having
2264 3769 83 22 similar
2353 3768 123 25 complaints

1898 3794 125 28 entreating
2034 3803 36 14 me
2081 3799 23 18 to
2114 3796 29 22 do
2152 3803 33 20 so,
2196 3796 13 22 I
2224 3796 36 28 lay
2270 3794 37 24 the
2318 3799 77 19 matter
2406 3794 69 23 before

1899 3822 37 22 the
1948 3821 73 28 public
2032 3829 51 20 eye.

1928 3849 26 22 In
1974 3848 70 28 doing
2063 3849 50 28 this,
2129 3849 13 22 I
2158 3850 74 22 would
2248 3850 77 28 kindly
2342 3850 98 22 intimate
2456 3850 20 18 to

1900 3876 44 22 Mr.
1960 3876 98 24 Mantle,
2074 3883 24 15 as
2112 3885 14 14 a
2143 3884 101 20 younger
2260 3884 60 17 man.
2335 3876 48 23 that
2399 3874 78 27 civility

1899 3903 20 22 is
1929 3902 36 23 the
1976 3902 105 30 cheapest
2090 3904 138 29 commodity
2237 3911 33 15 we
2287 3911 41 15 can
2341 3904 51 28 give
2405 3907 71 21 away;

1899 3930 46 22 and
1954 3937 25 15 as
1988 3937 14 15 a
2011 3930 77 28 public
2103 3930 83 28 officer,
2202 3930 51 23 that
2267 3930 38 22 the
2323 3930 74 29 public
2413 3928 38 23 has
2465 3933 12 15 a

1899 3958 60 27 right
1967 3961 23 19 to
2001 3957 99 23 demand
2109 3958 20 22 it
2137 3961 23 19 at
2169 3958 37 22 his
2221 3958 78 24 hands,
2333 3958 33 22 At
2378 3956 35 23 the
2422 3959 57 19 same.

563 42 99 44 &t)t
686 41 119 42 Wteto
831 41 212 41 Zealand
1067 41 191 45 <&a}tttt
1280 42 92 38 an*
1398 40 298 45 imciiwqton
1721 37 254 48 #ptctatoi\

755 125 298 24 METEOROLOGICAL
1067 127 111 22 TABLE.

685 160 43 20 For
737 160 37 19 the
782 158 56 21 week
847 156 76 27 ending
935 158 120 26 Thursday,
1066 157 48 21 Oct.
1126 158 36 24 13,
1175 158 62 21 1842.

114 1290 167 24 SHIPPING
302 1290 274 24 INTELLIGENCE.

274 1339 142 20 ARRIVED.

76 1365 94 21 October
189 1366 33 23 12,
239 1367 104 19 schooner
359 1366 109 26 Industry,
487 1367 36 24 24,
541 1366 98 27 Bradley,

49 1393 53 21 from
113 1394 37 19 the
161 1393 52 20 Coal
224 1393 89 20 Heaver.

78 1421 61 19 Same
148 1421 47 26 day,
207 1420 143 21 Government
360 1421 45 25 brig
417 1421 103 24 Victoria,
532 1421 40 20 200
583 1424 56 21 tons,

49 1447 75 27 Nagle,
136 1448 53 20 from
199 1448 81 20 Nelson
292 1448 40 20 and
341 1448 83 26 Cloudy
436 1449 52 25 Bay.

76 1475 61 20 Same
145 1475 46 26 day,
202 1475 119 26 brigantine
339 1476 96 25 Success,
447 1477 25 19 82
483 1478 58 23 tons,
553 1476 87 25 Mason,

49 1502 55 21 from
116 1503 82 26 Cloudy
209 1503 51 26 Bay.

288 1548 116 21 SAILED.

77 1576 62 20 Octr.
150 1577 34 22 12,
194 1577 104 20 schooner
310 1577 120 26 Elizabeth,
449 1578 25 20 75
490 1579 59 23 tons,
561 1577 79 25 Smith,

50 1603 33 20 for
93 1604 119 20 Auckland.

277 1649 34 21 IN
327 1649 85 22 PORT.

54 1679 107 25 ■-'Barque
178 1677 117 26 Ctydeside,
305 1678 40 19 256
362 1680 56 21 tons,
438 1677 132 25 Mathieson,
583 1679 59 19 refit-

48 1706 53 25 ting.
132 1705 67 19 Waitt
207 1705 43 19 and
259 1705 74 26 Tyser,
341 1705 88 26 Agents.

76 1734 84 25 Barque
168 1733 128 25 Indemnity,
306 1733 41 20 450
364 1737 58 20 tons,
439 1733 44 20 Ada
487 1740 39 18 mi,
538 1733 103 26 refitting.

48 1761 90 26 Agents,
149 1760 68 20 Waitt
226 1760 43 20 and
278 1760 75 26 Tyser.

77 1788 109 21 Schooner
209 1789 57 25 Ann,
293 1790 27 19 22
345 1791 58 21 torn,
428 1788 85 25 Brown,
537 1788 43 21 laid
603 1784 44 31 up.'

48 1816 79 26 Agent,
139 1815 67 20 Waitt
216 1816 40 19 and
268 1816 73 26 Tyser.
349 1828 6 3 -

76 1843 110 21 Schooner
202 1844 80 25 Maori,
294 1845 25 19 15
334 1846 56 18 tons.
419 1842 42 24 For
475 1844 37 20 the
526 1846 59 18 coait
600 1844 42 20 and

50 1871 91 21 Nelson.

78 1898 108 21 Schooner
203 1899 73 23 Mana,
292 1898 26 21 27
336 1900 56 23 tont,
405 1899 82 26 Svrany.
517 1899 69 20 Willii
600 1900 42 19 and

52 1926 30 20 Co
93 1941 6 7 .
110 1926 90 26 Agents.

78 1953 108 21 Schooner
194 1954 61 22 Jane,
268 1954 25 19 15
304 1955 56 23 tons,
371 1953 84 27 Vendy.
478 1954 79 26 Agent,
568 1954 72 21 Wade.

77 1981 108 21 Schooner
195 1982 85 25 Henry,
293 1981 25 21 17
329 1983 57 22 tons,
403 1981 122 26 Daymoad.
553 1983 88 26 Agents,

50 2009 94 19 Wallace
153 2009 40 19 and
205 2009 38 19 Co.
265 2026 3 4 .

78 2035 108 21 Schooner
199 2035 76 24 Union,
287 2036 26 18 35
323 2038 58 17 tons.

77 2063 83 26 Barque
179 2063 72 25 Eagle,
273 2063 41 20 438
334 2065 57 22 tons;
409 2063 103 25 Buckley.
550 2063 90 26 Agents,

49 2090 72 21 Willis
132 2090 41 20 and
184 2091 38 19 Co.

78 2118 76 20 Cutter
163 2118 115 24 Pickwick,
289 2118 27 20 38
327 2120 56 18 torn.
403 2118 94 25 Agenti,-
503 2118 87 22 Rhodes
600 2119 42 20 and

52 2145 38 21 Co.

77 2174 83 25 Barque
180 2173 106 25 Arachne,
306 2173 41 20 396
367 2175 56 23 torn,
437 2173 86 21 Pearce.
552 2173 88 27 Agents,

51 2201 69 20 Waitt
130 2201 43 20 and
187 2201 72 26 Tyser.

78 2228 108 21 Schooner
195 2228 122 27 Richmond,
329 2228 26 21 30
366 2230 57 23 torn,
436 2228 99 21 Sinclair.
563 2230 77 25 Agent,

50 2256 139 21 Fitzherbert.
625 2266 4 2 ■
647 2269 2 10 ,

77 2284 123 26 Brigantine
218 2284 69 24 Ariel,
308 2284 39 19 104
368 2286 56 22 tons,
447 2283 142 21 Cruikshank.
616 2285 33 22 J.

49 2312 74 22 Wade,
137 2312 77 25 Agent.

77 2339 108 20 Schooner
200 2339 109 26 Industry,
321 2339 25 20 24
365 2341 55 23 tons,
436 2339 100 26 Bradley.
563 2339 77 28 Agent,

49 2367 76 20 Wade.
132 2371 2 5 ■
148 2371 3 2 •

78 2394 51 26 %ig
141 2394 102 24 Victoria,
254 2394 42 21 200
307 2396 56 22 tons,
374 2394 75 26 Nagle.

76 2421 124 27 Brigantine
217 2423 94 25 Success,
329 2422 26 20 82
374 2424 57 22 tons,
449 2421 85 22 Mason.
563 2422 77 26 Agent,

50 2449 26 20 C.
87 2449 32 20 M.
130 2449 78 21 Evans.
430 2456 3 5 -

790 1802 101 21 Notice
907 1804 29 19 to
953 1802 183 23 Subscribers.

671 1838 79 25 Papers
764 1837 47 20 will
821 1838 37 18 not
872 1837 24 19 be
908 1839 48 18 tent
973 1838 22 19 to
1007 1843 91 20 persons
1107 1839 68 25 living
1189 1830 38 30 oui
1240 1840 23 20 of

695 1865 56 20 Port
760 1865 122 24 Nicholson,
899 1865 70 20 unless
984 1868 156 23 arrangements
1152 1873 39 14 are
1205 1868 58 19 made

693 1892 37 24 for
740 1893 34 19 the
781 1894 100 24 payment
891 1893 27 24 of
924 1893 36 20 the
970 1899 64 20 same,
1046 1894 92 25 through
1153 1901 28 13 an
1193 1896 70 24 Agent

695 1921 24 19 at
731 1920 136 21 Wetlingion.

58 131 93 49 MR.
166 130 85 23 JOHN
266 130 96 23 WADE
370 130 20 22 is
399 129 119 24 instructed
529 132 23 19 to
561 129 42 22 sell
611 129 31 27 by

149 158 107 27 Auction,
268 165 28 14 on
313 158 36 21 the
358 156 113 29 premises,
483 163 28 15 on
522 155 117 27 Saturday,

55 183 39 23 the
104 184 59 21 22nd
173 184 103 27 October,
289 185 58 25 1842,
359 187 24 18 at
397 185 10 20 1
426 182 85 23 o'clock
524 182 116 28 precisely,

56 210 41 24 the
105 210 91 22 interest
205 210 27 22 of
238 211 39 22 the
288 211 79 21 Lessee
378 209 96 27 (Robert
487 209 118 27 Sturgeon)
618 212 22 19 in

57 236 39 23 the
104 236 61 22 lease
177 236 26 22 of
212 237 28 22 all
252 238 49 21 that
309 236 61 28 piece
386 243 26 15 or
425 235 112 29 parcel'of
549 235 53 22 land
617 243 25 14 or

55 263 87 27 ground
161 263 44 22 and
223 264 113 27 premises,
355 262 96 22 situated
470 269 29 15 on
519 262 122 22 Lambton-

55 297 67 20 qua\,
130 294 51 23 part
189 290 27 21 of
220 294 59 17 town
289 297 50 14 acre
345 290 43 21 No.
395 290 41 21 486
445 296 29 15 on
485 289 37 22 the
530 289 112 26 Surveyor

57 316 116 22 General's
193 316 54 22 Plan
271 316 26 22 of
316 316 37 22 the
377 316 53 28 City,
450 315 27 22 of
497 315 141 28 Wellington,

55 343 107 22 beunded
171 350 28 14 on
210 343 39 21 the
259 347 47 17 east
318 343 30 27 by
360 343 189 26 Lambton-quay,
559 349 29 14 on
602 342 37 21 the

56 370 67 21 sonth
141 370 29 26 by
189 372 49 24 part
261 369 26 22 of
304 369 39 22 the
360 376 61 15 same
443 369 124 26 allotment,
590 375 50 15 now

55 396 107 26 occupied
177 396 29 27 by
217 396 89 26 George
323 395 79 22 Clarke
421 395 54 26 (late
492 395 89 28 Wright
596 395 46 22 and

57 423 99 26 Clarke),
167 423 43 20 and
225 429 29 14 on
266 423 36 21 the
311 427 54 18 west
374 422 45 21 and
428 421 65 22 north
503 421 29 28 by
541 421 99 28 portions

56 449 26 22 of
99 449 37 21 the
151 456 60 14 same
226 449 130 27 allotment;
372 449 82 27 having
469 456 14 14 a
498 448 100 27 frontage
617 447 31 22 to'

56 475 183 28 Lambton-quay
256 475 27 22 of
294 477 26 20 25
337 476 51 25 feet,
399 475 45 22 and
461 482 14 14 a
490 475 68 27 depth
576 475 25 21 of
612 475 26 21 95

54 502 44 21 feet
109 509 25 14 or
149 502 61 21 there
221 502 85 22 abouts.
337 502 86 22 Leased
434 506 21 17 to
471 501 39 22 the
520 505 77 18 tenant
606 501 35 21 for

53 528 101 22 fourteen
163 536 70 19 years,
243 529 59 21 from
317 529 38 22 the
370 529 53 22 17th
440 529 59 21 June
516 529 60 25 18H,
587 527 54 22 with

53 555 37 22 the
99 555 75 27 option
182 555 26 21 of
214 555 122 28 extending
344 556 55 22 such
407 556 59 21 lease
476 558 23 19 to
505 558 135 23 twenty-one

54 589 73 20 years.
156 582 64 26 Rent,
231 582 48 21 J625
286 590 39 19 per
333 590 60 19 year,
403 582 95 28 payable
508 580 118 28 quarterly.

83 609 37 21 On
130 607 38 23 the
177 608 53 22 land
242 609 62 21 there
313 616 37 14 are
361 613 41 18 two
410 608 130 23 substantial
548 608 91 21 wooden

54 635 87 26 houses,
153 635 31 21 let
193 638 23 18 to
225 636 137 27 respectable
373 639 94 23 tenants,
479 634 44 23 and
533 634 108 27 realizing

54 668 14 15 a
76 665 52 18 rent
137 662 26 20 of
169 662 48 21 £60
224 669 42 17 per
273 669 61 21 year.

82 688 22 22 It
113 689 19 21 is
141 686 95 24 situated
245 689 23 21 in
283 689 37 22 the
335 692 57 19 most
407 688 131 27 flourishing
553 691 49 24 part
618 687 27 22 of

54 714 38 22 the
102 718 65 23 town,
179 715 42 21 and
233 715 45 22 will
292 723 68 20 prove
374 722 29 14 an
413 715 128 21 invaluable
555 715 41 21 site
607 714 35 22 for

53 741 108 27 business,
172 741 64 23 when
246 743 38 21 the
293 742 113 28 projected
415 741 174 28 improvements
599 748 39 14 are

54 769 132 26 completed.

113 795 76 22 Torms
191 797 49 20 —A
250 796 59 27 good
320 795 45 27 bill,
377 798 23 18 at
410 795 61 22 three
481 795 98 21 months.

65 845 68 21 Port
148 845 152 21 Nicholson
315 845 182 26 Temperance
510 844 116 26 Society.

53 880 51 47 A
120 878 141 23 LECTURE
273 878 42 22 will
323 879 27 21 be
365 878 114 23 delivered
498 879 39 27 (by
552 882 90 25 request

134 906 26 21 of
171 905 36 22 the
224 906 127 21 committee
363 906 26 21 of
401 906 37 21 the
449 906 71 21 above
530 906 108 26 Society,)

53 936 22 17 at
84 931 38 22 the
134 932 137 22 Mechanic's
283 932 110 27 Institute,
414 939 30 16 on
458 932 112 29 Tuesday,
589 933 51 22 Oct.

53 960 32 24 18,
98 960 60 25 1842,
170 959 28 27 by
210 960 47 21 Me.
271 959 146 28 Woodward,
438 967 28 14 on
561 963 80 19 nature

53 984 49 33 and^
122 985 74 22 effects
215 986 26 21 of
259 987 152 27 Tempeiance
428 986 45 23 and
487 987 155 27 Temperance

115 1039 25 22 F.
157 1040 22 21 J.
194 1040 75 26 Knox,
282 1040 59 27 Esq.,
353 1040 64 22 M.D.
430 1040 41 22 will
483 1040 93 26 preside.

80 1066 97 21 Lecture
195 1070 22 17 to
242 1073 128 16 commence
395 1070 23 18 at
442 1066 107 29 half-past
574 1073 67 16 seven

53 1092 91 27 o'clock,
158 1093 117 22 admission
285 1093 54 22 free.

78 1119 30 21 At
122 1119 36 22 the
169 1120 57 21 close
237 1120 26 21 of
275 1120 37 21 the
322 1120 90 26 lecture,
423 1118 38 24 the
472 1120 107 23 Lecturer
594 1120 45 21 will

53 1152 84 15 answer
146 1153 44 20 any
200 1147 114 27 questions
327 1146 49 23 that
391 1154 52 20 may
457 1148 28 21 be
501 1146 108 29 proposed
619 1154 20 13 ».

53 1174 84 25 writing
146 1177 23 18 to
179 1172 37 23 the
227 1173 129 22 Chairman.

293 1207 22 23 J.
332 1207 146 28 Woodward,
490 1209 122 26 Secretary.

78 1234 44 22 Oct
132 1235 32 25 14,
178 1235 59 21 1842.
