2529 4029
47 151 53 22 time
120 147 47 23 Ido
176 148 40 19 not
225 144 81 26 impute
317 144 22 18 to
347 139 48 23 him
412 139 37 22 the
464 139 74 26 taving
551 137 27 23 of
589 136 38 23 the

49 181 61 19 extra
120 174 86 24 charge,
223 177 23 14 as
261 176 13 13 a
282 166 94 27 rascally
388 167 147 21 Post-master
544 165 53 22 used
607 170 21 16 to

49 204 28 21 do
84 203 22 21 in
116 196 102 29 England
228 196 28 26 by
265 193 121 29 pocketing
402 193 37 21 the
457 193 63 21 three
531 191 45 22 and
584 191 45 22 six-

47 235 68 19 pence
125 227 33 20 for
167 231 13 14 a
191 222 82 26 foreign
285 221 63 21 letter
367 219 45 22 and
421 219 54 22 then
485 218 98 27 burning
598 217 29 26 it;

49 257 39 20 but
99 254 9 21 I
127 259 23 14 as
158 257 13 14 a
181 249 98 21 member
289 247 24 21 of
325 247 44 21 this
384 245 143 28 community,
545 245 55 21 have
616 251 12 14 a

47 281 59 25 right
114 275 119 25 to«eethat
242 281 67 20 every
318 273 75 28 public
403 273 76 21 officer
489 276 48 18 acts
551 270 76 32 justly,

48 305 95 24 wherein
161 309 37 20 my
217 308 50 14 own
285 299 98 28 veracity
402 306 26 15 or
446 306 38 20 my
499 299 99 21 interest'
611 297 17 21 is

45 329 131 27 concerned.
231 349 3 6 ,
315 353 7 6 ,
353 344 31 15 .>,
445 351 6 8 ,
520 349 110 10 -•!_,.

75 359 25 21 In
115 355 80 29 justice
210 357 22 19 to
240 354 55 27 him,
305 356 38 18 the
352 353 40 21 ink
402 360 26 14 or
435 353 38 21 the
482 353 69 21 wafer
560 353 70 24 might

43 384 44 23 add
97 391 13 14 a
118 382 63 27 grain
191 389 25 14 or
226 385 42 17 two
278 384 23 18 to
312 379 36 22 the
360 379 87 27 weight,
459 379 44 21 and
519 384 43 21 you
578 384 50 18 may

47 413 28 20 be
84 411 71 21 better
164 408 50 22 able
224 410 21 19 to
256 407 39 22 tell
304 406 20 22 if
334 405 56 23 such
399 406 74 27 nicety
484 406 27 20 be
526 403 104 28 required

47 440 23 20 at
80 436 36 22 the
127 435 135 22 Post-office.

73 463 31 22 Be
122 461 97 26 assured,
239 461 41 26 Sir,
301 459 12 23 I
331 459 58 21 have
407 462 40 18 not
461 464 45 21 any
522 459 75 24 vanity
607 459 22 18 to

43 489 84 29 gratify
136 489 22 21 in
168 487 101 26 showing
277 486 34 24 off
320 485 21 22 in
353 485 37 22 the
401 485 85 22 colums
497 483 25 23 of
534 491 12 13 a
559 490 71 14 news-

44 523 81 21 paper;
146 515 40 21 but
210 520 61 16 some
294 511 63 24 most*
369 510 136 29 respectable
528 509 102 22 colonists

47 543 47 22 told
103 550 36 14 me
150 541 47 22 that
209 541 8 21 1
230 540 43 22 had
284 545 29 16 an
325 538 145 28 opportunity-

46 570 39 26 ing
94 577 14 14 a
117 569 60 26 duty,
195 567 21 21 if
228 567 9 21 I
253 566 45 22 had
315 565 83 27 ability,
419 565 45 21 arid
482 562 93 22 taunted
593 569 35 14 me

45 595 53 22 with
116 595 84 26 having
218 593 72 22 stated
309 592 48 22 that
376 591 72 23 which
458 590 11 22 I
479 589 69 22 dared
558 592 39 18 not
607 593 21 17 to

44 630 71 14 AVOW.

112 655 3 4 •
155 648 10 22 I
176 648 43 25 beg
230 650 21 18 to
260 645 111 22 subscribe
381 643 86 27 myself,
478 642 42 26 Sir,

200 672 71 22 'Your
279 678 53 21 very
341 671 106 21 obedient
456 671 95 25 servant,

278 698 62 21 John
355 697 132 21 Woodcock
501 696 101 21 Graves.

45 746 31 19 To
85 744 36 20 tht
129 743 77 20 Editor
215 741 27 25 nf
252 741 35 20 the
318 740 50 20 New
381 737 92 21 Zealand
484 737 94 25 Gazette,
588 737 42 21 and

150 776 13 12 «
204 769 122 24 Wellington
338 767 117 25 Spectator.
458 766 14 11 11

74 802 62 22 Look
147 804 22 19 at
178 800 38 22 the
226 798 122 28 seemingly
358 797 83 22 useless
451 804 94 20 swamps
555 805 75 14 cover-

45 829 29 22 ed
83 828 52 23 with
145 835 27 14 an
182 826 129 23 abundance
322 826 24 21 of
357 824 79 23 wealth
448 824 22 22 in
482 824 38 21 the
530 824 67 32 shape
608 824 25 21 of

45 855 127 29 pliormium
191 857 68 18 tenax
278 852 78 27 which,
382 858 56 15 were
462 851 38 21 the
524 851 62 27 spirit
608 852 26 20 of

47 882 122 28 enterprise
192 879 122 24 awakened
332 878 90 26 enough
441 882 22 17 to
482 884 66 15 rouse
565 885 65 19 every

49 916 90 20 energy,
150 908 71 26 might
230 907 28 22 be
269 904 118 25 converted
396 905 48 21 into
458 904 52 28 gold
512 904 71 21 —and
593 907 38 29 yet

47 943 31 14 no
87 939 63 23 great
158 941 82 20 energy
255 934 19 21 is
287 931 101 29 required
402 931 22 22 if
436 931 123 27 proceeded
579 931 51 21 with

46 963 24 21 in
81 969 13 15 a
103 968 79 23 proper
191 967 101 16 manner.
329 959 22 22 It
367 958 19 21 is
401 961 50 18 true
460 965 28 14 an
499 957 130 22 association

46 997 46 14 was
101 988 87 22 formed
203 991 23 18 to
234 990 36 24 try
279 986 45 22 and
332 986 58 21 have
401 985 17 20 it
427 984 97 27 brought
536 988 21 17 to
567 991 62 14 some

46 1023 53 19 use;
111 1016 40 21 but
163 1014 46 22 like
225 1014 29 21 all
270 1012 101 23 infantile
386 1011 44 21 and
446 1011 65 26 has'y
527 1013 103 24 attempts

47 1047 24 16 to
81 1042 71 21 arrive
162 1044 23 19 at
193 1039 127 26 something
332 1040 68 24 great,
416 1037 19 21 it
449 1037 71 26 began
537 1036 28 22 its
579 1043 51 20 pro-

47 1068 105 26 ceedings
162 1070 39 18 not
216 1067 52 26 only
282 1069 24 17 at
324 1064 36 21 the
379 1070 77 19 wrong
473 1063 98 27 chapter,
590 1063 40 21 but

47 1094 87 26 exactly
144 1097 23 18 at
177 1093 37 21 the
224 1099 75 19 wrong
308 1091 43 21 end
364 1090 26 21 of
400 1089 38 21 the
455 1089 65 21 book.
558 1089 70 22 Much

46 1122 81 21 indeed
144 1120 41 21 has
199 1119 57 21 been
272 1117 53 26 said,
341 1116 43 22 and
400 1115 78 22 hinted
494 1118 23 19 at
536 1115 93 27 through

37 1148 47 21 •the
93 1146 98 23 medium
203 1145 26 22 of
239 1152 40 14 our
290 1144 91 25 colums,
397 1143 41 21 but
453 1142 28 22 all
498 1146 22 18 to
536 1150 28 14 no
579 1150 51 24 pur-

46 1182 60 21 pose,
117 1174 59 21 since
186 1171 94 27 nothing
294 1171 40 21 has
350 1171 55 20 been
425 1169 73 27 done;
517 1168 113 23 machines

47 1205 38 18 too
94 1201 57 22 have
161 1200 56 21 been
228 1197 100 29 reported
338 1200 24 18 to
371 1197 57 21 have
440 1196 58 22 been
515 1195 65 23 made
596 1195 34 22 for

47 1227 116 29 preparing
178 1226 18 21 it
214 1226 28 27 by
262 1232 41 14 one
323 1232 23 13 or
365 1227 42 18 two
423 1223 141 26 individuals,
581 1223 49 21 who

49 1254 88 23 seemed
147 1257 22 18 to
179 1253 56 22 have
245 1252 45 21 had
306 1251 57 21 tlieir
378 1257 50 20 eyes
442 1249 61 22 fixed
518 1257 58 20 upon
593 1249 37 22 the

47 1285 85 18 meteor
140 1280 66 28 prize,
218 1278 91 22 without
314 1277 128 26 examining
448 1277 36 21 the
493 1283 76 15 course
579 1276 51 28 they

50 1308 68 27 ought
136 1312 22 16 to
172 1313 97 21 pursue,.
279 1305 44 21 and
337 1304 93 21 without
449 1303 108 27 directing
576 1303 55 22 their

47 1335 54 26 aim,
113 1334 43 21 and
166 1333 72 27 trying
247 1331 85 28 hastely
343 1335 22 17 to
375 1338 65 19 grasp
451 1329 36 23 the
496 1329 61 28 prize
574 1329 56 23 have

49 1361 68 22 failed
127 1360 21 22 in
160 1360 37 21 the
207 1361 99 24 attempt.
336 1359 65 20 After
411 1364 60 14 more
481 1356 55 23 than
542 1357 89 21 twelve-

49 1387 87 22 months
155 1386 181 28 experimenting,
357 1384 45 21 and
418 1383 109 28 carefully
541 1383 90 22 investi-

49 1413 75 28 gating
144 1413 34 22 the
194 1411 119 29 principles
331 1411 26 21 of
377 1411 119 27 preparing
515 1410 36 22 the
576 1410 55 22 Now

50 1441 97 22 Zealand
164 1441 47 24 (not
220 1440 42 25 for
270 1440 102 25 spinning,
388 1444 24 14 as
418 1444 55 14 some
482 1445 49 18 may
539 1444 90 20 suppose,

47 1470 40 19 Jiut
97 1469 42 25 for
154 1468 148 26 exportation,)
320 1466 9 21 I
346 1468 91 19 venture
454 1469 22 17 to
495 1472 40 19 say
554 1465 47 21 that
620 1465 10 21 I

50 1495 56 22 have
117 1494 86 23 arrived
214 1498 22 17 at
246 1494 47 21 that
303 1492 134 26 conclusion,
450 1491 48 22 that
507 1491 44 22 had
565 1492 12 21 I
594 1492 37 21 the

49 1529 78 15 means
136 1526 23 17 to
169 1521 50 22 finis
231 1520 56 22 what
297 1520 11 21 I
320 1520 55 21 have
385 1520 73 25 begun
468 1526 68 20 every
551 1526 42 14 one
607 1519 23 21 in

49 1549 39 21 the
97 1548 78 27 colony
186 1548 71 21 would
268 1547 55 22 have
331 1553 79 14 reason
421 1550 23 16 to
453 1546 89 26 rejoice.
580 1545 30 22 As
620 1545 10 22 I

49 1576 65 21 think
125 1576 61 21 there
193 1575 19 21 is
221 1574 91 26 nothing
322 1579 61 16 more
391 1572 122 21 detestable
520 1573 22 20 in
548 1572 83 22 human

50 1607 79 17 nature
139 1602 52 21 than
204 1609 13 14 a
233 1599 164 29 monopolizing
415 1600 27 20 of
453 1599 28 21 .ill
498 1599 134 27 advantages

36 1628 110 23 »to'one's
157 1629 47 26 self,
217 1628 61 21 when
291 1635 13 14 a
315 1626 69 22 whole
394 1626 140 27 community
548 1633 41 14 can
604 1626 28 21 be

49 1655 238 26 benefitted.by.them,
299 1653 91 23 without
398 1653 92 27 hurting
504 1653 37 22 the
557 1660 75 15 source

51 1682 103 22 whence.
162 1684 51 26 they
229 1679 58 29 flow,
308 1681 11 22 I
336 1680 72 22 would
426 1680 26 21 be
462 1680 74 27 happy
546 1684 22 17 to
579 1680 54 22 offer

50 1716 37 20 my
97 1708 94 23 service's
200 1708 73 23 where
284 1710 10 19 1
306 1715 42 14 saw
360 1715 12 14 a
383 1706 174 28 corresponding
572 1707 61 27 spirit

51 1736 26 21 of
88 1736 118 27 enterpiise
226 1735 94 27 existing
334 1738 30 17 '■».'
381 1734 37 21 the
438 1738 50 22 part
506 1734 28 21 of
552 1734 79 26 others,

52 1763 47 21 who
111 1762 70 22 would
193 1762 27 21 be
235 1762 84 26 willing
331 1760 72 22 under
418 1768 39 20 my
473 1760 119 23 directions
611 1766 22 17 to

50 1794 40 27 put
99 1789 38 22 the
146 1789 61 22 work
216 1789 45 22 into
278 1788 127 22 immediate
423 1788 124 21 execution.
585 1788 48 22 One

51 1819 133 19 instrument
193 1816 66 22 could
268 1815 28 22 be
311 1814 65 23 made
390 1814 35 22 for
440 1821 13 15 a
468 1814 42 22 few
525 1814 106 28 shillings,

50 1843 118 27 according
178 1847 22 17 to
211 1850 13 14 a
237 1842 73 22 model
325 1842 13 21 I
353 1841 66 22 could
437 1841 61 22 show
515 1842 67 21 about
597 1843 36 20 the

51 1870 44 21 size
106 1870 26 21 of
144 1877 12 14 a
164 1870 80 27 pocket
254 1869 117 25 snuffbox,
381 1868 41 22 but
437 1875 55 15 even
511 1868 42 22 this
571 1869 62 22 when

39 1913 5 4 .
51 1897 118 27 compared
178 1901 22 16 to
209 1896 92 22 another
310 1895 65 22 made
385 1899 22 18 to
417 1895 61 22 work
489 1903 28 14 on
533 1903 13 14 a
561 1896 72 22 differ-

51 1927 36 18 ent
106 1923 111 27 principle,
237 1922 85 28 though
340 1922 18 22 it
376 1922 77 22 should
468 1926 47 18 cost
529 1929 23 15 as
567 1930 66 20 many

50 1951 93 26 pounds,
162 1950 73 21 would
255 1953 39 18 not
312 1950 26 21 be
353 1956 25 15 so
396 1948 117 28 profitable
527 1949 22 22 in
567 1957 66 19 many

50 1981 103 23 respects.
193 1977 11 22 I
214 1976 37 22 -do
265 1980 41 18 not
320 1976 92 27 pretend
428 1980 22 17 to
465 1983 46 19 say,
525 1976 106 26 however,

50 2004 59 21 •what
118 2004 37 19 the
165 2006 94 18 amount
268 2004 26 19 of
303 2002 17 21 it
331 2002 73 20 would
414 2006 58 21 cost;
484 2009 43 13 nor
537 2002 93 21 would-1

52 2029 93 27 proceed
155 2029 96 21 to-make
262 2029 18 21 it
289 2028 85 26 myself,
387 2034 56 15 even
458 2027 85 27 though
553 2028 11 21 I
578 2035 55 14 wore

46 2056 64 27 .paid,
122 2056 94 21 because
228 2056 10 21 I
249 2063 36 14 am
294 2062 30 14 no
332 2054 125 26 mechanic,
465 2054 46 21 and
517 2054 115 26 therefore,

52 2083 108 21 unskilled
177 2082 23 21 in
222 2082 37 21 the
277 2081 109 27 handling
404 2080 26 22 of
447 2080 55 22 tools
520 2081 51 22 with
587 2081 48 22 that

53 2117 115 18 necessary
178 2114 114 16 exactness
303 2109 101 26 requisite
416 2112 22 16 to
452 2108 51 26 give
515 2108 80 27 justice
611 2112 22 18 to

52 2136 37 21 the
109 2134 99 28 working
227 2136 25 21 of
272 2136 37 21 the
327 2134 108 22 machine.
482 2135 45 22 But
545 2135 58 22 what
623 2136 10 21 I

52 2163 73 22 would
144 2162 82 26 advise,
245 2166 23 17 to
287 2167 28 22 go
332 2161 39 22 the
389 2161 59 26 right
463 2169 47 19 way
527 2165 22 18 to
565 2162 67 27 work,

52 2190 72 21 would
134 2190 27 21 be
173 2189 126 25 productive
317 2188 24 21 of
358 2188 68 22 much
440 2188 65 27 good,
520 2188 44 23 and
579 2197 55 14 even

54 2216 83 27 though
149 2224 13 13 a
170 2216 79 21 failure
260 2215 78 22 should
346 2216 88 31 happen
444 2216 18 21 it
471 2216 72 21 would
550 2216 85 22 neither

52 2244 28 21 be
90 2247 63 23 great
160 2251 26 14 or
195 2242 89 22 hurtful.
326 2243 32 21 As
378 2246 17 17 it
411 2242 20 21 is
450 2242 96 27 prudent
563 2244 23 21 in
607 2243 28 22 all

52 2270 73 26 things
135 2273 22 18 to
167 2270 27 21 be
204 2269 140 26 economical,
356 2269 109 22 therefore
478 2268 38 23 the
526 2270 52 26 plan
588 2270 48 22 that

54 2297 11 22 I
75 2296 73 22 would
158 2296 80 27 advise.,
251 2296 11 22 I
272 2301 61 22 trust,
344 2296 45 21 will
397 2296 179 28 be.appreciated
591 2297 43 22 and

53 2323 102 27 wrought
163 2330 68 20 upon.
261 2323 42 22 Let
312 2330 13 15 a
334 2330 110 20 company
454 2324 27 21 be
492 2323 92 28 formed,
596 2331 39 21 say

54 2350 26 21 of
91 2350 67 21 about
165 2352 42 20 200
217 2357 23 14 or
249 2352 42 20 300
300 2357 24 14 or
338 2357 61 14 more
417 2352 82 24 shares,
515 2354 24 17 at
553 2350 43 23 five
611 2359 24 14 or

53 2380 37 18 ten
101 2376 101 28 shillings
212 2377 62 25 each,
286 2377 36 22 the
331 2376 51 22 half
391 2376 27 22 of
430 2376 55 23 each
504 2377 63 22 share
585 2378 50 26 paid

54 2404 47 21 into
111 2404 39 21 the
162 2404 71 21 hands
249 2404 25 21 of
285 2411 14 14 a
317 2407 109 18 treasurer
444 2411 27 14 on
491 2404 143 28 subscribing,

55 2430 44 22 and
109 2430 32 23 let
150 2434 41 18 two
202 2438 25 15 or
237 2430 60 22 three
313 2431 25 21 of
348 2430 38 22 the
402 2430 129 23 committee
546 2439 23 14 as
585 2439 50 20 may

54 2458 28 21 be
108 2458 125 26 appointed,
268 2457 55 22 such
353 2465 26 14 as
410 2458 45 22 Mr.
488 2458 94 28 Boyton,
612 2466 25 15 or

55 2484 74 22 others
137 2484 48 23 who
193 2484 134 23 understand
334 2484 128 26 something
469 2485 25 21 of
501 2485 134 29 machinery,

56 2512 36 19 but
105 2512 52 20 such
172 2519 24 13 as
212 2513 51 19 have
272 2514 37 18 not
324 2514 35 24 yet
375 2512 56 20 tried
449 2513 56 20 their
519 2519 81 19 powers
614 2514 28 24 of

55 2540 105 19 invention
177 2546 26 13 on
211 2541 50 25 flax
280 2540 103 20 machines
384 2539 58 22 —let
462 2539 60 22 them
542 2540 50 21 wait
608 2548 27 14 on

56 2573 35 14 me
108 2567 57 21 after
182 2566 77 28 giving
277 2574 14 14 a
306 2566 73 22 weeks
397 2566 80 24 notice,
495 2566 46 22 and
554 2567 20 21 if
584 2567 51 27 they

54 2593 59 22 show
132 2593 48 22 that
191 2593 39 22 the
244 2599 109 22 company
369 2592 43 22 will
426 2596 121 24 guarantee
563 2598 22 17 to
604 2600 33 16 set

54 2620 68 21 about
130 2620 38 22 the
177 2620 60 22 work
248 2620 91 22 without
348 2620 43 26 fail,
405 2620 33 26 (as
453 2620 37 22 the
501 2625 46 17 cost
557 2625 80 17 cannot

54 2651 22 16 at
85 2651 58 18 most
151 2647 25 22 be
193 2647 75 27 much)
287 2649 23 20 at
324 2647 54 22 least
393 2648 23 20 of
437 2655 14 13 a
466 2647 105 22 machine
585 2649 24 21 in
623 2655 14 14 a

53 2674 64 21 smaH
127 2674 62 26 form,
200 2682 25 14 so
235 2674 48 21 that
293 2674 36 21 the
341 2681 109 20 company
461 2681 52 20 may
527 2674 56 22 have
599 2675 38 21 the

53 2700 134 22 satisfaction
205 2701 26 21 of
246 2700 95 28 judging
360 2702 33 20 for
412 2696 133 26 themselves
562 2702 74 21 before

53 2727 105 27 anything
167 2731 87 23 greater
264 2728 27 21 be
299 2728 127 26 attempted,
437 2729 12 20 1
461 2728 44 21 will
511 2728 79 22 unfold
600 2736 38 20 my

52 2754 65 27 plans
127 2754 44 21 and
180 2754 51 27 give
240 2761 67 21 every
317 2761 116 19 necessary
448 2754 144 22 information
609 2762 29 14 on

54 2780 37 22 the
100 2781 93 27 subject.
231 2781 44 21 But
284 2780 31 22 let
323 2780 18 21 it
349 2780 29 21 be
388 2780 135 22 understood
538 2780 47 22 that
600 2789 38 19 my

54 2807 64 27 plans
128 2807 100 27 only-are
237 2811 23 17 to
269 2807 27 22 be
310 2806 101 22 followed
426 2814 36 20 up,
483 2807 46 21 and
546 2808 37 21 the
600 2813 38 16 ex-

53 2841 69 20 pense
141 2834 24 21 of
184 2833 164 28 .workmanship
365 2833 45 22 and
430 2834 113 21 materials
562 2837 21 18 to
611 2835 27 21 be

55 2860 105 27 defrayed
174 2860 59 21 from
247 2860 37 21 the
299 2860 66 21 funds
381 2860 136 22 subscribed.
554 2861 33 22 As
605 2861 35 22 for

54 2887 84 27 myself
159 2886 11 22 I
190 2886 81 23 should
289 2886 47 22 feel-
355 2886 144 28 exceedingly
522 2886 74 29 happy
618 2891 23 18 at

55 2914 77 26 seeing
142 2913 37 22 the
190 2913 60 22 work
260 2913 132 27 completed,
409 2914 62 27 such,
491 2914 44 22 Mr.
554 2916 84 26 Editor,

54 2940 19 22 is
84 2940 29 22 all
123 2940 48 21 that
181 2940 19 26 I,
212 2948 23 14 as
245 2947 44 14 one
299 2940 25 22 of
336 2940 37 22 the
389 2940 137 28 community
544 2949 40 14 can
603 2942 35 27 do,

55 2967 35 22 for
99 2967 38 22 the
146 2967 88 22 welfare
244 2967 26 22 of
280 2966 38 23 the
327 2967 93 27 Colony,
431 2967 45 22 and
492 2968 11 21 I
511 2970 64 26 trust,
592 2968 49 22 that

56 2994 37 22 the
104 2994 54 22 offer
169 2994 11 21 I
191 2994 51 21 thus
251 2994 67 21 make
327 2993 44 22 will
386 2994 28 21 be
430 2994 52 28 duly
498 2996 142 26 appreciated

56 3021 30 27 by
96 3029 14 14 a
118 3020 134 28 descerning
262 3020 80 28 public.
433 3024 10 13 '•>

231 3048 9 21 I
249 3055 44 20 am,
304 3048 44 21 Mi.
358 3047 84 28 Editor,
452 3049 75 27 your's
538 3049 46 27 frc,

371 3084 3 3 -
383 3074 110 23 William
510 3076 103 22 Golder.

72 3119 3 4 .
82 3102 86 27 Petoni,
179 3102 51 21 Oct.
241 3102 103 22 12.1842.

184 3159 77 22 LAW
285 3159 225 22 PROCEDURE.

188 3204 99 17 SECOND
299 3198 78 23 DAYS'.
382 3205 123 18 SITTINGS.

54 3237 116 18 •UPKEME
193 3237 91 18 COURT.
320 3239 69 16 CIVIL-
415 3237 225 21 SIDE.;—WEDNES-

234 3272 61 21 DAY,
309 3272 115 16 OCTOBER
435 3268 24 22 5.

92 3319 37 25 W.
145 3320 102 25 Wallace
262 3321 46 24 and
325 3321 25 24 J.
367 3321 103 24 Wallace
479 3330 24 15 v.
518 3322 86 25 Guard.
607 3337 33 3 —

41 3361 3 6 •
56 3353 39 24 An
108 3354 73 23 action
193 3359 23 19 to
228 3363 92 15 recover
337 3355 38 23 the
387 3355 65 23 value
465 3356 25 23 of
506 3356 53 24 nine
572 3357 68 23 casks

57 3387 26 23 of
99 3387 38 29 oil,
157 3388 54 23 with
370 3389 25 23 of
414 3389 40 23 the
476 3389 77 24 casks.
590 3391 53 23 Mr.-

57 3419 98 24 Hanson
167 3422 111 30 appeared
293 3422 33 23 for
344 3422 39 24 the
403 3422 117 31 plaintiffs,
534 3423 44 23 and
593 3424 45 24 Dr.

57 3452 79 24 Evans
148 3454 123 24 conducted
282 3455 39 24 the
331 3464 53 15 case
394 3456 36 23 for
449 3455 39 24 the
508 3456 130 25 defendant.

57 3486 51 23 The
119 3487 69 28 issue,
200 3495 26 15 as
237 3489 107 30 prepared
357 3489 45 23 and
413 3494 48 27 ,p\it
472 3497 31 17 on
513 3490 80 24 record
610 3498 30 16 on

57 3519 39 23 the
117 3519 55 23 10th
195 3520 140 31 September,
355 3523 106 23 included
481 3531 64 16 some
564 3524 75 31 points

57 3552 73 23 which
149 3559 13 16 a
175 3552 56 31 Jury
244 3554 65 23 could
326 3556 98 31 scarcely
440 3556 30 24 be
489 3558 109 30 expected
617 3562 22 19 to

58 3585 78 23 decide
156 3592 68 23 upon,
236 3587 44 23 and
296 3587 43 24 the.
344 3591 105 28 question
460 3598 47 15 was
524 3591 116 24 narrowed

57 3618 32 31 by
104 3618 36 23 his
159 3618 81 24 Honor
259 3619 38 24 the
308 3620 73 32 Judge
399 3623 184 25 into—whether
601 3624 39 24 the

59 3651 120 23 defendant
191 3659 45 16 was
248 3660 72 16 aware
331 3654 48 24 that
388 3655 38 24 the
434 3657 32 23 oil
477 3665 47 16 was
536 3658 38 23 the
585 3665 53 25 pro-

57 3689 67 26 perty
136 3685 25 22 of
170 3684 37 24 the
219 3685 108 31 plaintiffs
336 3693 24 18 at
370 3688 37 23 the
418 3690 53 23 time
482 3690 30 24 he
524 3691 65 24 made
602 3691 38 25 the

57 3718 120 31 purchase.

92 3750 51 24 The
155 3751 105 24 evidence
271 3751 98 33 brought
376 3753 95 26 forward
482 3757 24 23 in
513 3757 47 25 this
572 3766 68 16 cause

58 3784 112 24 extended
188 3789 24 19 to
231 3790 65 25 great
313 3785 86 32 length,
419 3789 43 23 and
473 3792 110 30 occupied
602 3792 38 23 the

58 3818 110 23 attention
178 3818 25 23 of
212 3817 38 24 the
259 3817 70 25 Court
338 3820 59 23 until
406 3829 14 15 a
431 3822 44 23 late
487 3822 65 26 hour.
588 3825 52 24 The

57 3850 58 31 Jury
131 3851 91 28 retired,
240 3852 44 23 and
302 3852 37 24 the
359 3853 72 25 Court
449 3862 45 17 was
517 3857 123 32 adjourned

59 3884 58 23 until
128 3885 37 22 the
174 3885 117 31 following
297 3885 50 31 day,
356 3886 65 25 when
428 3888 19 23 it
455 3896 46 16 was
508 3892 133 24 announced

59 3916 49 24 that
125 3917 38 24 the
183 3918 57 32 Jury
257 3918 44 24 had
324 3920 71 24 found
413 3921 42 28 for.
472 3921 39 25 the
533 3924 105 31 plaintiff.

59 3948 102 32 Verdict,
174 3951 105 31 damages
294 3953 72 24 £114
386 3956 50 23 15s.

825 3304 268 27 HONGKONG.

699 3353 46 24 We
762 3355 102 30 perceive
884 3356 31 30 by
933 3355 38 23 the
991 3356 93 31 Sydney
1103 3364 83 25 papers
1207 3357 50 23 that

668 3391 23 19 at
711 3387 39 23 the
774 3387 155 24 Government
950 3394 138 24 sett.ement,
1117 3390 137 30 Auckland,

668 3420 52 31 they
732 3420 58 24 have
801 3420 91 33 already
910 3422 83 31 passed
1011 3431 14 15 a
1047 3423 131 32 Municipal
1199 3424 57 23 Cor-

667 3454 103 30 poration
800 3454 54 24 Bill.
908 3455 23 24 It
960 3456 20 23 is
1004 3456 50 23 said
1077 3457 50 23 that
1150 3457 64 24 there
1236 3458 20 22 is

668 3486 137 25 established
818 3495 28 16 an
858 3488 109 31 English,
985 3490 44 23 and
1040 3490 49 24 also
1103 3498 12 16 a
1128 3490 57 24 New
1198 3490 58 24 Zea-

667 3519 53 24 Lnd
731 3528 77 24 paper,
821 3521 54 24 both
887 3523 123 31 supported
1022 3528 62 19 most
1101 3519 106 35 liberally
1227 3523 29 31 by

669 3553 37 24 the
725 3554 167 24 Government.
939 3555 30 24 In
988 3556 38 24 the
1039 3556 67 24 latter
1118 3556 39 24 the
1169 3557 88 23 natives

668 3594 37 16 are
718 3591 61 19 most
789 3589 127 31 paternally
927 3589 72 24 invite
1007 3593 5 19 1
1025 3590 31 31 by
1068 3590 38 24 the
1124 3590 133 23 authorities

668 3625 23 19 to
701 3620 70 24 make
783 3620 82 25 known
877 3630 45 23 any
941 3630 67 16 cause
1030 3624 27 23 of
1072 3624 123 31 complaint
1213 3621 46 26 and'

669 3659 22 18 to
703 3653 56 24 seek
768 3654 36 24 for
814 3655 156 24 information.

701 3686 78 25 There
801 3695 39 16 are
862 3688 24 24 in
1102 3690 70 24 about
1194 3690 64 23 three

667 3720 105 24 hundred
792 3720 135 32 Europeans
950 3723 45 23 and
1016 3723 65 24 there
1110 3724 21 23 is
1159 3723 32 24 all
1219 3723 38 24 the

668 3754 131 31 machinery
821 3754 26 24 of
879 3756 158 24 Government
1058 3754 90 33 (before
1170 3757 20 26 it
1213 3764 44 16 was

668 3787 89 24 wanted
767 3787 110 33 perhaps)
896 3791 80 29 seeing
991 3789 68 28 ithere
1078 3790 21 23 is
1117 3789 94 31 already
1227 3797 29 15 an

668 3820 83 25 official
764 3822 148 30 expenditure
924 3822 26 28 a,f
948 3838 13 14 j;
965 3823 74 26 about.
1044 3827 86 26 twenty
1145 3822 112 24 thousand

668 3854 89 32 pounds
768 3855 187 32 per^nnujni,}—
955 3857 40 27 jA
1005 3855 89 31 Bishop
1106 3856 21 22 is
1137 3863 49 16 now
1195 3860 23 18 to
1230 3855 27 23 be

668 3887 72 24 added
750 3892 24 19 to
786 3881 100 37 the.|iist.
887 3907 5 12 5
892 3900 18 21 -.^
910 3905 15 15 u
927 3879 57 40 ,X'i}e
1001 3893 73 26 petty.
1078 3888 42 27 but
1131 3888 125 23 influential

668 3921 64 31 spite'
749 3920 27 24 of
790 3920 45 24 the.
848 3914 141 33 vninutatie.
1002 3921 73 24 under
1097 3921 120 32 (Secretary
1234 3921 25 24 of

668 3954 64 25 State
743 3954 36 24 for
792 3954 38 25 the
840 3954 107 25 Colonies
960 3954 47 25 Mr.
1028 3954 103 31 Stephen
1150 3953 40 32 (or
1207 3954 49 26 Mr.

1879 130 83 23 bolden
1973 130 62 24 them
2051 134 24 19 to
2095 137 61 16 more
2175 130 135 33 obstinately
2322 131 139 24 determined

1881 163 130 24 resistance.
2013 175 34 5 —
2047 162 62 24 Ibid.

1881 205 154 25 Important
2048 214 164 15 mercantile
2225 214 83 17 trial.
2310 220 33 5 —
2344 209 64 24 May
2419 210 41 23 23.

1883 243 81 25 Before
1976 245 48 23 Mr.
2035 245 87 23 Justice
2131 244 89 24 Burton
2229 245 43 23 and
2279 253 12 15 a
2303 245 89 31 Special
2397 247 62 31 jury.

1914 276 134 25 Donaldson
2059 285 22 16 v.
2104 276 113 25 Coombcs.
2218 289 35 5 —
2255 278 26 23 In
2293 278 45 23 this
2350 287 51 15 case
2412 280 48 24 Mr.

1882 309 89 28 Foster,
1985 310 48 24 Mr.
2047 309 129 31 Windeyer,
2190 310 44 23 and
2246 310 45 24 Mr.
2305 311 103 30 Darvall,
2420 321 40 23 ap-

1881 343 82 30 peared
1974 343 35 23 for
2030 343 37 23 the
2086 343 111 31 plaintiff;
2220 343 48 24 Mr.
2287 343 114 33 Manning
2418 346 44 23 and

1882 375 47 23 Mr.
1943 376 184 23 Broadhurstfor
2137 376 38 22 the
2187 376 126 24 defendant.
2350 377 50 23 The
2411 386 50 16 cass

1882 416 45 15 was
1946 409 86 30 opened
2051 409 29 31 by
2098 409 45 22 Mr.
2164 409 103 29 Darvall,
2283 409 50 24 who
2351 410 50 23 said
2416 410 46 25 this

1882 449 44 15 was
1938 449 30 15 an
1980 443 74 22 action
2065 447 23 18 to
2102 449 91 16 recover
2204 442 105 31 damages
2321 443 34 23 for
2368 443 37 23 the
2416 451 47 17 non

1882 474 99 31 delivery
1999 475 26 22 of
2043 475 38 29 oil,
2100 475 96 31 shipped
2214 475 31 31 by
2261 475 37 24 the
2318 476 102 30 plaintiff
2433 485 30 15 on

1881 507 71 23 board
1973 507 38 23 the
2035 505 76 34 Hope,
2132 508 34 23 for
2185 508 104 29 London,
2308 509 23 23 in
2352 509 38 23 the
2409 517 53 24 year

1884 542 72 27 1838,
1969 541 25 22 of
2004 541 72 22 which
2085 541 71 23 vessel
2168 541 38 23 the
2218 541 120 24 defendant
2345 550 46 15 was
2401 550 61 16 com-

1882 572 101 25 mander.
2019 573 115 30 Damages
2143 581 59 16 were
2212 574 46 24 laid
2267 583 13 15 a
2286 576 105 29 £2,500.
2427 574 35 25 To

1882 606 46 23 this
1947 606 38 23 the
2005 606 121 24 defendant
2142 607 43 23 had
2204 607 92 31 pleaded
2314 609 49 23 that
2378 609 30 23 he
2419 609 45 23 had

1881 644 41 19 not
1933 639 114 31 promised
2058 645 23 17 to
2094 639 81 24 deliver
2187 640 38 23 the
2238 641 30 23 oil
2283 642 24 22 in
2319 642 37 22 the
2369 649 93 16 manner

1882 673 44 23 and
1943 672 58 24 form
2023 672 87 29 stated;
2134 672 49 24 that
2201 673 39 23 the
2258 673 68 31 goods
2347 682 57 15 were
2423 680 39 18 not

1882 705 96 32 shipped
1994 706 25 23 in
2038 713 81 23 proper
2131 705 72 29 order,
2222 706 43 23 and
2276 706 47 24 that
2341 707 53 31 they
2407 715 56 16 were

1883 744 39 18 not
1942 738 120 31 carelessly
2077 746 25 16 or
2117 739 137 31 improperly
2271 740 90 24 stowed.
2397 741 66 23 Issue

1884 779 44 16 was
1949 772 80 31 joined
2048 780 27 15 on
2096 772 31 23 all
2145 772 63 23 these
2229 772 61 23 three
2308 772 70 32 pleas.
2414 774 48 23 Mr.

1884 805 81 23 Foster
1983 805 84 30 having
2084 805 85 31 shortly
2189 805 73 24 stated
2279 805 38 24 the
2334 806 57 23 facts
2410 814 53 16 con-

1884 838 79 23 nected
1975 838 54 23 with
2041 838 37 23 the
2090 846 57 20 case,
2160 838 39 23 the
2209 838 47 24 Bill
2266 838 23 24 of
2298 838 99 32 Lading,
2410 847 53 16 con-

1883 871 88 30 taining
1989 870 39 24 the
2046 871 138 23 defendant's
2204 872 82 31 receipt
2298 872 25 24 of
2338 872 38 24 the
2392 872 32 24 oil
2440 873 25 23 in

1883 904 59 30 good
1961 903 72 29 order,
2053 911 29 16 on
2100 904 67 23 board
2187 904 38 23 the
2236 905 72 23 vessel
2319 913 46 16 was
2383 910 41 26 put
2441 906 24 23 in

1884 937 45 23 and
1942 936 61 29 read,
2016 936 58 24 after
2087 937 70 23 which
2175 937 39 23 the
2226 938 103 23 evidence
2340 939 24 22 in
2376 939 28 22 de
2413 938 53 24 bene

1884 977 48 15 esse
1945 970 25 23 of
1978 970 87 23 several
2078 971 25 22 of
2112 970 35 23 the
2157 978 92 15 seamen
2261 971 121 31 belonging
2392 976 23 19 to
2419 974 46 21 'the

1886 1000 81 31 Hove,'
1982 1011 47 15 was
2046 1003 54 23 then
2119 1004 59 28 read,
2198 1003 73 24 which
2289 1009 60 18 went
2364 1010 23 17 to
2405 1004 61 24 shew-

1886 1035 48 24 that
1947 1037 36 22 the
1995 1036 32 23 oil
2044 1036 44 23 had
2106 1037 55 23 been
2181 1037 103 31 properly
2296 1037 45 24 and
2358 1037 107 31 carefully

1886 1070 91 28 stowed,
1997 1070 42 22 but
2051 1070 48 22 that
2114 1070 18 23 it
2143 1070 44 23 had
2199 1070 56 23 been
2271 1075 39 26 put
2325 1071 24 23 in
2361 1078 48 16 new
2422 1070 45 24 and

1887 1103 139 22 unseasoned
2039 1103 74 28 casks,
2127 1111 60 15 some
2200 1103 24 23 of
2236 1103 70 24 which
2317 1104 46 23 had
2377 1104 87 28 leaked,

1874 1134 2 23 '.
1886 1136 43 22 and
1942 1136 48 22 that
2010 1136 69 23 about
2098 1144 12 14 a
2127 1136 102 23 hundred
2240 1136 94 31 gallons,
2354 1137 43 23 had
2409 1138 56 22 been

1887 1169 97 30 pumped
1996 1174 40 17 out
2048 1169 74 23 before
2133 1169 38 23 the
2180 1170 72 23 vessel
2262 1169 41 24 had
2314 1170 40 23 left
2366 1170 38 23 the
2413 1170 53 23 har-

1887 1202 64 23 bour.
1986 1202 23 23 A
2017 1202 106 23 schedule
2132 1202 25 23 of
2165 1202 39 23 the
2215 1202 93 31 leakage
2316 1203 24 23 of
2349 1203 55 23 each
2411 1203 56 24 cask

1886 1241 45 17 was
1950 1234 54 24 then
2022 1240 41 26 put
2080 1236 31 23 in.
2147 1235 52 23 The
2215 1235 104 24 evidence
2331 1236 25 23 of
2371 1237 98 31 Captain

1887 1267 108 29 Deloitte,
2009 1268 100 31 Prosper
2119 1268 35 24 De
2168 1268 95 30 Mestre,
2276 1268 43 24 and
2328 1269 76 23 others
2413 1277 54 16 con-

1887 1301 79 23 nected
1983 1301 55 23 with
2056 1302 37 23 the
2110 1301 30 23 oil
2159 1302 70 29 trade,
2252 1310 43 15 was
2313 1302 55 23 then
2391 1302 76 29 taken,

1888 1334 52 23 with
1960 1342 13 15 a
1985 1335 56 22 view
2053 1339 22 19 to
2093 1343 66 22 prove
2178 1335 51 24 that
2245 1336 36 23 the
2298 1336 96 30 stowing
2411 1336 57 23 wool

1888 1367 44 23 and
1943 1367 31 23 oil
1985 1369 23 22 in
2022 1367 36 24 the
2070 1376 61 16 same
2138 1368 54 23 hold
2201 1376 49 16 was,
2256 1374 37 18 not
2304 1376 81 24 proper
2392 1378 5 20 ;
2411 1369 57 29 also,

1888 1400 49 23 that
1954 1401 38 23 the
2006 1401 67 23 casks
2086 1403 21 21 in
2128 1402 71 23 which
2218 1402 38 23 the
2268 1402 28 24 oil
2309 1410 44 15 was
2373 1402 96 32 shipped

1889 1441 57 15 were
1958 1435 58 30 good
2029 1435 44 23 and
2084 1435 95 23 suitable
2192 1443 63 16 ones.
2261 1452 3 6 ,
2289 1435 29 24 In
2336 1435 38 24 the
2385 1435 84 24 former

1888 1468 64 30 point
1975 1468 37 23 the
2036 1468 104 23 evidence
2162 1475 46 17 was
2227 1473 78 26 strong
2323 1470 88 29 against
2431 1468 38 24 the

1889 1500 73 31 policy
1975 1501 24 23 of
2015 1501 99 31 packing
2127 1501 55 23 wool
2201 1501 42 24 and
2256 1502 28 23 oil
2302 1502 109 30 together,
2430 1502 39 24 the

1889 1533 52 24 heat
1953 1534 86 30 arising
2050 1534 57 23 from
2126 1534 35 23 the
2175 1535 55 23 wool
2243 1537 93 29 causing
2352 1535 38 24 the
2403 1535 67 24 casks

1889 1571 23 19 to
1924 1567 89 27 shrink,
2027 1567 42 23 and
2082 1568 161 31 consequently
2255 1568 59 24 leak.

1924 1600 47 24 Mr.
1986 1600 114 32 Manning
2110 1601 33 23 for
2155 1601 38 24 the
2205 1601 126 29 defendant,
2345 1601 124 24 contended

1889 1633 35 23 for
1935 1642 13 14 a
1961 1635 91 22 nonsuit
2059 1642 28 15 on
2098 1635 36 22 the
2140 1634 80 31 prima
2224 1634 67 32 facie
2303 1635 105 23 evidence
2415 1642 55 16 con-

1890 1666 75 24 tained
1983 1668 23 22 in
2020 1668 37 22 the
2075 1667 41 24 bill
2128 1668 22 23 of
2166 1668 85 30 lading,
2270 1668 48 23 that
2335 1668 43 23 the.
2385 1668 35 24 oil'
2427 1675 45 16 was

1890 1700 38 23 the
1939 1706 114 25 property,
2072 1701 57 23 after
2138 1701 116 32 shipping,
2266 1701 24 23 of
2300 1701 38 23 the
2347 1702 123 31 consignee

1890 1734 44 23 and
1954 1738 40 19 not
2006 1734 25 22 of
2047 1734 39 23 the
2096 1733 138 32 [consignor.
2271 1734 45 24 His
2338 1734 81 24 Honor
2430 1734 40 24 ad-

1888 1767 85 31 judged
1980 1767 37 23 the
2024 1767 111 31 objection
2141 1772 21 19 to
2171 1768 28 22 be
2206 1767 55 24 fatal
2271 1768 42 24 and
2321 1767 38 25 the
2367 1767 104 32 plaintiff,

1891 1801 22 22 in
1934 1806 162 25 consequence,
2119 1801 123 23 submitted
2259 1806 22 19 to
2302 1809 14 15 a
2338 1802 98 23 nonsuit.
2437 1814 36 4 —

1893 1831 93 25 Hobart
1999 1833 68 23 Toun
2078 1833 142 25 Advertiser.

1926 1867 219 24 Concentration
2152 1875 31 16 of
2198 1875 51 16 the
2262 1868 174 23 Population.
2437 1880 35 4 —

1893 1900 22 23 It
1928 1900 41 23 has
1988 1900 56 31 long
2062 1901 57 23 been
2130 1901 130 23 considered
2272 1900 38 24 the
2327 1906 65 26 great
2404 1901 70 23 social

1892 1933 133 24 misfortune
2047 1934 25 23 of
2087 1934 124 29 Australia,
2234 1934 47 23 that
2299 1935 75 31 owing
2391 1939 22 19 to
2434 1934 39 24 the

1892 1967 98 31 peculiar
2002 1972 81 18 nature
2096 1967 23 23 of
2129 1967 37 24 the
2177 1968 102 31 pursuits
2290 1968 26 23 of
2329 1967 42 24 her
2383 1967 89 25 inhabi-

1894 2005 67 23 tants,
1973 2000 45 23 and
2030 2000 37 23 the
2077 2000 117 23 unlimited
2202 2006 77 18 extent
2286 2000 25 23 of
2320 2001 90 23 surface
2420 2008 54 24 pre-

1893 2034 78 22 sented
1983 2038 23 18 to
2018 2033 59 23 their
2086 2034 98 31 activity,
2199 2034 38 23 the
2246 2034 129 31 population
2385 2034 42 23 has
2434 2034 41 23 be-

1895 2074 63 15 come
1976 2066 120 29 scattered,
2117 2067 43 23 and
2179 2067 50 23 that
2249 2067 37 23 the
2306 2067 109 24 domestic
2432 2067 46 24 and

1893 2099 97 32 friendly
1998 2100 85 23 virtues
2095 2100 121 31 developed
2227 2100 69 24 under
2304 2108 13 16 a
2328 2108 63 16 more
2399 2101 76 23 favor-

1894 2133 49 23 able
1952 2138 57 18 state
2018 2133 24 24 of
2052 2133 97 32 Society,
2162 2141 39 16 are
2212 2134 58 23 little
2280 2133 81 24 known
2373 2141 25 16 or
2410 2141 66 25 prac-

1895 2166 57 23 tised
1975 2174 84 24 among
2079 2166 38 24 the
2134 2166 62 24 rural
2214 2167 139 23 inhabitants
2375 2167 24 23 of
2420 2167 58 24 New

1895 2200 73 23 South
1979 2200 86 24 Wales.
2102 2200 56 25 This
2170 2201 20 22 is
2203 2209 29 15 no
2243 2201 67 23 doubt
2322 2205 86 19 correct
2415 2209 8 21 ;
2436 2201 42 24 but

1895 2234 18 22 it
1923 2234 20 22 is
1956 2242 13 14 a
1980 2234 134 22 misfortune
2127 2234 164 24 characteristic
2303 2242 33 15 we
2347 2234 130 31 apprehend

1896 2267 24 22 of
1929 2267 31 23 all
1971 2275 49 15 new
2033 2268 119 28 countries,
2171 2267 46 24 and
2229 2267 38 24 the
2278 2267 88 24 natural
2378 2267 100 31 position

1896 2300 105 23 assumed
2013 2300 29 31 by
2055 2301 64 23 those
2130 2301 146 23 adventurers
2288 2301 49 23 who
2349 2300 127 24 undertake

1896 2334 37 23 the
1945 2334 96 23 difficult
2053 2333 43 24 and
2112 2334 115 23 laborious
2243 2334 51 23 task
2307 2334 24 24 of
2347 2331 132 34 reclaiming

1896 2367 43 23 and
1957 2367 107 31 peopling
2084 2367 68 24 them.
2190 2368 75 22 While
2283 2369 45 22 this
2347 2369 134 30 propensity,

1896 2401 25 22 of
1929 2400 39 23 the
1980 2401 130 31 population
2123 2405 21 19 to
2156 2406 104 26 separate
2270 2401 42 23 and
2321 2401 84 24 extend
2416 2401 67 26 itself

1896 2434 40 23 has
1949 2434 57 23 been
2025 2434 96 29 noticed,
2133 2435 90 23 various
2236 2434 100 24 schemes
2352 2434 58 24 have
2422 2434 57 24 been

1896 2467 110 31 proposed
2029 2472 22 19 to
2063 2472 129 19 counteract
2204 2468 19 23 it
2241 2468 42 23 and
2302 2473 21 18 to
2336 2472 143 19 concentrate

1896 2503 38 21 the
1947 2501 77 23 efforts
2033 2501 25 23 of
2067 2501 37 23 the
2111 2502 143 31 immigrants
2261 2501 75 23 within
2345 2502 38 22 the
2391 2501 88 23 bounds

1896 2535 26 22 of
1942 2535 85 22 certain
2048 2535 49 22 rich
2119 2535 147 31 agricultural
2284 2535 108 23 districts.
2429 2534 50 24 The

1896 2572 60 18 most
1966 2568 112 31 plausible
2089 2568 103 31 proposal
2201 2568 36 24 for
2249 2568 104 31 effecting
2365 2568 45 23 this
2421 2568 20 26 is
2448 2568 31 31 by

1897 2601 119 31 disposing
2028 2602 26 22 of
2067 2609 73 15 crown
2152 2601 67 23 lands
2230 2602 25 23 in
2265 2609 52 23 very
2329 2602 86 23 minute
2427 2609 54 23 por-

1895 2635 60 23 tions
1967 2642 25 16 as
2004 2642 30 16 an
2045 2634 144 24 inducement
2201 2640 22 18 to
2235 2635 141 30 immigrants
2387 2635 26 23 of
2429 2642 49 16 mo-

1896 2667 76 24 derate
1994 2668 83 31 capital
2096 2672 23 19 to
2138 2668 108 23 cultivate
2267 2668 64 23 small
2354 2668 123 29 freeholds,

1897 2702 71 22 which
1980 2701 52 30 they
2044 2709 42 15 can
2103 2701 99 31 scarcely
2215 2702 29 22 do
2255 2702 70 23 under
2336 2701 39 24 the
2386 2706 93 26 present

1897 2740 85 26 system
2001 2735 26 23 of
2042 2735 117 31 disposing
2178 2735 26 23 of
2221 2740 147 26 government
2385 2735 54 23 land
2456 2736 25 23 in

1896 2768 63 31 large
1971 2768 89 29 blocks,
2081 2768 38 24 the
2130 2768 113 31 purchase
2254 2768 24 24 of
2293 2768 73 24 which
2387 2768 94 24 extends

1896 2801 35 24 far
1942 2802 90 30 beyond
2044 2802 37 23 the
2098 2802 85 24 limited
2202 2810 77 15 means
2296 2801 54 31 they
2361 2809 43 16 can
2415 2809 64 16 com-

1897 2836 78 23 mand.
2010 2836 25 22 A
2052 2843 102 16 measure
2173 2835 27 23 of
2215 2836 45 22 this
2277 2835 62 28 kind,
2360 2835 86 31 though
2462 2836 20 22 it

1896 2869 75 23 would
1990 2873 41 19 not
2042 2869 88 23 obviate
2149 2869 37 23 the
2199 2869 44 23 evil
2261 2868 139 32 complained
2411 2868 30 29 of,
2462 2868 22 23 if

1897 2902 45 24 evil
1953 2903 18 22 it
1987 2910 54 23 may
2053 2902 27 23 be
2093 2902 76 29 called,
2190 2902 73 23 would
2281 2901 153 23 nevertheless
2451 2902 30 22 be

1896 2943 56 23 very
1970 2936 166 30 advantageous
2155 2943 29 15 on
2196 2935 90 23 various
2306 2940 116 19 accounts.
2456 2935 27 23 It

1898 2969 73 23 would
1983 2976 126 23 encourage
2127 2968 36 24 the
2173 2968 88 31 growth
2272 2968 24 24 of
2312 2969 66 30 grain
2395 2968 44 24 and
2451 2968 36 27 all.

1898 3002 68 23 kinds
1978 3003 25 22 of
2012 3001 145 31 agricultural
2169 3001 106 32 produce,
2286 3001 45 24 and
2342 3001 53 24 thus
2405 3001 78 24 confer

1898 3044 14 14 a
1922 3040 134 26 permanent
2067 3035 83 23 benefit
2158 3043 62 23 upon
2233 3035 38 23 the
2278 3039 102 28 country,
2392 3035 91 24 besides

1898 3069 84 31 adding
1997 3068 89 31 greatly
2098 3073 22 19 to
2136 3069 30 22 its
2185 3069 97 23 internal
2300 3076 116 16 resources
2435 3069 46 23 and

1898 3102 101 24 national
2013 3102 80 23 wealth
2103 3110 6 21 ;
2128 3101 44 24 and
2188 3102 20 23 it
2219 3102 70 24 would
2307 3102 29 24 be
2347 3102 40 23 the
2404 3109 78 16 means

1898 3136 25 23 of
1939 3136 100 30 training
2057 3143 31 23 up
2100 3143 29 15 an
2145 3135 139 24 industrious
2302 3135 139 32 population,
2458 3135 26 24 of

1900 3169 75 23 whose
1994 3169 115 23 exertions
2129 3168 37 24 the
2180 3168 87 33 Colony
2279 3169 73 24 would
2371 3168 112 24 hereafter

1900 3210 52 24 reap
1965 3203 38 22 the
2014 3202 93 23 benefit.
2141 3202 42 23 All
2194 3202 64 24 these
2265 3210 37 16 are
2313 3206 65 28 great
2387 3201 43 24 and
2437 3209 45 16 un-

1900 3236 102 24 deniable
2022 3235 134 31 advantages
2161 3235 83 24 -which
2263 3236 80 31 might,
2361 3243 33 15 we
2406 3234 75 30 think,

1900 3269 26 24 be
1939 3277 53 23 very
2004 3269 70 30 easily
2083 3269 94 23 secured
2187 3269 28 31 fry
2226 3269 37 24 the
2273 3277 77 16 means
2361 3267 120 33 proposed,

1899 3302 89 31 namely
1990 3315 33 4 —
2024 3302 29 31 by
2065 3302 118 31 disposing
2195 3303 28 23 of
2236 3303 74 31 public
2321 3302 54 24 land
2385 3302 24 23 in
2420 3301 61 30 agri-

1900 3335 95 24 cultural
2013 3335 100 24 districts
2126 3336 21 23 in
2165 3336 67 23 small
2249 3337 107 30 portions,
2376 3342 25 15 so
2412 3342 25 15 as
2455 3338 24 19 to

1900 3377 62 15 come
1975 3368 78 29 vyithin
2065 3368 38 24 the
2114 3369 83 32 capital
2206 3370 26 23 of
2242 3370 36 23 the
2288 3368 138 24 industrious
2436 3368 45 23 im-

1900 3403 106 31 migrant.
2043 3402 76 24 There
2128 3403 19 23 is
2158 3410 30 16 no
2201 3403 69 23 doubt
2278 3403 48 23 that
2337 3401 45 24 this
2390 3401 91 24 scheme

1900 3436 73 24 would
1983 3436 49 23 also
2045 3436 84 24 benefit
2138 3441 38 19 toe
2187 3436 55 24 land
2253 3443 94 16 revenue
2359 3439 23 19 to
2393 3442 14 15 a
2416 3438 67 27 great

1900 3475 85 23 extent,
2005 3469 45 24 and
2069 3469 45 24 this
2134 3470 19 23 is
2173 3474 47 24 not,
2239 3467 118 33 especially
2376 3467 23 24 in
2417 3467 65 24 these

1900 3504 74 27 times,
1986 3502 39 24 the
2035 3502 58 24 least
2103 3503 25 23 of
2135 3504 29 22 its
2173 3502 144 31 advantages.
2353 3500 24 24 It
2383 3501 21 23 is
2413 3500 68 30 clear,

1899 3536 111 29 however,
2029 3537 50 22 that
2090 3536 56 25 this.
2151 3536 98 30 practice
2260 3540 59 18 must
2337 3533 29 25 be
2378 3534 105 24 confined

1899 3570 79 23 within
1989 3570 86 23 certain
2087 3569 115 28 localities,
2215 3568 73 23 where
2296 3567 40 24 the
2345 3567 46 26 soil
2399 3568 21 23 is
2431 3567 51 24 rich

1900 3603 43 24 and
1962 3603 39 24 the
2013 3603 188 24 communication
2218 3601 21 24 is
2251 3608 59 24 easy.
2346 3600 31 25 In
2389 3600 37 24 the
2444 3601 37 23 in-

1900 3637 68 23 terior
1980 3636 26 24 of
2013 3636 40 24 the
2065 3640 91 26 country
2166 3636 19 22 it
2197 3634 46 24 will
2253 3638 39 19 not
2298 3634 77 33 apply.
2405 3634 77 24 These

1899 3671 91 31 regions
2003 3678 43 15 can
2062 3669 54 31 only
2128 3669 25 22 be
2169 3668 156 31 appropriated
2343 3672 22 18 to
2377 3666 38 25 the
2426 3674 56 24 pur-

1900 3711 66 24 poses
1984 3703 27 23 of
2031 3702 68 31 sheep
2117 3701 42 24 and
2178 3701 68 24 cattle
2258 3702 101 31 grazing,
2377 3701 105 31 pursuits

1900 3738 62 30 quite
1973 3735 158 32 incompatible
2137 3733 54 25 with
2203 3742 14 16 a
2228 3734 67 24 dense
2306 3733 176 33 population.—-

1900 3768 95 25 Hunter
2006 3769 73 23 River
2091 3768 100 23 Gazette.

1274 130 86 25 Mother
1370 131 102 31 Country
1485 140 25 15 as
1521 132 30 23 he
1562 132 22 23 is
1595 131 106 24 callecMn
1720 130 37 25 the
1775 130 76 32 clubs)

1277 172 11 15 s
1299 163 37 23 the
1348 164 103 31 alledged
1461 172 82 16 reason
1562 164 51 31 why
1632 164 38 24 the
1688 168 50 19 seat
1754 164 26 23 of
1802 169 49 18 00-

1274 202 110 19 /ernmeat
1395 198 21 23 is
1428 202 39 19 not
1479 203 23 18 at
1512 198 59 23 Port
1585 197 121 24 Niceolson
1721 196 72 24 where
1813 198 39 23 the

1274 229 116 32 European
1402 231 131 31 population
1545 228 129 33 (including
1684 229 39 24 the
1739 229 112 32 vicinage)

1274 269 43 16 iow
1329 268 105 19 amounts
1445 268 22 19 to
1480 265 76 27 4,000
1575 262 69 25 souls.
1692 262 51 24 The
1764 262 87 25 discus-

1274 296 56 22 sions
1342 296 25 23 of
1381 296 39 23 the
1433 296 140 31 Legislative
1587 296 94 24 Council
1693 299 24 19 at
1728 295 124 24 Auckland

1274 336 24 16 jn
1315 328 37 23 the
1371 329 128 31 Municipal
1518 329 150 31 Corporation
1686 328 46 24 Bill
1754 329 98 31 provoke

1274 361 106 24 invidious
1399 363 154 30 comparisons
1572 361 44 24 and
1636 362 69 22 much
1724 361 127 24 discontent

1274 402 18 15 in
1310 394 101 32 Sydney.
1414 407 32 5 —
1446 395 130 31 Hongkong
1599 394 100 29 Gazette,
1721 395 66 30 April
1811 397 40 27 21,

1274 429 71 22 1842.
1574 429 5 6 '

1303 459 70 25 Port
1407 461 159 23 Essington.
1568 473 33 4 —
1602 460 51 23 The
1684 465 106 19 accounts
1820 468 33 16 we

1274 494 52 22 have
1337 494 26 22 of
1372 494 45 22 this
1425 501 49 15 new
1486 494 81 29 colony
1579 501 37 15 are
1628 501 54 22 very
1690 494 160 31 encouraging.

1274 527 29 23 As
1313 534 14 15 a
1340 526 97 24 harbour
1449 527 35 23 for
1501 527 81 29 refuge
1601 526 33 23 for
1652 526 86 23 vessels
1756 527 96 30 naviga-

1274 560 44 30 ing
1329 559 85 24 Torres
1427 560 91 28 Straits,
1531 560 30 22 its
1574 558 64 24 value
1646 558 42 24 has
1696 559 89 31 already
1795 560 58 23 been

1274 592 85 31 proved.
1394 592 45 24 We
1451 598 53 18 note
1516 593 50 23 that
1578 591 36 24 the
1625 599 57 16 crew
1694 592 25 23 of
1733 593 37 22 the
1783 590 68 25 Mm-

1274 624 55 24 Ireal
1340 626 103 23 Wrecked
1463 626 24 23 in
1511 626 39 23 the
1574 625 82 24 Straits
1680 625 95 24 reached
1797 625 56 24 Port

1274 658 123 31 Essington
1419 659 24 23 in
1465 664 44 18 two
1531 659 73 23 boats.
1659 658 23 24 It
1711 659 19 23 is
1758 658 95 24 dubious

1274 690 94 24 whether
1380 691 54 31 they
1456 691 66 24 could
1541 692 58 23 have
1616 691 66 24 made
1703 691 38 24 the
1761 692 92 23 Islands

1274 724 20 24 af
1310 724 87 29 Timor,
1411 725 73 23 which
1496 725 54 31 they
1569 730 61 18 must
1648 725 57 23 have
1722 725 130 31 attempted,

1274 757 38 24 bad
1336 762 39 19 not
1399 758 45 23 this
1467 764 53 25 port
1543 758 57 24 have
1627 758 57 23 been
1708 758 143 23 established.

1274 790 66 24 From
1357 791 48 23 Mr.
1428 791 78 28 Earle,
1526 791 39 23 the
1585 791 97 24 talented
1701 792 80 22 author
1801 792 25 22 of
1841 800 14 14 a

1274 829 71 18 recent
1355 824 139 30 publication
1507 832 28 15 on
1548 824 90 23 Borneo
1650 824 44 23 and
1707 824 38 23 the
1754 824 99 23 Eastern

1274 857 61 28 Seas,
1354 864 33 16 we
1407 857 56 23 have
1483 857 129 30 personally
1633 857 105 23 obtained
1754 857 100 30 recently

1274 890 62 23 much
1349 890 75 23 useful
1435 890 45 23 and
1491 890 135 30 interesting
1637 891 144 22 information
1801 891 52 22 with

1274 923 109 23 reference
1406 927 22 19 to
1450 922 38 24 the
1512 928 92 25 present
1627 927 57 19 state
1714 923 44 23 and
1779 922 76 24 future

1274 962 113 26 prospects
1400 957 25 22 of
1440 956 46 23 this
1498 956 89 30 colony,
1607 956 73 23 which
1700 964 33 15 we
1753 956 59 31 hope
1832 961 23 18 to

1274 990 160 22 communicate
1457 994 23 18 to
1510 997 41 15 our
1574 989 90 23 readers
1688 990 29 26 .in
1740 997 29 15 an

1274 1023 99 22 number.
1376 1035 33 3 —
1409 1021 61 24 Ibid.

1304 1055 66 24 Java
1387 1056 65 22 Tea.
1454 1068 34 3 —
1488 1055 44 23 We
1543 1063 38 16 see
1596 1056 30 31 by
1641 1064 14 15 a
1667 1056 100 24 German
1778 1063 77 24 paper,

1274 1089 45 23 that
1331 1094 22 17 at
1366 1089 37 22 the
1416 1089 43 22 last
1472 1089 94 30 Leipsic
1575 1089 51 29 fair,
1646 1089 87 23 several
1744 1089 112 31 packages

1274 1122 22 23 of
1310 1122 57 23 Java
1378 1127 38 18 tea
1427 1129 57 16 were
1497 1122 99 30 brought
1608 1122 83 23 thither
1703 1123 35 23 for
1758 1122 48 23 sale
1827 1122 28 31 by

1274 1155 36 23 the
1322 1155 86 24 Dutch.
1455 1155 67 31 They
1545 1155 50 23 sold
1612 1160 23 18 at
1653 1155 56 31 high
1726 1161 67 23 rates,
1813 1155 45 23 and

1274 1188 36 23 the
1322 1194 75 25 report
1406 1196 30 15 on
1454 1188 37 23 the
1508 1188 105 31 qualities
1626 1197 53 20 was,
1693 1189 48 23 that
1752 1190 23 21 in
1785 1188 71 31 good-

1274 1229 50 16 ness
1341 1221 26 24 of
1381 1221 87 24 flavour
1487 1222 45 23 and
1552 1222 103 30 strength
1672 1221 52 31 they
1743 1229 57 16 were
1819 1226 39 18 not

1274 1254 90 24 inferior
1376 1260 22 18 to
1411 1254 38 24 the
1460 1254 69 24 finest
1540 1255 46 23 and
1597 1255 50 23 best
1655 1254 98 24 Chinese
1761 1263 95 15 caravan

1274 1292 53 20 sort.
1374 1288 51 24 The
1442 1288 88 23 favour
1545 1288 71 30 being
1631 1296 25 15 so
1670 1289 67 22 much
1750 1287 106 29 retained,

1274 1322 19 23 is
1315 1321 122 24 attributed
1459 1326 24 19 to
1504 1321 39 24 the
1562 1321 63 24 short
1642 1322 63 28 time,
1726 1320 71 24 which
1815 1321 43 23 had

1274 1354 90 31 elapsed
1376 1355 62 23 since
1449 1354 59 24 their
1519 1355 142 31 production,
1675 1354 45 24 and
1738 1354 37 24 the
1795 1359 64 26 great

1274 1395 49 16 care
1334 1388 25 23 in
1370 1388 100 31 packing
1479 1397 6 19 ;
1509 1388 29 30 by
1555 1388 73 23 which
1647 1396 78 15 means
1742 1388 52 30 they
1815 1387 44 24 had

1274 1425 38 19 not
1323 1421 97 23 suffered
1434 1421 27 31 by
1479 1421 38 23 the
1529 1421 123 24 variations
1665 1422 24 23 of
1705 1421 151 30 atmospheric

1275 1459 151 26 temperature
1438 1454 83 30 during
1539 1455 60 23 their
1617 1456 82 22 transit
1715 1459 22 19 to
1755 1454 102 32 Europe.

1308 1487 23 24 It
1343 1495 75 15 seems
1431 1487 37 24 the
1481 1487 95 24 Pirates
1588 1496 37 15 are
1637 1493 40 18 not
1688 1487 102 24 deterred
1799 1487 57 23 from

1275 1520 37 25 the
1322 1521 145 23 commission
1479 1521 27 23 of
1521 1520 59 24 their
1592 1522 88 28 crimes,
1693 1521 29 31 by
1731 1520 37 23 the
1778 1521 81 31 capital

1275 1554 146 32 punishment
1430 1554 24 23 of
1470 1554 59 23 their
1540 1554 125 24 comrades.
1712 1553 41 24 We
1771 1554 54 23 hear
1837 1554 25 23 of

1275 1595 66 23 many
1367 1592 106 26 outrages
1501 1587 71 31 lately
1601 1587 137 29 committed,
1766 1587 42 23 but
1830 1587 30 23 all

1276 1620 86 31 beyond
1374 1628 42 16 our
1423 1620 155 32 jurisdiction.
1623 1621 25 23 A
1667 1621 75 23 native
1761 1628 96 23 passage

1275 1654 52 23 boat
1338 1661 45 16 was
1395 1662 14 15 a
1428 1654 42 23 few
1488 1654 55 30 days
1565 1654 61 23 since
1646 1654 107 31 captured
1775 1654 24 23 in
1822 1654 38 23 the

1277 1687 88 24 Canton
1378 1687 71 24 River
1460 1695 69 23 many
1548 1687 26 23 of
1588 1687 38 23 the
1646 1695 58 16 crew
1717 1687 107 23 wounded
1836 1687 24 23 in

1277 1720 36 24 the
1342 1720 100 30 defence,
1472 1720 45 24 and
1540 1720 88 23 several
1650 1729 58 15 were
1731 1720 129 24 afterwards

1276 1754 118 24 mutilated
1405 1754 29 31 by
1446 1753 38 25 the
1496 1754 94 31 pirates.
1592 1766 31 4 —
1624 1753 61 25 Ibid.
1863 1776 2 11 (

1310 1787 50 24 The
1372 1792 110 19 steamers
1490 1786 105 24 Ariadne
1601 1787 43 23 and
1658 1785 111 33 liooghly,
1778 1786 84 32 having

1277 1828 28 16 on
1323 1821 71 23 board
1414 1820 99 24 General
1535 1820 84 24 Burrel
1639 1820 44 24 and
1703 1821 38 23 Sir
1760 1820 101 24 Thomas

1280 1854 105 28 Herbert,
1400 1853 56 24 have
1468 1853 108 24 returned
1587 1854 57 23 from
1656 1854 59 23 their
1731 1854 130 23 reconnois-

1279 1895 64 16 sance
1355 1887 25 23 of
1391 1887 38 23 the
1442 1887 89 24 Canton
1545 1887 80 24 River.
1661 1887 67 31 They
1739 1887 123 31 proceeded

1279 1926 21 18 to
1312 1920 37 25 the
1362 1920 83 24 second
1456 1920 41 24 bar
1512 1920 43 24 but
1572 1920 70 24 found
1663 1929 29 15 no
1708 1921 154 31 preparations

1278 1954 63 24 made
1354 1952 37 33 (as
1404 1953 117 32 reported)
1531 1954 36 23 for
1580 1954 37 23 the
1631 1955 135 23 restoration
1784 1954 25 23 of
1824 1954 38 23 the

1275 1988 160 29 .Bogue-forts.
1437 2000 32 4 —
1469 1987 63 26 Ibid,
1613 2002 3 5 ■

1313 2020 22 23 It
1346 2020 20 22 is
1375 2019 106 31 reported
1553 2019 145 32 intelligence
1706 2020 25 23 of
1740 2020 36 24 the
1787 2020 75 24 wreck

1280 2053 24 23 of
1312 2061 13 15 a
1335 2053 74 23 vessel
1421 2060 29 16 on
1463 2053 37 22 the
1513 2058 64 18 coast
1589 2053 24 23 of
1628 2053 111 24 Formosa
1750 2053 40 24 has
1806 2054 57 23 been

1279 2086 109 24 received.
1432 2086 24 23 It
1474 2087 20 22 is
1512 2086 74 23 added
1595 2086 48 24 that
1656 2087 66 22 much
1733 2087 73 31 specie
1820 2094 43 16 was

1280 2127 27 16 on
1320 2120 75 28 board,
1409 2119 70 24 hence
1491 2120 17 22 it
1526 2120 20 22 is
1566 2119 101 24 believed
1685 2126 23 17 to
1729 2120 55 23 have
1807 2121 57 22 been

1280 2153 36 23 the
1327 2153 52 31 brig
1388 2153 62 28 Ann,
1463 2161 26 15 so
1500 2153 56 31 long
1574 2161 52 15 over
1644 2153 52 24 due.
1743 2154 42 22 We
1806 2154 58 31 hope

1280 2186 36 23 the
1338 2194 58 15 crew
1418 2186 57 23 have
1498 2192 40 17 not
1557 2187 82 23 shared
1661 2187 38 23 the
1721 2187 45 23 fate
1785 2187 26 23 of
1825 2187 39 26 the

1279 2219 131 24 Nerbudda.
1413 2232 33 4 —
1446 2219 61 24 Ibid.

1312 2253 23 23 A
1354 2253 133 24 Heathen
1502 2253 141 24 Hospital.
1644 2266 35 4 —
1680 2253 51 24 The
1743 2253 58 30 Rev,
1815 2254 48 24 Mr.

1280 2286 77 29 Allen,
1380 2294 29 16 an
1429 2288 124 22 American
1580 2287 148 30 Missionary,
1747 2288 24 22 in
1788 2288 78 30 giving

1280 2319 79 24 details
1371 2321 139 30 concerning
1521 2320 39 23 the
1573 2321 89 22 various
1677 2321 77 31 public
1772 2321 93 23 institu-

1280 2354 58 22 tions
1350 2354 23 22 in
1385 2354 112 31 Bombay,
1511 2354 54 23 thus
1578 2355 86 22 notices
1677 2354 59 23 what
1743 2362 67 23 every
1822 2362 43 16 one

1280 2392 60 18 must
1352 2387 81 30 regard
1444 2395 25 15 as
1481 2395 13 14 a
1503 2392 62 19 most
1574 2387 101 31 singular
1682 2387 182 25 establishment.

1337 2420 24 24 It
1379 2420 42 24 has
1437 2420 58 24 been
1513 2420 50 24 said
1582 2420 48 24 that
1646 2420 140 24 heathenism
1799 2428 67 16 never

1281 2454 137 23 established
1436 2462 27 15 an
1482 2453 108 33 hospital.
1636 2454 76 23 There
1730 2455 19 22 is
1769 2460 23 17 at
1809 2455 58 22 least

1281 2495 39 15 one
1333 2488 120 31 exception
1472 2493 22 18 to
1514 2488 40 23 the
1572 2488 62 23 truth
1653 2488 26 23 of
1700 2488 45 22 this
1766 2488 98 24 remark.

1282 2521 73 23 There
1367 2521 20 23 is
1400 2529 42 15 one
1454 2521 61 28 here,
1535 2521 125 31 supported
1679 2525 24 19 at
1721 2529 27 15 an
1767 2529 98 23 expense

1282 2554 23 23 of
1320 2554 68 24 about
1403 2556 90 27 16,000
1508 2554 86 24 dollars
1611 2554 117 31 annually.
1774 2554 24 24 It
1820 2562 46 16 was

1281 2587 96 24 founded
1399 2588 31 31 by
1450 2596 13 15 a
1486 2587 108 24 donation
1616 2588 25 23 of
1667 2589 69 22 about
1759 2590 106 27 100,000

1282 2620 88 30 dollars,
1382 2622 32 29 by
1425 2630 13 14 a
1451 2622 74 22 native
1537 2621 117 23 merchant
1661 2622 25 22 of
1696 2622 38 22 the
1746 2621 51 23 Jain
1805 2627 55 23 sect,

1281 2667 32 4 —
1315 2654 37 23 the
1365 2660 49 18 sect
1425 2654 72 23 which
1510 2662 107 24 apprears
1630 2659 21 18 to
1665 2654 111 31 approach
1787 2663 80 15 nearer

1282 2688 52 23 than
1347 2696 44 23 any
1403 2688 64 23 other
1486 2693 22 17 to
1529 2688 38 23 the
1587 2688 111 31 primitive
1719 2688 144 29 Hindooism,

1282 2721 52 23 with
1358 2721 75 24 which
1459 2721 145 31 Pythagoras
1622 2721 93 23 became
1734 2722 133 30 acquainted

1282 2761 22 17 at
1315 2755 112 30 Babylon.
1471 2754 36 24 Its
1519 2755 113 23 doctrines
1644 2754 88 31 strictly
1745 2754 72 24 forbid
1829 2756 38 22 the

1283 2789 137 22 destruction
1434 2789 24 23 of
1473 2789 85 22 animal
1570 2788 46 28 life,
1628 2789 25 22 in
1665 2796 45 22 any
1728 2795 50 16 case
1795 2789 72 22 what-

1283 2829 58 16 ever.
1377 2822 51 24 The
1441 2827 161 26 management
1620 2822 25 22 of
1667 2822 46 22 this
1731 2821 97 32 hospital
1848 2823 19 23 is

1282 2855 81 31 wholly
1374 2856 24 23 in
1410 2855 98 24 heathen
1521 2855 80 29 hands,
1611 2855 45 23 and
1676 2855 97 23 heathen
1795 2855 71 24 liber-

1284 2889 52 30 ality
1359 2888 116 24 furnishes
1489 2889 29 23 all
1531 2889 31 23 its
1580 2896 124 16 resources.
1751 2888 28 24 In
1792 2889 18 23 it
1830 2896 37 16 are

1283 2923 150 31 gratuitously
1449 2922 124 32 supported
1592 2923 56 22 from
1670 2924 32 21 50
1724 2927 23 18 to
1768 2924 47 22 100
1831 2923 37 22 old

1283 2956 85 28 horses,
1381 2956 51 23 who
1445 2956 73 23 would
1530 2956 119 23 otherwise
1661 2955 28 23 be
1701 2955 70 23 killed
1780 2964 24 14 as
1816 2961 51 26 past

1284 2989 84 23 service
1378 2997 5 21 ;
1398 2990 70 23 about
1479 2990 47 25 175
1540 2997 59 16 cows
1606 2989 45 23 and
1661 2996 58 16 oxen
1728 2997 7 16 :
1745 2990 48 22 200
1803 2989 64 31 dogs,

1283 3023 34 23 for
1345 3022 76 24 whose
1449 3023 142 23 destruction
1619 3022 39 23 the
1685 3022 133 23 authorities
1846 3023 25 22 of

1284 3055 101 31 Bombay
1398 3056 55 23 offer
1465 3064 14 15 a
1489 3056 88 30 bounty
1590 3056 63 23 twice
1672 3063 12 15 a
1701 3063 54 23 year
1765 3064 7 19 ;
1792 3055 45 24 and
1855 3063 13 16 a

1284 3090 61 30 large
1365 3090 96 23 number
1484 3090 26 22 of
1530 3094 57 23 cats,
1608 3088 120 31 monkeys,
1750 3088 44 24 and
1804 3088 64 24 other

1284 3123 102 24 animals.
1440 3123 37 24 Its
1506 3122 106 23 charities
1641 3130 39 15 are
1701 3122 122 23 accessible
1846 3126 22 19 to

1284 3156 70 31 living
1371 3156 82 32 beings
1477 3156 25 24 of
1524 3163 70 24 every
1611 3156 95 31 species,
1729 3159 81 27 except
1830 3156 38 22 the

1284 3189 84 24 human
1390 3197 59 16 race.
1497 3189 67 28 Men,
1588 3196 86 15 women
1694 3188 45 23 and
1759 3188 109 29 children,

1284 3223 116 29 wounded,
1412 3223 51 23 sick
1484 3222 44 24 and
1547 3222 115 28 destitute,
1682 3229 39 16 are
1739 3222 92 24 allowed
1847 3229 22 16 to

1284 3256 43 23 die-
1331 3256 97 23 unaided
1440 3256 79 23 within
1531 3256 64 30 sight
1611 3256 25 23 of
1651 3256 29 22 its
1699 3255 70 24 walls.
1806 3255 64 24 Such

1285 3290 20 22 is
1317 3290 38 23 the
1364 3290 117 24 character
1493 3290 26 23 of
1533 3289 38 23 the
1581 3289 53 31 only
1644 3288 107 31 hospital,
1762 3289 35 23 far
1809 3297 25 15 as
1849 3290 21 22 is

1284 3323 90 29 known,
1388 3323 49 24 that
1448 3323 143 24 heathenism
1603 3330 51 16 ever
1666 3322 67 23 built.
1734 3335 32 3 —
1766 3321 61 24 Ibid.

1319 3356 112 24 Ningpo.
1434 3370 27 3 —
1461 3361 6 12 :
1467 3356 54 24 The
1532 3356 69 23 latest
1609 3356 77 23 advice
1700 3356 55 23 from
1768 3355 45 23 this
1825 3356 45 31 city

1284 3395 116 25 represent
1413 3390 78 31 things
1503 3396 23 17 to
1537 3389 29 23 be
1577 3390 24 22 in
1613 3397 13 15 a
1633 3394 61 18 most
1703 3388 87 24 excited
1802 3393 66 25 state,

1285 3422 42 24 and
1345 3431 33 15 we
1395 3431 39 15 are
1454 3423 114 23 informed
1588 3422 49 24 that
1654 3422 39 23 the
1712 3423 45 30 city
1776 3422 19 23 is
1808 3427 22 18 to
1842 3422 28 24 be

1285 3456 122 24 evacuated
1418 3457 29 31 by
1459 3456 39 24 the
1508 3455 90 25 British
1608 3460 76 26 troops
1705 3456 74 30 owing
1790 3460 23 18 to
1829 3455 38 24 the

1285 3490 119 23 smallness
1417 3490 25 24 of
1456 3490 39 23 the
1507 3490 70 23 force.
1613 3488 104 24 Chinhae
1728 3488 73 23 would
1813 3496 55 16 con-

1285 3524 68 23 tinue,
1358 3528 23 18 to
1393 3523 28 24 be
1434 3523 141 31 garrisoned.
1606 3521 94 25 Several
1710 3529 94 23 persons
1815 3522 55 23 have

1285 3556 56 24 been
1360 3556 87 24 carried
1465 3556 35 24 off
1514 3556 37 31 by
1561 3555 38 23 the
1620 3555 100 24 Chinese
1741 3554 70 24 under
1832 3552 38 26 the

1285 3597 53 24 very
1355 3589 65 24 walls
1438 3590 27 23 of
1488 3589 109 31 Ningpo;
1616 3596 84 23 among
1718 3588 37 23 the
1773 3588 95 24 number

1285 3631 44 15 was
1341 3623 113 32 Sergeant
1466 3622 122 31 Campbell
1599 3622 24 23 of
1640 3621 74 24 H.iVI.
1728 3621 57 25 59th
1806 3623 61 30 regi-

1285 3661 69 19 ment.
1402 3656 93 24 Letters
1514 3660 59 19 state
1594 3655 48 23 that
1661 3655 100 24 General
1785 3655 85 32 Gough

1286 3690 70 23 would
1369 3690 78 23 march
1460 3697 63 24 upon
1542 3688 103 30 Nankin,
1659 3688 44 23 and
1722 3688 147 31 Hangchow-

1284 3722 36 24 ioo
1332 3723 45 24 and
1395 3723 65 24 other
1479 3723 73 28 cities,
1566 3721 41 24 but
1624 3721 100 32 keeping
1741 3723 129 30 possession

1286 3756 25 24 of
1329 3764 69 16 none.
1442 3756 86 31 Seeing
1550 3754 61 24 what
1628 3760 52 18 vast
1701 3755 108 23 numbers
1831 3756 39 23 the

1286 3789 98 24 Chinese
1396 3797 43 16 can
1450 3788 121 25 command
1587 3789 34 23 for
1637 3789 120 30 harassing
1768 3789 102 29 warfare,

1284 3824 19 22 it
1312 3823 21 33 iys
1344 3822 110 31 certainly
1467 3822 171 24 commendable
1656 3822 76 31 policy
1743 3829 40 16 not
1800 3826 23 19 to
1834 3822 36 27 lo-

1285 3861 49 18 cate
1345 3864 14 15 a
1371 3856 95 23 number
1478 3857 25 22 of
1512 3855 68 24 small
1587 3855 44 24 and
1640 3855 96 24 isolated
1744 3856 125 30 garrisons.

1285 3886 50 26 TAe
1347 3889 134 23 evacuation
1499 3888 27 24 of
1540 3888 94 31 Ningpo
1653 3888 48 23 will
1719 3888 31 24 be'
1764 3888 107 24 heralded

1285 3917 35 40 bj!^
1325 3922 39 24 the
1377 3921 100 25 Chinese
1496 3929 26 16 as
1540 3929 15 16 a
1573 3921 101 32 glorious
1691 3922 87 30 victory
1789 3921 83 31 gained

1284 3953 52 39 ovjer
1348 3956 38 24 the
1407 3955 142 29 barbarians,
1569 3954 44 25 and
1632 3954 45 25 will
1695 3962 29 17 no
1743 3954 69 25 doubt
1823 3963 48 16 em-

545 50 102 47 B%t
668 48 120 43 Wc*d
813 47 210 42 gealanD
1044 44 196 47 4&airm
1264 43 91 40 anl>
1706 39 257 50 Spectator*
1994 73 5 5 .

2011 3817 56 21 The
2077 3815 96 27 brigan
2175 3815 57 22 tine

1915 3853 4 25 '••
1942 3848 80 38 x£e£§L
2046 3860 5 9 '
2217 3855 20 19 Bt
2238 3858 13 15 *
2252 3854 21 20 rt
2300 3854 24 20 t0
2346 3851 135 25 AKAROA

1916 3892 5 10 '
1933 3874 112 35 iiaELjlgx.
2077 3874 20 37 y
2105 3890 9 12 »
2157 3877 159 29 immediately,
2328 3878 46 23 her
2385 3879 97 23 destiua-

1917 3919 4 9 ;
1928 3901 130 37 fanSrsip'
2079 3905 47 23 tion
2134 3905 68 28 being
2211 3904 82 24 altered
2303 3905 57 23 from
2371 3905 92 23 Nelson.

1905 3949 159 40 t£3SS9B)
2094 3959 94 23 Ootober
2199 3961 33 26 14,
2244 3960 59 22 1842.
