2529 4029
1892 125 219 21 WHOLESALE
2139 125 125 21 PRICES
2298 125 172 21 CURRENT.

551 43 102 46 &t)t
671 42 124 41 Wtto
821 41 206 43 ZMznts
1055 40 189 47 i&atfttc
1266 40 93 45 agio
1384 39 298 44 g%*?Umgtoii
1705 34 258 49 &pegtetor*

46 134 41 21 To
103 133 161 21 Gentlemen
277 131 148 27 intending
437 132 38 19 to'
482 132 77 19 enter
572 130 63 20 into'

73 162 45 19 the
146 159 143 26 profitable
319 158 107 27 pursuit
455 156 31 22 of
512 156 122 26 Grazing

74 187 54 21 and
148 186 136 26 Breeding
303 186 92 23 Stock,
417 183 42 22 for
479 183 88 21 which
588 183 44 20 the

73 213 89 22 fertile
181 213 110 20 Islands
314 211 29 21 of
360 212 68 19 New
446 210 122 21 Zealand
587 214 44 16 are

73 246 32 15 so
120 240 150 26 peculiarly
284 238 125 26 adapted.

47 273 91 49 THE
150 272 150 27 undersigned
310 272 42 26 beg
362 275 23 18 to
392 271 82 22 inform
484 269 148 23 theirfriends

118 300 44 22 and
180 300 36 22 the
232 299 73 28 public
322 298 120 27 generally,
460 297 47 21 that
525 297 51 27 they
588 297 42 21 will

46 330 100 19 contract
170 327 35 22 for
223 328 38 19 the
286 325 99 27 delivery
410 325 25 21 of
457 323 37 23 the
518 323 114 27 following

46 354 132 27 description
193 353 25 21 of
225 351 74 28 Stock,
307 352 23 21 in
340 358 45 21 any
395 351 52 22 Port
456 351 26 21 of
495 349 38 23 the
544 350 88 22 Islands
639 357 2 24 j

46 381 26 21 of
80 381 54 21 New
145 379 99 23 Zealand
251 387 6 13 :
259 389 28 5 —

74 407 93 21 Horned
183 405 67 23 cattle
268 404 126 28 (improved
406 403 89 27 breeds)
510 403 27 21 of
548 403 31 21 all
593 402 39 22 de-

46 434 122 27 scriptions,

74 460 90 25 Horses,
186 459 56 21 from
265 458 38 22 the
325 458 51 21 best
395 456 93 27 English
508 456 46 22 and
570 456 61 22 Arab

42 487 71 25 *tuds,
130 486 93 22 suitable
240 485 34 22 for
293 485 85 26 racing,
394 483 83 28 saddle,
488 491 25 14 or
525 483 91 21 harness
624 490 6 19 ;

43 513 46 23 and
99 513 106 26 breeding
214 519 80 20 mares,

73 540 56 21 Pure
139 540 74 21 Saxon
225 538 44 22 and
280 538 85 22 merino
457 551 4 5 -

73 565 118 23 Half-bred
209 566 112 21 Leicester
336 564 44 22 and
397 564 85 22 merino
501 570 65 18 ewes,
581 570 51 20 par-

44 593 102 27 ticularly
156 592 96 28 adapted
266 592 35 21 for
310 591 43 22 this
364 595 101 22 country,
476 598 24 14 as
509 590 53 27 they
570 590 61 21 unite

44 619 82 26 weight
135 619 25 22 of
167 626 87 15 carcass
266 618 50 22 with
327 618 97 22 fineness
435 617 25 21 of
467 617 63 21 wool.

71 646 47 22 The
141 645 151 28 undersigned
315 652 41 14 can
386 643 166 23 accommodate
580 649 52 21 pur-

44 673 89 22 chasers
148 673 25 21 of
186 672 58 22 their
254 671 68 23 Stock
341 671 52 22 with
410 671 114 22 extensive
539 670 93 27 grazing

44 707 61 20 runs,
117 699 75 23 within
204 701 40 20 100
254 699 63 22 miles
329 699 24 27 of
360 699 44 21 this
414 698 59 21 Port.

308 725 33 22 W.
357 725 26 21 B.
399 725 92 21 Rhodes
505 723 45 21 and
566 723 37 21 Co.

234 772 68 19 Bees
317 770 42 21 for
374 770 68 20 Sale.

47 805 42 24 T7
98 803 142 23 XPECTED
255 803 56 22 from
329 802 97 28 Sydney,
438 802 29 28 by
477 802 47 21 first
540 801 88 27 arrival,

56 826 37 27 P-rf
124 838 13 14 a
152 831 41 21 few
211 831 62 21 hives
282 830 26 21 of
315 830 62 26 bees;
397 829 73 21 orders
484 828 43 22 will
544 828 45 22 also
606 828 25 21 be

46 858 67 21 taken
124 857 33 22 for
169 858 36 21 the
220 857 142 27 importation
373 856 26 21 of
411 856 52 21 bees
473 859 23 18 to
507 855 37 22 the
555 859 77 17 extent

46 884 26 22 of
80 885 53 21 from
145 888 81 23 twenty
235 888 22 16 to
263 884 68 26 thirty
338 883 69 21 hives.
437 882 44 22 For
489 882 68 28 price,
564 881 68 28 apply

46 915 23 17 at
79 911 37 21 the
275 910 78 22 Office.

74 938 128 26 September
211 939 34 25 20,
257 939 62 20 1842.

297 983 90 20 Seeds.

49 1017 71 48 ON
131 1017 85 27 SALE,
227 1020 24 18 at
259 1016 37 22 the
306 1017 86 20 Gazette
399 1016 76 23 Office,
483 1016 149 22 inauantities

127 1048 20 17 to
164 1044 44 21 suit
225 1044 138 26 purchasers,
383 1043 38 21 the
438 1042 114 28 following
568 1042 64 22 seeds

46 1078 74 20 grown
131 1071 22 21 in
165 1070 37 22 the
213 1070 85 27 Colony
298 1081 29 4 —

74 1098 92 20 Lettuce
178 1097 108 27 (cabbage
296 1098 45 20 and
352 1096 143 27 drumhead),

72 1124 83 26 Turnip
167 1124 75 26 (white
254 1126 61 19 stone
326 1124 44 21 and
381 1123 90 27 swede),

73 1151 77 21 Carrot
162 1150 68 27 (early
240 1150 56 22 horn
309 1150 43 22 and
362 1150 54 27 long
426 1149 99 27 orange),

73 1178 105 26 Cabbage
188 1178 75 26 (sugar
274 1177 62 27 loaf),

73 1204 56 22 Peas
153 1204 108 26 (victoria,
286 1211 67 20 green
383 1211 99 18 marrow,
512 1211 118 19 auvergne,

45 1231 89 27 knights
145 1238 98 18 morrow,
256 1231 106 27 imperial,
374 1230 135 26 Mazarine),

73 1258 73 22 Beans
157 1258 92 25 (scarlet
258 1258 101 26 runner),

73 1285 79 23 Beans,
164 1284 82 27 kidney
259 1284 115 28 (speckled
387 1283 76 27 dwaif,
475 1284 65 21 black
555 1284 75 27 dwarf,

46 1312 62 22 dunn
119 1311 85 26 dwarf),

74 1338 78 27 Celery
162 1338 76 26 (white
249 1338 75 27 solid),

73 1365 75 22 Onion
161 1365 86 27 (mixed
260 1366 70 26 seed),

74 1392 67 26 Leek,

73 1419 95 21 Lentille
179 1419 99 26 (French
288 1419 45 21 and
343 1419 104 27 Spanish)

74 1445 105 27 Raddish,

74 1472 102 22 Mustard
187 1473 44 21 and
242 1480 66 19 cress,

74 1499 95 28 dpinach
179 1499 101 27 (round),

47 1527 51 22 And
110 1527 86 21 various
206 1526 68 22 kinds
285 1527 24 21 of
316 1525 117 27 vegetable
444 1525 64 23 seeds
522 1534 74 19 grown
609 1527 23 21 in

47 1553 117 27 England;
179 1553 47 22 also
236 1561 13 13 a
266 1553 87 27 variety
362 1555 26 19 of
401 1553 75 21 flower
491 1553 70 27 seeds,
578 1553 54 22 both

47 1581 99 21 Colonial
157 1580 45 22 and
213 1580 100 27 English.

74 1607 130 28 September
215 1609 31 24 16,
258 1609 59 19 1842.

47 1652 94 50 JUST
156 1652 157 22 RECEIVED
324 1656 23 17 at
356 1652 37 21 the
402 1652 69 22 Office
478 1652 25 21 of
511 1652 36 22 the

112 1679 95 22 Zealand
348 1686 14 14 a
371 1679 43 22 few
430 1679 71 27 copies
512 1679 25 21 of
544 1679 37 22 the
592 1680 41 22 fol-

44 1706 84 27 lowing
140 1706 79 27 works,
230 1706 26 21 of
264 1706 44 21 last
317 1706 72 27 year's
400 1706 139 27 publication,
551 1707 43 21 and
609 1709 22 20 in

46 1734 111 21 excellent
167 1733 112 22 condition
287 1741 4 14 :
294 1744 26 4 —

73 1767 47 21 The
136 1767 97 22 Poetical
249 1766 79 22 Works
346 1767 25 21 of
386 1768 11 11 n
403 1767 71 26 'ilton,
486 1767 53 21 with
555 1775 13 13 a
587 1775 47 14 me-

45 1793 64 27 moir,
130 1794 42 21 and
194 1801 67 14 seven
287 1793 191 23 embellishments
500 1794 30 27 by
551 1794 81 27 Fuseli,

46 1821 99 26 Westall,
170 1821 43 21 atrd
237 1821 94 21 Martin.
380 1820 62 27 Also,
465 1828 28 14 an
523 1821 111 22 excellent

46 1847 93 28 portrait
158 1847 25 21 of
199 1847 90 26 Milton,
311 1847 114 28 engraved
439 1847 28 28 by
482 1847 22 22 J.
525 1848 105 27 Cochran,

45 1875 58 21 from
115 1882 12 14 a
136 1875 125 26 miniature,
272 1874 117 27 originally
400 1875 22 21 in
435 1874 35 22 the
478 1875 121 26 possession
611 1876 26 21 of

47 1901 75 22 Oliver
131 1901 121 22 Cromwell.
283 1901 11 22 I
306 1901 43 22 vol.
357 1903 57 24 Bvo.,
422 1901 76 22 bound
507 1902 97 22 in'cloth.

74 1928 50 22 Life
140 1929 25 21 of
182 1928 36 22 the
235 1928 68 22 Duke
320 1928 32 25 of.
359 1927 143 28 Wellington,
524 1929 109 28 compiled

45 1955 59 21 from
128 1955 34 22 his
186 1955 91 21 Grace's
301 1955 145 28 Despatches,
470 1955 117 28 published
609 1956 24 22 in

47 1984 59 24 1840,
119 1982 30 27 by
160 1983 88 26 George
256 1983 80 25 Soane,
349 1983 57 21 A.B.
435 1983 12 20 2
457 1982 54 22 vols.
522 1982 59 22 cloth
588 1983 46 22 and

46 2009 100 21 lettered.

72 2035 48 22 The
131 2035 61 27 Holy
202 2035 71 27 Bible,
284 2036 129 26 containing
423 2035 36 21 the
468 2036 45 21 Old
523 2036 44 22 and
578 2037 56 21 New

45 2062 146 27 Testaments,
218 2062 52 22 with
294 2066 70 23 notes,
383 2062 32 27 by
439 2061 35 23 the
494 2062 56 22 Rev.
571 2063 61 22 John

47 2089 88 22 H->bart
148 2089 104 26 Caunter,
270 2089 60 26 8.C.,
346 2089 79 22 author
440 2089 25 21 of
472 2089 37 21 the
530 2089 104 32 '^Poetry

46 2117 26 21 of
82 2116 38 22 the
308 2116 44 21 and
363 2115 145 23 embellished
519 2116 52 22 with
584 2117 50 22 four

46 2150 64 20 maps
124 2143 43 21 and
183 2144 40 21 144
237 2143 139 27 engravings,
397 2143 57 21 from
472 2143 113 28 paintings
604 2144 30 27 by

46 2169 92 22 Westall
148 2170 44 22 and
204 2170 92 26 Martin,
307 2172 48 20 Bvo.
367 2169 68 23 cloth.

72 2197 49 22 The
133 2197 129 27 Beginner's
273 2197 87 22 French
376 2197 71 26 Book,
459 2197 44 22 and
517 2197 37 22 the
566 2197 68 23 Scho-

44 2223 53 23 lar's
117 2224 83 22 French
219 2224 70 27 Book,
307 2225 27 26 by
347 2224 62 22 Rene
427 2224 74 27 Aliva,
513 2225 80 21 author
611 2225 26 21 of

44 2251 38 21 the
119 2251 165 27 Anti-Spelling

73 2278 144 22 Montacute:
233 2285 25 13 or
268 2286 12 13 a
291 2278 56 22 New
363 2278 66 22 horne
430 2289 28 4 —
458 2277 74 23 who'll
545 2279 89 21 follow?

44 2305 35 27 By
89 2305 55 22 Mrs.
157 2305 64 26 Mary
232 2305 97 22 Clavers.
357 2307 14 19 2
378 2305 53 22 vols.
444 2307 48 20 Bvo.

73 2332 110 27 Scripture
199 2332 134 27 Biography,
349 2334 34 20 for
395 2332 37 22 the
447 2333 89 26 Young,
548 2333 73 21 embel
628 2345 6 5 •

43 2358 74 22 lished
128 2359 50 21 with
188 2359 78 28 plates.

73 2385 110 28 Voyages,
194 2387 149 25 Adventures,
360 2386 46 22 and
422 2387 95 26 Escapes
531 2387 27 21 of
570 2387 62 27 Capt.

46 2412 99 22 Richard
155 2413 114 26 Falconer,
280 2413 86 22 written
377 2413 30 27 by
418 2413 95 27 himself,
526 2415 9 20 1
548 2414 44 22 vol.

73 2440 95 21 Fisher's
179 2440 104 21 Juvenile
295 2441 67 31 Scrap
373 2440 70 27 Book,
453 2441 36 20 for
498 2442 59 21 1842.

73 2467 49 21 Life
143 2467 43 21 and
206 2467 71 25 Reign
298 2467 25 21 of
335 2461 99 28 William
449 2467 37 22 the
503 2468 90 27 Fourth,
604 2468 30 28 by

44 2493 37 22 the
94 2494 54 21 Rev.
161 2494 27 21 G.
200 2494 29 21 N.
240 2494 96 27 Wright,
350 2495 71 25 M.A.,
433 2496 13 19 2
456 2495 53 21 vols.

73 2520 51 23 Life
132 2521 42 21 and
185 2521 134 27 Campaigns
331 2521 24 21 of
368 2521 36 22 the
416 2521 66 22 Duke
492 2522 25 21 of
526 2522 108 28 Welling-

44 2551 44 22 ton,
100 2548 29 27 by
141 2548 35 21 the
187 2555 60 14 same
258 2548 95 21 Author.
381 2550 14 19 4
406 2548 54 21 veils.

73 2575 49 22 Life
136 2575 44 21 and
195 2575 96 21 services
308 2575 26 21 of
348 2575 93 22 Horatio
454 2575 108 22 Viscount
580 2576 54 22 Nel-

45 2609 48 19 ■on,
112 2602 55 21 from
181 2602 35 21 his
234 2601 119 28 lordship's
373 2602 153 27 manuscripts,
547 2603 30 27 by
595 2604 38 21 the

46 2629 56 22 Rev.
113 2628 21 23 J.
146 2629 21 22 S.
180 2628 85 27 Clarke,
277 2628 89 27 F.R.S.,
378 2628 46 23 and
433 2629 60 22 John
504 2630 128 28 M'Arthur,

46 2656 60 26 Esq.,
118 2656 84 21 L.L.D.
231 2657 13 20 3
255 2656 54 21 vols.

73 2682 48 23 The
138 2682 79 27 Rhine,
230 2682 66 28 Italy,
308 2683 44 21 and
371 2684 85 21 Greece
465 2682 133 28 illustrated,
610 2684 22 21 in

46 2717 13 14 a
70 2710 66 21 series
147 2709 24 22 of
179 2709 110 27 drawings
306 2710 55 21 from
378 2714 86 23 nature,
476 2710 52 22 with
543 2710 90 23 histori-

46 2736 34 23 cal
92 2736 44 22 and
147 2736 119 27 legendary
277 2736 151 28 descriptions.

74 2763 156 28 Shakspeare's
240 2762 116 23 Dramatic
366 2764 87 26 Works,
464 2764 53 22 with
527 2764 78 28 plates.
621 2767 11 20 1

44 2790 45 22 vol.

74 2816 143 23 Buchanan's
226 2816 86 28 histor}'
322 2817 26 21 of
355 2817 113 22 Scotland.
498 2820 9 20 1
519 2818 44 21 vol.

75 2844 92 28 History
178 2844 25 21 of
216 2844 108 26 England,
337 2848 22 17 to
375 2844 36 22 the
428 2844 66 22 death
509 2845 25 21 of
547 2846 87 26 George

46 2871 38 22 the
97 2871 92 26 Second,
200 2871 30 27 by
240 2867 78 26 Oliver
327 2870 139 28 Goldsmith;
482 2872 122 21 continued
613 2877 21 16 to

46 2898 37 23 the
94 2899 127 21 coronation
233 2898 25 21 of
271 2898 79 24 Queen
362 2898 106 27 Victoria,
486 2899 28 26 by
525 2899 36 22 the
578 2900 56 21 Rev.

47 2926 29 22 G.
88 2926 30 21 N.
130 2925 96 28 Wright,
237 2925 65 22 M.A.

73 2952 108 28 Wesley's
206 2953 111 26 Sermons,
336 2951 52 22 with
407 2959 14 14 a
439 2952 99 27 memoir,
562 2953 31 27 by
612 2954 22 21 S.

45 2980 75 26 Drew,
136 2980 63 21 M.A.

76 3006 95 23 Memoir
180 3006 26 22 of
212 3006 56 22 Rev.
279 3006 110 23 Rowland
403 3006 56 26 Hill,
469 3006 31 28 by
510 3006 35 23 W.
557 3007 77 27 Jones,

46 3033 89 22 Author
159 3033 26 22 of
230 3033 170 28 Testamentary
425 3034 113 26 Counsels,
590 3034 45 22 2nd

47 3060 90 21 edition.
166 3062 8 19 1
190 3060 42 22 vol.

75 3086 120 28 Magnall's
205 3088 133 26 Questions;
353 3087 102 28 pictorial
467 3087 89 23 edition.

74 3113 104 23 Barton's
189 3114 81 28 Gospel
280 3114 85 28 history
373 3115 26 21 of
405 3115 80 21 Christ.
515 3117 11 20 1
536 3115 44 21 vol.

75 3140 47 22 The
133 3140 77 23 Easter
220 3141 54 22 Gift,
287 3142 28 26 by
326 3137 83 26 LJB.L.
440 3143 9 20 1
463 3141 42 22 vol.

74 3167 49 22 The
134 3167 98 22 Parents'
244 3168 88 27 Friend,
341 3168 28 28 by
378 3168 61 22 John
451 3168 106 27 Morison,
565 3169 68 27 D.D.,

47 3194 90 23 Author
146 3194 25 21 of
319 3199 21 17 to
351 3203 13 14 a
377 3196 177 26 newly-wedded

77 3222 109 26 Scripture
206 3221 90 27 History
310 3222 35 21 for
360 3222 85 22 Youth.
473 3225 14 19 2
504 3223 61 28 vols.,
583 3223 51 22 with

46 3255 66 20 maps
122 3248 42 21 and
175 3248 76 26 plates.

75 3275 48 22 The
144 3274 92 22 Women
256 3275 25 21 of
299 3275 107 27 England,
427 3276 57 22 their
504 3276 74 22 Social
592 3277 41 21 and

46 3302 116 22 Domestic
177 3302 86 27 Duties,
280 3301 30 28 by
320 3302 56 22 Mrs.
393 3302 68 28 Ellis;
477 3303 51 22 15th
544 3304 89 22 edition.

46 3331 11 19 1
71 3329 43 21 vol.

74 3357 102 22 Summer
190 3355 45 22 and
244 3354 87 23 Winter
346 3356 23 21 in
384 3356 37 21 the
433 3357 116 27 Pyrenees,
560 3357 30 28 by
597 3357 37 23 the

46 3390 62 15 lame
118 3383 94 23 Author.
243 3384 10 20 1
265 3382 45 21 vol.

76 3410 137 22 Goldsmiths
223 3409 82 26 history
317 3408 24 22 of
349 3408 36 22 the
396 3409 81 25 earth..
492 3412 15 20 4
516 3411 55 22 vols.

75 3437 105 23 Burder's
190 3436 88 26 Village
289 3436 110 22 Sermons.
429 3436 12 22 I
453 3437 41 22 vol.

75 3464 90 22 Wood's
175 3464 131 26 Dictionary
317 3462 26 22 of
350 3462 36 21 the
397 3462 71 22 Bible.
494 3466 16 20 2
519 3465 55 22 vols.

75 3491 92 22 Smith's
178 3490 111 26 Mecanic,
300 3491 14 21 2
322 3489 54 22 vols.

73 3517 49 23 The
133 3517 61 23 Book
206 3518 26 21 of
244 3517 107 21 Common
363 3516 90 27 Prayer,
464 3516 128 24 illustrated.

73 3545 145 22 Fleetwood's
228 3544 39 22 life
278 3545 25 20 of
312 3543 79 23 Christ.

75 3571 67 23 Fox's
152 3571 109 23 Christain
273 3570 163 28 Martyrology.

73 3599 49 22 The
133 3598 70 22 whole
213 3599 54 27 duty
278 3598 25 22 of
312 3598 62 26 Man,
390 3597 30 27 by
430 3596 38 22 the
479 3597 54 21 Rev.
545 3598 90 23 Charles

47 3627 101 24 Atmore,

75 3653 130 22 Morrison's
214 3651 87 27 Family
312 3651 102 28 Prayers.

74 3679 116 27 Buns'an's
207 3677 120 29 PilgrimV
336 3679 111 26 Progress,
465 3678 132 27 beautifully
610 3678 15 22 il

44 3707 116 21 lustrated.

73 3733 112 23 Sermon's
194 3733 29 26 by
233 3731 63 27 Blair,
303 3731 46 23 and
359 3731 136 22 Whitefield.

74 3759 112 23 Bnchan's
197 3759 115 23 Domestic
323 3758 123 23 Medicine.

74 3786 111 25 Walker's
195 3786 158 27 Pronouncing
362 3785 137 27 Dictionary.

74 3813 135 23 Jamieson's
215 3813 132 26 Dictionary
354 3813 25 21 of
382 3812 143 24 Mechanical
536 3812 99 28 Science,

47 3843 60 24 Arts,
115 3841 179 25 -Manufactures,
306 3840 39 21 &c.
374 3841 15 20 2
398 3839 65 27 vols.,
472 3841 45 22 4to,

74 3867 173 28 Encyclopaedia
257 3865 127 24 Edihensis.
413 3868 13 20 6
436 3866 54 29 yols.

74 3894 191 27 Drawipg-Room
275 3894 70 27 Scrap
355 3893 62 22 Book
425 3893 43 22 for,
471 3895 60 21 1842.

75 3920 99 24 Matbew
185 3920 73 24 Wald,
282 3938 7 4 .
320 3938 2 4 .

75 3947 83 23 Close's
167 3947 189 27 Fara»lr.Pray«r.

75 3973 73 28 Gu/t
155 3973 94 28 spelling
258 3973 65 28 book,
334 3974 49 26 &c,
395 3973 49 27 &c,
459 3973 39 23 &c.
559 3980 5 3 *
582 3997 3 4 .
610 3984 4 4 -

1512 125 39 20 To
1565 125 60 24 Let,
1638 141 4 6 ,

1281 151 83 50 FOR
1378 151 54 23 such
1443 159 13 14 a
1467 155 56 18 term
1533 150 25 22 of
1563 158 65 20 years
1638 158 23 15 as
1677 158 51 19 may
1738 150 28 22 be
1780 151 90 28 agreed,

1349 181 38 24 on,'
1397 179 33 21 six
1440 185 62 15 acres
1519 177 65 27 along
1600 177 37 22 the
1648 177 45 23 Kai
1708 178 152 27 Warra-road,

1276 212 27 15 on
1314 205 87 22 Section
1412 206 43 21 No.
1465 207 20 24 4,
1502 205 24 21 in
1541 212 41 14 one
1599 211 26 14 or
1643 211 59 15 more
1715 203 51 23 lots.
1796 205 64 26 Also,

1274 231 88 22 wanted
1381 240 13 14 a
1413 234 123 20 contractor
1553 231 36 21 for
1608 230 100 27 building
1726 238 14 14 a
1754 231 107 22 weather-

1275 259 98 21 boarded
1387 259 76 26 house,
1481 257 53 22 with
1551 257 62 23 brick
1633 257 114 27 chimnies,
1763 264 29 15 on
1813 257 48 23 said

1274 285 93 22 section.
1396 285 76 28 Apply
1481 287 23 19 to

1466 311 48 21 Mr.
1529 311 153 26 Macdonald,
1694 311 43 21 Kai
1747 311 86 22 Warra.

1302 339 45 21 Kai
1358 338 84 26 Warra,
1455 337 54 27 July
1520 339 19 25 8,
1552 339 60 20 1842.

1423 382 39 21 To
1478 382 33 21 be
1526 382 66 20 Sold
1612 388 30 15 or
1655 383 56 20 Let.

1272 437 4 5 ,
1273 414 10 13 r
1289 414 78 33 |^WO
1380 414 101 22 Wooden
1492 414 95 26 Houses,
1598 421 30 14 on
1635 414 38 21 the
1678 414 183 29 Tinakore-road,

1284 436 33 25 A'
1350 441 38 22 the
1406 440 84 23 second
1509 447 48 15 acre
1576 441 58 21 from
1654 440 92 28 Captain
1763 441 92 22 Smith's

1319 468 130 26 containing
1462 468 51 21 four
1522 474 73 15 rooms
1604 467 46 22 and
1665 475 13 14 a
1691 474 98 21 passage,
1805 467 57 22 each

1276 494 52 22 with
1345 495 51 21 zinc
1414 495 68 23 roofs,
1508 493 44 22 and
1575 494 22 21 in
1624 501 66 20 every
1707 499 88 23 respect
1813 494 49 22 well

1276 521 100 22 finished.
1394 540 3 4 .
1404 521 79 22 Terms
1486 531 25 5 —
1512 520 24 22 If
1543 520 54 27 sold,
1609 520 60 23 £150
1680 521 33 22 for
1719 521 54 22 each
1780 521 70 22 house
1856 529 6 19 ;

1274 547 20 22 if
1305 548 37 26 let,
1354 548 31 22 £1
1397 555 39 19 per
1446 547 63 22 week
1519 547 34 22 for
1561 546 57 23 each
1626 547 78 22 house.
1731 548 75 28 Apply
1817 551 24 19 to

1666 581 74 22 James
1755 581 80 22 Watt.

1286 607 144 28 Wellington,
1439 608 59 22 Nov.
1508 607 34 27 27,
1552 609 60 21 1841.

1501 654 54 20 For
1568 653 71 23 Sale,

1276 686 93 50 THE
1384 687 145 22 COTTAGE
1543 687 95 21 situated
1649 687 22 22 in
1690 688 98 22 Oriental
1804 689 57 27 Bay,

1350 713 44 22 and
1410 713 68 28 lately
1488 713 104 28 occupied
1609 713 29 28 by
1650 715 36 21 the
1703 714 158 28 undersigned.

1276 741 20 21 A
1312 740 54 27 long
1383 740 59 22 lease
1460 741 27 21 of
1503 740 37 22 the
1556 740 83 22 section
1655 748 57 21 upon
1719 748 3 6 ■
1732 741 71 22 which
1825 742 37 21 the

1274 767 69 22 house
1353 767 76 21 stands
1439 767 44 21 will
1493 767 28 21 be
1530 767 103 27 granted.

1301 793 69 22 Town
1381 793 53 22 land
1444 793 44 22 will
1498 794 27 21 be
1535 793 65 23 taken
1611 795 23 21 in
1645 794 119 27 exchange.

1302 821 43 21 For
1354 820 84 22 further
1446 821 136 26 particulars,
1594 821 67 28 apply
1671 824 22 18 to

1597 852 96 23 George
1709 853 87 27 Duppa,
1803 868 3 9 ,
1811 861 26 14 or

1597 879 35 22 W.
1650 879 27 22 V.
1693 880 99 21 Brewer

1467 925 93 20 House
1575 925 29 20 to
1615 925 57 20 Let.

1276 959 51 47 A
1350 957 85 22 GOOD
1455 958 130 21 substantial
1604 958 77 27 house,
1702 958 50 22 with
1771 958 92 22 kitchen

1355 984 43 22 and
1410 984 135 27 out-houses,
1559 989 20 18 to
1589 985 32 21 let
1630 985 23 22 in
1663 986 199 21 Manners-street.

1277 1011 44 21 For
1328 1012 136 26 particulars,
1477 1012 65 28 apply
1555 1017 21 16 to
1588 1012 44 21 Mr.
1644 1012 119 22 BRE^vER's
1784 1012 77 22 Office.

1450 1062 108 21 Heifers
1572 1063 29 20 in
1617 1063 71 21 Calf,

1277 1088 89 48 FOR
1380 1088 85 25 SALE,
1477 1089 68 21 about
1560 1089 26 21 50
1596 1090 99 27 superior
1704 1089 56 22 bred
1771 1089 91 27 heifers,

1336 1118 58 18 most
1410 1115 25 21 of
1447 1115 61 21 them
1524 1115 72 27 heavy
1610 1116 23 21 in
1652 1116 49 26 calf,
1719 1117 44 21 and
1779 1116 85 27 having

1277 1141 55 22 been
1352 1148 61 15 some
1429 1141 54 21 time
1498 1142 23 21 in
1536 1142 35 21 the
1592 1142 93 27 Colony,
1703 1146 39 18 not
1756 1143 66 21 liable
1840 1148 23 17 to

1276 1169 67 21 surfer
1352 1168 56 22 from
1419 1168 36 21 the
1465 1168 77 22 effects
1552 1169 24 21 of
1589 1169 38 21 the
1643 1169 62 21 Toot.
1732 1169 48 22 The
1794 1170 70 21 above

1277 1195 66 22 cattle
1360 1202 40 14 can
1418 1195 26 21 be
1461 1195 100 27 strongly
1573 1195 181 27 recommended,
1772 1204 24 13 as
1810 1196 54 27 they

1277 1221 57 22 have
1350 1223 56 21 been
1424 1221 97 23 selected
1537 1223 54 21 from
1610 1223 37 21 the
1665 1230 117 14 numerous
1797 1223 67 21 cattle

1276 1248 60 29 ships
1345 1248 72 23 which
1428 1248 57 22 have
1502 1249 86 22 arrived
1602 1249 61 22 here.
1693 1249 73 28 Apply
1782 1254 22 16 to
1817 1249 47 22 Mr.

1277 1275 97 28 Revans,
1388 1277 86 19 Gazette
1484 1275 70 28 office,
1566 1284 24 14 or
1599 1280 23 18 to
1633 1276 44 22 Mr.
1689 1276 82 26 Hulke,
1782 1276 82 22 Evans'

1278 1303 54 26 Bay.

1305 1330 61 26 Also,
1377 1329 62 23 three
1448 1329 117 23 well-bred
1574 1338 74 14 mares
1653 1330 24 22 in
1687 1330 51 27 foal,
1750 1334 22 18 to
1782 1330 83 30 impor-

1278 1357 36 21 ted
1324 1357 82 22 horses.

1277 1402 65 26 Ship
1357 1402 82 21 Hotel
1455 1403 21 20 &
1491 1403 114 24 Tavern,
1620 1403 130 20 Manners
1766 1403 98 24 Street,

1427 1436 40 21 BY
1483 1435 83 23 JOHN
1582 1436 132 26 FULLER,

1278 1469 79 20 WINES,
1371 1470 93 19 SPIRITS,
1477 1470 46 14 AND
1534 1470 60 15 MALT
1605 1470 98 18 LIQUORS
1714 1470 151 15 OFSUPERIOR

1516 1497 107 15 QUALITY.

1351 1515 155 23 Commodious
1517 1524 73 14 rooms
1601 1517 51 22 with
1662 1516 57 28 good
1728 1517 61 21 beds.

1303 1544 94 20 Dinners
1413 1545 37 24 got
1471 1545 64 25 ready
1555 1550 24 14 on
1600 1545 36 20 the
1649 1545 90 20 shortest
1760 1545 76 20 notice.

1358 1578 31 14 AN
1400 1578 119 14 ORDINARY
1531 1579 68 14 DAILY
1611 1579 28 14 AT
1650 1573 13 20 2
1681 1571 101 22 O'CLOCK.

1420 1616 144 22 CHARLES
1580 1616 140 28 HARVEY,

1486 1644 100 24 Tailor,
1601 1644 56 24 &c,

1406 1670 113 26 Adjoining
1534 1672 74 23 Kumu_
1620 1672 51 20 Toto
1685 1672 54 26 Pah,

1495 1705 158 21 WELLINGTON,

1279 1724 109 49 BEGS,
1401 1727 22 18 to
1438 1728 78 18 return
1533 1725 81 21 thanks
1632 1730 23 17 to
1672 1726 37 22 the
1724 1728 80 25 gentry
1818 1726 47 21 and

1354 1751 75 28 public
1439 1752 23 20 of
1472 1751 58 23 New
1540 1752 100 22 Zealand
1650 1752 34 22 for
1692 1753 36 21 the
1736 1756 91 23 support
1837 1753 28 21 he

1277 1778 40 22 has
1333 1778 103 22 received
1449 1778 59 22 from
1526 1778 59 22 them
1601 1780 62 21 since
1677 1779 29 23 he
1721 1779 145 25 commenced

1277 1806 108 26 business,
1404 1805 43 21 and
1467 1805 29 21 he
1513 1813 86 15 assures
1616 1806 61 22 them
1695 1806 47 22 that
1757 1807 18 20 it
1793 1807 19 21 is
1830 1806 35 22 his

1277 1832 112 22 intention
1400 1836 22 17 to
1432 1832 108 22 continue
1548 1833 33 21 his
1597 1837 60 18 most
1671 1837 116 18 strenuous
1803 1840 53 15 exer
1864 1846 3 3 •

1278 1859 58 21 tions
1347 1864 22 16 to
1381 1860 64 20 merit
1454 1866 14 14 a
1477 1860 150 22 continuance
1637 1860 26 22 of
1670 1861 57 21 their
1735 1865 130 22 patronage.

1305 1887 23 21 C.
1340 1887 28 22 H.
1381 1886 60 22 takes
1458 1886 45 22 this
1524 1887 143 27 opportunity
1683 1887 26 22 of
1719 1887 82 27 stating
1818 1887 49 22 that

1277 1913 34 21 his
1321 1913 63 23 stock
1396 1913 92 23 consists
1499 1913 25 22 of
1536 1921 13 13 a
1557 1914 58 26 good
1627 1915 83 26 variety
1723 1914 25 22 of
1753 1914 112 27 superfine

1277 1940 79 27 cloths,
1367 1940 110 27 doeskins,
1495 1941 88 25 tweeds,
1600 1941 128 27 moleskins,
1740 1941 124 26 velveteen,

1277 1967 56 27 pilot
1347 1967 67 26 cloth,
1426 1968 39 21 &c.
1477 1968 49 26 &c,
1542 1967 43 22 and
1601 1968 35 21 his
1648 1968 91 27 charges
1751 1968 46 25 (for
1816 1969 49 19 cash

1277 1995 58 25 only)
1347 1994 121 22 moderate.

1470 2039 26 18 J.
1511 2039 39 19 M.
1566 2038 109 25 Taylor,

1292 2071 152 23 LICENSED
1469 2071 242 23 CUSTOM-HOUSE
1734 2072 116 28 AGENT,

1526 2106 28 14 TE
1570 2106 50 13 ARO.
1878 2109 3 9 i

1415 2146 88 20 Town
1520 2145 30 21 of
1563 2146 167 20 Manewatu.

1279 2180 92 49 THE
1394 2179 215 22 PROPRIETORS
1634 2179 26 21 of
1684 2180 39 21 the
1742 2180 61 22 three
1818 2181 49 22 first

1366 2206 88 22 choices
1470 2209 24 18 at
1504 2206 37 22 the
1559 2206 43 22 last
1616 2206 107 22 selection
1733 2207 26 21 of
1772 2213 94 22 country

1278 2234 70 26 lands,
1362 2234 84 26 having
1465 2233 138 21 determined
1617 2240 60 19 upon
1696 2233 37 22 the
1749 2234 39 22 site
1804 2235 34 21 for
1853 2242 14 14 a

1291 2260 94 23 TOWN
1401 2260 43 22 ON
1459 2260 65 22 THE
1541 2260 189 22 MANEWATU
1744 2261 106 27 RIVER,

1277 2288 58 22 after
1338 2289 80 19 several
1427 2289 59 19 visits
1496 2292 21 17 to
1527 2287 36 22 the
1574 2287 185 32 neighbourhood,
1771 2288 47 22 and
1828 2289 37 21 the

1278 2318 57 18 most
1354 2314 84 23 careful
1456 2314 46 22 and
1519 2314 84 22 minute
1623 2315 150 21 examination
1789 2316 27 21 of
1828 2316 38 22 the

1279 2348 70 16 eiitire
1365 2342 92 26 district,
1473 2341 67 22 aided
1556 2341 29 27 by
1594 2341 38 21 the
1649 2341 144 28 professional
1807 2342 58 27 skill,

1279 2369 137 26 knowledge,
1436 2369 47 21 and'
1495 2369 130 28 experience
1642 2368 25 21 of
1679 2368 37 22 the
1733 2373 57 17 most
1806 2377 60 15 com-

1279 2400 76 23 petent
1362 2396 87 27 judges,
1467 2402 94 21 propose
1577 2399 21 17 to
1615 2395 55 22 offer
1681 2395 33 21 for
1730 2395 102 29 disposal,
1844 2401 23 18 at

1429 2423 36 21 the
1477 2427 92 23 present
1579 2423 59 26 time,
1651 2422 67 22 about

1279 2449 219 23 TWENTY-FIVE
1533 2449 106 26 ACRKS,
1678 2449 36 22 IN
1750 2450 117 24 ALLOT-

1279 2477 113 26 MENTS,
1409 2477 85 22 EACH
1516 2476 40 22 OF
1581 2476 63 22 ONE
1665 2476 148 24 QUARTER
1827 2479 39 21 OF

1496 2503 44 21 AN
1557 2503 90 21 ACRE.

1305 2531 47 21 The
1362 2534 49 25 spot
1420 2530 50 22 thus
1480 2530 97 22 selected
1589 2537 111 20 possesses
1709 2530 36 22 the
1755 2536 58 18 most
1827 2540 39 14 ex-

1279 2558 90 22 tensive,
1378 2558 101 26 frontage
1494 2560 23 18 to
1535 2557 54 27 deep
1601 2562 69 17 water
1685 2557 27 21 of
1722 2564 42 21 any
1780 2566 28 15 on
1828 2560 37 22 the

1279 2586 64 21 river.
1374 2585 21 21 It
1413 2584 18 22 is
1449 2583 97 23 situated
1561 2585 47 26 just
1621 2587 23 18 at
1661 2584 48 22 that
1728 2587 61 25 point
1807 2586 59 22 from

1342 2612 71 22 which
1423 2618 14 14 a
1448 2611 52 22 road
1513 2609 70 23 would
1594 2611 83 21 branch
1689 2611 33 22 off
1728 2616 21 17 to
1761 2612 36 22 the

1279 2647 94 14 WOODED
1397 2646 47 14 AND
1465 2645 98 15 FERTILE
1584 2645 123 18 DISTRICTS,
1721 2646 75 15 ALONG
1820 2648 45 14 THE

1449 2672 56 14 BASE
1520 2672 27 14 OF
1562 2672 45 14 THE
1622 2671 78 21 HILLS,'

1279 2693 43 21 and
1335 2693 71 22 above
1418 2691 70 23 which
1500 2692 36 22 the
1552 2692 127 26 navigation
1695 2692 33 22 for
1737 2694 81 21 vessels
1827 2694 39 21 be-

1281 2728 73 14 comes
1365 2721 85 24 tedious,
1460 2719 24 26 if
1490 2721 36 19 not
1536 2719 94 26 difficult.
1660 2719 23 22 It
1688 2720 19 21 is
1714 2720 106 23 therefore
1828 2721 37 22 the

1478 2747 63 27 point
1552 2747 69 21 where
1632 2746 38 22 the

1281 2781 88 22 LAND
1385 2781 67 21 AND
1467 2779 115 23 WATER
1596 2781 161 21 CARRIAGE
1772 2781 94 23 MEET,

1281 2808 43 21 and
1336 2808 72 21 where
1418 2815 13 14 a
1441 2808 68 21 Town
1527 2815 60 14 must
1601 2815 29 14 be
1646 2815 90 15 formed
1754 2808 63 23 when
1829 2810 38 21 the

1281 2835 86 21 district
1380 2834 116 22 issettled.
1527 2834 22 22 It
1558 2841 43 15 was
1611 2835 98 21 selected
1724 2836 29 26 by
1764 2836 37 21 the
1815 2837 53 21 Sur-

1280 2862 75 27 veying
1441 2869 23 15 as
1476 2862 38 21 the
1523 2862 137 21 rendezvous
1669 2862 36 21 for
1720 2862 56 22 their
1790 2863 60 28 body
1860 2872 6 19 ;

1281 2889 40 21 and
1335 2889 39 21 has
1384 2889 57 21 been
1451 2896 50 14 now
1516 2888 76 28 found,
1602 2889 58 21 after
1671 2889 90 22 severalt
1771 2891 105 22 months''

1279 2916 104 26 location,
1397 2920 21 17 to
1432 2916 27 22 be
1469 2916 38 21 the
1518 2921 57 16 most
1589 2916 165 27 advantageous
1764 2917 103 28 position,

1281 2943 56 24 from
1355 2944 26 20 its
1399 2942 95 28 peculiar
1516 2943 84 27 facility
1615 2943 27 21 of
1653 2943 111 28 approach
1775 2944 54 22 both
1839 2945 28 27 by

1281 2968 53 23 land
1344 2969 43 23 and
1399 2975 73 17 water.

1309 2997 27 21 In
1348 2997 153 22 confirmation
1592 2997 131 27 superiority
1733 2997 25 22 of
1767 2997 43 22 this
1820 3001 50 24 spot

1281 3031 53 15 over
1343 3020 50 31 any'
1398 3023 62 23 other
1468 3029 39 22 yet
1517 3024 87 26 known,
1618 3023 37 22 the
1667 3025 89 21 Messrs.
1765 3025 103 27 Kebbell,

1281 3051 58 21 after
1356 3051 38 21 the
1415 3051 150 21 examination
1582 3051 25 21 of
1623 3051 41 23 the,
1679 3051 59 22 river
1754 3052 56 21 from
1831 3053 46 21 the.

1283 3077 88 23 Paneiri
1382 3077 47 23 Pah
1439 3082 22 18 to
1470 3078 30 21 its
1510 3077 84 27 mouth,
1606 3077 139 23 determined
1759 3086 28 14 on
1793 3084 76 19 .erect-

1521 3105 40 26 ing
1573 3103 57 23 their

1283 3138 66 22 SAW
1364 3138 80 23 MILL
1465 3138 232 22 IMMEDIATELY
1712 3138 157 24 OPPOSITE.

1282 3166 13 21 '1
1301 3166 28 22 he
1336 3181 2 5 ,
1348 3166 78 22 works,
1437 3164 25 23 of
1478 3165 50 21 that
1546 3164 176 23 establishment'
1731 3173 37 14 are
1787 3170 23 18 at
1827 3167 43 22 this

1284 3196 99 19 moment
1402 3192 23 22 in
1438 3192 65 27 rapid
1518 3199 107 20 progress,
1643 3192 44 21 and
1706 3192 38 22 the
1760 3194 110 27 proposed

1282 3220 68 22 Town
1362 3219 44 22 will
1416 3219 132 27 necessarily
1554 3219 92 27 partake
1652 3219 27 22 of
1684 3219 44 22 this
1731 3225 137 23 .aavautage.

1310 3248 49 21 The
1378 3246 91 22 nucleus
1485 3246 25 21 of
1527 3253 12 14 a
1558 3246 67 21 Town
1642 3246 26 26 is,
1679 3246 23 22 in
1717 3247 49 27 fact,
1778 3247 91 29 already

1283 3274 97 24 created,
1389 3274 30 26 by
1429 3273 36 22 the
1477 3272 165 22 concentration
1659 3273 25 22 of
1698 3273 38 22 the
1747 3274 124 29 Surveying

1284 3300 58 23 Staff
1348 3308 28 14 on
1387 3300 47 21 that
1445 3303 55 24 spot,
1512 3307 23 14 as
1545 3300 37 21 the
1594 3304 74 18 centre
1684 3300 26 22 of
1714 3302 156 22 -communica-

1284 3328 44 22 tion
1340 3331 23 18 to
1375 3328 36 21 the
1422 3326 148 28 surrounding
1580 3326 97 28 district;
1694 3327 37 22 the
1742 3329 95 21 erection
1848 3330 26 20 of

1284 3356 91 21 Messrs.
1386 3353 116 22 Kebbell's
1517 3354 54 22 Saw,
1583 3353 63 22 Mills
1663 3355 97 27 opposite
1767 3363 6 20 ;
1789 3356 29 27 by
1833 3356 37 22 the

1283 3384 172 24 arrangements'
1462 3380 34 22 for
1511 3388 29 14 an
1558 3381 113 22 extensive
1683 3382 104 25 General.
1792 3384 62 21 Store
1863 3391 5 19 ;

1284 3409 44 21 and
1340 3409 27 26 by
1376 3408 38 21 the
1424 3408 42 21 late
1476 3408 132 27 application
1617 3408 33 21 for
1660 3416 14 13 a
1679 3409 107 22 Licensed
1795 3410 75 22 House

1282 3443 29 14 on
1321 3435 41 22 the.
1367 3439 51 24 part
1427 3434 24 22 of
1463 3442 32 14 an.
1502 3434 123 22 individual
1641 3435 49 22 who
1705 3436 46 26 has,
1750 3444 3 6 1
1762 3437 61 21 since
1834 3437 37 22 the

1283 3463 118 21 formation
1409 3484 3 5 ,
1420 3462 23 26 of;
1448 3479 4 10 ,
1460 3461 36 22 the
1513 3462 91 26 Colony,
1622 3462 96 26 pursued
1734 3470 17 14 a'
1757 3464 122 22 -lucrative'

1284 3489 69 22 trade,
1358 3489 51 22 with
1420 3488 36 22 the
1467 3488 94 27 natives,
1573 3488 44 22 and
1629 3488 73 24 whose
1714 3489 128 29 knowledge
1849 3491 27 22 of

1282 3517 38 21 the
1330 3516 137 26 advantages
1476 3515 26 22 of
1509 3516 38 21 the
1558 3516 100 26 position,
1667 3517 115 27 prompted
1792 3517 47 23 him
1848 3522 24 18 at

1283 3551 56 14 once
1350 3549 23 15 to
1381 3543 74 27 prefer
1464 3542 49 22 that
1526 3542 141 27 application.

1310 3570 152 22 TheiNalives
1476 3569 30 27 by
1516 3570 73 21 whom
1604 3569 44 22 this
1658 3570 54 21 land
1724 3578 43 14 was
1777 3571 95 23 claimed

1276 3615 2 6 ,
1282 3604 44 16 are.
1331 3598 60 27 quite
1403 3596 108 28 prepared
1516 3601 26 20 .to
1552 3596 50 26 give
1608 3603 30 20 up
1644 3598 133 27 possession,
1784 3599 45 21 and
1835 3606 37 15 are

1282 3624 148 27 exceedingly
1439 3624 94 20 anxious
1547 3627 23 17 to
1584 3622 90 22 have.a,
1676 3624 116 29 European
1802 3633 77 20 popu-.

1282 3651 68 22 lation
1361 3657 83 20 among
1454 3650 67 26 them,
1533 3649 83 27 having
1633 3650 58 22 been
1700 3658 57 21 upon
1770 3652 36 22 the
1817 3658 57 16 most

1282 3678 97 28 friendly
1386 3678 86 26 footing
1483 3676 53 22 with
1545 3676 38 22 the
1596 3678 124 27 Surveying
1731 3679 57 22 Staff
1793 3679 81 28 during

1281 3705 39 22 the
1328 3705 52 22 four
1389 3712 25 14 or
1422 3704 43 22 five
1474 3703 91 22 months
1574 3703 53 27 they
1647 3704 58 22 huve
1722 3705 53 23 been
1786 3705 88 23 located

1281 3733 71 22 there.

1312 3759 33 22 As
1356 3759 36 21 the
1400 3758 139 27 Proprietors
1547 3764 95 21 purpose
1651 3761 23 18 to
1683 3758 87 27 dispose
1780 3760 26 22 of
1811 3761 40 21 but
1861 3768 13 14 a

1281 3783 87 25 limited
1383 3785 87 27 portion
1488 3785 27 21 of
1527 3784 46 27 the,
1579 3785 15 21 1
1599 3792 49 14 own
1664 3789 24 17 at
1704 3789 95 24 present,
1820 3787 52 28 they

1281 3813 80 29 pledge
1371 3812 133 22 themselves
1513 3811 55 27 that,
1580 3815 23 17 at
1611 3818 29 15 no
1660 3811 73 23 future
1743 3813 62 27 sales,
1817 3814 56 22 shall

1282 3842 38 21 the
1331 3840 130 22 allotments
1469 3839 27 21 be
1507 3842 40 23 put
1553 3846 30 19 up
1593 3841 23 18 at
1625 3846 13 14 a
1650 3836 45 24 Jess
1703 3846 50 16 sum
1762 3841 53 21 than
1825 3848 49 15 now

1283 3867 90 23 offered.

1309 3897 22 21 A
1351 3895 133 26 Prospectus
1503 3891 46 23 and
1568 3892 55 22 Plan
1644 3892 27 22 of
1686 3893 38 22 the
1742 3893 68 23 Town
1830 3895 44 21 will

1281 3921 87 30 shortly
1377 3921 28 22 be
1415 3920 68 28 ready
1491 3919 37 23 for
1536 3919 124 28 inspection
1676 3923 24 19 at
1711 3920 38 23 the
1759 3921 89 25 Officer
1851 3921 29 23 of

1282 3951 92 20 Messrs.
1386 3947 69 21 Waitfc
1463 3946 46 22 and
1518 3947 78 26 Tyser,
1606 3947 31 21 Te
1647 3947 55 22 Arc

1279 3991 7 4 .
1310 3972 223 27 WeHingtoorApril
1541 3973 35 25 22,
1587 3973 61 21 1542.

660 162 200 23 STATIONERY
875 161 195 23 WHOLESALE
1085 160 20 22 &
1121 160 124 23 RETAIL.

658 197 89 48 WE
770 196 44 27 beg
836 199 22 18 to
882 202 116 15 announce
1016 195 37 22 the
1075 194 89 27 arrival;
1187 194 59 21 from

755 222 111 28 England,
878 222 25 21 of
911 222 37 21 the
955 222 56 21 'first
1021 226 47 23 part
1078 221 25 21 of
1113 228 40 14 our
1168 224 78 19 exten-

660 249 45 23 sive
716 250 74 21 orders
798 249 23 22 in
833 249 49 21 this,
886 249 142 26 department
1037 248 25 21 of
1070 247 106 22 business.
1199 247 48 21 Our

659 276 63 22 stock
733 276 89 26 already
832 275 92 22 consists
940 275 25 21 of
977 282 66 19 every
1052 274 76 22 article
1143 273 103 28 required

659 302 34 23 for
708 303 96 26 Schools,
822 302 81 27 Banks,
921 302 86 25 Courts,
1024 301 55 22 Law
1095 300 87 25 Offices,
1201 300 45 22 and

660 329 88 27 Artists,
760 330 40 21 &c.
809 337 5 19 ;
832 328 72 23 whilst
914 328 36 21 the
966 327 138 24 ornamental
1115 326 44 22 and
1175 324 72 25 draw-

659 357 38 25 ing
710 362 61 15 room
787 355 122 27 stationery
925 355 39 21 has
979 358 40 18 not
1031 355 58 21 been
1105 353 140 23 overlooked.

659 381 48 23 The
718 382 126 22 difficulties
855 381 114 27 attending
978 381 38 21 the
1025 381 47 22 first
1080 379 168 23 establishment

659 409 81 27 having
750 409 58 22 been
824 415 122 20 overcome,
958 407 45 22 and
1013 414 66 21 every
1095 407 80 21 arrival
1189 407 57 21 from

660 435 104 28 England
783 435 84 27 adding
882 435 59 21 fresh
957 434 110 22 additions
1082 436 23 19 to
1120 440 40 14 our
1175 433 69 26 stock,

660 462 44 21 will
722 462 77 22 enable
815 469 26 14 us
851 464 21 19 to
889 461 80 22 reduce
987 468 40 14 our
1041 461 92 26 charges
1144 467 29 14 on
1188 463 59 19 most

660 489 87 21 articles
757 493 23 17 at
788 488 58 21 least
855 489 27 21 50
888 495 41 20 per
939 492 58 17 cent,

657 527 5 8 i
687 515 155 28 Storekeepers
861 515 42 22 and
922 514 117 22 wholesale
1058 513 85 22 dealers
1162 520 40 15 can
1217 513 29 21 be

660 542 101 27 supplied
777 546 22 17 to
814 549 44 20 any
868 544 84 23 extent,
969 541 44 21 and
1029 548 29 14 on
1075 544 67 18 terms
1158 539 89 29 equally

660 569 165 26 advantageous
835 572 23 18 to
868 576 42 20 any
919 567 106 23 obtained
1032 567 24 22 in
1067 567 97 27 Sydney;
1168 574 3 3 1

688 595 177 28 Writingpapei,

689 620 111 30 Imperial,

687 649 79 27 Royal,

687 676 115 27 Foolscap,
813 675 88 22 various
910 675 109 28 qualities,

687 703 72 26 Large
768 702 60 21 thick
838 706 55 28 post,
905 709 62 14 wove
977 701 46 22 and
1032 701 52 26 laid,

687 729 57 21 Thin
754 732 57 24 post,
821 729 64 26 ditto,

688 756 56 21 Fine
753 755 53 22 bath
817 760 56 22 post,
884 755 47 28 gilt.

687 782 89 22 Double
792 782 110 27 elephant,
919 782 148 27 antiquarian,
1082 780 108 29 imperial,
1202 779 44 23 and

660 809 64 27 royal
733 809 98 27 drawing
839 816 74 21 paper,

689 836 90 27 Oblong
789 836 91 30 clashed
889 835 167 22 memorandum
1067 834 76 27 books,

687 863 87 21 French
784 862 85 28 tracing
878 870 74 20 paper,

689 890 87 21 Ladies'
786 889 44 22 and
841 889 147 27 gentlemen's
997 888 53 23 card
1059 895 69 19 cases,

689 917 63 22 Ditto
822 916 35 22 do.
914 916 71 21 tinted
995 915 45 22 and
1051 914 117 23 embossed
1175 914 70 27 cards,

689 944 93 27 Sponge,
795 943 77 22 wafers
881 943 22 21 in
913 945 14 20 2
936 950 34 15 oz.
980 943 75 24 boxes,

689 971 67 22 Black
773 971 54 26 edge
848 970 45 21 and
911 969 116 27 bordered,
1047 969 64 21 letter
1130 968 46 22 and
1194 972 52 18 note

661 1004 73 20 paper.

688 1024 91 22 Invoice
788 1023 77 28 books,
875 1023 52 22 with
938 1023 99 27 indexes,
1049 1023 87 21 various
1147 1021 62 28 sizes,

689 1051 56 21 Cash
752 1051 78 26 books,
841 1051 63 21 ruled
914 1050 88 27 double,
1014 1050 88 21 various
1111 1050 62 25 sizes,

687 1077 131 27 Envelopes,

688 1104 85 22 Pewter
780 1104 122 27 inkstands;

688 1131 80 31 Ebony
776 1131 123 27 inkstands,
911 1130 53 23 with
973 1131 102 25 drawers,

688 1158 72 21 Broad
773 1158 42 21 and
827 1165 82 14 narrow
921 1165 67 20 green
999 1157 40 22 silk
1051 1157 85 26 ribbon,

689 1184 63 22 Brief
760 1184 44 22 and
815 1184 58 23 deed
881 1191 74 21 paper,

689 1212 72 21 Ruled
771 1219 68 20 paper
849 1212 33 21 for
893 1211 38 22 bill
940 1211 76 26 heads,

688 1238 72 27 Royal
776 1239 68 26 hand,
858 1238 81 25 double,
956 1238 60 21 hand
1032 1238 83 26 brown,
1133 1237 45 21 and
1187 1237 60 27 royal

660 1265 74 21 brown
747 1266 114 27 wrapping
870 1273 73 21 paper,

689 1292 99 27 Lodgers
798 1292 45 23 and
853 1296 95 19 account
957 1292 77 26 books,
1044 1291 89 22 various
1143 1291 62 26 sizes,

689 1319 83 22 Pocket
781 1320 87 27 ledgers
878 1319 43 22 and
931 1318 169 23 memorandum
1110 1318 77 26 books,

689 1346 119 26 Engraved
818 1354 56 20 copy
882 1347 53 27 slips
944 1346 45 22 and
999 1345 76 26 books,

689 1373 52 21 Best
751 1374 79 21 Welch
840 1377 72 22 slates,
923 1374 60 25 large
992 1372 45 22 and
1044 1372 73 27 small,

689 1399 73 23 Blank
773 1401 70 24 music
853 1401 76 26 books,

690 1427 102 32 Message
802 1430 72 25 cards,

689 1454 110 22 Coloured
810 1463 86 21 papers,

689 1482 70 26 Sugar
768 1489 87 21 papers,

691 1508 59 23 Note
760 1517 85 20 papers,

689 1536 92 28 Playing
791 1537 70 28 cards,
873 1538 109 22 coloured,
987 1537 45 22 and
1038 1536 52 28 gold
1098 1536 75 27 backs,

689 1564 61 27 Copy
760 1564 75 27 books,
853 1586 11 6 ,

689 1590 69 22 Black
768 1591 50 22 lead
827 1592 91 27 pencils,

689 1617 65 22 India
762 1618 90 27 rubber,
852 1621 3 11 1
863 1619 70 21 bottle
943 1619 44 21 and
1000 1621 85 25 patent,

689 1644 67 28 Ivory
766 1646 82 22 folders
858 1646 45 22 and
912 1646 86 26 knives,

689 1672 46 21 Pen
747 1672 85 26 knives,

689 1698 86 27 Rulers,
785 1700 84 26 pocket
877 1699 77 27 books,

689 1726 73 21 Blank
771 1726 52 22 bills
833 1727 25 21 of
867 1727 121 27 exchange,

689 1752 77 22 Letter
774 1753 46 21 and
829 1753 39 22 bill
881 1754 54 26 files,

690 1779 41 21 Ink
741 1780 44 22 and
794 1780 40 22 ink
842 1781 107 27 powders,

688 1806 76 22 Bibles
773 1807 44 22 and
827 1811 135 24 testaments,

689 1833 98 28 Spelling
795 1834 77 27 books;
883 1835 94 27 various,

689 1860 101 28 Primers,

689 1887 125 23 Children's
823 1889 71 21 books
903 1889 23 21 in
937 1891 63 25 great
1009 1888 93 27 variety,

651 1927 2 11 i
688 1914 73 22 Blank
773 1915 170 23 Custom-house
957 1915 77 27 forms,
1051 1915 35 21 for
1103 1915 143 26 auctioneers,

662 1941 45 22 and
717 1941 28 22 all
756 1941 38 23 the
811 1943 64 22 other
885 1942 171 23 Custom-house
1065 1943 69 21 forms
1144 1941 33 23 for
1188 1942 60 22 Mer-

662 1968 83 22 chants.

690 1996 116 26 Seamen's,
813 1996 99 22 advance
924 2000 70 18 notes.

690 2023 115 21 Seamen's
815 2023 88 21 articles
912 2023 26 21 of
944 2025 137 24 agreement.

689 2048 137 26 Log-books.

689 2075 73 23 Blank
772 2075 67 26 writs,
957 2091 4 9 ,

689 2102 145 22 Parchments
844 2102 35 22 for
905 2102 76 22 deeds.

689 2129 80 24 Quills.

690 2156 58 22 Ever
757 2155 90 29 pointed
858 2155 72 29 pencil
940 2163 61 15 cases
1010 2156 23 22 in
1042 2156 97 28 superior
1149 2155 99 23 German

663 2183 77 23 Silver.

690 2210 89 22 Lucifer
788 2211 75 21 boxes.

689 2237 77 22 Wafer
774 2241 89 24 stamps.

666 2282 173 47 WANTED
845 2287 3 4 '
855 2282 22 22 A
891 2282 204 22 SHEPHERD.—
1097 2282 36 21 No
1142 2289 41 15 one
1193 2282 56 21 need

745 2309 64 27 apply
820 2308 49 22 who
879 2308 40 23 has
934 2312 42 19 not
983 2310 58 21 been
1056 2308 95 28 brought
1159 2317 31 19 up
1200 2316 23 15 as
1236 2316 14 14 a

662 2335 123 29 Shepherd.
814 2336 77 29 Apply
900 2339 22 19 to

839 2370 35 22 W.
887 2371 91 27 Hulke,
990 2371 148 28 Cowpastures
1148 2371 74 21 Farm.

757 2422 92 20 Union
863 2423 80 20 Bank
957 2423 31 21 of
1004 2423 150 20 Australia.

663 2456 94 21 Lonijon
776 2456 92 26 Office,
886 2456 43 21 No.
997 2456 51 22 Old
1064 2457 185 22 Broad-street.

717 2488 92 27 Capital,
820 2489 122 26 £800,000;
964 2488 51 28 paid
1024 2496 37 20 up,
1077 2489 118 26 £500,000.

897 2526 109 13 DIRECTORS
1011 2527 6 12 !

768 2548 67 21 George
844 2548 112 21 FifeAngas,
965 2548 49 21 Esq.,

768 2569 67 17 Robert
842 2569 75 19 Brooks,
927 2569 49 20 Esq.,

767 2590 61 16 James
835 2590 49 17 John
892 2590 100 19 Cummins,
1001 2590 48 21 Esq.,

755 2622 2 5 ,
768 2611 67 16 Robert
842 2611 97 19 Gardener,
951 2612 48 20 Esq.,
1012 2611 122 20 Manchester,

767 2632 47 16 John
823 2632 46 16 Gore
888 2632 47 21 Esq.,

767 2653 47 16 John
824 2653 77 16 William
910 2653 75 18 Buckle,
991 2653 48 21 Esq.,

768 2674 95 20 Benjamin
870 2675 22 16 E.
899 2674 63 19 Lindo,
970 2674 48 21 Esq.,

768 2695 72 17 Charles
851 2695 73 16 Edward
932 2695 88 20 Mangles,
1028 2695 48 20 Esq.,

767 2716 116 20 Christopher
891 2715 82 20 Rawson,
983 2716 47 20 Esq.,
1042 2716 82 20 Halifax,

767 2737 78 16 Thomas
853 2737 64 20 Sands,
926 2737 48 20 Esq.,
982 2736 99 21 Liverpool,

767 2758 62 16 James
837 2758 55 20 Bogle
900 2758 64 18 Smith,
971 2757 48 21 Esq.,

768 2779 61 16 James
837 2778 80 17 Ruddell
923 2778 57 19 Todd,
988 2779 42 20 Esq.

662 2808 96 16 Trustees:
774 2807 82 16 George
867 2807 57 16 Carr
935 2806 61 19 Glyn,
1008 2807 50 20 Esq.,
1067 2807 54 16 John
1133 2808 61 19 Gore,
1204 2808 48 21 Esq..

809 2829 36 15 and
853 2828 66 16 James
926 2827 17 16 J.
951 2828 101 20 Cummins,
1055 2832 2 4 1
1062 2829 41 19 Esq.

690 2856 91 16 Bankers:
794 2855 76 17 Messrs.
877 2856 61 18 Glyn,
949 2855 115 20 Hallifax,
1072 2856 71 19 Mills,
1150 2856 37 16 and
1195 2856 31 18 Co.

783 2884 102 19 Secretary:
897 2884 83 16 Samuel
987 2883 94 20 Jackson,
1089 2884 44 21 Esq.

754 2911 80 17 Colonial
841 2911 103 21 Inspector:
956 2912 18 16 J.
982 2911 19 17 C.
1008 2912 103 19 M'Laren,
1119 2912 42 21 Esq.

785 2960 70 20 New
874 2959 122 21 Zealand
1014 2960 116 20 Branch.

663 2994 54 17 Local
724 2994 91 17 Directors
820 2999 5 10 :
841 2993 48 16 Geo.
900 2993 17 16 S.
929 2993 73 18 Evans,
1015 2994 49 21 Esq.,
1075 2994 65 17 D.C.L.
1157 2996 37 15 and
1206 2996 47 17 Geo.

885 3014 91 19 Hunter,
989 3015 43 19 Esq.

664 3041 95 21 Manager:
771 3041 48 15 John
828 3041 73 17 Smith,
908 3040 49 20 Esq.,
965 3040 37 16 late
1008 3041 21 15 of
1037 3041 31 16 the
1075 3041 119 18 Commercial
1201 3043 52 17 Bank

766 3063 5 10 *
832 3061 21 16 of
861 3060 89 21 England,
962 3061 122 17 Manchester.

774 3082 114 23 Branches
899 3086 23 17 at
937 3083 98 27 Sydney,

937 3109 90 22 Hobart
1035 3109 76 29 Town,

938 3136 149 28 Launceston,
1100 3137 44 22 and

938 3164 54 21 Port
1002 3164 80 28 Philip.

665 3192 52 21 Port
727 3190 131 28 Nicholson,
870 3190 79 23 March
960 3192 35 26 24,
1006 3192 62 21 1840.

665 3245 92 33 rpHE
773 3245 116 22 Directors
905 3245 26 21 of
947 3245 39 22 the
1002 3244 57 23 New
1074 3246 101 22 Zealand
1190 3247 65 22 Land

672 3267 29 27 JL
740 3272 118 28 Company,
870 3272 79 27 hereb}
971 3272 51 27 give
1039 3273 81 26 notice,
1138 3273 56 23 that,
1202 3274 52 28 they

665 3299 56 22 have
729 3307 113 14 effected
852 3306 29 14 an
893 3306 172 15 arranoement
1073 3300 51 21 with
1134 3300 36 22 the
1180 3301 73 22 Union

664 3326 65 22 Bank
743 3326 26 21 of
773 3323 138 29 -Australia,'
924 3326 44 21 No.
985 3327 33 26 38,
1034 3326 44 22 Old
1095 3326 158 29 Broad-street,

665 3351 105 29 London,'
777 3353 34 22 for
821 3352 37 22 the
1055 3354 26 21 of
1094 3361 13 14 a
1124 3354 129 23 BRANCH

665 3380 88 22 BANK
768 3380 41 25 IN.
817 3378 72 23 NEW
903 3379 164 28 ZEALAND,,
1075 3380 101 28 through.
1182 3382 71 22 which

664 3406 37 23 the
710 3407 110 22 business.
825 3407 32 25 of,
865 3406 38 22 the
920 3406 61 23 New.
994 3406 100 23 Zealand
1108 3407 67 23 Land-
1189 3409 66 21 Com-

665 3441 59 26 pany
733 3433 44 22 will
787 3434 27 21 be
825 3432 134 23 transacted.
988 3433 47 22 The
1051 3434 114 23 Directors
1182 3435 72 23 there-

665 3462 45 21 fore
721 3460 144 23 recommend
875 3464 23 18 to
915 3460 111 22 Colonists
1037 3460 42 25 ,the
1098 3461 75 22 Union
1189 3462 65 22 Bank

664 3488 26 21 of
708 3487 115 22 Australia
840 3494 25 15 as
883 3494 29 15 an
938 3487 170 22 establishment
1129 3490 126 27 possessing

665 3514 56 23 their
737 3514 71 23 entire
830 3514 139 28 confidence,
989 3514 45 22 and
1053 3514 49 23 able
1121 3519 23 18 to
1161 3516 93 28 provide

664 3542 133 27 effectually,
804 3541 37 22 for
856 3540 39 23 the
908 3541 105 22 financial
1029 3545 79 19 wants,
1116 3542 27 22 of
1154 3542 36 22 the
1207 3543 48 23 first

723 3594 7 11 T
831 3596 36 27 By
877 3595 66 22 order
951 3594 27 23 of
988 3595 37 22 the
1036 3596 80 27 Board,

884 3629 2 8 '
910 3629 85 22 JOHN
1009 3629 110 30 WARD,,
1129 3631 123 28 Secretary.

665 3656 57 24 New.
730 3654 103 24 Zealand'
840 3656 65 22 Land
915 3657 136 27 Company's
1060 3657 78 28 Office,

693 3689 18 22 1,
717 3688 166 26 Adam-street,
894 3688 105 27 Adelphi,
1010 3688 53 23 2?th
1073 3690 59 25 Aug.
1151 3690 61 22 1839.

668 3732 91 48 THE
781 3734 80 20 Nelson
884 3735 117 20 Examiner
1023 3735 44 21 and
1086 3737 54 19 New
1162 3737 93 21 Zealand

740 3759 118 22 Chronicle,
865 3761 127 25 (published
1001 3765 24 18 at
1034 3761 102 28 Nelson,)
1152 3762 19 23 is
1188 3771 66 21 regu-

658 3784 66 29 .larly.
740 3788 140 21 transmitted
890 3791 30 18 -to
936 3787 145 29 Wellington,
1100 3789 44 22 and
1159 3798 53 20 may
1226 3791 27 22 be

665 3812 43 22 had
719 3815 24 19 at
751 3812 38 22 the
799 3814 64 22 office
872 3815 28 21 of,
909 3814 44 22 this
961 3822 76 21 paper.

693 3838 47 24 The
749 3841 79 20 Nelson
836 3842 117 20 Examiner
969 3842 44 22 will
1022 3843 28 21 be
1060 3842 69 23 found
1140 3851 28 14 an
1180 3845 74 21 excels

665 3865 48 23 lent
721 3867 97 23 medium
830 3868 35 21 for
875 3868 131 22 advertisers
1124 3871 4 3 '
1246 3884 4 14 s

692 3893 78 23 Terras
780 3894 81 22 for-the
871 3901 74 22 paper,
955 3898 38 19 ten
1002 3895 101 28 shillings
1115 3904 41 21 per
1164 3901 99 26 quarter^

665 3920 94 28 payable
767 3921 23 22 in
801 3920 109 24 advance.
1254 3930 9 23 1

693 3947 83 27 Qrders
796 3949 36 22 for
851 3948 38 22 the
900 3956 80 20 -ppaperr
986 3967 7 5 r
1002 3949 44 22 and
1069 3944 193 29 advertiiemonts!

665 3974 136 26 ractivod.at
810 3975 38 26 th«
849 3990 11 15 0
858 3975 108 26 QfBt«:oi:
978 3974 135 30 tbii,p»p#jr.<
1138 3985 4 6 •
1159 3976 3 6 '
