3449 4562
89 186 76 24 From
177 185 41 24 Mr
230 184 66 26 John
308 184 117 33 Sharplin
437 192 26 17 re
472 184 120 26 excessive

56 229 125 27 valuation
193 229 25 25 of
228 229 41 25 his
280 229 124 33 property.
449 227 85 26 Board
545 228 47 25 had

56 281 32 18 no
99 281 82 24 power
191 275 27 23 to
230 272 120 26 interfere.

89 317 54 25 The
160 316 199 32 Poundkeeper's
381 316 84 32 report
486 323 50 19 was
555 324 37 17 re-

56 361 91 27 ceived.

208 405 104 24 Tenders
323 404 118 31 accepted.

90 448 25 25 J.
134 447 94 31 Askew,
247 448 51 23 £10
315 446 38 25 for
371 446 151 25 Woodstock
539 448 53 23 cut-

58 493 60 31 ting.

90 536 30 25 A.
140 535 73 31 Sirei,
232 536 34 24 £3
284 535 38 25 4s.
340 534 40 25 Od.
399 533 36 25 for
454 533 49 25 No.
517 535 57 24 674.

92 579 40 25 W.
150 579 86 30 Davis,
256 579 54 24 £28
329 579 35 23 os.
383 577 40 25 Od.
440 577 38 24 for
489 576 103 26 Booth's

55 624 98 31 Bridge.

89 668 125 24 Accounts
225 669 26 21 to
270 666 43 24 the
325 666 105 24 amount
449 664 27 24 of
489 665 51 23 £98
552 665 37 23 4s.

57 711 39 24 3d.
114 718 64 16 were
188 708 90 32 passed
288 708 37 24 for
337 708 126 31 payment,
482 707 49 24 and
549 708 41 23 the

56 754 110 31 meeting
178 751 155 27 terminated.

105 915 137 24 ASHLEY
266 913 119 26 GORGE
403 912 136 26 DOMAIN

259 968 123 25 BOARD.

89 1050 61 24 This
161 1049 83 25 Board
261 1048 60 25 held
338 1047 66 26 their
414 1047 55 24 first
480 1047 109 30 meeting

56 1097 25 22 at
101 1094 42 24 the
165 1092 93 25 Oxford
280 1091 71 25 Road
372 1090 84 25 Board
467 1088 69 27 office
556 1097 33 17 on

58 1137 50 25 Gth.
120 1136 61 28 ipst.
225 1136 102 24 Present
338 1134 40 25 Mr
390 1133 110 25 Thomas
512 1133 77 24 Harle

58 1180 156 33 (Chairman)
229 1179 49 24 and
289 1177 35 25 all
336 1178 43 24 the
390 1177 131 24 members.

88 1223 51 24 The
165 1222 122 31 Surveyor
318 1228 49 17 was
401 1219 136 25 instructed
563 1221 25 22 to

56 1266 177 25 communicate
261 1264 61 25 with
345 1264 43 25 the
416 1263 94 31 Survey
538 1262 48 24 De-

54 1311 134 32 partment,
208 1309 60 25 with
287 1317 14 16 a
324 1308 61 26 view
405 1306 26 26 of
447 1306 79 32 fixing
546 1305 44 26 the

56 1355 145 25 boundaries
213 1353 25 25 of
245 1353 42 25 the
296 1352 113 24 Reserve.
428 1351 53 23 The
490 1351 100 30 Ranger

56 1397 113 32 reported
191 1397 54 24 that
256 1396 33 24 he
311 1395 48 24 had
379 1394 58 31 kept
449 1401 33 16 an
502 1401 43 23 eye
557 1400 33 17 on

56 1442 42 24 the
110 1448 94 17 reserve
223 1439 50 24 and
291 1446 34 17 no
336 1438 103 30 damage
456 1437 51 24 had
529 1437 61 24 been

56 1485 63 24 done
129 1489 25 19 to
167 1484 42 24 the
225 1482 97 28 timber,
341 1482 66 24 since
427 1480 43 25 the
489 1480 100 24 Notices

55 1527 49 25 had
117 1527 62 24 been
190 1525 85 32 posted
287 1532 33 17 on
331 1525 44 23 the
386 1524 103 31 ground.

90 1571 25 23 It
200 1567 100 26 decided
319 1569 24 22 to
364 1567 68 24 fence
452 1567 48 24 and
519 1567 72 30 plant

56 1614 43 24 the
129 1612 94 32 ground
246 1619 28 16 as
297 1618 61 17 soon
383 1618 26 16 as
432 1609 74 24 funds
529 1616 62 17 were

56 1656 127 28 available,
202 1653 49 26 and
273 1654 39 24 Mr
331 1652 85 32 Lugar
427 1659 46 17 was
492 1651 98 24 author-

56 1700 53 24 ised
121 1701 25 23 to
169 1699 92 24 receive
281 1696 177 31 subscriptions
478 1694 37 25 for
535 1694 57 25 that

57 1750 114 24 purpose.
216 1765 70 6 .....
392 1753 3 17 :
434 1743 54 23 '•:■•••

90 1831 52 24 Our
165 1829 97 25 readers
285 1828 49 25 will
358 1827 29 26 be
404 1827 58 32 glad
473 1830 37 22 ;to
522 1825 74 26 leta'

55 1874 65 24 from
132 1873 43 24 the
187 1873 75 25 above
273 1873 82 30 report
374 1871 56 24 that
447 1870 43 25 the
508 1869 83 26 Board

55 1918 26 22 m
94 1917 81 23 whose
191 1916 82 24 hands
285 1915 50 23 this
346 1913 121 29 beautiful
477 1913 114 31 pleasure

54 1961 80 25 resort
154 1960 21 23 is
197 1959 91 29 vested,
289 1963 17 26 -^
313 1959 74 24 Mean
398 1967 2 4 ■
412 1957 111 25 business
542 1956 49 24 and

54 2003 86 26 intend
153 2005 23 22 to
189 2003 72 25 make
281 2002 43 24 the
335 2001 107 33 grounds
461 2000 50 25 still
522 2008 74 22 more/

55 2047 121 25 beautiful
192 2048 49 23 and
452 2049 3 6 '
588 2060 3 7 <

87 2091 82 30 Every
195 2098 69 21 man,
292 2084 100 32 Tvomdii
417 2088 47 25 atid
483 2082 63 31 ciiiid
565 2086 26 25 m

54 2136 43 25 the
109 2135 96 25 district
217 2135 64 24 have
299 2142 14 16 a
325 2133 71 25 share
407 2133 27 24 m
452 2133 50 24 this
520 2133 72 26 beau-:

54 2180 59 24 tifui
134 2178 114 32 pleasure
268 2179 86 27 resort,
379 2176 49 25 and
448 2184 32 17 an
504 2176 87 32 appeal

54 2226 26 22 to
99 2223 69 25 them
191 2222 48 26 for..
243 2221 82 27 ionds
346 2222 39 24 to.
393 2220 110 31 improve
527 2219 64 25 theic

54 2275 36 16 ow
94 2275 14 15 n
120 2267 123 31 property.,
246 2263 89 28 should
346 2265 49 28 no,t
398 2283 3 4 ,
406 2263 30 25 be
438 2283 5 15 ;
447 2263 28 26 m
490 2263 57 25 vain
550 2280 6 7 .
586 2270 3 28 j

48 2326 3 6 -
70 2330 3 1 .
88 2310 46 28 Mr.
156 2309 134 31 Lugar^is
309 2302 217 43 •.in^harge-^
543 2298 50 40 jth4

54 2353 163 31 subscription
230 2352 51 31 list,
305 2352 50 23 and
371 2350 49 26 will
439 2354 31 21 Jbe
482 2350 57 32 glad
564 2349 26 38 tcj

52 2397 100 27 3-eceive.
169 2396 130 24 donations
322 2395 66 24 from
408 2401 15 17 a
443 2401 81 29 per^ny
524 2401 10 14 -.
548 2391 46 34 up(

54 2441 88 28 wards,
153 2439 73 32 ..and
248 2438 62 32 any;'
321 2437 74 25 small
412 2438 70 24 siims
501 2436 45 26 left
565 2432 26 38 ai|

134 2483 68 24 office
225 2481 57 26 will-
298 2479 30 27 be
347 2476 60 37 duly
408 2504 2 5 :
429 2480 108 25 credited
557 2488 32 17 on

109 2811 482 12 EGYPT

109 2822 112 1 AND
258 2822 111 1 THE
406 2822 185 1 NILE.

87 2884 20 23 A
114 2884 54 23 .-few-
187 2882 73 32 yards
271 2882 109 30 farther^
388 2882 57 29 still}
464 2882 124 32 and-they

52 2936 12 15 b
67 2927 55 24 tood
127 2933 38 21 <Q;n
167 2949 7 6 r
172 2926 49 28 .t;he
233 2925 172 31 threshold,;©^
414 2934 20 22 a,
438 2944 5 14 ;
447 2925 141 32 sepulchral

52 2970 113 24 chamber
177 2969 183 32 lileraUy^piled
374 2972 25 22 to
410 2969 44 24 the
466 2968 53 26 roof
522 2992 2 3 .
526 2968 70 25 with.,

53 3013 146 31 sarcophagi
208 3013 29 26 .of
247 3020 132 21 enormous
392 3013 59 25 size.
472 3012 116 26 Brilliajat

53 3058 60 23 with
120 3057 96 31 gilding
228 3057 49 24 and
289 3057 92 29 colour,
400 3055 188 31 an&ashighly

51 3100 133 24 ■varnished
206 3108 27 16 as
249 3100 22 23 if
282 3099 43 24 but
334 3112 3 11 ;
345 3099 130 32 yesterday
496 3098 104 25 turned.,

53 3146 42 21 out
116 3144 64 24 from
201 3144 40 23 the
253 3142 149 31 workshops.
409 3142 39 24 of.
454 3142 43 24 the
510 3142 77 24 Metn-

54 3188 113 26 nouium,
205 3187 43 24 the
274 3186 155 24 decorations
459 3185 27 25 of
520 3186 70 23 these

53 3231 86 24 co'iins
151 3230 99 25 showed
262 3229 70 25 them
346 3231 25 23 to
390 3229 91 31 belong
499 3231 25 23 to
545 3228 43 25 the

54 3274 83 31 period
152 3274 26 23 of
192 3274 42 23 the
245 3274 124 23 Pinotems
381 3274 50 23 and
442 3273 146 24 Pinankhis.

88 3318 66 24 Here
187 3325 51 16 was
266 3317 78 30 fpund
374 3316 84 30 Queen
487 3317 102 23 Notem-

54 3362 76 29 Maufc,
161 3361 55 25 wife
245 3361 27 23 of
297 3360 128 28 Her-Hor,
461 3359 43 26 the
538 3360 52 24 first

55 3405 158 31 Priesfe-King
233 3404 25 24 cf
268 3404 43 25 the
323 3403 132 26 Amendite
475 3403 113 32 dynasty.

57 3448 66 23 Hera
136 3448 38 29 lay
187 3446 67 31 King
266 3446 116 24 Pinotem
395 3446 31 29 1.,
439 3446 67 31 King
515 3446 74 24 Pino-

58 3493 49 20 tem
132 3489 45 24 11..
203 3489 86 30 Qu°en
309 3488 110 29 Makara,
439 3488 84 30 Queen
544 3488 46 25 Isi-

58 3532 132 28 oui-Kheb,
224 3532 89 24 Prince
351 3532 49 24 and
428 3532 162 31 High-Priest

60 3575 138 29 Masahirti,
212 3575 114 25 Princess
339 3575 188 30 Nasi-Khonsu,
541 3575 50 25 and

59 3619 82 24 others
158 3618 26 25 of
203 3619 41 25 the
264 3627 66 17 same
350 3619 104 32 lineage.
498 3619 92 31 Every-

60 3663 79 30 thing,
158 3662 27 24 m
209 3662 77 28 short,
304 3666 66 21 went
391 3664 23 23 to
437 3671 74 23 prove
535 3662 56 25 that

59 3707 49 24 this
120 3706 118 24 chamber
255 3713 49 17 was
324 3706 43 24 the
378 3706 86 31 family
486 3707 70 25 vault
567 3706 26 24 of

60 3751 25 23 of
97 3750 42 24 the
161 3749 158 26 descendants
332 3750 26 25 of
379 3750 127 30 Her-Hor,
527 3751 62 28 who,

61 3794 38 23 for
116 3801 69 16 some
196 3801 88 16 reason
296 3793 27 24 of
342 3793 155 32 expediency,
511 3794 79 24 would

59 3845 62 17 seem
144 3841 24 20 to
181 3836 62 25 have
261 3836 72 32 given
345 3836 138 32 sepulchral
503 3837 86 32 hospi-

59 3881 70 32 tality
142 3883 26 22 to
181 3880 62 24 their
254 3880 167 31 predecessors
440 3880 27 25 of
476 3881 115 31 foregone

59 3925 69 24 time.

92 3969 35 24 To
139 3970 141 23 enumerate
288 3966 34 26 all
330 3967 43 26 the
384 3968 122 25 treasures
513 3967 78 25 found

58 4014 26 22 m
96 4013 51 24 this
169 4012 118 24 chamber
299 4012 79 24 would
401 4013 28 23 be
441 4013 25 23 to
490 4012 69 24 write
577 4019 19 17 a,

60 4057 154 30 supplement
237 4057 26 23 to
287 4055 42 24 the
356 4055 129 31 catalogue
503 4055 25 25 of
549 4054 42 25 the

59 4101 94 24 Boolak
164 4101 125 23 Museum.
324 4099 109 31 Enough
452 4098 57 25 that
530 4099 61 24 each

60 4143 108 25 member
187 4143 27 25 of
231 4142 43 25 the
294 4141 121 26 Amenide
431 4141 92 32 famil/
543 4149 49 17 was

60 4187 84 25 buried
172 4187 58 25 *vith
258 4186 43 26 the
323 4186 115 32 ordinary
466 4188 126 29 mortuary

59 4232 79 29 outfit,
168 4231 137 30 consisting
332 4230 28 25 of
379 4237 79 21 vases,
488 4229 104 25 libation

59 4276 57 31 jirs,
134 4275 98 25 funeral
243 4275 125 27 stotuetts,
381 4275 46 23 etc.
462 4272 93 25 Richer
566 4273 25 24 m

60 4320 68 24 these
147 4320 81 24 other-
231 4318 77 25 world
331 4318 75 31 goods
425 4317 62 24 than
507 4325 48 23 any
567 4316 27 25 of

60 4363 42 24 the
128 4365 51 23 reit
207 4370 50 17 was
297 4361 85 29 Queen
410 4360 179 29 Isi-em-Kheb,

59 4406 120 31 daughter
195 4406 27 25 of
231 4406 87 24 Prince
331 4403 133 26 Masahirti
475 4403 50 25 and
536 4403 55 25 wile

59 4452 25 23 to
112 4450 44 25 her
184 4450 81 30 uncle,
305 4448 67 32 King
398 4445 190 33 Menkheperra.

57 4491 99 27 Besides
179 4492 127 28 statuetts,
328 4490 106 25 libation
448 4489 63 31 jars,
540 4489 50 25 and

622 194 41 26 the
691 194 59 30 like,
786 194 43 24 she
848 201 51 17 was
919 190 118 34 provided
1058 189 63 26 with
1144 196 15 17 a

622 240 151 31 sumptuous
795 238 98 25 funeral
912 245 90 24 repasp,
1020 234 139 32 consisting

621 284 26 24 of
669 282 95 32 gazelle
786 281 138 28 haunches,
953 280 98 25 trussed
1078 287 79 24 geese,

621 327 89 26 calves'
739 326 86 30 heads,
855 325 69 25 dried
954 332 97 24 grapes,
1080 323 77 28 dates,

621 370 136 33 dom-palm
785 371 69 29 nuts,
889 368 50 25 and
961 368 43 25 the
1028 367 58 27 like,
1116 367 42 25 the

621 417 80 23 meat?
710 414 75 30 heing
797 412 153 25 mummified
962 412 49 23 and
1022 410 134 31 bandaged,

620 458 50 24 and
681 457 44 24 the
736 455 78 26 whole
835 455 95 32 packed
941 455 25 23 m
979 462 15 16 a
1017 454 69 30 large
1097 454 60 23 rush

620 501 113 30 hamper,
763 499 83 25 sealed
868 497 61 26 with
952 497 45 24 her
1020 496 137 25 husband's

620 544 129 25 unbroken
769 544 59 24 seal.
872 542 53 25 Nor
936 549 47 18 was
1006 541 46 24 her
1070 541 87 31 sepul-

619 588 70 24 chral
700 587 68 25 toilet
778 586 132 32 forgotten.
947 585 67 25 With
1027 584 45 24 her
1093 591 63 17 were

619 630 77 25 found
718 630 46 24 her
786 630 124 25 ointment
930 628 98 29 bottles,
1047 635 14 17 a
1074 628 37 24 set
1131 626 27 25 of

619 674 124 24 alabaster
761 680 68 23 cups,
859 679 69 17 some
951 671 94 31 goblets
1068 671 26 23 of
1114 677 40 16 ex-

619 716 90 32 quisite
721 715 140 32 variegated
870 714 75 32 glass,
964 713 50 24 and
1026 721 15 16 a
1052 713 102 24 rcarvei-

618 760 56 24 lous
686 758 132 26 collection
829 759 27 23 of
867 757 66 31 huge
945 756 128 25 full-dress
1084 755 69 31 wigs,

618 803 83 25 curled
720 802 52 24 and
782 801 111 28 frizzled,
912 801 50 23 and
974 799 107 25 inclosed
1094 798 61 25 each

618 847 27 24 m
657 854 15 17 a
684 847 112 29 separate
807 843 96 26 basket.
939 843 35 25 As
983 843 44 24 the
1037 842 57 25 food
1107 849 48 17 was

618 889 134 26 entombed
763 889 60 24 with
832 888 41 23 her
884 887 38 24 for
929 887 44 24 her
980 885 173 27 refreshment,

618 942 26 16 so
664 941 64 17 were
740 932 71 24 these
828 931 88 31 things
928 929 127 32 deposited
1072 929 27 24 m
1111 929 43 24 the

618 984 75 23 grave
703 976 38 23 for
763 974 44 24 her
830 981 44 17 use
886 972 50 25 and
958 973 148 24 adornment
1129 972 26 23 at

618 1019 56 25 that
697 1024 115 25 supreme
835 1017 64 25 hour
917 1016 27 24 of
968 1016 85 30 bodily
1073 1022 81 17 resur-

619 1061 90 26 rection
732 1061 74 24 when
818 1060 43 25 the
882 1059 114 32 justified
1016 1057 70 30 dead,
1105 1057 48 28 fed,

618 1104 107 29 clothed,
776 1103 135 32 perfumed,
953 1103 50 25 and
1031 1101 123 28 anointed,

618 1148 90 26 should
731 1155 32 24 go
782 1148 68 24 forth
872 1147 65 24 from
959 1146 43 25 the
1025 1144 130 32 sepulchre

617 1193 54 23 into
683 1190 149 31 everlasting
847 1190 56 31 day.

651 1235 54 24 The
727 1235 52 23 rest
797 1234 26 24 oi
845 1233 61 24 this-
920 1233 102 29 strange
1042 1232 67 30 story
1132 1230 22 24 is

618 1286 62 18 soon
693 1278 60 25 told.
789 1277 115 25 Without
926 1275 52 25 loss
989 1274 27 25 of
1034 1282 34 16 an
1085 1277 8 20 I
1101 1282 53 20 our,

614 1322 70 25 •Herr
705 1320 66 26 Etnil
788 1318 113 33 Brugsch
920 1318 134 33 proceeded
1072 1320 26 23 to
1118 1325 37 17 re-

618 1373 71 17 move
712 1365 41 23 the
774 1365 119 24 treasure.
935 1369 3 6 :
940 1362 79 24 Three
1042 1360 113 25 hundred

618 1409 80 24 Arabs
710 1415 63 17 were
785 1405 149 26 summoned
953 1405 64 25 from
1030 1405 42 25 the
1084 1412 71 17 near-

619 1454 36 23 est
674 1451 111 31 villages,
804 1451 49 24 and
865 1449 72 24 those
960 1448 69 25 three
1040 1447 115 24 hundred

618 1494 111 31 working
740 1501 27 17 as
778 1496 3 3 '
788 1493 79 26 Arabs
879 1500 47 17 can
947 1491 75 29 work,
1049 1491 112 27 without,

618 1541 60 26 rest,
696 1538 104 24 without
813 1537 73 30 sleep,
905 1536 108 30 through
1025 1535 42 25 the
1078 1535 74 24 burnr

619 1584 43 30 ing
690 1582 60 30 days
779 1581 50 24 and
853 1581 78 29 sultry
959 1579 88 30 nights
1070 1577 26 25 of
1122 1585 32 16 an

619 1624 127 33 Egyptian
759 1623 67 31 July,
846 1624 44 22 not
902 1622 58 31 only
983 1619 134 26 succeeded
1129 1619 25 24 m

619 1666 147 33 completely
778 1666 109 30 clearing
898 1666 44 23 out
953 1664 42 25 the
1005 1664 114 24 contents
1130 1662 27 25 of

621 1712 42 27 the
691 1710 94 31 hiding-
790 1710 80 31 place,
886 1708 90 26 within
1009 1706 147 32 forty-eight

620 1755 83 31 hqurs,
722 1752 45 27 but
785 1754 28 25 m
823 1755 49 24 five
882 1753 68 32 days-
963 1751 64 26 from
1040 1750 43 25 the
1096 1750 60 25 time

620 1800 73 26 when
713 1798 64 25 MM.
790 1798 112 31 Brugsch
982 1794 86 25 Kernel
1091 1802 64 19 were

619 1844 57 26 first
686 1842 104 26 lowered
802 1841 73 25 down
886 1840 43 25 the
949 1838 76 30 shaft,
1035 1837 59 33 they
1106 1837 51 25 had

620 1887 93 32 packed
724 1887 42 25 the
777 1884 117 30 whole.pf
903 1884 45 24 the
959 1883 93 32 objects
1065 1882 27 25 m
1112 1882 44 25 sail

611 1931 76 26 :cloth
699 1930 51 25 and
765 1929 119 29 mattingy
898 1927 97 28 carried:
1001 1926 71 26 them
1084 1925 73 25 down

614 1981 89 20 .across
714 1972 44 26 the
769 1972 70 32 plain
851 1971 27 26 of
887 1971 105 28 Thebes,
1016 1969 50 26 and
1077 1969 80 26 rowed

621 2018 64 25 them
698 2023 57 18 over
775 2017 27 23 to
824 2016 93 27 Luxor,
935 2014 170 25 in'readmes3
1120 2013 37 24 for

616 2059 196 27 •cmbarkaddon...
828 2074 9 9 v
851 2071 61 14 ■;-■:.,
913 2070 78 16 •■■-.tr--::.
997 2072 59 14 -:•.,•:;
1080 2072 47 5 —
1155 2068 8 11 :-

632 2117 5 3 -
656 2104 75 27 Some
743 2103 26 25 of
792 2102 137 32 the-larger
946 2100 154 32 sarcaphagi,
1125 2103 33 38 asj

620 2148 36 25 for
663 2146 12 13 v
675 2144 131 30 insta"iiceV'
814 2147 73 24 those
910 2145 38 24 of-
957 2141 95 33 Queen.
1066 2144 92 26 Ahmes,

619 2191 127 26 Nofretari
757 2192 49 22 and
817 2190 89 24 Prince
918 2188 150 27 Masahiriti,
1093 2194 62 17 were

619 2236 28 24 of
656 2235 61 25 such
742 2234 109 31 superior
877 2239 133 18 enormous
1034 2231 50 24 size
1107 2230 48 25 and

620 2279 100 32 weight-
731 2273 55 30 tiiat
806 2277 28 25 it.
845 2277 3 8 :
852 2275 64 27 took
929 2276 102 27 .sixteen,
1052 2282 58 18 men
1131 2275 24 23 to

610 2326 4 3 '
621 2331 76 17 move.
704 2322 81 24 them..
786 2336 28 6 -•—
828 2320 66 32 Only
915 2320 72 24 those
997 2319 64 24 -who
1084 2319 71 24 know
1162 2329 2 3 -

621 2367 40 25 the
671 2366 77 31 place,
764 2364 42 26 the
817 2364 107 29 climate,
936 2362 51 26 and
999 2362 42 25 the
1054 2362 101 31 scarcity

619 2413 28 24 of
654 2410 159 26 mechanical
823 2409 155 31 -appliances.
983 2408 27 24 in
1021 2406 134 33 provincial

619 2456 84 32 Egypt
722 2462 55 17 can-
788 2454 141 31 appreciate
936 2470 4 4 .
948 2453 52 24 this
1015 2451 144 33 'statement

619 2502 27 24 at
656 2500 33 25 its
700 2499 52 25 full
766 2498 81 25 value;
877 2497 144 25 ..Professor;
1033 2489 126 40 Maspero'j

619 2545 27 24 m
654 2543 152 25 Iris-address
818 2546 29 20 to-
856 2541 44 25 the
909 2536 115 29 Oriental
1034 2539 125 35 Cbngressj

620 2590 26 23 at
659 2587 98 25 -Berlin
761 2605 6 11 ,
772 2587 20 20 >
797 2586 12 32 f
809 2583 152 33 September,
987 2582 67 27 1881
1060 2581 18 36 ,)'
1107 2578 52 35 and]

618 2628 122 37 agaih-'tfri
830 2629 89 25 o'€?cfftl
948 2630 83 30 report
1060 2632 25 21 to
1115 2627 44 26 the:

619 2676 116 25 Minister
746 2675 25 25 of
783 2674 89 26 Public
890 2673 154 26 Instrrictitin
1058 2672 100 31 (1882),:

619 2721 39 24 tak
663 2727 31 17 es-
713 2720 112 23 occasion
830 2726 6 5 -
840 2727 5 3 -
850 2720 50 23 tefr°
902 2717 104 31 warmly
1114 2715 43 24 the

619 2771 98 23 energy,
760 2761 163 32 vigilance,-—
934 2758 50 26 iirrd
1002 2764 6 17 \
1016 2758 141 25 endurance

617 2807 128 32 displayed
767 2818 5 3 •
783 2804 155 31 throughout
953 2811 2 5 •
966 2803 51 25 this
1044 2799 111 27 'difficult

618 2850 137 32 enterprise
767 2849 33 32 by
811 2849 69 24 Herr
982 2847 112 30 Brugsch
1108 2845 49 24 and

619 2894 99 25 Shrned
729 2893 101 24 Effendi
1007 2889 43 13 T'"
1073 2893 5 5 '
1105 2898 7 9 '

652 2938 61 24 The^
712 2947 5 8 ;
720 2938 126 23 -steamers
1040 2933 51 24 had
1112 2934 44 23 not

618 2983 41 29 yet
679 2980 109 28 arrived,-
802 2978 50 25 and
874 2978 37 24 for
930 2977 70 25 three
1024 2976 60 30 days
1107 2975 48 24 and

618 3022 148 34 nightg'jthe
789 3027 116 19 rruseuin
921 3020 106 25 'officials
1047 3018 109 31 guarded

618 3067 65 25 their
694 3066 149 24 treasure'iff
852 3065 42 24 the
910 3064 73 24 midst
995 3063 28 25 of
1032 3071 13 15 a
1067 3061 88 25 hostile

618 3107 155 31 population,
804 3112 72 24 every
895 3104 109 25 msmber
1027 3103 26 24 of
1076 3100 79 26 which

618 3149 88 27 looked
727 3156 66 24 upon
806 3147 99 24 Ahmed
918 3145 199 26 Ab^-er-Rasoul
1129 3152 27 17 as

619 3202 14 16 a
661 3195 103 29 martyr,
795 3199 67 24 upon
882 3189 160 26 Mahommed
1065 3188 92 25 Abd-er

618 3237 94 25 Rasovsl
732 3244 27 16 as
771 3244 15 16 a
806 3235 94 28 traitor,
919 3234 50 24 and
988 3240 68 24 upon
1076 3230 79 27 tomb-

619 3281 119 29 breaking
749 3288 27 15 as
790 3279 41 24 the
843 3278 137 31 legitimate
992 3276 69 24 trade
1077 3275 27 25 of
1114 3275 43 24 the

619 3325 75 30 place.
731 3322 39 25 On
783 3322 43 24 the
839 3321 84 24 fourth
945 3320 120 29 morning,
1091 3318 65 24 bow-

619 3375 64 22 ever,
702 3366 43 24 the
920 3361 140 35 (steamers)
1084 3360 73 25 made

619 3410 64 25 their
694 3416 160 24 appearance,
867 3406 110 24 received
990 3404 65 24 their
1067 3404 90 31 august

619 3452 100 31 freight,
739 3451 49 24 and
801 3449 111 26 steamed
923 3449 38 23 for
972 3446 104 25 Boolak.

689 3581 393 35 CORRESPONDENCE.

622 3652 67 20 While
698 3656 38 13 our
745 3650 89 19 columns
847 3653 37 14 are
898 3652 52 19 open
961 3648 20 17 to
990 3645 39 23 all,
1043 3650 29 13 we
1082 3645 25 18 do
1122 3646 37 18 not

646 3687 91 26 identify
756 3686 100 20 ourselves
873 3683 52 21 with
943 3683 94 26 opinions
1053 3681 106 26 expressed

647 3725 86 21 therein.

690 3773 34 23 To
736 3772 37 23 the
784 3772 89 23 Editor
881 3770 31 31 of
919 3770 37 23 the
970 3768 121 25 Observer.

654 3845 71 24 THE
745 3842 126 26 TICKET
888 3840 118 26 ENTER
1010 3839 102 25 PRISE.

622 3924 65 25 Dear
704 3921 109 28 Madam,
1076 3936 3 4 •
1119 3937 13 6 ■.-

653 3967 14 24 I
679 3973 42 17 am
738 3966 44 23 not
804 3971 58 17 sure
881 3970 61 24 your
964 3959 195 32 correspondent

621 4007 180 36 (Disgusted's^
996 4004 24 24 of
1138 4003 21 22 is

622 4051 108 29 reliable,
748 4050 39 25 for
804 4050 32 23 he
849 4049 80 24 staled
950 4047 56 24 that
1023 4054 68 16 some
1112 4052 47 17 one

621 4097 51 25 else
682 4097 77 23 wrote
778 4102 42 23 ray
832 4092 71 24 letter
923 4090 81 26 which
1022 4097 50 16 was
1090 4088 67 30 false,

622 4138 95 32 though
728 4138 28 24 m
768 4137 51 25 this
908 4135 37 24 his
957 4134 135 24 statement
1105 4139 55 23 may

622 4184 29 25 be
662 4184 64 24 true,
744 4190 28 17 as
792 4181 13 24 I
823 4181 64 24 have
904 4186 33 17 no
953 4177 77 25 doubt
1050 4176 68 24 there
1138 4174 22 24 is

621 4235 68 17 more
712 4226 62 24 than
791 4233 47 16 one
858 4223 87 25 selfish
961 4228 89 24 person
1067 4220 27 24 m
1117 4218 43 25 the

620 4270 86 26 world.
757 4266 138 33 Disgusted
905 4277 4 6 >
917 4266 46 24 has
985 4263 75 25 &.sked
1079 4270 40 16 me
1129 4265 3 11 :
1145 4269 15 16 a

620 4313 116 33 question
755 4311 57 25 that
823 4311 22 25 is
866 4307 142 32 .wdrtbyof
1029 4314 14 16 a
1056 4313 57 16 man
1136 4304 27 25 of

621 4358 44 25 the
686 4356 83 28 world,
789 4355 51 24 and
858 4362 16 15 a
885 4351 83 26 selfish
986 4347 174 27 uncharitable

620 4408 47 17 one
690 4400 27 24 at
736 4398 65 28 that;
820 4396 49 25 and
889 4395 21 24 if
926 4395 21 24 I-
961 4400 63 17 were
1045 4394 46 22 not
1103 4398 57 18 sure

619 4443 31 26 he
661 4443 22 25 is
695 4450 15 18 a
728 4442 127 32 professor
870 4439 26 25 of
914 4435 110 35 religion'
1037 4427 23 32 t
1072 4433 89 27 should

622 4487 108 25 hesitate
758 4487 27 24 to
811 4486 75 29 quote
908 4482 119 31 scripture
1047 4482 26 21 to
1091 4480 52 23 him
1152 4496 7 14 ,

1187 191 45 25 but
1242 192 19 24 if
1278 192 33 25 he
1322 191 50 26 will
1383 194 59 25 turn
1455 194 26 24 to
1492 193 60 25 2nd.
1564 193 158 26 Corinthians

1188 235 53 26 9th.
1260 236 108 33 chapter,
1390 236 56 27 7th.
1466 245 70 17 verse
1555 237 33 25 he
1606 237 53 25 will
1669 237 55 25 find

1186 280 44 24 the
1252 287 96 17 answer
1373 281 61 32 (viz)
1463 281 54 24 The
1545 280 96 25 reward
1669 281 55 24 that

1187 323 145 26 benevolent
1342 324 85 32 people
1446 323 85 30 desire,
1550 324 51 25 and
1613 323 110 26 satisfied

1187 366 71 26 those
1274 367 57 26 who
1350 367 154 26 contributed
1525 369 26 23 to
1569 368 43 24 the
1631 368 91 25 Indian

1185 412 49 23 and
1246 411 116 25 Brunner
1373 412 83 28 fuuds,
1474 411 14 23 I
1508 411 73 25 think
1601 411 59 31 they
1680 412 42 24 did

1186 455 42 23 not
1240 454 48 24 call
1300 454 18 24 it
1330 461 15 17 a
1356 461 56 17 case
1423 454 29 24 of
1460 454 107 31 cadging
1578 461 5 21 ;
1602 454 119 29 however,

1185 496 74 25 ticket
1272 497 87 31 selling
1369 497 51 24 and
1431 496 90 32 asking
1540 496 38 25 for
1589 496 132 25 donations

1185 548 42 17 are
1238 541 69 31 quite
1326 540 114 25 different
1460 540 92 32 things,
1571 540 19 25 it
1609 548 51 17 was
1679 541 43 24 the

1183 583 90 24 former
1284 584 14 23 I
1308 583 54 25 said
1373 583 111 25 received
1495 583 34 25 its
1540 584 80 24 value.

1317 643 14 24 I
1348 650 41 18 am
1408 643 102 25 Madam

1416 709 74 24 yours
1507 701 156 32 respectfully

1468 761 183 25 SALOPIAN.

1184 894 87 30 THE
1288 894 175 30 OXFORD
1477 894 113 30 NOTE
1604 894 116 30 BOOK

1358 1037 43 22 BY
1416 1037 125 22 PENNIB.

1216 1084 25 24 It
1263 1085 22 25 is
1313 1084 132 33 becoming
1473 1093 70 17 more
1574 1085 51 24 and
1652 1093 69 17 more

1183 1127 98 25 evident
1293 1128 56 24 that
1358 1129 44 23 the
1410 1128 65 25 local
1486 1129 86 30 option
1583 1128 50 31 poll
1645 1128 75 25 taken

1183 1177 31 16 on
1228 1170 115 24 'General
1355 1171 122 24 Election'
1489 1171 48 31 day
1558 1179 50 16 was
1619 1179 16 16 a
1646 1171 73 30 farce,

1183 1221 27 17 so
1218 1213 37 25 far
1275 1221 28 16 as
1319 1213 44 25 the
1383 1214 148 32 expression-
1537 1214 27 25 of
1570 1215 53 24 --the
1635 1214 49 25 will
1694 1214 29 25 of

1184 1256 42 25 the
1251 1256 87 32 people
1367 1258 21 24 is
1413 1258 144 24 concerned.
1609 1257 25 25 It
1670 1266 51 16 was

1184 1299 108 33 thought
1311 1299 57 26 that
1387 1299 32 33 by
1432 1299 90 33 Having
1534 1301 44 25 the
1598 1302 49 24 two
1658 1301 63 32 polls

1183 1344 202 31 simultaneously
1404 1344 43 25 the
1466 1345 80 24 whole
1564 1344 27 25 of
1600 1344 44 24 the
1659 1346 60 23 elec-

1183 1388 59 28 tors,
1261 1388 198 30 comparatively,
1478 1387 91 25 would,
1581 1388 66 28 .vote,
1665 1407 2 8 ;
1672 1388 49 25 and

1183 1430 43 24 the
1245 1431 54 23 true
1317 1430 115 32 strength
1444 1430 26 24 of
1487 1431 91 30 parties
1599 1431 80 25 would
1691 1431 31 25 be

1183 1473 99 25 known.
1338 1473 138 32 According
1510 1477 24 21 to
1560 1473 44 25 the
1632 1474 88 25 official

1182 1517 98 25 records
1292 1517 72 25 those
1386 1517 87 31 voting
1497 1517 36 26 for
1555 1517 165 26 continuance

1183 1560 26 24 of
1242 1560 92 25 license
1360 1560 107 25 number
1501 1560 75 25 about
1612 1562 109 28 136,000

1183 1603 48 24 and
1244 1602 72 25 those
1328 1602 38 25 for
1377 1602 152 31 prohibition
1542 1604 100 28 98,000.
1668 1604 53 24 The

1183 1646 105 24 number
1299 1646 27 24 m
1346 1646 44 25 the
1401 1646 91 25 former
1505 1654 58 25 may
1576 1647 29 24 be
1617 1649 102 27 correct,

1183 1689 44 25 but
1238 1690 70 24 there
1327 1697 42 17 are
1391 1691 170 24 innumerable
1581 1691 139 31 discrepan-

1184 1733 49 24 cies
1244 1733 26 24 m
1292 1733 42 24 the
1351 1732 83 25 latter.
1469 1733 62 24 This
1551 1733 21 24 is
1586 1734 42 23 not
1640 1734 82 31 owing

1184 1777 24 23 to
1221 1776 42 25 the
1273 1776 94 31 voting,
1385 1776 45 26 but
1441 1778 26 23 to
1485 1776 44 26 the
1537 1776 85 26 varied
1639 1776 81 26 meth-

1184 1820 32 24 od
1227 1820 27 25 of
1267 1820 120 33 counting
1406 1820 44 25 the
1462 1821 76 25 votes.
1575 1821 79 25 Some,
1662 1821 59 25 elec-

1187 1863 48 26 tors
1256 1865 85 24 struck
1360 1866 45 24 out
1416 1864 43 25 the
1477 1865 94 24 middle
1590 1864 52 25 line
1654 1866 67 31 only,

1184 1908 51 25 and
1247 1908 42 25 the
1311 1915 77 25 paper
1398 1915 51 19 was
1460 1921 3 5 •
1472 1908 104 25 counted
1596 1907 125 31 informal,

1184 1951 86 27 which'
1278 1952 21 25 is
1311 1959 86 25 wrong
1406 1959 10 23 ;
1432 1952 121 28 foi\while
1562 1949 161 36 individually

1185 1997 41 25 the
1238 1997 113 25 one-vote
1360 1997 224 25 counterbalanced
1592 1996 43 25 the
1642 1996 80 29 other,

1184 2042 41 29 ypt
1252 2041 26 24 m
1308 2041 45 24 the
1356 2056 4 11 ;
1371 2041 132 31 aggregate
1523 2041 70 24 there
1616 2048 51 17 was
1691 2048 33 16 an

1185 2084 138 31 advantage
1340 2082 38 25 for
1390 2091 45 17 one
1447 2091 28 18 or
1494 2083 43 25 the
1549 2083 80 25 other.
1673 2083 51 24 For

1185 2127 119 30 instance,
1322 2128 43 24 out
1383 2127 37 25 of.
1428 2128 94 34 twenty
1540 2132 85 20 voters-
1638 2127 84 27 fifteen

1186 2171 84 27 struck
1282 2171 43 24 out
1334 2194 2 3 .
1345 2170 49 27 the,
1409 2168 102 30 middle.
1514 2170 51 25 line
1582 2170 67 32 only,
1668 2171 56 28 four

1185 2214 76 25 strike
1273 2215 44 24 out
1337 2213 42 25 the
1392 2215 43 34 top
1450 2241 9 8 s
1461 2213 51 25 and
1531 2213 97 26 bottom
1651 2214 70 30 lines,

1184 2258 51 24 and
1246 2266 46 16 one
1304 2258 43 24 the
1358 2257 55 25 first
1425 2259 48 23 two
1484 2258 73 24 lines.
1581 2257 52 24 The
1646 2257 77 25 result

1183 2302 20 29 is.
1214 2319 4 11 :
1219 2301 174 27 Contihuanw
1392 2302 3 6 :
1397 2301 101 32 ,_fift'een,
1505 2300 217 31 'R^3ußtibn"'fdtir,

1185 2345 281 29 Prohibition>sixtee-n,:.
1477 2346 48 23 and
1538 2345 95 24 sixteen
1654 2347 68 23 votes

1184 2389 76 32 being
1271 2397 69 17 more
1350 2390 75 24 tlVan.
1425 2389 150 28 three-lifths
1581 2389 30 24 -of
1618 2390 103 32 .twenty-

1184 2433 232 31 one,:'Broliibition
1432 2434 22 24 is
1454 2434 13 14 ;c
1475 2433 123 29 carried^?
1613 2433 56 25 A'nd
1670 2434 7 15 :
1681 2435 43 30 yet

1174 2489 5 3 -
1184 2477 129 32 according
1321 2479 26 23 to
1359 2478 44 24 the
1411 2477 188 31 interpretation
1617 2477 27 25 of
1654 2481 68 21 soirie

1174 2521 104 29 .officers
1291 2521 115 33 .^fiftjeen.
1429 2529 96 23 .papers.
1540 2529 33 20 .w
1569 2542 3 7 (
1575 2528 44 21 ere,
1631 2542 6 7 l
1644 2521 78 27 eithe'r

1184 2564 113 25 counted-
1303 2564 116 25 informal
1428 2572 28 17 or
1465 2564 64 24 their
1540 2566 68 31 vojes
1614 2564 113 25 counted*

1184 2608 37 25 for
1245 2608 171 29 continuance
1435 2629 3 3 •
1468 2607 45 26 Mr;
1536 2606 86 26 Frank
1651 2606 75 30 Bird,']

1184 2652 128 30 returning
1332 2653 81 24 officer
1436 2651 37 25 for
1485 2652 41 25 the
1545 2651 86 25 Buller
1650 2651 73 25 Elec-.

1184 2698 88 28 torate,
1301 2696 26 25 m
1348 2698 68 33 reply
1429 2698 25 24 to
1473 2696 51 27 the.
1538 2696 114 32 question
1664 2696 56 32 why

1186 2740 68 24 there
1259 2748 66 16 -were
1338 2738 114 36 s^nupy
1594 2733 94 40 p^er^-
1693 2742 28 23 &t

1184 2790 14 18 a
1211 2784 94 26 certain
1325 2783 76 25 booth
1416 2783 101 32 implies,
1595 2783 78 32 is;not

1184 2835 42 25 my
1237 2834 88 25 power-
1334 2828 28 25 to
1374 2827 52 28 tslt
1430 2836 54 22 you.
1491 2827 66 30 how;*
1564 2827 89 28 ikrjyas
1665 2827 56 25 that

1184 2871 43 25 the
1244 2872 100 31 Deputy
1355 2868 139 37 Returning
1507 2869 88 27 Officer
1611 2872 110 24 declared

1183 2915 61 25 such
1256 2924 14 14 a
1282 2916 105 24 number
1396 2915 25 25 of
1433 2922 68 18 voces
1517 2916 27 23 to
1555 2914 31 25 be
1596 2914 123 30 informal,

1184 2966 27 16 as
1223 2959 43 23 the
1432 2957 81 32 q'fficer-
1527 2956 61 26 'does
1600 2959 45 23 not
1656 2966 64 23 open

1183 3001 43 25 the
1249 3001 82 25 sealed
1358 3002 100 30 packets
1484 3002 26 23 of
1599 3000 120 32 deputies.
1720 2997 3 12 1

1184 3044 114 32 Imagine
1309 3044 44 25 the
1364 3044 118 32 probable
1493 3051 74 18 cause
1572 3052 66 17 --was
1653 3045 50 24 this
1713 3052 7 21 ;

1184 3088 55 27 that
1261 3095 78 24 many
1350 3090 82 22 voters
1443 3088 57 30 only
1519 3087 83 25 struck
1620 3089 44 23 out
1675 3095 45 17 one

1183 3131 48 23 line
1233 3145 32 4 —
1266 3131 106 30 perhaps
1385 3131 41 23 the
1449 3131 43 30 top
1505 3138 27 16 or
1543 3130 43 24 the
1598 3130 91 24 second
1691 3144 28 3 —
1719 3131 3 16 '■

1184 3174 49 23 and
1245 3173 106 24 reduced
1363 3173 64 24 their
1436 3175 67 24 vtes
1515 3175 26 22 tc
1550 3182 32 18 an
1592 3173 128 31 absurdity,

1184 3217 50 24 and
1253 3217 43 24 the
1316 3217 101 32 Deputy
1433 3217 131 31 returning
1583 3216 83 25 officer
1686 3225 34 15 re-

1184 3261 87 24 turned
1282 3260 68 25 them
1360 3260 117 26 informal
1485 3268 33 17 on
1526 3261 56 24 that

1185 3303 130 31 accoiding
1334 3305 26 22 to
1380 3303 89 25 official
1490 3303 104 28 records,
1618 3302 25 24 m
1656 3310 67 17 some

1185 3346 27 24 of
1221 3347 44 23 tte
1283 3346 109 25 districts
1405 3346 79 25 where
1505 3346 43 25 the
1567 3345 156 25 Prohibition

1184 3389 108 25 element
1314 3389 21 24 is
1357 3392 93 28 strong,
1469 3387 43 33 no|
1512 3385 1 27 i
1519 3398 34 20 •-<s.•
1571 3389 78 31 single
1666 3391 57 22 vote

1186 3441 47 16 was
1246 3432 111 25 recorded
1369 3434 38 23 for
1422 3432 164 25 Prohibition.
1622 3432 30 24 In
1665 3440 57 16 con-

1186 3477 98 24 nection
1305 3476 62 24 with
1379 3476 50 24 this
1441 3476 40 23 the
1492 3476 143 30 Eeturning
1644 3476 80 23 officer

1185 3521 38 24 for
1234 3519 43 26 the
1291 3519 75 25 Otaki
1388 3519 131 25 electorate
1545 3526 56 24 says

1185 3563 22 25 is
1230 3563 127 31 evidently
1379 3570 15 17 a
1416 3561 107 24 mistake
1548 3562 25 23 m
1597 3561 43 24 the
1653 3561 68 24 Hutt

1341 3606 25 25 It
1377 3606 21 24 is
1409 3605 129 24 estimated
1547 3605 55 23 that
1612 3603 112 26 between

1186 3652 50 24 200
1247 3651 49 23 and
1307 3652 49 22 250
1374 3652 67 22 votes
1459 3656 61 16 were
1537 3649 53 23 cast
1609 3648 28 23 m
1657 3648 67 23 Hutt

1186 3695 48 24 and
1248 3695 85 24 eleven
1356 3693 38 25 for
1405 3691 152 26 Prohibition
1579 3690 82 25 which
1684 3698 40 16 are

1187 3738 107 26 credited
1305 3737 62 25 with
1377 3737 58 24 nine
1447 3735 66 32 only.

1222 3781 58 25 Still
1288 3780 97 25 further
1397 3779 129 25 reduction
1533 3779 22 24 is
1564 3779 44 23 not
1617 3776 108 26 credited

1186 3824 63 24 with
1260 3824 42 24 the
1313 3825 68 23 votes
1401 3821 57 25 that
1472 3829 59 17 were
1551 3820 108 32 actually
1672 3820 52 25 cast
1730 3821 2 25 I

1187 3868 37 25 for
1235 3869 30 24 it.
1299 3867 32 25 In
1343 3876 14 14 a
1369 3866 104 29 district,
1486 3864 147 29 Makotuku,
1647 3863 77 24 where

1187 3911 43 24 the
1242 3910 151 32 prohibition
1404 3911 83 22 voters
1510 3915 64 17 were
1585 3906 140 25 instructed

1186 3955 57 25 how
1254 3956 26 23 to
1304 3954 63 29 vote,
1386 3953 33 31 by
1437 3951 107 31 striking
1563 3952 44 23 out
1627 3950 43 25 the
1682 3953 42 28 top

1186 3998 51 24 line
1256 3997 67 31 only,
1348 3996 43 24 the
1412 3994 107 25 number
1541 3994 118 25 returned
1684 4001 41 17 are

1188 4040 183 31 seventy-three
1382 4039 39 24 for
1437 4046 33 16 no
1487 4038 92 24 license
1598 4036 51 25 and
1668 4037 58 31 only

1187 4083 71 25 three
1277 4083 38 24 for
1333 4081 139 26 Reduction
1483 4088 6 22 ;
1507 4081 27 24 at
1556 4079 170 26 Ormondville

1187 4127 71 24 there
1268 4133 64 18 were
1344 4123 161 34 eighty-eight
1522 4123 38 25 for
1572 4122 40 25 No
1623 4121 102 26 License

1188 4170 49 25 and
1249 4169 57 31 only
1319 4168 38 26 six
1368 4169 38 25 for
1420 4167 148 26 Reduction..
1599 4165 34 25 At
1650 4165 75 24 Glad-

1188 4215 71 23 stone
1272 4212 69 25 there
1353 4219 63 18 were
1428 4210 83 32 eighty
1529 4209 38 26 for
1578 4217 33 16 no
1631 4208 95 25 license

1188 4255 50 25 and
1249 4255 57 32 only
1319 4262 74 18 seven
1405 4254 37 24 for
1457 4252 140 26 Reduction
1606 4259 5 22 ;
1630 4252 50 23 and
1699 4251 27 24 at

1188 4299 122 26 Waikaka
1330 4298 88 31 Valley
1438 4297 27 24 m
1486 4296 43 25 the
1548 4295 93 26 Clutha
1658 4295 68 25 there

1188 4350 59 17 were
1260 4340 144 33 sixty-eight
1412 4339 39 26 for
1459 4347 33 17 no
1504 4339 93 26 license
1608 4338 48 25 and
1667 4337 59 32 only

1187 4393 47 17 one
1249 4384 38 25 for
1299 4384 148 24 Reduction.

1178 4448 3 2 .
1221 4419 80 33 T-liesS
1303 4424 115 34 ■'"•figures'
1431 4433 31 24 go
1474 4426 26 24 to
1512 4424 68 26 show
1592 4423 55 25 that
1658 4431 69 18 some

1187 4471 101 23 officials
1311 4478 61 16 were
1392 4471 45 23 not
1456 4468 30 25 fit
1506 4468 38 25 for
1562 4467 64 26 their
1649 4466 76 30 work,

1751 180 49 24 and
1812 188 33 17 an
1857 181 103 32 enquiry
1980 182 22 25 is
2013 183 103 26 needed.
2152 184 54 25 The
2227 184 60 26 Pro-

1750 222 152 27 hibitionists
1931 224 97 33 though
2062 227 226 33 notwithstanding

1751 267 88 25 beaten
1857 270 27 22 at
1896 268 64 30 Poll,
1978 269 64 25 have
2060 271 76 24 much
2148 273 26 23 to
2185 279 101 17 encour-

1750 316 45 25 age
1806 310 79 29 them,
1903 310 49 26 and
1964 311 42 26 the
2025 312 115 32 palpable
2162 322 79 17 errors
2260 315 27 24 m

1750 352 43 25 the
1805 355 115 30 gazetted
1938 357 108 29 returns,
2070 357 68 26 show
2154 358 42 25 the
2216 360 71 30 party

1750 396 28 25 of
1786 397 162 26 continuance
1968 400 54 24 that
2036 400 26 25 -it
2078 400 23 25 is
2119 403 45 23 not
2183 402 59 25 wise
2261 403 26 25 to

1750 439 71 26 boast
1833 441 27 24 of
1867 440 64 25 their
1943 442 94 33 victory
2047 450 7 22 ;
2072 443 43 26 the
2132 445 155 32 uncertainty

1750 483 25 23 of
1786 483 44 25 the
1849 485 115 30 strength
1975 485 27 25 of
2016 486 66 25 their
2101 489 72 30 party
2183 487 104 33 making

1749 526 20 25 it
1781 534 57 24 very
1850 528 163 26 inadvisable.

1783 569 54 26 The
1860 571 191 26 Prohibitionist
2071 573 27 25 of
2118 574 88 25 March
2233 575 52 25 6th.

1750 621 55 23 says
1816 621 5 16 :
1825 628 32 4 —

1827 657 72 25 The
1911 658 82 25 98372
2013 660 69 23 votes
2093 659 39 25 for
2149 661 137 24 nb-license

1749 697 79 26 which
1839 698 63 26 have
1922 699 63 25 been
2001 701 116 24 recorded
2136 701 32 26 do
2190 703 44 24 not
2253 702 33 32 by

1749 748 50 24 any
1810 749 88 18 means
1909 744 126 29 represent
2058 743 43 26 the
2113 743 47 26 full
2172 746 113 31 strength

1749 784 27 25 of
1786 784 56 26 that
1853 788 65 23 vote.

1783 828 24 23 2.
1842 828 68 24 That
1934 829 42 25 the
2004 830 138 26 Reduction
2164 833 65 27 vote,
2259 840 27 17 as

1749 871 124 29 recorded,
1886 872 21 24 is
1919 871 160 33 ridiculously
2090 873 129 26 incorrect.

1783 915 23 23 3.
1826 914 64 25 That
1907 914 28 24 m
1955 915 110 26 addition
2085 918 27 23 to
2128 924 46 18 our
2192 918 50 25 loss
2261 918 28 25 of

1749 960 68 22 votes
1828 958 54 24 that
1894 966 63 17 were
1976 960 121 32 correctly
2103 975 4 2 -
2114 962 53 23 cast
2187 962 50 24 and
2247 962 38 24 in-

1749 1000 119 33 correctly
1880 1002 113 30 counted,
2013 1011 73 23 many
2106 1003 139 27 thousands
2262 1005 27 24 of

1748 1045 82 23 voters
1842 1052 64 17 were
1917 1045 118 25 confused
2058 1045 32 32 by
2101 1047 42 24 the
2165 1054 120 26 unscrup-

1750 1086 70 26 ulous
1832 1087 258 32 misrepresentations
2113 1090 72 25 made
2196 1092 27 23 at
2243 1091 43 25 the

1748 1129 194 32 polling-booths
1967 1131 33 31 by
2026 1132 42 24 the
2091 1132 76 26 Touts
2191 1133 27 24 of
2243 1134 44 25 the

1783 1216 127 26 Attention
1927 1218 22 24 is
1961 1218 86 25 drawn
2067 1220 26 23 to
2114 1219 50 25 this
2185 1221 100 29 matter,

1748 1262 44 22 not
1811 1260 62 25 with
1899 1268 15 17 a
1936 1261 63 25 view
2018 1261 27 25 of
2065 1262 159 33 impeaching
2243 1264 44 25 the

1748 1303 79 26 mult
1839 1303 27 26 of
1884 1304 41 25 the
1945 1306 64 30 vote,
2028 1304 45 26 but
2094 1306 28 25 m
2141 1306 70 26 order
2230 1307 57 25 that

1749 1350 67 28 steps
1844 1355 59 24 may
1931 1348 31 25 be
1985 1349 76 24 taken
2087 1351 26 23 to
2138 1350 106 25 demand
2272 1360 15 16 a

1748 1390 82 31 public
1842 1392 112 31 enquiry,
1973 1400 28 17 so
2016 1392 56 25 that
2091 1393 45 25 the
2155 1401 86 18 causes
2263 1395 26 24 of

1749 1433 42 25 the
1810 1434 176 32 irregularities
2004 1443 59 23 may
2075 1435 30 26 be
2125 1437 101 24 learned
2237 1439 49 24 and

1750 1477 85 24 voided
1843 1478 27 24 m
1882 1478 38 24 fufc
2043 1497 3 3 .

1790 1626 122 32 NEWS
1928 1628 52 30 OF
1996 1628 90 30 THE
2107 1628 134 31 WEEK.

1782 1733 33 24 In
1844 1733 43 25 the
1916 1733 87 26 House
2031 1735 27 24 of
2085 1735 132 25 Commons
2248 1737 40 24 Sir

1751 1772 101 26 Charles
1865 1773 73 24 Dilke
1950 1774 75 32 urged
2037 1775 55 24 that
2105 1775 77 25 Great
2192 1775 95 25 Britain

1751 1813 89 24 should
1851 1821 105 18 convene
1975 1822 15 16 a
2010 1813 143 26 conference
2171 1815 63 24 with
2245 1815 43 25 the

1751 1851 81 32 object
1844 1851 25 26 of
1878 1851 127 33 enforcing
2015 1852 80 29 befeter
2109 1853 134 26 .treatment
2263 1855 25 24 to

1751 1892 43 24 the
1806 1892 96 24 natives
1914 1892 26 24 m
1952 1892 91 24 Africa.

1751 1942 3 15 i
1784 1930 120 28 Lachms,
1925 1929 43 25 the
1977 1930 118 26 eminent
2113 1939 135 25 composer,
2266 1933 22 26 is

1751 1968 70 26 dead.
1848 1994 61 3 ...

1749 2019 4 15 !
1785 2010 25 24 A
1827 2010 148 25 ministerial
1987 2011 70 25 cri.sis
2076 2011 46 26 has
2134 2013 154 24 oecnrred'in

1751 2050 107 28 Austria,
1867 2050 52 24 .and
1932 2050 82 25 Count
2025 2051 96 25 Badeni
2133 2052 45 24 has
2191 2052 92 31 resign-

1752 2089 30 25 ed
1793 2090 79 31 owing
1883 2091 26 23 to
1915 2089 46 25 -his
1972 2090 116 32 inability
2100 2088 139 31 to-contro}'
2245 2092 43 24 the

1751 2130 114 25 different
1876 2130 110 32 political
1996 2139 101 24 .groups,
2113 2131 28 25 m
2163 2131 44 25 the
2230 2131 57 26 Rei-

1751 2170 135 25 chestrath.
2144 2180 2 4 ■
2184 2177 14 18 ■;

1784 2210 76 25 Later
1878 2210 88 25 details
1989 2210 69 26 show
2078 2211 56 25 that
2220 2211 70 25 Eloff

1749 2250 112 27 incident
1873 2258 50 17 was
1934 2248 167 30 ftieAOutcome
2112 2251 27 25 of
2148 2259 16 17 a
2175 2251 112 26 drunken

1752 2292 74 24 brawl
1835 2290 34 26 'at
1878 2298 15 18 a
1904 2298 55 18 race
1970 2292 109 32 meeting
2079 2297 4 9 I
2081 2295 7 21 .'
2128 2304 6 3 -

1751 2340 3 18 ;
1786 2329 79 25 There
1881 2337 49 21 ..arc
1942 2330 153 25 sensational
2110 2331 102 30 .reports
2223 2330 64 25 from

1752 2367 51 25 San
1820 2367 134 25 Franciscb
1973 2368 62 25 with
2043 2384 5 3 -
2058 2368 124 25 reference
2203 2370 26 26 tq
2250 2370 36 24 at-
2288 2367 5 13 ;

1752 2405 108 32 tempted
1872 2405 91 26 suicide
1975 2406 32 35 by
2025 2406 94 30 Butler,

1785 2445 93 26 Oxford
1887 2454 54 17 won
1954 2446 43 25 the
2009 2446 143 33 University
2163 2438 59 34 boal
2233 2455 53 17 race

1751 2485 31 33 by
1794 2487 49 24 two
1860 2486 108 32 lengths.
1983 2497 4 3 •
2020 2497 5 3 ■

1778 2525 46 24 'At-,
1829 2525 43 24 the
1884 2525 101 32 League
1983 2529 2 6 1
1997 2525 27 26 of
2027 2537 8 9 •=
2040 2521 253 31 WheelmenVtear-'.

1742 2565 2 5 '
1846 2564 42 25 the
1900 2565 140 31 Fifty-mile
2056 2565 194 31 Championship
2262 2566 27 25 cf

1750 2603 117 31 Victoria,
1894 2605 109 24 resulted
2026 2612 27 17 as
2076 2604 96 26 follows
2173 2619 42 5 —
2217 2605 76 33 Meg-,'

1749 2650 43 17 son
1807 2642 131 31 l,.Tebutt
1950 2643 23 30 2,
1992 2634 84 33 Ku'hle
2088 2645 23 23 3.
2148 2643 62 26 Won
2223 2643 32 33 by
2270 2653 23 16 a,

1751 2683 82 26 wheel.
1869 2683 72 26 Time
1953 2684 55 25 2hr.
2022 2683 77 26 9min.
2114 2685 13 23 1
2141 2684 50 25 and
2203 2684 90 25 three-

1749 2722 71 24 fifths
1841 2730 60 16 sees.
2003 2730 33 14 :■■-
2041 2726 64 21 :■""."'
2135 2740 7 4 •■
2158 2735 3 6 -
2206 2726 25 11 ■-»
2250 2730 28 7 --

1782 2758 101 27 Besides
1906 2761 92 32 paying
2009 2761 36 25 off
2067 2762 31 24 10
2117 2768 42 25 per
2177 2761 64 25 cent,
2260 2759 35 27 ofi

1749 2800 110 25 deferred
1888 2800 106 31 deposits
2017 2809 36 17 on
2076 2801 73 32 .April
2178 2802 45 25 1.2-
2241 2800 50 26 the-

1750 2839 72 24 Bank
1834 2839 27 25 of
1868 2839 110 25 Victoria
1991 2840 50 24 will
2049 2847 48 24 pay
2115 2840 36 24 off
2168 2840 125 25 one-fifth-

1743 2876 83 28 .of-the
1839 2877 78 25 whole
1925 2877 144 27 remainder,
2076 2878 38 29 m,.
2115 2878 69 33 July*
2205 2895 3 10 :
2218 2891 4 6 -
2219 2898 13 13 tl
2287 2889 5 3 ■

1782 2914 90 26 Russia
1895 2915 22 25 is
1944 2915 140 32 borrowing
2108 2916 60 25 nine
2186 2916 99 26 million

1749 2955 103 31 sterling
1871 2954 38 26 for
1931 2955 43 25 the
1994 2963 120 24 purposes
2137 2955 27 25 of
2184 2956 101 32 railway

1749 2994 176 26 construction.
2103 3010 4 3 •

1784 3035 66 25 After
1864 3034 41 25 his
1924 3034 138 32 attempted
2081 3035 100 29 suicide,
2200 3036 87 24 Butler

1749 3073 127 24 confessed
1888 3073 55 24 that
1951 3073 30 24 he
1990 3073 75 24 killed
2079 3073 105 25 Preston
2194 3074 28 25 m
2231 3074 54 24 self-

1749 3110 109 25 defence.

1784 3150 33 24 At
1829 3150 43 24 the
1886 3149 92 25 Oxford
1988 3150 50 24 and
2050 3149 132 33 Cambrige
2192 3151 93 24 annual

1749 3188 27 23 in
1779 3187 93 25 ter-uni
1875 3187 89 32 varsity
1991 3193 87 26 sports,
2115 3188 93 24 Oxford
2230 3188 58 24 beat

1751 3225 147 32 Cambridge
1911 3225 32 32 by
1954 3226 49 24 five
2015 3227 85 24 events
2112 3227 26 24 to
2149 3226 64 25 four.

1784 3266 151 31 Respecting
1968 3266 43 24 the
2040 3266 191 31 chairmanship
2263 3266 27 25 of

1751 3304 155 24 committees
1918 3303 43 25 the
1972 3304 113 24 Premier
2104 3304 101 24 intends
2227 3312 61 23 pro-

1751 3344 89 31 posing
1852 3344 43 23 Mr
1904 3343 132 29 Guinhess,
2056 3344 48 24 and
2124 3344 20 24 it
2156 3344 21 24 is
2198 3344 91 24 almost

1751 3382 95 25 certain
1858 3382 56 24 that
1925 3382 32 25 he
1969 3382 51 25 will
2038 3381 29 25 be
2079 3382 142 31 appointed.

1785 3421 50 24 The
1848 3421 68 24 Hon.
1930 3420 27 26 C,
1971 3420 31 25 G,
2015 3420 134 30 Kingston,
2161 3428 31 17 on
2205 3420 86 25 behalf

1751 3458 27 24 of
1787 3458 104 24 himself
1900 3458 50 23 and
1961 3458 41 23 his
2014 3458 63 29 wife,
2095 3458 46 24 has
2159 3458 85 24 cabled
2257 3466 31 15 an

1751 3499 147 30 acceptance
1910 3497 27 24 of
1958 3497 40 24 Mr
2010 3497 200 24 Chamberlain's
2225 3497 63 24 invi-

1751 3536 87 24 tation.

1785 3575 121 30 Emperor
1935 3574 104 25 Francis
2063 3575 94 32 Joseph
2180 3575 47 24 has
2248 3575 40 24 de-

1752 3612 81 25 clined
1845 3614 26 23 to
1883 3614 86 30 accept
1981 3612 83 25 Count
2076 3612 119 26 Badeni's
2212 3614 77 31 resig-

1751 3653 96 23 nation.

1786 3690 53 25 The
1868 3690 276 26 Postmaster-General
2175 3691 26 25 of
2229 3692 61 24 New

1754 3730 81 25 South
1848 3730 82 25 Wales
1942 3730 45 25 lias
1999 3730 101 26 decided
2111 3733 26 23 to
2160 3731 130 26 introduce
2297 3736 2 29 j

1753 3769 42 24 the
1817 3768 175 25 international
2013 3769 152 31 telegraphic
2177 3770 59 25 code
2257 3778 32 17 on

1742 3814 2 29 |
1752 3808 59 31 July
1825 3810 47 23 Ist.

1786 3847 41 26 W.
1841 3848 34 24 H.
1890 3847 93 29 Smith,
2002 3856 15 16 a
2028 3848 102 25 hawker
2146 3849 108 31 residing
2266 3854 23 19 at

1753 3885 133 29 Clevedon,
1905 3894 50 17 was
1978 3886 118 25 drowned
2115 3887 28 24 m
2160 3895 15 16 a
2191 3887 57 25 well
2264 3892 26 20 at

1753 3924 159 25 Bamarama.
1959 3942 4 9 ;
2175 3933 5 15 :
2227 3948 4 3 .
2250 3939 4 5 -

1786 3962 58 25 Two
1864 3969 85 24 young
1968 3970 60 16 men
2047 3966 4 4 '
2061 3970 64 17 were
2153 3963 85 24 struck
2257 3963 41 32 by!

1752 4001 128 32 lightning
1891 4006 25 19 at
1930 4002 130 24 Ba*hurst.
2079 4002 54 25 One
2145 4010 48 17 was
2205 4002 83 33 killed,

1753 4042 75 31 being
1834 4041 118 32 fearfully
1966 4042 146 24 mutilated.
2138 4050 35 9 ■*■••
2197 4056 6 12 ;
2238 4054 3 10 :

1786 4082 34 24 At
1831 4081 43 25 the
1884 4081 101 32 League
1997 4081 27 25 of
2032 4081 167 26 Wheelmen's
2210 4082 80 26 carni-

1754 4118 40 25 val
1803 4121 26 22 at
1838 4118 146 26 Melbourne
1997 4118 46 26 the
2055 4119 235 29 Autumn.Handi-

1754 4165 42 23 cap
1813 4157 107 24 resulted
1923 4171 31 5 —
1955 4156 116 26 M'lnnes
2093 4158 25 28 1,
2147 4157 99 26 Beesoh
2265 4159 25 29 2,

1754 4197 120 24 Coleman
1887 4198 24 23 3.
1929 4197 72 26 Time
2003 4211 30 5 —
2035 4198 69 24 4min
2116 4199 32 23 35
2161 4197 50 25 and
2222 4198 70 26 three

1753 4236 71 25 fifths
1836 4244 60 22 sees,
1930 4243 8 20 .;
2145 4243 2 2 '
2192 4247 6 2 ~
2283 4248 7 18 ■;

1787 4274 52 25 The
1851 4275 274 25 Postmaster-General
2131 4275 48 25 has
2191 4275 101 26 decided

1754 4316 26 23 to
1808 4315 129 24 introduce
1959 4315 44 26 the
2025 4315 184 28 international
2217 4334 4 3 •
2230 4316 62 28 tele-

1754 4355 103 31 graphic
1868 4354 60 25 code
1940 4363 33 16 on
1985 4355 60 31 July
2058 4357 48 22 Ist.

1787 4391 30 27 In
1830 4392 50 25 the.
1886 4391 86 26 House
1984 4392 27 25 of
2021 4393 137 26 Commons
2171 4393 41 26 Sir
2223 4394 70 25 John

1755 4429 78 27 Gorst
1841 4430 145 26 introduced
1995 4436 29 19 ~a
2034 4430 52 26 Bill
2101 4427 40 30 for
2151 4433 3 3 '
2163 4431 131 33 providing

1755 4470 43 25 the
1825 4470 84 31 yearly
1931 4470 159 26 distribution
2113 4471 27 26 of
2162 4473 133 28 £110,600

2316 194 116 30 amongst
2438 193 171 24 necessituous
2619 192 81 25 Board
2710 192 107 25 school?.

2349 232 54 27 The
2419 233 125 31 Maripofia
2555 241 51 17 was
2625 234 49 24 two
2685 233 61 32 days
2757 232 51 25 late
2825 233 27 24 m

2315 270 97 33 leaving
2422 271 51 25 San
2492 271 139 30 Francisco,
2649 271 46 25 but
2703 272 22 24 is
2737 271 115 31 expected

2314 311 27 23 to
2363 310 74 25 make
2460 310 51 26 this
2537 319 33 24 up
2591 310 82 26 before
2685 311 45 25 she
2752 310 99 26 reaches

2315 350 145 26 Auckland.

2349 390 54 25 The
2413 390 136 26 Executive
2560 391 47 25 has
2627 391 143 26 commuted
2781 391 69 25 Phil-

2315 428 47 30 lips
2373 428 76 24 death
2469 431 115 23 sentence
2605 431 26 23 to
2654 431 93 30 twenty
2770 431 78 29 years'

2314 467 74 31 penal
2400 468 133 24 servitude.

2348 513 52 25 The
2411 514 75 25 death
2496 515 22 24 is
2530 514 145 25 announced
2686 515 25 24 of
2722 515 41 24 Mr
2774 515 75 25 Trav-

2315 559 39 17 ers
2373 552 137 30 Adamson,
2528 553 117 31 formerly
2657 553 193 25 Solicitor-Gen-

2314 590 52 24 eral
2377 590 38 25 for
2426 590 118 26 Victoria.

2347 628 107 31 Reports
2472 628 65 25 from
2561 628 124 25 Zanzibar
2705 631 76 23 states
2793 629 55 25 that

2314 667 42 24 the
2387 667 90 25 Sultan
2505 668 45 24 has
2577 668 129 24 abolished
2724 670 42 22 the
2785 668 65 31 legal

2315 706 79 24 status
2406 705 28 25 of
2448 705 103 32 slavery.

2348 742 53 25 The
2412 742 88 25 House
2511 744 27 23 of
2548 742 81 25 Lords
2640 742 47 25 has
2703 742 87 32 passed
2807 742 43 25 the

2313 780 106 26 London
2431 781 73 25 Bank
2516 781 27 24 of
2554 780 127 25 Australia
2692 781 59 25 Bill.

2347 820 127 26 Professor
2497 820 100 30 Forbes,
2634 820 44 25 the
2700 820 149 29 electrician,

2314 860 97 29 reports
2422 858 58 24 that
2491 858 44 24 the
2546 858 57 24 Nile
2622 859 122 23 cataracts
2763 865 45 17 can
2822 859 28 23 be
2855 858 2 3 '

2314 896 102 24 utilised
2428 896 38 24 for
2489 903 15 16 a
2526 896 101 31 general
2648 895 98 25 electric
2768 903 82 23 power

2314 936 88 33 supply
2426 936 81 26 which
2530 936 51 25 will
2608 936 31 24 be
2658 935 121 25 available
2807 935 43 25 the

2314 976 79 24 entire
2403 984 59 23 year
2473 983 57 17 over
2550 984 16 16 a
2577 976 108 24 distance
2708 975 27 25 of
2755 975 95 25 several

2313 1017 114 24 hundred
2439 1016 81 26 miles..
2540 1040 108 4 .....

2347 1056 54 24 The
2413 1055 138 31 employees
2563 1054 26 26 of
2598 1056 42 23 the
2649 1054 201 25 North-Eastern

2313 1095 113 31 .Railway
2455 1093 135 31 Company,
2635 1091 57 26 who
2741 1092 109 34 recently

2314 1132 91 28 struck,
2434 1132 64 23 have
2523 1130 87 32 agreed
2638 1131 25 23 to
2689 1129 94 26 submit
2808 1130 42 24 the

2313 1170 85 31 points
2406 1171 27 22 m
2445 1169 97 31 dispute
2560 1170 26 23 to
2597 1167 153 25 arbitration.

2347 1208 33 24 In
2393 1207 43 25 the
2448 1207 87 24 House
2555 1206 28 25 of
2598 1206 134 24 Commons
2753 1204 40 26 Sir
2808 1204 40 26 W.

2314 1247 32 25 V.
2359 1247 125 25 Harcourt
2495 1246 75 24 asked
2582 1246 42 24 the
2645 1245 167 25 Government
2824 1246 26 23 to

2309 1289 39 24 ,fix
2370 1296 15 16 a
2408 1288 49 32 day
2485 1295 31 17 on
2539 1287 80 25 which
2642 1287 25 24 to
2690 1286 96 25 discuss
2808 1286 42 24 the

2314 1328 96 26 motion
2439 1327 89 32 urging
2564 1329 232 30 non-employment
2824 1327 26 24 of

2314 1369 65 24 force
2391 1369 104 31 against-
2500 1367 100 25 Greece.
2605 1385 26 8 ,..-

2347 1409 42 24 Mr
2400 1407 102 26 Balfour
2514 1407 113 25 deciared
2636 1407 26 24 m
2670 1406 44 26 the
2729 1406 85 25 House
2825 1406 27 26 of

2307 1446 141 31 (Commons
2460 1446 55 25 that
2525 1446 33 24 he
2570 1453 49 24 w;as
2630 1445 125 24 confident
2765 1444 85 28 .Great

2436 1485 80 28 could,
2533 1486 28 23 m
2573 1493 65 19 -case
2660 1485 27 24 of
2703 1492 60 21 war,
2784 1486 66 22 meet

2316 1534 49 23 any
2376 1525 109 32 possible
2507 1524 170 26 combination
2699 1523 26 25 of
2746 1524 103 24 Powers,

2315 1566 46 24 and
2372 1566 57 24 that
2440 1566 26 22 m
2478 1564 160 32 conjunction
2657 1564 61 24 with
2739 1563 112 25 America

2316 1603 44 24 she
2372 1603 73 24 could
2456 1604 67 22 meet
2535 1602 42 24 the
2589 1601 85 24 world.

2349 1640 54 25 The
2414 1640 161 25 Venezuelan
2598 1639 121 31 Congress
2739 1639 47 24 has
2806 1646 44 16 un-

2316 1680 139 32 animously
2474 1679 99 24 ratified
2593 1679 43 24 the
2648 1680 78 30 treaty
2744 1679 108 23 between

2316 1718 114 25 America
2441 1717 50 25 and
2510 1717 117 31 England
2638 1716 38 25 for
2698 1715 102 32 settling
2810 1716 43 24 the

2316 1757 160 25 Venezuelan
2514 1756 127 32 boundary
2681 1755 112 32 question
2803 1779 4 6 ,
2822 1755 32 32 by

2316 1797 154 26 arbitration.

2317 1901 266 82 LOCAL
2583 1901 269 82 and
2851 1901 1 82 GENERAL

2345 2033 26 25 :A
2392 2041 57 17 new
2462 2032 113 26 -Doctor
2594 2040 50 16 -for
2662 2032 143 25 Oxford.—
2806 2031 45 26 Dr.

2316 2076 109 25 Howard
2434 2076 94 30 Slater,'
2537 2084 15 17 a
2564 2076 102 31 nephew
2677 2075 27 25 of
2710 2074 38 26 Dr
2759 2076 94 27 Trevor

2316 2119 26 25 of
2357 2119 153 29 Ashburton,
2533 2119 47 25 has
2594 2118 110 34 recently
2722 2119 75 28 taken
2819 2127 33 24 up

2316 2163 106 25 medical
2432 2163 107 31 practice
2550 2163 114 31 amongst
2674 2163 99 24 xis.^He
2781 2170 3 6 :
2785 2170 75 27 camej

2315 2208 43 23 out
2377 2206 62 26 from
2462 2206 120 34 England
2601 2206 75 25 about
2695 2214 15 17 a
2727 2214 58 24 year
2806 2214 47 24 ago.

2315 2250 48 25 and
2382 2251 45 24 has
2444 2250 64 25 been
2527 2250 138 31 practicing
2686 2250 28 24 m
2737 2249 115 25 Western

2316 2294 138 26 Australia.
2462 2290 13 10 v
2496 2293 41 25 He
2555 2293 95 25 formed
2669 2301 15 17 a
2702 2301 57 24 very
2782 2294 70 24 unfa-
2851 2296 2 9 :

2315 2338 118 25 vourable
2440 2337 115 32 -opinion
2571 2337 30 26 of
2622 2337 43 24 the
2688 2337 121 31 salubrity
2829 2335 26 27 of

2314 2383 43 24 the
2665 2380 51 25 and
2723 2380 130 32 ...strongly

2308 2437 1 10 •
2315 2433 72 24 urges
2415 2424 79 25 thosar
2507 2431 4 11 ;
2515 2424 58 24 -wbo
2602 2423 58 32 pine
2672 2423 58 25 ''for*
2749 2423 104 25 'sudden

2314 2469 80 24 riches
2408 2469 36 26 .to-
2455 2467 57 36 seqk
2530 2467 72 28 ottiei!
2618 2466 81 25 fields.
2747 2469 4 11 :
2768 2469 7 11 ?
2813 2490 3 2 .
2844 2471 9 17 v

2308 2556 1 13 ■:
2318 2556 18 13 .t.
2343 2543 98 25 '.Tennis
2453 2542 114 25 Ball.—
2566 2540 92 26 A~Ball
2677 2540 51 26 will
2733 2540 44 25 -be
2794 2540 57 25 held

2314 2586 26 24 m
2349 2586 44 24 the
2404 2586 65 24 East
2480 2585 93 25 Oxford
2585 2584 78 24 Town
2675 2583 70 29 Hall',
2756 2582 97 25 Thurs-.

2313 2629 49 32 day
2373 2629 75 32 April
2471 2628 76 25 22nd.
2561 2628 25 24 m
2598 2627 42 25 aid
2660 2627 26 25 of
2697 2626 43 25 the
2759 2621 106 33 Tennis^'

2314 2672 71 26 Club.
2421 2672 98 25 Tickets
2532 2672 36 23 2s.
2583 2671 39 24 6d.
2658 2669 96 26 Double
2763 2668 92 27 tickets;

2313 2718 37 23 4s.
2497 2716 26 23 to
2535 2714 31 25 be
2577 2714 49 24 had
2642 2713 65 25 fr-orn
2724 2713 43 24 the
2780 2711 73 38 Com-j

2313 2759 95 25 mittee.
2850 2775 8 20 f

2345 2824 40 30 W.
2403 2828 36 26 M.
2458 2828 63 26 o.—
2521 2827 33 26 At
2606 2827 121 32 'meeting
2755 2826 26 25 of
2809 2828 49 24 ttaff

2313 2873 159 24 Committee-
2480 2879 34 16 on
2539 2871 156 31 Wednesday
2713 2870 104 31 evening
2832 2873 21 21 \t

2313 2923 57 18 was.
2387 2915 101 24 decided
2516 2917 26 22 to
2570 2915 62 24 have
2656 2921 15 17 a
2699 2913 154 32 valedictory

2314 2958 74 26 social
2399 2959 27 24 m
2437 2958 80 24 honor
2530 2958 26 25 of
2566 2957 40 25 Mr
2618 2957 77 25 Thos.
2711 2957 116 24 Watson.

2348 3033 68 24 Tbap
2442 3031 215 25 AcciDENT;^-»We
2677 3039 41 16 are
2738 3038 69 23 sorry
2826 3032 25 22 to

2314 3076 84 24 record
2409 3076 55 23 that
2484 3075 41 24 Mr
2547 3074 84 25 Alfred
2653 3074 96 24 Winter
2768 3073 48 24 had
2837 3081 14 16 a

2315 3120 71 30 nasty
2415 3118 110 24 accident
2548 3125 33 16 on
2609 3116 154 31 Wednesday
2794 3116 56 25 last.

2317 3161 83 25 When
2429 3160 101 32 passing
2558 3160 41 24 the
2618 3158 123 25 Barracks
2766 3166 87 16 corner

2316 3205 43 24 the
2378 3205 74 24 horse
2475 3203 58 25 took
2556 3203 76 32 fright
2656 3204 26 24 at
2704 3210 15 17 a
2741 3202 65 31 heap
2829 3202 27 24 of

2316 3252 89 26 stones,
2432 3248 51 24 and
2503 3247 40 24 Mr
2565 3247 97 24 Winter
2682 3254 51 17 was
2754 3246 97 24 thrown

2316 3293 42 23 out
2370 3292 50 24 and
2443 3290 73 31 badly
2528 3290 102 26 shaken,
2650 3289 50 24 and
2717 3289 82 24 before
2811 3290 42 23 the

2316 3336 71 23 horse
2398 3334 72 25 could
2487 3333 31 25 be
2530 3332 137 26 controlled
2679 3332 44 24 the
2740 3334 53 22 cart
2805 3341 48 15 was

2316 3377 92 26 broken
2420 3377 49 25 and
2484 3376 44 26 the
2540 3376 73 25 horse
2626 3384 50 16 was
2695 3384 15 16 a
2721 3376 64 31 good
2797 3376 54 24 deal

2317 3421 94 31 njurad.
2456 3420 40 24 Mr
2519 3420 100 24 Winter
2642 3422 77 22 states
2739 3419 54 24 that
2812 3419 41 24 the

2316 3464 71 24 horse
2406 3463 23 24 is
2446 3470 15 17 a
2481 3462 154 30 remarkably
2653 3463 68 30 quiet
2735 3469 54 21 one,
2808 3461 47 24 but

2316 3507 99 24 became
2444 3504 185 26 uncontrolable
2664 3504 109 31 through
2811 3504 44 25 the

2317 3549 96 25 sudden
2429 3548 86 32 fright.

2350 3622 107 25 Baptist
2475 3622 114 25 Church.
2592 3636 32 4 —
2625 3621 52 26 The
2689 3621 166 33 Anniversary

2317 3666 51 23 Tea
2378 3666 113 30 Meeting
2514 3666 27 23 of
2559 3665 51 24 this
2634 3664 101 25 Church
2757 3665 51 24 will
2827 3666 30 23 be

2317 3708 61 25 held
2389 3716 33 16 on
2435 3708 72 24 Good
2518 3708 100 31 Friday.

2350 3783 151 25 Influenza.
2502 3798 29 4 —
2536 3784 63 24 Now
2617 3783 51 24 this
2697 3783 120 31 epidemic
2836 3784 23 23 is

2317 3825 131 32 becoming
2457 3826 130 31 prevalent
2595 3833 37 17 we
2644 3825 113 32 strongly
2766 3833 90 18 recom-

2317 3870 73 24 mend
2402 3870 42 24 the
2456 3870 50 23 free
2518 3877 45 17 use
2574 3868 27 25 of
2611 3869 122 32 Platypus
2740 3868 86 26 Brand
2834 3869 28 25 of

2317 3912 155 31 Eucalyptus
2487 3911 125 25 Globulus
2640 3911 113 28 Extract,
2782 3913 76 23 taken
2869 3925 3 16 ;

2318 3962 67 24 upon
2408 3962 75 24 sugar
2510 3962 29 17 or
2557 3955 28 24 m
2609 3953 71 26 milk.
2716 3954 54 25 The
2792 3956 80 28 most?

2317 3997 115 31 pleasant
2443 4005 54 23 way
2509 3998 26 24 to
2544 3997 57 25 tako
2613 3997 157 31 Eucalyptus
2792 3998 21 25 is
2832 4000 40 24 mi

2413 4035 49 2 ....
2554 4035 33 2 ...
2678 4033 103 5 ......

2318 4040 44 25 the
2394 4041 117 30 Platypus
2539 4040 88 24 Brand
2655 4041 28 24 of

2319 4073 116 32 Jujubes.
2470 4073 71 32 They
2552 4081 43 17 are
2606 4073 26 24 m
2648 4074 63 24 such
2723 4082 15 16 a
2749 4075 112 31 portable

2318 4113 71 28 form,
2401 4113 116 31 pleasant
2530 4115 24 23 to
2566 4115 75 27 taste,
2660 4114 51 24 and
2728 4115 138 33 antiseptic,

2319 4150 143 26 stimulant.
2516 4173 2 3 .
2540 4164 3 3 •
2563 4175 3 2 .
2593 4164 3 13 :
2604 4159 9 6 J
2614 4159 3 7 '
2627 4153 3 10 :

2351 4224 86 26 Local
2472 4225 102 26 Option.
2580 4225 70 26 —Wl
2662 4229 27 23 at
2726 4227 24 25 is
2784 4228 78 27 Local

2319 4267 112 32 Op.tion?
2450 4267 76 32 Why,
2556 4268 113 26 whether
2696 4277 49 25 you
2773 4278 33 24 go
2834 4272 26 23 to

2320 4311 248 37 Christchurch^and
2593 4320 49 25 Day
2653 4338 3 10 (
2654 4314 61 32 305.;
2729 4313 44 28 fop
2778 4322 16 16 a
2811 4313 51 26 suit

2321 4354 26 25 of
2378 4355 107 31 I£aiapoi
2519 4356 100 25 Tweed,
2636 4365 36 22 .pr
2699 4359 42 30 get
2836 4359 27 23 at

2320 4397 121 30 Parish's,
2462 4399 66 26 East
2551 4394 103 36 Oxford,
2672 4400 37 25 for
2728 4395 59 30 '21s.

2354 4441 32 26 R.
2403 4442 34 26 H.
2449 4442 91 27 Parish
2551 4444 22 25 is
2585 4452 57 18 now
2654 4444 110 33 making'
2779 4443 83 26 Men's

2324 4485 70 25 Buita
2405 4487 27 23 to
2443 4486 73 24 order
2527 4487 66 25 from
2606 4487 38 24 £2
2656 4489 54 23 15si
2711 4490 3 10 !
2731 4489 4 4 '

2919 187 97 25 Social.
3019 202 33 4 —
3054 188 22 23 A
3094 188 82 25 Social
3193 196 51 18 was
3254 188 59 26 held
3332 190 28 24 m
3377 189 44 26 the

2885 230 150 26 Oddfellows
3066 231 69 30 Hall,
3170 232 73 25 West
3268 233 92 25 Oxford
3385 240 34 18 on

2884 274 91 31 Friday
2995 275 56 26 2nd.
3076 275 60 24 inst.
3160 277 26 22 to
3205 275 42 24 bid
3264 276 108 25 farewell
3391 277 27 23 to

2883 317 62 26 Rev.
2958 317 50 26 and
3031 318 54 25 Mrs
3096 317 128 26 Hounsell.
3259 318 53 26 The
3334 326 82 25 songs,

2881 361 115 32 readings
3008 362 41 24 &c.
3073 362 31 31 by
3122 361 93 25 friends
3236 362 49 24 and
3295 361 122 27 members

2883 406 25 23 of
2919 405 43 25 the
2974 405 172 31 congregation
3163 413 59 17 were
3233 405 57 25 well
3309 405 108 32 appreci-

2882 448 54 23 ated
2942 454 9 26 j
2968 449 176 24 refreshments
3156 456 62 17 were
3229 447 96 26 handed
3337 448 81 24 round

2881 492 27 22 at
2918 491 127 24 intervals.
3080 491 52 24 The
3145 491 77 24 Chair
3234 498 51 18 was
3296 491 76 24 taken
3384 491 33 32 by

2883 534 40 24 Mr
2934 534 83 24 David
3029 534 103 26 Hawke.

2915 606 46 24 We
2989 607 79 30 regret
3090 607 26 23 to
3139 605 69 25 learn
3242 604 53 24 that
3313 603 106 25 another

2882 649 93 25 Oxford
2987 648 79 32 youth
3076 647 47 25 has
3130 647 58 24 died
3198 648 26 23 at
3235 647 44 24 the
3290 645 127 32 Hospital,

2882 691 99 32 namely
3000 691 95 26 Walter
3123 691 87 29 Lamb,
3250 689 80 26 which
3358 689 59 24 took

2882 734 72 33 place,
2959 743 33 17 on
3003 734 92 31 Friday
3108 734 59 24 2nd.
3180 734 58 23 inst.

2881 879 70 24 FOR
2972 875 215 28 GARDENERS
3204 874 75 25 AND
3297 872 120 25 FRUIT-

3059 920 180 29 GROWERS.

3031 987 104 25 Tomato
3144 987 124 24 Diseases.
3323 984 4 13 ;

2881 1042 37 28 By
2932 1040 28 23 T.
2972 1040 37 23 W.
3029 1038 76 27 Kh-k,
3299 1033 5 14 i
3304 1040 30 19 c.,
3348 1026 70 28 iond

3000 1082 153 24 Government
3174 1078 127 30 Biologist.

2916 1147 221 30 Tomato-growers
3165 1144 26 23 m
3215 1149 69 27 soine,
3306 1139 110 25 districts

2883 1187 64 24 have
2968 1186 57 23 been
3039 1183 80 31 sorely
3131 1181 114 26 troubled
3256 1180 62 25 with
3327 1180 90 30 fungus

2883 1226 105 25 diseases
3012 1224 90 30 during
3113 1223 44 24 the
3176 1226 57 27 past
3245 1228 96 17 season.

2916 1264 52 24 The
2977 1263 92 30 fungus
3078 1260 101 32 spreads
3191 1259 59 24 with
3268 1258 92 24 almost
3379 1256 38 25 in-

2883 1303 103 25 credible
3014 1301 114 32 rapidity,
3158 1299 49 25 and
3231 1299 26 23 m
3278 1298 75 25 much
3376 1296 43 25 the

2883 1352 68 17 same
2963 1352 52 22 way
3028 1351 26 16 as
3067 1342 42 24 the
3121 1339 192 32 macrosporium
3322 1338 97 24 disease

2881 1383 28 24 m
2919 1383 120 31 potatoes.
3064 1381 33 23 At
3108 1380 64 27 first,
3185 1377 70 26 small
3264 1376 61 24 dark
3337 1377 82 23 brown

2883 1422 67 30 spots
2961 1428 59 23 may
3031 1419 29 24 be
3072 1426 58 17 seen
3142 1425 33 17 on
3187 1416 43 24 the
3240 1416 77 23 under
3329 1414 52 25 side
3393 1414 25 24 of

2881 1461 42 25 the
2934 1460 98 32 foliage,
3050 1460 59 24 then
3122 1458 43 25 the
3175 1464 79 24 upper
3265 1455 65 25 sidts
3347 1453 72 32 begin

2882 1503 26 23 to
2920 1500 68 26 show
2999 1500 95 31 yellow,
3112 1499 44 24 the
3165 1496 111 31 margins
3289 1494 59 27 curl,
3369 1494 50 25 and

2882 1538 131 32 gradually
3051 1536 44 25 the
3118 1534 80 26 whole
3221 1533 26 25 of
3273 1533 42 24 the
3337 1532 81 25 leaves

2883 1575 91 25 shrivel
2995 1574 50 25 and
3064 1574 47 24 die.
3147 1572 86 25 Under
3252 1572 67 31 glass
3331 1570 50 24 this
3396 1569 21 24 is

2883 1614 91 30 always
2983 1613 71 24 worst
3062 1612 26 23 m
3093 1611 75 31 badly
3176 1608 136 26 ventilated
3318 1607 98 30 houses;

2884 1656 43 22 out
2951 1653 29 24 of
2988 1653 87 28 ..floors
3103 1651 43 25 the
3168 1648 97 27 attacks
3287 1656 41 17 are
3352 1649 66 23 most

2885 1700 83 18 severe
2997 1700 33 17 on
3057 1689 266 36 imperfectly-drained
3348 1688 68 30 land,

2885 1733 26 24 m
2922 1734 67 23 most
2998 1731 138 29 situations,
3155 1729 49 25 and
3215 1727 130 33 especiallf
3356 1728 63 25 after

2885 1781 16 17 a
2911 1773 144 31 prevalence
3068 1771 27 24 of
3103 1773 92 26 warm,;
3202 1769 78 25 rnoist>
3285 1768 115 26 weather.

2920 1813 80 24 These
3011 1812 107 24 diseases
3137 1818 42 17 are
3197 1811 74 23 worst
3282 1809 27 24 m
3332 1808 85 33 badly-

2887 1854 134 27 ventilated
3032 1853 87 24 houses
3131 1850 50 26 and
3199 1858 33 16 on
3243 1849 75 32 damp
3330 1848 53 26 soil.

2920 1895 66 24 That
3015 1894 118 25 tomatoes
3158 1889 91 27 should
3285 1889 78 26 either
3387 1888 32 27 be

2886 1933 86 26 slaked
2984 1941 28 18 or
3023 1931 139 38 trainc^pn
3167 1956 8 9 t
3174 1929 179 32 ii;elliseg.,..lt
3370 1929 47 24 has

2885 1971 151 33 been-urged
3047 1962 170 34 thattreiiises
3229 1968 187 31 are-expensive^

2885 2011 63 24 This
2958 2011 66 24 need
3042 2010 31 24 be
3092 2017 33 17 no
3148 2008 115 26 obstacle,
3306 2009 23 22 A
3351 2007 68 23 stout

2885 2051 70 25 stake
2966 2050 99 25 ateach
3078 2049 49 25 erd
3138 2049 21 24 if
3222 2055 62 16 rows

2877 2091 6 13 :
2885 2089 50 25 and
2960 2096 57 24 one,
3027 2096 32 19 pr.
3077 2089 57 25 two.
3148 2086 110 31 between
3269 2084 21 24 if
3299 2084 66 29 .they
3377 2091 42 16 are

2884 2129 67 32 long,
2981 2128 61 26 with
3066 2136 13 15 a
3101 2128 67 31 piece
3192 2126 27 24 of
3229 2125 112 30 ..fencing
3359 2122 60 26 wire

2885 2169 110 25 strained
3005 2168 74 31 along
3100 2168 20 23 is
3132 2166 35 25 all
3181 2166 55 24 that
3247 2165 22 24 is
3281 2171 139 23 necessary.

2884 2209 54 25 The
2949 2209 80 25 vines*;
3038 2215 57 24 may
3107 2207 59 25 thea
3178 2205 30 25 be
3220 2205 49 24 tied
3275 2213 48 22 r-up
3335 2206 26 22 to
3372 2203 44 24 the

2884 2248 65 25 wire.
3017 2269 2 3 .
3032 2275 3 3 .
3060 2268 18 11 .
3086 2272 6 7 4
3136 2272 4 4 .
3153 2263 3 2 •
3168 2261 2 2 •
3181 2271 2 2 .
3195 2271 10 4 ...
3222 2271 3 4 ,

2918 2288 91 31 Young
3019 2288 85 31 plants
3129 2286 73 25 when
3261 2284 47 25 few
3330 2282 87 25 inches

2885 2327 59 31 high
2956 2326 91 25 should
3057 2325 31 24 be
3099 2324 102 31 sprayed
3211 2322 61 25 with
3289 2321 132 25 Bordeaux

2885 2361 120 33 mixtUrej:
3009 2378 3 3 •
3012 2362 54 27 .an'3
3086 2362 56 25 -this
3154 2361 96 25 -should,
3264 2360 30 24 be
3306 2359 114 34 Repeated

2885 2405 151 28 at.inler~als
3046 2403 112 24 of.about
3170 2403 42 22 ten
3224 2401 70 31 days.

2918 2442 40 25 All
2969 2443 83 30 plants
3064 2440 50 25 and
3125 2440 59 24 fruit
3195 2438 113 31 showing
3324 2436 97 26 disease

2885 2482 88 25 should
2985 2484 30 22 be
3027 2481 101 24 burned.

2917 2522 26 25 If
2949 2521 113 33 possible,
3071 2521 63 24 have
3143 2517 163 27 well-drairiea
3312 2516 106 32 ground,

2873 2563 61 24 -and
2956 2563 32 23 do
3012 2564 45 21 not
3079 2568 67 23 gro.w,
3166 2559 117 26 foniatpfis
3294 2559 57 26 -..t00
3372 2556 47 25 fre-

2884 2602 100 32 quently
2996 2609 33 16 on
3041 2600 42 25 the
3095 2607 69 16 same
3176 2599 63 30 spot.

2917 2641 80 24 Fresh
3021 2638 78 26 stable
3112 2634 108 28 Wanure
3243 2636 117 24 seems^to
3356 2631 5 12 1
3369 2632 4 4 '
3379 2634 40 24 in-

2883 2686 80 19 crease
2975 2679 43 24 the
3035 2677 102 25 disease.
3178 2691 53 14 ....-,.
3266 2700 22 5 .....

2893 2809 179 26 CHESHIRE
3086 2807 141 30 CHEESE
3244 2807 74 22 AND
3333 2807 89 21 HOW

2970 2839 46 36 TO
3016 2839 102 36 MAKE
3118 2839 179 36 IT.

3029 2895 118 31 By.Johri
3165 2894 109 30 Ben'sopi
3295 2895 18 26 /.
3344 2895 20 22 ./.

2914 2963 122 27 Cheshire
3048 2961 86 25 cheese
3142 2961 21 23 is
3175 2959 27 25 of
3208 2966 69 16 more
3287 2956 63 25 local
3359 2955 60 25 than

2885 3001 179 31 cosmopolitan
3075 3000 85 30 repute
3170 3006 6 21 ;
3188 2995 96 28 indeed,
3297 2994 42 24 the
3350 2993 69 25 mak-

2883 3043 44 30 ing
2949 3042 28 24 of
3001 3041 20 24 ib
3044 3041 21 23 is
3088 3036 143 34 practically
3254 3034 113 26 confined
3391 3034 26 23 to

2885 3079 120 25 Cheshire
3017 3077 49 25 and
3078 3077 43 24 the
3133 3075 124 25 countries
3266 3074 54 23 that
3333 3070 86 25 border

2885 3127 66 23 upon
2962 3119 29 24 ic.
3026 3117 54 25 The
3090 3116 101 29 locality
3203 3113 26 25 of
3245 3112 101 27 making
3368 3110 51 25 this

2885 3159 86 25 cheese
2981 3158 22 24 is
3012 3156 73 31 really
3180 3154 39 23 fed
3230 3155 24 22 to
3264 3152 53 24 that
3326 3150 93 25 where-

2885 3199 26 24 in
2924 3206 14 16 a
2950 3196 107 26 demand
3068 3196 36 23 for
3114 3196 20 22 it
3146 3194 85 27 exists,
3244 3199 27 17 as
3291 3191 33 24 its
3333 3190 87 30 fragile

2885 3238 87 24 nature
2994 3234 99 26 renders
3117 3234 18 23 it
3156 3230 141 26 unsuitable
3319 3229 36 24 for
3379 3236 41 15 ex-

2886 3274 124 33 portation
3021 3279 129 24 purposes.
3186 3269 53 24 The
3252 3267 101 32 general
3365 3274 55 16 con-

2886 3314 92 25 ditions
2991 3321 28 16 as
3030 3314 27 22 to
3069 3310 42 25 the
3133 3309 58 25 food
3202 3309 26 24 of
3242 3308 43 24 the
3303 3314 51 17 cow
3363 3314 54 22 pro-

2888 3353 90 30 ducing
2990 3352 43 24 the
3046 3349 57 24 milk
3114 3345 119 28 intended
3252 3345 38 25 for
3306 3343 116 26 Chpsbiio

2886 3392 102 31 making
3001 3399 41 16 are
3055 3389 101 25 similiar
3168 3389 24 22 to
3204 3387 72 24 those
3285 3383 136 33 applicable

2887 3435 26 22 to
2925 3431 120 25 Cheddar.
3080 3429 50 24 The
3138 3429 69 28 dairy
3218 3425 114 32 required
3340 3425 21 24 is
3370 3424 51 24 also

2888 3467 103 31 similar,
3042 3469 25 24 It
3086 3467 105 25 consists
3203 3467 26 23 of
3251 3465 68 25 three
3342 3464 80 30 apart-

2888 3510 81 24 ments
2978 3516 5 16 :
3003 3507 21 25 A
3036 3505 190 32 making-room,
3239 3511 13 16 a
3265 3507 156 27 press-room,

2888 3549 50 25 and
2948 3556 15 17 a
2984 3547 177 30 curing-room.
3196 3543 52 24 The
3268 3547 152 26 press-room

2887 3588 27 23 m
2933 3586 120 25 Cheshire
3072 3583 111 30 making,
3212 3582 116 25 however,
3354 3578 69 23 must

2888 3625 106 30 contain,
3012 3624 26 24 m
3050 3622 110 26 addition
3172 3625 25 19 to
3210 3620 41 24 the
3267 3624 98 26 presses,
3389 3622 32 17 an

2889 3673 71 20 oven,
2995 3662 110 26 -wherein
3127 3661 43 23 the
3201 3659 100 24 cheeses
3321 3664 43 17 san
3391 3655 31 23 be

2890 3708 83 33 placed
2980 3704 169 31 immediately
3158 3703 63 24 after
3227 3700 115 31 hooping.
3361 3698 61 24 This

2891 3745 119 26 so-called
3028 3751 64 17 oven
3111 3743 22 23 is
3156 3739 89 31 merely
3268 3747 15 16 a
3301 3744 78 17 recess
3394 3736 27 23 m

2891 3785 43 24 the
2956 3788 151 27 press-room
3119 3779 65 29 wall,
3202 3785 27 18 so
3241 3775 105 26 situated
3358 3782 26 15 as
3396 3776 27 21 to

2890 3825 63 24 have
2964 3823 44 25 the
3033 3820 97 25 kitchen
3151 3819 43 24 fire
3214 3818 25 22 at
3257 3816 42 24 the
3316 3813 61 25 back
3397 3813 29 24 of

2890 3862 29 26 it.
2961 3861 56 25 Tho
3028 3858 104 26 utensils
3144 3855 109 33 required
3265 3861 39 17 arc
3316 3851 60 26 such
3395 3859 29 16 as

2954 3899 59 25 used
3035 3906 27 15 m
3088 3904 47 24 any
3157 3900 97 25 process
3274 3891 26 25 of
3325 3890 97 24 cheese-

3028 3933 45 21 but
3097 3930 41 24 the
3159 3928 78 28 hoops
3264 3931 42 17 are
3325 3921 97 31 usually

2879 3958 6 20 ?
2891 3952 229 57 |^^S^m%
3124 3989 2 9 ;
3128 3968 52 42 M^
3193 3965 22 24 is
3234 3962 120 33 jacketed,
3372 3961 50 24 and

2880 3996 355 51 iM^rs^atbWj-^^
3257 4001 124 26 curd-mill
3399 4002 22 23 is

2880 4038 193 47 'five^^gj^edj,
3085 4034 228 47 sb^^pe^wd
3335 4038 102 40 etojbe^

2893 4090 92 33 ground
2992 4073 91 39 TloW
3088 4086 35 25 to:
3133 4074 110 41 feather
3251 4079 54 26 fine
3305 4079 12 16 r
3325 4073 112 47 s^pj,

2890 4130 116 26 •division.
3203 4130 6 5 ~'
3210 4127 21 14 K
3232 4132 4 3 '
3253 4134 2 9 :
3256 4128 58 28 *4sg-r
3323 4128 66 39 ■•^■'■j
3401 4144 13 11 r
3422 4131 5 6 '

2926 4169 79 25 There
3024 4173 42 18 are
3074 4165 73 24 ihree
3158 4161 114 25 methods
3285 4159 24 25 of
3332 4165 85 17 rnunu-

2893 4209 125 30 factoring
3047 4204 125 27 Cheshire,
3189 4201 94 29 cheese,
3321 4198 62 25 each
3400 4197 27 24 of

2894 4249 78 26 which
2981 4246 119 33 produces
3111 4252 15 15 a
3134 4242 89 32 special
3231 4243 55 28 type
3298 4239 27 24 of
3329 4239 95 23 cheese.

2882 4292 3 7 '■
2894 4293 54 28 The
2976 4292 70 25 three
3057 4283 5 15 ;
3074 4286 115 27 methods
3194 4293 7 4 -
3212 4293 40 17 ere
3262 4292 5 17 :
3298 4283 42 24 the
3360 4282 65 31 early

2894 4331 126 32 ripening,,
3033 4328 44 25 the
3099 4326 110 25 medium
3231 4321 123 33 ripening,
3378 4320 48 25 ao3

2895 4370 44 24 the
2958 4370 50 24 late
3030 4365 113 32 ripening
3168 4362 92 24 cheese.
3306 4359 54 25 The
3379 4360 49 22 two

2895 4406 73 26 latter
3031 4404 69 25 these
3118 4401 99 25 cheeses
3242 4406 42 18 are
3305 4396 27 26 of
3352 4396 77 25 much

2896 4444 96 34 quality
3015 4442 62 25 than
3100 4441 42 25 the
3163 4438 57 25 first
3239 4435 97 27 named.
3381 4433 50 26 Yet

2898 4485 27 22 at
2937 4483 41 24 the
2991 4481 98 31 present
3101 4479 60 23 time
3172 4476 42 26 the
3234 4474 74 33 quick
3319 4473 26 27 of
3355 4473 79 30 early*.

1147 40 174 32 OXFORD
1366 42 232 31 OBSERVER
1642 42 239 38 SATURDAY,
1917 45 139 33 APRIL
2087 45 41 33 10
2172 47 90 31 1897.
