3503 4512
16 150 118 32 ripening
154 151 89 26 chaese
266 154 21 24 is
311 155 78 25 muck
415 157 83 31 made,
524 159 49 25 and

25 189 52 24 this
90 190 119 32 probably
234 192 21 25 is
268 201 47 17 one
327 194 25 24 of
373 195 44 26 the
435 204 87 18 causes
547 199 25 24 of

24 228 42 24 the
79 230 138 31 prevailing
229 230 49 25 low
290 228 89 35 prices.

60 266 51 25 The
123 267 103 25 method
239 268 27 25 of
275 272 175 26 manufacture
463 273 74 26 about
546 276 25 24 to

26 307 29 23 Le
78 306 108 26 detailed
211 308 75 26 refers
310 312 26 24 to
341 314 8 7 J
348 320 16 16 a
357 312 11 10 v
382 312 88 25 cheese
489 315 82 24 which

26 345 53 26 will
92 347 56 24 take
161 348 76 26 about
247 350 71 26 three
336 352 104 26 months
453 355 26 23 to
490 354 81 31 ripen,

27 387 50 23 and
89 387 23 24 is
125 388 121 26 therefore
267 390 92 26 classed
378 400 27 16 as
428 401 15 16 a
465 394 108 25 medium

26 426 115 31 ripening
153 427 94 25 cheese.
283 428 54 25 The
348 427 116 34 qualities
481 432 93 25 looked

32 473 30 17 or
74 465 26 25 m
114 467 62 24 such
188 475 16 16 a
216 468 84 25 cheese
313 477 40 17 are
363 477 5 17 :
383 470 21 25 A
418 472 83 24 rather
508 472 63 31 high

38 503 95 30 colour,
162 506 124 30 produced
307 508 32 31 by
362 508 44 25 the
430 510 111 24 addition
559 519 14 16 o

29 543 137 32 coloimng,
180 552 14 16 a
206 543 134 31 looseness,
351 547 160 30 granulation
522 549 51 24 and

26 590 123 24 openness
156 584 27 24 m
194 584 42 25 the
246 585 65 33 body
321 587 48 24 and
378 588 95 24 texture
483 594 88 19 Known

28 631 26 15 as
269 634 15 15 a
307 627 94 23 csrta'n
421 630 105 21 amount
546 628 25 24 of

32 660 175 29 crambliness,
221 662 50 24 and
284 670 14 16 a
310 663 108 29 mellow,
431 665 63 27 rich,
507 667 65 30 tasty

38 700 105 25 ilavour.

1182 37 174 34 OXFORD
1400 41 226 34 OBbERVER
1943 43 133 32 APRIL
2119 42 39 31 10
2214 38 91 32 1897.

2931 4243 105 28 Printed
3070 4249 49 24 and
3147 4250 133 32 published
3322 4252 32 33 by
3399 4256 66 26 Axel

2964 4289 120 32 Ekiajnd,
3090 4314 5 3 .
3110 4293 39 25 for
3170 4294 90 26 Lauba
3277 4296 72 25 Anne
3366 4297 94 29 Parish

2965 4335 28 23 at
3008 4334 47 26 her
3077 4336 145 33 Registered
3243 4339 118 34 Printing
3383 4341 77 28 Cffica

2968 4377 72 33 High
3055 4379 82 27 Street
3153 4381 65 26 East
3238 4382 102 33 Oxford,
3361 4384 94 29 Oantet

2966 4421 71 34 bury.

3037 4467 131 28 Saturday
3185 4469 71 34 April
3267 4471 33 26 10
3311 4473 70 26 .1897

2956 160 116 45 HELP
3089 163 83 42 FOR
3189 161 86 44 THE
3299 163 149 48 WEAK*

2932 271 180 26 TCTEBVOUS
3133 271 70 25 AND
3222 271 246 29 DEBILITATED,

2934 308 31 20 jA
2991 305 64 28 who,
3067 304 111 33 through
3189 305 61 31 folly
3268 305 50 24 and
3328 306 140 30 ignorance,

2933 336 64 25 have
3009 337 80 25 trifled
3100 346 70 24 away
3182 338 62 24 their
3255 338 86 32 vigour
3360 339 26 23 of
3396 338 71 31 body,

2934 370 77 28 mind,
3025 371 50 23 and
3086 371 135 29 manhood,
3234 372 103 30 causing
3352 372 117 24 exhaust-

2933 401 44 32 ing
2993 403 83 24 drains
3088 411 67 23 upon
3166 404 44 24 the
3231 404 129 24 fountains
3380 406 26 22 of
3417 404 50 29 life,

2934 434 64 26 Loss
3006 435 25 24 of
3040 435 102 34 Energy
3151 436 48 25 and
3210 437 127 32 Strength,
3351 437 118 31 Timidi'y

2933 468 164 26 Bashfulness
3131 470 28 24 m
3195 468 106 34 Society,
3326 470 141 29 Headache,

2933 501 134 30 Backache,
3088 502 178 30 Nervousness,
3291 503 140 24 Weakness'
3444 502 25 25 of

2934 534 119 31 Memory,
3065 535 111 25 Restless
3187 535 81 32 Sleep,
3278 537 115 26 Dreams,
3403 536 66 24 Loss

2934 567 74 24 Flesh
3021 568 50 24 and
3083 568 68 25 Vital
3171 568 91 30 Powe^,
3286 569 137 31 Eruptions
3436 576 32 17 on

2933 600 42 24 the
2984 601 62 23 Face
3059 601 48 23 and
3121 601 78 31 Body,
3311 603 28 23 of
3348 602 119 29 Dt-veltp-

2932 636 78 24 ment,
3031 633 116 24 Varicose
3163 633 83 29 Veins,
3269 635 143 29 Incapacity
3430 634 39 23 for

2931 664 112 25 business
3055 673 28 16 or
3093 666 120 31 pleasure,
3229 667 103 31 Urinary
3342 667 113 24 Disease?
3455 675 3 4 1
3460 685 6 10 ,

2932 697 50 25 and
3001 698 34 24 all
3058 699 42 24 the
3123 700 84 25 effects
3230 701 100 31 leading
3352 704 25 21 to
3400 700 66 32 eaviy

2932 730 83 32 decay,
3041 732 105 31 perhaps
3168 734 182 30 Consumption
3375 742 28 16 or
3426 734 30 23 lii

2932 764 90 30 sanity,
3036 772 46 16 can
3107 765 28 24 be
3147 774 15 16 o
3169 766 94 24 stained
3274 766 32 30 by
3327 767 140 29 consulting

2931 796 138 29 personally
3088 805 14 16 O
3103 805 12 16 r
3124 798 30 30 by
3166 800 63 28 post,
3266 798 92 24 FREE
3369 798 84 24 PBOJ<
3461 806 5 6 •

2933 828 176 31 NOTMANN,
3385 829 82 27 -oam-

2933 860 84 32 bridge
3029 862 109 30 Terrace,
3163 864 112 31 opposite
3299 864 116 30 Colqnilo
3430 865 37 24 St.

2933 893 99 32 Bridge,
3045 920 3 2 .
3062 895 188 27 Christcliurch.
3314 897 52 25 The
3410 897 59 28 only

2932 927 226 26 Electrobotanieal
3187 930 96 30 Expert
3317 930 152 30 advertising

2931 958 55 24 who
2998 959 50 25 will
3061 964 135 27 guarantee
3214 970 15 16 a
3246 963 126 31 thorough
3400 970 67 18 cure.

2934 991 57 25 Sole
3007 994 135 29 proprielor
3170 995 50 24 and
3236 998 115 28 patentee
3380 996 26 25 of
3425 995 43 25 the

2932 1024 59 32 only
3013 1028 148 28 guaranteed
3185 1027 110 27 Electric
3317 1029 70 25 Belts
3419 1028 49 25 and

2932 1057 72 24 other
3016 1059 88 30 special
3128 1061 122 25 electrical
3276 1062 141 31 appliances
3440 1061 27 24 m

2932 1089 42 24 the
2984 1090 113 26 colonies.
3133 1092 98 26 Ladies'
3244 1094 95 27 French
3351 1095 116 24 herbace-

2933 1130 42 17 ous
2987 1123 58 31 pills
3065 1124 38 25 for
3131 1125 176 31 irregularities
3330 1128 63 25 from
3418 1136 49 23 any

2932 1163 81 23 cause,
3039 1159 42 22 10s
3104 1160 94 28 posted.
3233 1160 144 32 Pamphlets
3406 1162 60 24 free.

2933 1189 202 27 Testimonial:-—
3138 1192 98 31 Napier,
3247 1194 95 32 August
3350 1195 44 25 7ih
3403 1196 63 23 1895

2932 1221 65 25 Prof.
3009 1223 131 26 Notmann.
3142 1240 34 3 —
3176 1226 67 24 Dear
3253 1228 79 29 Sir,—
3336 1228 13 24 l
3359 1229 84 24 receiv.
3453 1229 14 23 d

2931 1263 60 23 your
2998 1256 74 25 letter
3080 1259 49 23 iast
3141 1259 75 29 week,
3236 1261 48 24 and
3296 1261 14 24 I
3326 1270 40 15 am
3377 1261 89 25 thank-

2931 1288 37 23 ful
2991 1292 26 21 to
3039 1289 52 25 find
3114 1299 49 23 you
3176 1300 41 16 are
3229 1294 103 24 anxious
3350 1297 25 22 to
3396 1295 70 25 know

2932 1320 42 24 the
2986 1321 106 26 benefits
3109 1323 14 24 I
3134 1324 64 25 have
3210 1326 98 25 derived
3327 1327 60 24 from
3405 1336 62 22 your

2931 1354 63 23 treat
2998 1357 75 22 meut.
3110 1357 48 29 Sir,
3186 1358 21 24 it
3234 1359 68 31 gives
3330 1367 40 17 me
3398 1363 69 28 great

2931 1385 113 31 pleasure
3057 1390 25 22 to
3093 1389 92 25 inform
3196 1399 49 22 you
3255 1392 55 24 that
3319 1400 15 16 a
3345 1395 121 29 complete

2931 1419 50 24 and
2992 1420 93 30 perfect
3096 1430 58 17 cure
3165 1423 47 25 has
3231 1424 62 25 been
3316 1426 101 24 effected
3441 1427 26 23 of

2932 1452 43 24 the
2985 1453 117 26 maladies
3114 1456 14 23 I
3146 1457 157 30 complained
3323 1459 26 23 of
3359 1461 26 22 to
3408 1468 57 22 you.

2931 1484 13 24 I
2956 1492 41 17 am
3009 1486 115 33 enjoying
3135 1489 63 30 good
3215 1490 92 30 health,
3320 1493 49 22 and
3380 1500 40 17 am
3430 1501 36 16 re-

2931 1518 82 24 stored
3034 1520 24 23 to
3079 1521 86 32 manly
3187 1522 94 31 vigour.
3317 1524 58 24 P.S.
3379 1539 30 4 —
3412 1525 54 30 Any

2931 1550 102 25 sufferer
3041 1551 111 27 desirous
3159 1554 28 24 of
3191 1557 210 31 communicating
3406 1558 60 25 with

2930 1590 40 16 me
2978 1591 49 23 you
3039 1591 42 18 are
3093 1588 26 21 at
3136 1586 89 33 liberty
3248 1590 26 22 to
3294 1590 55 30 give
3369 1598 41 23 my
3424 1591 41 23 ad-

2930 1616 75 29 dress,
3018 1616 37 24 for
3066 1617 14 23 I
3097 1618 47 26 like
3156 1627 59 24 your
3231 1623 118 28 practical
3363 1623 103 26 method

2930 1648 26 23 of
2968 1651 175 24 treatment.—
3145 1652 29 25 T.
3190 1652 27 26 C.
3232 1654 116 25 Simpson.

3128 1859 138 23 LIMITED.

2959 1911 271 34 CHRISTCHUECH
3250 1920 184 31 BREWERY.

3159 1979 63 21 THE

3077 2019 228 39 ALES

3062 2061 131 24 BREWED
3203 2065 41 21 BY
3257 2067 71 22 THIS

3019 2101 368 42 COMPANY

3113 2157 83 22 FROM
3222 2160 49 21 HE

2930 2205 223 43 OffOIOSST
3169 2208 294 52 VtALTitiifß

3043 2259 46 22 Are
3098 2262 174 29 acknowledged
3281 2268 25 20 to
3315 2268 28 21 be

2927 2296 148 23 SUPERIOR
3085 2300 36 22 IN
3130 2301 138 24 QUALITY
3277 2306 111 22 TO'ANY
3394 2306 71 25 PRO-

2995 2339 102 22 DUCED
3110 2342 37 22 IN
3159 2344 75 21 NEW
3247 2346 149 24 ZEALAND.

2956 2376 108 28 Supplied
3069 2379 162 24 toHotelsand
3238 2383 92 23 Private
3337 2386 127 23 Customer^

2927 2409 25 14 m
2961 2404 142 27 Hogsheads,
3114 2407 99 27 Barrels,
3225 2411 139 26 Kilderkins,
3374 2415 45 20 and
3431 2417 33 18 10-

2928 2431 88 25 --gallons
3026 2432 62 27 Kegs
3098 2435 61 26 only.

2930 2482 116 43 PALS
3069 2486 91 41 ALE
3183 2488 94 43 MB
3307 2491 157 45 EXTBA

3122 2538 133 44 STOUT

3012 2587 93 23 Bottled
3127 2590 25 21 m
3161 2591 85 25 Quarts
3255 2594 47 20 and
3311 2594 71 22 Pints.

2978 2701 51 55 S;
3056 2703 49 45 B.
3128 2704 305 58 SEYMOUE,

3126 2771 138 30 DENTIST,

2969 2811 41 22 215
3025 2811 105 22 Colombo
3145 2813 81 26 Street,
3250 2815 167 24 Christchurch.

3098 2886 178 23 CHARGES:—

2996 2925 93 26 Filling,
3104 2926 25 20 5e
3135 2934 9 16 ;
3178 2927 133 23 Extraction
3319 2931 25 19 2s
3358 2931 36 20 6d.

2955 2988 96 21 Nitrous
3062 2989 59 21 Oxid
3131 2990 46 21 Gas
3187 2991 169 24 Administered
3361 2995 37 21 for
3405 2996 58 22 Pain,

2928 3026 45 22 less
2983 3028 133 23 Extraction
3126 3031 24 20 of
3159 3032 80 22 Teeth.
3272 3035 46 21 Fee
3326 3035 37 21 for
3371 3035 92 22 Admin'

2928 3065 109 23 istration
3047 3068 31 20 ss.

2931 3537 253 50 JOSEPH
3227 3543 240 50 LOUGTI.

3077 3616 246 30 UNDERTAKER.

3045 3659 111 32 EAST
3180 3663 185 33 OXFORD.

2966 3709 104 33 Having
3076 3710 53 32 just
3137 3712 125 33 imported
3269 3715 64 25 from
3340 3716 127 34 England,

2931 3759 56 17 new
3009 3753 117 33 Designs,
3161 3764 55 18 new
3245 3758 150 34 Trimmings
3419 3763 50 24 and

2932 3794 89 31 Robes,
3033 3797 23 23 is
3064 3799 119 30 prepared
3195 3801 26 24 to
3230 3802 107 25 conduct
3345 3803 123 27 Funerala

2932 3833 98 32 Adults,
3049 3838 27 23 at
3088 3837 47 26 £5.
3149 3839 50 24 and
3210 3843 123 29 upwards,
3356 3841 112 33 polished

2931 3877 82 30 coffin,
3037 3880 49 25 and
3117 3882 194 28 silvermounted
3333 3887 134 27 Furniture

2932 3921 78 26 From
3022 3923 47 25 £8.
3088 3926 132 33 according
3231 3930 26 24 to
3279 3930 115 32 Designs.
3429 3932 40 26 No

2931 3966 71 23 extra
3013 3967 89 32 charge
3114 3969 39 25 for
3165 3970 96 27 Hearse
3284 3981 28 16 or
3330 3981 64 25 open
3410 3975 58 25 Car-

2930 4006 76 33 riage.

2944 4051 52 37 ?#;
3008 4053 49 37 ;'s•
3070 4074 4 10 :
3083 4055 105 39 foffinßs
3258 4083 6 8 r
3267 4076 2 1 -
3321 4054 96 38 /stoeV
3431 4062 38 27 for

2472 336 215 32 Established
2712 341 79 29 1862
2882 344 3 25 :

2416 398 125 33 FLOUR,
2554 403 55 26 best
2620 404 81 26 brand
2710 407 61 32 only
2782 407 68 32 kept.

2369 440 145 34 SHARPS,
2551 446 208 34 OATMEAL,
2795 451 109 26 BRAN

2459 488 291 35 CHICKENWHEAT,
2768 496 43 25 &o.

2395 528 193 27 AT'LQWEST
2616 534 142 24 CURRENT
2793 539 112 28 RATES]

2458 709 53 44 F.
2544 710 48 46 B.
2615 713 170 47 LANE

2474 788 90 38 (Late
2579 791 38 30 E.
2638 792 159 43 Butcher.)

2371 843 249 42 Watchmaker,
2649 851 184 40 Jeweller,
2850 857 52 30 &c.

2368 893 124 32 Importer
2526 899 28 22 of
2593 899 106 26 Musical
2735 903 169 29 Instruments

2469 934 110 26 Victoria
2601 937 37 25 St.
2669 939 134 33 Rangiora.

2371 1009 99 31 Special
2481 1012 71 24 value
2575 1014 27 24 m
2625 1014 80 27 Extra
2727 1021 87 30 strong
2826 1021 76 26 Cased

2369 1052 87 32 highly
2465 1054 109 26 finished
2588 1057 107 32 English
2714 1061 79 26 Lever
2803 1064 97 25 Watch-

2369 1102 35 17 es.
2451 1096 191 29 Manufactured
2659 1103 26 24 to
2707 1111 42 25 my
2778 1107 72 25 order
2872 1108 33 33 by

2370 1134 55 26 best
2436 1136 105 26 London
2561 1140 105 26 makers.
2702 1143 156 33 Unequalled
2867 1148 38 26 for

2369 1179 123 26 excellent
2506 1181 177 35 Timekeeping
2698 1188 50 24 and
2759 1189 143 35 durability.

2402 1222 29 25 F.
2450 1223 31 26 B.
2494 1224 96 26 LANE
2603 1230 139 33 personally
2764 1233 71 26 visits
2856 1235 47 26 Ox-

2369 1265 54 25 ford
2444 1270 124 31 monthly.,
2592 1273 115 32 carrying
2726 1283 16 17 a
2763 1276 69 33 large
2855 1280 47 25 and

2369 1308 84 26 choice
2488 1313 70 24 stock
2587 1315 27 23 of
2645 1316 126 31 Watches,
2801 1321 101 31 Chains,

2368 1351 134 31 Brooches,
2513 1355 88 32 Rings,
2612 1358 85 30 Studs,
2716 1360 128 29 Pendants
2856 1367 46 29 etc,

2371 1393 141 33 Spectacles
2534 1398 123 33 (Pebbles,
2674 1402 169 36 Pantoscopsc
2854 1409 49 25 and

2369 1438 108 35 Crystal)
2491 1440 96 31 Clocks,
2607 1444 108 33 (Marble
2735 1449 50 24 and
2803 1450 99 35 Wood,)

2467 1484 157 28 Accordeons
2636 1489 50 24 and
2698 1489 106 28 Violins.

2401 1545 82 27 Exact
2495 1548 57 25 date
2564 1550 28 24 of
2601 1551 62 25 each
2674 1553 60 25 visit
2756 1555 22 24 is
2789 1558 103 25 notified

2516 1591 27 24 m

2366 1630 149 27 Repairs.—
2517 1635 42 24 All
2570 1637 94 31 repairs
2681 1647 43 17 are
2741 1644 118 25 executed
2871 1645 34 32 by

2365 1676 93 30 myself
2478 1685 28 16 or
2523 1680 79 24 under
2618 1689 43 24 my
2681 1685 221 30 superintendence

2364 1725 28 17 so
2415 1719 56 26 that
2489 1724 103 28 patrons
2604 1732 47 17 can
2674 1728 53 30 rely
2749 1737 32 16 on
2804 1732 98 32 getting

2364 1762 155 27 satisfaction
2529 1767 27 23 at
2567 1767 44 25 the
2622 1776 59 24 very
2691 1769 87 28 lowest
2787 1773 111 34 charges.

2396 1805 105 33 Repairs
2513 1817 28 17 or
2549 1811 85 26 orders
2642 1820 60 26 may
2713 1814 29 26 be
2750 1816 45 25 left
2806 1819 61 24 at—

2362 1853 26 25 J.
2408 1855 132 34 Weeber's,
2576 1861 65 25 East
2664 1863 100 26 Oxford,

2361 1900 27 24 at
2411 1899 40 26 W.
2475 1902 35 24 M.
2535 1903 38 29 C,
2597 1905 65 26 East
2687 1907 100 26 Oxiord.

2361 1943 24 24 J.
2403 1943 100 34 Brown,
2516 1945 160 36 Bootmaker,
2702 1950 69 28 West
2796 1952 99 29 Oxford.

2361 1986 40 26 W.
2414 1988 25 24 J.
2453 1989 118 29 Crothers
2580 1995 19 23 &
2612 1993 45 26 Co.
2665 2014 5 6 .
2693 1995 69 28 Oust.

2394 2032 50 24 and
2460 2033 52 26 will
2519 2034 30 26 be
2560 2039 127 32 promptly
2699 2042 118 25 attended
2829 2045 33 24 to.

2360 2075 55 30 All
2427 2077 97 31 Work
2537 2080 78 32 clone
2627 2093 39 19 on
2681 2085 54 30 the
2747 2086 150 33 Premises

2484 2132 63 28 and
2561 2137 199 34 guaranteed.

2452 2288 119 41 FRED
2615 2293 188 42 PULLER.

2550 2349 164 25 SOLICITOR.

2402 2385 13 20 9
2425 2385 124 22 Cathedral
2559 2388 93 26 Square,
2668 2390 190 24 Chmstchtjbch.

2363 2417 116 27 (Eetween
2488 2420 110 22 Morten's
2608 2423 116 28 buildings
2735 2426 17 20 &
2763 2426 130 23 PostOffce

2401 2495 188 59 Money
2618 2500 53 43 to
2709 2501 142 47 Lend

2361 2566 29 15 on
2400 2562 32 19 all
2441 2562 57 21 kind
2508 2563 24 20 of
2543 2564 112 28 Security,
2664 2567 26 20 at
2708 2567 58 22 Low
2779 2570 79 21 Bates
2877 2571 23 21 of

2387 2605 108 22 Interest.
2525 2607 89 27 Special
2627 2610 78 22 Terras
2716 2611 34 22 for
2759 2613 111 22 Farmers.

2421 2767 425 51 EUCALYPTUS
2898 2766 3 55 \

2625 2841 12 15 ♦
2808 2853 12 2 ..
2853 2853 38 3 ...

2419 2867 60 20 THE
2495 2868 72 19 BEST
2581 2869 88 20 HOME
2686 2870 141 22 REMEDIE

2477 2906 37 14 are
2528 2900 36 21 the
2573 2902 136 25 preparation
2719 2903 26 22 of
2753 2904 35 20 the

2363 2934 170 23 TASMANIAN
2551 2938 187 22 EUCALYPTUS
2752 2940 48 21 OIL
2815 2941 76 20 COMP

2391 2972 136 26 Universally
2537 2974 104 21 admitted
2651 2975 35 20 the
2695 2977 80 24 BEST,
2785 2978 115 21 PUREST

2363 3010 43 19 and
2416 3011 57 18 most
2483 3011 94 20 effective
2588 3011 134 26 Eucalyptus
2745 3014 105 21 Globulus
2865 3015 27 20 Oi

2361 3041 34 20 for
2415 3041 172 27 INFLUENZA,
2609 3044 91 26 Coughs,
2721 3045 63 20 Colds
2810 3047 43 20 and
2870 3048 30 20 all

2363 3072 64 21 Chest
2444 3074 43 20 and
2496 3074 63 25 Lung
2575 3075 113 21 affections
2702 3077 78 26 speedy
2789 3079 60 20 relief
2858 3079 43 21 and

2363 3105 55 20 Cure
2436 3106 34 19 for
2485 3105 158 26 Rheumatism,
2664 3108 122 27 Neuralgia,
2801 3111 100 25 Sprains-

2362 3131 72 21 Burns
2455 3133 39 22 &c.

2390 3165 134 27 Eucalyptus
2542 3167 104 21 Globulus
2664 3169 93 22 Extract
2766 3172 89 25 sprayed
2869 3172 33 20 in-

2363 3197 64 21 haled
2442 3198 43 21 and
2500 3199 64 21 taken
2575 3200 116 27 internally
2709 3202 34 20 for
2758 3202 36 21 the
2811 3204 88 26 Throat,

2364 3234 99 27 Catarrh,
2481 3235 60 26 Hay,
2567 3237 100 26 Typhoid
2684 3239 43 21 and
2742 3241 83 20 Scarlet
2836 3242 66 20 Fever

2364 3266 131 22 MEASLES
2506 3268 37 20 the
2548 3270 56 19 most
2614 3270 136 26 satisfactory
2759 3274 145 23 preventative

2364 3297 44 20 and
2422 3298 61 21 Cure.
2511 3300 57 20 Send
2581 3300 51 21 Post
2648 3302 56 20 Card
2714 3304 23 19 to
2747 3303 37 21 the
2793 3304 64 21 Office
2870 3306 33 20 for

2364 3328 97 22 Circular
2474 3331 120 26 describing
2613 3334 123 21 treatment.
2763 3335 140 27 Eucalyptus,

2364 3362 112 22 Ointment
2487 3365 36 19 the
2532 3366 70 24 Magic
2611 3368 80 19 Healer
2705 3368 22 19 of
2742 3369 69 23 Sores,
2825 3354 79 40 Burns',

2364 3393 104 25 Woundß,
2484 3395 60 21 Boils
2563 3398 45 23 &c,
2631 3397 136 28 Eucalyptus
2787 3400 57 26 Soap
2860 3401 43 21 Fra

2364 3427 63 22 grant
2437 3427 44 20 and
2489 3428 125 27 refreshing,
2639 3429 133 27 Eucalyptus
2782 3432 89 26 Jujubes
2881 3441 24 13 or

2364 3456 103 22 Pastilles
2476 3459 34 20 for
2519 3459 37 21 the
2582 3460 80 21 Throat
2672 3462 44 20 and
2724 3462 65 21 Voice
2806 3470 28 13 an
2848 3465 57 20 anti-

2364 3489 68 25 septic
2442 3490 42 20 and
2495 3491 121 21 stimulant.

2364 3521 127 28 Veterinary
2507 3524 37 21 Oil
2553 3526 43 20 and
2606 3527 113 21 Ointment
2728 3528 33 22 for
2771 3528 37 21 the
2817 3529 87 23 stables.

2391 3556 31 21 Be
2431 3562 50 16 sure
2490 3564 43 20 you
2542 3559 110 22 Purchase
2666 3561 39 21 the
2716 3561 104 27 Platypus
2837 3563 68 22 brand

2364 3588 51 25 only
2425 3589 23 20 of
2454 3590 30 19 all
2493 3590 115 26 Chemists,
2613 3592 89 21 Grocers
2707 3594 45 19 and
2758 3594 147 27 Storekeepers

2364 3619 44 20 and
2421 3622 23 19 at
2458 3621 37 21 the
2506 3622 64 21 Office
2580 3624 12 20 9
2601 3623 116 21 Cathedral
2726 3631 77 18 square
2811 3625 94 23 between

2363 3649 102 23 Mortens
2479 3653 113 26 Buildings
2600 3655 43 21 and
2654 3656 37 20 the
2700 3656 51 21 Post
2761 3656 71 23 Office.

2530 3688 88 21 Oxford
2629 3689 80 27 Agent

2418 3721 26 21 R.
2455 3721 29 22 H.
2498 3723 121 27 PARISH,
2642 3726 78 21 EAST
2733 3728 121 21 OXFORD

2443 3759 143 29 Eucalyptus
2596 3763 38 20 Oil
2647 3763 32 28 1/-
2692 3771 41 20 per
2742 3766 79 22 bottle.

2380 3933 503 57 DEESSMAKINS.

2463 4023 101 33 MISS
2587 4027 212 32 KENNEDY

2363 4102 5 5 -
2401 4067 395 68 Mteviro^^^T.C^
2814 4080 100 52 fr&J

2359 4121 132 43 ling^on.
2561 4130 5 3 '

2401 4166 82 40 Begs
2516 4171 43 27 to-
2579 4170 116 32 inforra
2724 4170 60 36 la^t
2786 4178 15 28 ')
2812 4171 91 42 Lady

2359 4206 118 32 friends
2491 4208 71 31 that
2576 4210 55 31 Sho
2658 4210 27 31 is
2700 4213 152 38 prepared
2870 4217 35 28 to

2359 4248 91 30 make
2490 4248 120 33 dresses
2638 4251 34 30 m
2707 4252 197 36 fashionable

2359 4289 62 29 and
2436 4289 92 32 latest
2543 4291 108 40 styles,
2674 4296 34 27 at
2722 4297 182 31 reasonable

2358 4329 141 41 charges.

2401 4377 62 32 She
2491 4379 56 31 has
2569 4384 155 39 arranged
2749 4384 50 32 for
2826 4397 78 30 pre-

2357 4422 71 28 sent
2461 4422 174 32 workroom
2664 4429 80 28 next
2771 4433 34 25 to
2836 4428 66 33 Mrs

2357 4460 150 42 Lough's*
2540 4464 131 33 Oxford.

1267 173 117 89 B.
1465 168 135 97 H.
1658 173 518 92 PARISH

1450 406 203 62 HAST
1701 408 329 64 OXFORD

1178 609 351 84 [Ladies
1601 609 381 86 Gorsets
2030 614 301 85 ls.9d.

1357 964 341 47 ENORMOUS
1757 968 393 46 REDUCTIONS

1191 1385 453 86 Reduced
1698 1391 100 83 to
1842 1390 174 84 21s
2135 1391 161 85 6dL

1449 1623 322 87 worth
1862 1627 166 85 30s
2037 1693 19 21 o

1174 1861 233 88 This
1451 1862 270 90 beats
1765 1865 170 89 the
1976 1866 352 90 travel-

1400 2104 221 111 ling
1671 2109 445 111 Drapers.

1400 2286 420 25 »♦♦♦♦♦♦♦♦♦»♦♦♦♦♦♦♦♦♦♦♦♦»»»»»„
1824 2297 10 14 ,
1839 2297 141 16 MMM)W

1172 2358 81 26 TTHE
1272 2359 115 33 question
1398 2359 22 25 is
1431 2359 100 25 natural
1531 2373 35 4 —
1590 2359 67 32 Why
1668 2359 61 25 send
1744 2361 27 23 to
1783 2359 116 26 Christen
1902 2361 59 24 urcb
1980 2360 39 25 for
2036 2368 62 24 your
2116 2361 110 34 Drapery
2234 2364 12 23 ?
2281 2363 52 26 The

1180 2385 19 31 1
1237 2392 102 32 drapery
1351 2392 54 25 sold
1413 2392 26 24 m
1448 2392 57 24 that
1516 2392 51 31 city
1578 2400 73 23 every
1662 2400 46 17 one
1721 2392 94 30 knows,
1828 2393 22 24 is
1862 2395 45 23 not
1917 2394 73 24 made
2001 2394 77 29 there,
2098 2394 45 25 but
2154 2396 130 31 imported.
2319 2399 14 23 I

1172 2425 93 32 import
1276 2425 65 25 from
1352 2425 44 25 the
1407 2425 54 25 best
1472 2424 108 31 English
1592 2425 50 25 and
1660 2425 87 25 Scotch
1760 2425 100 25 houses.
1907 2427 71 24 lam
1990 2427 105 24 enabled
2107 2429 26 23 to
2144 2431 123 28 purchase
2284 2431 49 24 low

1173 2458 51 25 and
1233 2458 46 25 sell
1291 2460 26 23 at
1326 2466 15 17 a
1352 2459 54 23 rate
1418 2457 26 24 of
1453 2457 74 31 profit
1540 2458 54 32 (my
1605 2465 119 23 expenses
1735 2458 74 32 being
1820 2458 82 32 small)
1915 2460 57 24 that
1983 2460 82 25 would
2077 2460 30 25 be
2126 2462 144 25 considered
2290 2464 42 24 ab-

1173 2492 59 24 surd
1244 2491 31 32 by
1292 2500 48 23 any
1360 2490 180 26 Christchurch
1563 2490 200 26 establishment.
1816 2491 45 32 My
1882 2492 77 25 Stock
1977 2493 22 23 is
2018 2493 44 25 the
2081 2494 94 31 largest
2193 2496 50 24 and
2265 2500 68 23 most

1172 2525 85 24 varied
1275 2525 58 24 that
1343 2525 45 23 lias
1400 2531 56 16 ever
1467 2525 63 22 been
1541 2523 88 24 shown
1639 2524 28 24 m
1678 2524 44 24 the
1733 2525 104 29 district,
1851 2525 50 24 and
1912 2526 38 24 for
1961 2526 92 31 quality
2074 2527 48 24 and
2142 2528 71 25 value
2230 2531 59 29 puts
2305 2532 28 24 m

1172 2559 30 24 he
1214 2559 78 24 shade
1308 2558 77 31 goods
1397 2557 92 23 offered
1500 2556 33 32 by
1545 2557 103 31 visiting
1660 2557 116 25 hawkers
1790 2559 63 24 from
1864 2558 44 25 the
1926 2559 182 26 Christchurch
2120 2568 45 24 rag
2176 2564 88 23 marts.

1205 2612 94 25 Dress
1311 2611 165 31 Materials,
1489 2610 88 26 Plain
1589 2611 60 25 and
1660 2610 104 32 Fancy
1775 2612 80 24 from

1206 2669 26 26 A
1249 2669 110 30 Strong
1376 2669 88 26 Stout
1480 2669 133 25 Durable
1631 2669 127 31 Kaiapoi
1774 2669 114 26 Tweed
1904 2671 51 32 2/6
1967 2678 55 24 per
2033 2673 76 29 yard

1805 2714 109 25 Makes
1924 2716 157 25 first-class
2098 2716 90 32 Boys'
2207 2718 91 26 Suits.

1206 2764 57 24 Art
1280 2763 140 29 Muslins,
1440 2761 156 32 Gretones,
1615 2763 80 25 Lace
1714 2763 138 25 Curtains
1870 2764 54 25 &c.

1206 2828 25 30 A
1249 2827 110 26 Choice
1377 2827 167 26 Collection
1562 2829 33 24 of
1609 2828 122 32 Gloves,
1759 2829 76 32 Ties,
1866 2829 129 33 Aprons,
2026 2831 166 28 Insertions
2210 2835 53 25 &c.

1206 2890 103 25 Prints
1321 2890 79 24 from
1413 2890 52 24 4d.
1477 2896 56 24 per
1543 2891 85 30 yard.
1641 2890 140 33 Muslins,
1794 2892 139 31 Selesias,
1947 2892 126 33 Calicos,
2088 2893 54 27 &c.

1794 2935 87 25 With
1898 2937 87 24 other
2002 2937 194 28 Manchester
2212 2942 87 30 lines.

1206 2984 89 31 Hats,
1313 2984 103 31 Fancy
1434 2984 60 24 and
1510 2984 107 31 Sailor,
1636 2986 32 23 m
1684 2984 104 26 White
1806 2987 61 23 and
1883 2986 117 27 Colors.

1752 3029 126 26 Newest
1895 3031 123 33 Shapes.
2054 3033 96 31 Large
2168 3036 131 34 Variety,

1206 3078 148 32 Flowers,
1373 3079 154 32 Feathers,
1547 3079 148 32 Ribbons,
1714 3080 106 33 Laces,
1839 3081 75 33 Jets,
1934 3083 55 25 &c.

1680 3121 88 25 With
1785 3124 41 22 all
1842 3124 185 23 necessaries
2045 3125 48 24 for
2109 3125 191 31 Trimmings.

1206 3164 104 31 Fancy
1326 3165 140 31 Frillings
1485 3167 77 31 3yds
1574 3168 47 24 for
1630 3168 37 33 1/-
1684 3170 103 23 worth
1799 3169 49 31 9d,
1867 3175 55 26 per
1933 3173 83 29 yard,

1744 3212 183 35 Umbrellas,
1946 3215 151 33 Parasols,
2116 3217 184 33 Sunshades,

1493 3285 244 44 DOUBLE
1799 3287 215 46 WIDTH

1254 3446 295 86 Dress
1623 3448 397 89 Tweeds
2108 3455 103 85 Is

1477 3602 332 86 worth
1881 3606 135 84 2s.

1254 3748 463 89 Costume
1780 3753 289 88 Cloth
2149 3761 125 82 Is.

1409 3892 320 114 i^orth
1770 3901 102 83 Is
1936 3899 162 90 6d.

1172 4198 135 42 English
1320 4200 129 43 Witney
1458 4202 150 51 Blankets
1621 4209 34 27 to
1670 4207 38 31 be
1722 4208 69 36 sol^
1805 4212 33 28 at
1848 4209 59 31 less
1915 4210 79 30 tliaa
2007 4209 181 36 Melbourne
2201 4212 132 33 Whole-

1172 4252 62 30 sale
1256 4250 251 42 price—Doubie
1517 4254 73 33 Bed
1607 4251 69 39 Size
1700 4260 64 30 12s.
1791 4261 49 31 6d.
1891 4261 103 31 worth
2011 4263 66 31 16s.
2118 4261 215 45 6d.*perpair

1338 4295 132 41 cheaper
1482 4297 86 30 thaV
1576 4297 225 35 Ghristchurch
1815 4303 113 31 houses
1942 4303 66 31 will
2022 4304 58 30 sell
2095 4307 96 29 tnem.

1213 4399 52 34 R
1270 4420 14 13 *
1338 4401 77 35 **•
1468 4405 299 39 PARISH
1834 4412 155 35 East
2024 4413 262 38 Oxford.

648 167 38 39 R
689 195 13 12 a
729 168 58 39 H.
823 169 285 44 PARISH'S

602 258 217 35 BARGAINS
873 265 49 29 for
952 266 61 30 this
1036 267 108 29 month

590 301 290 16 i.■
966 313 5 5 .
996 313 3 2 .
1025 314 2 3 .

768 384 178 29 CUCX'JJL
975 387 128 24 TWEED

818 455 35 24 (,]
868 453 83 25 (IIJ
965 453 11 24 j
992 455 7 22 f
1042 455 34 19 (•■

806 519 69 24 ALL
936 517 110 26 JYCCL.

692 615 147 30 STRAW
861 613 144 29 HATS!!
1030 615 33 26 Is

779 654 143 30 STRAW
938 652 165 30 HATS!!!

766 695 95 24 HALF
879 694 111 24 PRICE.

608 750 83 25 JUST
704 752 26 22 to
742 749 69 24 hand
812 764 30 2 —
845 749 48 24 late
905 749 38 23 for
961 749 42 23 the
1013 755 94 21 season,
1121 750 25 21 to

609 782 28 24 be
644 801 4 3 .
658 783 53 24 sold
735 783 26 22 at
787 782 128 30 half-price
917 795 31 3 —
949 780 90 24 Ladies
1067 780 80 24 Saiolr

608 815 66 23 Hats
686 817 26 21 at
725 816 36 21 Is.
797 814 78 23 worth
892 814 36 22 2s.
965 813 83 23 Men's
1081 812 64 30 Leg-

609 848 59 22 horn
678 847 73 24 Hats.
786 846 74 31 Boy's
872 845 106 24 Boaters
992 846 24 23 at
1024 846 36 23 Is.
1069 844 76 25 worth

608 881 46 22 2s.-

737 940 86 29 Must
837 942 38 27 be
891 940 129 29 cleared.

609 1013 120 30 Double
746 1013 99 30 width
863 1012 105 31 Check
983 1013 163 28 Costumes

768 1060 111 31 Tweed
910 1061 68 37 6£d.

609 1149 118 31 Melton
749 1149 136 35 Tweeds,
908 1150 49 30 6d.
980 1159 57 29 per
1058 1150 86 39 yard.

608 1246 102 32 White
743 1246 153 31 Blankets
931 1246 44 31 7s.
1004 1246 49 31 6d.
1091 1256 54 30 pe.v

609 1303 75 39 pair.
743 1303 102 37 Large
882 1302 69 29 Size
982 1302 161 35 Blankets,

713 1348 62 29 10s.
801 1347 49 30 6d.
884 1357 58 28 per.
961 1347 78 39 pair.

609 1396 66 40 Boy
712 1395 82 30 Pilot
808 1394 128 30 Jackets
954 1396 34 29 6s
1004 1395 49 30 6d.
1070 1395 73 30 each

649 1483 50 30 All
721 1484 85 30 these
829 1484 96 39 goods
948 1494 52 19 are
1015 1483 130 40 cheaper

607 1532 76 30 than
706 1542 58 20 can
785 1532 38 29 be
846 1531 173 40 purchased
1035 1535 32 26 at
1083 1542 61 29 any

608 1579 224 30 Christchurch
863 1579 118 39 Selling
1013 1580 43 28 off
1083 1579 59 30 Es-

606 1624 202 31 tablishment
830 1634 35 20 or
886 1624 80 30 from
994 1624 149 30 itinerant

606 1666 139 39 drapers.

791 1719 57 22 JOB
880 1719 74 21 LINE

604 1784 178 32 KAIAPOI
816 1784 152 31 TWEED
992 1785 128 31 SUITS.

832 1866 63 30 21s.

644 1973 80 32 1897
770 1971 182 35 WlffTEB
1003 1973 91 34 1897.

601 2047 245 50 EIIIPOI
888 2050 252 48 TWIKBS.

601 2126 84 21 SUITS
695 2128 86 19 MADE
791 2129 38 20 TO
839 2129 144 20 MEASURE
998 2130 79 21 FROM
1095 2132 45 20 50s.

602 2184 120 80 FULL
738 2185 143 32 RANGE
893 2188 35 29 of
935 2188 63 30 this
1013 2188 126 31 Season'

680 2227 145 31 Patterns
845 2231 34 27 to
908 2229 94 31 hand,

857 2280 26 23 at

705 2322 37 32 B,
768 2321 41 30 -H
830 2322 200 32 PARISH'S

747 2382 92 28 EAST
856 2384 148 27 OXFOED.

681 2433 73 20 WHO
769 2433 135 21 INTENDS
919 2432 38 23 TO
973 2434 74 21 SELL

602 2481 177 31 seasonable
788 2483 97 38 goods
896 2486 32 26 at
933 2484 102 39 prices
1044 2484 100 30 below

601 2532 69 30 that
689 2533 34 30 of
738 2543 61 29 any
823 2533 226 32 Christchurch
1073 2535 69 31 firm

848 2614 41 20 ~4>
940 2623 2 4 .

648 2686 168 34 -ALL,
857 2687 243 34 WOOL

604 2810 132 40 cheaper
750 2810 77 30 than
842 2821 58 19 can
920 2812 39 29 be
970 2812 173 38 purchased

604 2864 33 26 at
667 2861 125 31 auction
820 2872 36 18 or
874 2861 83 30 from
994 2863 150 30 itinerant

788 2909 138 39 drapers:

747 3045 3 4 .
859 3038 37 19 <£>

703 3137 345 42 PARISH'S

622 3200 125 185 J
896 3240 173 46 BOYS'

621 3357 180 163 Wf
849 3418 252 46 touths

642 3498 141 85 lSi|
880 3517 65 34 All
975 3518 105 35 Wool

639 3577 19 47 I
683 3590 92 55 TsfflW
809 3600 180 25 COLONIAL
1013 3603 129 23 TWEED

606 3640 141 94 %y^g
855 3673 218 34 SUITS

644 3757 127 34 From
796 3758 100 40 12/6.
907 3766 72 31 per
1002 3760 94 38 suit.

672 3819 80 33 (three
761 3822 137 29 garments,
917 3821 80 24 worth
1009 3822 65 32 253.)

607 3864 93 25 Cannot
711 3866 26 23 be
744 3865 137 31 purchased
891 3869 26 20 at
933 3866 171 26 Christchurch
1115 3875 28 16 or

594 3927 11 10 .„
605 3925 19 13 _..-.
635 3920 7 16 f
704 3920 3 5 •
720 3908 123 25 elsewhere
854 3913 26 19 at
886 3909 37 23 the
931 3910 77 30 price.

792 3942 101 30 Black
903 3941 139 38 S.B.jSac
1052 3943 91 43 Co^ts

596 3972 81 55 |||||
703 3982 51 30 for
776 3982 129 41 Sunday
919 3983 63 29 and
1005 3974 138 50 holiday

594 4012 93 51 fplr
696 4022 146 31 Reduced
849 4024 84 29 from
945 4023 67 40 £5/-
1024 4027 33 27 to
1067 4024 75 40 15/6

635 4170 244 46 CANCER
907 4170 122 47 CUR
1030 4171 85 66 £D
1130 4172 26 58 J

602 4315 28 32 A
653 4313 213 34 SFEGIOAL
896 4315 246 33 OPERATION

635 4374 53 25 For
697 4371 103 36 further
811 4372 154 35 particulars
980 4374 75 32 apply
1070 4378 24 21 to
1105 4374 38 26 the

590 4410 2 14 i

654 4450 126 29 OFFICE
799 4450 45 27 OF
867 4451 83 26 THIS
968 4451 122 26 PAPER.

15 917 57 46 L,
176 918 262 46 NOTICE.

15 990 13 33 *
37 1021 179 30 OXFORD
260 1021 189 31 LIBRARY
491 1022 88 31 AND

15 1058 3 21 f
134 1062 197 30 READING
352 1062 132 31 ROOM.

15 1137 7 30 I
39 1142 54 24 The
122 1143 93 25 Oxford
243 1143 105 32 Library
376 1143 22 25 is
425 1152 63 24 open
510 1153 70 23 every

40 1186 114 31 Tuesday
167 1186 49 24 and
238 1186 121 32 Saturday
390 1187 97 31 nights,
514 1188 66 24 from

40 1232 13 21 (!
68 1230 31 23 30
113 1237 67 23 p.m.,
204 1231 23 22 to
249 1232 15 21 8
275 1238 72 23 p.m.,
371 1230 50 24 and
452 1238 33 17 on
508 1239 71 24 every

39 1274 120 23 alternate
172 1274 131 31 Thursday
327 1274 138 29 afternoon,
498 1275 81 32 (Sale-

41 1317 71 31 day.s)
136 1317 63 23 from
213 1317 59 23 280
283 1325 65 22 p.m...
365 1318 25 22 to
404 1319 14 22 5
430 1326 59 22 p.m.
528 1318 52 24 The

232 1393 24 20 L.
275 1393 124 31 REEVES,

330 1446 62 25 Hon
407 1447 137 25 Librarian

91 1516 16 23 S
115 1524 160 16 CBSCKIPTION
289 1517 37 23 21-
340 1525 50 15 PER
409 1517 120 30 QuAJRTER

65 1686 79 44 W.
174 1687 66 43 IT.
270 1687 277 45 ALFOKD

53 1783 243 39 WATCHMAKER.
321 1783 23 39 &
381 1784 173 40 JEWELLER

113 1856 86 25 MAIN
215 1856 135 27 STREET
369 1857 138 25 OXFORD

133 2057 134 45 FOR
294 2059 181 44 SALE.

176 2183 120 29 -SIZE,
340 2184 233 26 ALL-WOOL

253 2256 117 25 WHITE

60 2327 210 49 KAIAPOI
294 2329 249 49 BLANKETS

134 2415 80 44 19s
247 2417 60 42 6d
348 2417 131 43 Pair.

76 2526 72 20 BZST
164 2527 102 20 VALUE
285 2527 81 20 EVER
380 2528 137 21 OFFERED

174 2571 32 23 B.
224 2570 36 23 H.
279 2571 143 24 PARISH.

161 2638 102 33 Easts
288 2638 160 33 Oxford

74 2837 476 56 HOLBROOK

263 2923 70 22 AND

35 2972 476 54 YALLANOE

133 3102 122 21 TIMBER
283 3102 193 23 MERCHANTS

100 3141 201 31 COOPER'S
355 3141 155 31 CREEK.

141 3200 142 33 VIEW
326 3200 141 40 HILL,

43 3280 79 57 BEG
147 3284 24 21 to
192 3282 112 24 intimate
324 3285 25 22 to
378 3283 43 24 the
444 3283 84 31 public
550 3284 27 24 of

89 3313 92 24 Oxford
197 3315 47 23 and
264 3316 166 31 surrounding
447 3316 126 30 Districts,

37 3348 55 22 that
105 3355 35 15 we
161 3348 62 23 have
248 3349 156 24 commenced
415 3349 119 25 Business
547 3358 26 16 as

37 3379 167 28 saw-millers,
230 3381 50 22 and
301 3381 63 29 hopo
386 3381 32 30 by
444 3382 72 23 strict
534 3384 37 22 at-

37 3412 97 24 tention
145 3414 24 21 to
182 3412 116 24 Business
313 3415 25 22 to
351 3412 29 24 be
391 3413 115 25 favoured
515 3415 60 24 with

37 3445 64 24 their
129 3447 109 28 support.
286 3445 83 25 White
392 3447 66 30 pine,
488 3447 85 31 Rimu,

36 3478 73 23 Birch
122 3478 51 23 and
185 3478 59 24 Coal
266 3478 37 31 pit
315 3487 72 22 props
399 3480 28 23 m
436 3488 49 23 any
496 3488 77 23 quan-

37 3512 56 29 tity.

176 3706 117 30 Copies
315 3714 39 21 of
375 3714 62 21 the

89 3766 175 32 OXFOKD
298 3766 223 31 OBSERYEE

145 3831 47 16 can
216 3822 31 24 be
271 3821 119 25 obtained
412 3823 27 22 at

35 3868 180 26 CARGILL'S
227 3874 88 18 comer
336 3866 29 24 of
378 3865 198 26 CASHEL.and

137 3924 164 26 COLOMBO
320 3923 155 27 STREETS
526 3937 61 32 .^

40 4084 144 60 fffeS^
209 4107 37 6 ■-
250 4096 10 18 1
268 4098 10 27 ;
465 4098 10 10 ■•■
513 4098 4 3 ■
559 4103 3 3 •

45 4139 249 42 fMgrjs^^ftnif^tb^
305 4148 45 26 sell
379 4155 65 24 yout
456 4147 119 32 .produce,

41 4171 157 38 tltavtrtise
209 4182 28 23 m
249 4181 44 25 the
561 4188 14 17 a

41 4224 50 17 »ure
117 4215 50 25 sale
184 4214 48 26 will
249 4214 31 25 be
297 4214 44 25 the
357 4215 85 24 result.
476 4219 3 4 '

68 4281 162 26 TERMS.—
232 4281 37 25 2s.
292 4288 44 21 per
362 4279 62 26 inch
452 4280 39 25 for
518 4278 57 27 first

45 4314 121 27 nsertion.

68 4392 42 27 All
127 4392 76 26 small
220 4391 205 26 advertisements
442 4392 26 24 to
481 4390 27 24 be
517 4390 58 32 paid

46 4444 17 16 n
80 4434 118 25 advance.
