2529 4010
134 691 156 23 Wednesday,
302 690 139 21 September
450 690 35 25 25,
497 690 59 21 1844.

659 132 89 23 natives
761 137 93 26 request
864 132 36 24 his
912 132 140 31 Excellency
1064 137 23 19 to
1099 140 89 16 remove
1209 131 38 25 the

661 170 85 25 troops,
771 165 45 23 and
838 165 38 23 the
899 170 91 26 request
1007 166 19 22 is
1050 165 112 31 complied
1184 165 62 24 with.

662 198 47 22 His
729 197 142 31 Excellency
892 198 54 23 then
968 199 62 29 gives
1060 198 38 23 the
1127 199 86 23 natives
1236 206 13 15 a

661 230 94 28 lecture,
768 230 43 23 and
823 230 110 23 demands
945 231 78 22 twelve
1040 230 111 23 muskets.
1198 231 51 23 The

662 262 105 24 muskets
790 271 38 15 are
843 263 127 30 presented,
993 264 44 22 and
1054 264 36 22 his
1110 263 139 30 Excellency

662 295 154 31 immediately
828 300 89 19 returns
930 296 69 23 them.
1035 296 50 23 The
1097 297 87 22 natives
1197 296 53 23 then

663 332 58 19 state
734 328 49 23 that
795 333 101 19 customs
908 329 140 23 restrictions
1060 336 37 16 are
1110 337 13 15 a
1132 329 117 28 nuisance,

663 361 45 23 and
720 361 36 23 his
770 361 141 31 Excellency
922 361 80 24 makes
1015 361 36 24 the
1063 362 51 30 Bay
1123 361 26 24 of
1159 361 91 24 Islands

663 402 14 15 a
688 394 48 23 free
748 398 59 25 port.
854 394 61 23 John
938 394 64 23 Heki
1022 394 43 24 and
1084 394 36 23 his
1139 394 112 24 followers

663 426 59 31 keep
736 431 39 19 out
786 427 25 23 of
821 426 38 24 the
871 434 57 23 way,
941 427 43 23 and
995 427 35 23 his
1042 427 141 30 Excellency
1193 427 57 23 fines

664 459 65 24 other
749 460 89 23 natives
857 460 35 23 for
913 460 35 23 his
971 464 55 19 acts.
1074 460 35 23 To
1129 460 46 23 this
1198 460 54 30 they

665 492 93 29 submit,
772 493 40 23 but
822 492 47 24 will
879 493 29 22 be
920 500 29 16 no
961 493 83 30 parties
1063 498 22 17 to
1107 493 145 30 sanctioniug

666 525 35 23 his
714 525 142 30 Excellency
868 525 22 23 in
909 525 124 31 punishing
1050 525 61 23 John
1132 525 65 24 Heki
1218 525 35 24 for

666 563 48 18 acts
726 558 25 22 of
767 562 93 26 outrage
872 558 129 23 committed
1014 565 61 24 upon
1094 558 38 23 the
1153 558 99 30 English

666 591 99 28 settlers,
777 591 44 23 and
833 598 61 24 upon
907 591 37 23 ths
955 591 88 24 British
1052 591 54 30 flag.

701 623 43 23 We
757 624 56 23 have
826 624 118 22 furnished
956 624 23 23 in
993 624 43 22 this
1049 623 64 31 day's
1123 631 77 24 paper,
1215 624 37 22 the
1260 631 2 21 ;

668 657 63 22 chief
746 661 50 25 part
817 656 26 23 of
858 657 39 22 the
915 657 145 22 information
1082 657 24 22 of
1128 656 73 23 which
1221 664 31 15 we

668 690 56 23 have
748 690 92 23 become
863 690 121 30 possessed
1005 691 23 22 in
1051 689 95 24 relation
1169 694 22 18 to
1216 689 37 24 the

668 727 107 26 outrages
795 727 22 18 at
840 722 36 23 the
899 723 50 30 Bay
970 723 25 23 of
1017 722 100 29 Islands,
1148 723 44 23 and
1216 722 37 24 the

668 755 65 24 mode
746 756 23 22 in
781 755 74 23 which
866 755 35 23 his
915 755 140 31 Excellency
1066 755 41 24 has
1117 763 59 16 seen
1186 755 27 23 fit
1231 760 23 18 to

668 788 50 24 deal
730 788 55 24 with
797 788 59 24 their
875 788 101 24 authors.
1023 788 43 23 We
1085 796 37 16 are
1143 788 111 24 informed

668 822 49 23 that
739 829 14 15 a
772 822 62 30 large
852 822 90 30 portion
965 822 23 23 of
1016 821 36 23 the
1073 822 89 23 settlers
1182 826 23 18 to
1217 820 37 24 the

668 854 68 24 north
748 862 38 16 are
798 855 100 23 satisfied
911 854 47 24 that
971 855 37 23 the
1020 855 75 22 wisest
1115 862 78 16 course
1213 854 44 27 hss

668 888 58 23 been
749 887 105 31 adopted.
901 887 44 24 We
968 887 56 24 have
1048 887 96 24 listened
1163 892 30 24 to,
1212 887 42 23 and

669 920 98 31 thought
787 928 60 21 over,
870 921 30 23 all
917 921 38 23 the
967 921 103 30 opinions
1082 920 83 24 offered
1177 928 28 15 on
1219 920 35 24 the

669 953 97 31 subject,
779 954 43 23 and
835 961 33 15 we
878 960 42 17 can
936 961 62 15 come
1012 958 20 18 to
1044 961 30 15 no
1087 953 63 23 other
1163 953 91 23 conclu-

669 987 50 22 sion
732 986 54 23 than
798 986 49 23 that
860 986 37 23 the
910 986 74 31 policy
996 989 20 20 is
1033 986 55 23 fatal
1106 991 22 18 to
1150 987 37 23 the
1205 986 50 23 best

669 1019 106 23 interests
787 1019 55 23 both
854 1019 25 23 of
897 1019 39 23 the
946 1019 90 23 settlers
1048 1019 43 23 and
1104 1019 37 23 the
1159 1020 94 23 natives.

669 1052 44 22 We
739 1052 44 23 feel
805 1052 51 23 that
877 1052 20 23 it
919 1052 45 23 will
986 1052 51 23 lead
1060 1057 22 18 to
1103 1053 152 24 combination

669 1093 84 23 among
777 1085 37 24 the
838 1085 96 29 natives,
957 1085 44 23 and
1023 1085 89 24 attacks
1134 1093 61 23 upon
1219 1087 36 22 the

669 1119 147 23 unfortunate
828 1118 90 24 settlers
932 1119 115 23 whenever
1059 1118 37 23 the
1108 1119 86 22 natives
1204 1127 51 22 may

671 1152 26 22 be
715 1151 137 24 dissatisfied
871 1152 53 23 with
944 1152 68 28 them,
1034 1160 25 14 or
1077 1152 53 22 with
1150 1152 37 23 the
1207 1153 47 23 Go-

669 1189 128 19 vernment.
846 1185 43 23 We
913 1185 57 30 hope
988 1185 48 23 that
1059 1185 44 23 this
1125 1186 56 22 view
1205 1193 51 23 may

670 1226 69 22 prove
751 1226 129 21 erroneous,
909 1219 41 22 but
973 1226 32 15 we
1023 1218 48 23 fear
1089 1218 19 23 it
1120 1218 44 23 will
1177 1219 26 22 be
1217 1219 39 22 but

672 1255 36 19 too
720 1251 65 30 sadly
797 1251 91 23 verified
900 1260 6 19 ;
920 1251 45 23 and
986 1252 47 22 that
1045 1252 37 22 the
1103 1259 153 23 consequence

672 1284 44 22 will
729 1285 29 22 be
771 1284 112 30 imposing
896 1292 27 15 on
937 1284 37 23 the
994 1285 86 23 British
1102 1284 155 24 Government

672 1317 38 23 the
732 1318 121 29 necessity,
875 1321 24 19 at
921 1325 29 16 no
974 1317 83 23 distant
1076 1317 58 28 date,
1155 1318 24 23 of
1195 1325 61 16 com-

672 1351 107 30 mencing
798 1358 13 16 a
835 1358 43 16 war
899 1351 25 23 of
948 1351 171 23 extermination
1138 1351 89 31 against
1245 1359 12 15 a

672 1384 131 31 population
825 1383 48 24 that
898 1391 32 15 we
953 1383 84 24 believe
1058 1384 17 23 it
1093 1383 41 24 has
1150 1384 57 23 been
1221 1384 35 24 the

673 1417 55 23 wish
742 1417 25 23 of
778 1417 156 23 Government
945 1416 43 23 and
1000 1417 37 23 the
1050 1417 89 23 settlers
1152 1422 21 18 to
1184 1418 72 22 rnaiu-

673 1451 54 27 tain,
742 1450 77 28 foster,
832 1450 43 23 and
888 1450 20 23 if
923 1450 106 30 possible,
1043 1455 22 18 to
1084 1450 81 23 render
1186 1450 70 32 really

673 1483 111 23 civilized.
829 1483 42 23 We
892 1483 59 23 shall
969 1483 71 23 watch
1057 1483 56 23 with
1123 1483 87 30 painful
1223 1485 33 21 in-

673 1521 69 18 terest
754 1516 38 23 the
803 1521 78 18 events
896 1515 72 24 which
989 1523 30 16 we
1040 1516 43 23 feel
1101 1516 93 24 assured
1214 1516 43 25 will

673 1550 59 22 arise
743 1558 5 19 ;
775 1549 44 23 and
842 1557 33 15 we
899 1549 57 31 hope
976 1549 48 23 that
1045 1549 38 24 the
1104 1549 91 24 settlers
1212 1550 45 24 will

673 1590 68 15 cause
755 1582 61 23 them
828 1587 22 18 to
864 1582 26 23 be
903 1582 107 24 recorded
1022 1591 24 15 as
1059 1582 53 32 they
1124 1590 75 22 occur,
1213 1583 44 24 and

673 1624 24 14 as
711 1615 61 23 often
785 1624 23 14 as
822 1617 145 30 opportunity
984 1615 66 24 offers
1071 1617 66 22 remit
1156 1616 60 24 them
1237 1622 20 18 to

673 1649 38 22 the
725 1649 77 22 Home
822 1649 164 29 Government,
1005 1649 172 31 acccorapanied
1198 1650 30 30 by
1246 1658 13 15 a

673 1687 80 25 strong
765 1682 40 22 but
817 1682 115 23 moderate
950 1687 120 19 statement
1089 1682 25 23 of
1129 1683 37 23 the
1189 1683 70 23 result

673 1720 22 17 to
708 1715 73 22 which
795 1715 47 29 the)
860 1720 60 17 must
933 1716 111 29 evidently
1057 1716 27 23 be
1096 1716 97 30 leading.
1236 1716 24 24 If

673 1748 45 22 this
730 1748 28 23 be
777 1748 50 22 well
847 1749 117 30 managed,
990 1749 41 23 and
1044 1749 96 30 steadily
1151 1749 105 31 pursued,

673 1781 38 22 the
733 1781 157 23 Government
909 1786 23 19 at
951 1782 64 23 home
1033 1782 46 22 will
1098 1782 28 23 be
1139 1782 70 23 under
1222 1783 36 25 the

673 1815 114 30 necessity
808 1814 25 22 of
857 1814 114 31 watching
991 1816 37 22 the
1049 1822 106 24 progress
1177 1816 24 22 of
1222 1816 36 23 the

673 1847 89 31 colony,
775 1847 54 24 with
842 1847 55 31 deep
911 1848 100 29 interest,
1024 1856 25 16 as
1059 1848 37 23 the
1104 1856 155 24 consequence

673 1880 25 23 of
713 1881 97 30 neglect,
824 1880 64 24 when
902 1880 38 24 the
951 1882 43 22 evil
1007 1882 42 29 day
1061 1882 79 28 arises,
1160 1887 61 18 must
1231 1883 28 22 be

673 1919 22 18 to
708 1914 89 31 subject
807 1914 62 23 them
882 1918 22 18 to
918 1922 12 15 a
949 1915 86 22 serious
1056 1915 81 31 charge
1157 1916 22 22 in
1201 1915 53 24 Par-

673 1946 101 29 liament,
796 1946 74 23 which
890 1946 54 32 they
962 1948 73 23 would
1054 1948 45 22 find
1123 1949 17 21 it
1160 1956 27 15 no
1206 1956 52 22 easy

674 1980 51 23 task
739 1984 21 19 to
774 1984 59 19 meet
844 1979 54 24 with
911 1981 71 22 credit
993 1985 23 19 to
1027 1981 145 29 themselves,
1192 1990 25 15 or
1237 1986 22 19 tfi

673 2013 38 21 the
723 2013 141 22 satisfaction
876 2012 26 23 of
916 2014 39 21 the
965 2014 84 28 public.
1123 2028 4 5 ,
1203 2017 4 4 '
1244 2003 17 15 *

673 2068 156 24 CAPTAIN
848 2069 58 23 SIR
924 2069 31 23 E.
976 2070 108 28 HOME,
1100 2070 73 29 R.N.,
1188 2070 71 24 AND

791 2102 152 23 CAPTAIN
962 2103 98 27 BELL,
1080 2103 66 24 R.N.

709 2155 50 23 The
774 2155 156 23 Government
942 2156 50 29 brig
1006 2155 102 24 Victoria
1118 2157 85 23 arrived
1217 2158 43 24 last

675 2188 123 30 Thursday
809 2188 73 30 night,
896 2189 83 30 having
997 2189 56 23 been
1073 2189 40 23 but
1131 2190 62 23 three
1206 2191 54 29 days

675 2222 22 22 in
720 2222 90 30 coming
831 2221 53 24 here
909 2222 57 23 from
986 2221 37 24 the
1042 2222 49 30 Bay
1111 2223 25 22 of
1160 2223 98 25 Islands.

675 2255 36 30 By
724 2254 40 23 her
778 2262 30 16 we
821 2255 63 23 learn
897 2255 48 23 that
958 2255 36 23 ihe
1006 2255 78 23 North
1096 2255 57 24 Star
1164 2256 45 23 had
1222 2265 39 16 nor,

674 2288 57 23 been
743 2288 72 23 either
827 2292 23 19 at
862 2287 123 24 Auckland
998 2296 23 15 or
1040 2288 37 23 the
1090 2289 50 30 Bay
1153 2290 91 23 Islands
1253 2300 5 19 ;

675 2321 42 23 and
731 2328 32 15 we
776 2328 36 16 are
831 2321 75 31 happy
919 2321 110 23 therefore
1047 2322 25 22 in
1089 2321 70 31 being
1176 2323 50 23 able
1239 2328 22 19 to

674 2359 66 23 state,
754 2354 34 23 for
800 2354 71 30 ought
884 2354 49 23 that
945 2354 19 23 is
976 2354 82 23 known
1072 2359 21 18 to
1103 2355 37 23 the
1148 2358 112 29 contrary

674 2387 41 23 her
726 2387 88 30 worthy
823 2387 144 23 commander
976 2387 96 30 Captain
1082 2388 37 23 Sir
1130 2389 30 23 E.
1177 2389 83 29 Honv,

674 2422 20 22 is
712 2421 59 23 alive
790 2420 43 23 and
845 2421 25 22 in
889 2420 84 23 health.
1011 2420 49 24 The
1079 2425 120 20 statement
1216 2430 45 16 vus

674 2459 40 18 not
734 2453 94 24 without
839 2453 140 29 foundation^
993 2462 32 15 we
1046 2462 37 15 are
1095 2463 64 22 sorry
1177 2460 22 18 to
1212 2464 47 20 say.

675 2487 24 23 It
716 2494 96 24 appears
836 2486 48 23 that
909 2487 95 30 Captain
1027 2487 60 29 Bell,
1112 2488 23 23 of
1158 2488 101 26 H.M.Sf.

673 2519 106 30 Hazard,
793 2519 44 24 had
855 2520 22 22 in
891 2528 154 23 consequence
1058 2521 24 23 of
1100 2521 69 31 being
1180 2523 79 24 unv/o^J

674 2554 57 23 been
754 2554 72 30 living
844 2561 29 15 on
891 2553 66 23 shore
972 2558 23 19 at
1011 2553 130 26 Auckland.
1188 2555 73 32 Being

673 2586 94 24 restless
779 2587 23 22 in
814 2586 38 24 the
871 2587 95 23 absence
979 2587 25 23 of
1019 2587 37 23 the
1067 2587 106 29 Hazard,
1186 2589 28 23 he
1225 2593 33 19 '*

674 2620 96 30 quested
788 2627 12 15 a
818 2627 97 23 passage
934 2620 29 30 by
983 2619 36 24 the
1038 2620 156 25 Government
1212 2622 49 31 br/sj

677 2652 112 29 Victoria,
802 2652 44 24 and
859 2660 42 16 one
913 2653 65 30 night
990 2653 64 23 while
1072 2653 41 24 she
1123 2662 44 16 was
1180 2659 23 19 at
1221 2662 40 19 us-

675 2686 54 23 chor
740 2686 24 23 in
786 2686 39 23 the
846 2686 50 30 Bay
910 2686 25 23 of
950 2686 99 30 Isknds,
1065 2687 95 31 jumped
1178 2696 25 15 or
1223 2688 38 25 fell

675 2719 131 23 overboard.
844 2719 179 32 Unfortunately
1033 2720 37 23 the
1083 2720 71 31 ship's
1166 2722 39 31 gig
1217 2729 44 17 wi;s

675 2760 62 23 away
748 2752 44 23 and
800 2752 39 23 the
847 2752 56 30 long
912 2752 53 23 boat
974 2752 101 25 inboard.
1112 2754 23 23 It
1146 2761 44 16 was
1200 2755 60 23 how-

675 2794 52 14 ever
739 2790 40 25 got
790 2790 40 18 out
841 2793 26 15 as
878 2785 94 31 quickly
984 2794 25 15 as
1019 2787 100 31 possible
1137 2787 44 24 and
1193 2788 67 32 Capt.

676 2819 52 23 Bell
740 2826 45 15 was
804 2818 69 23 taken
885 2826 29 16 on
936 2819 68 23 board
1024 2820 65 29 alive,
1102 2821 41 23 but
1162 2822 27 22 he
1207 2828 54 17 socn

675 2852 130 23 afterwards
818 2852 59 23 died.
915 2852 42 23 We
974 2852 56 24 h:ive
1048 2853 105 24 obtained
1171 2854 36 24 the
1220 2854 41 25 fol-

675 2885 85 29 lowing
778 2885 134 30 particulars
932 2885 59 24 from
1011 2886 36 24 the
1066 2885 115 26 Southern
1194 2886 69 25 Croxs

675 2918 26 24 of
711 2918 37 23 the
760 2918 57 25 17th
829 2917 93 32 August
933 2927 5 15 :

704 2949 166 22 Melancholy
879 2949 93 23 Death.
1002 2951 59 21 With
1073 2951 65 22 much
1148 2955 73 23 regret
1231 2959 30 16 we

676 2983 119 15 announce
804 2975 38 22 the
853 2975 67 23 death
932 2977 24 21 of
969 2977 91 28 Captain
1070 2979 55 26 Bell,
1138 2980 24 21 of
1171 2979 89 22 H.M.S.

675 3003 97 21 Hazard.
802 3003 61 21 Most
876 3003 26 21 of
916 3010 41 14 our
971 3004 89 22 readers
1075 3012 39 15 are
1129 3013 71 14 aware
1216 3007 46 20 tLnt

677 3030 43 22 this
729 3029 129 28 gentleman
869 3037 29 14 on
909 3034 95 18 account
1014 3031 25 21 of
1045 3031 161 28 indisposition,
1219 3040 41 14 was

668 3060 2 7 '
676 3057 121 21 advisedto
802 3057 85 21 remain
894 3056 22 22 in
926 3057 125 28 Auckland,
1059 3059 63 21 while
1130 3059 37 22 the
1174 3060 89 21 Hazard

676 3083 124 28 proceeded
812 3082 53 22 with
879 3083 36 21 his
926 3083 133 29 Excellency
1068 3088 23 18 to
1108 3085 53 22 Port
1171 3087 90 22 Nichol-

673 3117 51 15 son.
755 3109 61 22 With
830 3109 38 23 the
884 3110 57 21 view
951 3110 25 22 of
987 3111 125 28 improving
1128 3112 34 23 his
1178 3113 81 27 healtfi,

676 3135 95 29 Captain
781 3136 49 22 Bell
840 3137 87 21 availed
938 3137 90 22 himself
1037 3139 24 20 of
1074 3138 36 22 the
1120 3141 141 27 opportunity

676 3163 27 21 of
708 3163 68 27 going
792 3168 22 16 to
825 3163 37 21 the
873 3163 49 28 Bay
932 3163 26 23 of
971 3164 88 23 Islands
1073 3165 30 27 by
1113 3165 38 22 the
1162 3167 99 22 Govern-

675 3193 63 19 ment
748 3190 55 26 brig.
833 3191 36 20 On
879 3190 38 22 the
929 3190 114 29 Thursday
1053 3192 97 27 evening
1160 3194 30 21 oft
1193 3201 5 7 c
1202 3186 59 36 \jie

675 3217 81 21 arrival
762 3217 26 21 of
796 3216 37 22 the
843 3217 49 27 brig
901 3221 23 17 at
934 3217 37 22 the
982 3218 54 27 Bay,
1046 3219 92 27 Captain
1150 3219 49 22 Bell
1206 3224 55 19 went

675 3250 30 15 on
715 3243 63 27 deck,
790 3243 161 28 accompanied
959 3244 31 27 by
997 3245 37 21 the
1044 3245 99 28 steward,
1152 3246 64 23 when
1226 3248 35 21 t'ae

675 3270 66 22 latter
750 3270 24 22 in
785 3277 151 22 conseojience
948 3271 25 21 of
985 3271 36 22 the
1035 3271 96 29 blowing
1141 3276 39 19 out
1190 3274 24 21 of
1225 3274 36 23 the

675 3297 64 27 light,
750 3304 45 14 was
804 3297 90 26 obliged
908 3301 23 17 to
939 3300 75 20 return
1026 3299 33 21 for
1073 3299 101 22 another.
1203 3301 58 22 Dur-

675 3323 40 27 ing
723 3320 39 26 the
776 3323 97 22 interval
885 3323 50 22 that
948 3324 95 28 elapsed,
1056 3326 92 27 Captain
1164 3327 49 22 Bell
1222 3327 37 22 fell

675 3350 134 26 overboard;
828 3350 38 22 the
875 3350 72 22 watch
963 3358 56 20 gave
1035 3353 39 21 the
1089 3353 73 28 alarm,
1176 3353 41 23 but
1233 3361 28 16 uo

675 3376 103 23 effective
788 3377 75 21 efforts
877 3384 82 21 appear
974 3381 23 19 to
1013 3378 55 22 have
1085 3379 56 23 been
1157 3381 66 22 made
1239 3384 22 19 to

675 3410 53 16 save
738 3403 38 22 the
785 3403 39 22 life
835 3403 26 21 of
869 3403 37 23 the
915 3404 140 23 unfortunate
1064 3406 84 25 offi.:er,
1155 3407 105 29 although

675 3429 29 23 he
713 3430 129 27 repeatedly
852 3431 73 21 called
935 3431 33 22 for
976 3432 124 27 assistance,
1112 3433 45 22 and
1166 3434 95 23 endeav-

674 3457 71 21 oured
755 3460 23 18 to
789 3464 52 14 save
851 3457 94 22 himself
950 3458 31 27 by
990 3459 131 28 swimming.
1150 3461 66 22 After
1224 3461 36 22 the

675 3483 61 28 lapse
747 3483 26 22 of
780 3483 68 22 about
857 3486 38 20 ten
905 3484 104 27 minutes,
1020 3493 13 14 a
1042 3486 52 22 boat
1104 3494 45 15 was
1159 3487 100 28 lowered,

674 3509 47 23 and
731 3510 29 22 he
771 3517 43 15 was
824 3511 68 21 taken
903 3518 29 14 on
942 3511 69 23 board
1020 3513 64 27 alive,
1091 3513 40 22 but
1141 3513 119 24 insensible

673 3537 47 22 and
730 3536 69 22 much
813 3536 123 24 exhausted
943 3546 5 18 ;
964 3539 45 21 and
1023 3546 29 15 no
1065 3546 80 21 proper
1158 3543 102 26 attempts

675 3570 83 21 appear
768 3567 22 18 to
800 3563 57 22 have
866 3563 60 23 been
936 3565 64 21 made
1007 3568 23 19 to
1037 3569 83 19 restore
1129 3568 129 27 animation,

673 3590 58 22 until
748 3590 19 21 it
781 3597 44 15 was
841 3593 36 19 too
893 3590 52 22 late.
984 3592 93 27 Captain
1092 3593 115 28 Richards,
1225 3596 35 20 the

675 3616 145 22 commander
831 3616 25 22 of
866 3617 39 21 the
921 3617 55 28 brig,
992 3626 44 15 was
1052 3619 123 29 unhappily
1184 3621 76 22 ashore

675 3642 64 23 when
749 3643 38 22 the
798 3643 103 22 accident
911 3645 112 22 occurred.
1053 3646 91 27 Captain
1160 3647 49 23 Bell
1219 3655 42 16 was

675 3676 13 16 a
696 3669 91 23 brother
796 3670 26 21 of
833 3670 93 22 Colonel
942 3671 55 26 Bell,
1007 3672 38 22 the
1059 3672 44 23 late
1119 3675 101 21 member
1228 3675 34 22 for

675 3696 214 27 Northumberland,
928 3697 37 23 He
981 3706 44 14 was
1042 3706 15 14 a
1076 3699 48 23 well
1141 3700 118 29 informed,

674 3722 165 27 kind-hearted,
857 3723 45 22 and
918 3731 108 20 generous
1044 3725 80 23 officer,
1140 3728 67 21 much
1217 3729 44 25 .be-

673 3748 67 23 loved
750 3749 31 27 by
791 3749 30 22 all
832 3749 48 22 who
889 3750 67 22 knew
971 3751 53 26 him,
1035 3752 45 22 and
1089 3753 50 27 will,
1151 3760 32 16 we
1193 3755 69 22 doubt

675 3779 46 23 not,
732 3776 28 21 be
771 3775 67 23 much
846 3776 113 22 lamented
970 3778 29 26 by
1006 3778 36 22 the
1053 3779 86 23 officers
1150 3781 71 23 under
1227 3782 34 23 his

673 3802 129 22 immediate
823 3803 125 22 command.
986 3807 28 19 In
1037 3805 38 22 the
1094 3806 100 23 absence'
1207 3809 26 21 of
1248 3815 13 14 a

675 3828 104 27 Coroner,
789 3836 33 15 we
830 3829 84 22 believe
925 3829 37 23 the
973 3831 98 23 resident
1080 3833 140 26 Magistrate.
1222 3842 39 15 fin-

674 3855 79 28 quired
767 3856 49 21 into
831 3856 37 21 the
879 3863 66 15 cause
962 3857 26 21 of
1000 3857 72 23 death.
1106 3859 45 24 His
1166 3853 95 31 remains

674 3889 57 14 were
741 3882 98 22 interred
847 3882 52 22 with
906 3883 44 21 due
960 3884 117 29 solemnity
1083 3885 25 23 in
1118 3885 38 23 the
1163 3885 97 26 Church-

672 3908 57 27 yard
739 3909 26 21 of
779 3907 96 23 Russell.
904 3910 95 27 Captain
1014 3911 49 22 Bell
1079 3911 46 28 has,
1137 3920 32 16 we
1180 3915 81 24 under-

672 3935 73 26 stand,
756 3935 39 21 left
804 3942 13 14 a
826 3936 83 26 widow,
920 3936 40 22 but
971 3944 28 14 no
1009 3937 106 23 children.

219 739 72 23 THE
310 739 161 23 NATIVES.

85 784 43 22 We
140 784 56 22 have
208 783 99 23 inserted
320 783 23 23 in
356 782 100 31 to-day's
468 789 68 24 paper
548 790 14 15 a
573 782 67 23 letter

50 817 89 30 signed,
314 815 59 24 This
382 815 68 23 letter
459 814 111 31 appeared
578 822 62 16 some

50 850 54 23 time
126 850 61 23 since
198 850 24 22 in
241 849 39 23 the
299 848 92 31 Sydney
408 847 99 29 Herald,
527 847 44 24 and
589 848 50 23 fur-

50 883 78 23 nishes
147 891 12 15 a
171 881 98 24 detailed
287 885 123 20 statement
421 881 26 23 of
464 881 37 23 the
520 885 79 19 events
617 886 24 18 at

50 916 38 23 the
101 916 49 30 Bay
163 916 24 23 of
197 915 99 29 Islands,
310 914 73 23 which
396 914 97 23 induced
506 914 35 23 his
554 914 86 23 Excel-

51 949 67 30 lency
130 953 22 19 to
172 948 106 31 despatch
301 948 38 23 the
356 946 92 31 Sydney
461 951 22 19 to
501 947 93 30 Sydney
605 947 37 23 for

51 987 85 25 troops.
174 981 41 22 We
228 980 57 23 have
297 987 68 16 never
378 980 69 23 heard
457 980 25 22 of
491 987 43 23 any
544 983 96 27 attempt

50 1014 85 30 having
146 1014 57 22 been
214 1014 65 22 made
290 1017 22 19 to
325 1014 94 29 impugn
432 1012 63 23 these
506 1017 135 18 statements

50 1047 44 23 and
107 1047 110 22 therefore
236 1054 99 23 suppose
353 1045 54 31 they
419 1053 51 22 may
488 1045 28 23 be
530 1045 112 30 regarded

48 1088 26 15 as
87 1088 13 14 a
112 1080 147 29 trustworthy
272 1079 112 23 narrative
398 1078 24 23 of
433 1078 37 23 the
483 1079 156 30 aggressions,

53 1113 53 23 with
120 1113 38 22 the
169 1113 135 30 particulars
316 1112 26 23 of
349 1111 74 23 which
433 1118 33 16 we
475 1119 113 23 presume,
602 1111 40 23 but

49 1147 44 22 few
106 1146 24 22 of
148 1153 40 15 our
199 1146 90 22 readers
308 1145 57 23 have
384 1144 44 23 had
450 1152 28 15 an
492 1145 148 30 opportunity

48 1179 127 23 heretofore
194 1178 100 23 afforded
313 1178 68 28 them,
403 1177 23 23 of
448 1177 94 31 making
563 1178 78 22 them-

54 1212 73 22 selves
140 1211 140 31 acquainted.

86 1245 43 23 We
149 1245 54 23 have
216 1244 104 24 obtained
342 1244 37 22 the
393 1243 115 30 following
526 1243 59 24 brief
604 1252 39 14 ac-

52 1282 68 19 count
133 1278 25 23 of
176 1278 37 23 the
232 1278 153 30 aggressions,
405 1277 57 23 from
485 1285 12 14 a
518 1276 124 29 memorial,

53 1311 81 30 signed
145 1311 29 30 by
187 1311 37 23 the
236 1311 112 23 residents
360 1309 25 23 of
394 1309 39 23 the
445 1310 49 29 Bay
505 1309 25 23 of
542 1310 100 29 Islands,

54 1344 43 23 and
110 1344 124 23 forwarded
248 1348 21 18 to
282 1343 44 24 Dr.
342 1342 87 23 Martin
442 1343 44 23 and
499 1342 47 25 Mr.
561 1342 82 24 Brown

55 1382 23 18 at
101 1377 130 28 Auckland,
245 1377 43 23 and
308 1377 29 30 by
350 1375 62 23 them
429 1376 120 31 presented
568 1381 22 18 to
609 1376 34 23 his

59 1410 139 29 Excellency
211 1419 5 14 ::

83 1442 37 20 On
135 1441 117 27 Thursday
261 1440 48 26 last,
327 1440 36 22 the
377 1440 38 22 4th
433 1440 42 27 day
488 1441 24 20 of
526 1440 60 27 July,
605 1440 40 22 be-

55 1471 72 18 tween
139 1468 36 20 the
186 1468 66 20 hours
261 1468 24 20 of
296 1469 13 19 3
321 1467 44 21 and
374 1468 14 20 4
399 1467 92 26 o'clock,
504 1468 44 20 Mr.
565 1468 80 26 Henry

56 1495 81 27 Kemp,
145 1494 36 21 the
191 1494 115 22 Protector
314 1493 26 22 of
346 1494 142 26 Aborigines,
497 1493 78 22 waited
584 1501 60 19 upon

56 1528 43 14 one
114 1521 25 21 of
155 1521 38 21 the
210 1520 147 26 Magistrates,
377 1520 55 25 (Mr.
450 1520 135 26 Thompson)
609 1521 36 21 the

57 1548 74 20 Police
142 1547 130 27 Magistrate
290 1546 68 27 being
374 1547 80 21 absent
468 1554 27 13 on
514 1547 99 21 business
622 1551 24 17 at

57 1574 130 27 Hokianga,
203 1574 47 21 and
264 1573 111 22 informed
390 1573 48 22 him
455 1573 47 22 that
518 1581 12 13 a
545 1577 64 23 party
623 1574 25 21 of

57 1601 94 27 natives,
162 1600 88 21 headed
259 1600 30 26 by
300 1600 60 21 John
379 1599 69 27 Heki,
459 1607 13 14 a
488 1600 74 21 native
579 1600 64 26 chief,

55 1634 58 15 were
123 1626 124 23 assembled
262 1626 22 21 in
295 1626 152 22 considerable
459 1627 104 21 numbers
574 1630 22 18 at
607 1627 38 22 the

57 1654 78 21 mouth
151 1654 24 21 of
187 1654 36 21 the
240 1653 119 27 Waitangi,
375 1653 44 21 and
436 1652 49 22 that
500 1653 57 22 their
572 1654 73 21 deter-

57 1680 110 22 mination
177 1687 44 14 was
234 1683 23 18 to
273 1687 64 14 come
351 1683 22 17 to
389 1680 86 21 Russell
492 1680 47 21 that
549 1681 96 27 evening

56 1707 37 22 for
108 1707 37 21 the
160 1714 94 20 purpose
269 1706 26 21 of
308 1706 116 26 obtaining
439 1710 107 23 payment
559 1706 56 22 from
633 1716 12 13 a

59 1733 74 22 Maori
144 1740 92 19 woman,
248 1732 95 23 married
359 1736 21 17 to
390 1739 14 14 a
413 1732 66 22 white
495 1740 52 14 man
563 1734 82 22 named

59 1760 66 26 Lord,
142 1760 33 21 for
191 1760 90 21 abusive
298 1759 111 27 language
424 1759 87 28 applied
527 1760 29 26 by
566 1760 41 22 her
623 1765 21 17 to

55 1786 40 22 the
106 1786 107 22 aforesaid
224 1786 65 26 chief,
301 1786 45 21 and
357 1786 48 21 that
414 1786 19 21 it
443 1793 43 14 was
497 1789 21 18 to
528 1786 28 22 be
567 1794 78 20 appre-

57 1812 90 23 hended
158 1813 47 22 that
218 1812 30 22 he
257 1812 73 22 would
341 1812 91 21 commit
448 1812 157 28 depredations
617 1822 27 13 on

57 1840 38 21 the
102 1840 64 21 white
176 1840 136 21 inhabitants
320 1839 25 21 of
353 1838 36 22 the
398 1839 70 25 place.
494 1840 151 28 Accordingly

57 1866 39 22 the
107 1866 130 27 Magistrate
248 1869 58 19 went
316 1873 53 14 over
383 1869 22 18 to
419 1866 38 21 the
469 1866 117 27 Waitangi,
598 1868 46 21 and

59 1901 44 14 saw
114 1893 37 21 the
161 1893 87 21 natives
257 1893 68 21 about
335 1892 13 23 7
359 1892 86 22 o'clock
459 1893 23 21 in
494 1893 36 22 the
542 1895 101 26 evening.

59 1920 45 21 Mr.
116 1920 75 31 Kemp
201 1919 49 22 who
259 1919 45 22 had
316 1919 128 27 previously
454 1927 57 20 gone
522 1927 59 19 over,
593 1922 51 21 took

57 1946 61 22 John
130 1946 59 22 Heki
199 1950 23 17 to
231 1946 36 21 his
276 1946 75 26 house,
361 1946 45 21 and
416 1946 51 22 thus
476 1947 121 27 prevented
609 1948 36 21 the

57 1973 91 32 nativeSj
158 1973 87 26 coming
255 1979 53 15 over
319 1972 48 22 that
382 1972 72 28 night.
485 1974 25 21 In
522 1974 37 21 the
570 1981 75 15 morn-

58 2000 39 26 ing
111 2001 108 24 however,
231 1999 53 26 they
294 2005 62 16 came
372 2006 53 14 over
440 2000 44 21 and
498 2000 53 21 took
560 2008 85 17 posses-

57 2026 50 21 sion
118 2026 25 20 of
156 2025 77 21 Lord's
243 2024 75 21 house.
348 2025 31 20 At
446 2028 48 22 past
504 2025 13 22 7
527 2026 85 21 o'clock
622 2026 23 22 in

58 2051 39 22 the
111 2051 110 27 morning,
233 2050 45 22 Mr.
294 2050 76 27 Kemp
381 2050 73 22 called
468 2056 23 16 at
508 2051 36 22 the
561 2052 85 27 Magis-

56 2079 76 21 trate's
141 2078 77 26 house,
230 2077 44 22 and
288 2077 23 21 in
322 2076 38 23 the
371 2084 77 15 cotirse
459 2078 26 21 of
495 2078 37 21 the
542 2080 105 26 morning

58 2112 68 20 every
132 2111 76 15 means
215 2111 44 15 was
266 2103 55 22 used
330 2104 28 26 by
365 2103 68 27 them,
444 2104 91 22 assisted
546 2107 28 25 by
584 2106 60 26 Nini,

56 2139 32 14 an
98 2131 126 27 intelligent
233 2130 45 22 and
284 2130 49 22 well
344 2130 103 27 disposed
459 2130 112 28 Hokiangi
579 2132 65 28 chief,

59 2162 23 17 to
92 2158 80 21 induce
179 2158 59 21 John
252 2157 59 22 Heki
318 2160 23 18 to
348 2157 123 27 relinquish
480 2158 33 21 his
520 2158 124 28 intentions,

57 2185 49 22 and
115 2185 57 21 after
188 2188 43 17 two
247 2184 76 21 hour's
339 2184 115 21 interview
468 2184 100 23 between
586 2186 60 21 Heki

59 2212 43 21 and
114 2211 36 22 the
159 2210 82 28 parties
252 2210 69 22 above
332 2210 89 28 named,
432 2211 18 21 it
459 2218 43 15 was
511 2212 134 23 understood

59 2238 48 21 that
118 2237 60 22 Heki
189 2237 72 22 would
276 2237 27 22 be
320 2240 92 19 content
424 2237 51 22 with
493 2238 77 28 taking
584 2247 62 19 away

59 2265 38 22 the
108 2271 92 19 woman,
212 2271 24 14 as
253 2264 27 21 he
295 2264 69 21 found
379 2264 29 21 he
426 2264 66 22 could
507 2270 38 16 not
556 2269 38 23 get
609 2266 36 21 the

57 2291 104 26 required
171 2294 114 24 payment.
315 2290 27 22 In
351 2290 37 22 the
396 2290 117 23 afternoon
522 2292 43 21 Mr.
574 2292 72 23 Beck-

57 2318 54 22 ham
129 2318 86 22 arrived
225 2317 56 22 from
298 2317 128 27 Hokianga,
438 2318 45 21 and
499 2318 71 22 called
586 2327 57 19 upon

58 2344 39 22 the
107 2344 63 22 other
178 2344 138 27 Magistrate,
324 2343 48 22 who
379 2344 179 23 communicated
566 2350 22 17 to
599 2346 45 22 him

58 2371 60 22 what
128 2374 59 28 steps
196 2371 45 21 had
250 2371 56 21 been
318 2371 73 21 taken.
421 2371 27 21 In
457 2371 37 21 the
502 2372 96 27 evening
609 2373 36 22 the

59 2398 87 22 natives
161 2397 44 22 had
226 2405 14 13 a
255 2397 132 27 war-dance,
405 2398 45 21 and
469 2402 24 17 at
510 2398 64 27 night
593 2399 52 28 they

58 2425 70 22 broke
138 2425 45 21 into
193 2431 28 14 an
231 2424 123 27 unocupied
365 2424 70 21 house
443 2424 120 28 belonging
570 2430 22 17 to
602 2427 43 22 Mr.

59 2452 80 25 Cafler,
149 2451 130 26 contiguous
289 2454 23 18 to
328 2451 80 21 Lord's
417 2451 78 22 house.
523 2452 48 22 The
581 2453 66 27 night

57 2478 79 28 passed
146 2478 32 21 off
191 2478 90 27 quietly,
297 2477 47 22 and
360 2477 37 22 the
414 2477 114 28 following
544 2481 103 26 morning

60 2504 128 27 (Saturday)
199 2504 38 21 the
254 2504 87 21 natives
356 2504 145 23 commenced
511 2506 136 27 plundering

58 2532 86 21 several
154 2531 24 21 of
187 2531 36 21 the
233 2531 146 26 inhabitants;,
391 2531 44 21 and
447 2532 101 27 entering
557 2532 87 28 houses,

58 2558 46 22 and
114 2557 141 27 threatening
265 2560 22 19 to
297 2557 80 22 violate
386 2557 39 22 the
436 2565 90 20 persons
536 2559 27 21 of
568 2567 43 14 one
621 2568 25 13 or

58 2588 44 18 two
112 2584 99 27 females,
226 2584 44 21 and
280 2585 109 26 exposing
407 2585 57 21 their
478 2592 91 20 persons
583 2586 63 23 inde-

58 2611 74 27 cently
139 2614 22 19 to
168 2611 81 21 others.
268 2611 47 21 The
322 2611 121 22 Reverend
450 2611 89 22 Messrs.
547 2612 98 23 William

58 2638 117 26 Williams,
195 2637 45 22 and
259 2637 121 27 Maunsell,
400 2638 45 21 Mr.
461 2638 120 28 Beckham,
601 2640 43 22 Mr.

57 2665 136 27 Thompson,
205 2664 46 21 and
261 2665 44 21 Mr.
316 2664 82 27 Kemp,
410 2664 45 21 had
466 2671 13 15 a
488 2665 54 27 long
553 2673 92 16 conver-

58 2692 72 21 sation
147 2691 51 21 with
215 2691 60 21 John
295 2691 61 21 Heki
372 2691 45 21 and
432 2691 35 22 his
483 2696 63 23 party
563 2700 29 14 on
609 2696 36 19 the

58 2718 79 23 beach,
149 2717 72 22 which
231 2717 67 22 failed
312 2717 24 22 in
346 2717 93 27 making
454 2725 43 20 any
506 2719 58 26 good
574 2720 71 23 effect.

60 2745 111 26 Saturday
186 2743 65 28 night
264 2744 80 27 passed
361 2745 34 21 off
406 2745 91 27 quietly,
514 2753 23 14 as
555 2746 49 22 well
622 2755 24 14 as

58 2771 118 26 yesterday
184 2770 118 27 (Sunday.)
332 2770 55 22 This
398 2772 103 26 morning
506 2776 22 17 at
535 2772 112 28 day-light

60 2798 55 27 they
121 2797 123 22 assembled
252 2797 21 21 in
285 2804 14 14 a
308 2797 67 26 body,
382 2797 44 23 and
435 2798 85 22 carried
528 2799 48 22 into
583 2800 64 23 effect

58 2824 50 21 that
128 2824 71 21 which
214 2824 53 27 they
282 2823 46 22 had
344 2823 52 28 long
414 2825 56 21 been
495 2825 150 29 threatening,

60 2851 44 22 viz.
112 2859 5 13 :
133 2851 37 21 the
186 2851 135 21 destruction
332 2851 25 21 of
370 2850 38 22 the
419 2851 153 23 Government
582 2853 65 28 Flag-

60 2878 57 26 staff,
134 2877 72 22 which
225 2877 53 26 they
292 2877 166 26 accomplished
476 2879 31 26 by
525 2880 87 27 cutting
630 2882 18 21 it

58 2904 71 27 down,
142 2905 42 20 and
193 2904 99 27 burning
301 2907 49 24 part
356 2903 26 22 of
389 2904 24 25 it,
425 2905 102 27 carrying
537 2913 62 21 away
609 2908 37 21 the

60 2931 71 26 signal
142 2931 61 26 balls,
215 2931 44 21 and
269 2931 37 21 the
316 2931 126 27 remaining
452 2935 49 24 part
509 2932 24 21 of
541 2933 38 22 the
589 2934 57 22 staff.

62 2957 63 28 They
131 2957 45 22 had
186 2957 126 27 previously
321 2957 67 22 taken
399 2964 62 21 away
469 2966 14 13 a
492 2959 90 28 boat'by
588 2960 59 23 force

59 2984 57 22 from
128 2991 13 15 a
150 2988 120 18 waterman
286 2983 83 23 named
380 2984 55 27 Fox,
447 2985 48 22 who
506 2986 56 21 lives
571 2990 24 18 at
609 2988 38 21 the

59 3010 114 27 Waitangi
188 3010 67 27 Falls,
266 3010 45 22 and
320 3010 84 22 hauled
414 3011 17 21 it
446 3019 29 20 up
485 3011 53 28 high
551 3013 45 22 and
607 3014 40 27 dry

60 3037 50 22 into
120 3044 14 15 a
142 3037 76 22 native
228 3037 44 28 pah
282 3040 23 18 at
313 3037 36 21 the
360 3037 78 22 mouth
447 3039 26 20 of
477 3038 36 21 the
523 3039 49 22 said
582 3040 65 27 river,

88 3064 44 22 this
140 3065 53 21 boat
202 3063 110 26 however,
322 3066 23 18 at
354 3063 37 22 the
399 3065 161 26 expostulation
567 3066 26 22 of
600 3068 45 21 Mr.

59 3091 128 27 Thompson
196 3091 44 21 and
253 3091 43 21 Mr.
308 3090 81 27 Kemp,
403 3098 44 15 was
457 3093 105 21 returned
577 3097 22 18 to
610 3094 38 21 the

59 3125 84 14 owner.

93 3146 30 24 In
135 3145 131 24 conclusion
275 3145 38 24 the
321 3146 162 24 memorialists
492 3152 56 19 state
559 3150 49 22 that
618 3158 6 15 :

86 3178 48 21 The
144 3178 90 21 Wairau
245 3177 63 22 affair
314 3176 41 23 has
361 3185 54 19 very
423 3178 68 22 much
498 3179 149 23 emboldened

59 3204 37 22 the
106 3211 61 15 more
177 3204 44 21 evil
230 3204 102 29 disposed
341 3204 87 27 portion
440 3205 26 21 of
473 3206 36 22 the
521 3206 75 22 native
606 3214 41 20 po-

59 3230 109 28 pulation,
193 3237 82 20 among
294 3230 72 22 whom
386 3231 61 22 John
470 3232 60 22 Heki
550 3239 53 22 may
619 3234 28 22 be

59 3257 92 25 classed,
172 3256 44 23 and
234 3257 28 22 he
281 3257 42 22 has
339 3258 55 21 been
414 3258 70 22 heard
500 3262 22 18 to
532 3259 47 27 ask,

59 3283 135 27 Rauparaha
204 3287 22 18 to
240 3284 58 21 have
309 3284 31 21 all
355 3284 37 22 the
410 3285 70 21 credit
490 3286 25 21 of
520 3286 80 28 killing
609 3287 38 22 the

60 3310 117 22 Pakehas?
207 3310 41 22 Let
257 3318 26 14 us
293 3310 28 22 do
331 3318 24 15 so
365 3318 24 15 as

93 3339 36 30 By
142 3338 37 24 the
198 3338 157 24 Government
376 3340 52 31 brig
441 3340 111 29 Victoria,
572 3342 73 24 which

59 3371 88 24 arrived
159 3372 57 22 from
229 3372 37 23 the
278 3372 50 30 Bay
341 3373 25 22 of
382 3373 91 24 Islands
486 3382 29 15 on
524 3374 123 33 Thursday

58 3405 67 31 night
137 3404 51 29 last,
200 3412 34 15 we
246 3406 102 22 received
360 3413 14 15 a
384 3406 38 23 file
435 3407 26 23 of
476 3407 37 24 the
531 3407 116 26 Southern

60 3437 77 30 Cross,
160 3438 58 23 from
238 3437 75 24 which
334 3446 31 15 we
384 3439 57 24 have
454 3440 114 25 extracted
580 3449 13 16 a
604 3442 43 24 full

58 3475 97 19 account
172 3470 26 24 of
221 3470 38 24 the
280 3472 149 31 proceedings
450 3478 23 18 at
496 3474 37 23 the
555 3475 50 30 Bay
623 3476 25 23 of

58 3503 100 24 Islands,
163 3503 58 24 after
232 3503 39 23 the
283 3504 83 23 arrival
384 3505 26 22 of
433 3506 37 23 the
488 3511 77 28 troops
585 3508 61 25 from

57 3537 94 30 Sydney
161 3536 44 24 and
218 3536 57 24 from
288 3536 132 31 Auckland,
432 3539 44 23 and
497 3540 25 22 of
538 3540 39 24 the
596 3541 50 24 Go-

56 3574 119 20 vernment
186 3570 51 31 brig
252 3569 104 24 Victoria
367 3570 44 24 and
423 3570 103 26 H.M.S.
546 3573 102 24 Hazard

57 3603 55 24 with
123 3603 36 24 his
170 3602 143 31 Excellency
323 3602 71 25 there.

90 3636 37 25 A.
127 3641 64 26 party
203 3636 26 23 of
243 3636 89 23 natives
343 3637 94 22 commit
448 3641 47 19 acts
507 3638 25 23 of
545 3639 101 24 violence

57 3677 62 23 upon
131 3669 37 23 the
179 3668 98 29 settlers,
290 3669 45 23 and
344 3669 72 24 insult
428 3669 38 24 the
486 3670 86 24 British
590 3672 54 31 flag.

59 3701 51 24 The
122 3701 90 24 settlers
231 3701 94 24 address
343 3701 36 24 his
398 3702 141 32 Excellency
560 3712 29 16 on
607 3706 39 23 the

58 3734 96 32 subject,
167 3734 47 27 and
223 3735 108 24 attribute
344 3735 64 24 these
415 3736 148 32 proceedings
575 3743 23 18 to
608 3738 38 24 the

57 3768 114 31 impunity
182 3767 54 23 with
249 3767 72 25 which
334 3767 37 24 the
382 3773 76 19 actors
469 3769 24 23 in
504 3769 38 23 the
551 3769 95 26 Wairau

58 3800 119 25 Massacre
189 3800 103 30 escaped.
323 3800 47 24 His
378 3801 140 32 Excellency
530 3803 116 24 considers

57 3832 38 24 the
104 3837 85 19 matter
198 3840 27 16 so
238 3834 88 23 serious
337 3834 51 23 that
405 3834 29 24 he
455 3835 68 24 sends
544 3841 23 18 to
588 3836 58 24 New

58 3865 76 25 South
144 3865 78 24 Wales
234 3866 37 23 for
282 3870 84 28 troops,
379 3867 45 24 and
436 3875 30 17 on
486 3868 59 24 their
563 3870 82 24 arrival

57 3899 77 23 unites
146 3898 30 24 all
186 3898 39 24 the
238 3898 64 24 other
320 3900 74 24 forces
414 3900 29 24 he
464 3908 42 17 can
525 3903 120 24 command

58 3932 44 23 and
124 3939 93 23 appears
238 3936 23 19 at
280 3932 39 23 the
339 3933 49 29 Bay
407 3933 24 24 of
448 3933 99 26 Islands.
595 3936 51 26 The

1330 224 44 24 We
1386 232 38 16 are
1435 224 107 24 indebted
1555 229 21 19 to
1593 225 37 22 the
1649 222 90 33 Sydney
1753 224 91 24 Herald

1298 258 24 22 of
1331 258 39 22 the
1383 257 47 24 2nd
1442 258 26 23 of
1477 258 94 30 August
1582 258 34 22 for
1629 257 38 23 the
1683 257 52 30 only
1748 258 98 23 detailed

1298 295 97 18 account
1406 298 32 14 we
1452 290 56 22 hare
1520 297 55 16 seen
1595 290 24 22 of
1638 290 39 22 the
1697 295 77 17 recent
1793 295 53 18 out-

1299 330 66 23 rages
1377 323 27 22 of
1412 323 39 22 the
1460 323 102 23 Maories
1575 327 23 18 at
1608 323 38 22 the
1654 323 51 29 Bay
1713 323 25 22 of
1746 323 101 24 Islands.

1299 355 58 24 This
1369 359 122 20 statement
1510 363 45 16 was
1574 356 122 23 addressed
1710 359 22 19 to
1746 356 38 22 the
1798 356 51 23 Go-

1299 396 82 16 vernor
1393 389 30 30 by
1434 396 13 15 a
1460 389 100 23 resident
1572 392 22 19 at
1604 388 38 23 the
1652 388 58 30 Bay,
1719 388 45 23 and
1772 389 76 30 copies

1299 420 125 24 forwarded
1442 425 22 19 to
1482 421 38 22 the
1539 421 123 23 Auckland
1680 421 45 23 and
1751 421 94 30 Sydney

1301 460 94 24 papers.

1296 497 31 21 To
1344 499 33 20 his
1395 499 125 24 Excellency
1531 499 60 24 Capt.
1609 499 91 24 Fitzroy,
1713 499 66 24 R.N.,
1801 499 44 20 Go-

1427 532 76 13 veruor
1513 526 25 19 of
1551 526 51 19 New
1613 526 100 19 Zealand.

1327 560 49 25 Sir,
1407 560 10 20 I
1428 560 48 20 take
1486 561 36 19 the
1531 560 77 26 liberty
1618 560 24 20 of
1654 560 124 25 addressing
1786 566 54 19 your

1301 587 133 26 Excellency,
1445 589 93 24 through
1548 588 35 19 the
1594 587 92 20 medium
1696 587 23 19 of
1732 587 36 19 the
1779 593 68 19 press,

1301 621 29 18 as,
1342 615 56 19 from
1408 615 36 19 the
1456 617 61 17 tenor
1526 615 25 19 of
1562 615 36 19 the
1609 614 99 20 Colonial
1718 613 129 26 Secretary's

1301 642 41 20 last
1351 642 63 20 letter
1424 645 22 17 to
1457 648 41 17 me,
1508 641 10 21 I
1531 642 66 20 doubt
1605 641 94 20 whether
1710 647 54 20 your
1775 641 75 19 Excel-

1301 669 62 25 lency
1372 669 68 25 might
1456 671 39 18 not
1510 669 53 23 also,
1574 669 23 19 in
1614 669 42 19 this
1668 669 104 23 instance,
1784 668 67 20 direct

1302 702 12 14 a
1324 696 80 20 similar
1413 696 67 25 reply.
1511 696 11 20 I
1536 695 59 21 write
1611 701 57 14 more
1679 697 23 18 to
1713 695 107 25 complain
1830 695 22 19 of

1302 723 35 20 the
1354 723 118 26 imbecility
1489 723 24 19 of
1533 723 60 19 those
1612 722 75 26 placed
1701 722 23 20 in
1743 722 109 25 authority

1303 756 48 14 over
1362 756 25 14 us
1398 751 51 19 than
1459 751 23 19 in
1499 750 72 25 giving
1588 752 23 17 to
1621 756 54 19 your
1685 749 129 26 Excellency
1823 756 27 12 an

1303 779 90 18 account
1409 777 26 20 of
1447 778 36 19 the
1496 777 140 20 transactions
1653 776 25 20 of
1691 777 35 19 the
1736 776 83 20 natives
1828 776 23 20 in

1303 804 86 20 Russell
1397 804 34 20 for
1441 805 36 19 the
1486 803 43 21 last
1539 805 58 19 three
1608 810 23 13 or
1642 803 49 20 four
1702 803 59 26 days.
1791 803 61 20 Your

1303 831 127 26 Excellency
1435 838 42 14 was
1483 831 85 26 pleased
1575 833 21 18 to
1604 831 104 20 condemn
1714 831 36 19 the
1758 831 94 19 conduct

1303 859 24 19 of
1339 859 36 19 the
1391 859 124 26 Europeans
1531 859 22 19 in
1571 859 35 19 the
1621 858 88 20 Wairau
1725 858 109 20 Massacre
1844 866 5 15 ;

1303 886 52 24 that,
1367 886 77 25 having
1452 886 135 20 commenced
1598 886 35 20 the
1643 886 72 25 affray,
1724 885 51 26 they
1785 885 66 20 threw

1303 920 56 19 away
1370 913 55 20 their
1434 920 55 13 arms
1508 913 42 20 and
1565 920 37 13 ran
1610 914 7 18 ?
1645 913 65 19 What
1727 913 52 19 then
1795 914 57 18 must

1303 940 41 20 and
1353 940 44 20 will
1411 940 25 20 be
1452 941 37 19 the
1505 940 88 26 opinion
1609 939 22 20 of
1651 946 54 19 your
1722 939 130 26 Excellency

1303 967 42 20 and
1355 967 26 20 of
1395 967 103 20 mankind
1512 967 24 19 in
1552 966 92 26 general,
1656 967 45 19 that
1711 972 12 14 a
1735 972 62 14 scene
1807 967 44 19 like

1303 995 35 19 the
1348 994 87 20 Wairau
1445 1000 111 18 massacre,
1563 994 50 25 only
1623 993 24 20 of
1655 1000 12 13 a
1674 999 58 14 more
1743 993 107 20 extensive

1303 1023 83 22 nature,
1397 1022 37 19 has
1442 1021 73 26 nearly
1522 1021 101 20 occurred
1632 1020 74 20 within
1717 1020 35 20 the
1760 1020 42 20 last
1811 1020 39 20 few

1304 1049 50 25 days
1362 1049 24 19 in
1393 1049 42 20 this
1444 1050 57 19 town
1508 1049 7 18 ?
1536 1048 35 20 On
1578 1048 110 25 Thursday
1697 1047 97 26 morning
1802 1047 48 24 last,

1304 1078 22 18 at
1334 1076 61 20 three
1405 1076 91 24 o'clock,
1506 1076 87 25 Johnny
1604 1075 88 26 Hackey
1701 1074 42 21 and
1752 1074 33 20 his
1795 1074 56 20 tribe

1304 1106 54 17 went
1369 1106 22 17 to
1403 1104 35 19 the
1447 1103 134 24 ferry-house
1597 1105 21 17 at
1633 1102 35 20 the
1682 1102 103 25 Waitangi
1796 1102 55 19 Falls

1306 1130 71 26 (being
1387 1131 36 19 the
1438 1130 158 25 landing-place
1613 1136 27 13 on
1652 1129 43 20 Mr.
1709 1129 88 25 Busby's
1807 1129 45 20 side

1305 1158 24 19 of
1334 1158 37 19 the
1377 1160 63 17 water
1445 1158 96 19 between
1548 1157 82 20 Russell
1635 1157 43 20 and
1685 1157 35 19 the
1729 1156 120 26 Waimate,)

1304 1185 52 25 kept
1366 1185 28 25 by
1405 1184 42 20 Mr.
1460 1184 50 24 Fox,
1522 1184 41 20 and
1573 1184 115 20 demanded
1698 1184 24 19 of
1734 1184 45 19 him
1788 1186 23 17 to
1823 1184 29 19 let

1304 1212 59 20 them
1372 1212 31 23 in,
1413 1212 69 19 which
1493 1212 27 19 he
1531 1212 91 19 refused.
1649 1211 60 25 They
1717 1211 51 19 then
1776 1211 76 20 endea-

1304 1240 82 19 voured
1396 1241 21 18 to
1428 1240 58 19 force
1504 1245 27 14 an
1547 1241 61 23 entry
1626 1238 92 25 through
1736 1238 37 19 the
1789 1238 63 20 doors

1304 1267 42 20 and
1364 1267 106 23 windows,
1486 1266 46 24 but,
1543 1266 80 25 finding
1639 1266 38 19 the
1692 1267 91 23 attempt
1797 1265 55 20 inef-

1305 1294 86 24 fectual,
1408 1294 51 25 they
1476 1294 46 19 told
1538 1294 45 19 him
1598 1294 51 24 they
1658 1292 77 21 should
1752 1292 48 20 take
1816 1292 36 20 the

1305 1321 58 24 boat,
1373 1321 69 20 which
1451 1321 51 26 they
1512 1321 43 24 did,
1566 1320 41 21 and
1620 1320 100 20 returned
1729 1320 61 25 again
1800 1320 52 19 with

1305 1348 18 20 it
1331 1349 38 19 the
1378 1355 57 13 same
1445 1348 106 25 morning,
1562 1348 64 20 about
1635 1348 73 20 eleven
1719 1347 91 20 o'clock.
1833 1348 19 19 A

1306 1376 60 19 short
1375 1376 51 19 time
1441 1376 62 24 after,
1514 1375 43 21 Mr.
1569 1375 120 25 Bedggood,
1701 1374 24 20 of
1739 1375 36 18 the
1793 1374 59 20 Wai-

1306 1405 63 22 mate,
1381 1403 89 24 arrived,
1480 1403 42 19 and
1538 1402 110 27 requested
1666 1402 43 20 Fox
1726 1404 22 17 to
1759 1403 39 24 put
1807 1401 44 20 him

1306 1436 70 14 across
1387 1433 22 17 to
1420 1430 91 20 Russell.
1543 1430 35 20 On
1592 1429 93 26 arriving
1700 1431 22 18 at
1732 1429 36 19 the
1779 1429 74 19 mouth

1307 1457 23 20 of
1344 1457 36 20 the
1398 1457 63 25 river,
1479 1457 97 26 opposite
1593 1457 44 20 Mr.
1656 1457 92 25 Busby's
1765 1458 65 22 store,
1842 1462 11 14 a

1306 1491 65 14 canoe
1382 1485 53 19 from
1447 1486 35 19 the
1501 1485 63 19 Pahia
1579 1485 44 19 side
1640 1484 25 20 of
1678 1485 35 19 the
1723 1484 56 19 river
1795 1490 57 13 came

1306 1514 38 18 out
1353 1513 43 19 and
1405 1512 69 20 seized
1490 1513 37 19 the
1543 1513 55 23 boat,
1611 1512 89 24 dragged
1716 1511 18 19 it
1745 1517 28 14 on
1783 1511 68 24 shore,

1306 1540 42 19 and
1357 1540 118 26 compelled
1485 1540 35 20 the
1538 1545 121 20 passengers
1668 1539 40 19 and
1718 1538 101 20 boatman
1828 1540 23 18 to

1306 1569 35 23 get
1351 1570 46 21 out,
1405 1568 46 19 who
1463 1573 53 14 were
1527 1567 51 20 then
1587 1567 84 25 obliged
1681 1569 22 17 to
1714 1566 53 19 walk
1778 1568 22 17 to
1814 1565 38 20 Pa-

1305 1595 43 24 hia,
1358 1595 43 20 and
1415 1595 56 19 from
1488 1595 76 19 thence
1580 1594 81 20 arrived
1677 1593 23 20 in
1717 1593 85 20 Russell
1817 1593 36 19 the

1306 1628 57 14 same
1371 1622 118 20 afternoon.
1510 1622 19 20 A
1539 1624 72 23 report
1620 1628 53 13 soon
1683 1621 114 19 circulated
1808 1621 46 19 that

1306 1649 88 26 Johnny
1411 1649 89 26 Hackey
1510 1649 41 20 and
1560 1649 32 20 his
1609 1649 53 19 tribe
1679 1648 41 20 had
1738 1647 69 20 seized
1818 1648 35 19 the

1306 1677 49 20 boat
1367 1679 22 17 to
1406 1680 88 22 prevent
1504 1683 42 19 any
1555 1682 76 20 person
1640 1676 55 19 from
1705 1675 71 26 giving
1785 1675 67 19 infor-

1306 1704 82 20 mation
1397 1704 24 19 of
1429 1704 33 20 his
1469 1704 107 19 intention
1586 1706 23 17 to
1619 1709 59 14 come
1686 1709 49 14 over
1744 1702 41 20 and
1794 1702 60 20 make

1306 1738 13 13 a
1328 1734 49 17 tour
1388 1737 28 14 on
1433 1732 43 19 Mr.
1489 1731 64 24 Lord,
1564 1731 46 20 who
1620 1730 39 20 had
1679 1729 91 20 married
1779 1736 41 13 one
1830 1729 24 20 of

1308 1759 31 20 his
1350 1759 75 23 slaves,
1436 1758 102 26 formerly
1548 1758 35 20 the
1592 1758 48 19 wife
1650 1757 25 20 of
1684 1757 41 20 Mr.
1738 1756 64 26 Gray,
1813 1757 41 19 and

1307 1792 57 20 upon
1374 1786 69 20 whom
1459 1786 42 19 and
1517 1786 36 19 the
1569 1786 82 24 lodgers
1668 1784 88 26 Johnny
1768 1784 86 25 Hackey

1308 1814 40 19 had
1358 1814 61 19 made
1430 1819 11 14 a
1451 1813 48 25 levy
1509 1813 65 20 about
1583 1813 57 25 eight
1650 1812 68 19 weeks
1729 1812 67 22 since,
1807 1811 47 20 tak-

1306 1841 37 25 ing
1358 1847 59 19 away
1433 1847 64 19 every
1507 1840 67 25 thing.
1605 1840 43 19 Mr.
1666 1839 58 20 John
1743 1838 110 26 Hayward,

1307 1868 46 20 who
1371 1868 41 20 had
1428 1868 45 25 just
1492 1868 82 20 arrived
1592 1867 55 20 from
1668 1866 84 26 Sydney
1772 1866 28 25 by
1819 1866 35 20 the

1330 1896 93 19 Thomas
1522 1895 51 19 with
1580 1901 27 13 an
1613 1895 127 19 investment
1748 1893 25 20 of
1780 1893 74 25 goods,

1308 1923 40 20 had
1358 1922 75 21 rented
1444 1929 40 13 one
1496 1922 24 20 of
1532 1922 43 20 Mr.
1586 1922 76 19 Lord's
1673 1927 78 17 rooms,
1764 1920 41 20 aud
1814 1921 40 20 had

1308 1951 24 19 he
1344 1952 39 18 not
1397 1949 130 25 fortunately
1537 1949 96 20 removed
1650 1949 57 19 them
1727 1949 47 19 that
1790 1948 64 20 after-

1309 1983 63 17 noon,
1386 1983 27 14 on
1424 1979 91 17 account
1525 1977 24 19 of
1560 1977 37 19 the
1607 1978 71 22 report
1689 1976 22 19 in
1722 1976 130 24 circulation,

1272 2002 5 21 I
1308 2011 28 14 no
1346 2005 66 19 doabt
1423 2005 26 18 he
1459 2004 70 20 would
1546 2004 51 19 have
1606 2003 42 20 lwt
1658 2003 37 20 the
1705 2003 76 20 whole.
1811 2002 42 20 Mr.

1272 2024 5 27 \
1307 2030 77 26 Kemp,
1395 2030 36 20 the
1446 2030 166 26 sub-protector,
1630 2030 81 19 arrived
1729 2030 22 19 ia
1772 2030 80 19 Russeil

1307 2057 54 20 from
1374 2057 63 20 PaUia
1466 2058 67 19 where
1544 2057 25 19 he
1579 2057 86 23 resides,
1674 2057 83 19 instead
1763 2057 23 19 of
1795 2057 59 19 mak-

1308 2085 35 25 ing
1353 2085 37 19 the
1407 2084 105 26 township
1528 2084 32 20 his
1576 2084 58 26 place
1645 2084 25 19 of
1681 2083 107 20 residence
1819 2084 34 19 the

1308 2118 57 13 same
1381 2111 96 25 evening,
1496 2111 48 23 and,
1557 2111 9 19 I
1583 2111 87 23 believe,
1687 2111 66 19 called
1771 2117 27 13 ou
1811 2111 42 19 Mr.

1308 2139 122 24 Thompson
1442 2137 52 27 (Mr.
1506 2138 106 20 Beckham
1619 2137 63 26 being
1692 2138 74 19 absent
1776 2141 21 16 at
1809 2138 44 19 Ho-

1309 2165 93 26 kianga,)
1416 2166 43 19 and
1474 2166 23 18 in
1513 2166 35 19 the
1564 2165 88 25 evening
1670 2165 41 19 Mr.
1732 2165 68 26 Kemp
1821 2172 32 12 re-

1309 2193 77 20 turned
1395 2199 70 14 across
1475 2193 36 19 the
1530 2195 61 17 water
1609 2195 21 17 to
1646 2193 99 25 Johnney
1758 2193 94 24 Haokey,

1310 2220 109 25 tendering
1430 2220 43 20 him
1483 2226 13 13 a
1506 2219 190 21 double-barrelled
1701 2226 42 19 gun
1753 2219 44 26 (the
1809 2226 45 14 rea-

1309 2254 38 14 son
1358 2248 26 20 of
1396 2248 68 19 which
1474 2249 100 24 payment
1589 2247 54 19 lam
1654 2247 116 25 ignorant.)
1800 2247 54 19 That

1308 2281 56 14 same
1372 2275 69 25 night,
1454 2281 23 14 or
1487 2275 71 19 rather
1565 2277 21 17 at
1596 2280 40 14 one
1647 2274 82 20 o'clock
1740 2280 27 14 on
1779 2274 75 25 Friday

1310 2303 104 24 morning,
1426 2302 88 25 Johnny
1532 2301 87 26 Hackey
1629 2301 82 20 arrived
1729 2301 23 19 in
1764 2301 90 24 Russell,

1309 2330 41 20 and
1360 2330 103 25 occupied
1473 2329 44 20 Mr.
1527 2329 75 20 Lord's
1612 2329 73 25 house,
1691 2329 51 19 with
1749 2329 33 19 his
1787 2329 54 19 tribe
1847 2336 5 16 ;

1309 2358 49 25 they
1369 2357 106 20 remained
1486 2357 60 26 quiet
1555 2356 56 20 until
1621 2356 64 20 about
1696 2357 59 19 three
1772 2357 82 19 o'clock

1309 2384 21 20 in
1341 2385 36 19 the
1384 2384 119 25 afternoon,
1514 2384 60 20 when
1581 2384 49 25 they
1642 2383 80 20 formed
1730 2383 124 20 themselves

1309 2414 21 17 at
1341 2411 84 24 Lord's,
1436 2411 42 20 and
1487 2411 61 20 made
1557 2417 12 14 a
1576 2412 49 19 rush
1637 2411 89 19 towards
1737 2411 36 19 the
1783 2413 72 17 centre

1310 2438 22 20 of
1345 2439 37 20 the
1388 2439 73 24 beach,
1471 2439 69 19 where
1546 2439 50 24 they
1606 2441 54 17 went
1668 2438 92 25 through
1772 2438 34 19 the
1814 2444 41 14 war

1310 2466 64 20 dance
1381 2473 5 17 ;
1402 2466 55 20 after
1464 2466 68 20 which
1544 2466 48 25 they
1599 2466 72 19 seated
1680 2466 125 19 themselves
1814 2466 40 19 and

1310 2494 134 19 commenced
1454 2496 23 17 to
1487 2493 71 26 speak.
1588 2493 45 20 The
1643 2493 46 20 first
1703 2494 89 24 speaker
1802 2493 51 23 said,

1411 2527 49 17 war,
1480 2527 51 15 war,
1551 2520 50 20 with
1621 2520 35 20 the
1676 2520 62 20 white

1309 2548 44 20 The
1364 2548 85 24 second,
1492 2548 42 20 Cut
1544 2548 57 20 them
1611 2548 22 19 in
1649 2548 76 25 pieces,
1736 2548 43 19 and
1787 2548 68 19 throw

1309 2576 58 19 them
1376 2576 24 19 in
1409 2576 36 19 the
1536 2576 41 19 and
1586 2575 64 23 third,
1693 2574 56 20 That
1757 2574 29 20 Te
1798 2575 56 20 Rau-

1309 2603 79 25 paraha
1397 2603 40 20 had
1447 2603 66 20 killed
1523 2603 62 19 white
1595 2602 82 26 people,
1689 2602 40 19 and
1740 2602 47 26 why
1793 2602 62 20 could

1310 2632 38 17 not
1467 2630 56 23 And,
1537 2630 70 24 lastly,
1625 2629 88 25 Johnny
1723 2629 89 26 Hackey
1818 2632 37 23 got

1310 2663 34 20 up,
1364 2658 47 23 and,
1428 2658 22 19 in
1461 2664 13 13 a
1482 2658 52 25 long
1544 2657 82 25 speech,
1642 2657 68 19 stated
1722 2657 46 19 that
1779 2657 25 20 he
1815 2663 40 14 was

1310 2691 59 14 come
1379 2685 33 20 for
1423 2687 99 23 payment
1529 2685 55 19 from
1591 2684 56 19 Lord
1657 2684 42 19 and
1706 2684 32 20 his
1748 2684 56 24 wife,
1815 2685 40 19 and

1309 2713 21 19 to
1342 2714 37 17 cut
1390 2712 61 20 down
1461 2713 35 19 the
1506 2712 107 25 flag-staff,
1630 2712 42 19 and
1682 2712 45 19 told
1743 2718 24 13 us
1779 2714 38 17 not
1833 2714 22 18 to

1308 2739 108 21 interfere.
1441 2739 60 25 They
1507 2739 51 19 then
1564 2739 98 19 returned
1668 2741 23 18 to
1699 2739 76 19 Lord's
1781 2739 73 20 house.

1310 2766 83 26 During
1403 2767 36 19 the
1449 2767 68 19 whole
1527 2766 24 20 of
1562 2766 42 20 this
1615 2766 58 24 time,
1691 2766 43 20 Mr.
1746 2766 107 20 Beckham

1311 2793 56 26 (who
1383 2794 41 19 had
1436 2794 46 25 just
1492 2793 99 20 returned
1604 2793 57 20 from
1672 2793 121 26 Hokianga)
1815 2795 41 19 and

1310 2821 43 19 Mr.
1366 2821 69 25 Kemp
1451 2827 54 13 were
1514 2821 90 25 walking
1619 2821 122 20 backwards
1752 2821 41 20 and
1812 2821 44 21 for-

1310 2848 65 20 wards
1387 2850 21 18 at
1417 2849 37 19 the
1464 2848 41 20 end
1515 2848 25 20 of
1551 2849 35 19 the
1601 2848 65 20 beach
1696 2855 12 14 a
1722 2849 96 20 distance
1834 2849 23 20 of

1310 2876 73 25 nearly
1392 2882 13 12 a
1413 2877 86 24 quarter
1505 2876 25 19 of
1538 2882 12 13 a
1557 2876 55 23 mile,
1623 2876 42 20 and
1671 2882 63 14 never
1739 2877 117 25 attempted

1310 2905 21 17 to
1341 2902 108 24 interfere,
1461 2903 101 25 although
1573 2903 43 20 Mr.
1628 2903 70 26 Kemp
1711 2904 76 20 should
1804 2905 52 19 have

1310 2930 78 20 known
1404 2931 47 19 that
1469 2931 37 19 the
1522 2931 81 19 natives
1621 2931 70 20 would
1701 2934 22 17 at
1741 2932 47 19 that
1805 2932 51 19 time

1310 2957 64 20 relate
1393 2957 54 20 their
1461 2957 118 21 intentions
1596 2958 42 20 and
1654 2959 56 19 their
1725 2959 130 25 grievances.

1310 2985 48 20 Had
1369 2985 36 20 the
1416 2985 138 20 Archdeacon
1564 2985 104 21 Williams
1677 2986 53 20 been
1747 2986 51 20 then
1808 2992 48 19 pre-

1310 3014 54 21 sent,
1374 3012 73 20 before
1457 3012 36 20 the
1504 3012 79 21 natives
1593 3012 41 21 had
1645 3013 69 26 begun
1724 3015 23 18 to
1757 3013 97 26 plunder,

1310 3039 35 20 the
1359 3039 60 21 affair
1433 3040 70 19 would
1513 3040 52 20 have
1579 3040 54 20 been
1649 3040 65 26 easily
1731 3040 84 20 settled.
1845 3040 10 20 I

1309 3073 41 14 saw
1360 3066 45 21 Mr.
1423 3066 108 21 Beckham
1541 3068 45 19 that
1602 3068 96 25 evening,
1710 3068 42 19 and
1769 3068 87 25 pointed

1310 3096 37 18 out
1357 3096 22 18 to
1390 3094 44 20 him
1444 3094 36 21 the
1490 3096 105 24 necessity
1605 3094 25 21 of
1642 3095 73 25 taking
1730 3101 58 14 some
1798 3098 58 22 steps

1308 3124 22 17 to
1353 3127 101 21 suppress
1473 3128 41 20 any
1534 3124 34 17 act
1587 3122 25 19 of
1633 3122 121 25 aggression
1779 3122 24 20 of
1820 3123 36 19 the

1309 3150 88 22 nat'ves,
1408 3149 43 20 and
1461 3149 24 20 of
1498 3149 35 20 the
1544 3149 126 25 willingness
1681 3149 25 20 of
1718 3150 35 19 the
1772 3150 84 19 inhabi-

1308 3178 57 18 tants
1375 3178 23 18 to
1407 3178 38 24 put
1456 3176 124 21 themselves
1587 3176 67 20 under
1661 3176 52 24 him,
1721 3177 42 20 and
1771 3179 21 18 to
1800 3177 56 20 form

1309 3209 12 14 a
1330 3204 67 24 guard
1407 3204 76 25 during
1493 3204 36 19 the
1540 3204 60 26 night
1606 3211 6 17 ;
1627 3204 39 19 but
1675 3204 18 19 it
1703 3210 41 14 was
1752 3204 104 21 declined.

1309 3230 61 21 After
1379 3237 14 14 a
1402 3231 61 25 night
1473 3231 25 20 of
1510 3232 92 25 anxiety,
1612 3232 37 19 the
1656 3231 130 21 inhabitants
1794 3238 61 18 were,

1309 3265 22 13 as
1347 3258 69 26 might
1426 3258 25 20 be
1467 3258 112 26 supposed,
1590 3265 29 19 up
1635 3258 42 21 and
1689 3260 101 25 prepared
1805 3260 51 19 with

1309 3286 36 19 the
1354 3286 49 19 first
1417 3286 59 20 dawn
1494 3286 25 21 of
1531 3286 47 26 day.
1607 3286 45 20 The
1671 3287 47 19 first
1735 3293 55 13 news
1809 3287 47 19 that

1308 3313 87 25 greeted
1409 3313 57 20 them
1481 3320 51 17 was,
1548 3314 47 19 that
1611 3313 88 27 Johnny
1710 3313 88 27 Hackey
1815 3314 41 19 and

1308 3340 55 20 tribe
1376 3340 43 20 had
1435 3340 80 20 robbed
1529 3347 14 13 a
1556 3347 84 20 person,
1661 3341 26 19 of
1704 3341 35 19 the
1754 3347 62 13 name
1832 3341 24 19 of

1308 3367 66 26 Toby,
1387 3367 24 21 of
1424 3374 13 13 a
1445 3367 44 26 pig,
1506 3367 70 21 which
1583 3374 42 14 was
1640 3367 93 26 hanging
1743 3374 29 19 up
1781 3368 23 20 in
1821 3369 33 19 his

1308 3395 74 24 house,
1399 3395 41 19 aad
1456 3395 43 19 had
1513 3395 80 20 cooked
1611 3395 17 20 it
1644 3395 78 26 during
1735 3395 37 20 the
1786 3395 68 26 night.

1308 3421 73 21 About
1386 3421 103 26 half-past
1495 3428 62 14 seven
1563 3423 50 25 they
1619 3422 136 20 commenced
1760 3422 95 27 slaught-

1308 3449 60 25 ering
1376 3449 37 19 the
1424 3449 46 26 pigs
1485 3449 93 26 running
1586 3449 25 21 ia
1625 3450 36 19 the
1673 3449 182 26 neighbourhood,

1308 3476 23 20 in
1341 3477 36 19 the
1388 3476 59 20 front
1457 3477 23 19 of
1492 3477 38 19 the
1544 3477 70 25 police
1622 3477 142 25 magistrate's
1780 3478 74 23 house,

1308 3503 42 21 and
1367 3503 68 21 which
1452 3509 41 14 was
1513 3509 50 14 seen
1579 3503 29 26 by
1624 3510 40 14 our
1678 3504 80 24 sheriff,
1775 3505 81 26 Joseph

1309 3530 80 24 Dixon,
1409 3530 61 26 Esq.,
1492 3530 56 26 (who
1564 3531 79 20 resides
1661 3531 52 21 with
1729 3531 35 21 his
1782 3532 74 27 family

1308 3558 51 20 with
1374 3557 45 21 Mr.
1435 3557 125 27 Beckham).
1589 3558 60 26 They
1662 3561 51 18 next
1727 3559 66 21 broke
1808 3560 46 20 into

1308 3592 27 14 an
1347 3587 73 24 empty
1429 3585 67 20 house
1505 3585 113 26 belonging
1626 3588 23 18 to
1663 3586 45 20 Mr.
1719 3586 84 25 Caffler,
1813 3588 42 19 aad

1308 3613 61 20 when
1378 3613 48 19 that
1434 3613 121 25 gentleman
1562 3613 65 21 asked
1635 3614 59 20 them
1701 3614 48 26 why
1758 3615 51 26 they
1814 3615 42 20 had

1309 3640 55 20 done
1381 3646 32 18 so,
1431 3640 42 20 and
1483 3640 47 20 told
1546 3640 58 21 them
1612 3641 43 20 had
1671 3641 51 26 they
1731 3641 85 27 applied
1832 3644 22 19 to

1308 3667 45 20 him
1369 3667 28 20 he
1410 3667 70 20 would
1495 3667 53 20 have
1564 3668 82 25 opened
1661 3668 19 20 it
1696 3668 35 20 for
1748 3670 67 23 them,
1832 3670 23 19 in

1308 3694 61 27 reply
1377 3694 52 27 they
1437 3694 124 21 threatened
1571 3697 22 18 to
1603 3696 55 26 chop
1668 3696 31 19 off
1710 3696 35 19 his
1761 3695 62 26 head,
1833 3699 22 18 at

1308 3722 36 20 the
1359 3728 58 13 same
1433 3721 52 20 time
1496 3722 80 26 raising
1588 3722 57 21 their
1658 3723 131 21 tomahawks
1806 3730 50 14 over

1308 3750 52 19 him.
1407 3748 21 21 It
1446 3755 42 14 was
1509 3755 48 14 now
1576 3750 92 19 between
1689 3751 50 18 nine
1758 3752 43 17 and
1819 3754 37 15 ten

1309 3775 84 22 o'clock
1399 3783 6 17 ;
1421 3776 43 20 and
1470 3776 53 20 whei
1528 3782 12 15 c
1546 3783 41 14 was
1598 3783 39 14 our
1644 3778 69 25 police
1720 3778 122 26 magistrate
1847 3779 8 19 ?

1336 3803 29 20 la
1374 3803 49 20 bed.
1451 3802 79 21 Where
1546 3810 30 14 ws
1592 3804 43 21 Mr.
1652 3804 69 27 Kemp
1727 3806 9 19 ?
1766 3806 30 19 At
1816 3805 40 20 Pa-

1308 3831 42 20 hia.
1379 3830 80 21 Where
1468 3836 54 15 were
1532 3830 36 21 the
1585 3832 132 21 constables?
1746 3834 31 19 At
1785 3833 70 23 home,

1293 3855 7 3 '
1308 3860 39 19 not
1367 3860 22 18 at
1407 3858 37 20 the
1463 3858 61 26 place
1540 3858 24 21 of
1583 3859 99 20 mischief
1684 3861 5 18 1
1727 3860 74 20 About
1818 3862 36 18 ten

1309 3884 84 22 o'clock
1400 3884 45 21 Mr.
1451 3885 81 26 Spicer',
1542 3885 46 21 wko
1596 3886 42 20 had
1645 3886 54 21 been
1706 3887 30 20 all
1741 3888 37 19 the
1785 3893 71 14 morn-

1308 3913 37 25 ing
1365 3912 82 26 talking
1463 3912 53 21 with
1532 3913 37 20 the
1584 3913 90 25 natives,
1692 3920 60 15 came
1774 3915 23 19 to
1811 3914 44 20 Mr.

1309 3940 102 21 Gibson's
1419 3941 76 22 stores,
1506 3940 70 21 where
1582 3941 56 20 most
1646 3940 25 22 of
1682 3941 37 21 the
1725 3940 131 22 inhabitants

1925 137 51 15 were
1986 131 123 24 assembled,
2120 131 98 26 awaiting
2228 133 36 19 the
2274 133 83 20 farther
2370 136 92 26 proceed,

1922 159 46 24 iags
1983 158 25 20 of
2021 158 35 20 the
2072 158 87 23 natives,
2177 159 41 19 and
2232 159 106 21 informed
2347 160 58 20 them
2421 162 43 21 that

1921 185 88 26 Johnny
2023 185 89 26 Hackey
2124 185 71 20 would
2208 188 40 17 not
2261 192 27 19 go
2307 187 70 20 unless
2387 187 26 20 he
2427 195 37 15 was

1920 213 48 26 paid
1977 219 13 13 a
1997 213 57 24 large
2062 212 64 20 tierce
2135 212 24 20 of
2171 212 93 26 tobacco,
2276 213 42 19 and
2325 213 47 20 that
2382 220 21 13 as
2412 214 53 23 Lord

1919 246 43 14 was
1978 245 54 20 poor
2046 239 36 20 the
2095 239 62 19 white
2172 240 74 25 people
2265 242 58 18 mast
2337 246 40 19 pay
2392 241 25 20 it.
2446 243 18 20 It

1921 273 41 14 was
1973 266 106 26 proposed
2093 266 46 20 that
2153 272 59 14 some
2225 272 89 20 persons
2330 266 76 20 should
2419 271 45 19 wait

1921 299 28 14 on
1966 293 43 20 Mr.
2027 293 113 23 Beckham,
2156 293 41 19 and
2213 295 85 24 request
2311 293 46 20 him
2367 295 22 18 to
2406 296 39 19 call
2454 304 10 13 a

1921 320 93 25 meeting
2028 320 25 20 of
2065 320 36 20 the
2115 320 138 20 inhabitants.
2283 320 89 20 Messrs.
2388 320 75 27 Spicer,

1922 347 122 26 M'Carthy,
2060 347 43 19 and
2112 347 82 25 myself,
2210 347 134 26 accordingly
2359 347 66 20 called
2438 356 26 15 oil

1922 374 44 20 Mr.
1986 374 115 23 Beckham,
2119 374 48 24 and,
2185 374 54 20 after
2260 374 63 25 being
2340 374 97 21 detained
2455 384 10 13 a

1921 404 85 23 quarter
2016 401 25 19 of
2053 407 26 13 an
2090 401 54 19 hour
2158 402 83 19 outside
2251 401 34 20 his
2297 401 60 24 door,
2372 401 25 20 he
2409 404 55 20 made

1920 428 34 19 his
1964 434 137 20 appearance.
2131 427 67 20 When
2210 427 10 20 I
2230 428 106 20 informed
2345 428 44 19 him
2397 428 23 20 of
2424 430 40 21 J,he

1921 454 68 21 desire
1999 455 24 19 of
2037 455 37 19 the
2087 454 129 21 inhabitants
2234 457 23 17 to
2269 455 61 25 place
2344 456 120 22 themselves

1921 482 68 19 under
1998 482 33 19 his
2038 482 119 24 command,
2170 482 41 19 and
2220 482 112 26 requested
2340 482 45 19 him
2395 484 22 18 to
2431 490 33 19 ap-

1921 509 61 25 point
1993 515 11 13 a
2014 509 60 25 place
2085 508 24 20 of
2121 509 97 25 meeting,
2237 509 27 20 he
2279 509 80 26 replied
2371 515 30 14 we
2416 512 48 19 need

1921 538 38 17 not
1969 536 66 19 alarm
2045 536 112 24 ourselves,
2166 542 22 14 as
2196 536 26 20 he
2236 536 41 20 had
2288 536 101 25 arranged
2396 542 68 21 every-

1921 563 68 25 thing,
2001 562 41 20 and
2051 563 45 19 that
2109 563 34 19 the
2154 563 68 25 police
2229 562 71 21 would
2309 563 28 20 do
2347 563 55 20 their
2408 564 56 26 duty,

1923 590 10 19 I
1943 590 52 19 then
2004 590 66 19 asked
2086 590 44 19 him
2139 590 47 19 how
2201 591 18 18 it
2232 597 42 13 was
2292 590 38 21 the
2344 590 69 26 police
2427 591 37 20 had

1920 617 114 25 permitted
2044 617 35 20 the
2088 617 146 25 depredations
2245 616 85 27 already
2337 617 127 21 committed.

1921 644 39 20 We
1968 644 96 19 received
2074 643 33 20 for
2119 650 87 18 answer,
2217 644 47 20 that
2278 651 31 14 we
2318 646 57 18 must
2389 644 75 21 submit

1921 674 22 17 to
1954 672 57 19 them
2022 671 57 19 until
2086 671 26 19 he
2123 670 40 21 had
2173 671 57 20 force
2239 672 104 19 sufficient
2354 673 23 18 to
2385 675 79 21 protect

1921 704 33 14 us.
1983 698 27 19 In
2020 698 67 26 reply,
2098 703 30 14 we
2135 698 68 20 stated
2214 699 46 19 that
2267 699 20 19 if
2298 700 26 19 he
2335 698 68 20 would
2411 699 53 25 yield

1920 728 22 17 to
1956 726 37 19 the
2007 727 85 24 request
2110 724 24 21 of
2147 726 36 19 the
2197 726 140 23 inhabitants,
2356 726 26 19 he
2399 726 65 20 would

1920 752 44 20 find
1980 753 47 19 that
2044 753 59 19 there
2120 753 69 19 would
2206 753 26 20 be
2247 753 59 20 force
2323 752 104 21 sufficient
2444 755 20 18 to

1920 780 58 25 repel
1985 785 41 20 any
2034 780 82 19 further
2122 780 131 24 aggressions
2264 786 28 13 on
2300 780 35 19 the
2345 781 47 25 part
2399 780 24 19 of
2431 781 33 20 the

1921 807 81 20 natives
2009 814 6 16 ;
2038 807 47 19 that
2093 806 19 20 it
2122 813 41 14 was
2173 809 38 18 not
2219 813 39 14 our
2268 807 103 20 ambition
2379 809 22 18 to
2410 813 54 14 com-

1920 840 73 14 mence
2002 841 28 12 an
2040 834 71 25 affray,
2122 834 39 19 but
2170 835 22 19 to
2203 834 58 20 show
2272 835 36 20 the
2317 835 81 19 natives
2412 834 50 25 that,

1920 861 102 25 although
2037 867 31 14 we
2082 861 41 20 had
2137 861 113 26 permitted
2265 861 58 20 them
2338 863 23 18 to
2378 863 86 23 proceed

1921 889 47 19 thus
1979 889 39 23 far,
2029 895 31 13 we
2072 895 51 13 were
2134 888 131 20 determined
2274 891 23 17 to
2308 891 38 23 put
2356 895 13 13 a
2378 890 48 23 stop
2444 891 20 17 to

1920 922 41 18 any
1975 915 83 21 further
2068 917 43 18 acts
2126 915 24 20 of
2162 915 93 21 violence
2264 923 4 17 ;
2294 915 41 20 aad
2350 915 46 20 that
2409 915 19 20 if
2441 916 23 20 he

1921 943 52 25 (Mr.
1984 942 114 25 Beckham)
2110 943 35 19 did
2154 945 38 17 not
2200 943 78 19 choose
2288 944 23 18 to
2321 942 102 20 assemble
2432 943 32 20 the

1919 969 139 23 inhabitants,
2069 969 46 19 that
2125 969 50 25 they
2184 969 69 19 would
2265 971 54 18 meet
2330 969 41 19 and
2380 970 85 25 appoint

1921 1002 57 14 some
1996 1002 78 20 person
2090 998 22 18 to
2128 999 34 16 act
2177 997 22 18 in
2217 996 32 20 his
2265 997 68 25 place.
2371 996 33 20 He
2423 998 42 19 told

1922 1030 23 13 us
1968 1024 47 19 that
2034 1023 27 20 he
2080 1023 68 19 would
2168 1026 38 23 put
2222 1030 25 13 us
2272 1024 61 19 down
2356 1023 29 26 by
2403 1023 61 21 force.

1921 1050 38 20 We
1970 1050 105 20 informed
2084 1051 43 19 him
2138 1056 29 14 we
2178 1051 40 19 had
2229 1057 27 13 no
2275 1051 51 20 wish
2337 1053 22 17 to
2378 1050 87 26 infringe

1921 1078 36 20 the
1967 1078 49 20 laws
2027 1078 25 20 of
2067 1084 39 14 our
2116 1080 96 23 country,
2224 1079 38 19 but
2280 1078 45 20 that
2336 1077 129 26 self-preser-

1919 1106 74 20 vation
2012 1112 42 14 was
2074 1106 36 19 the
2129 1106 46 19 first
2194 1106 38 20 law
2251 1105 25 20 of
2288 1107 82 21 nature,
2380 1105 41 19 and
2438 1112 27 14 we

1922 1133 70 19 would
2002 1139 28 14 no
2041 1133 74 25 longer
2124 1132 81 27 quietly
2214 1133 79 19 submit
2300 1135 22 17 to
2328 1133 35 19 the
2373 1133 92 20 invasion

1921 1160 24 20 of
1960 1167 40 13 our
2016 1161 81 23 homes,
2110 1161 53 19 have
2173 1166 39 14 our
2221 1161 63 19 wives
2294 1161 93 19 insulted
2397 1160 27 25 by
2434 1161 32 19 the

1922 1189 81 19 natives
2010 1188 88 25 wilfully
2106 1187 100 26 exposing
2215 1187 54 20 their
2277 1193 88 20 persons
2373 1190 23 16 to
2404 1187 61 24 them,

1921 1221 39 14 our
1971 1215 120 26 daughteis'
2103 1215 80 20 clothes
2193 1215 72 26 pulled
2273 1221 50 13 over
2333 1215 54 19 their
2397 1215 69 24 h-ads,

1921 1242 42 20 and
1974 1249 39 13 our
2022 1244 101 25 property
2133 1242 68 20 stolen
2211 1249 6 17 ;
2232 1242 42 20 and
2282 1242 46 20 that
2334 1242 20 19 if
2359 1242 53 20 such
2418 1248 48 14 were

1921 1270 33 19 his
1965 1270 125 23 intentions,
2098 1276 30 13 we
2139 1269 69 20 would
2216 1275 79 20 oppose
2306 1268 57 21 force
2371 1272 21 16 to
2404 1269 63 24 force,

1923 1297 41 19 and
1973 1297 28 19 he
2011 1297 70 20 would
2091 1297 49 19 then
2149 1303 33 13 see
2189 1297 46 19 who
2244 1295 70 21 would
2323 1296 49 25 gain
2379 1296 35 20 the
2423 1296 44 26 day.

1923 1324 39 19 We
1981 1330 54 14 were
2056 1324 126 26 proceeding
2201 1324 22 19 in
2248 1329 41 14 our
2314 1324 151 23 conversation,

1923 1351 59 20 when
2000 1352 44 19 Mr.
2056 1352 105 19 Beckham
2172 1351 45 20 told
2228 1357 23 14 us
2269 1352 46 18 that
2326 1351 46 19 that
2382 1357 40 13 was
2434 1355 33 16 not

1923 1385 12 13 a
1944 1385 78 19 proper
2034 1380 58 24 place
2102 1382 21 17 to
2135 1382 59 17 enter
2203 1380 46 19 into
2265 1378 36 19 the
2314 1378 103 24 business,
2430 1380 37 19 and

1923 1406 26 19 he
1959 1406 71 20 would
2048 1409 55 17 meet
2119 1413 24 13 us
2155 1408 22 17 at
2193 1407 36 18 the
2241 1406 68 19 Court
2319 1405 73 20 House
2402 1406 22 19 in
2434 1409 33 16 ten

1924 1434 99 19 minutes.
2053 1433 38 20 We
2110 1436 42 17 met
2168 1433 135 25 accordingly
2313 1435 22 18 at
2349 1434 36 18 the
2401 1432 66 21 Police

1924 1461 75 23 Office,
2010 1461 42 20 and
2062 1461 12 20 I
2084 1462 60 24 again
2154 1460 64 26 urged
2236 1461 36 19 the
2288 1460 104 26 necessity
2403 1460 23 19 of
2434 1461 33 19 the

1923 1488 74 26 people
2014 1488 64 26 being
2097 1489 119 25 organized,
2227 1494 12 13 a
2249 1488 66 20 house
2326 1488 113 26 appointed
2448 1495 19 12 as

1924 1522 11 13 a
1946 1516 152 25 guard-house,
2109 1517 41 18 and
2159 1516 80 26 patrols
2249 1517 24 18 to
2289 1516 24 19 be
2324 1515 114 26 appointed
2448 1518 19 17 at

1923 1543 68 25 night,
2003 1543 41 20 and
2064 1546 38 17 not
2120 1545 22 18 to
2161 1543 64 20 suffer
2242 1549 25 13 us
2288 1545 21 18 to
2324 1542 26 20 be
2360 1545 36 17 cut
2406 1543 29 18 off
2448 1543 19 19 in

1923 1570 71 24 detail,
2005 1577 23 13 as
2040 1570 69 20 would
2117 1570 26 20 be
2153 1571 36 19 the
2199 1575 47 15 case
2257 1570 18 19 if
2289 1570 120 25 something
2418 1576 49 13 were

1923 1600 38 17 not
1971 1598 64 20 done.
2065 1597 42 20 Mr.
2119 1597 106 21 Beckham
2236 1597 84 20 refused
2331 1604 5 12 :
2356 1597 43 20 still
2410 1597 57 25 using

1921 1625 33 19 his
1965 1625 36 19 old
2011 1630 79 15 excuse
2119 1631 30 14 we
2158 1625 42 19 had
2210 1627 38 17 not
2259 1625 58 19 force
2329 1625 90 25 enough,
2429 1625 38 19 aud

1923 1653 47 19 that
1988 1652 35 19 the
2040 1652 69 25 police
2126 1652 76 20 should
2217 1653 53 24 keep
2285 1652 73 24 guard,
2374 1652 41 19 and
2429 1652 37 19 had

1924 1679 54 20 done
1989 1686 23 13 so
2023 1679 37 19 the
2072 1679 58 26 night
2147 1679 79 21 before.
2257 1679 35 20 On
2304 1678 61 26 being
2375 1679 62 19 asked
2447 1686 20 13 as

1924 1709 21 17 to
1957 1707 37 19 the
2009 1707 90 19 stations
2115 1707 24 19 of
2157 1707 34 19 the
2206 1707 69 26 police
2286 1709 21 17 at
2322 1706 35 20 the
2371 1706 49 20 time
2436 1707 31 19 the

1925 1734 80 20 natives
2016 1734 124 20 committed
2150 1735 35 19 the
2196 1735 89 24 robbery
2295 1733 23 21 of
2331 1734 35 19 the
2377 1734 41 25 pig,
2429 1735 38 19 and

1923 1761 69 20 which
2003 1761 50 26 they
2064 1761 79 20 cooked
2154 1762 35 19 the
2200 1768 55 13 same
2264 1761 69 24 night,
2343 1761 18 19 it
2373 1767 38 13 was
2420 1768 47 13 con-

1924 1788 70 20 fessed
2001 1789 47 19 that
2058 1789 50 25 they
2117 1795 53 13 were
2184 1789 22 19 in
2218 1789 46 19 bed.
2294 1787 44 21 The
2351 1788 49 25 only
2415 1789 52 19 boon

1924 1822 30 14 we
1971 1816 63 19 could
2053 1816 71 20 obtain
2142 1822 47 17 was,
2208 1816 46 20 that
2274 1815 35 20 the
2333 1816 79 18 church
2431 1817 37 18 bell

1924 1843 76 20 should
2010 1843 26 20 be
2047 1850 54 18 rung
2110 1844 21 19 in
2143 1850 46 13 case
2200 1843 24 21 of
2237 1843 61 23 need,
2309 1843 42 19 and
2366 1843 35 19 the
2412 1843 55 25 place

1925 1871 24 19 of
1961 1871 92 25 meeting
2064 1871 75 19 should
2149 1871 25 19 be
2189 1871 35 19 the
2234 1876 56 19 open
2300 1876 62 19 space
2378 1871 89 19 between

1926 1898 33 19 the
1966 1900 68 17 stores
2041 1898 24 19 of
2071 1898 86 20 Messrs.
2168 1898 82 20 Wilson
2259 1897 41 20 and
2307 1897 120 23 .Addeman,
2442 1904 25 13 on

1924 1926 35 19 the
1970 1925 73 20 beach.
2077 1925 15 20 \
2107 1925 49 20 boat
2170 1931 41 14 was
2226 1925 65 20 about
2307 1926 21 18 to
2343 1925 25 19 be
2384 1927 46 18 sent
2447 1928 20 16 to

1928 1952 62 20 Pahia
2000 1953 34 19 for
2044 1952 43 20 Mr.
2098 1952 77 26 Kemp,
2192 1954 36 18 the
2243 1952 165 26 sub-protector,
2425 1952 41 23 but,

1924 1986 21 13 as
1957 1980 17 19 it
1985 1986 40 13 was
2041 1980 108 19 remarked
2164 1980 46 19 that
2224 1980 27 20 he
2261 1985 41 14 was
2314 1979 83 25 coining
2412 1985 54 17 over,

1921 2006 19 25 i[i
1950 2013 41 13 was
2001 2007 90 23 recalled
2098 2014 6 17 ;
2134 2008 42 19 this
2184 2013 40 13 was
2232 2007 73 19 eleven
2313 2006 90 19 o'clock.
2425 2006 43 20 The

1925 2034 79 19 natives
2015 2034 42 19 had
2068 2034 51 19 been
2129 2034 28 19 all
2165 2033 36 20 the
2210 2033 98 25 moruing
2317 2032 40 19 and
2366 2032 41 19 stil!
2417 2038 50 13 were

1925 2061 95 25 entering
2029 2067 87 19 persons
2123 2061 76 19 houses
2206 2060 41 19 and
2254 2059 133 26 plundering.
2409 2059 58 19 Sonic

1925 2088 24 19 of
1962 2088 36 19 the
2012 2091 68 16 stores
2095 2094 54 13 were
2162 2088 77 19 closed.
2270 2086 43 20 Mr.
2332 2086 74 25 Kemp,
2424 2087 42 18 who

1924 2114 42 19 had
1976 2115 100 19 returned
2084 2117 21 17 to
2117 2115 63 19 Pahia
2189 2114 22 20 in
2220 2115 74 19 search
2302 2114 23 19 of
2333 2114 134 19 Archdeacon

1924 2142 112 22 Williams,
2053 2142 75 19 landed
2148 2142 49 19 with
2215 2142 44 19 that
2279 2142 126 24 gentleman,
2429 2141 38 19 aad

1926 2168 42 20 Mr.
1980 2169 106 23 Maunsjl,
2097 2172 21 17 at
2130 2170 90 22 Russell,
2239 2170 92 19 between
2342 2168 73 20 twelve
2429 2169 38 18 and

1924 2202 47 13 one.
2001 2196 45 19 The
2067 2196 49 23 trio,
2132 2196 22 19 in
2168 2202 105 20 company
2288 2196 50 19 with
2354 2196 35 19 the
2402 2196 65 24 police

1925 2224 128 24 magistrate,
2064 2224 116 25 proceeded
2190 2226 21 17 to
2222 2224 36 19 the
2272 2223 87 25 natives,
2372 2223 45 19 who
2427 2224 40 18 still

1925 2250 101 26 occupied
2038 2250 74 20 Lord's
2121 2251 72 23 house,
2205 2251 41 19 and
2257 2250 85 21 entered
2351 2250 24 23 it,
2386 2250 81 19 exclud-

1924 2278 37 25 ing
1975 2278 36 19 the
2027 2278 129 26 Europeans.
2195 2278 100 20 Towards
2310 2278 35 19 the
2359 2278 107 19 afternoon

1926 2305 35 20 the
1977 2305 81 20 natives
2075 2305 41 20 and
2131 2306 35 19 the
2181 2305 65 20 above
2261 2305 119 25 gentlemen
2394 2305 49 20 held
2457 2311 10 13 a

1925 2332 92 26 meeting
2036 2333 83 19 outside
2141 2333 36 19 the
2201 2333 73 23 house,
2300 2333 60 19 when
2383 2332 84 26 Johnny

1926 2359 87 26 Hackey
2029 2360 78 20 related
2121 2361 35 19 the
2171 2360 122 25 grievances
2304 2361 23 19 of
2338 2360 37 19 the
2390 2360 77 19 natives

1924 2387 55 19 from
1995 2388 35 18 the
2045 2387 62 20 death
2121 2388 24 18 of
2158 2387 84 20 Marion
2253 2387 61 20 down
2331 2389 22 17 to
2370 2387 34 19 the
2416 2394 49 18 .pre-

1925 2417 47 17 sent
1994 2415 59 23 time,
2077 2415 41 19 and
2138 2415 136 25 particularly
2294 2415 121 19 mentioned
2434 2415 33 19 the

1926 2448 87 14 manner
2032 2443 37 19 the
2086 2442 66 20 chiefs
2168 2443 42 19 had
2227 2443 54 19 been
2295 2442 115 26 entrapped
2424 2442 42 19 into

1926 2469 83 26 signing
2024 2469 36 20 the
2075 2472 67 23 treaty
2156 2474 22 15 at
2192 2471 36 18 the
2244 2469 114 25 Waitangi.
2391 2469 28 19 At
2433 2469 33 19 ths

1926 2497 56 19 close
2003 2497 25 19 of
2048 2497 35 19 the
2101 2497 88 25 evening
2204 2497 42 19 Mr.
2266 2496 106 21 Beckham
2387 2497 80 19 advised

1927 2523 43 21 Mr.
1982 2524 57 20 Lord
2050 2528 23 16 to
2083 2525 102 25 purchase
2194 2530 12 14 a
2218 2525 48 19 boat
2277 2523 40 21 and
2330 2526 21 18 to
2366 2524 45 25 give
2422 2524 16 19 it
2447 2528 20 16 to

1926 2551 88 26 Johnny
2029 2552 94 25 Hackey.
2154 2552 9 19 I
2179 2552 109 26 happened
2301 2554 22 17 to
2338 2552 25 20 be
2378 2554 89 23 present,

1925 2579 41 19 and
1976 2579 65 19 asked
2053 2579 41 19 Mr.
2109 2579 103 20 Beckham
2222 2585 28 13 on
2262 2579 55 19 what
2326 2579 93 24 grounds
2427 2578 40 20 Mr.

1926 2605 57 20 Lord
1998 2606 76 20 should
2088 2606 47 26 pive
2151 2606 36 20 the
2204 2606 61 20 boat?
2293 2606 48 24 and,
2357 2605 25 20 if
2387 2606 17 20 it
2418 2612 49 14 were

1926 2633 69 26 given,
2001 2633 19 20 if
2028 2633 88 26 Johnny
2123 2633 87 26 Hackey
2220 2633 70 20 would
2298 2639 39 21 pay
2347 2634 34 19 for
2386 2634 82 25 damage

1926 2660 45 20 that
1986 2660 42 20 had
2045 2662 52 18 been
2112 2661 67 20 done?
2218 2660 48 20 And
2288 2660 10 20 1
2313 2660 155 20 recommended

1928 2688 43 19 Mr.
1987 2688 57 19 Lonl
2058 2690 22 18 to
2095 2688 27 20 do
2140 2695 26 13 no
2182 2688 52 20 such
2248 2688 68 26 thing,
2333 2694 22 13 as
2371 2689 18 18 ii
2403 2688 64 19 would

1926 2716 50 25 only
1998 2716 25 19 be
2039 2716 87 25 holding
2143 2718 37 17 out
2190 2722 13 13 a
2213 2716 125 25 temptation
2349 2715 33 20 for
2391 2716 78 19 further

1926 2742 134 26 plundering.
2085 2743 130 26 Ultimately,
2224 2742 136 21 Archdeacon
2369 2742 98 20 Williams

1926 2777 50 18 gave
1987 2770 58 20 them
2055 2777 13 12 a
2077 2770 40 26 bag
2126 2771 25 19 of
2165 2770 43 21 rice
2222 2770 42 19 and
2279 2776 57 14 some
2346 2776 69 19 sugar,
2430 2770 38 19 and

1928 2798 35 19 the
1973 2798 82 19 natives
2065 2798 85 26 passing
2164 2804 28 20 up
2203 2798 37 20 the
2253 2798 75 24 beach,
2338 2797 97 26 pointing
2448 2800 19 17 to

1926 2825 36 20 the
1982 2826 80 24 things,
2080 2825 70 25 jeered
2164 2832 32 13 us.
2226 2825 35 20 All
2276 2825 36 20 the
2327 2831 75 14 nouses
2420 2831 48 13 were

1927 2852 70 20 closed
2007 2852 29 26 by
2046 2853 58 23 dark,
2120 2859 22 14 as
2152 2852 19 20 if
2183 2853 35 20 the
2233 2855 57 18 town
2302 2858 52 14 were
2368 2852 99 26 besieged.

1926 2880 79 25 Things
2016 2880 75 26 passed
2101 2880 23 20 of
2135 2881 70 25 pretty
2219 2880 46 20 well
2276 2886 29 13 ou
2315 2879 91 25 Sunday,
2422 2880 46 19 with

1926 2907 35 20 the
1983 2907 112 25 exception
2116 2908 23 19 of
2157 2907 34 20 the
2205 2907 140 20 interference
2365 2907 50 20 with
2436 2907 31 19 the

1927 2934 52 26 duty
1993 2937 22 17 at
2029 2935 36 19 the
2080 2934 96 20 Catholic
2190 2934 81 25 Chapel
2285 2934 27 26 by
2330 2934 37 20 the
2381 2934 53 20 tiibe
2449 2933 20 20 of

1926 2961 87 26 Johnny
2034 2961 94 26 Hackey,
2146 2961 41 20 and
2201 2968 13 13 a
2228 2961 40 19 few
2283 2963 59 24 petty
2357 2961 110 21 robberies.

1927 2989 94 25 Monday
2044 2989 105 25 morning,
2173 2989 36 19 the
2233 2988 81 21 natives
2337 2991 22 17 at
2378 2989 89 26 daylight

1926 3016 104 20 launched
2047 3016 55 20 their
2116 3022 74 14 canoes
2203 3015 84 27 (eight),
2302 3015 42 21 and
2353 3019 47 17 sent
2414 3017 53 19 them

1926 3043 21 19 in
1959 3043 75 26 charge
2044 3043 25 20 of
2079 3043 35 20 the
2123 3050 80 13 women
2213 3043 42 20 and
2264 3043 53 26 boys
2332 3045 22 18 to
2372 3043 94 23 Waihihi,

1926 3070 65 20 about
1997 3077 13 13 a
2015 3071 50 19 mile
2074 3071 53 19 from
2134 3070 91 24 Russell,
2234 3070 89 21 towards
2332 3071 35 20 the
2373 3073 93 18 entrance

1926 3097 24 20 of
1961 3098 37 20 the
2008 3097 48 26 bay.
2084 3098 59 25 They
2149 3099 50 19 then
2210 3097 117 26 proceeded
2333 3098 23 20 in
2364 3098 102 25 marching

1926 3125 62 19 order
2006 3127 22 18 to
2039 3126 37 19 the
2092 3125 61 26 point
2167 3126 24 20 of
2203 3125 36 20 the
2249 3125 66 20 beach
2330 3126 95 26 opposite
2435 3125 31 19 the

1927 3152 88 20 Custom
2039 3153 73 19 House
2136 3153 41 19 and
2201 3153 61 26 Gaol,
2288 3153 42 20 and
2354 3151 113 28 performed

1926 3186 85 20 prayers
2018 3181 51 19 with
2075 3186 53 14 arms
2138 3181 23 19 in
2169 3180 64 20 hand.
2262 3180 30 20 At
2300 3179 35 21 the
2340 3180 125 22 conclusion,

1926 3214 11 12 a
1952 3208 87 25 portion
2055 3214 53 13 were
2123 3210 48 18 sent
2183 3207 92 21 towards
2290 3208 36 20 the
2336 3208 48 25 flag-
2387 3207 47 20 staff
2446 3208 20 18 to

1926 3238 35 16 cut
1976 3234 20 20 it
2015 3234 75 25 down;
2113 3235 36 20 the
2164 3234 126 25 remaining,
2309 3240 22 15 as
2346 3241 13 13 a
2374 3234 92 25 covering

1926 3263 68 24 party,
2004 3262 127 26 proceeding
2141 3262 28 26 by
2178 3262 89 20 another
2276 3262 52 19 road
2337 3264 23 18 to
2370 3262 95 22 Waihihi,

1926 3289 50 20 both
1994 3289 62 20 roads
2074 3290 90 25 meeting
2178 3290 23 19 in
2215 3295 40 14 one
2269 3288 54 21 after
2334 3289 84 26 passing
2434 3288 31 20 the

1925 3316 107 26 flag-staff.
2063 3316 79 21 Parties
2157 3317 25 20 of
2199 3316 83 21 natives
2298 3322 54 15 were
2366 3315 100 22 stationed

1924 3349 28 14 on
1963 3344 36 20 the
2008 3346 49 24 tops
2068 3344 23 20 of
2103 3345 35 20 the
2149 3344 96 20 different
2261 3344 49 19 hills
2320 3350 22 14 as
2354 3346 111 24 out-posts.

1926 3371 43 20 Mr.
1982 3371 106 20 Beckham
2097 3378 49 17 was,
2157 3372 77 25 during
2243 3371 43 20 this
2297 3372 57 23 time,
2372 3371 94 24 standing

1926 3398 74 21 within
2023 3404 42 15 one
2083 3399 97 20 hundred
2198 3399 63 26 yards
2281 3399 25 20 of
2326 3398 36 20 the
2383 3398 82 20 Custom

1926 3426 81 21 House.
2037 3426 44 21 Mr.
2093 3426 72 21 Potter
2171 3427 42 20 and
2222 3426 10 20 I
2242 3425 97 21 followed
2348 3425 36 20 the
2390 3426 75 20 natives

1926 3455 21 18 to
1965 3454 36 19 the
2018 3454 106 25 flag-staff,
2143 3454 42 19 and
2199 3452 65 21 asked
2279 3452 57 21 them
2356 3453 47 25 why
2420 3454 45 24 they

1926 3481 78 20 wished
2014 3483 22 18 to
2048 3483 36 18 cut
2100 3482 17 19 it
2127 3481 72 20 down?
2229 3480 62 20 Some
2301 3480 44 19 said
2361 3480 58 20 there
2429 3478 36 21 had

1926 3508 52 20 been
1990 3515 29 13 no
2034 3510 99 24 payment
2149 3509 61 25 given
2219 3507 34 20 for
2269 3507 37 20 the
2314 3506 62 25 land;
2390 3508 74 22 others,

1926 3536 45 20 that
1985 3535 18 21 it
2016 3535 115 27 prevented
2145 3536 36 19 the
2194 3534 58 26 ships
2266 3534 56 21 from
2337 3534 84 26 coming
2436 3534 28 19 in.

1927 3563 34 20 On
1971 3569 40 14 our
2020 3563 83 23 arrival,
2114 3562 36 20 the
2157 3562 80 20 natives
2244 3561 119 25 proceeded
2372 3564 21 17 to
2403 3561 61 23 work,

1926 3591 41 19 and
1978 3590 12 20 I
2000 3595 42 15 saw
2052 3590 35 20 the
2096 3590 83 20 honour
2188 3588 24 20 of
2224 3594 36 20 my
2269 3591 92 24 country
2370 3589 41 20 laid
2419 3589 45 23 low,

1926 3618 89 20 without
2024 3623 43 19 any
2077 3618 87 24 attempt
2174 3617 22 18 to
2204 3617 89 25 prevent
2302 3616 25 20 it.
2356 3616 44 20 The
2407 3620 57 22 ropes

1926 3645 35 20 the
1971 3645 82 19 natives
2067 3643 58 23 took,
2136 3643 43 19 and
2190 3643 38 20 the
2237 3643 51 20 staff
2300 3643 42 21 and
2351 3643 50 26 yard
2416 3647 48 15 were

1926 3674 35 18 cut
1971 3673 23 18 to
2004 3671 77 26 pieces.
2109 3670 19 20 A
2142 3670 89 20 demand
2244 3676 44 15 was
2301 3671 60 20 made
2375 3670 33 20 for
2421 3670 43 22 fire,

1925 3699 41 20 and
1981 3698 42 20 Mr.
2042 3697 82 26 Tapper
2141 3701 55 17 went
2211 3699 23 19 to
2250 3698 35 20 his
2300 3699 66 19 house
2377 3697 40 20 and
2430 3698 34 24 got

1924 3731 66 15 some.
2029 3724 68 20 When
2117 3725 35 19 the
2169 3725 68 21 whole
2251 3731 43 15 was
2310 3730 50 15 over
2374 3725 41 19 and
2430 3724 33 19 the

1925 3753 80 20 natives
2021 3757 63 20 gone,
2101 3751 42 21 Mr.
2156 3752 106 20 Beckham
2272 3752 42 21 and
2328 3758 12 14 a
2347 3752 39 20 few
2395 3751 23 21 of
2431 3751 32 20 the

1924 3779 131 21 inhabitants
2072 3779 87 21 arrived.
2189 3780 45 20 The
2250 3780 81 20 natives
2348 3781 43 18 met
2399 3784 27 14 on
2438 3783 25 14 an

1925 3806 97 27 opposite
2038 3806 46 23 hill,
2102 3807 134 21 commenced
2251 3814 13 13 a
2280 3813 42 14 war
2337 3807 71 23 dance,
2424 3805 39 19 dis-

1925 3833 90 26 charged
2024 3833 57 21 their
2091 3834 99 25 muskets,
2201 3835 79 20 retired
2290 3836 22 18 to
2323 3834 54 20 their
2384 3838 78 18 canoes,

1924 3861 42 20 and
1975 3860 40 20 left
2023 3860 35 20 for
2069 3861 34 21 the
2113 3862 61 20 other
2183 3862 70 20 shore.
2283 3861 45 21 The
2337 3861 76 26 parties
2420 3859 42 20 who

1924 3888 53 20 have
1997 3888 91 20 suffered
2103 3888 55 21 from
2173 3890 37 19 the
2226 3888 148 27 depredations
2390 3887 23 21 of
2430 3887 32 19 the

1924 3915 82 21 natives
2023 3921 47 19 are,
2089 3915 89 22 Messrs.
2195 3915 84 25 Caffler,
2299 3915 64 25 Lord,
2383 3913 79 23 Hearle,

1926 3942 77 26 Smith,
2022 3942 105 26 Johnson,
2146 3943 68 26 Ryan,
2233 3942 81 28 Tobey,
2335 3942 71 25 Reich,
2425 3939 37 21 and

551 43 96 47 &ijc
670 44 52 42 3?
723 44 68 40 *ld
816 44 209 41 2&al<mD
1050 44 190 47 4a}ttU
1264 45 93 40 attfr
1384 45 305 46 WlcUinQton
1712 41 258 50 putatoi\

1297 132 74 24 THE
1401 132 142 24 RECENT
1572 132 189 24 OUTRAGES
1802 133 47 24 AT

1366 165 74 24 THE
1459 165 71 24 BAY
1548 165 43 24 OF
1613 165 161 24 ISLANDS.

143 134 45 23 TO
206 134 75 23 OUR
299 133 236 24 SUPPORTERS.

50 191 65 24 With
127 192 37 24 the
170 196 95 27 present
281 192 93 24 number
392 192 39 24 the
450 192 114 30 quarter's
580 191 53 23 sub-

80 224 112 31 scription
214 225 139 26 terminates.
401 225 49 23 For
478 224 37 24 the
542 230 94 17 reasons

73 257 128 31 furnished
219 258 24 24 in
265 258 48 23 this
328 265 73 23 paoer
419 265 28 16 on
469 257 39 23 the
532 258 28 23 11
564 256 25 23 th
609 255 30 31 of

81 289 136 31 September,
230 292 38 22 tJie
302 290 59 24 New
370 290 106 24 Zealand
488 290 94 23 Gazette
591 288 46 24 and

83 322 138 29 Wellington
233 322 123 32 Spectator
401 323 49 23 vill
467 321 171 32 henceforward

82 357 27 23 he
126 356 160 24 discontinued.
334 356 42 23 We
391 363 41 16 are
447 355 80 24 unable
542 358 23 20 to
576 356 61 21 state

81 389 99 24 whether
200 389 38 23 the
257 389 127 23 settlement
401 388 21 23 is
441 386 150 31 immediately
613 389 23 20 to

82 422 57 23 have
160 421 96 24 another
272 429 74 23 paper
355 431 6 19 ;
388 421 39 23 but
446 429 33 16 we
500 419 139 25 understand

80 454 90 31 parties
181 462 39 15 are
231 454 165 31 endeavouring
409 457 22 20 to
443 453 64 24 make
525 459 112 22 arrange-

81 491 73 19 ments
171 486 55 24 with
247 487 48 23 that
314 486 81 31 object,
414 487 45 22 and
476 493 33 16 we
525 485 57 31 hope
600 484 38 23 the

81 520 61 23 issue
150 519 48 23 will
208 519 26 23 be
245 519 134 30 successful.

46 580 93 56 New
170 580 216 56 Zealand
417 580 216 56 Gazette

88 638 67 20 AND
170 636 216 22 WELLINGTON
407 636 181 21 SPECTATOR
