2529 4010
1907 640 66 21 What
1982 641 41 21 has
2033 641 56 21 been
2102 641 35 21 the
2149 640 52 22 fatal
2213 640 167 26 consequence?
2400 639 62 28 They

1879 666 85 22 hoisted
1975 667 57 21 their
2041 674 45 13 own
2097 667 48 27 flag,
2156 666 72 22 which
2239 673 43 14 was
2300 666 25 21 of
2343 673 29 14 no
2387 673 38 14 use
2442 670 22 17 to

1879 693 73 26 them;
1970 694 43 20 and
2031 694 37 21 the
2085 693 87 22 French
2183 696 48 19 sent
2241 693 60 25 large
2311 692 59 26 ships
2388 692 42 21 full
2440 692 25 21 of

1880 719 97 25 soldiers,
1989 720 49 21 who
2048 720 57 21 have
2115 720 67 21 taken
2192 720 124 26 possession
2328 720 24 19 of
2364 718 37 21 the
2410 718 54 21 land

1880 746 55 21 after
1945 746 80 26 killing
2035 746 110 25 numbers,
2158 745 109 22 hundreds
2278 745 24 21 of
2316 745 36 21 the
2371 744 92 22 natives.

1879 772 47 21 The
1937 772 87 21 French
2043 772 56 21 have
2116 772 57 21 done
2189 772 36 21 the
2241 779 61 14 same
2319 775 23 17 at
2358 770 37 21 the
2406 770 59 22 Mar-

1881 805 68 19 quesa
1969 798 86 21 Islands
2064 806 5 18 ;
2096 798 51 25 and,
2168 798 20 21 if
2205 798 19 21 it
2242 805 56 14 were
2318 800 39 18 not
2376 797 34 21 for
2429 796 36 22 the

1880 824 95 26 security
1984 831 46 19 you
2039 825 56 20 have
2105 824 21 21 in
2141 824 36 21 the
2193 823 149 22 brotherhood
2360 823 26 21 of
2403 823 59 26 Eng-

1881 850 59 26 land,
1953 850 52 26 they
2016 850 71 26 might:
2097 850 26 22 do
2134 850 37 22 the
2183 857 59 14 same
2252 850 60 21 here.

1908 881 48 21 Ask
1966 889 57 19 your
2041 882 76 26 oldest,
2137 882 43 20 and
2198 885 57 17 most
2275 882 83 20 trusted
2376 880 88 27 friends,

1881 907 68 22 about
1960 908 62 21 these
2032 908 81 26 things,
2125 908 37 21 ask
2174 908 37 21 the
2222 908 70 21 oldest
2303 908 161 21 Missionaries.

1907 939 49 21 The
1964 946 65 20 guns,
2042 939 44 21 and
2095 939 94 28 powder,
2199 939 44 21 and
2254 939 57 25 shot,
2324 939 43 21 and
2379 939 82 21 clothes

1882 965 24 21 of
1917 965 61 22 these
1990 966 111 21 countries
2111 973 53 14 soon
2175 972 35 20 go,
2229 965 42 21 and
2291 966 20 20 if
2323 965 141 22 men-of-war

1881 996 92 23 prevent
1992 999 61 15 more
2072 993 55 21 from
2152 993 96 25 coming,
2274 992 50 21 how
2347 998 42 15 can
2413 991 54 21 such

1881 1019 104 26 powerful
1998 1019 96 21 enemies
2105 1019 25 21 be
2141 1019 91 21 resisted
2243 1019 32 20 for
2291 1026 44 19 any
2351 1017 76 28 length
2443 1017 26 22 of

1882 1045 71 21 time!

1911 1076 21 21 It
1942 1075 64 22 made
2017 1083 36 14 me
2064 1083 53 20 very
2126 1076 39 21 sad
2172 1083 6 19 ;
2191 1075 16 22 it
2218 1075 62 22 made
2292 1083 38 19 my
2340 1075 63 22 heart
2413 1075 54 26 sick,

1883 1106 22 17 to
1926 1103 27 20 be
1969 1103 89 26 obliged
2074 1106 23 17 to
2111 1103 64 25 bring
2191 1103 91 20 soldiers
2300 1101 44 22 and
2354 1101 116 27 war-ships

1884 1129 58 26 here,
1956 1136 25 14 on
1993 1133 98 17 account
2102 1129 23 21 of
2138 1129 44 21 bad
2192 1129 108 26 conduct;
2315 1129 40 20 but
2366 1128 11 21 I
2388 1131 82 18 cannot

1883 1155 65 21 allow
1958 1156 55 21 such
2024 1155 125 26 behaviour,
2163 1162 24 14 or
2201 1155 54 21 such
2270 1155 77 21 insults
2365 1162 24 14 as
2408 1155 62 20 those

1884 1183 25 20 of
1926 1182 67 25 Heki,
2014 1185 23 18 to
2057 1189 49 19 pass
2125 1181 113 22 unatoned
2253 1181 41 22 for.
2333 1181 11 21 I
2365 1188 36 14 am
2417 1188 53 19 very

1885 1208 97 22 desirous
1998 1209 26 21 of
2035 1209 74 26 acting
2122 1208 24 22 in
2161 1208 54 22 such
2230 1212 91 17 matters
2338 1208 23 20 in
2380 1210 90 18 concert

1884 1235 53 21 with
1949 1235 35 21 the
1999 1235 110 26 principal
2124 1235 82 21 Chiefs.
2246 1235 10 20 I
2274 1234 54 21 wish
2344 1238 21 17 to
2382 1233 88 22 consult

1885 1261 53 22 with
1949 1261 59 22 them
2020 1268 28 14 on
2059 1261 29 21 all
2099 1262 118 25 important
2227 1261 120 21 occasions.

1913 1294 41 27 My
1963 1294 55 22 wish
2028 1294 17 21 is
2056 1294 34 21 for
2100 1294 117 26 peaceable
2226 1300 123 19 measures;
2366 1290 106 28 although

1886 1320 11 21 I
1907 1327 36 15 am
1953 1320 107 28 prepared
2070 1324 22 17 to
2103 1323 35 18 act
2148 1320 113 21 otherwise
2269 1327 6 19 ;
2292 1320 40 21 but
2347 1320 52 20 with
2415 1325 57 20 your

1885 1346 57 28 help,
1955 1347 70 22 under
2036 1347 69 22 God's
2116 1346 139 26 providence,
2265 1353 33 14 we
2309 1346 56 21 shall
2375 1344 96 23 succaed

1885 1373 23 22 in
1919 1381 40 14 our
1975 1374 73 26 object
2065 1374 25 20 of
2109 1373 132 25 restraining
2258 1372 37 21 the
2311 1371 161 22 ill-conducted

1887 1400 43 21 and
1941 1400 108 26 checking
2061 1400 38 21 the
2109 1399 42 21 bad
2163 1406 58 15 men.

1919 1702 11 21 I
1941 1701 57 23 shall
2013 1702 110 22 therefore
2141 1701 52 27 only
2210 1700 86 28 require
2313 1707 49 15 now
2378 1699 47 22 that
2439 1702 38 20 ten

1890 1736 59 19 guns
1959 1729 28 21 be
1998 1729 150 26 immediately
2165 1729 66 25 given
2242 1734 29 20 up
2281 1730 23 18 to
2314 1734 42 19 me,
2369 1734 24 14 as
2404 1729 73 19 atone-

1892 1758 63 19 ment
1964 1755 34 22 for
2009 1755 36 21 the
2057 1755 137 22 misconduct
2204 1754 25 22 of
2238 1754 66 22 Hone
2316 1753 68 22 Heki.

1914 1431 11 21 I
1937 1431 57 22 have
2006 1431 115 22 consulted
2132 1431 66 21 about
2209 1430 43 22 this
2266 1433 81 19 matter
2357 1430 25 21 of
2396 1430 78 20 Heki's

1888 1458 137 21 misconduct
2045 1457 53 22 with
2118 1457 83 22 several
2222 1457 75 26 chiefs,
2321 1457 42 21 and
2382 1456 29 22 he
2431 1456 40 21 has

1890 1484 84 23 written
1984 1492 37 14 me
2032 1492 13 14 a
2058 1486 61 20 letter
2137 1485 26 20 of
2178 1484 94 27 apology
2290 1484 67 20 about
2376 1483 37 21 the
2429 1482 45 27 flag

1888 1511 56 26 staff,
1957 1511 44 21 and
2021 1511 83 21 offered
2118 1514 22 17 to
2156 1515 39 22 put
2213 1518 28 19 up
2258 1510 99 21 another.
2387 1510 11 20 I
2419 1509 55 21 shall

1889 1545 49 14 now
1949 1537 51 28 only
2010 1537 85 28 require
2105 1537 91 26 further,
2205 1537 47 21 that
2262 1544 14 14 a
2286 1537 83 21 certain
2379 1536 95 21 number

1888 1565 26 20 of
1924 1572 56 18 guns
1998 1565 28 20 be
2042 1564 111 22 delivered
2166 1570 30 20 up
2213 1570 24 14 as
2253 1570 29 14 an
2299 1566 133 18 atonement.
2462 1562 12 22 I

1888 1591 57 21 shall
1954 1595 38 17 not
2004 1591 97 21 demand
2111 1598 74 19 many,
2197 1590 92 21 because
2301 1590 11 21 I
2328 1589 51 27 only
2390 1589 53 21 wish
2453 1592 21 18 to

1890 1617 63 22 mark
1963 1617 37 21 the
2011 1621 78 17 nature
2099 1617 24 21 of
2136 1617 34 21 his
2188 1617 84 21 offence
2291 1616 28 27 by
2331 1623 12 14 a
2352 1615 75 27 public
2438 1623 36 14 ac-

1889 1644 194 26 knowledgement
2090 1652 4 18 ;
2111 1647 40 18 not
2159 1644 31 26 by
2199 1650 45 18 any
2254 1642 130 28 acquisition
2395 1642 24 21 of
2427 1649 47 21 pro-

1888 1674 64 23 perty
1961 1670 122 27 belonging
2093 1674 21 18 to
2125 1670 45 21 him
2181 1677 24 14 or
2216 1670 32 21 his
2258 1669 89 22 friends.

60 131 79 23 others,
146 130 82 19 besides
237 130 36 19 the
280 129 67 20 insult
356 128 41 21 and
406 129 109 25 obsceuity
525 128 77 21 offered

60 160 23 17 to
102 158 37 19 the
158 156 85 21 females
261 156 41 20 and
321 156 102 23 children,
442 156 70 20 whose
531 161 70 14 names

60 184 106 26 prudence
176 184 87 19 dictates
273 184 77 19 should
362 185 39 18 not
410 184 26 19 be
446 182 92 26 publicly
552 187 49 21 pro-

61 210 113 26 mulgated,
189 211 38 19 but
239 210 69 21 which
319 209 11 20 I
343 216 33 13 am
386 210 63 26 ready
463 212 22 17 at
494 215 42 19 any
550 208 51 21 time

61 240 23 17 to
93 238 48 26 give
150 240 23 17 to
190 243 52 19 your
255 236 133 26 Excellency.
418 236 10 20 I
444 237 52 19 have
511 236 90 19 referred

60 265 24 20 in
93 271 36 19 my
138 264 63 20 letter
210 266 22 17 to
242 264 44 20 Mr.
296 264 75 19 Lord's
387 264 66 19 house
460 262 78 26 having
547 262 54 20 been

61 291 94 26 stripped
164 290 29 26 by
202 291 35 20 the
247 297 57 14 same
314 290 69 21 native
393 290 58 26 eight
460 289 68 20 weeks
536 290 65 24 since,

61 319 44 19 and
113 318 37 20 the
162 320 99 24 property
271 318 25 19 of
307 318 36 19 the
359 318 82 24 lodgers
456 316 72 20 taken.
557 316 44 20 Has

61 351 41 20 any
119 346 72 24 report
200 344 51 20 been
266 344 60 21 made
336 346 22 18 to
373 350 52 19 your
433 342 127 26 Excellency
574 343 28 25 by

62 372 43 19 Mr.
117 371 106 20 Beckham
232 377 24 14 or
266 371 44 20 Mr.
322 370 67 26 Kemp
396 371 8 19 ?
433 370 49 19 Was
493 370 17 19 it
526 370 45 19 told
580 372 21 18 to

61 405 54 19 your
126 398 126 26 Excellency
260 399 46 19 that
322 397 43 20 Mr.
374 397 97 20 Johnson
482 396 68 21 siezed
563 403 39 14 one

63 426 24 19 of
94 426 37 19 the
137 425 110 24 offenders,
257 425 43 19 and
310 424 50 19 took
370 424 54 19 from
429 424 45 19 him
480 426 49 23 part
535 423 24 20 of
567 424 35 19 the

61 452 91 26 plunder
164 454 22 17 at
196 452 34 19 the
247 452 45 19 risk
301 451 25 20 of
337 450 63 26 being
416 457 40 14 run
470 451 92 25 through
575 451 28 25 by

62 480 90 25 Johnny
165 478 99 26 Hackey?
295 478 36 19 the
338 478 69 25 police
417 477 98 25 standing
524 478 28 25 by
561 478 41 19 and

63 507 111 24 rendering
191 512 28 13 no
235 505 122 23 assistance,
374 504 41 21 and
430 505 45 20 Mr.
496 505 106 20 Beckham

62 534 60 19 when
133 533 83 25 applied
225 534 29 22 to,
265 532 46 19 said
320 532 18 19 it
347 534 56 18 must
412 532 27 19 be
451 532 66 19 borne
525 534 4 17 1
557 531 45 20 Can

63 567 54 19 your
127 560 125 24 Excellency
262 559 38 20 tell
313 559 68 20 where
389 559 42 20 this
444 559 42 19 will
494 558 41 20 end
541 565 6 19 ;
562 558 40 20 aud

63 593 35 14 are
108 593 30 14 we
148 586 61 26 again
219 588 21 17 to
251 586 25 19 be
284 586 82 25 subject
376 588 21 18 to
408 586 79 20 similar
493 588 95 22 outrages
594 586 7 19 ?

62 614 69 20 There
145 620 39 13 can
198 613 25 20 be
240 619 28 14 no
283 613 67 20 doubt
364 613 24 20 of
399 614 36 19 the
448 613 50 20 fact.
527 612 21 19 It
562 619 40 14 was

62 647 13 14 a
84 641 136 25 preliminary
228 642 98 24 attempt,
336 640 47 24 and,
394 640 77 25 having
480 639 120 24 succeeded,

63 668 41 20 will
112 668 27 20 be
153 674 12 13 a
173 668 81 19 further
268 668 135 19 inducement
413 667 34 20 for
456 667 61 19 other
531 666 70 20 incur-

61 696 66 19 sions.
156 694 49 21 Had
215 695 42 20 Mr.
270 695 105 20 Beckham
390 693 103 26 complied
503 694 51 19 with
567 694 35 19 the

60 723 75 19 wishes
142 722 24 20 of
174 722 35 19 the
220 722 136 24 inhabitants,
369 722 35 19 the
409 720 60 21 affair
475 720 68 20 would
550 720 51 20 have

60 749 53 21 been
131 749 83 24 settled,
231 749 42 19 and
289 755 31 13 we
333 748 76 20 should
423 749 51 19 have
495 747 60 26 again
569 753 32 14 re-

60 777 88 20 deemed
156 782 39 14 our
204 775 100 27 position,
319 775 68 20 which
400 781 30 14 we
439 775 52 20 have
506 774 95 26 partially

60 803 43 21 lost
111 804 23 20 in
145 803 36 20 the
190 803 42 20 late
242 803 86 19 Wairau
337 808 110 14 massacre.
476 802 51 19 This
536 801 18 20 is
565 803 36 18 not

61 831 36 20 the
106 831 47 20 first
160 831 51 19 time
221 829 42 21 Mr.
281 829 106 21 Beckham
399 829 38 20 has
446 828 108 26 neglected
569 828 32 20 his

61 858 59 25 duty,
141 857 42 20 and
202 857 37 19 left
254 857 38 19 the
306 856 131 20 inhabitants
451 855 23 20 in
496 861 14 14 a
524 855 78 20 similar

59 885 101 24 position.
202 884 11 19 I
228 883 56 20 refer
303 885 23 17 to
343 883 35 19 the
398 882 84 20 murder
501 882 25 19 of
547 882 53 20 Mrs.

60 911 119 20 Robertson
186 918 6 16 ;
214 910 59 19 when
289 916 12 13 a
310 909 51 20 boat
376 909 51 20 with
444 915 27 14 an
482 909 70 20 officer
561 909 41 20 and

59 939 90 19 marines
159 937 55 21 from
228 937 36 20 the
275 936 108 26 discovery
398 936 58 26 ships
468 937 68 19 which
548 942 53 14 were

59 965 117 25 refreshing
192 965 22 19 in
228 965 42 19 this
287 966 56 23 port,
359 970 41 14 was
410 965 47 19 sent
472 963 34 20 for
515 963 36 20 the
566 969 36 14 use

59 993 25 19 of
96 993 37 19 the
147 992 76 25 police,
237 991 42 20 and
293 991 69 20 which
376 991 51 19 offer
437 991 43 19 Mr.
496 991 106 19 Beskham

59 1019 84 21 refused
148 1026 6 17 ;
170 1019 86 19 Messrs.
265 1018 73 26 Spicer
343 1018 40 20 and
393 1018 82 20 Wilson
482 1018 59 20 alone
548 1020 55 18 went

59 1049 22 17 to
99 1047 37 19 the
153 1046 87 23 islands,
256 1046 101 25 captured
373 1045 34 20 the
423 1045 114 24 murderer,
553 1045 48 24 and,

59 1074 49 20 with
116 1074 36 19 the
159 1073 113 21 assistance
282 1073 24 19 of
319 1073 36 20 the
362 1073 87 23 natives,
460 1073 93 24 brought
559 1072 43 20 him

59 1101 29 20 in.
119 1101 45 19 The
174 1101 57 19 force
241 1101 47 19 that
298 1100 63 20 could
370 1101 51 19 have
430 1100 54 20 been
498 1099 105 20 mustered
630 1098 2 15 !

59 1129 21 19 in
92 1128 86 20 Russell
190 1128 68 19 would
268 1130 38 16 not
322 1127 52 20 have
383 1127 52 20 been
451 1127 40 19 less
502 1127 51 19 than
564 1132 39 14 one

59 1156 96 19 hundred
168 1161 57 16 men,
239 1155 80 24 willing
333 1156 21 18 to
366 1154 60 20 stand
440 1160 29 19 up
479 1154 23 19 in
517 1153 85 19 defence

59 1183 24 19 of
100 1183 57 19 their
173 1181 88 21 families
278 1181 41 19 and
335 1183 107 23 property.
482 1181 63 19 Arms
563 1180 40 20 and

59 1209 140 20 ammunition
207 1208 61 20 could
275 1209 52 18 have
335 1208 53 19 been
395 1207 66 20 found
469 1207 22 20 in
500 1207 103 20 sufficient

59 1236 105 27 quantity;
183 1238 21 18 at
214 1242 40 19 any
264 1237 44 18 rate
319 1241 31 14 we
357 1235 75 21 should
442 1236 38 18 not
489 1235 53 19 have
549 1235 53 19 been

59 1264 21 19 in
94 1270 14 13 a
124 1270 67 13 worse
205 1263 93 26 position
313 1264 52 18 than
378 1263 37 19 the
428 1262 89 20 natives.
546 1261 58 21 Thus

59 1297 52 19 your
122 1290 125 25 Excellency
257 1290 43 20 will
308 1290 100 25 perceive,
421 1290 46 19 that
477 1289 35 21 the
520 1289 82 20 inhabi-

59 1320 56 18 tants
133 1318 43 19 and
193 1318 35 19 the
244 1318 56 19 town
312 1317 24 19 of
350 1316 83 21 Russell
449 1317 52 19 have
514 1316 53 20 been
583 1318 21 18 at

59 1346 35 19 the
102 1351 71 20 mercy
180 1345 25 20 of
213 1344 35 20 the
258 1344 81 20 natives
347 1344 32 20 for
389 1344 36 20 the
430 1344 42 20 last
479 1344 59 19 three
545 1344 57 25 days,

59 1373 89 19 without
157 1379 42 19 any
209 1372 61 19 effort
280 1378 27 13 on
318 1372 35 19 the
364 1374 46 23 part
421 1372 24 19 of
457 1371 36 20 the
510 1370 94 21 authori-

59 1400 41 19 ties
111 1402 22 17 to
145 1401 82 24 protect
241 1399 66 20 them.
338 1399 38 19 We
390 1400 52 19 have
456 1400 22 18 to
488 1398 67 19 thank
569 1398 35 19 the

59 1427 111 25 Almighty
181 1426 46 20 God
239 1426 46 19 that
296 1431 27 14 no
334 1426 63 19 blood
413 1432 41 13 was
465 1425 52 20 shed
527 1426 28 24 by
569 1425 35 20 the

60 1454 132 26 Europeans,
202 1454 70 19 whose
284 1455 101 23 property
395 1453 41 20 had
445 1453 52 19 been
507 1452 97 25 plunder-

60 1482 33 23 ed,
108 1482 42 19 and
160 1481 56 20 their
229 1481 64 19 wives
308 1480 42 20 and
364 1480 111 26 daughters
490 1479 101 25 outraged
598 1487 5 11 :

59 1509 52 19 such
122 1515 26 12 an
159 1510 62 18 event
230 1508 70 19 would
310 1508 52 19 have
373 1506 115 27 happened,
503 1513 23 13 as
536 1506 18 19 it
564 1512 40 14 was

59 1536 105 25 evidently
174 1536 37 19 the
221 1535 105 20 intention
337 1535 23 19 of
374 1535 35 20 the
417 1534 79 20 natives
508 1536 23 17 to
537 1534 68 19 excite

59 1569 24 14 us
93 1567 22 16 to
126 1562 122 22 hostilities,
258 1562 43 19 had
312 1564 38 17 not
359 1562 36 19 the
405 1564 58 23 great
470 1560 134 21 forbearance

59 1590 72 20 shown
141 1590 28 26 by
186 1590 36 19 the
233 1590 123 25 Europeans
373 1589 113 26 prevented
503 1588 24 19 it.
557 1588 49 19 Had

59 1616 44 22 this
122 1616 106 22 occurred
245 1616 37 21 the
301 1623 68 19 pages
387 1615 25 22 of
428 1615 85 26 history
530 1614 74 22 would

59 1643 57 21 have
126 1643 46 21 had
183 1642 64 28 again
258 1645 22 18 to
291 1642 78 21 record
378 1649 14 14 a
400 1642 46 21 fate
458 1642 33 21 for
501 1649 32 18 us,
545 1641 57 21 simi-

59 1670 33 21 lar
109 1673 22 18 to
148 1670 47 21 that
211 1669 24 21 of
255 1668 38 22 the
315 1669 48 21 first
379 1668 128 22 settlement
525 1668 25 21 of
569 1667 36 22 the

60 1696 86 21 French
159 1696 22 21 in
193 1695 98 23 Canada.

226 1722 11 21 I
247 1722 58 21 have
317 1722 36 21 the
362 1722 79 25 honor,
453 1722 48 24 &c,

430 1749 24 20 C.
472 1748 104 21 Hectoe.

87 1775 97 23 Russell,
196 1775 53 23 July
261 1777 21 21 8,
295 1777 62 20 1844.

226 1832 91 20 JOHN
337 1832 94 20 HEKI.

54 1892 42 33 [F>
103 1901 35 16 om
151 1894 37 23 the
207 1891 113 25 Southern
334 1892 68 23 Cross
415 1892 30 30 of
453 1892 32 23 24

73 1950 51 23 The
146 1950 118 22 Governor
286 1949 125 31 proceeded
435 1956 28 16 on
484 1948 144 30 Wednesday

39 1984 43 22 last
94 1985 22 20 in
132 1983 37 23 the
191 1983 159 22 Government
369 1983 51 28 brig
440 1986 22 18 to
480 1981 38 23 the
539 1981 51 30 Bay
606 1981 23 22 of

40 2016 99 27 Islands,
160 2015 160 30 accompanied
342 2015 31 29 by
393 2014 103 23 H.M.S.
521 2011 106 29 Hazard,

39 2048 52 23 with
105 2056 10 15 a
129 2048 143 22 detachment
286 2047 24 23 of
330 2047 38 23 tie
380 2046 66 28 2Cth,
460 2045 103 31 together
575 2045 53 23 with

39 2081 94 24 Colonel
150 2081 87 23 Hulme
256 2080 44 23 and
315 2080 96 30 Captain
432 2080 108 26 Bennett,
554 2078 73 29 R.E.,

40 2115 33 23 for
86 2115 38 22 the
142 2122 98 23 purpose
253 2115 27 21 of
298 2113 108 30 bringing
420 2112 71 29 Heki,
505 2112 49 22 who
568 2119 59 15 com-

40 2148 78 23 mitted
131 2148 38 23 the
187 2148 44 22 late
244 2146 156 23 disturbances
413 2151 23 18 at
454 2145 102 29 Russell,
576 2149 21 18 to
616 2153 13 14 a

40 2189 79 23 proper
133 2188 66 16 sense
212 2180 24 22 of
247 2180 37 23 the
293 2180 146 30 impropriety
448 2178 24 23 of
479 2179 36 22 his
524 2178 103 22 conduct.

42 2214 18 23 11
67 2216 17 21 is
106 2214 140 30 Excellency
258 2213 42 23 lias
321 2212 108 31 departed
446 2212 53 23 thus
519 2211 109 31 suddenly

38 2249 21 21 in
73 2254 155 24 consequence
240 2247 25 22 of
276 2246 37 23 the
326 2246 80 23 arrival
420 2246 25 22 of
454 2245 37 23 the
505 2244 90 31 Sydney
606 2249 23 18 at

39 2280 94 24 Russell
155 2280 53 23 with
229 2281 48 22 160
298 2284 77 26 troops
393 2279 58 22 from
475 2278 56 23 New
555 2277 73 23 South

39 2314 85 23 Wales.
162 2314 43 22 We
213 2313 58 23 shall
284 2317 40 18 not
336 2317 22 18 at
371 2316 91 27 present
474 2311 116 31 speculate
601 2319 28 15 on

39 2348 36 22 the
88 2347 108 31 probable
218 2346 71 23 result
300 2346 26 23 of
345 2346 62 23 these
422 2345 156 31 preparations
596 2344 33 23 for

39 2381 74 23 Maori
135 2388 53 16 war.
225 2379 43 23 We
291 2384 60 18 trust
372 2386 65 22 every
453 2379 66 28 thing
536 2377 46 23 will
602 2378 27 22 be

39 2414 111 30 amicably
171 2413 89 28 settled,
274 2413 45 22 and
342 2413 50 22 that
415 2412 60 23 John
499 2410 65 24 Heki
585 2411 44 22 will

38 2448 84 30 quietly
136 2446 120 24 surrender
270 2446 96 23 himself
374 2451 22 17 to
408 2446 28 22 be
451 2445 61 23 dealt
526 2444 53 22 with
592 2452 36 15 ac-

39 2481 93 30 cording
145 2486 21 17 to
179 2480 50 23 law.
266 2479 90 23 Should
367 2479 24 29 it,
404 2479 110 27 however,
529 2482 52 18 turn
592 2482 37 18 out

38 2515 126 28 otherwise,
178 2513 43 23 and
242 2513 50 22 that
312 2512 28 23 he
361 2513 19 22 is
400 2510 141 25 determined
561 2515 21 18 to
595 2516 34 18 set

38 2548 37 23 the
96 2548 43 22 law
160 2552 24 18 at
204 2546 108 28 defiance,
327 2553 32 16 we
380 2545 57 31 hope
451 2545 37 22 the
510 2544 119 23 Governor

38 2581 45 23 will
101 2581 108 23 manifest
226 2580 107 22 firmness
354 2579 114 23 sufficient
480 2583 23 18 to
522 2577 106 23 convince

38 2614 37 23 the
87 2614 89 23 natives
197 2613 49 23 that
257 2620 34 15 we
303 2620 38 15 are
354 2617 39 18 not
406 2616 21 19 to
440 2612 28 23 be
480 2611 75 23 trifled
567 2609 60 25 with.

38 2647 22 23 It
80 2648 20 22 is
113 2647 106 31 reported
237 2646 50 23 that
305 2653 64 15 some
388 2644 24 24 of
430 2645 38 23 the
482 2644 65 23 other
559 2643 70 24 chiefs

39 2689 36 15 are
93 2680 107 32 disposed
219 2684 23 19 to
256 2679 51 31 join
331 2678 72 29 Heki,
417 2679 67 29 being
500 2677 90 31 jealous
607 2677 22 23 of

38 2714 35 24 the
85 2714 150 23 interference
247 2713 25 23 of
282 2712 38 24 the
333 2712 165 23 Government.
535 2710 50 23 But
597 2717 32 16 we

38 2748 95 30 imagine
145 2747 38 24 the
194 2754 108 24 presence
315 2745 26 24 of
350 2745 37 24 the
399 2750 77 26 troops
489 2744 44 23 will
545 2744 60 23 have
615 2752 14 15 a

38 2780 153 24 considerable
210 2780 66 23 effect
299 2787 30 15 on
353 2779 58 23 their
435 2778 105 24 conduct.
578 2777 50 23 The

39 2814 86 31 Bishop
138 2813 44 24 and
202 2813 38 24 the
261 2813 120 23 Protector
400 2812 25 22 of
439 2811 38 24 the
489 2811 140 30 Aborigines

38 2847 54 23 have
105 2847 48 24 also
165 2846 161 31 accompanied
338 2846 38 22 the
384 2846 128 22 Governor.
550 2844 44 23 We
601 2844 28 23 do

39 2886 37 18 not
94 2879 131 33 apprehend
244 2887 45 23 any
301 2879 67 30 thing
387 2879 88 23 serious
487 2878 59 23 from
566 2877 63 24 these

39 2914 104 24 war-like
163 2914 166 31 preparations.
367 2912 50 23 Our
437 2911 87 23 friends
544 2912 25 22 in
592 2910 37 24 the

39 2947 63 24 other
125 2947 99 24 colonies
246 2946 58 23 need
327 2946 57 23 have
407 2953 30 16 no
459 2945 49 23 fear
531 2945 35 23 for
588 2952 40 16 our

39 2981 79 31 safety.

1919 1809 104 29 [Several
2032 1809 70 22 chiefs
2112 1816 82 19 sprung
2204 1816 36 20 up,
2253 1811 58 18 went
2321 1814 63 20 away
2392 1811 21 17 to
2421 1806 56 22 their

1890 1838 80 26 places,
1992 1836 45 22 and
2055 1836 94 27 brought
2168 1837 68 20 about
2255 1838 83 23 twenty
2355 1841 58 20 guns
2432 1833 45 22 and

1891 1871 67 20 many
1968 1863 143 25 tomaha\vk3,
2130 1862 72 22 which
2218 1862 53 25 they
2279 1861 47 22 laid
2341 1865 23 17 at
2380 1861 38 21 the
2431 1861 46 21 Go-

1891 1891 100 21 vernor's
2002 1891 51 26 feet,
2070 1889 78 27 telling
2162 1889 47 21 him
2227 1888 26 22 he
2270 1888 71 27 might
2350 1887 58 22 have
2418 1894 59 14 more

1893 1918 18 21 if
1925 1918 29 21 he
1964 1917 87 21 choose.

1921 1948 65 22 After
2003 1948 37 21 the
2059 1955 57 19 guns
2126 1947 44 22 had
2189 1947 57 21 been
2264 1953 24 14 so
2309 1945 119 27 delivered,
2446 1944 35 22 his

1895 1976 138 24 Excellency
2044 1975 63 25 again
2123 1974 85 26 shortly
2219 1972 119 22 addressed
2354 1972 37 21 the
2401 1972 77 25 chiefs,

1892 2002 76 26 giving
1982 2000 62 22 them
2057 1995 24 26 To
2099 2000 136 21 understand
2250 1999 48 21 that
2318 1999 17 20 it
2345 2003 44 16 was
2398 2002 37 17 not
2443 1998 35 21 his

1894 2027 55 22 wish
1960 2032 20 17 to
1991 2027 66 21 make
2069 2033 43 21 any
2122 2026 65 27 profit
2196 2027 34 20 for
2240 2026 37 21 the
2286 2025 155 22 Government
2450 2025 30 26 by

1893 2056 39 20 the
1942 2055 80 20 crimes
2033 2054 25 21 of
2065 2061 44 19 any
2119 2053 25 21 of
2151 2053 38 21 the
2198 2052 95 22 natives.
2324 2052 35 21 He
2368 2051 68 22 asked
2442 2051 37 22 the

1893 2089 58 19 guns
1961 2088 23 14 as
1999 2087 29 15 an
2043 2080 207 26 acknowledgment
2266 2079 26 21 of
2304 2078 36 22 the
2351 2085 61 14 error
2420 2085 61 15 com-

1893 2108 78 21 mitted
1989 2108 29 26 by
2036 2107 66 22 Heki.
2131 2107 27 20 In
2175 2106 133 21 themselves
2325 2105 53 27 they
2389 2112 55 14 were
2459 2105 24 21 of

1895 2142 28 14 no
1934 2134 72 22 value.
2036 2134 48 21 The
2095 2133 154 22 Government
2259 2132 38 22 did
2307 2135 38 18 not
2355 2135 59 18 want
2423 2131 58 22 their

1894 2169 57 19 guna
1961 2161 44 22 and
2025 2160 56 22 their
2090 2165 109 23 property,
2212 2160 43 21 and
2265 2164 23 17 to
2304 2159 107 21 convince
2421 2159 61 20 them

1895 2189 25 20 of
1928 2188 47 22 that
1985 2193 28 16 ne
2025 2188 73 21 would
2108 2192 75 17 return
2193 2186 37 22 the
2240 2193 58 20 guns
2307 2189 24 18 to
2341 2185 140 26 themselves,

1894 2215 67 27 being
1971 2214 99 22 satisfied
2088 2214 51 21 with
2156 2214 37 21 the
2208 2212 207 27 acknowledgment
2429 2212 53 27 they

1895 2242 44 22 had
1950 2241 79 27 made;
2046 2241 43 22 and
2099 2241 27 21 he
2142 2240 84 22 trusted
2241 2240 22 21 in
2275 2239 59 22 their
2347 2239 59 26 good
2419 2246 64 14 sense

1895 2268 45 23 and
1951 2268 79 27 kindly
2040 2268 92 26 feelings
2149 2267 47 22 that
2212 2274 29 14 no
2257 2266 74 22 future
2340 2265 143 22 disturbance

1895 2296 72 22 would
1983 2302 74 19 occur,
2076 2294 38 22 but
2131 2294 48 21 that
2194 2294 53 26 they
2257 2292 80 23 should
2349 2292 31 21 all
2395 2292 43 21 live
2449 2296 34 17 to-

1895 2322 78 28 gether
1984 2329 24 14 as
2018 2321 85 22 friends
2118 2322 43 21 and
2178 2320 112 22 brethren.
2321 2320 35 21 He
2373 2319 110 27 regretted

1896 2350 37 20 the
1942 2348 111 27 necessity
2064 2348 26 21 of
2106 2348 95 26 sending
2221 2347 34 22 for
2273 2346 38 22 the
2328 2346 99 26 soldiers,
2439 2346 44 21 and

1895 2375 28 22 he
1934 2375 73 27 hoped
2018 2374 56 22 their
2084 2375 72 21 future
2166 2374 60 27 good
2236 2373 98 22 conduct
2349 2373 73 21 would
2431 2379 49 21 pre-

1895 2407 54 17 vent
1959 2402 37 21 the
2005 2402 109 26 necessity
2123 2402 27 21 of
2156 2401 64 27 again
2239 2400 104 27 bringing
2357 2399 90 22 soldiers
2462 2402 21 18 to

1898 2430 58 21 their
1966 2432 103 22 country.

1923 2461 48 21 The
1991 2460 113 27 following
2123 2460 75 22 Chiefs
2218 2459 53 22 then
2296 2458 121 22 addressed
2441 2458 32 22 Hi
2478 2466 8 14 3

1897 2487 144 27 Excellency,
2053 2487 44 21 and
2109 2494 30 14 we
2149 2490 74 23 regret
2231 2494 31 14 we
2272 2493 42 15 can
2325 2486 53 26 only
2389 2486 49 26 give
2448 2486 38 21 the

1897 2515 116 21 substance
2025 2514 25 21 of
2063 2513 55 22 their
2128 2514 115 27 speeches,
2253 2514 41 21 but
2310 2513 18 21 it
2343 2513 18 21 is
2377 2512 109 22 sufficient

1897 2545 22 18 to
1938 2541 60 21 show
2020 2540 37 22 the
2081 2540 77 27 highly
2182 2540 139 26 satisfactory
2345 2546 94 15 manner
2461 2539 25 21 in

1897 2567 73 23 which
1980 2567 131 26 everything
2122 2563 112 26 haoTbeen
2245 2566 117 27 arrauged.

1925 2600 116 21 Pakirau.
2072 2599 11 21 I
2104 2599 54 21 have
2175 2599 40 21 but
2230 2598 56 22 little
2307 2601 23 18 to
2347 2605 40 20 say
2398 2597 88 23 indeed.

1898 2627 60 26 Only
1968 2627 27 20 be
2005 2626 62 21 kind.
2091 2626 46 21 Our
2147 2625 96 22 troubles
2251 2632 37 14 are
2300 2625 68 21 about
2377 2625 38 21 the
2425 2624 61 27 land,

1898 2654 85 21 natives
1994 2653 45 20 will
2050 2656 40 18 not
2100 2653 61 20 mind
2177 2651 111 28 anything
2303 2651 41 22 but
2360 2651 38 22 the
2415 2651 71 22 lands.

1898 2681 31 21 Be
1940 2679 53 22 kind
2011 2682 23 19 to
2048 2686 33 15 us.
2121 2679 40 22 We
2178 2682 81 18 cannot
2276 2681 94 24 prevent
2384 2677 39 22 the
2443 2679 44 21 evil

1898 2707 49 21 that
1961 2714 84 18 occurs,
2065 2707 40 21 but
2120 2714 31 13 we
2166 2706 44 21 will
2227 2709 33 23 try
2275 2705 44 22 and
2335 2708 99 21 promote
2450 2705 37 21 the

1898 2734 63 26 good.
1991 2733 47 21 The
2048 2740 79 20 person
2139 2733 49 22 who
2197 2732 44 22 will
2251 2733 27 21 be
2287 2733 65 26 good,
2362 2731 30 23 he
2403 2731 45 22 will
2460 2732 27 21 be

1898 2760 64 28 good,
1974 2760 46 21 and
2031 2760 27 21 do
2066 2760 64 27 good.
2159 2759 49 22 The
2221 2759 151 21 Missionaries
2378 2765 36 15 are
2421 2759 66 26 good;

1899 2788 43 21 and
1954 2787 64 22 when
2029 2794 43 19 any
2083 2794 41 14 one
2135 2786 54 21 does
2198 2793 82 19 wrong,
2293 2785 11 22 I
2316 2785 56 22 shall
2383 2785 50 22 take
2449 2792 38 20 my

1899 2814 64 23 stand
1974 2818 21 17 to
2005 2818 95 22 prevent
2111 2814 24 21 it.

1927 2846 80 22 Moses
2022 2846 104 21 Tawhai.
2159 2845 110 22 Welcome
2281 2844 131 23 Governor!
2432 2852 56 20 your

1899 2873 108 22 kindness
2017 2873 19 21 is
2051 2877 69 22 great.
2159 2873 41 26 My
2220 2872 62 21 heart
2302 2872 39 21 has
2356 2872 58 21 been
2430 2879 23 14 as
2469 2872 20 21 if

1899 2900 88 22 roasted
1998 2900 45 21 and
2054 2900 85 21 cooked
2150 2906 28 15 on
2190 2902 93 19 account
2299 2898 26 21 of
2335 2898 44 22 this
2393 2898 95 22 circum-

1900 2931 76 18 stance
1987 2926 26 21 of
2026 2926 85 22 Heki's.
2150 2927 49 21 One
2217 2926 73 21 native
2306 2932 47 15 sees
2368 2932 14 14 a
2393 2925 62 27 thing
2465 2925 24 22 in

1900 2961 42 15 one
1960 2953 64 27 light,
2045 2960 42 14 one
2106 2954 22 20 in
2149 2953 100 25 another,
2269 2952 44 21 this
2330 2955 105 18 accounts
2453 2952 37 22 for

1901 2981 120 21 difference
2032 2981 22 20 of
2069 2980 102 21 conduct.
2210 2980 53 21 This
2280 2986 45 15 was
2342 2978 80 22 Heki's
2432 2986 58 15 case.

1902 3008 71 21 Don't
1981 3007 98 27 imagine
2090 3006 47 22 that
2147 3006 44 22 evil
2200 3006 45 22 will
2253 3004 96 28 entirely
2359 3013 72 14 cease.
2468 3006 22 22 It

1902 3035 45 22 will
1958 3037 46 24 not,
2016 3041 44 20 you
2071 3037 57 18 must
2145 3036 80 25 expect
2241 3040 61 14 more
2319 3032 98 22 troubles
2433 3032 57 21 from

1902 3068 33 20 us,
1958 3061 40 23 but
2016 3060 65 22 when
2102 3060 52 28 they
2171 3067 71 17 come,
2258 3059 63 22 settle
2338 3059 62 22 them
2414 3059 23 22 in
2446 3059 45 22 this

1902 3096 55 21 way,
1969 3088 44 21 and
2024 3091 38 18 not
2071 3088 52 20 with
2132 3094 59 20 guns
2199 3087 46 21 and
2251 3086 99 21 soldiers.
2368 3086 122 28 Governor,

1903 3116 11 21 I
1933 3115 51 28 give
2004 3121 45 20 you
2069 3121 38 20 my
2126 3114 47 21 first
2192 3114 112 25 welcome,
2321 3112 57 27 fully
2389 3112 102 23 acknow-

1902 3142 90 27 ledging
2011 3148 46 20 you
2079 3147 24 15 as
2127 3141 118 21 Governor
2268 3140 26 21 of
2319 3139 45 22 this
2387 3142 104 24 country.

1903 3170 11 21 I
1931 3168 79 28 appeal
2029 3170 22 18 to
2067 3167 43 21 this
2125 3166 112 27 assembly
2252 3166 46 21 and
2316 3173 39 20 say
2373 3165 49 22 that
2432 3166 11 21 I
2454 3173 37 15 am

1902 3194 160 29 apprehensive
2072 3194 48 21 that
2129 3194 62 21 there
2201 3193 45 22 will
2263 3194 28 20 be
2307 3192 63 22 other
2385 3193 106 24 troubles.

1902 3223 54 23 This
1961 3222 20 22 is
1990 3221 32 21 all
2032 3220 11 22 I
2054 3220 57 22 have
2121 3223 23 19 to
2154 3227 46 19 say.
2237 3220 113 22 Welcome
2361 3219 116 22 Governor

1930 3255 123 21 Waikato.
2083 3252 103 27 Saluting
2196 3259 51 20 you,
2262 3258 45 21 you
2325 3259 36 15 are
2379 3251 114 24 welcome.

1904 3284 10 22 I
1924 3283 58 22 have
1991 3279 96 27 nothing
2098 3282 21 18 to
2133 3286 47 19 say,
2219 3279 73 22 There
2308 3286 37 15 are
2361 3286 68 20 many
2440 3279 50 23 who

1904 3310 44 22 will
1957 3308 66 21 listen
2034 3310 21 17 to
2066 3314 52 19 you.
2156 3306 45 22 But
2220 3313 31 14 we
2267 3305 58 23 shall
2340 3309 42 18 not
2396 3305 64 23 listen
2469 3309 23 19 to

1903 3337 60 22 what
1982 3333 38 22 the
2037 3333 87 21 natives
2140 3340 47 20 say,
2205 3332 74 22 whose
2300 3332 52 28 only
2370 3340 94 15 concern
2474 3334 19 21 is

1903 3364 68 22 about
1990 3366 53 16 corn
2063 3359 45 22 and
2123 3364 109 23 potatoes,
2253 3360 45 22 and
2317 3366 101 15 measure
2436 3359 57 23 their

1902 3388 123 29 prosperity
2034 3387 30 26 by
2076 3386 36 22 the
2123 3387 60 26 price
2194 3388 51 26 they
2257 3394 43 14 can
2320 3390 38 23 get
2374 3386 34 22 for
2423 3386 70 23 them.

1904 3417 10 22 I
1925 3416 44 23 will
1979 3418 40 18 not
2029 3413 66 22 listen
2111 3417 21 18 to
2149 3413 68 22 them.
2259 3413 52 22 You
2328 3420 37 14 are
2382 3413 110 26 welcome,

1903 3443 106 22 welcome
2017 3441 5 21 !

1933 3475 92 21 Anaru.
2057 3472 41 30 My
2102 3472 77 28 people
2187 3479 35 15 are
2229 3480 13 14 a
2249 3472 149 22 troublesome
2406 3471 84 28 people,

1903 3502 29 22 do
1940 3504 39 20 not
1992 3500 30 22 be
2039 3500 153 26 discouraged.
2231 3499 41 21 We
2289 3498 56 21 have
2360 3497 46 22 had
2424 3505 68 21 many

1903 3529 132 27 Europeans
2044 3526 51 23 who
2103 3521 56 27 have
2171 3525 45 23 had
2226 3525 85 22 trouble
2328 3524 52 22 with
2398 3525 93 25 natives,

1903 3557 41 21 but
1953 3554 95 27 nothing
2057 3561 55 19 very
2121 3553 82 23 serious
2213 3552 39 21 has
2262 3558 52 15 ever
2330 3551 68 22 taken
2415 3552 62 27 place
2485 3560 5 18 ;

1904 3582 63 22 don't
1984 3581 31 22 be
2034 3580 153 26 discouraged.
2226 3578 123 26 Governor,
2370 3578 105 22 welcome
2486 3574 26 26 !

1904 3608 137 24 Remember
2050 3606 61 23 Heki
2121 3607 19 21 is
2149 3613 14 14 a
2173 3604 59 23 child
2248 3604 27 22 of
2291 3604 39 22 the
2344 3604 45 22 late
2406 3605 86 27 Hongi,

1904 3636 47 22 and
1966 3635 41 23 has
2022 3634 82 26 always
2119 3633 56 21 been
2192 3631 153 27 troublesome,
2364 3631 30 22 do
2409 3636 39 18 not
2466 3634 27 20 be

1904 3660 154 28 discouraged.

1931 3694 107 22 Taheha.
2069 3691 121 25 Governor,
2201 3697 44 20 you
2254 3690 58 22 hare
2322 3689 73 23 heard
2401 3697 13 15 a
2429 3694 64 24 great

1905 3720 51 23 deal
1965 3721 25 21 of
2001 3719 54 26 talk,
2066 3719 39 21 but
2112 3717 95 28 perhaps
2218 3717 17 21 it
2244 3716 67 24 is'not
2321 3717 29 23 all
2361 3721 56 18 true.
2445 3717 45 27 No,

1905 3749 12 21 I
1933 3748 52 22 dare
1996 3753 37 21 say
2044 3747 18 20 it
2071 3745 19 21 is
2100 3747 38 18 not
2148 3747 56 19 true.
2241 3743 24 23 Is.
2274 3744 19 21 it
2302 3747 56 22 true,
2368 3743 125 28 Ngapuhi?

1905 3774 45 23 No.
1988 3772 120 23 Therefore
2120 3770 10 22 I
2149 3770 45 22 will
2208 3774 42 18 not
2263 3770 66 24 leave
2342 3770 72 23 them.-
2434 3771 59 27 My

1904 3801 137 26 Europeans,
2052 3792 53 32 they
2116 3804 36 15 are
2169 3804 24 15 as
2208 3803 38 20 my
2262 3794 148 36 eompahipna
2410 3797 83 28 :^th*y

1905 3836 47 17 are,
1961 3826 53 27 they
2032 3832 37 15 are
2077 3832 5 19 ;
2102 3824 87 23 remain
2196 3824 5 22 !
2222 3823 85 23 remain
2315 3820 8 24 I
2350 3823 13 13 *
2394 3824 12 13 *
2420 3823 29 22 ,r*

1905 3855 58 26 (The
1973 3856 45 18 rest
2031 3858 43 16 was
2084 3848 180 31 unintelligible.)
2396 3853 3 5 '
2412 3858 3 4 -
2436 3848 14 29 ',
2469 3866 7 4 .

1932 3886 103 23 Edward
2057 3884 117 21 Patuoke.
2225 3883 131 26 Governor,',
2374 3883 105 24 welcome
2485 3883 7 22 !

1904 3912 76 23 Chiefs
1998 3912 26 21 of
2041 3910 110 28 Ngapuhi,
2167 3909 104 23 welcome
2278 3909 7 21 I
2302 3908 104 23 Welcome
2446 3910 46 25 (Jo-

1262 126 68 21 worth
1342 126 104 26 nothing.;
1462 132 14 15 a
1486 132 59 15 mere
1561 125 63 26 stick,
1636 125 40 22 but
1686 132 24 14 as
1726 125 119 22 connected

1262 152 51 21 with
1324 152 36 21 the
1373 152 80 21 British
1460 151 52 27 flag,
1523 152 26 21 of
1557 159 54 19 very
1617 155 63 23 great
1690 152 144 26 importance.

1289 182 11 22 I
1312 182 55 22 have
1376 182 70 22 heard
1456 182 49 22 that
1516 182 62 22 Heki
1585 182 43 22 and
1636 189 14 14 a
1659 182 43 22 few
1712 182 73 21 others
1792 182 56 21 have

1261 208 48 21 said
1318 208 48 22 that
1384 209 36 21 the
1432 209 80 22 British
1530 208 46 27 flag
1589 208 40 22 has
1639 208 58 22 done
1707 208 61 22 them
1777 208 70 26 harm,

1262 234 43 22 and
1319 235 47 20 that
1377 235 18 21 it
1404 242 44 15 was
1463 235 36 21 for
1515 235 49 21 that
1577 242 79 15 reason
1675 235 53 26 they
1738 238 38 18 cut
1785 234 63 21 down

1262 260 39 22 the
1314 261 56 22 staff.
1400 261 11 21 I
1422 261 56 22 have
1489 261 45 22 also
1544 262 57 20 been
1618 261 46 22 told
1674 260 50 22 that
1732 268 61 14 some
1806 261 42 21 few

1262 294 92 19 persons
1372 287 58 21 have
1449 287 57 21 been
1526 287 123 27 suspicious
1667 288 26 20 of
1709 287 37 21 the
1768 287 80 22 British

1263 313 165 26 Government;
1444 313 46 21 and
1506 313 102 21 doubtful
1625 313 26 21 of
1665 320 40 14 our
1722 314 125 21 intentions.

1262 339 22 21 It
1295 339 18 21 is
1324 339 36 21 the
1371 339 111 22 existence
1493 340 24 20 of
1525 339 43 22 this
1576 339 85 24 feeling
1671 340 49 20 that
1731 340 9 20 I
1751 339 97 22 consider

1262 372 23 14 so
1294 365 109 26 injurious
1414 369 21 18 to
1444 372 56 20 your
1510 365 88 21 welfare
1606 373 5 18 ;
1627 373 24 13 so
1663 372 117 20 necessary
1790 369 21 18 to
1822 367 26 20 be

1262 391 111 21 removed.

1288 422 48 22 The
1347 429 59 15 more
1417 422 55 28 fully
1483 422 45 22 and
1538 422 83 27 openly
1630 422 20 21 it
1658 423 18 21 is
1688 423 113 22 discussed
1811 422 37 23 the

1261 448 80 22 better.
1368 448 73 22 There
1449 449 18 21 is
1474 449 93 25 nothing
1577 453 22 16 to
1608 448 92 22 conceal
1710 455 26 14 or
1745 450 102 26 disguise.

1261 475 49 22 The
1321 482 60 14 more
1393 475 79 27 plainly
1485 482 31 14 we
1527 475 47 21 talk
1585 475 68 22 about
1664 475 43 21 this
1717 479 86 23 matter,
1810 476 38 21 the

1263 508 59 14 more
1334 501 132 27 thoroughly
1476 501 55 22 shall
1545 509 33 14 we
1594 508 89 15 remove
1701 501 63 22 those
1782 502 65 26 suspi-

1262 528 59 21 cions
1332 528 44 20 and
1388 527 79 22 doubts
1477 528 71 21 which
1563 528 57 21 have
1631 528 57 21 been
1697 528 74 21 raised
1780 528 22 21 in
1811 529 37 20 the

1263 554 73 21 minds
1347 554 24 20 of
1385 554 60 21 Heki
1460 554 45 21 and
1519 561 63 15 some
1596 554 81 26 others,
1689 554 29 27 by
1735 554 114 27 designing

1263 580 44 21 and
1325 580 84 21 wicked
1426 581 128 26 Europeans
1561 588 5 19 ;
1583 581 30 26 by
1629 588 91 19 persons
1735 581 49 21 who
1801 588 48 14 care

1263 610 39 17 not
1319 606 58 22 what
1392 607 110 25 disasters,
1520 607 59 21 what
1598 607 107 26 violence,
1728 607 57 21 what
1801 608 48 21 ruin

1263 640 51 19 may
1324 633 27 21 be
1362 633 94 26 brought
1467 640 28 14 on
1505 633 136 26 yourselves.

1290 669 50 21 Ido
1356 672 38 18 not
1409 669 74 21 blame
1505 669 59 21 Heki
1587 669 44 22 and
1646 670 66 22 those
1730 670 47 22 who
1788 671 63 21 acted

1265 695 51 21 with
1326 695 44 21 him
1380 696 75 26 nearly
1463 703 24 13 so
1494 697 67 21 much
1570 703 22 14 as
1600 696 62 22 those
1670 697 44 21 bad
1724 697 126 26 Europeans

1265 722 47 20 who
1330 722 106 31 poisoned
1456 722 34 21 his
1510 723 62 21 mind
1588 723 53 21 with
1658 723 58 21 their
1735 723 54 21 false
1807 723 43 21 and

1265 748 113 21 malicious
1389 749 123 21 assertions.
1543 749 11 21 I
1565 749 86 21 believe
1659 749 49 21 that
1720 749 60 21 Heki
1796 749 55 22 him-

1263 774 44 24 self
1326 775 73 21 would
1418 775 50 21 take
1484 782 14 14 a
1514 782 52 20 very
1587 775 103 21 different
1705 775 57 21 view
1778 775 25 21 of
1814 776 37 21 the

1263 801 91 25 subject,
1366 801 19 21 if
1394 802 28 20 he
1432 801 44 21 had
1486 801 70 21 heard
1566 802 37 20 the
1622 801 70 21 whole
1703 802 73 25 truth;
1792 802 19 21 if
1824 802 27 21 he

1263 823 44 25 had
1317 827 68 21 heard
1396 827 29 22 all
1436 827 48 22 that
1493 828 10 21 I
1515 828 42 21 and
1569 828 75 21 others
1655 828 57 21 have
1723 831 21 18 to
1756 828 40 21 tell
1808 835 43 19 you

1263 854 82 26 openly
1374 854 90 26 defying
1475 854 121 21 contradict
1606 861 45 17 on.,

1292 884 11 22 I
1314 885 43 21 will
1368 885 66 26 begin
1444 885 28 26 by
1479 885 128 25 reminding
1617 892 45 19 you
1672 884 49 22 that
1731 885 50 27 only
1786 885 65 28 thirty

1263 918 65 20 years
1345 918 47 20 ago,
1409 918 44 19 you
1474 918 55 14 were
1550 911 49 21 wild
1621 911 134 26 barbarians,
1773 912 80 27 utterly

1265 938 75 22 unlike
1354 938 120 21 Christians
1504 937 81 27 utterly
1595 937 143 22 uncivilized.
1770 939 9 20 1
1796 939 57 21 need

1265 968 39 18 not
1311 972 39 19 say
1360 972 69 18 more,
1441 964 34 21 for
1484 972 43 19 you
1539 964 49 21 well
1597 964 66 22 know
1674 964 59 22 what
1744 972 45 19 you
1799 965 52 22 then

1266 998 63 14 were.
1359 992 21 20 A
1394 991 43 21 few
1451 991 60 26 ships
1528 991 79 21 visited
1622 998 56 19 your
1693 995 101 23 country,
1810 992 43 22 and

1265 1024 57 20 your
1340 1017 38 21 sad
1397 1017 112 22 condition
1529 1024 44 14 was
1592 1017 49 21 told
1656 1021 22 17 to
1697 1018 58 26 good
1770 1025 48 14 men
1829 1019 23 21 in

1265 1043 64 22 other
1345 1047 58 24 parte
1420 1044 25 20 of
1458 1043 37 22 the
1512 1043 75 22 world.
1618 1044 66 21 Some
1702 1045 41 20 few
1754 1045 25 21 of
1794 1045 59 22 those

1265 1071 57 25 good
1332 1078 51 14 men
1396 1070 107 22 collected
1518 1078 80 19 money
1615 1070 59 22 from
1690 1071 57 20 their
1757 1071 82 21 friends
1847 1080 5 17 ;

1265 1096 86 27 bought
1359 1096 56 22 tools
1427 1097 43 21 and
1481 1097 91 25 clothes,
1585 1097 45 21 and
1641 1104 62 14 came
1716 1101 22 17 to
1749 1097 43 21 this
1802 1097 52 22 land

1267 1127 21 17 to
1309 1123 64 21 teach
1392 1130 44 19 you
1457 1128 22 16 to
1499 1123 25 21 be
1546 1123 44 21 like
1611 1123 133 21 themselves
1755 1132 5 18 ;
1792 1127 19 18 to
1827 1125 27 21 be

1267 1149 129 27 Christians,
1406 1149 104 27 knowing
1525 1149 37 21 the
1574 1157 48 19 way
1634 1153 21 17 to
1673 1149 117 27 salvation,
1802 1151 53 21 civi-

1267 1176 63 26 lized,
1349 1176 125 27 peaceable,
1491 1176 44 21 and
1552 1176 75 27 happy
1636 1184 5 13 :
1658 1176 106 27 enjoying
1778 1177 37 21 life
1832 1177 22 21 in

1268 1203 42 21 this
1322 1203 72 26 world,
1406 1202 45 22 and
1467 1203 118 27 preparing
1599 1203 35 20 for
1644 1209 14 14 a
1674 1203 78 21 better.
1782 1203 72 22 Those

1267 1230 56 26 good
1340 1237 49 14 men
1406 1230 45 20 had
1462 1236 28 14 no
1502 1230 62 20 other
1581 1229 74 26 object
1667 1229 23 21 in
1702 1230 62 20 view.
1793 1230 62 27 They

1270 1263 54 14 were
1336 1263 54 15 even
1399 1256 95 26 thought
1501 1263 53 20 very
1561 1255 80 22 foolish
1651 1256 30 25 by
1688 1256 57 21 their
1753 1261 102 22 country-

1269 1289 50 15 men
1331 1283 33 21 for
1380 1282 85 27 risking
1479 1282 58 21 their
1553 1282 63 26 lives,
1627 1282 45 21 and
1683 1289 23 14 as
1719 1283 18 20 it
1747 1290 45 14 was
1801 1283 53 27 said,

1269 1309 106 27 throwing
1386 1316 62 20 away
1458 1309 57 21 their
1530 1310 114 20 existence
1662 1316 80 20 among
1752 1309 38 21 the
1801 1314 54 18 most

1270 1336 118 20 barbarous
1399 1336 25 20 of
1434 1340 33 16 tee
1477 1335 85 21 human
1572 1343 61 13 race.

1295 1367 74 22 Those
1381 1374 50 14 men
1444 1374 56 14 were
1510 1370 40 18 not
1566 1367 53 21 then
1636 1366 90 27 known,
1738 1367 52 27 they
1801 1374 55 15 were

1270 1398 38 17 not
1324 1394 68 21 heard
1409 1394 25 20 of
1446 1393 29 27 by
1491 1393 35 21 the
1545 1393 84 21 British
1646 1393 161 26 Government,
1824 1395 32 20 till

1270 1421 55 21 after
1342 1420 49 27 they
1409 1419 46 22 had
1472 1420 56 20 been
1544 1426 69 20 many
1623 1426 65 19 years
1705 1419 24 21 in
1745 1420 43 21 this
1798 1421 58 21 land.

1270 1447 62 27 They
1347 1454 68 14 never
1431 1446 45 22 had
1491 1453 42 20 any
1544 1446 56 21 kind
1617 1445 26 22 of
1654 1446 133 21 connection
1806 1447 50 21 with

1271 1474 37 20 the
1319 1473 162 21 Government.

1298 1506 65 21 After
1372 1506 63 21 those
1446 1505 58 27 good
1519 1512 52 15 men
1588 1504 44 21 had
1644 1505 79 26 taught
1732 1512 47 19 you
1789 1508 21 18 to
1819 1506 39 21 be-

1271 1532 56 22 have
1338 1532 78 28 kindly
1426 1536 22 17 to
1467 1536 119 22 strangers,
1598 1539 67 19 many
1675 1532 77 26 people
1764 1539 61 14 came
1837 1536 22 17 to

1272 1559 61 22 trade
1345 1559 53 22 with
1415 1566 50 20 you,
1477 1558 44 21 and
1539 1565 83 19 among
1641 1558 60 21 them
1719 1565 61 14 came
1798 1566 60 14 some

1271 1586 43 21 bad
1324 1593 59 19 men,
1396 1586 48 21 who
1455 1586 38 21 did
1509 1585 67 21 much
1593 1584 71 21 harm.
1693 1584 49 23 The
1760 1585 102 22 mischief

1272 1612 58 22 done
1342 1612 27 27 by
1385 1612 61 21 those
1462 1612 44 21 bad
1520 1619 51 14 men
1589 1618 43 14 was
1643 1611 47 22 told
1700 1614 21 18 to
1732 1611 64 27 King
1807 1612 53 21 Wil-

1272 1639 52 21 liam
1334 1639 23 21 in
1369 1647 14 14 a
1392 1640 64 20 letter
1464 1638 59 21 from
1532 1638 135 26 yourselves.

1298 1671 48 22 The
1357 1671 60 27 King
1427 1671 24 22 of
1460 1670 103 27 England
1573 1673 49 18 sent
1633 1670 43 21 Mr.
1689 1670 78 28 Busby
1778 1674 23 18 to
1810 1675 49 23 stop

1272 1698 54 22 such
1337 1698 108 26 mischief,
1454 1697 44 22 and
1509 1697 55 21 send
1572 1704 63 20 away
1646 1697 36 21 the
1690 1697 44 21 bad
1741 1701 117 23 strangers.

1274 1726 43 20 But
1328 1725 41 21 Mr.
1382 1725 74 25 Busby
1467 1724 66 22 could
1543 1727 40 17 not
1592 1724 29 20 do
1632 1731 31 19 so,
1674 1724 97 21 because
1783 1724 26 22 he
1817 1724 42 22 had

1272 1757 37 16 not
1318 1752 60 21 force
1389 1755 22 18 to
1422 1755 90 23 support
1523 1750 34 22 his
1568 1750 118 27 authority.

1300 1785 76 22 About
1391 1784 49 21 that
1455 1784 55 21 time
1526 1783 64 22 other
1606 1786 61 23 great
1683 1783 90 22 nations
1789 1784 24 21 of
1824 1784 37 21 the

1274 1812 68 22 world
1350 1812 72 26 began
1429 1814 22 18 to
1458 1811 65 20 think
1530 1811 67 20 about
1606 1811 54 20 New
1668 1810 108 21 Zealand.
1791 1811 70 21 Those

1273 1842 63 24 great
1345 1839 87 20 nations
1444 1844 56 15 were
1516 1837 95 26 France,
1622 1837 112 26 America,
1746 1837 44 22 and
1804 1838 57 21 Rus-

1274 1866 38 21 sia.
1342 1865 47 22 The
1399 1865 60 26 ships
1471 1864 26 21 of
1505 1864 61 21 those
1573 1864 89 21 nations
1672 1871 37 13 are
1721 1871 53 19 very
1784 1871 77 14 nume-

1275 1899 49 15 rous
1332 1900 6 18 ;
1361 1891 43 22 and
1421 1891 55 21 their
1493 1898 73 20 power
1581 1890 18 21 is
1614 1890 128 21 irresistible
1757 1891 30 26 by
1802 1891 59 21 those

1274 1920 87 21 nations
1371 1918 49 21 who
1430 1918 57 21 have
1502 1917 87 21 neither
1606 1917 68 26 ships,
1686 1924 64 20 guns,
1763 1918 95 27 powder,

1276 1953 39 14 nor
1325 1945 50 22 shot
1386 1945 26 20 of
1425 1945 57 20 their
1493 1951 57 15 own.

1302 1978 116 26 Formeily
1424 1978 118 25 European
1552 1976 88 21 nations
1651 1976 102 21 attacked
1761 1977 42 20 and
1811 1984 53 14 con-

1276 2004 81 28 quered
1368 2003 112 22 countries
1495 2002 117 22 inhabited
1621 2002 31 26 by
1662 2002 134 22 uncivilized
1806 2010 56 19 men,

1276 2031 52 27 and,
1340 2033 21 19 to
1373 2030 58 21 their
1442 2029 134 26 everlasting
1592 2028 108 26 disgrace,
1713 2028 67 22 killed
1792 2029 73 22 multi-

1276 2058 64 21 tudes
1351 2058 24 20 of
1388 2056 57 22 their
1454 2063 61 14 men.
1543 2056 46 21 But
1601 2055 104 26 England
1716 2056 64 21 acted
1790 2056 72 21 differ-

1276 2085 60 27 ently
1344 2092 5 18 ;
1366 2083 104 27 England
1481 2082 139 22 determined
1630 2084 23 19 to
1663 2089 54 14 save
1728 2082 45 21 and
1782 2086 83 23 protect

1277 2111 37 21 the
1329 2111 136 24 inhabitants
1484 2110 25 21 of
1521 2109 57 22 New
1593 2108 107 21 Zealand.
1731 2108 61 27 King
1811 2109 53 22 Wil-

1277 2138 59 26 liam,
1349 2138 43 21 and
1409 2137 57 21 after
1481 2136 53 25 him,
1547 2137 79 23 Queen
1645 2135 105 25 Victoria,
1762 2135 55 22 have
1828 2136 38 21 de-

1277 2164 81 22 fended
1369 2164 37 21 the
1418 2164 56 21 Now
1484 2162 144 22 Zealanders.
1658 2162 73 21 When
1742 2162 62 27 King
1811 2162 55 22 Wil-

1277 2192 52 21 liam
1342 2199 42 13 was
1394 2190 68 22 asked
1474 2193 21 18 to
1503 2190 56 21 send
1565 2190 60 26 ships
1630 2188 44 22 and
1685 2189 93 21 soldieis
1787 2193 21 17 to
1815 2190 51 21 take

1277 2226 61 18 away
1350 2222 49 22 part
1411 2218 25 21 of
1444 2217 54 21 New
1510 2216 101 21 Zealand
1622 2216 29 26 by
1658 2216 70 26 force,
1740 2215 28 22 he
1779 2216 87 22 refused

1277 2245 45 21 and
1331 2245 48 21 said
1389 2245 29 21 he
1434 2243 74 22 would
1522 2246 86 23 protect
1622 2242 37 21 the
1676 2242 88 21 natives
1775 2243 24 20 of
1810 2243 56 22 New

1277 2272 99 21 Zealand
1383 2270 44 22 and
1435 2270 70 26 guard
1513 2270 57 21 their
1578 2268 73 23 lands.
1673 2269 37 21 He
1719 2268 73 23 would
1798 2277 68 14 never

1278 2299 64 21 allow
1352 2298 63 21 those
1430 2296 101 23 dreadful
1548 2303 78 14 scenes
1643 2298 22 19 to
1683 2296 29 21 be
1729 2296 104 26 repeated
1842 2297 24 21 in

1279 2326 57 22 New
1351 2324 100 22 Zealand
1475 2322 71 23 which
1561 2323 45 21 had
1628 2322 110 27 eternally
1752 2322 114 27 disgraced

1279 2353 64 21 other
1352 2352 120 21 countries.

1307 2385 75 21 About
1392 2383 44 21 this
1447 2383 53 21 time
1511 2381 36 22 the
1564 2381 90 23 French
1670 2380 109 28 prepared
1790 2388 27 15 an
1828 2388 39 15 ex-

1277 2411 99 28 pedition
1387 2413 22 18 to
1422 2409 42 22 this
1481 2413 106 23 country;
1604 2408 45 22 and
1659 2411 22 17 to
1697 2415 53 14 save
1768 2408 37 21 the
1816 2415 51 15 men

1279 2439 26 21 of
1312 2438 43 21 this
1364 2437 54 21 land
1428 2437 57 21 from
1495 2435 54 22 such
1558 2442 69 19 usage
1637 2442 24 14 as
1671 2435 71 26 might
1752 2435 28 21 be
1791 2435 77 21 feared

1279 2466 56 21 from
1352 2464 48 21 that
1421 2463 77 21 nation
1506 2470 4 19 ;
1531 2462 59 22 from
1616 2461 54 22 such
1689 2468 13 14 a
1716 2461 45 21 fate
1779 2468 23 15 as
1819 2461 50 22 that

1280 2492 71 21 which
1360 2491 40 21 has
1418 2491 61 21 since
1495 2489 98 21 befallen
1610 2488 74 22 Tahiti
1700 2487 44 22 and
1759 2487 38 22 the
1808 2489 60 21 Mar-

1279 2526 70 20 quesa
1358 2517 87 22 Islands
1455 2524 5 19 ;
1477 2520 23 17 to
1511 2523 53 15 save
1575 2515 61 21 them
1647 2515 46 21 also
1703 2514 58 22 from
1773 2515 36 21 the
1818 2520 48 17 acts

1280 2546 25 21 of
1316 2545 84 22 lawless
1412 2545 136 26 Europeans,
1561 2542 49 22 who
1626 2549 57 14 were
1700 2541 89 27 settling
1799 2541 21 22 in
1830 2548 39 15 va-

1279 2573 61 22 rious
1349 2575 58 24 parts
1417 2571 23 20 of
1448 2570 38 21 the
1493 2573 94 22 country
1594 2577 5 18 ;
1611 2569 37 21 the
1660 2568 82 22 British
1750 2569 119 26 Sovereign

1279 2599 106 28 proposed
1396 2601 22 18 to
1430 2597 51 21 take
1493 2597 55 21 New
1565 2595 101 23 Zealand
1683 2595 71 21 under
1772 2595 36 21 the
1819 2602 50 20 pro-

1279 2627 82 22 tection
1380 2625 25 21 of
1422 2624 48 21 that
1485 2623 45 27 flag
1547 2623 26 21 of
1590 2622 72 22 which
1682 2629 32 14 we
1735 2621 57 22 have
1810 2622 59 22 been

1279 2653 113 28 speaking,
1404 2651 38 21 the
1453 2651 52 26 only
1517 2649 98 27 security
1625 2649 48 22 that
1689 2648 67 22 could
1766 2649 27 21 be
1804 2649 65 21 effec-

1279 2680 53 22 tual.
1473 2677 53 21 such
1543 2677 126 27 protection
1680 2676 19 21 it
1709 2682 43 14 was
1764 2676 105 26 probable

1281 2708 47 21 that
1338 2706 36 22 the
1385 2705 54 22 New
1455 2704 137 22 Zealanders
1611 2703 74 22 would
1695 2709 54 14 soon
1761 2703 26 20 be
1798 2707 73 17 exter-

1282 2733 108 23 minated.
1422 2732 26 21 In
1460 2731 65 21 order
1536 2734 21 18 to
1568 2733 87 24 protect
1665 2730 61 21 them
1736 2729 132 27 effectually,

1280 2761 30 22 he
1328 2759 82 23 offered
1427 2763 22 17 to
1465 2757 65 22 make
1547 2757 62 22 them
1625 2764 14 14 a
1653 2760 50 24 part
1719 2757 25 21 of
1756 2756 36 20 the
1808 2760 63 22 great

1284 2787 79 23 British
1374 2786 79 26 family
1483 2784 36 22 the
1526 2787 99 24 greatest
1630 2783 77 22 nation
1713 2783 24 21 in
1749 2783 36 21 the
1791 2783 78 21 world:

1281 2819 22 17 to
1316 2815 48 27 give
1376 2813 61 21 them
1448 2811 74 22 alllhe
1531 2811 138 26 advantages
1676 2811 26 21 of
1710 2809 91 28 English
1809 2809 60 28 laws,

1280 2842 41 21 but
1330 2844 40 19 not
1380 2844 22 17 to
1413 2839 104 21 interfere
1529 2838 54 22 with
1593 2838 58 21 their
1662 2844 50 15 own
1723 2837 54 21 laws
1786 2837 85 26 against

1280 2868 58 22 their
1354 2870 99 23 consent,
1466 2865 64 22 while
1547 2865 104 26 affecting
1667 2864 54 27 only
1731 2863 139 22 themselves.

1281 2895 43 22 His
1333 2894 65 23 offers
1413 2900 57 15 were
1486 2891 106 28 accepted
1609 2891 76 27 gladly
1695 2891 31 26 by
1737 2890 38 22 the
1784 2893 87 23 greater

1279 2922 94 22 number
1389 2921 25 21 of
1431 2919 37 22 the
1486 2919 89 27 Chiefs;
1599 2918 45 22 and
1663 2918 38 21 the
1718 2924 153 20 consequence

1279 2950 40 21 has
1329 2949 65 25 been,
1406 2947 48 22 that
1463 2954 30 14 no
1511 2953 43 14 one
1570 2946 85 27 injures
1664 2952 25 14 or
1699 2944 89 22 molests
1798 2943 60 22 them
1865 2953 6 17 ;

1280 2976 48 21 that
1339 2975 56 22 their
1404 2973 64 22 lands
1479 2980 37 14 are
1533 2972 92 22 secured
1644 2974 23 19 to
1678 2971 74 27 them;
1770 2971 41 21 and
1822 2970 49 22 that

1279 3002 52 27 they
1343 3009 38 14 are
1396 2999 108 29 perfectly
1515 3000 53 21 free.

1306 3034 48 22 The
1373 3032 83 23 British
1477 3032 44 26 flag
1535 3031 19 22 is
1571 3031 39 22 the
1630 3031 72 27 signal
1720 3031 25 22 of
1764 3030 108 26 freedom*

1280 3062 88 26 liberty,
1390 3060 46 22 and
1458 3060 79 26 safety.
1578 3058 59 23 That
1659 3058 46 28 flag
1724 3059 19 21 is
1761 3060 112 21 esteemed

1280 3088 84 26 sacred,
1375 3088 95 21 because
1481 3086 18 21 it
1516 3085 95 22 defends
1622 3085 44 22 and
1675 3088 98 24 protects
1784 3093 31 14 us.
1846 3086 27 21 In

1279 3115 90 26 sharing
1381 3114 28 22 its
1420 3114 137 25 advantages
1576 3112 53 21 with
1639 3119 52 19 you,
1703 3119 33 15 we
1754 3112 65 22 make
1829 3120 44 19 you

1281 3148 41 16 our
1331 3141 101 21 brothers
1440 3148 5 18 ;
1458 3147 33 14 we
1502 3139 62 27 place
1574 3145 46 20 you
1629 3145 29 15 on
1669 3138 66 24 equal
1744 3142 66 19 terms
1821 3140 52 21 with

1281 3168 120 23 ourselves.
1445 3167 72 25 Every
1535 3165 125 27 advantage
1683 3163 50 24 that
1748 3173 34 14 we
1799 3166 74 22 obtain

1280 3196 58 22 from
1349 3194 47 22 that
1410 3194 46 26 flag
1472 3193 19 21 is
1507 3199 58 20 open
1579 3194 24 19 to
1620 3199 52 19 you,
1684 3192 46 21 and
1747 3199 33 14 we
1792 3200 35 14 are
1838 3193 35 21 in-

1281 3222 109 26 structing
1399 3228 45 20 you
1454 3220 50 21 how
1513 3222 23 19 to
1546 3218 67 22 make
1623 3225 39 15 use
1674 3219 26 21 of
1711 3219 66 22 those
1789 3219 84 23 advan-

1282 3253 68 23 tages.
1379 3249 48 21 Can
1437 3254 32 14 we
1480 3246 27 22 do
1518 3246 76 21 more?
1622 3245 45 22 No.

1309 3282 43 21 But
1363 3280 11 22 I
1386 3279 58 22 have
1461 3277 71 23 found
1550 3277 49 22 that
1616 3284 61 15 some
1695 3277 27 22 of
1733 3277 38 23 the
1788 3277 82 28 regula-

1282 3308 57 21 tions
1349 3307 68 21 about
1432 3305 68 28 ships,
1512 3304 45 22 and
1573 3304 72 27 goods
1661 3305 96 26 brought
1766 3305 23 21 in
1801 3304 68 27 them,

1281 3335 57 22 have
1347 3334 57 21 been
1420 3333 116 27 injurious,
1548 3331 58 22 have
1624 3331 57 21 done
1698 3331 65 22 harm
1774 3335 23 18 to
1806 3331 64 23 those

1281 3361 49 23 who
1342 3361 41 22 live
1394 3367 54 15 near
1458 3359 38 22 the
1507 3359 47 26 Bay
1566 3358 26 22 of
1604 3357 95 23 Islands.

1308 3394 72 27 Boeing
1390 3392 59 27 truly
1459 3391 98 22 desirous
1568 3390 25 22 of
1599 3397 78 21 promo
1681 3390 49 27 ting
1737 3390 38 22 the
1786 3390 87 23 welfare

1281 3422 26 20 of
1326 3420 37 22 the
1381 3419 87 22 settlers
1485 3425 83 19 among
1585 3425 53 19 you,
1657 3417 45 22 and
1716 3417 134 27 yourselves,
1864 3418 9 21 I

1281 3448 57 22 have
1349 3446 85 23 altered
1444 3445 64 22 those
1524 3444 148 28 regulations;
1688 3444 44 21 and
1742 3451 44 19 you
1798 3444 42 21 will
1850 3444 23 22 in

1280 3475 75 22 future
1364 3474 28 21 be
1404 3472 49 23 able
1463 3475 24 19 to
1498 3471 63 22 trade
1571 3471 72 27 freely
1653 3470 54 23 with
1718 3470 31 22 all
1759 3470 66 28 ships.

1309 3506 51 22 You
1375 3508 59 19 must
1449 3503 127 23 remember
1590 3502 50 23 that
1658 3502 157 26 disturbances,
1828 3502 47 22 and

1279 3533 46 23 bad
1335 3532 98 23 conduct
1443 3534 23 19 to
1477 3531 139 25 European!,
1625 3529 66 22 make
1702 3528 68 28 thips,
1780 3528 94 27 settlers,

1281 3560 44 22 and
1335 3559 93 26 traders,
1439 3565 28 20 go
1479 3561 23 17 to
1512 3556 65 22 other
1587 3556 75 27 places
1672 3555 46 22 and
1725 3555 86 21 forsake
1820 3562 53 21 you.

1280 3588 33 21 To
1329 3587 58 27 keep
1404 3585 61 21 them
1484 3590 83 19 among
1582 3582 139 27 yourselves,
1730 3589 47 20 you
1792 3582 80 22 should

1280 3614 82 27 always
1380 3615 56 19 treat
1451 3610 63 22 them
1530 3609 93 27 kindly;
1639 3615 71 15 never
1724 3608 71 22 alarm
1804 3608 70 28 them,

1280 3641 41 22 but
1331 3640 64 22 assist
1405 3638 61 22 them
1477 3637 65 21 when
1552 3637 24 21 in
1587 3634 95 22 trouble.
1705 3634 170 29 Disturbances,

1280 3667 84 26 insults,
1389 3663 106 30 quarrels,
1516 3669 26 15 or
1568 3662 64 21 other
1652 3668 145 20 aunoyances
1817 3666 59 18 must

1281 3694 61 22 drive
1353 3699 65 19 away
1427 3697 56 15 even
1495 3696 57 20 your
1561 3689 52 21 best
1620 3688 87 22 friends
1715 3695 6 14 :
1737 3688 45 22 and
1792 3688 19 22 if
1823 3689 53 28 they

1281 3728 57 14 were
1351 3723 22 17 to
1382 3719 64 21 leave
1455 3723 53 21 you,
1519 3719 61 18 must
1596 3722 47 20 you
1651 3718 41 18 not
1702 3715 94 22 become
1807 3715 69 23 desti-

1281 3750 56 23 tute,
1348 3745 99 26 wanting
1457 3749 67 21 every
1536 3742 65 27 thing
1608 3742 9 21 ?

1306 3778 48 22 The
1371 3776 80 25 Queen
1469 3775 26 21 of
1507 3773 104 28 England
1627 3773 19 22 is
1657 3772 37 24 the
1705 3773 113 23 Protector
1831 3775 45 24 and

1280 3803 117 25 Defender
1406 3803 26 21 of
1440 3801 29 22 all
1481 3801 49 22 who
1539 3800 84 27 belong
1635 3804 23 18 to
1668 3799 41 23 her
1718 3801 85 22 nation.
1832 3801 44 24 She

1280 3833 30 27 by
1319 3837 78 16 means
1406 3829 26 22 of
1443 3828 40 22 her
1494 3828 163 25 Government,
1668 3827 41 23 her
1719 3827 98 27 soldiers,
1830 3828 46 25 and

1281 3859 41 22 her
1334 3857 69 26 ships,
1421 3858 98 25 protects
1536 3854 59 23 their
1609 3853 61 28 land,
1687 3853 59 23 their
1761 3858 115 24 property,

1280 3885 46 23 and
1337 3883 59 23 their
1405 3883 64 21 lives.

1309 3918 27 22 In
1353 3916 64 23 order
1434 3919 22 18 to
1474 3914 80 23 enable
1569 3914 42 23 her
1627 3918 23 17 to
1659 3916 88 24 protect
1757 3921 56 19 your
1822 3914 54 22 land

650 135 40 14 our
700 128 100 26 strength
811 127 43 22 and
869 127 140 27 superiority,
1022 134 32 15 we
1064 127 78 22 should
1154 134 79 15 never-

651 154 80 23 theless
748 154 43 21 feel
811 154 121 26 extremely
947 161 62 19 sorry
1026 153 48 21 that
1093 153 47 21 that
1162 161 71 19 power

649 180 80 23 should
741 188 52 14 ever
801 180 28 21 be
839 180 96 27 brought
948 180 47 21 into
1009 180 73 21 actual
1093 182 88 19 contact
1191 179 42 22 and

649 207 103 22 collision
762 207 52 22 with
824 207 36 21 the
869 207 94 20 natives.
982 206 48 21 The
1041 206 43 25 day
1091 206 48 21 that
1147 207 21 20 it
1178 207 55 21 shall

649 233 92 22 become
752 240 116 19 necessary
878 236 22 18 to
916 232 29 22 do
960 240 32 17 so,
1004 232 73 22 would
1094 233 27 21 be
1138 233 37 21 the
1192 233 41 21 last

650 260 43 27 day
703 260 49 21 that
760 267 33 14 we
803 259 79 22 should
892 259 54 21 wish
961 261 24 19 to
996 259 85 21 remain
1090 259 23 21 in
1124 259 43 22 this
1177 260 56 22 colo-

649 293 38 20 ny.

678 319 47 22 Our
734 318 90 22 readers
834 316 43 23 will
891 317 125 21 remember
1028 316 49 22 that
1086 317 22 21 in
1119 325 61 15 some
1191 318 42 22 for-

651 352 47 15 mer
707 345 105 22 numbers
821 351 31 14 we
869 344 57 21 have
937 342 89 22 noticed
1037 349 13 14 a
1060 342 141 25 disturbance
1211 349 22 18 at

650 372 37 21 the
707 373 48 24 Bay
777 371 25 21 of
823 370 92 25 Islands,
936 369 133 22 occasioned
1094 370 30 26 by
1143 377 14 14 a
1175 372 62 21 chief

651 399 80 21 named
742 397 60 22 John
811 396 67 24 Heki,
888 395 50 26 they
946 402 37 15 are
992 395 45 21 also
1044 394 113 23 doubtless
1163 405 70 15 aware

650 426 49 20 that
707 425 22 21 in
741 429 154 21 consequence
904 422 26 21 of
941 421 47 22 that
999 421 146 27 disturbance,
1159 424 43 21 and
1210 425 22 21 in

651 450 143 27 anticipation
810 449 25 21 of
851 448 38 21 the
904 448 110 26 necessity
1030 448 25 21 of
1077 449 118 27 appealing
1211 454 22 19 to

650 478 97 25 military
757 476 66 25 force,
834 475 23 21 in
868 474 63 21 order
947 478 22 17 to
985 473 64 27 bring
1062 474 48 21 that
1121 475 61 22 chief
1189 480 22 18 to
1221 484 13 14 a

650 511 64 14 sense
725 502 25 23 of
762 502 37 21 the
811 501 141 27 impropriety
964 500 26 21 of
1000 500 35 21 his
1048 501 102 27 conduct,
1162 503 17 20 it
1189 510 44 15 was

651 530 94 23 deemed
760 528 117 26 expedient
893 530 22 18 to
931 527 76 21 obtain
1025 527 119 22 additional
1161 532 72 24 troops

650 558 57 21 from
718 556 55 21 New
789 554 67 21 South
875 553 80 22 Wales.
985 553 64 27 Upon
1068 553 37 21 the
1121 555 80 22 arrival
1211 556 24 21 of

651 584 61 21 these
723 586 82 21 troops,
813 581 37 20 the
861 581 117 20 Governor
985 579 151 27 immediately
1145 588 89 19 proceo-

651 610 43 22 ded
703 612 23 19 to
737 608 37 22 the
785 614 64 14 scene
865 607 26 21 of
901 606 38 21 the
955 605 147 22 disturbance.
1133 606 43 22 His
1189 608 45 22 Ex-

650 636 102 25 cellency
761 633 88 22 arrived
859 636 22 18 at
891 632 89 22 Russell
990 639 29 14 on
1030 632 37 21 the
1077 633 63 26 26th;
1157 641 28 14 on
1197 635 37 22 the

650 662 114 26 following
774 661 44 26 day
826 659 28 22 he
871 659 43 22 had
932 658 30 22 all
978 658 37 22 the
1030 662 74 23 troops
1115 660 119 23 embarked

651 690 33 21 for
691 688 38 22 the
739 694 93 21 purpose
843 686 25 22 of
879 685 134 28 proceeding
1028 692 28 19 up
1068 685 36 21 the
1116 685 53 23 Kidi
1180 687 52 27 kidi,

651 716 72 22 where
735 715 52 24 they
797 720 56 14 were
871 716 22 18 to
902 712 57 22 have
977 712 57 21 been
1049 712 90 22 landed.
1169 713 65 22 From

651 743 36 21 the
699 742 54 21 Kidi
768 740 48 22 kidi
831 739 17 21 it
865 746 43 14 was
923 738 109 22 intended
1046 738 49 21 that
1109 738 38 22 the
1164 743 70 25 troops

650 768 80 23 should
740 767 69 22 travel
820 769 21 18 to
852 765 36 22 the
900 765 116 25 Weimate,
1028 764 37 21 the
1076 768 88 18 nearest
1172 767 62 26 place

650 800 23 17 to
691 795 80 22 Heki's
791 792 118 26 residence,
927 791 74 22 where
1017 791 52 26 they
1086 791 66 21 could
1168 793 67 27 safely

650 822 45 21 and
705 819 156 26 conveniently
872 825 101 20 encamp,
985 817 45 21 and
1047 817 50 21 wait
1114 817 36 22 the
1168 820 67 21 result

651 849 25 20 of
693 846 149 27 negociations
859 845 51 21 with
927 844 49 21 that
991 844 62 21 chief
1063 843 44 22 and
1124 845 33 21 his
1171 846 63 22 tribe.

651 875 73 20 When
734 874 38 20 the
781 871 79 23 vessels
870 871 49 21 that
928 870 115 27 conveyed
1052 869 36 22 the
1096 874 73 23 troops
1180 879 54 15 were

651 899 136 27 proceeding
802 897 93 22 towards
910 897 38 21 the
969 896 56 22 Kidi
1040 896 55 27 kidi,
1116 897 36 21 the
1173 898 65 22 Chief

652 927 114 22 Protector
780 925 42 22 and
840 931 60 14 some
920 923 26 21 of
961 922 38 22 the
1018 923 151 23 missionaries
1189 925 46 21 who

651 962 57 14 were
729 951 95 28 deputed
839 951 29 26 by
879 951 37 21 the
935 950 87 21 natives
1039 953 21 18 to
1074 951 51 20 wait
1133 958 59 19 upon
1202 951 34 22 his

651 980 144 26 Excellency,
807 977 114 26 conveyed
932 973 37 25 t*he
985 976 144 22 information
1141 978 49 22 that
1200 979 36 21 the

651 1008 87 21 natives
748 1013 56 15 were
816 1004 121 26 extremely
951 1003 95 21 anxious
1060 1003 48 21 that
1118 1004 37 21 the
1166 1007 70 26 troops

651 1034 80 22 should
743 1036 38 18 not
792 1032 26 21 be
835 1030 87 25 landed,
935 1029 45 21 and
994 1029 69 27 urged
1074 1037 59 19 upon
1144 1030 59 22 them
1215 1036 20 16 to

650 1063 90 25 request
752 1059 47 21 that
809 1057 33 21 his
860 1056 135 26 Excellency
1005 1056 74 21 would
1098 1057 64 26 again
1174 1058 62 22 with-

652 1087 58 21 draw
722 1087 60 21 them
794 1089 21 17 to
832 1083 94 29 Rjjesell,
938 1082 44 21 and
999 1086 59 17 meet
1075 1082 37 21 the
1130 1083 69 23 chiefs
1209 1092 27 14 on

652 1114 37 20 the
699 1106 233 32 following^Sffturday
943 1112 23 18 at
975 1108 116 26 Waimate,
1100 1109 23 21 in
1135 1110 36 22 the
1180 1111 57 28 hope

651 1140 49 21 that
718 1141 90 19 matters
825 1136 71 26 might
912 1136 28 21 be
957 1136 108 26 arranged
1084 1136 52 21 with
1154 1138 82 22 mutual

652 1166 141 22 satisfaction.
822 1163 46 21 The
881 1166 73 23 troops
974 1162 140 27 accordingly
1125 1164 85 21 retired*
1216 1169 21 17 to

654 1193 93 26 Rus3ell,
762 1191 44 22 and
825 1189 35 22 the
877 1189 115 21 Governor
1008 1189 23 21 in
1050 1189 38 21 the
1103 1196 66 15 mean
1185 1191 52 21 time

653 1219 79 22 visited
750 1217 44 23 and
810 1216 51 22 held
879 1216 109 25 meetings
1004 1216 52 20 with
1076 1216 38 20 the
1131 1217 106 27 principal

651 1246 97 22 resident
767 1244 68 22 chiefs
855 1246 24 18 at
898 1242 36 21 the
959 1242 49 26 Bay
1027 1242 25 21 of
1073 1242 93 27 Islands,
1191 1245 46 20 who

652 1272 133 22 manifested
795 1278 13 14 a
819 1273 57 18 most
891 1268 96 27 friendly
998 1268 84 28 feeling
1098 1270 95 21 towards
1202 1271 36 21 the

654 1300 135 26 Europeans,
802 1296 44 22 and
856 1296 114 21 entreated
981 1295 48 21 that
1044 1303 68 17 peace
1123 1297 42 21 and
1180 1297 57 26 good

653 1326 84 26 feeling
747 1324 70 27 might
827 1323 26 21 be
863 1322 145 21 maintained.
1037 1322 49 21 The
1093 1329 66 15 cause
1169 1324 26 20 of
1202 1324 35 21 the

654 1353 124 21 discontent
789 1351 50 25 they
849 1348 83 28 plainly
943 1348 44 21 and
997 1348 94 27 forcibly
1100 1350 70 21 stated
1182 1354 20 17 to
1211 1351 28 21 be

654 1379 57 21 their
725 1382 90 24 present
830 1379 98 18 extreme
943 1378 93 24 poverty
1046 1376 43 21 and
1105 1376 133 27 depression,

654 1407 93 21 because
764 1405 26 21 of
802 1403 36 22 the
854 1402 137 21 restrictions
1002 1409 28 14 on
1048 1402 36 21 the
1095 1402 45 22 sale
1152 1403 26 21 of
1185 1403 56 22 then-

653 1432 71 25 lands,
746 1431 44 22 and
807 1436 60 16 more
888 1428 119 27 especially
1022 1428 38 21 the
1080 1428 75 28 injury
1171 1430 68 21 which

654 1458 52 27 they
717 1458 44 21 had
773 1455 109 23 sustained
892 1455 61 21 since
962 1455 37 21 the
1012 1454 96 28 whaling
1118 1456 66 27 ships,
1197 1457 43 21 and

654 1485 63 21 other
733 1484 91 26 traders,
841 1481 45 22 had
901 1481 80 22 ceased
997 1484 22 19 to
1037 1482 52 21 visit
1105 1482 58 22 their
1175 1486 64 24 ports.

656 1512 26 21 In
693 1517 153 21 consequence
857 1509 25 21 of
889 1508 72 21 which
974 1508 52 26 they
1035 1515 56 15 were
1102 1516 48 14 now
1161 1510 80 22 unable

654 1538 70 22 either
735 1542 22 16 to
774 1538 86 26 dispose
877 1535 24 21 of
916 1535 59 21 their
984 1535 102 27 produce,
1098 1543 25 14 or
1133 1539 22 18 to
1168 1537 73 21 obtain

654 1565 63 21 those
728 1564 87 22 articles
827 1564 24 20 of
863 1562 118 26 European
999 1562 63 21 trade
1074 1562 45 21 and
1129 1563 113 21 manufac-

655 1595 48 18 ture
720 1595 21 17 to
757 1590 71 22 which
844 1589 50 26 they
907 1588 43 21 had
964 1589 59 20 been
1039 1590 146 25 accustomed,
1198 1590 44 21 and

654 1617 46 22 had
709 1625 24 14 so
745 1617 68 27 easily
823 1615 44 23 and
884 1615 94 27 cheaply
991 1615 111 27 procured
1119 1616 75 21 before
1206 1615 36 22 the

656 1644 166 22 establishment
828 1644 25 21 of
856 1642 37 21 the
901 1642 163 21 Government.
1090 1642 154 27 Independent

656 1671 25 21 of
687 1671 44 21 this
742 1674 106 24 apparent
858 1669 44 21 and
912 1668 45 22 real
968 1675 66 14 cause
1044 1668 26 21 of
1082 1668 133 23 discontent,
1225 1670 17 21 it

656 1705 44 14 was
709 1698 46 22 also
766 1698 60 27 quite
837 1696 90 22 evident
937 1695 48 21 that
995 1703 14 13 a
1018 1696 129 25 systematic
1157 1696 87 27 opposi-

657 1725 46 21 tion
721 1728 22 18 to
760 1724 37 22 the
818 1724 155 22 Government
988 1722 45 21 had
1051 1722 57 21 been
1126 1725 33 18 set
1175 1731 29 19 up
1214 1723 28 27 by

656 1758 76 15 means
743 1751 25 21 of
776 1758 58 14 some
847 1749 117 26 designing
975 1749 45 21 and
1029 1749 43 21 evil
1084 1749 100 27 disposed
1196 1757 47 19 per-

656 1786 58 19 sons,
732 1777 118 28 especially
865 1776 88 22 French
973 1776 44 21 and
1037 1776 140 26 Americans,
1196 1776 47 21 who

656 1804 144 28 represented
815 1804 37 21 the
867 1803 92 22 ulterior
969 1802 67 22 views
1049 1803 26 21 of
1089 1802 37 22 the
1144 1802 100 22 Govern-

657 1835 60 19 ment
736 1835 21 17 to
778 1832 26 20 be
825 1831 47 21 that
891 1830 24 21 of
931 1829 127 27 eventually
1075 1830 115 26 enslaving
1207 1830 36 21 the

657 1859 132 26 aborigines,
810 1858 43 21 and
871 1856 118 26 becoming
1008 1856 116 26 possessed
1141 1857 27 20 of
1187 1856 57 22 their

657 1885 71 23 lands.
758 1885 29 22 So
797 1885 34 21 far
840 1884 44 22 had
895 1884 43 21 this
954 1883 82 27 feeling
1046 1882 106 28 operated
1164 1891 28 14 on
1207 1883 36 22 the

658 1913 74 21 minds
748 1912 26 21 of
787 1911 36 22 the
839 1911 92 25 natives,
944 1910 48 21 that
1009 1910 53 26 they
1075 1917 57 14 were
1147 1910 98 27 actually

658 1939 106 22 deceived
774 1939 46 21 into
830 1938 37 22 the
877 1937 69 22 belief
960 1938 48 20 that
1018 1937 53 26 they
1082 1936 65 27 again
1159 1938 85 20 erected

658 1967 58 21 their
726 1973 49 15 own
784 1965 51 27 flag,
847 1964 44 22 and
908 1964 117 26 destroyed
1043 1964 48 21 that
1107 1963 24 21 of
1145 1963 37 22 the
1201 1964 45 21 Go-

658 1996 124 22 vernment,
794 1992 47 20 that
849 1992 37 20 the
898 1991 89 20 French,
995 1990 75 21 would
1079 1990 63 20 assist
1153 1990 66 22 thc/3'
1223 1991 23 20 ln

659 2018 116 26 obtaining
784 2018 43 20 and
837 2016 150 26 maintaining
1004 2016 57 21 their
1072 2015 173 27 independence.

660 2045 21 21 It
694 2052 45 14 was
754 2044 71 22 under
839 2044 38 21 the
887 2042 112 23 influence
1009 2042 26 21 of
1046 2041 44 22 this
1101 2042 88 26 feeling,
1201 2043 44 20 and

659 2072 44 22 and
720 2075 39 17 not
779 2072 93 20 because
888 2070 25 21 of
929 2077 28 14 an
977 2069 70 22 insult
1060 2069 57 21 from
1137 2076 13 13 a
1170 2069 74 21 native

660 2106 93 18 woman,
773 2098 34 25 (as
823 2096 105 26 formerly
943 2096 112 26 reported)
1067 2095 49 22 that
1135 2095 37 21 the
1189 2096 61 21 chief

660 2125 59 22 Heki
728 2124 76 28 pulled
820 2124 63 21 down
901 2123 44 21 and
961 2122 120 27 destroyed
1093 2122 38 21 the
1140 2122 110 26 flag-staff

659 2155 22 18 at
689 2151 95 22 Russell.

686 2183 102 27 Viewing
799 2183 42 22 this
853 2181 148 27 wide-spread
1018 2181 132 27 discontent,
1162 2181 37 23 the
1210 2190 38 14 ex-

659 2217 69 15 treme
740 2210 162 22 wretchedness
912 2210 25 20 of
950 2208 38 22 the
1006 2209 92 25 natives,
1115 2209 37 21 the
1166 2209 81 26 justice

659 2238 25 21 of
691 2237 57 22 their
758 2245 65 14 cause
834 2237 22 21 of
872 2236 130 27 complaint,
1018 2235 46 21 and
1075 2235 172 23 determination

659 2268 23 18 to
692 2265 69 26 resist,
774 2265 17 21 it
801 2265 90 21 became
902 2267 24 17 at
941 2269 54 15 once
1011 2262 93 22 obvious
1115 2262 49 21 that
1173 2270 42 14 one
1226 2263 24 21 of

660 2294 42 19 two
712 2299 89 14 courses
816 2294 59 18 must
889 2291 28 20 be
928 2289 104 27 adopted,
1045 2289 71 21 either
1130 2289 29 26 by
1168 2289 80 27 justice

660 2318 44 22 and
718 2318 114 27 kindness,
845 2322 21 16 to
882 2316 118 22 conciliate
1017 2315 58 22 their
1091 2315 115 28 good-will
1220 2317 29 26 by

658 2345 117 27 removing
785 2345 38 21 the
839 2351 76 15 causes
926 2343 26 21 of
964 2342 133 27 discontent,
1109 2350 24 13 or
1149 2345 23 19 to
1189 2345 61 19 enter

659 2380 58 19 upon
734 2380 14 13 a
763 2373 83 21 useless
865 2371 100 24 warfare,
984 2369 58 21 from
1060 2369 73 21 which
1154 2369 95 27 nothing

659 2400 66 21 could
734 2400 28 21 be
774 2397 107 29 expected
891 2397 40 21 but
940 2396 38 21 the
995 2395 105 23 eventual
1111 2395 138 23 destruction

659 2426 24 22 of
698 2427 37 22 the
754 2426 134 27 aborigines,
899 2423 44 22 and
959 2423 39 21 the
1013 2423 51 21 ruin
1075 2422 27 22 of
1118 2423 37 21 the
1171 2423 78 27 colony

659 2454 45 21 and
714 2454 38 21 the
770 2454 118 24 European
905 2449 137 28 population.
1072 2449 48 22 The
1132 2449 117 25 Governor

660 2481 109 22 therefore
786 2480 77 26 boldly
880 2477 42 23 and
942 2477 76 26 wisely
1034 2476 97 27 adopted
1150 2477 38 21 the
1206 2477 44 21 first

659 2515 84 19 course,
754 2507 101 27 previous
873 2508 23 18 to
907 2504 104 25 entering
1026 2510 60 20 upon
1097 2510 44 20 any
1151 2504 99 26 negotia-

659 2536 58 21 tions
731 2534 54 23 with
799 2533 38 22 the
854 2527 154 28 discontented
1026 2529 77 23 chiefs.

659 2562 48 22 that
716 2562 19 22 it
754 2560 73 23 would
841 2560 58 21 have
910 2566 13 14 a
933 2557 69 23 much
1013 2557 73 22 better
1096 2557 65 21 effect
1170 2560 23 18 to
1202 2565 48 20 per-

658 2590 56 21 form
726 2596 28 15 an
765 2591 36 19 act
809 2588 26 21 of
837 2586 82 28 justice
926 2583 144 28 voluntarily,
1079 2583 53 23 than
1141 2587 23 18 to
1171 2591 79 20 appear

660 2616 33 26 (as
702 2616 17 21 it
728 2616 72 26 might
816 2613 114 23 otherwise
945 2611 28 22 be
990 2611 38 21 the
1046 2612 60 25 case)
1120 2614 22 18 to
1155 2611 60 27 yield
1227 2615 20 17 to

659 2643 37 21 the
706 2643 80 22 wishes
797 2642 26 21 of
835 2640 38 22 the
891 2637 153 24 discontented
1061 2637 77 27 chiefs,
1156 2637 94 28 through

658 2670 47 21 fear
714 2670 27 22 of
748 2669 57 22 their
814 2675 79 21 power.
923 2665 48 22 The
980 2665 118 22 Governor
1105 2665 145 27 accordingly

659 2703 27 15 on
702 2696 123 26 Thursday,
838 2694 72 23 called
926 2692 103 27 together
1044 2691 38 21 the
1101 2691 107 27 principal
1216 2692 34 22 in-

658 2723 113 22 habitants
781 2723 25 22 of
814 2722 36 21 the
861 2725 58 18 town
931 2720 26 21 of
969 2718 96 27 Russell,
1077 2718 45 22 and
1140 2719 110 21 informed

660 2750 59 21 them
740 2750 48 21 that
808 2749 37 21 the
865 2748 48 22 Bay
939 2754 27 13 of
987 2746 101 21 Islands
1109 2753 48 14 was
1180 2753 27 14 to
1223 2754 27 13 be

660 2784 151 15 henceforth
822 2783 13 14 a
847 2776 61 21 Free
919 2774 72 22 Port,
1002 2772 44 22 and
1055 2771 48 22 that
1113 2772 37 22 the
1162 2773 88 21 Custom

660 2804 78 21 House
749 2803 84 22 officers
843 2802 74 23 would
935 2802 26 21 be
976 2799 155 27 immediately
1145 2800 105 21 removed

659 2831 58 21 from
728 2830 97 22 Russell.

687 2863 67 21 After
764 2861 62 22 these
841 2860 145 27 proceedings
1002 2863 24 18 at
1041 2859 95 27 Russell,
1150 2858 37 23 the
1205 2859 44 22 Go-

660 2896 87 19 vernor,
766 2887 118 27 according
901 2890 23 19 to
939 2887 103 27 promise,
1054 2886 41 22 left
1105 2886 37 22 the
1160 2886 48 28 Bay
1222 2894 27 13 on

658 2917 118 25 Thursday
790 2915 35 21 for
840 2914 117 26 Waimate,
976 2914 42 21 and
1036 2921 28 14 on
1082 2913 38 22 the
1138 2913 111 27 following

658 2943 103 27 Monday
768 2941 52 23 held
826 2941 37 21 the
870 2941 132 21 conference
1009 2940 53 22 with
1071 2940 38 22 the
1121 2940 128 22 disaffected

659 2970 75 25 chiefs,
747 2969 24 22 of
779 2968 70 23 which
861 2968 37 22 the
908 2968 115 26 following
1032 2968 19 20 is
1068 2967 38 22 the
1122 2967 127 21 substance.

658 2997 48 22 The
724 2995 136 24 Governor's
879 2994 115 22 addresses
1009 3001 58 14 were
1086 2994 120 22 translated
1221 2994 28 27 by

659 3025 44 21 Mr.
720 3023 84 27 Pucky,
816 3029 43 15 one
874 3021 24 23 of
914 3021 37 21 the
969 3021 72 21 oldest
1057 3020 154 23 Missionaries
1227 3021 22 21 in

658 3051 38 22 the
707 3051 93 26 Colony.

684 3084 100 26 Friends,
806 3084 81 26 Chiefs,
908 3082 44 23 and
973 3081 84 27 Elders,
1089 3082 13 22 I
1119 3082 72 23 salute
1206 3089 44 20 you

657 3112 86 27 kindly.
774 3112 58 21 lam
842 3110 54 28 glad
907 3113 22 18 to
947 3112 59 19 meet
1023 3115 52 21 you.
1106 3109 11 22 I
1137 3108 56 23 wish
1204 3109 46 22 that

656 3146 45 20 you
714 3146 54 20 may
785 3138 68 28 enjoy
863 3144 68 20 peace
943 3136 44 22 end
998 3136 133 27 prosperity.
1161 3136 42 28 My
1217 3136 33 22 in-

656 3169 68 19 terest
734 3166 23 21 in
768 3173 55 19 your
834 3164 87 23 welfare
931 3164 20 21 is
961 3166 63 24 great
1034 3162 45 22 and
1089 3162 91 28 lasting.
1210 3163 40 27 My

655 3192 85 23 heart's
750 3192 72 22 desire
832 3191 19 22 is
861 3194 23 19 to
895 3190 29 22 do
934 3197 46 20 you
994 3188 66 28 good.

684 3224 12 22 I
708 3232 36 14 am
754 3231 64 15 come
827 3223 52 22 here
891 3226 22 18 to
924 3222 49 22 talk
982 3224 23 19 to
1022 3228 45 20 you
1082 3222 70 23 about
1161 3223 90 21 matters

657 3251 25 23 of
696 3253 63 24 great
769 3251 135 27 importance
916 3252 23 18 to
952 3248 129 27 yourselves
1089 3256 6 19 ;
1100 3248 57 29 ,and
1168 3249 12 22 I
1195 3249 56 21 have

656 3277 68 23 much
735 3281 22 18 to
765 3285 48 20 say.
842 3277 67 22 Have
920 3276 113 27 patience.

682 3311 49 24 The
741 3311 88 27 subject
835 3312 127 26 uppermost
971 3309 23 22 in
1004 3316 39 19 my
1053 3308 69 28 mind,
1132 3317 23 14 as
1163 3309 25 22 in
1197 3316 54 20 your

656 3346 56 19 own,
724 3338 18 22 is
752 3338 49 21 that
810 3336 72 23 which
892 3336 41 23 has
941 3336 84 22 caused
1035 3335 43 22 this
1089 3336 107 27 meeting.

682 3371 79 23 About
769 3370 35 22 six
814 3369 72 23 weeks
898 3376 49 20 ago,
959 3368 39 22 the
1009 3371 63 19 town
1082 3368 26 22 of
1114 3368 136 22 Kororarika

654 3406 46 15 was
711 3397 115 23 disturbed
836 3397 30 26 by
877 3404 14 14 a
900 3399 66 24 party
976 3395 26 23 of
1008 3402 80 20 young
1098 3402 60 20 men,
1167 3394 83 23 headed

655 3426 30 27 by
696 3425 69 22 Hone
777 3423 67 26 Heki,
863 3423 49 23 who
929 3422 101 23 alarmed
1046 3422 45 22 and
1105 3422 99 22 insulted
1215 3422 35 21 the

654 3452 140 22 inhabitants
802 3458 6 19 ;
823 3450 69 23 broke
902 3450 49 22 into
961 3449 44 22 and
1015 3448 124 23 ransacked
1152 3456 14 15 a
1175 3448 75 26 house,

656 3479 86 22 carried
758 3485 65 20 away
832 3485 14 15 a
855 3477 75 22 native
941 3483 95 20 woman,
1048 3476 38 22 the
1096 3476 51 22 wife
1164 3476 27 22 of
1206 3475 44 22 Mr.

656 3505 67 26 Lord,
734 3505 46 22 and
790 3508 38 18 cut
837 3504 63 22 down
911 3503 38 23 the
958 3503 156 22 Government
1121 3501 112 28 flag-staff.

683 3536 55 23 Had
748 3540 39 19 not
797 3537 37 22 the
844 3536 139 22 inhabitants
990 3535 59 22 been
1055 3538 60 19 most
1121 3533 129 29 peaceable,

656 3564 45 22 and
709 3563 134 28 forbearing,
854 3562 56 23 lives
919 3562 75 27 might
1002 3562 59 22 have
1075 3562 59 22 been
1145 3561 49 27 lost,
1206 3560 44 22 and

656 3591 63 25 then,
729 3590 61 22 what
799 3590 75 22 would
886 3590 59 21 have
954 3590 60 21 been
1023 3589 39 22 the
1074 3587 176 28 consequences?

684 3618 52 26 But,
747 3616 108 27 although
868 3623 30 14 no
911 3616 41 21 life
969 3623 46 15 -was
1027 3616 51 27 lost,
1089 3615 83 22 thanks
1186 3615 28 22 be
1229 3617 21 19 to

657 3649 62 25 God;
736 3648 44 22 and
796 3647 109 28 although
921 3646 64 23 there
1001 3655 59 14 were
1079 3647 171 22 circumstances

657 3676 94 26 tending
761 3678 23 18 to
795 3674 106 22 diminish
917 3676 51 25 part
978 3674 26 22 of
1010 3674 38 21 the
1058 3674 75 22 blame
1148 3671 102 24 attached

657 3706 22 19 to
690 3702 75 26 Heki;
781 3701 63 22 there
860 3707 45 16 was
919 3700 160 28 undoubtedly
1094 3700 68 23 much
1173 3706 77 17 mean-

656 3730 40 26 ing
705 3728 106 22 attached
821 3731 21 19 to
853 3728 37 22 the
900 3731 38 18 act
947 3728 26 21 of
988 3727 86 27 cutting
1084 3728 66 21 down
1160 3726 37 22 the
1207 3725 43 27 flag

657 3756 64 26 staff;
738 3754 73 22 which
820 3755 17 21 it
846 3755 19 21 is
882 3761 37 20 my
929 3754 122 28 particular
1067 3754 56 28 duty
1140 3757 22 18 to
1176 3752 74 23 notice

658 3782 119 26 seriously.

683 3814 50 22 The
751 3812 100 24 conduct
858 3812 26 22 of
899 3812 61 22 Heki
971 3812 45 22 and
1025 3812 35 22 his
1071 3815 72 25 party,
1154 3810 65 24 while
1229 3813 23 19 at

658 3840 144 26 Kororarika,
814 3846 44 15 was
868 3847 24 14 so
910 3839 143 27 unbearable,
1072 3838 49 22 that
1130 3838 18 22 it
1163 3837 88 27 obliged

658 3876 35 15 me
706 3870 22 20 to
739 3867 65 26 place
814 3866 90 22 soldiers
914 3866 63 22 there
983 3870 23 18 to
1017 3868 95 25 prevent
1119 3872 46 19 any
1171 3864 77 27 repeti-

658 3895 47 22 tion
717 3893 27 23 of
750 3893 55 23 such
815 3893 123 28 provoking
948 3899 152 21 annoyances.

687 3927 12 22 I
714 3925 45 24 will
778 3931 49 16 now
843 3924 67 28 speak
925 3924 27 21 of
968 3924 38 22 the
1025 3921 114 29 flag-staff,
1153 3921 22 23 in
1190 3921 62 23 itself

40 3030 138 23 Successful
190 3037 45 14 and
246 3035 118 16 amicable
380 3034 150 15 settlement
544 3034 27 15 of
583 3034 43 14 thk

53 3064 83 15 native
148 3063 158 16 disturbance
319 3063 28 14 at
358 3062 46 15 the
418 3054 52 22 bay
481 3061 27 14 of
521 3054 105 21 islands.

130 3092 63 20 From
201 3091 34 20 the
246 3091 108 19 Southern
366 3089 66 24 Cross,
445 3088 60 25 Sept.
516 3088 18 21 7.

68 3125 71 23 Much
149 3125 91 27 anxiety
249 3124 42 21 has
305 3122 114 28 prevailed
435 3121 82 26 during
533 3120 38 22 the
586 3121 42 21 last

41 3152 60 23 week
110 3161 26 14 or
153 3155 49 23 two,
213 3150 120 28 regarding
341 3148 38 23 the
395 3147 70 23 result
475 3148 26 21 of
512 3147 37 22 the
560 3155 67 20 expe-

42 3179 68 23 dition
121 3183 23 18 to
159 3179 38 22 the
214 3178 49 27 Bay
272 3177 27 22 of
310 3175 96 23 Islands.
436 3175 72 27 Hope,
518 3174 55 27 fear,
585 3175 42 21 and

41 3207 126 27 conjecture
183 3203 135 28 alternately
327 3201 124 24 succeeded
467 3208 42 15 one
527 3201 99 22 another.

42 3234 71 21 While
130 3234 37 21 the
186 3239 61 16 more
266 3229 106 29 peaceful
390 3228 26 22 of
433 3228 39 21 the
490 3227 137 22 inhabitants

42 3260 96 22 dreaded
148 3260 38 22 the
201 3259 84 23 chance
300 3258 26 21 of
338 3264 14 14 a
361 3255 100 23 collision
477 3255 52 21 with
539 3255 39 21 the
588 3262 40 15 na-

42 3288 59 27 tives,
112 3288 39 21 the
160 3294 63 15 more
237 3283 139 29 thoughtless
385 3282 47 23 and
441 3281 59 27 rash,
512 3281 113 22 cherished

41 3315 62 27 fears,
113 3315 42 22 but
165 3314 27 22 of
197 3321 14 14 a
221 3312 104 23 different
334 3310 122 23 character.
481 3309 23 22 A
512 3308 55 27 fear,
580 3308 48 23 that

42 3342 117 27 according
169 3344 23 18 to
209 3339 57 23 their
283 3338 103 23 estimate
402 3336 25 21 of
439 3336 37 21 the
494 3343 94 14 manner
602 3336 24 21 in

43 3368 68 22 which
122 3368 74 22 affairs
211 3365 82 24 should
307 3366 29 21 be
353 3362 79 23 settled
444 3362 48 22 that
501 3362 35 22 his
546 3362 81 23 Excel-

42 3394 64 29 lency
114 3395 73 27 might
195 3394 39 22 fail
244 3394 22 21 in
277 3399 70 15 nerve
357 3390 44 22 and
409 3390 110 25 firmness,
531 3393 23 18 to
565 3397 62 20 carry

42 3425 36 19 out
93 3422 63 22 those
175 3420 83 28 sternly
273 3419 61 22 cruel
353 3423 114 16 meaiures
482 3416 73 22 which
574 3416 53 28 they

43 3448 90 23 deemed
143 3448 37 22 the
192 3448 72 22 future
274 3446 73 26 safety
355 3444 25 22 of
387 3444 38 22 the
435 3443 88 27 colony,
534 3443 46 22 and
590 3444 36 21 the

42 3479 87 23 present
138 3476 87 27 dignity
234 3474 26 22 of
272 3473 38 22 the
326 3470 82 25 British
425 3470 155 22 Government
589 3470 38 22 de-

44 3502 99 23 manded.
163 3504 41 20 We
214 3509 37 15 are
258 3499 101 27 rejoiced
369 3502 22 18 to
398 3497 48 22 find
454 3496 49 23 that
512 3504 14 14 a
535 3496 90 28 middle,

45 3529 39 22 and
94 3537 14 14 a
117 3529 59 23 safer
189 3535 76 16 course
280 3527 42 22 has
335 3526 58 22 been
409 3522 105 28 adopted,
525 3523 45 22 and
580 3524 48 22 that

43 3556 89 22 without
142 3554 173 29 compromising
320 3553 38 22 the
371 3551 87 28 dignity
463 3550 26 22 of
496 3550 38 22 the
544 3550 83 23 British

44 3582 82 28 Crown,
138 3590 24 15 or
171 3582 89 28 spilling
268 3582 40 21 the
322 3579 68 24 blood
406 3578 25 23 of
442 3578 38 21 the
494 3577 131 27 aborigines,

44 3616 13 14 a
65 3609 87 28 quarrel
162 3610 27 22 of
193 3616 14 15 a
217 3616 53 21 very
280 3608 86 22 serious
373 3609 79 20 nature
461 3604 41 22 has
508 3604 57 22 been
573 3604 54 28 hap-

42 3636 44 31 pily
95 3637 45 21 and
155 3636 110 27 amicably
274 3633 119 29 arranged,
403 3632 46 22 and
466 3638 14 15 a
494 3630 131 23 foundation

42 3658 42 26 laid
92 3663 36 22 for
136 3663 38 22 the
183 3665 135 26 permanent
323 3659 170 24 establishment
503 3658 25 21 of
534 3658 93 26 feelings

44 3689 24 21 of
73 3689 120 28 friendship
203 3689 43 22 and
254 3686 214 25 kind-heartedness
479 3684 101 23 between
590 3684 37 22 the

44 3718 38 20 two
91 3724 69 15 races.
190 3716 121 22 Whatever
327 3721 53 21 may
388 3714 30 22 be
433 3711 49 24 said
499 3719 25 14 or
534 3711 94 27 thought

44 3743 116 28 regarding
169 3742 38 22 the
218 3743 75 22 native
302 3742 123 26 character,
433 3747 32 15 we
474 3746 38 15 are
519 3738 109 28 perfectly

46 3771 120 21 convinced
176 3770 49 22 that
233 3770 30 27 by
273 3776 15 15 a
301 3771 106 19 constant
422 3766 126 24 adherence
558 3768 22 19 to
590 3764 37 23 the

45 3796 114 29 principles
174 3797 26 21 of
214 3796 88 27 justice,
319 3795 18 21 it
355 3795 19 21 is
389 3794 62 28 quite
468 3792 103 28 possible,
588 3795 40 18 not

45 3822 46 28 only
103 3827 22 18 to
135 3830 90 21 govern,
236 3823 41 21 but
289 3826 21 18 to
326 3821 85 23 civilize
421 3821 37 22 the
470 3819 126 27 aborigines
606 3819 25 22 of

46 3848 52 24 New
108 3850 108 27 Zealand,
228 3848 94 23 without
337 3848 39 22 the
392 3847 73 25 actual
480 3846 148 23 interference

46 3882 23 15 or
77 3877 118 22 assistance
204 3876 26 22 of
236 3876 38 22 the
282 3874 104 28 military,
393 3874 45 22 and
444 3873 64 23 while
517 3880 32 15 we
556 3872 72 23 would

47 3902 77 28 always
133 3903 72 23 desire
214 3906 23 19 to
247 3910 38 15 see
295 3909 15 15 a
318 3901 62 27 liirge
389 3901 98 27 military
493 3900 61 22 force
560 3900 25 22 in
590 3899 38 22 the

47 3928 82 29 colony,
141 3937 25 15 as
176 3937 12 15 a
198 3936 74 23 power
282 3932 23 20 to
320 3927 79 30 appeal
414 3930 23 19 to
447 3927 23 23 in
487 3926 109 25 evidence
605 3926 26 23 of

546 41 98 46 artjt
674 41 114 41 jtfcto
813 41 212 42 Mtsftatib
1049 40 127 47 &*?*
1178 42 63 38 tu
1265 41 92 39 and
1382 41 301 45 McUmgtou
1709 37 251 50 spectator.

1877 125 85 26 against
1977 125 62 21 those
2055 125 49 22 who
2120 125 72 22 would
2210 125 45 27 buy
2269 132 62 15 more
2344 125 58 22 from
2411 132 44 21 you

1877 150 53 22 than
1938 158 46 20 you
1993 151 65 22 could
2069 158 69 20 spare,
2149 151 92 22 without
2258 151 127 31 distressing
2402 159 55 19 your

1877 177 98 22 children
1982 185 5 18 ;
2003 184 28 15 an
2042 180 126 24 agreement
2177 184 45 15 was
2231 178 64 21 made
2306 180 22 19 at
2338 177 118 26 Waitangi,

1877 204 47 20 that
1939 210 29 15 no
1986 203 53 22 land
2057 203 78 22 should
2150 203 28 21 be
2193 203 48 22 sold
2251 203 92 22 without
2353 203 37 21 the
2405 210 52 14 con-

1877 232 49 18 sent
1935 229 26 21 of
1971 229 37 22 the
2025 230 84 24 Queen.
2145 229 54 22 This
2215 237 42 15 was
2272 229 67 22 much
2353 229 36 22 for
2403 236 54 20 your

1877 254 130 27 advantage.

1905 286 41 21 Let
1956 294 33 14 me
2000 294 48 14 now
2058 287 86 21 remind
2153 293 43 20 you
2203 285 26 22 of
2234 286 36 21 the
2279 286 108 22 immense
2398 293 59 14 sums

1878 312 25 21 of
1921 320 80 19 money
2021 313 126 22 subscribed
2164 313 33 21 for
2216 319 42 19 you
2278 319 66 20 every
2363 319 55 20 year
2435 313 24 21 in

1879 338 101 26 England
1990 346 4 14 :
2011 339 33 21 for
2053 339 37 21 the
2101 342 90 24 support
2199 340 26 20 of
2236 345 55 20 your
2301 338 109 27 teachers;
2427 338 32 22 for

1877 371 56 20 your
1943 365 130 21 instruction
2084 366 42 20 and
2137 367 167 24 improvement.

1905 395 39 21 All
1954 395 42 21 this
2006 396 40 20 has
2056 396 55 21 been
2121 396 57 21 done
2190 396 32 21 for
2237 403 44 19 you
2299 394 92 22 without
2406 401 54 20 your

1878 421 67 27 being
1959 422 49 21 able
2025 425 21 17 to
2063 422 63 21 make
2143 429 45 19 any
2204 426 75 17 return
2296 421 34 22 for
2347 421 54 21 such
2419 421 42 21 dis-

1877 447 119 22 interested
2007 448 117 25 exertions,
2135 452 80 23 except
2225 448 47 21 that
2282 448 27 21 of
2319 447 77 27 yearly
2411 454 50 20 pro-

1879 480 59 20 gress
1948 474 23 21 in
1981 474 168 26 improvement.

1905 504 23 22 It
1946 504 18 22 is
1983 511 117 20 necessary
2116 504 46 21 that
2178 504 12 22 I
2208 504 80 22 should
2304 504 37 22 tell
2357 511 46 20 you
2414 504 47 21 that

1878 537 60 15 some
1949 538 63 19 years
2021 538 48 19 ago,
2081 531 37 21 the
2126 530 86 22 natives
2223 531 24 21 of
2258 530 74 22 Tahiti
2341 530 69 22 asked
2420 530 37 21 the

1879 556 61 28 King
1950 557 25 22 of
1987 556 104 27 England
2098 557 33 21 for
2142 557 33 21 his
2189 557 121 25 protection
2328 557 44 21 and
2389 556 72 21 assist-

1879 591 61 17 ance,
1951 583 41 22 but
2002 584 28 20 he
2039 583 88 22 refused
2138 586 22 18 to
2170 583 94 31 comply.
2297 582 34 22 He
2341 582 88 22 refused
2438 586 22 17 to

1877 610 47 25 join
1933 609 73 22 Tahiti
2017 614 22 17 to
2048 609 38 22 the
2095 613 62 22 great
2167 609 91 26 English
2269 609 83 26 family.
