2487 3965
2017 3844 76 17 Printed
2107 3845 38 17 and
2159 3845 106 21 published,
2277 3851 57 14 every
2351 3843 108 20 Wednesdty

1888 3864 93 21 morning,
2000 3864 25 20 by
2043 3865 90 17 Edwau
2153 3866 50 19 Box,
2220 3868 20 15 at
2260 3866 34 18 the
2316 3866 55 18 Office
2387 3866 21 16 of
2429 3863 30 17 the

1888 3885 52 17 New
1952 3884 99 18 Zealand
2062 3887 95 17 Gazxtt*
2168 3891 44 14 and
2225 3887 140 18 Wellington
2380 3886 79 17 Spioti-

1888 3910 45 14 tok.
1943 3905 160 21 Manners-street,
2112 3908 119 21 Wellington,
2244 3908 46 17 Pert
2302 3907 107 19 Ntefaoiioo,
2420 3906 39 17 New

1889 3927 87 17 Zealand.

30 115 87 20 vernor,
133 115 45 20 you
193 114 37 15 are
246 107 38 22 the
300 110 64 24 great
380 107 64 22 chief
456 106 26 23 of
492 107 44 21 this
545 106 71 27 place.

31 134 114 27 Formerly
165 134 63 21 there
246 140 45 15 was
308 140 30 15 no
360 137 64 24 great
442 133 68 22 chief.
542 135 18 20 11
581 140 36 15 am

30 160 91 29 pleased
132 160 53 22 with
194 167 51 20 you,
256 161 122 25 Governor,
397 160 11 22 I
422 166 37 16 am
475 159 29 23 all
523 159 94 23 submis-

30 188 57 25 sion,
106 193 46 21 you
171 193 38 15 are
227 192 62 16 come
308 186 24 22 in
351 192 75 26 peace,
446 185 46 23 and
514 192 45 21 you
579 193 38 15 are

31 213 113 23 welcome.
181 212 115 27 Ngapuhi,,
303 212 42 22 this
355 220 19 14 is
382 211 58 28 good
451 215 22 19 to
482 219 45 19 me,
538 213 19 21 is
565 212 18 22 it
592 219 25 15 so

32 243 24 18 to
74 239 60 27 you?
176 239 123 26 Governor,
323 245 45 20 you
392 245 57 15 nave
472 234 67 26 made
561 245 56 27 your

33 265 106 22 khfdness
154 265 104 21 manifest
268 267 22 18 to
300 271 34 15 us.
351 265 3 4 '
361 265 67 22 Some
438 265 53 21 time
501 272 42 20 ago
553 267 63 20 there

32 298 63 16 were,
107 298 69 20 many
195 291 75 26 chiefs,
287 290 53 22 then
357 291 30 21 all
404 298 44 15 was
463 291 124 22 confusion.
590 302 27 5 —

31 317 84 23 Heki's
125 317 99 22 conduct
239 317 92 21 relative
349 320 25 18 to
390 317 37 23 the
443 317 46 27 flag
506 317 52 22 staff
572 325 45 15 was

30 351 87 20 wrong,
126 344 38 22 the
175 343 130 28 superiority
315 343 26 22 of
351 350 58 21 your
417 343 131 28 knowledge
559 344 58 22 rela-

30 371 44 21 tive
85 373 22 19 to
115 369 63 22 these
188 369 72 22 affairs
270 369 122 23 convinces
409 377 26 15 us
452 370 49 22 that
515 377 45 20 you
577 377 39 15 are

31 397 66 26 right.
134 396 73 21 Your
217 396 110 26 welcome,
337 403 29 20 go
377 397 44 21 and
431 399 76 19 return
518 397 65 26 again
593 401 23 17 to

32 422 120 22 Auckland
191 429 32 15 we
244 422 43 21 will
311 422 127 22 endeavour
461 426 23 18 to
506 423 109 22 maintain

31 456 69 20 peace
106 450 55 20 here

57 476 92 22 Ropasa
169 474 103 22 Taau.—
272 474 120 26 Welcome,
416 476 116 21 Governor
540 475 6 21 !
571 482 45 20 you

26 501 59 22 have
95 502 76 21 shown
180 508 57 20 your
246 502 57 26 love,
315 502 17 21 it
342 502 18 22 is
369 502 45 22 like
424 509 41 15 our
473 502 50 21 love
534 505 23 18 to
562 509 52 20 you.

29 528 13 22 I
52 535 37 15 am
98 532 22 17 at
129 535 75 20 peace,
216 529 42 21 and
268 535 29 15 on
308 535 38 20 my
357 535 48 15 own
415 528 58 27 land,
487 535 39 21 my
532 528 84 22 fathers

29 561 37 15 are
82 554 61 26 here,
160 554 11 21 I
187 561 37 15 am
238 554 78 28 kindly
331 554 103 28 disposed
449 558 23 18 to
489 555 38 22 the
544 555 72 22 Euro-

26 587 77 21 peans.

56 607 59 22 Noa.
117 618 29 4 —
146 606 121 28 Welcome,
284 607 116 23 Governor
407 608 5 21 !
438 607 23 22 It
470 608 18 21 is
496 607 60 27 good
567 607 48 22 that

28 641 44 19 you
83 636 56 19 have
154 641 27 14 us
196 637 23 18 to
233 634 52 26 talk,
305 634 49 21 that
369 641 33 14 we
416 641 53 20 may
485 634 54 21 hear
555 634 60 22 what

28 667 44 19 you
81 660 58 21 have
148 663 23 18 to
181 667 45 20 say.
261 661 11 21 I
290 660 57 21 have
357 660 95 26 nothing
459 663 23 19 to
492 667 40 21 say
543 660 72 22 either

27 690 24 18 to
67 686 119 27 European
203 693 25 15 or
240 686 83 23 native.
358 686 48 23 The
425 687 132 27 Europeans
576 694 38 15 are

26 713 119 26 peaceable
155 716 22 18 to
187 713 38 22 all.
252 712 39 23 All
301 719 37 16 are
348 716 23 19 at
380 720 76 20 peace.
485 713 40 22 All
536 713 11 22 I
555 713 59 22 have

27 743 24 18 to
61 746 38 20 say
107 740 19 21 is
138 745 73 21 peace.

54 766 98 21 Taonui.
153 776 28 4 —
183 765 120 27 Welcome,
316 765 130 24 Governor!
462 766 58 23 How
530 773 40 15 can
581 773 33 15 we

27 795 95 18 account
131 792 34 21 for
174 792 63 22 these
247 792 157 27 outbreakings
416 793 47 22 and
477 793 120 27 bubblings
604 794 9 21 ?

27 818 99 26 Friends,
137 818 112 28 Ngapuhi,
259 818 108 23 salvation
384 823 23 18 to
421 826 27 15 us
465 819 96 27 through
575 820 38 22 the

26 844 58 28 good
95 846 80 25 speech
187 846 25 21 of
223 845 36 22 the
272 846 122 21 Governor.
424 846 123 25 Welcome,
567 846 46 22 Go-

26 872 92 21 vernor!
147 879 38 19 my
204 872 62 22 heart
282 872 18 21 is
318 879 49 16 now
380 872 59 27 glad,
459 873 42 22 but
519 872 64 23 when
602 873 12 21 I

26 897 71 22 heard
111 898 25 21 of
152 899 38 21 the
205 906 58 18 guns
281 896 45 25 and
345 897 92 24 soldiers
446 899 67 27 being
522 899 90 25 landed,

26 931 37 20 my
73 924 63 22 heart
149 932 43 15 was
202 921 61 26 dark.
298 925 113 28 Ngapuhi,
431 925 44 23 live
491 926 22 21 in
531 933 68 21 peace
607 926 6 21 !

26 958 69 18 peace
105 952 5 21 !
129 958 68 19 peace
205 952 6 20 !
250 952 135 21 Remember
404 952 75 21 Rete's
496 959 59 19 case,
567 952 46 21 and

26 977 59 22 what
99 977 108 23 follewed.
236 977 53 22 This
303 977 45 22 mil
363 978 27 21 be
401 978 38 21 the
452 985 70 20 same,
538 978 76 22 unless

26 1010 33 15 we
78 1005 65 22 make
162 1011 76 20 peace.
285 1003 53 22 Had
356 1011 47 20 any
418 1004 120 28 European
555 1004 56 22 been

26 1030 75 27 killed,
122 1031 18 21 it
155 1031 80 21 should
251 1029 57 22 have
324 1031 56 21 been
399 1031 39 22 life
452 1031 37 22 for
498 1031 46 27 life,
555 1038 24 15 as
588 1031 24 22 in

26 1057 37 21 the
74 1064 49 15 case
143 1058 27 21 of
185 1057 100 22 Maketu.
299 1083 6 5 _
324 1057 113 26 Ngapuhi,
449 1057 68 28 speak
528 1057 30 22 all
568 1065 45 20 you

25 1083 58 22 have
93 1087 22 18 to
124 1091 47 20 say,
183 1083 51 22 hide
244 1083 101 27 nothing.
364 1084 33 21 To
409 1088 59 17 meet
477 1091 24 14 as
512 1091 33 15 we
555 1084 57 21 have

27 1113 46 18 met
84 1118 43 14 wa3
138 1112 36 20 the
185 1110 53 27 only
251 1117 45 20 way
306 1113 23 18 to
340 1111 65 21 effect
416 1118 13 13 a
446 1110 83 28 lasting
544 1118 67 20 peace

23 1140 23 18 to
57 1137 37 21 the
105 1137 62 21 tribe.

51 1163 145 22 Tuwakawa.
198 1174 28 4 —
228 1163 115 22 Governor
364 1164 47 21 and
429 1164 86 21 natives
535 1164 76 26 listen,

24 1189 38 22 the
73 1191 51 26 only
134 1190 45 27 flag
189 1189 53 23 staff
249 1190 46 21 that
304 1189 43 23 will
357 1197 54 15 ever
419 1191 27 21 be
457 1194 37 18 cut
512 1191 64 22 down
593 1192 20 20 is

23 1216 48 22 that
80 1217 73 21 which
162 1224 45 14 was
216 1220 36 19 cut
263 1217 64 21 down
337 1217 30 26 by
379 1217 67 26 Heki,
458 1217 31 22 let
498 1217 47 22 him
557 1217 53 22 dare

23 1246 24 18 to
58 1246 93 23 attempt
160 1244 18 21 it
193 1244 64 27 again
266 1252 5 18 ;
288 1243 19 21 is
324 1244 17 21 it
360 1248 50 17 true
426 1243 59 22 what
501 1244 60 21 Heki
576 1252 36 13 re-

22 1271 78 26 ported
110 1270 48 22 that
167 1270 38 22 the
217 1270 114 22 Governor
341 1270 44 21 will
395 1270 91 22 enslave
496 1271 41 22 us?
566 1271 43 26 No,

22 1304 37 19 no,
71 1304 35 15 no.

51 1324 68 22 Nene
134 1323 83 22 Waka.
218 1334 28 5 —
248 1324 124 25 Governor,
392 1323 20 22 if
433 1323 49 22 that
499 1324 46 27 flag
561 1324 54 22 staff

22 1351 20 21 is
52 1354 37 18 cut
99 1351 64 21 down
175 1351 72 26 again,
259 1358 32 14 we
301 1350 44 22 will
355 1350 57 27 fight
425 1351 35 21 for
475 1351 24 26 it,
517 1358 33 14 we
566 1351 45 22 will

21 1377 57 26 fight
86 1377 34 22 for
129 1377 17 22 it
156 1377 29 22 all
197 1378 25 21 of
232 1385 33 19 us,
275 1384 33 14 we
320 1384 35 15 are
372 1384 43 14 one
430 1378 64 25 tribe,
508 1378 51 21 .and
578 1385 33 14 we

21 1404 46 21 will
77 1404 55 27 fight
141 1404 35 21 for
185 1404 38 21 the
233 1405 53 20 staff
292 1404 43 21 and
345 1405 34 20 for
390 1411 40 14 our
441 1405 124 20 Governor.
599 1405 12 21 I

23 1438 35 14 am
77 1438 62 24 sorry
154 1431 48 21 that
218 1431 17 21 it
251 1431 38 21 has
305 1431 113 26 occurred,
438 1431 42 21 but
494 1438 45 19 you
559 1438 52 19 ma}'

21 1461 76 17 return
118 1457 38 22 the
176 1457 97 22 soldiers.
313 1457 94 26 Return,
429 1457 126 26 Governor,
578 1465 33 14 we

23 1483 45 21 will
78 1484 50 21 take
139 1490 50 15 care
198 1485 26 20 of
231 1484 36 21 the
276 1483 52 27 flag.
358 1484 40 20 We
409 1483 37 22 the
458 1484 36 21 old
505 1483 59 22 folks
573 1492 37 14 are

21 1510 49 22 well
82 1509 107 28 disposed,
201 1511 45 21 and
263 1511 43 22 will
322 1510 66 22 make
405 1510 37 22 the
459 1518 77 19 young
553 1511 58 21 folks

22 1544 25 13 so
57 1537 53 20 also.

50 1563 86 22 Paora.
138 1574 27 5 —
165 1563 49 23 The
232 1563 135 23 Governor's
377 1564 18 21 is
406 1571 12 13 a
427 1563 59 26 good
497 1563 79 28 speech
587 1566 22 20 to

21 1589 39 23 the
70 1590 86 22 natives
166 1591 26 20 of
203 1590 37 22 the
251 1598 36 14 sea
299 1594 61 18 coast
369 1590 44 22 and
430 1590 38 22 the
484 1591 87 21 natives
588 1591 24 21 of

22 1616 37 22 the
70 1617 97 22 interior.
207 1617 77 27 Peace,
305 1624 68 20 peace
390 1620 23 18 to
423 1616 38 22 (he
473 1617 137 22 Governor's

22 1643 88 27 speech.

49 1670 107 22 Kakeau.
157 1681 28 5 —
187 1671 116 21 Governor
313 1671 27 21 be
350 1670 177 27 kind,bevery
547 1670 65 22 kind.'

22 1695 89 28 Bishop,
131 1697 147 23 Archdeacon
289 1697 118 27 Williams,
428 1698 44 21 Mr.
493 1697 116 27 Hamblin,

21 1722 45 22 Mr.
78 1723 73 27 Clark,
166 1724 45 21 and
228 1723 29 22 all
273 1724 36 21 the
327 1724 157 25 Missionaries,
502 1725 27 21 be
546 1723 61 28 kind,

22 1748 29 22 do
59 1753 39 18 not
108 1750 64 22 think
184 1751 25 21 of
221 1750 77 27 taking
306 1758 63 19 away
379 1751 30 21 all
421 1750 35 22 the
469 1751 138 26 Europeans.

21 1775 122 28 Welcome,
153 1777 112 26 welcome,
277 1778 121 25 Governor,
477 1777 28 22 all
522 1777 26 21 of
564 1785 45 20 you

21 1801 57 23 have
88 1803 58 22 been
157 1810 54 20 very
221 1804 54 22 kind
282 1812 6 19 ;
305 1805 103 21 continue
420 1808 21 17 to
451 1804 29 22 be
489 1804 64 22 kind.

48 1829 115 23 Raitara.
164 1841 29 5 —
195 1831 119 26 Welcome,
324 1831 118 22 Governor
449 1830 5 22 !
475 1831 94 21 Natives
578 1831 29 22 be

17 1855 58 23 •kind
85 1857 164 28 to.Europeans,
258 1857 44 22 and
312 1857 53 28 they
372 1857 44 22 will
423 1858 27 21 be
461 1857 55 22 kind
523 1862 23 18 to
555 1866 52 19 you.

21 1893 27 5 —
50 1883 12 21 I
72 1890 36 15 am
118 1884 70 27 going
197 1888 22 18 to
230 1891 89 15 remove
331 1887 21 18 to
362 1884 38 22 the
411 1885 69 21 South
487 1892 6 19 ;
510 1892 98 15 remem-

21 1909 47 27 ber,
79 1910 12 21 I
103 1911 37 21 tell
155 1918 52 20 you,
218 1918 44 20 you
272 1918 37 14 are
320 1911 37 21 the
368 1918 153 15 commencers
532 1911 27 22 of
571 1912 38 21 the

22 1937 51 26 evil,
84 1940 39 18 not
137 1937 37 22 the
190 1939 138 26 Europeans,
344 1937 27 22 be
388 1937 56 22 kind
461 1941 21 18 to
499 1938 68 27 them,
579 1938 28 22 all

18 1963 59 26 good
87 1970 75 16 comes
171 1964 57 22 from
238 1964 67 26 them,
336 1964 24 22 If
371 1964 39 22 the
420 1965 137 27 Europeans,
569 1973 37 14 are

19 1989 95 27 injured,
127 1997 24 14 so
162 1991 56 21 shall
229 1990 17 26 I,
258 1997 44 20 you
312 1993 83 19 cannot
408 1991 125 26 injureone
544 1992 64 20 with-

21 2019 38 18 out
70 2015 37 22 the
117 2016 69 21 other.

45 2043 65 21 King
129 2043 105 23 George.
237 2055 27 4 —
265 2043 92 23 Natives
376 2044 27 21 be
419 2043 63 27 kind,
499 2043 27 22 be
543 2043 62 23 kind.

17 2069 68 22 What
97 2069 18 22 is
127 2069 58 23 done
200 2070 52 22 here
267 2073 24 19 at
306 2070 110 22 Waimate
432 2071 24 21 in
475 2071 36 21 the
522 2078 49 19 way
582 2071 25 21 of

16 2095 113 27 kindness,
138 2096 12 22 I
159 2097 56 21 shall
225 2097 100 22 consider
332 2104 24 15 as
363 2097 57 21 done
428 2100 21 18 at
460 2097 144 26 Kororarika,

18 2123 73 21 ■where
103 2123 11 22 I
124 2124 80 27 reside,
216 2131 24 15 or
251 2128 21 18 to
282 2131 61 15 some
354 2124 50 22 who
414 2124 72 22 reside
496 2124 70 22 there.
595 2125 11 21 I

18 2149 57 22 shall
85 2154 75 18 return
171 2154 22 18 to
207 2151 38 22 the
255 2158 37 15 sea
302 2151 55 26 side,
368 2150 46 22 and
425 2150 58 23 shall
494 2151 65 23 leave
569 2151 37 23 the

19 2177 129 27 Europeans
158 2178 25 22 of
195 2177 44 23 this
252 2178 64 27 place
333 2177 52 23 with
401 2184 56 20 you;
475 2178 28 22 be
518 2178 56 22 kind
585 2182 22 18 to

18 2204 68 27 them,
98 2204 52 27 they
164 2204 59 22 have
238 2204 114 28 improved
365 2211 41 15 our
425 2205 113 22 condition
546 2212 5 19 ;
570 2205 37 21 the

20 2230 129 28 Europeans
164 2238 37 15 are
216 2231 60 28 kind,
287 2231 60 22 kind.
377 2230 58 23 That
449 2232 19 20 is
479 2231 30 23 all
524 2232 13 22 I
548 2232 57 22 have

19 2261 23 17 to
52 2264 39 21 say
101 2261 22 18 to
132 2265 53 20 you.

47 2284 60 22 Wai.
109 2295 26 5 —
138 2285 119 21 Governor
266 2284 46 23 and
322 2285 101 26 Natives,
430 2285 32 21 let
471 2285 38 22 the
519 2285 48 23 talk
577 2285 29 22 be

19 2311 58 26 good
84 2319 5 18 ;
106 2318 62 15 some
184 2311 53 23 time
255 2318 40 21 ago
306 2319 32 15 we
354 2311 133 28 quarrelled,
503 2312 42 22 but
557 2320 49 14 now

19 2337 38 22 the
68 2338 118 22 Governor
198 2339 20 20 is
233 2346 61 14 come
305 2334 31 26 let
352 2346 26 14 tis
388 2346 71 19 cease,
472 2338 62 23 there
548 2339 19 21 is
577 2346 29 14 no

19 2371 66 15 cause
91 2372 6 19 ;
108 2365 37 21 the
157 2363 155 29 chieftainship
322 2368 57 18 rests
388 2365 53 22 with
452 2373 51 18 one,
512 2366 40 22 the
560 2366 47 22 Go-

18 2398 89 15 vernor.
131 2392 44 22 But
186 2391 61 23 there
252 2392 20 21 is
281 2399 30 14 no
317 2391 104 22 chieftain
432 2392 45 22 like
485 2393 37 21 the
534 2393 71 26 Bible,

19 2417 28 22 its
58 2421 100 25 precepts
168 2424 38 16 aTe
220 2418 38 22 the
272 2419 48 21 best
330 2418 70 22 chiefs
409 2419 26 21 of
447 2419 39 22 the
502 2419 63 27 land,
574 2420 33 21 let

19 2443 63 23 those
92 2452 26 14 on
129 2452 38 14 sea
176 2445 46 22 and
232 2445 51 22 land
293 2445 28 21 be
331 2452 76 21 peace.

46 2471 144 23 Hihiatoto.
190 2482 28 5 —
220 2472 12 22 I
243 2479 35 15 am
289 2471 37 22 the
337 2479 53 15 man
400 2472 50 22 who
461 2476 37 18 cut
509 2473 37 22 the
557 2473 53 22 staff

19 2497 72 28 down,
102 2499 29 21 do
147 2502 41 18 not
202 2498 53 22 look
266 2498 56 22 after
339 2498 49 22 that
405 2506 52 15 man
475 2499 68 28 Heki,
555 2501 51 21 take

17 2532 37 14 me
69 2532 24 15 as
108 2528 115 25 payment.
252 2525 58 22 Who
319 2525 19 22 is
346 2525 75 23 Heki?
437 2526 51 22 who
497 2527 19 21 is
532 2527 75 22 Heki?

16 2551 52 22 take
78 2559 42 14 me.

45 2579 78 22 Rewa.
125 2589 28 4 —
153 2578 114 22 Welcome
274 2578 29 22 all
310 2578 5 22 !
346 2579 118 22 Governor
474 2579 43 23 and
529 2579 29 23 all
569 2588 38 20 my
608 2588 2 4 1

18 2605 92 27 friends,
128 2605 105 22 welcome
245 2606 5 21 !
280 2605 11 22 I
306 2609 83 24 repeat,
406 2605 107 23 welcome
531 2610 22 18 to
569 2608 35 27 all,

19 2640 63 14 come
92 2631 45 23 and
146 2639 37 15 see
193 2632 39 22 the
242 2632 94 27 opening
346 2639 49 15 now
405 2633 65 21 made
481 2633 35 22 for
529 2641 76 20 peace.

21 2659 38 21 All
68 2666 38 20 my
117 2659 106 27 thoughts
238 2666 37 14 are
288 2659 69 21 about
365 2659 38 22 the
412 2659 53 23 land
476 2660 44 22 and
529 2668 77 20 peace.

18 2685 99 26 Friends,
134 2692 66 16 cease
217 2690 23 17 to
254 2685 73 23 follow
343 2693 36 14 me
395 2686 21 21 if
430 2687 10 21 I
456 2687 30 22 do
501 2691 40 18 not
555 2688 51 26 give

21 2713 59 26 good
91 2713 85 21 advice.
209 2712 54 22 Who
278 2720 37 14 are
325 2720 32 14 we
364 2713 8 22 ?
400 2713 42 22 We
451 2713 59 23 have
524 2713 44 23 lost
577 2715 28 22 all

21 2746 41 14 our
76 2746 75 19 power
165 2738 94 27 through
274 2739 79 21 Heki's
369 2739 102 23 conduct.
499 2740 72 22 What
585 2742 24 21 of

18 2765 38 23 the
67 2766 116 22 Governor
193 2765 89 28 coming
291 2769 23 17 to
325 2767 40 21 us?
379 2767 32 21 let
421 2767 45 21 him
482 2768 86 21 remain
583 2772 24 18 at

18 2791 105 23 Waikato
134 2792 44 22 and
185 2799 82 19 govern
278 2792 70 22 them.
376 2793 42 21 We
426 2800 38 15 are
475 2796 40 19 not
520 2795 86 28 worthy

19 2819 28 21 of
62 2819 37 22 the
115 2820 116 21 Governor
247 2826 28 14 on
289 2823 97 18 account
403 2821 26 20 of
444 2828 42 14 our
503 2820 103 23 badness.

20 2845 113 23 Whoever
147 2847 19 21 is
179 2845 51 27 bad,
242 2845 31 22 let
287 2845 35 22 his
338 2846 97 22 badness
449 2847 87 22 remain
555 2849 51 21 with

18 2872 55 22 him.
101 2872 113 22 Divisions
230 2873 55 21 have
301 2873 67 21 taken
383 2873 63 28 place
461 2874 69 22 about
545 2874 62 23 Reli-

18 2899 59 27 gion,
92 2899 54 28 they
162 2906 37 14 are
218 2899 51 26 bad,
287 2899 45 22 and
352 2907 23 15 so
394 2900 18 21 it
432 2901 25 21 is.
494 2900 42 22 Let
551 2909 56 19 your

18 2925 100 28 strenght
126 2927 28 21 be
165 2933 29 14 on
204 2933 38 20 my
252 2926 53 27 side,
317 2927 94 26 remain,
419 2927 86 22 remain
513 2927 5 22 !
548 2929 58 21 Who

18 2953 45 21 will
79 2953 51 22 take
145 2953 59 27 good
219 2953 93 21 advive?
331 2953 87 22 remain
436 2953 123 29 Governor,
571 2963 35 14 re-

16 2979 69 22 main.

45 3007 126 21 Paratenb
195 3006 106 22 Kekeau.
302 3016 29 5 —
332 3006 122 27 Welcome,
480 3007 124 28 Governor,

17 3032 119 23 ■welcome!
150 3032 100 22 Beloved
258 3033 29 26 by
294 3033 86 22 whom?
391 3033 29 26 by
428 3033 38 23 all.
482 3034 122 28 Welcome,

17 3060 114 22 •welcome.
160 3059 75 22 When
245 3059 43 22 will
298 3059 38 21 the
346 3059 79 28 people
435 3060 28 22 be
473 3061 102 22 desirous
583 3062 25 22 of

16 3087 57 26 good
80 3087 10 21 ?
118 3086 113 22 Welcome
238 3086 122 22 Governor.
389 3085 82 24 Where
479 3087 45 23 will
531 3094 26 16 or
562 3096 42 14 can

16 3113 44 22 evil
69 3120 50 16 now
129 3113 106 21 continue
241 3113 10 21 ?
278 3112 58 22 Who
346 3112 44 23 will
400 3113 87 23 receive
498 3114 38 22 the
545 3115 59 26 good

16 3147 49 15 now
82 3140 64 27 given
153 3139 9 21 ?
191 3139 57 22 Who
258 3146 41 16 can
313 3140 87 27 quarrel
412 3140 54 22 with
480 3141 39 21 the
534 3141 70 23 Euro-

14 3167 84 27 peans?
125 3166 75 22 Who?
219 3165 63 23 who?
309 3167 102 26 Answer,
430 3167 50 22 who
498 3168 45 23 will
563 3176 41 20 say

16 3193 62 23 there
88 3193 18 22 is
117 3193 58 22 evil?
185 3192 63 23 who?
271 3193 96 22 Receive
376 3193 60 27 good
445 3193 89 24 advive.
559 3196 45 21 Re-

18 3224 53 28 peat
80 3221 37 21 the
131 3227 66 15 name
207 3219 26 22 of
244 3219 38 22 the
295 3226 53 16 man
359 3220 50 22 who
419 3221 45 21 will
480 3224 47 20 not.
557 3222 47 22 Na-

14 3247 58 22 tives
82 3254 37 15 are
128 3250 39 18 not
177 3246 103 27 disposed
294 3250 23 18 to
326 3247 88 25 receive
423 3247 68 28 good,
500 3249 54 27 only
564 3248 38 25 the

15 3273 130 28 Europeans
160 3280 46 24 are_
215 3272 100 27 disposed
331 3277 23 18 to
367 3273 59 28 good
435 3282 5 19 ;
456 3274 63 23 learn
535 3279 24 18 to
569 3282 34 15 re-

16 3301 62 22 ceive
89 3299 57 28 good
157 3299 85 22 advice.

42 3327 71 23 Rum.
115 3337 28 5 —
145 3326 120 27 Welcome,
285 3325 112 29 welcome,
418 3327 118 23 Governor
557 3329 45 22 and

16 3355 93 21 Parents
116 3354 6 21 !
150 3352 71 22 What
237 3359 36 15 are
289 3360 45 19 you
343 3360 63 15 come
421 3357 25 19 to
455 3354 51 22 look
515 3356 44 25 for,
569 3356 35 21 for

15 3381 63 22 Heki
92 3380 53 22 here
159 3386 37 15 am
207 3379 19 22 I.
256 3379 11 21 I
278 3379 56 22 have
351 3379 45 23 had
407 3388 62 15 some
487 3381 47 23 talk
548 3383 54 22 with

16 3407 69 28 Heki,
96 3407 28 22 he
134 3406 41 22 has
184 3405 96 28 nothing
289 3408 23 20 to
321 3413 39 20 say
369 3407 54 22 with
439 3415 45 20 you
495 3415 25 15 as
527 3412 25 19 to
562 3409 38 22 the

15 3434 107 28 thoughts
137 3433 93 22 relative
247 3435 23 19 to
285 3431 43 23 this
338 3432 62 23 affair
411 3434 26 21 of
447 3442 74 19 yours.
550 3435 52 24 You

14 3461 67 23 think
89 3468 38 20 my
138 3459 105 27 thoughts
258 3466 36 14 are
307 3458 47 22 like
369 3460 63 22 those
443 3462 24 20 of
480 3461 69 29 Heki,
565 3470 36 21 no,

16 3496 43 19 no;
77 3495 45 21 you
131 3487 45 21 will
190 3493 54 15 soon
258 3485 54 23 hear
321 3485 13 22 I
349 3485 46 23 had
410 3494 60 16 some
486 3489 46 22 talk
549 3490 53 22 with

15 3515 56 23 him.
101 3515 10 21 I
122 3513 91 29 pressed
223 3513 45 21 him
285 3517 22 17 to
317 3519 62 15 come
388 3513 45 22 and
449 3514 68 27 speak
531 3519 23 18 to
565 3516 37 23 the

17 3543 126 24 Governor;
159 3540 29 22 he
198 3539 47 23 told
255 3546 35 14 me
299 3541 41 20 not
352 3543 21 17 to
382 3539 28 22 be
426 3541 25 21 in
461 3548 14 14 a
484 3541 76 28 hurry.
590 3544 11 21 I

14 3568 47 22 will
69 3571 40 19 not
117 3567 53 23 hide
181 3574 44 20 any
231 3566 124 27 thingfrom
364 3573 54 20 you.
438 3567 61 23 Held
508 3568 94 27 thought

18 3596 11 22 I
45 3598 59 19 went
117 3598 23 18 to
149 3593 73 23 soften
239 3596 97 23 matters,
346 3592 42 22 but
402 3593 13 21 I
430 3593 38 22 did
482 3597 46 24 not,
539 3597 61 26 quite
607 3592 2 34 j

15 3622 38 22 the
64 3625 100 20 contrary
170 3628 8 19 ;
197 3619 61 23 Heki
266 3619 103 23 behaved
378 3619 50 22 well
446 3623 22 18 to
482 3627 44 20 me,
538 3630 24 14 as
573 3630 28 15 an

14 3649 108 22 evidence
131 3642 27 26 of
171 3646 73 23 which
252 3646 30 22 he
295 3645 45 23 had
351 3653 13 15 a
378 3647 39 27 pig
432 3646 70 23 killed
512 3648 34 22 for
555 3656 44 15 me.

13 3676 39 22 He
63 3673 141 27 understood,
214 3673 30 23 he
254 3673 54 27 said,
319 3673 38 23 the
367 3677 90 24 request
466 3673 35 23 for
509 3681 60 20 guns
578 3679 23 19 to

14 3709 66 15 mean
90 3700 61 27 land,
162 3700 38 22 the
211 3700 98 22 Ahuahu
324 3700 29 22 he
363 3699 95 27 thought
473 3707 46 15 was
534 3705 24 18 to
572 3701 28 23 be

12 3729 39 22 the
59 3726 105 25 butt-end
171 3727 25 22 of
205 3726 68 28 them,
284 3726 45 23 and
338 3726 38 22 the
386 3726 105 24 Kaikohe
502 3727 38 23 the
550 3728 52 22 bar-

11 3755 51 28 rels,
74 3754 37 23 the
122 3753 99 24 distance
232 3757 37 18 ten
279 3753 70 23 miles.
378 3753 49 22 Tell
440 3753 70 23 Waka
522 3754 10 22 I
543 3754 57 23 shall

12 3789 31 21 go
52 3782 46 23 and
111 3781 58 22 have
179 3788 13 14 a
202 3780 89 28 quarrel
300 3780 55 23 with
367 3779 49 23 him
424 3780 35 22 for
473 3780 39 23 the
527 3780 73 24 active

11 3812 52 25 part
71 3809 28 22 he
108 3808 42 23 has
158 3807 77 22 taken.

40 3835 113 23 Wapuku.
154 3845 29 5 —
183 3833 43 23 Let
233 3840 28 15 us
270 3833 87 28 quarrel
363 3833 20 22 if
388 3833 64 23 Heki
458 3833 20 23 is
484 3833 115 30 stubborn,

11 3863 34 22 let
52 3869 27 15 us
89 3861 87 28 quarrel
185 3860 21 22 if
213 3860 29 22 he
251 3859 19 23 is
279 3859 114 28 stubborn,
404 3860 116 29 (meaning
526 3861 74 23 there-

11 3890 32 27 by
61 3892 23 18 to
103 3887 87 28 quarrel
209 3886 54 24 with
281 3886 61 23 Heki
361 3887 44 23 and
425 3891 40 19 not
483 3888 55 24 -with
561 3888 39 24 the

12 3917 122 20 Governor.

672 105 130 22 Wakarua.
804 115 27 5 —
833 104 11 22 I
862 103 41 23 call
920 111 61 21 upon
1002 104 35 22 the
1054 105 63 26 tribe,
1135 104 45 23 and
1189 104 40 22 ask

644 131 59 24 what
712 131 41 21 has
762 131 61 21 Heki
832 134 23 18 to
865 131 109 26 complain
985 130 41 23 of?
1053 131 48 22 The
1113 131 122 24 Governor,

644 159 41 21 has
694 157 47 23 said
752 157 95 26 nothing
855 157 25 21 of
890 157 61 22 Heki
961 157 48 22 that
1019 157 18 22 is
1047 157 52 27 bad,
1116 157 45 22 and
1170 157 60 21 done

644 183 103 27 nothing.
776 183 24 23 If
811 183 29 22 he
849 183 18 21 is
877 183 111 27 stubborn,
997 183 34 22 let
1040 190 27 16 us
1076 183 90 29 quarrel
1178 183 52 23 with

643 210 55 22 him.

672 242 109 25 Karaka.
782 252 28 5 —
811 241 73 22 Listen
893 242 88 21 natives
991 242 45 22 and
1046 242 137 27 Europeans,
1199 242 32 22 let

644 269 38 22 the
700 269 117 22 Governor
832 269 28 21 be
877 269 129 26 Governor;
1025 276 62 14 some
1107 269 54 22 time
1179 276 49 19 ago,

643 295 66 22 when
719 302 34 14 we
762 295 59 21 lived
837 302 56 20 upon
908 295 75 26 turnip
998 298 55 25 tops,
1070 302 32 15 we
1119 302 57 15 were
1192 295 38 21 the

644 321 136 27 Governors,
796 321 41 21 hut
853 328 45 15 now
915 328 33 15 we
964 328 57 15 nave
1037 322 73 21 better
1124 321 50 22 food
1185 321 45 22 and

644 348 73 21 better
733 347 74 27 things
823 347 90 27 through
933 347 38 22 the
990 347 129 28 Europeans
1138 348 45 21 and
1194 347 36 22 the

644 375 127 26 Governor,
783 374 10 22 I
804 380 40 21 say
853 373 27 22 he
889 373 55 22 shall
954 374 32 27 by
997 374 124 22 Governor.
1134 394 4 7 v

672 404 110 23 Hakera.
784 415 27 5 —
812 404 98 27 Napuhi!
935 404 51 22 who
1004 404 19 22 is
1043 404 48 22 that
1110 412 52 15 man
1181 406 49 21 who

643 431 69 27 spoke
720 432 53 26 last,
783 431 28 22 he
821 431 19 21 is
850 438 13 14 a
872 430 58 22 child
940 431 46 22 and
995 430 41 23 has
1047 430 94 28 nothing
1152 434 22 19 to
1181 439 48 17 Bay.

644 458 118 22 Governor
773 458 11 21 I
795 458 57 21 have
861 456 92 28 nothing
961 464 62 15 more
1034 461 22 19 to
1067 464 46 21 say,
1133 458 12 21 I
1161 459 68 27 spoke

643 491 41 20 my
693 484 64 22 mind
766 488 22 17 at
800 483 141 26 Kororarika,
951 483 11 22 I
973 491 37 14 am
1016 484 26 21 of
1049 483 37 23 the
1093 491 62 16 same
1166 484 64 23 mind

644 517 50 16 now
703 517 25 15 as
738 510 61 26 then,
813 510 11 21 I
835 517 35 15 am
886 510 24 21 of
929 510 38 21 the
983 517 62 15 same
1061 510 64 22 mind
1141 518 25 15 as
1181 512 49 21 An-

643 536 70 28 drew,
724 536 51 23 who
784 543 49 21 says
842 543 71 21 peace,
924 543 78 21 peace.

670 590 47 22 The
729 590 91 27 Bishop,
831 589 145 22 Archdeacon
987 589 117 28 Williams,
1122 590 39 23 the
1171 591 57 22 Rev.

634 612 2 28 !
643 617 44 21 Mr.
700 618 71 21 Maun
774 617 46 26 sell,
831 617 44 21 and
885 617 35 21 the
930 616 57 23 Rev.
999 617 44 22 Mr.
1065 617 94 22 Hamlin
1174 618 54 22 then

642 643 120 22 addressed
778 643 36 22 the
829 643 83 22 natives
927 647 23 18 at
969 644 153 21 considerable
1141 644 86 27 length,

642 670 45 21 and
708 670 43 21 His
769 669 132 28 Excellency
921 670 119 27 appointed
1063 677 29 14 an
1112 670 58 23 hour
1188 671 40 21 the

642 696 114 27 following
766 696 45 27 day
820 698 22 19 to
852 699 57 18 meet
917 703 61 14 some
994 697 24 21 of
1030 697 38 21 the
1086 697 78 27 chiefs,
1179 697 50 22 who

642 730 58 14 were
710 723 93 21 anxious
814 726 22 18 to
847 723 72 21 obtain
932 723 145 21 information
1089 730 28 15 on
1128 724 38 21 the
1176 724 52 21 sub-

639 749 48 26 ject
696 749 25 21 of
734 749 58 21 their
800 748 72 27 lands,
882 749 52 22 such
945 756 24 15 as
980 749 38 22 the
1034 749 61 27 right
1110 750 26 21 of
1148 749 82 29 selling

642 779 23 17 to
685 775 136 27 Europeans,
842 775 42 22 and
900 775 37 22 the
957 775 99 22 decision
1077 783 23 14 as
1127 780 23 17 to
1176 777 50 22 who

642 802 81 22 should
733 799 76 25 obtain
819 801 37 22 the
864 802 83 27 surplus
954 802 66 22 lands
1026 803 26 21 of
1059 802 37 22 the
1103 802 124 23 claimants.

644 829 20 21 A
674 829 100 26 meeting
790 828 139 27 accordingly
946 829 54 22 took
1014 829 63 27 place
1094 829 63 27 early
1171 833 56 18 next

642 855 51 28 day,
712 855 65 22 when
793 855 32 21 all
840 855 59 22 these
916 858 93 19 matters
1024 862 57 15 were
1097 856 71 27 freely
1183 856 47 22 and

642 882 111 27 amicably
772 881 117 27 discussed,
907 882 45 22 and
971 882 81 22 settled
1072 885 22 19 to
1110 882 38 22 the
1160 884 68 21 entire

641 909 138 21 satisfaction
789 908 24 22 of
825 908 38 22 the
873 909 91 21 natives.

669 940 81 21 Before
775 939 90 27 leaving
887 939 117 27 Waimate,
1031 940 36 21 his
1092 940 136 28 Excellency

641 966 104 21 received
760 966 37 21 the
816 965 111 27 following
941 966 68 22 letter
1025 966 59 22 from
1102 966 69 28 Heki,
1190 968 38 21 the

642 992 129 22 disaffected
781 992 72 21 chief:
854 1003 28 4 —

669 1024 92 22 Friend
776 1024 132 26 Governor,
910 1036 26 3 —
938 1024 55 22 This
1012 1024 18 22 is
1049 1031 38 20 my
1105 1025 81 26 speech
1205 1029 23 19 to

640 1058 54 20 you.
722 1051 44 27 My
775 1051 152 22 disobedience
938 1051 46 21 and
994 1051 106 22 rudeness
1110 1051 19 21 is
1138 1058 29 16 no
1177 1060 50 14 new

642 1077 68 27 thing,
722 1078 12 21 I
745 1077 83 22 inherit
845 1078 18 21 it
877 1078 54 21 from
948 1085 40 19 my
1002 1081 96 24 parents,
1115 1078 58 22 from
1190 1086 39 20 my

641 1107 120 23 ancestors,
782 1104 27 22 do
826 1107 39 19 not
882 1105 94 26 imagine
997 1106 49 20 that
1064 1105 18 21 it
1100 1105 19 21 is
1139 1112 14 14 a
1176 1112 49 16 new

642 1131 85 21 feature
738 1131 24 21 in
771 1138 38 20 my
820 1131 118 26 character,
956 1131 41 21 but
1015 1131 10 21 I
1040 1138 36 14 am
1093 1131 103 28 thinking
1206 1133 26 21 of

641 1156 88 28 leaving
755 1158 35 21 off
813 1165 38 19 my
873 1157 53 22 rude
950 1157 98 22 conduct
1071 1159 96 21 towards
1190 1159 37 22 the

641 1184 140 27 Europeans.
818 1185 57 21 Now
892 1185 9 21 I
922 1191 38 21 say
981 1184 47 22 that
1048 1184 12 22 I
1076 1184 44 22 will
1135 1192 92 20 prepare

640 1210 92 22 another
743 1211 56 27 pole,
815 1211 77 21 inland
906 1214 23 18 at
952 1210 118 26 Waimate,
1087 1211 46 21 and
1153 1212 11 21 I
1183 1212 44 22 will

640 1240 61 18 erect
717 1238 17 20 it
753 1241 23 17 at
795 1238 28 21 its
837 1244 77 21 proper
927 1238 65 27 place
1010 1241 23 17 at
1049 1238 145 27 Kororarika,
1205 1239 22 21 in

640 1264 65 21 order
715 1267 21 18 to
747 1267 40 23 put
796 1271 27 14 an
834 1264 44 21 end
887 1267 20 18 to
919 1271 40 15 our
969 1268 91 23 present
1070 1265 96 27 quarrel.
1182 1266 43 21 Let

640 1297 68 20 yeour
727 1290 92 22 soldiers
838 1290 82 22 remain
937 1290 90 27 beyond
1047 1291 37 21 the
1094 1298 46 19 sea,
1151 1293 44 20 and
1206 1295 22 19 at

640 1317 129 27 Auckland,
780 1318 27 21 do
818 1321 41 18 not
868 1317 54 22 send
932 1318 62 21 them
1013 1318 62 21 here.
1109 1318 52 22 The
1177 1319 50 26 pole

640 1343 47 22 that
697 1351 45 14 was
752 1347 38 18 cut
799 1344 63 21 down
873 1344 108 27 belonged
999 1348 22 18 to
1037 1352 43 18 me,
1103 1345 12 21 I
1133 1345 64 21 made
1209 1346 17 21 it

640 1370 33 21 for
684 1370 37 22 the
733 1372 76 20 native
826 1370 51 27 flag,
894 1371 42 21 and
951 1371 18 21 it
985 1378 45 14 was
1039 1379 67 13 never
1121 1372 53 27 paid
1192 1373 35 21 for

641 1397 28 27 by
680 1398 36 21 the
728 1398 136 27 Europeans.
867 1409 26 4 —
894 1398 63 21 From
970 1405 55 19 your
1035 1398 80 27 friend,

750 1424 103 27 (Signed.)
950 1424 72 22 Hone
1037 1424 64 22 Heki
1117 1425 81 22 Pokai.

641 1455 121 22 Witnesses
773 1464 5 13 :

666 1482 89 27 Rainga
764 1483 100 26 Taunga,
875 1482 97 22 'William
983 1483 105 26 Haw.Te
1100 1483 125 28 Hinapure.

640 1507 115 28 Waimate,
769 1509 54 27 July
833 1511 34 24 19,
879 1511 58 21 1844.
1234 1514 2 28 j

717 1540 57 21 True
786 1541 133 26 translation,
930 1541 218 24 Thomas'Forsaith.

666 1572 44 22 His
721 1572 135 27 Excellency
867 1572 82 22 arrived
959 1572 54 22 here
1023 1574 118 27 yesterday
1152 1582 74 16 morn-

639 1598 39 28 ing
687 1599 23 21 in
722 1599 37 21 the
771 1599 149 22 Government
930 1599 57 27 brig.
1022 1600 50 22 The
1089 1602 88 26 Sydney
1187 1602 39 22 has

639 1626 56 21 been
717 1626 129 27 dispatched
866 1629 21 18 to
905 1626 55 22 New
981 1627 70 21 South
1077 1627 73 23 Wales
1174 1629 52 22 with

639 1652 37 21 the
687 1655 75 24 troops
773 1653 71 21 which
860 1652 37 22 she
913 1652 108 28 formerly
1036 1655 117 27 conveyed
1169 1655 56 23 from

639 1678 47 22 that
696 1678 90 28 colony.
823 1679 47 21 The
884 1683 42 17 rest
943 1680 26 21 of
980 1679 38 21 the
1034 1683 74 25 troops
1124 1681 57 23 have
1190 1690 35 14 re-

639 1706 81 21 turned
731 1709 21 18 to
763 1706 44 21 this
818 1706 61 27 place
889 1706 19 21 in
919 1706 37 22 the

665 1759 28 21 In
705 1759 128 27 publishing
842 1759 36 22 the
889 1760 66 22 above
971 1764 75 24 report
1057 1762 26 21 of
1096 1762 38 22 the
1150 1764 74 22 settle-

638 1789 63 19 ment
712 1787 25 20 of
750 1786 36 22 the
799 1787 134 21 disturbance
945 1791 23 17 at
985 1788 96 27 Russell,
1092 1796 32 15 we
1143 1794 81 18 cannot

639 1813 109 21 conclude
759 1813 93 21 without
868 1814 127 27 expressing
1006 1822 40 14 oitr
1061 1816 87 22 sincere
1163 1818 61 21 satis-

637 1839 86 22 faction
738 1841 24 19 at
777 1840 37 21 the
831 1840 71 27 happy
917 1841 143 22 termination
1072 1843 25 21 of
1111 1850 13 14 a
1139 1844 85 27 quarrel

637 1866 73 22 which
721 1866 133 22 threatened
870 1871 20 17 to
901 1874 87 15 assume
999 1869 54 21 such
1070 1876 12 14 a
1093 1869 84 23 serious
1191 1878 33 14 as-

637 1897 59 23 pect,
713 1892 45 22 and
776 1896 23 18 at
814 1893 38 22 the
867 1900 58 15 same
940 1894 55 22 time
1011 1897 127 26 conveying
1152 1901 23 17 to
1190 1897 34 23 his

638 1919 138 27 Excellency
786 1919 60 22 what
856 1927 31 14 we
897 1927 35 15 are
941 1928 52 15 sure
1000 1921 44 22 will
1054 1923 28 21 be
1094 1923 37 21 the
1140 1923 84 29 feeling

637 1946 25 21 of
670 1953 66 20 every
748 1946 160 27 right-minded
925 1955 51 14 man
995 1948 23 21 in
1035 1948 38 22 the
1080 1949 93 28 -colony,
1185 1958 39 15 our

637 1972 80 22 thanks
734 1974 46 20 and
795 1974 108 24 gratitude
917 1974 35 21 for
969 1974 38 22 the
1023 1975 53 21 bold
1091 1977 46 19 and
1152 1977 72 21 deter-

637 1998 83 26 mined,
738 1998 46 21 and
800 1998 134 22 considerate
955 2007 96 15 manner
1067 2001 22 20 in
1107 2001 74 23 which
1195 2003 28 21 he

637 2025 65 21 acted
717 2025 23 21 in
759 2025 45 21 this
820 2032 136 21 emergency.
987 2027 22 21 A
1030 2034 52 14 man
1100 2028 26 21 of
1138 2029 85 22 weaker

636 2058 69 15 nerve
722 2052 73 26 might
809 2051 58 22 have
882 2052 82 22 shrunk
979 2053 58 22 from
1052 2054 117 29 incurring
1187 2056 36 22 the

635 2081 63 23 great
708 2078 163 32 responsibilily
879 2079 69 21 wliich
960 2083 60 18 must
1029 2081 111 27 naturally
1148 2083 73 21 attach

637 2109 22 17 to
670 2106 40 20 the
722 2106 103 26 adoption
838 2106 24 21 of
870 2112 12 14 a
891 2112 74 15 course
971 2106 73 21 which
1055 2107 86 27 maybe
1153 2108 70 22 called

637 2135 106 23 extreme,
748 2131 106 28 -perhaps
870 2139 12 14 a
896 2132 80 22 stretch
994 2133 26 21 of
1032 2141 74 19 power
1108 2145 25 4 —
1135 2134 41 22 but
1191 2135 31 22 let

636 2165 45 20 any
688 2158 168 22 sober-minded
866 2165 48 15 man
926 2159 102 22 consider
1035 2160 34 21 for
1075 2168 42 14 one
1125 2165 98 19 moment

637 2184 59 22 what
707 2184 37 23 the
755 2185 63 22 effect
830 2185 26 22 of
861 2192 14 14 a
885 2185 100 22 different
995 2193 77 15 course
1081 2187 73 22 would
1166 2188 56 23 have

635 2211 65 22 been.
701 2222 29 4 —
731 2212 104 26 Viewing
854 2212 36 21 the
913 2216 82 18 matter
1018 2213 123 27 altogether
1161 2221 62 21 apart

636 2238 57 21 from
711 2238 124 27 humanity,
847 2238 31 21 let
892 2245 23 15 us
929 2239 35 21 for
980 2247 14 14 a
1010 2244 101 18 moment
1125 2246 94 18 contem-

634 2264 61 28 plnte
705 2265 38 22 the
755 2265 75 22 effects
841 2265 24 22 of
878 2273 12 14 a
900 2272 42 15 war
952 2266 52 21 with
1020 2266 38 22 the
1068 2268 87 22 natives
1164 2276 58 19 upon

636 2290 37 23 the
685 2292 122 27 prosperity
818 2288 26 25 of
851 2291 36 22 the
895 2292 84 27 colony.
1011 2292 22 22 It
1041 2294 20 21 is
1072 2297 48 19 true
1130 2295 55 26 that,
1198 2297 22 21 in

637 2318 37 21 the
693 2319 51 27 end,
804 2318 71 28 might
889 2319 129 28 reasonably
1030 2325 78 23 expect
1122 2321 49 23 that
1186 2322 36 23 the

635 2346 87 21 natives
729 2345 73 22 would
809 2345 26 22 be
844 2345 97 22 subdued
952 2347 28 26 by
988 2353 41 15 our
1035 2348 100 26 superior
1141 2350 79 25 forces,

635 2372 40 21 but
689 2372 24 22 in
732 2372 37 22 the
785 2372 126 28 meantime,
922 2372 45 22 and
983 2374 119 27 especially
1112 2375 57 22 from
1186 2376 37 22 the

635 2399 98 27 peculiar
742 2398 116 23 character
870 2399 24 21 of
908 2399 35 22 the
959 2403 102 25 country,
1072 2402 43 21 and
1132 2401 38 23 the
1187 2403 36 21 in-

635 2426 169 21 surmountable
813 2426 105 22 obstacles
927 2426 73 22 which
1016 2427 18 21 it
1044 2435 92 20 opposes
1152 2433 21 17 to
1184 2429 38 23 the

636 2459 101 21 progress
753 2452 26 22 of
792 2456 73 24 troops
880 2452 40 22 and
938 2457 22 18 to
976 2453 31 22 all
1021 2455 90 26 regular
1124 2456 98 27 military

636 2480 133 26 operations,
783 2479 61 22 there
860 2479 68 23 would
943 2480 29 22 be
983 2487 53 21 very
1050 2482 58 21 little
1121 2487 102 23 prospect

635 2506 26 21 of
676 2506 76 27 acting
767 2506 86 27 against
869 2506 57 22 Heki
942 2514 25 14 or
982 2507 35 21 his
1034 2511 64 24 party
1114 2509 52 22 with
1178 2517 44 20 any

635 2539 96 16 success.
760 2533 49 22 Our
814 2536 73 29 troops
896 2534 70 26 might
972 2534 48 22 find
1032 2535 58 21 their
1097 2542 49 20 way
1155 2540 23 18 to
1188 2536 34 23 his

634 2559 45 28 pah
689 2560 44 21 and
745 2559 88 28 destroy
844 2560 33 22 his
886 2560 55 27 huts,
954 2561 41 21 but
1011 2561 53 27 they
1074 2562 66 22 could
1154 2570 68 15 never

637 2586 50 22 take
698 2586 34 23 his
741 2593 87 21 person,
839 2587 83 22 neither
931 2587 68 22 could
1014 2588 53 27 they
1075 2592 89 24 protect
1179 2597 44 21 any

635 2613 26 22 of
674 2614 40 21 the
724 2614 137 22 out-settlers
871 2614 53 21 from
936 2614 37 21 the
990 2615 140 27 aggressions
1142 2617 26 21 of
1183 2617 37 22 the

635 2640 94 22 natives.
759 2642 22 20 A
791 2648 45 14 war
853 2640 52 22 with
918 2641 37 21 the
971 2642 88 22 natives
1074 2643 73 22 would
1164 2643 57 23 have

635 2666 36 22 the
683 2667 65 22 effect
758 2668 26 21 of
790 2668 151 27 endangering
952 2668 38 21 the
999 2669 56 21 lives
1065 2669 25 21 of
1098 2677 66 20 every
1176 2671 46 21 Eu-

635 2700 83 21 ropean
728 2694 24 22 in
769 2694 38 22 the
823 2697 96 25 country,
931 2694 45 22 and
994 2695 128 28 destroying
1138 2697 37 21 the
1187 2705 35 15 co-

634 2720 54 28 lony
694 2721 63 21 itself
764 2722 33 21 for
803 2728 67 21 many
877 2728 61 20 years
947 2724 23 18 to
977 2729 71 20 come,
1050 2734 28 4 —
1079 2723 41 23 but
1124 2723 19 22 it
1148 2727 72 21 would

635 2746 47 23 also
692 2748 58 21 have
761 2748 38 22 the
811 2748 64 22 effect
884 2748 24 22 of
919 2748 108 28 entailing
1037 2757 27 15 on
1076 2758 42 14 our
1127 2754 95 27 country

635 2774 37 21 the
689 2774 85 28 shame,
786 2776 37 21 the
838 2776 105 27 disgrace,
959 2776 46 21 and
1020 2776 38 22 the
1075 2781 63 22 great
1155 2781 33 21 sin
1199 2781 25 21 of

636 2800 128 28 destroying
779 2802 93 23 another
886 2809 48 15 race
945 2802 26 22 of
984 2803 142 28 Aborigines.
1163 2807 58 22 Who

636 2834 40 15 can
687 2831 23 19 at
719 2829 38 21 the
767 2833 90 24 present
866 2833 98 19 moment
971 2830 55 22 read
1034 2831 25 21 of
1066 2831 37 22 the
1112 2834 108 28 cruelties,

637 2854 36 21 the
684 2859 103 25 outrages
793 2856 46 22 and
846 2856 38 22 the
891 2856 99 23 murders
997 2861 141 25 perpetrated
1149 2861 30 28 by
1185 2861 36 22 the

636 2880 89 26 French
743 2888 24 18 at
780 2883 82 27 Tahiti,
873 2883 89 23 -without
972 2885 84 28 feeling
1072 2887 23 21 in
1108 2888 37 21 his
1157 2889 65 21 heart

636 2908 48 24 that
694 2911 28 22 he
734 2910 74 23 would
816 2907 75 25 rather
899 2910 103 23 abandon
1012 2913 56 23 New
1079 2914 99 23 Zealand
1188 2915 34 22 for

635 2942 53 18 ever
698 2937 43 22 and
752 2944 54 16 ever
815 2937 54 21 than
884 2937 27 22 be
920 2937 37 22 the
966 2946 81 16 means
1056 2941 26 21 of
1094 2941 127 28 subjecting

635 2964 28 21 its
671 2964 137 22 inhabitants
823 2967 23 18 to
857 2970 13 15 a
880 2963 89 23 similiar
978 2965 54 23 fate.
1061 2967 106 28 England
1182 2969 39 22 has

635 2998 65 16 come
708 2995 24 18 to
742 2991 38 22 the
790 2991 56 21 New
856 2990 133 24 Zealanders
999 2995 116 27 avowedly
1125 2999 23 18 to
1161 2995 60 23 bless

634 3018 62 22 them
706 3017 53 23 with
774 3017 39 23 the
828 3017 57 28 light
898 3017 24 21 of
932 3018 136 25 civilization
1082 3021 45 22 and
1147 3022 75 23 know-

634 3044 73 27 ledge,
737 3048 23 18 to
788 3045 82 26 impart
898 3047 21 19 to
945 3045 63 23 them
1037 3047 38 23 the
1103 3049 118 27 happiness

634 3068 73 26 which
717 3070 80 24 results
807 3071 57 22 from
875 3071 36 21 the
920 3073 97 26 practict
1027 3074 24 22 of
1063 3075 102 28 religion,
1178 3077 43 21 and

634 3105 33 15 we
681 3101 59 19 trust
755 3097 38 23 the
803 3097 44 28 day
857 3098 43 22 will
913 3105 71 16 never
999 3101 73 22 arrive
1088 3103 66 20 when
1168 3099 54 31 ihey

633 3124 57 23 shall
698 3125 46 22 feel
754 3124 38 22 the
810 3125 55 28 edge
876 3124 25 22 of
912 3125 35 23 the
962 3127 73 22 sword
1049 3128 86 23 instead
1146 3129 25 22 of
1184 3129 37 23 the

632 3151 113 23 influence
755 3151 26 22 of
788 3151 37 23 the
837 3151 62 28 spirit
908 3153 24 21 of
938 3160 42 15 our
989 3153 103 28 religion.
1122 3157 101 21 Civilized

633 3178 87 23 France
734 3185 54 21 may
796 3179 44 22 riot
856 3178 45 22 and
914 3180 96 22 madden
1025 3188 27 16 on
1071 3182 37 22 the
1124 3183 68 22 blood
1199 3184 25 22 of

628 3205 42 23 ,the
679 3206 108 22 innocent
800 3205 120 28 Tahitians,
929 3207 42 22 but
986 3215 34 15 we
1035 3211 57 20 trust
1105 3210 39 21 the
1154 3217 67 16 name

632 3231 27 24 of
672 3240 41 14 our
723 3235 96 25 country
828 3240 52 19 may
891 3233 70 27 perish
971 3233 60 23 from
1042 3235 37 22 the
1095 3237 92 22 records
1197 3238 25 21 of

632 3259 87 23 nations
727 3259 66 22 when
804 3259 109 22 Christian
923 3259 103 28 Edgland
1034 3262 59 23 shall
1101 3264 66 26 again
1178 3264 42 21 im-

632 3287 54 21 brue
697 3286 41 21 her
746 3285 72 23 hands
827 3286 24 22 in
861 3285 37 23 the
913 3286 67 23 blood
996 3289 27 21 of
1036 3290 94 22 another
1145 3290 75 23 abori-

631 3312 63 28 ginal
703 3312 88 28 people.

659 3348 96 28 Captain
770 3348 97 27 Fitzroy,
884 3349 85 23 instead
981 3350 28 22 of
1021 3350 146 27 conciliating
1181 3351 39 23 the

630 3374 87 23 natives
726 3375 30 27 by
764 3374 38 22 the
812 3376 150 26 performance
973 3377 27 21 of
1013 3383 30 15 an
1058 3381 36 18 act
1103 3378 27 22 of
1140 3379 79 27 simple

628 3401 89 27 justice,
737 3402 39 21 the
793 3403 100 21 removal
904 3402 24 22 of
940 3404 121 27 complant,
1077 3402 143 31 mightTvery

632 3428 67 28 likely
706 3425 60 25 have
782 3428 75 23 raised
865 3428 92 24 himself
965 3437 63 15 more
1038 3431 24 21 in
1077 3431 37 22 the
1129 3432 91 22 estima-

630 3455 47 22 tion
686 3454 26 23 of
720 3455 85 22 certain
814 3462 91 20 persons
913 3456 44 23 had
964 3456 31 22 he
1010 3457 98 28 adopted
1122 3465 12 15 a
1144 3458 75 22 differ-

631 3484 40 20 ent
679 3489 87 14 course.
795 3482 37 22 He
847 3482 71 28 might
931 3483 57 23 have
1004 3484 70 22 saved
1083 3492 15 14 a
1112 3485 57 23 little
1185 3492 35 15 re-

630 3515 74 16 venue
713 3508 30 28 by
752 3508 96 28 keeping
857 3516 30 21 up
896 3510 35 22 the
941 3511 105 21 Cußtoms
1054 3514 24 19 at
1087 3511 39 22 the
1134 3512 51 28 Bay
1195 3513 25 21 of

630 3534 94 28 Islands,
741 3536 41 21 but
797 3535 37 23 the
851 3539 92 25 attempt
959 3540 22 18 to
997 3538 30 21 do
1043 3544 25 16 so
1083 3538 74 22 would
1171 3542 49 19 cost

630 3561 106 28 England
746 3569 14 14 a
774 3562 112 23 thousand
900 3564 62 22 times
976 3564 40 22 the
1033 3568 94 19 amount
1140 3565 80 23 before,

630 3588 38 22 the
682 3588 89 22 natives
785 3595 56 16 were
856 3590 105 27 subdued,
972 3590 47 22 and
1034 3591 35 22 his
1084 3598 55 16 owni
1150 3598 66 16 name

630 3614 45 23 and
683 3615 55 22 that
743 3615 26 22 of
780 3616 37 22 his
830 3619 93 26 country
932 3617 74 22 would
1019 3617 30 23 be
1063 3618 111 28 hatefully
1183 3626 35 15 re-

628 3642 130 22 membered
768 3649 25 15 aa
806 3642 38 23 the
854 3642 122 29 destroyers
986 3644 28 22 of
1028 3644 37 22 the
1081 3645 136 28 Aborigines

630 3668 25 21 of
662 3668 57 23 New
729 3668 108 23 Zealand.
863 3670 37 22 He
908 3670 40 22 has
959 3671 66 22 acted
1031 3671 133 28 differently,
1171 3673 45 22 and

628 3701 33 15 we
671 3695 112 27 earnestly
792 3699 55 19 trust
861 3696 38 22 the
916 3698 74 22 Home
1001 3698 157 22 Government
1171 3699 45 23 will

628 3727 98 22 approve
735 3722 25 21 of
773 3722 33 22 his
816 3722 103 29 conduct,
927 3724 40 22 but
980 3724 22 21 if
1014 3724 54 28 they
1077 3724 82 24 should
1167 3729 53 23 not,-

627 3746 29 23 he
668 3747 41 23 has
718 3752 23 18 at
756 3748 57 22 least
822 3749 38 22 the
870 3750 134 22 satisfaction
1016 3752 26 20 of
1054 3752 107 27 knowing
1170 3752 46 23 and
1218 3760 2 5 1

626 3774 175 27 believing'that
811 3774 37 23 the
859 3776 106 22 Christain
978 3778 82 27 people
1069 3778 27 22 of
1108 3778 106 28 England

627 3800 53 22 will.

646 3832 42 22 We
694 3832 100 27 imagine
800 3832 157 24 tEeVGovernor
964 3835 45 23 will
1014 3835 43 23 call
1061 3835 153 29 immediately

626 3866 15 15 a
650 3858 100 28 meeting
758 3859 27 21 of
791 3860 37 22 the
847 3860 130 27 Legislative
988 3863 103 27 Council^
1105 3863 28 23 in
1148 3863 65 23 order

626 3889 23 19 to
659 3885 82 23 amend
751 3885 38 23 the
806 3886 102 22 Customs
917 3887 130 24 Ordinance
1060 3896 26 16 so
1098 3896 24 17 as
1137 3892 23 20 to
1168 3890 46 23 suit

627 3913 38 23 the
677 3912 129 27 exemption
817 3912 22 22 in
849 3913 78 23 favour
934 3915 29 21 of
967 3915 98 23 RusselL
1085 3921 3 4 '
1161 3910 2 5 '
1171 3921 2 8 *
1197 3919 4 5 '
1213 3920 4 5 '

530 18 98 46 Z\*t
658 19 115 41 jtfeto
799 18 207 42 Zealand
1030 18 190 46 i&wttttt
1244 18 92 40 auto
1362 18 301 46 tßSSeUittgtott
1690 15 258 48 £jp*ctatot\

1455 107 194 23 NELSON.

1278 159 70 31 JFiAX
1372 166 46 15 and
1443 159 50 22 Oil.
1495 170 29 5 —
1524 159 42 23 We
1585 160 56 21 have
1661 160 56 21 been
1737 159 106 23 favoured

1258 185 51 22 with
1319 185 39 22 the
1368 185 113 27 following
1489 189 85 19 extract
1580 187 57 21 from
1645 193 13 15 a
1667 186 66 22 letter
1742 187 102 21 received

1256 211 31 27 by
1297 218 42 15 one
1348 211 27 22 of
1382 212 36 21 the
1428 213 129 21 merchants
1571 213 26 21 of
1611 212 43 22 this
1668 212 63 32 place
1742 213 57 21 from
1811 214 33 21 his

1257 237 173 28 correspondent
1438 239 24 21 in
1470 239 110 26 England,
1590 239 72 23 which
1671 239 19 21 it
1698 238 45 22 will
1754 239 28 21 be
1791 247 53 15 seen

1256 263 61 28 gives
1328 271 13 15 a
1357 264 131 22 favourable
1503 269 96 18 account
1612 265 26 22 of
1649 265 37 21 the
1696 265 46 22 flax
1757 266 44 22 and
1815 267 29 21 oil

1256 290 94 28 shipped
1359 291 58 21 from
1427 291 138 28 Wellington
1573 292 45 22 last
1626 298 55 21 year
1688 299 5 14 :
1695 303 28 4 —

1637 318 63 27 April
1710 319 34 26 20,
1757 319 59 22 1844.

1369 343 27 22 of
1401 343 38 22 the
1449 343 46 23 flax
1504 345 93 28 shipped
1607 352 39 20 per
1655 346 78 20 Nelson
1744 352 44 15 was
1796 345 47 22 sold

1256 369 32 28 by
1296 370 89 22 auction
1396 371 23 21 in
1430 371 122 27 February.
1582 372 21 21 A
1614 371 63 22 small
1691 371 95 28 portion,
1797 372 47 22 said

1257 399 24 19 to
1289 396 28 22 he
1328 403 22 15 or
1366 396 94 23 inferior
1474 397 91 27 quality,
1584 397 97 27 brought
1695 398 48 22 £20
1757 399 32 21 ss.
1804 405 40 20 per

1257 425 39 19 ton
1303 430 6 20 ;
1324 422 38 23 the
1371 423 127 22 remainder
1507 423 25 22 of
1545 424 49 22 that
1608 424 90 27 offered,
1715 424 48 22 said
1780 427 22 19 to
1817 425 27 21 be

1256 450 65 26 good,
1340 450 97 27 brought
1453 450 46 22 £25
1515 451 44 21 10s.
1589 451 46 21 The
1646 454 45 19 rest
1700 452 27 20 of
1738 451 38 21 the
1786 451 59 28 ship-

1256 479 64 18 ment
1336 476 31 27 by
1378 476 37 22 the
1432 477 78 20 Nelson
1521 477 18 21 is
1554 477 54 21 held
1623 477 29 27 by
1662 484 12 14 a
1690 477 116 23 merchant
1823 477 24 23 of

1258 502 124 28 Liverpool,
1391 502 49 22 who
1451 503 17 22 is
1479 503 139 22 determined
1628 507 22 17 to
1660 503 50 25 give
1721 503 38 22 the
1769 505 76 21 article

1256 535 14 14 a
1279 529 42 21 fair
1329 529 59 27 trial,
1400 530 29 26 by
1445 530 100 27 dividing
1563 530 18 21 it
1595 530 46 21 into
1658 529 61 23 three
1738 531 44 21 lots
1800 531 46 21 and

1255 554 76 28 giving
1345 555 19 22 it
1381 559 21 18 to
1418 556 63 22 three
1498 556 104 22 different
1621 557 177 22 manufacturers
1817 564 28 16 on

1255 581 73 22 whom
1338 581 28 22 he
1377 589 41 14 can
1429 582 95 28 depend,
1535 586 22 18 to
1568 583 27 21 be
1606 583 89 22 worked
1703 591 30 20 up
1744 584 29 27 by
1783 583 62 23 them

1256 608 23 21 in
1290 615 14 14 a
1312 608 85 27 variety
1406 608 26 22 of
1439 616 66 20 ways.
1534 609 55 22 This
1595 610 42 21 will
1648 617 67 20 prove
1726 610 59 22 what
1790 618 56 19 your

1254 634 47 22 flax
1309 634 19 22 is
1338 635 71 27 really
1418 635 25 22 fit
1453 636 46 27 for;
1511 636 52 26 and,
1572 636 22 21 if
1600 636 26 21 he
1636 637 19 21 is
1665 637 129 26 successful,
1801 637 45 22 will

1256 660 28 21 do
1294 660 67 23 much
1372 664 23 19 to
1404 661 85 23 silence
1500 662 36 21 the
1550 662 96 22 Russian
1663 663 128 22 merchants
1801 663 43 22 and

1255 687 98 26 brokers,
1364 688 49 21 who
1428 688 29 22 do
1473 689 30 21 all
1519 688 54 28 they
1583 696 41 14 can
1639 692 22 18 to
1675 697 42 14 run
1735 690 64 22 down
1808 691 38 21 the

1256 713 75 22 article
1348 714 23 21 in
1383 721 66 20 every
1458 715 95 27 possible
1571 722 55 20 way.
1655 716 24 21 It
1688 717 44 21 will
1747 717 27 21 be
1785 724 60 15 some

1256 740 53 22 time
1318 740 76 22 before
1405 740 37 22 the
1453 742 68 21 result
1529 742 25 21 of
1561 741 44 22 this
1614 742 142 27 experiment
1766 750 41 15 can
1817 744 28 21 be

1255 767 139 22 ascertained
1400 775 5 19 ;
1421 767 41 22 but
1472 768 12 21 I
1500 775 38 14 am
1547 768 24 22 in
1587 768 69 27 hopes
1665 768 50 22 that
1724 770 58 27 good
1791 770 53 27 flax,

1254 793 56 21 such
1319 800 24 15 as
1353 794 38 21 the
1401 794 71 21 better
1481 794 88 27 portion
1580 795 26 22 of
1613 795 48 22 that
1668 795 93 29 shipped
1770 797 30 27 by
1808 797 38 21 the

1254 820 87 27 Nelson,
1350 820 45 22 will
1406 820 45 23 still
1462 821 106 22 continue
1577 825 24 18 to
1613 822 28 22 be
1651 824 70 20 worth
1731 823 56 22 from
1797 824 49 23 £22

1255 850 23 18 to
1288 847 53 21 £25.

1305 874 47 21 The
1362 874 30 21 oil
1401 881 40 20 per
1450 875 79 20 Nelson
1539 875 82 22 turned
1630 878 39 20 out
1679 881 22 17 to
1711 876 28 22 be
1750 877 95 21 exceed-

1254 899 62 27 ingly
1326 900 59 26 good
1395 901 26 21 of
1427 901 29 22 its
1465 902 64 26 kind,
1540 902 68 21 fairer
1627 902 45 22 and
1689 903 85 22 clearer
1790 903 54 21 than

1255 933 44 20 any
1309 926 69 22 South
1397 928 42 21 Sea
1455 928 29 21 oil
1500 927 97 22 hitherto
1611 935 52 14 seen
1679 928 59 23 here.
1769 930 22 21 It
1801 937 44 14 was

1254 953 49 22 sold
1314 952 28 28 by
1352 953 75 27 public
1437 954 47 21 3ale
1493 954 35 21 for
1538 954 47 23 £35
1602 961 38 21 per
1651 958 47 19 tun.
1726 956 49 22 The
1785 963 60 14 mer-

1255 978 68 23 chant
1342 979 51 22 who
1413 980 125 26 purchased
1555 980 20 22 it
1592 980 47 22 told
1654 989 35 14 me
1704 982 49 21 that
1768 983 17 21 it
1801 989 43 15 was

1255 1006 69 21 worth
1337 1006 61 21 from
1413 1006 35 24 £4
1465 1010 23 18 to
1502 1008 34 23 £5
1554 1014 39 20 per
1608 1011 40 18 tun
1663 1015 63 15 more
1735 1009 54 22 than
1800 1016 45 20 any

1255 1032 69 22 South
1335 1032 43 22 Sea
1393 1033 31 22 oil
1434 1033 35 22 for
1478 1040 17 15 a
1501 1033 77 27 length
1589 1034 25 21 of
1620 1034 60 28 time,
1693 1035 43 22 and
1753 1036 48 21 that
1815 1036 29 22 he

1255 1059 66 22 could
1329 1063 42 18 not
1380 1060 65 26 point
1455 1063 38 19 out
1503 1067 44 20 any
1557 1061 170 27 improvement,
1739 1062 72 22 either
1821 1063 23 22 in

1255 1086 38 21 the
1303 1086 84 26 boiling
1397 1093 25 15 or
1432 1087 124 27 otherwise,
1569 1091 21 18 to
1606 1088 56 21 raise
1676 1090 28 21 its
1719 1089 73 22 value.
1822 1090 22 21 A

1254 1112 107 26 lightness
1375 1119 24 15 in
1416 1112 38 22 the
1471 1114 78 21 colour
1557 1114 19 21 is
1587 1114 38 22 the
1634 1114 63 23 chief
1708 1116 81 27 object,
1801 1116 44 22 and

1256 1138 47 22 that
1313 1140 39 20 has
1362 1140 56 20 been

1255 1197 101 25 WANT
1375 1198 45 24 OF
1437 1199 248 26 EMPLOYMENT
1704 1202 39 23 IN
1764 1203 80 24 NEW

1414 1231 119 25 SOUTH
1552 1232 129 26 WALES.

1288 1288 42 23 We
1350 1289 68 23 make
1430 1290 39 22 the
1489 1290 117 31 following
1623 1295 87 20 extract
1726 1292 59 24 from
1806 1293 38 25 the

1254 1322 148 30 proceedings
1415 1323 22 22 in
1453 1323 38 23 the
1503 1324 95 31 Sydney
1602 1325 145 30 .Legislative
1766 1326 77 24 Coun-

1254 1355 37 28 cil,
1314 1363 27 15 on
1354 1355 39 23 the
1412 1356 42 23 9th
1467 1356 26 23 of
1507 1357 102 31 August,
1622 1363 22 18 to
1661 1359 61 22 «how
1738 1359 49 23 that
1806 1359 37 25 the

1254 1389 185 31 superabundant
1462 1389 78 24 labour
1562 1391 72 22 which
1659 1391 41 24 bas
1722 1392 37 23 for
1781 1400 63 17 some

1254 1422 54 23 time
1321 1422 88 23 existed
1427 1422 23 23 in
1464 1422 57 24 New
1540 1424 73 23 South
1625 1424 78 24 Wales
1721 1425 20 23 is
1753 1426 48 23 still
1818 1434 25 16 so

1253 1459 65 27 great
1334 1463 25 15 as
1378 1459 23 19 to
1420 1455 43 24 call
1479 1456 35 23 for
1531 1456 38 23 the
1588 1457 150 24 interference
1756 1459 26 23 of
1804 1459 39 24 the

1254 1488 145 30 Legislature
1411 1489 24 23 of
1453 1490 38 22 the
1503 1489 80 31 colony
1596 1495 22 18 to
1632 1492 90 29 provide
1736 1492 35 23 for
1782 1493 26 23 it.

1315 1521 46 24 Mr.
1380 1521 143 25 Wentworth
1540 1530 57 22 gave
1615 1524 75 23 notice
1702 1524 48 24 that
1761 1526 19 23 it
1797 1533 46 17 was

1254 1555 35 23 his
1300 1555 120 29 intention,
1434 1563 28 15 on
1475 1555 92 31 Friday,
1580 1556 38 23 the
1634 1557 55 23 16th
1702 1558 24 22 of
1741 1558 101 32 August,

1254 1593 21 19 to
1288 1596 65 16 move
1371 1589 76 23 'That
1459 1589 22 23 in
1495 1589 37 23 the
1545 1590 91 30 opinion
1649 1590 25 23 of
1689 1590 46 24 this
1748 1592 95 23 Council

1253 1622 17 23 it
1291 1622 21 23 is
1335 1622 130 31 expedient,
1486 1622 55 23 with
1561 1630 14 15 a
1595 1624 56 22 view
1673 1628 22 18 to
1716 1632 127 24 encourage

1254 1654 147 31 agriculture,
1415 1655 43 23 and
1471 1659 22 19 to
1505 1655 93 30 provide
1612 1657 153 31 employment
1783 1659 36 23 for
1830 1667 13 15 a

1253 1688 62 30 large
1326 1687 61 31 body
1399 1688 25 23 of
1438 1689 148 30 agricultural
1597 1690 42 23 and
1653 1690 63 23 other
1725 1691 118 24 labourers

1253 1721 45 23 and
1314 1721 138 29 mechanics,
1472 1722 53 22 with
1543 1723 106 28 families,
1668 1723 49 23 who
1737 1732 38 15 are
1787 1725 24 23 in
1830 1733 14 15 a

1254 1758 57 19 state
1329 1754 25 23 of
1370 1754 103 29 distress,
1493 1756 87 30 arising
1597 1756 57 23 from
1674 1762 59 18 want
1746 1758 25 23 of
1786 1759 57 23 such

1254 1787 161 31 employment,
1428 1788 49 23 that
1485 1788 35 23 his
1528 1787 141 33 Excellency
1677 1789 38 24 the
1724 1791 119 24 Governor

1253 1821 27 22 be
1293 1821 119 30 requested
1431 1826 22 18 to
1465 1822 62 23 issue
1545 1822 143 30 debentures,
1701 1824 94 24 secured
1814 1833 28 15 on

1253 1854 38 23 the
1307 1853 52 24 land
1378 1853 63 30 fund,
1462 1859 22 19 to
1498 1854 37 24 the
1556 1862 93 17 amount
1663 1857 25 22 of
1703 1857 38 23 the
1757 1857 85 24 deben-

1254 1892 61 19 tures
1326 1888 95 22 secured
1433 1895 29 16 on
1475 1887 38 24 the
1526 1895 62 17 same
1598 1888 55 25 fund
1666 1890 90 31 already
1766 1891 75 23 issued

1253 1928 24 15 or
1300 1920 112 24 hereafter
1434 1925 22 18 to
1481 1921 27 23 be
1532 1921 76 23 issued
1632 1923 23 23 in
1678 1928 108 26 payment
1809 1924 34 23 for

1253 1954 142 30 immigrants
1403 1954 88 23 arrived
1501 1954 24 23 in
1535 1954 45 24 this
1589 1956 88 30 colony,
1689 1957 44 23 and
1745 1961 21 19 to
1775 1956 67 32 apply

1252 1984 37 24 tire
1302 1994 60 14 same
1376 1987 23 21 in
1411 1986 38 22 the
1462 1986 115 31 following
1589 1994 107 18 manner:
1700 2001 31 4 —

1312 2018 35 23 '1.
1368 2018 36 23 To
1413 2018 36 23 the
1458 2019 118 24 allocation
1591 2020 26 23 of
1631 2021 55 23 such
1695 2022 147 31 agricultural

1251 2051 117 23 labourers
1380 2052 44 22 and
1442 2052 77 23 others
1532 2052 25 23 of
1572 2052 38 24 the
1629 2054 213 24 above-mentioned

1252 2085 83 22 classes
1347 2092 25 15 as
1385 2092 38 16 are
1435 2084 102 24 desirous
1552 2086 25 22 of
1592 2085 68 31 being
1667 2095 25 15 so
1704 2087 96 29 located,
1811 2096 30 15 on

1251 2118 66 22 small
1329 2117 70 23 farms
1413 2117 24 24 of
1454 2118 81 23 Crown
1549 2118 73 29 lands,
1637 2127 28 15 on
1679 2120 37 23 the
1729 2121 75 23 banks
1819 2123 25 22 of

1252 2150 117 31 navigable
1382 2156 90 23 waters,
1484 2159 26 15 or
1522 2152 23 22 in
1559 2151 64 24 other
1635 2154 119 23 situations
1768 2155 73 24 suited

1251 2188 21 19 to
1284 2183 146 31 agriculture,
1442 2184 81 31 giving
1535 2185 84 29 parties
1632 2193 24 15 so
1667 2186 85 24 located
1763 2188 78 33 yearly

1251 2217 71 23 leases
1335 2217 24 23 of
1375 2217 56 23 such
1444 2217 67 23 small
1523 2217 70 24 farms
1606 2223 23 18 at
1647 2227 12 14 a
1671 2221 100 22 nominal
1782 2227 58 24 rent,

1251 2250 70 23 under
1329 2257 12 15 a
1348 2250 208 24 recommendation
1567 2256 22 18 to
1597 2252 38 23 the
1645 2251 74 32 Right
1729 2253 112 25 Honour-

1251 2283 49 23 able
1312 2283 37 23 the
1368 2283 122 31 Secretary
1503 2283 25 23 of
1544 2284 65 24 State
1622 2286 34 22 for
1673 2285 38 23 the
1724 2287 115 29 Colonies,

1252 2316 47 23 that
1308 2316 56 23 such
1377 2316 131 24 alterations
1517 2325 52 23 may
1578 2318 30 23 be
1620 2318 64 24 made
1692 2319 24 23 in
1728 2319 38 23 the
1775 2320 66 24 Land

1253 2349 43 23 Act
1308 2357 24 15 as
1344 2349 45 23 will
1402 2349 80 24 enable
1494 2350 38 24 the
1551 2351 120 24 Governor
1683 2352 34 23 for
1729 2353 39 24 the
1786 2354 55 24 time

1251 2382 68 32 being
1334 2382 131 24 afterwards
1484 2388 22 19 to
1519 2389 92 19 convert
1629 2386 55 22 such
1698 2386 75 23 leases
1794 2388 46 23 into

1251 2421 85 26 grants,
1355 2416 46 23 and
1423 2417 122 30 providing
1568 2419 57 22 such
1647 2419 84 31 parties
1754 2420 54 23 with
1828 2429 13 16 a

1250 2448 79 32 year's"
1342 2449 67 24 outfit
1423 2450 25 23 of
1462 2457 122 25 necessary
1601 2452 54 23 food
1675 2453 44 23 and
1739 2452 102 33 clothing

1250 2483 34 23 for
1305 2482 137 24 themselves
1463 2483 44 23 and
1524 2483 59 25 their
1602 2485 105 29 families,
1721 2486 45 23 and
1787 2488 53 23 with

1250 2516 37 23 the
1301 2523 120 24 necessary
1434 2516 61 29 seed,
1514 2518 106 29 animals,
1633 2519 43 23 and
1695 2519 146 30 implements

1251 2549 23 23 of
1291 2549 137 30 agriculture
1439 2553 24 20 to
1476 2550 68 32 bring
1555 2551 59 23 their
1625 2553 70 22 farms
1707 2555 73 21 under
1790 2554 50 23 cul-

1251 2583 100 28 tivation,
1364 2583 73 23 under
1449 2591 14 15 a
1474 2584 134 31 stipulation
1621 2585 48 23 that
1681 2584 38 25 the
1730 2586 66 24 value
1818 2588 26 22 of

1250 2615 37 23 the
1305 2616 66 23 outfit
1388 2616 45 24 and
1451 2617 66 23 other
1535 2617 106 30 chattels,
1662 2618 53 24 thus
1735 2619 106 32 supplied

1251 2649 56 23 from
1319 2649 37 23 the
1369 2649 84 24 Crown
1466 2657 110 17 revenues
1587 2650 29 25 be
1634 2652 141 24 reimbursed
1787 2661 53 23 pre-

1249 2683 87 30 viously
1349 2686 23 20 to
1385 2682 38 24 the
1435 2683 90 32 issuing
1539 2683 25 23 of
1578 2692 15 16 a
1604 2689 67 26 grant
1682 2689 23 19 to
1719 2686 37 23 the
1775 2692 66 26 party

1249 2716 113 30 receiving
1378 2716 71 24 them.

1282 2749 62 23 "'2.
1364 2749 36 23 To
1413 2749 37 23 the
1469 2750 155 31 employment
1644 2751 25 24 of
1683 2752 56 24 such
1761 2753 27 23 of
1802 2754 39 24 the

1249 2781 65 24 other
1333 2783 146 24 enumerated
1491 2784 85 23 classes
1595 2792 25 15 as
1632 2792 52 24 may
1702 2791 41 19 not
1753 2786 29 24 be
1801 2787 40 24 de-

1249 2816 74 23 sirous
1336 2816 24 22 of
1375 2816 71 30 being
1458 2824 25 16 so
1495 2816 96 31 located,
1604 2819 24 22 in
1639 2817 37 25 the
1687 2821 155 23 construction

1249 2849 26 23 of
1289 2848 74 30 roads,
1376 2849 101 31 bridges,
1489 2849 44 24 and
1540 2851 56 23 such
1605 2852 64 23 other
1677 2852 77 31 public
1766 2854 76 24 works

1250 2883 24 23 of
1289 2882 113 31 enduring
1421 2882 78 31 utility
1512 2883 44 23 and
1575 2889 83 26 urgent
1675 2887 122 31 necessity,
1817 2896 25 15 as

1249 2923 39 16 are
1298 2915 101 24 referred
1412 2919 22 20 to
1446 2916 24 23 in
1484 2915 65 25 Lord
1561 2918 114 31 Stanley's
1686 2918 68 25 letter
1765 2925 24 19 to
1806 2920 36 24 his

1249 2948 143 31 Excellency
1403 2948 39 24 the
1460 2950 129 30 Governor,
1608 2951 118 32 enclosing
1738 2953 38 24 the
1795 2953 48 24 Act

1249 2983 25 22 of
1289 2981 152 30 Parliament,
1454 2985 14 22 5
1482 2983 44 24 and
1539 2985 15 22 6
1566 2984 64 30 Vie,
1644 2992 19 17 c.
1677 2987 41 27 86,
1733 2994 25 15 as
1769 2987 36 23 far
1817 2995 26 15 as

1249 3016 38 22 the
1310 3014 94 24 balance
1428 3017 88 30 arising
1536 3017 58 24 from
1618 3019 57 23 such
1695 3019 146 30 debentures,

1249 3049 57 23 after
1327 3049 56 22 such
1403 3049 100 24 location
1524 3050 26 23 of
1564 3050 98 24 families
1682 3059 27 16 as
1729 3052 21 23 is
1771 3053 72 24 above

1248 3081 97 24 referred
1376 3086 31 25 to,
1431 3082 74 24 which
1534 3083 20 23 is
1583 3087 25 20 to
1630 3084 28 24 be
1682 3084 94 26 deemed
1802 3087 40 23 the

1247 3114 100 32 primary
1359 3115 84 31 charge
1460 3116 105 30 thereon,
1578 3117 46 24 will
1642 3117 104 24 allow."'
1747 3131 34 5 —
1781 3118 61 25 Nel-

1247 3155 41 16 son
1298 3146 137 26 Examiner.

1873 95 107 22 Candles
1989 102 5 14 :
2002 95 96 26 English
2105 102 58 19 wax,
2171 102 43 20 per

2016 121 26 22 lb
2222 122 14 20 0
2264 122 15 20 2
2307 123 14 20 3
2340 135 19 8 ..
2376 124 15 19 0
2419 125 13 20 3
2457 128 12 19 9

1983 148 79 30 Sperm
2222 149 14 19 0
2265 149 94 20 110..
2376 150 15 19 0
2418 152 14 19 3
2458 155 11 18 0

1982 173 82 23 Mould
2220 175 14 20 0
2264 175 14 20 0
2307 175 82 21 6..0
2418 178 14 19 0
2457 180 11 19 8

1983 200 57 28 Dips
2220 202 14 20 0
2264 202 13 20 0
2304 201 84 21 5..0
2417 204 14 18 0
2456 208 11 17 o

1874 227 94 22 Flour:
1977 227 133 28 lstquality,
2122 233 42 21 per
2168 230 40 18 ton

1996 253 26 22 of
2031 255 56 20 2000
2097 253 34 22 lbs
2204 253 25 21 15
2259 254 14 20 0
2302 255 14 19 0
2335 254 53 20 ..16
2418 257 13 19 0
2455 260 12 19 0

1973 281 45 21 2nd
2029 280 56 22 ditto
2221 281 13 19 0
2264 281 14 20 0
2307 281 50 19 0..
2377 282 14 19 0
2417 284 14 19 0
2455 286 12 19 0

1874 306 64 22 Flax
1945 314 5 14 :
1966 307 29 21 N.
2005 307 26 22 Z.
2042 314 41 19 per
2091 309 38 19 ton
2154 319 47 9 ....
2208 306 25 20 15
2263 308 14 19 0
2305 308 14 19 0
2338 320 6 6 .
2351 320 6 6 .
2375 308 14 20 0
2416 309 13 19 0
2455 312 12 19 0

1901 333 45 22 Do.
1947 344 28 5 —
1976 333 105 22 onboard
2082 343 27 6 —
2110 332 120 27 pressedl7
2260 334 15 20 0
2303 334 14 20 0
2337 347 19 7 ..
2374 334 14 20 0
2415 336 14 19 0
2454 338 11 20 c

1874 359 62 22 Gin:
1957 360 53 22 Pale
2026 360 25 21 in
2062 359 61 23 bond
2222 361 14 19 0
2264 360 13 20 3
2306 361 14 19 6
2338 373 18 7 ..
2375 361 14 19 0
2417 361 12 20 5
2455 365 12 19 6

1924 386 62 26 Case,
1994 388 14 19 4
2015 385 36 28 gal
2060 387 38 21 4-5
2107 387 24 21 in
2141 385 63 23 bond
2220 387 11 19 1
2262 387 14 19 0
2305 387 14 20 0
2337 399 19 7 ..
2376 387 10 19 1
2417 387 12 20 5
2456 392 11 17 o

1874 410 82 24 Hams:
1975 411 127 28 Yorkshire,
2117 412 87 28 perlb.
2221 415 13 19 0
2264 414 15 19 0
2306 413 13 19 5
2338 426 18 7 ..
2375 415 14 19 0
2417 415 14 19 0
2454 416 11 21 7

1956 439 28 22 N.
1997 439 25 21 Z.
2034 439 73 27 perlb
2222 441 15 19 0
2264 440 15 20 0
2307 441 14 19 0
2338 453 19 7 ..
2377 441 14 19 0
2418 441 13 19 0
2455 444 12 18 5

1874 463 116 24 Mustard
1997 472 6 14 :
2018 465 44 22 Per
2071 466 72 22 dozen
2156 479 48 7 ....
2222 467 14 20 0
2253 465 26 21 16
2307 467 14 19 0
2338 480 6 6 .
2351 479 5 7 .
2376 467 14 19 0
2406 466 25 22 18
2457 471 10 19 0

1874 491 116 23 Mutton:
2011 491 94 23 Carcase
2116 499 40 20 per
2164 492 25 22 lb
2200 508 6 6 .
2222 494 14 20 0
2264 494 15 19 0
2307 493 13 20 7
2338 505 19 7 ..
2375 493 14 20 0
2418 495 13 19 0
2456 497 11 19 9

1873 517 124 23 Muskets:
2013 518 94 22 Walnut
2114 519 94 21 stocked
2222 521 14 19 0
2251 519 26 21 15
2306 520 13 20 0
2338 532 18 8 ..
2377 520 10 20 1
2418 521 13 19 0
2457 524 12 19 0

1874 544 80 22 Milk:
1970 545 42 21 Per
2018 545 51 27 pint
2222 547 12 20 0
2264 547 13 20 0
2305 546 14 20 2
2338 559 18 7 ..
2375 547 14 19 0
2417 547 14 19 0
2455 549 12 20 3

1874 571 94 22 Maize:
1983 578 39 21 per
2032 571 80 22 bushel
2221 574 13 20 0
2263 574 13 20 3
2305 573 85 20 0..0
2417 573 14 20 3
2456 577 11 18 G

1874 597 45 22 Oil
1927 606 6 14 :
1949 598 103 25 Linseed,
2062 604 41 21 per
2111 598 78 27 gallon
2199 600 35 20 .0
2263 601 13 19 6
2305 600 14 19 6
2337 613 19 7 ..
2375 600 14 20 0
2417 598 13 22 7
2456 603 11 19 6

1950 624 75 27 Black,
2030 625 25 21 in
2060 623 61 28 cask,
2123 632 40 20 per
2168 626 68 20 tonlß
2264 627 14 19 0
2306 627 13 19 0
2338 627 51 19 ..20
2418 627 13 19 0
2456 630 11 18 0

1984 652 79 25 Sperm
2202 652 28 21 50
2260 653 12 19 0
2301 653 13 19 0
2334 653 50 21 ..75
2415 653 12 19 0
2455 655 10 19 0

1874 677 78 23 Pork:
1968 677 76 28 Fresh,
2063 684 89 16 carcase
2168 684 42 21 per

1991 705 23 21 lb
2220 706 13 20 0
2262 707 14 19 0
2304 707 13 19 0
2337 719 19 7 ..
2375 707 12 20 0
2417 708 13 19 0
2455 709 12 21 4

1874 731 78 21 Pork:
1968 731 65 28 Irish,
2044 738 41 20 per
2095 731 74 22 barrel
2182 733 52 19 ..0
2263 733 14 20 0
2305 734 14 19 0
2337 745 19 8 ..
2375 733 14 21 4
2404 733 25 21 10
2455 737 12 18 0

1956 758 59 22 N.Z
2218 759 13 20 2
2248 759 27 21 10
2302 761 15 19 0
2334 773 19 6 ..
2373 761 12 19 3
2415 761 12 19 0
2453 763 12 19 0

1874 784 132 23 Potatoes:
2027 785 57 21 New
2098 785 112 26 Zealand,

2050 818 42 20 per
2101 815 38 17 ton
2154 825 47 7 ....
2220 812 15 20 4
2264 814 14 19 0
2306 814 13 20 0
2337 826 6 8 .
2350 826 6 8 .
2375 815 13 19 6
2417 815 13 19 0
2455 817 11 19 0

1874 838 94 22 Porter
1978 846 5 14 :
2012 838 104 27 Dunbar,
2128 838 24 22 in
2160 838 48 22 bot.

2041 872 41 21 per
2092 865 43 21 doz
2221 867 13 19 0
2263 867 14 19 9
2305 868 82 20 0..0
2415 868 13 20 0
2455 871 10 19 0

1982 891 87 28 Bryant
2078 891 46 22 and
2133 892 72 21 Davis
2220 894 14 20 0
2262 894 14 19 9
2304 895 14 19 0
2336 907 6 7 .
2349 907 6 7 .
2373 895 14 19 0
2415 895 14 19 0
2455 898 10 18 0

1874 918 99 22 Pickles
1984 926 5 14 :
2020 918 118 27 Assorted,
2168 925 42 20 per

2045 944 60 26 doz.,
2130 947 77 24 quarts
2222 947 13 19 0
2251 946 26 20 15
2305 947 14 19 0
2337 960 19 6 ..
2375 948 12 20 0
2403 947 26 22 17
2455 951 10 18 0

1873 971 75 21 Pitch
1961 978 6 14 :
1999 970 139 28 Stockholm,
2168 978 43 20 per

2022 998 97 22 barre1..
2128 1012 75 7 ......
2220 1000 14 20 2
2264 1001 13 20 0
2305 1001 14 19 0
2337 1013 18 7 ..
2374 1001 13 20 0
2415 1003 13 19 0
2454 1004 11 20 0

1874 1024 82 22 Plank
1963 1032 6 14 :
1997 1024 54 22 Port
2074 1024 134 27 Nicholson,

2022 1058 40 21 per
2072 1053 40 20 100
2119 1052 51 22 feet
2183 1066 6 6 .
2196 1067 6 5 .
2221 1054 14 20 0
2264 1055 14 19 6
2305 1054 14 20 0
2337 1067 5 7 .
2349 1067 7 7 .
2374 1055 54 20 010
2453 1058 12 20 0

1873 1077 59 23 Rice
1938 1085 6 15 :
1957 1078 109 22 Common
2076 1085 40 21 per
2123 1081 49 19 cwt.
2183 1093 20 7 ..
2223 1081 56 20 010
2306 1081 50 20 0..
2375 1083 13 19 0
2415 1083 13 19 0
2455 1086 10 18 o

1956 1105 66 22 Good
2220 1109 14 19 0
2250 1107 26 20 15
2305 1108 14 19 0
2337 1121 19 6 ..
2374 1109 13 19 0
2415 1109 13 19 0
2455 1112 10 19 o

1872 1131 57 22 Rum
1935 1139 7 14 :
1958 1132 25 22 P.
1994 1132 26 22 B.
2032 1133 33 25 P.,
2081 1139 40 20 per
2130 1133 78 26 gallon

1994 1159 23 21 in
2033 1159 63 22 bond
2222 1161 14 20 0
2264 1161 13 20 4
2305 1161 13 19 3
2337 1174 19 6 ..
2375 1162 12 19 0
2415 1163 13 19 0
2454 1165 11 19 0

1872 1185 91 23 Sugar:
1980 1186 120 22 Mauritius
2110 1193 41 20 per
2159 1190 49 18 cwt.
2225 1189 13 19 0
2267 1189 14 19 0
2308 1189 50 19 0..
2391 1194 56 16 none

1982 1213 81 21 Brown
2078 1213 56 21 ditto
2218 1215 14 20 0
2261 1215 14 20 0
2302 1215 83 20 0..0
2415 1217 12 18 0
2453 1219 12 18 o

1983 1239 96 22 Refined
2095 1239 54 28 loaf,
2168 1248 41 19 per

2008 1266 22 21 lb
2222 1269 13 19 0
2264 1269 13 19 0
2305 1267 13 20 5
2338 1281 18 7 ..
2375 1269 13 19 0
2417 1270 12 19 0
2455 1272 11 20 6

1984 1293 96 22 Manilla
2100 1300 39 20 per
2154 1297 48 18 cwt.
2221 1295 10 20 1
2262 1296 13 19 0
2304 1296 13 18 0
2335 1308 19 6 ..
2375 1296 8 19 1
2418 1297 47 21 16

1873 1319 74 21 Salt:
1964 1319 126 28 Liverpool,
2101 1328 40 19 per
2152 1324 39 18 ton
2200 1321 35 21 .15
2264 1323 13 19 0
2305 1322 13 20 0
2337 1322 51 20 ..18
2417 1324 12 19 0
2455 1327 11 18 o

1872 1347 61 20 Soap
1942 1354 5 13 :
1975 1346 103 22 Hawes's
2101 1347 105 27 London,

1999 1381 40 19 per
2046 1377 40 18 ton
2205 1375 29 21 40
2263 1376 13 20 0
2305 1376 13 20 0
2337 1389 5 6 .
2349 1389 6 6 .
2375 1377 12 19 0
2417 1378 12 19 0
2457 1380 10 19 0

1992 1400 119 27 Liverpool
2205 1402 27 20 35
2263 1403 13 19 0
2305 1403 49 19 0..
2374 1403 13 19 0
2415 1405 13 19 0
2456 1407 11 18 0

1872 1426 106 22 Starch:
1994 1427 75 22 Perlb
2208 1431 28 19 ,0
2265 1430 13 19 0
2305 1429 51 20 5..
2376 1431 12 19 0
2416 1432 13 18 0
2455 1434 12 19 0

1872 1453 144 23 Scantling:
2032 1454 44 22 Per
2084 1456 40 20 100
2133 1455 68 21 feet..
2223 1457 13 19 0
2265 1457 13 19 6
2307 1457 12 19 0
2338 1470 18 5 ..
2377 1458 12 20 0
2417 1459 12 19 8
2457 1461 10 18 0

1872 1480 129 22 Shingles:
2018 1481 44 22 Per
2069 1483 61 26 1000,
2139 1481 30 22 N.
2178 1482 26 22 Z.
2222 1484 13 19 0
2264 1484 13 19 6
2306 1484 13 19 0
2338 1497 18 5 ..
2376 1485 12 19 0
2404 1484 25 20 10
2457 1488 10 18 0

2003 1508 71 27 Ditto,
2097 1508 28 22 V.
2137 1509 29 21 D.
2178 1509 26 22 L.
2221 1511 13 19 0
2264 1511 13 19 0
2306 1511 13 19 0
2337 1523 5 6 .
2349 1523 6 7 .
2375 1511 13 19 0
2404 1512 25 20 12
2455 1515 11 18 0

1871 1534 52 22 Tar
1931 1542 4 14 :
1952 1535 54 21 Coal
2222 1537 10 19 1
2264 1538 13 19 0
2306 1537 13 19 0
2338 1550 5 6 .
2351 1550 5 6 .
2378 1537 9 19 1
2417 1539 12 18 5
2457 1542 10 17 o

1955 1561 129 23 Stockholm
2222 1565 14 19 2
2265 1565 13 19 0
2306 1564 50 19 0..
2376 1566 13 18 0
2417 1566 12 18 0
2457 1568 10 19 o

1871 1587 50 23 Tea
1931 1596 4 14 :
1945 1588 80 27 Hyson
2032 1588 57 27 skin,
2094 1596 41 20 per
2144 1589 65 22 chest
2222 1591 14 20 4
2265 1591 13 20 0
2307 1591 12 19 0
2338 1603 19 8 ..
2376 1592 13 20 6
2416 1593 13 19 G
2457 1595 10 18 0

1949 1615 93 27 Congou
2222 1618 13 20 8
2264 1619 13 19 0
2306 1618 81 20 0..13
2415 1619 14 19 0
2455 1622 11 19 0

1871 1641 107 23 Tobacco
1987 1650 5 14 :
2007 1642 143 27 Negrohead,
2169 1650 41 19 per

2031 1669 32 21 lb.
2077 1669 24 21 in
2117 1669 60 21 bond
2222 1672 13 19 0
2265 1671 10 20 1
2306 1672 49 19 6..
2375 1673 13 19 0
2417 1673 10 19 1
2455 1675 11 19 9

1871 1695 165 23 Turpentine:
2053 1696 43 22 Per
2102 1696 100 26 gallon..
2222 1699 14 19 0
2265 1698 13 21 7
2307 1699 13 19 0
2338 1712 6 6 .
2351 1712 5 6 .
2377 1700 12 19 0
2417 1700 12 20 8
2456 1703 11 18 0

1872 1721 163 23 Whalebone:
2052 1723 43 21 Per
2105 1726 38 18 ton
2156 1737 5 5 .
2168 1737 5 7 .
2183 1738 6 6 .
2196 1738 6 6 .
2210 1725 40 21 100
2265 1726 13 20 0
2307 1726 13 18 0
2338 1726 65 21 ..120
2417 1728 13 18 0
2457 1730 10 17 0

1872 1749 84 22 Wine:
1972 1750 88 27 Sherry,
2072 1757 41 20 per
2121 1750 52 27 pipe
2183 1765 20 5 ..
2208 1753 28 19 20
2265 1754 13 19 0
2307 1753 13 19 0
2338 1754 51 19 ..40
2417 1755 12 18 0
2457 1757 10 18 0

1982 1777 71 26 Ditto,
2070 1784 40 19 per
2125 1777 81 21 dozen.
2224 1779 9 20 1
2264 1780 13 20 0
2307 1780 12 19 0
2338 1793 18 6 ..
2375 1780 14 20 2
2417 1782 12 18 0
2457 1784 11 17 l>

1983 1804 60 27 Port,
2053 1811 41 20 per
2103 1803 51 28 pipe
2182 1819 5 5 .
2195 1819 4 5 .
2206 1806 27 20 25
2262 1807 14 19 0
2305 1806 12 21 0
2335 1819 6 6 .
2349 1819 5 7 .
2360 1806 27 21 40
2415 1808 12 19 0
2455 1810 11 19 0

2048 1838 42 19 per
2100 1831 48 21 doz.
2181 1845 5 6 .
2194 1846 5 5 .
2221 1833 10 20 1
2262 1834 14 19 0
2304 1834 13 19 0
2336 1846 5 6 .
2349 1847 5 5 .
2373 1834 14 19 2
2414 1835 13 18 0
2455 1836 11 19 0

1982 1857 151 28 Champagne,
2149 1857 57 23 ditto
2222 1860 13 20 0
2264 1860 13 20 0
2305 1860 14 20 0
2337 1873 18 6 ..
2374 1861 14 19 0
2416 1862 11 19 C
2456 1863 11 18 0

1983 1884 73 22 Claret
2222 1888 13 19 0
2252 1887 27 20 10
2307 1887 50 19 0..
2376 1888 13 19 0
2417 1889 14 18 0
2457 1891 12 18 0

1872 1911 123 22 Poultry:
2010 1911 80 28 Fowls,
2097 1919 41 20 per
2145 1912 50 27 pair
2201 1928 5 5 .
2224 1914 13 19 0
2265 1914 14 19 3
2307 1914 13 19 6
2338 1927 19 6 ..
2377 1914 13 19 0
2417 1914 12 19 5
2458 1918 11 17 G

2009 1938 84 27 Ducks,
2104 1939 59 21 ditto
2183 1954 6 5 .
2197 1953 5 6 .
2222 1942 14 19 0
2265 1940 13 20 5
2307 1941 12 19 0
2338 1954 6 6 .
2351 1954 5 6 .
2375 1942 14 19 0
2417 1942 12 18 8
2458 1944 11 18 0

2010 1965 80 26 Geese,
2101 1966 56 20 each
2182 1968 95 19 ..010
2305 1968 13 19 0
2336 1980 6 6 .
2349 1980 5 6 .
2374 1968 13 19 0
2403 1968 7 19 ]
2416 1968 11 19 2
2458 1972 11 16 ()

2007 1991 111 27 Turkeys,
2130 1992 55 21 each
2224 1994 9 19 1
2265 1994 14 19 0
2307 1994 13 19 0
2339 2006 6 5 •
2352 2005 5 7 .
2378 1994 11 19 1
2417 1994 13 19 5
2458 1997 13 17 0

2010 2018 104 26 Pigeons,
2126 2019 81 27 (wild,)

2034 2052 41 19 per
2084 2045 50 27 pair
2156 2047 80 19 ....0
2264 2047 13 18 0
2305 2047 84 20 0..0
2417 2048 12 19 0
2457 2049 11 18 0

2007 2071 86 26 Ducks,
2103 2071 36 21 do.
2150 2071 29 22 do
2185 2087 4 5 .
2197 2087 6 5 .
2223 2074 13 18 0
2264 2073 13 19 5
2306 2074 36 18 0.
2351 2087 5 5 .
2375 2075 14 19 0
2417 2076 13 18 0
2457 2077 11 17 0

1870 2098 75 22 Eggs:
1964 2099 42 21 Per
2017 2098 73 22 dozen
2224 2101 13 18 0
2267 2101 8 19 1
2307 2101 12 19 6
2338 2113 19 7 ..
2376 2102 14 19 0
2418 2102 12 18 0
2457 2104 12 16 0

1870 2126 65 20 Cows
1944 2134 5 13 :
1965 2125 69 22 Milch
2210 2127 25 20 10
2263 2130 13 17 0
2305 2127 82 20 0..15
2417 2130 12 17 0
2457 2133 11 15 v

1870 2152 98 22 Mares:
1985 2152 73 22 Brood
2206 2154 28 20 20
2263 2155 13 19 0
2305 2155 12 19 0
2337 2154 52 21 ..70
2417 2156 12 19 0
2457 2158 10 17 0

1871 2179 117 21 VVorking
2006 2179 134 21 Bullocks:
2165 2179 43 22 Per

1896 2206 51 27 pair
2208 2208 29 20 30
2264 2208 14 20 0
2306 2208 83 21 0..0
2417 2210 13 19 0
2457 2210 11 18 (i

1870 2232 66 22 HiSe
1947 2240 26 14 of
1986 2240 66 14 ditto
2060 2240 5 13 :
2082 2233 43 21 Per
2133 2233 52 26 day,
2195 2241 14 14 a

1898 2263 61 18 team
1970 2259 45 22 and
2023 2259 75 22 driver
2222 2262 14 19 0
2252 2261 25 20 15
2306 2262 13 20 0
2338 2276 18 6 ..
2376 2264 13 19 0
2417 2264 12 19 0
2457 2265 11 18 0

1870 2287 91 21 Sheep:
1976 2285 62 23 Each
2220 2289 14 20 0
2250 2288 26 20 15
2304 2290 14 19 0
2337 2302 18 7 ..
2377 2290 7 19 1
2415 2291 12 18 5
2455 2292 11 18 0

1870 2314 65 21 Boat
1947 2313 73 22 Hire:
2036 2313 44 22 Per
2086 2313 51 28 day,
2143 2314 65 21 with-

2063 2344 40 18 out
2112 2341 75 22 hands
2197 2358 6 5 .
2220 2343 14 20 0
2250 2343 26 20 10
2305 2344 13 20 0
2337 2357 18 6 ..
2377 2344 7 19 1
2415 2346 14 18 0
2455 2346 11 18 0

1869 2367 89 23 Wagss
1965 2375 6 14 :
2000 2367 142 28 Mechanics,
2168 2375 42 20 per

2032 2395 45 26 day
2099 2409 104 8 ......,,
2222 2397 14 20 0
2264 2398 14 19 6
2306 2398 83 21 0..0
2416 2400 12 19 8
2455 2400 11 19 0

2008 2421 128 22 Labourers
2154 2436 48 7 ....
2218 2424 18 20 Q
2262 2424 14 20 3
2305 2426 14 19 0
2337 2438 6 6 .
2351 2438 5 6 .
2375 2427 14 19 0
2416 2426 12 19 5
2455 2428 12 19 0

1869 2448 83 23 Bark:
1970 2449 29 22 N.
2010 2448 26 23 Z.
2046 2455 42 21 per
2097 2452 38 19 ton
2217 2451 13 20 3
2260 2452 14 19 0
2302 2453 84 20 0..4
2413 2454 12 19 0
2452 2455 12 18 0

1871 2476 78 22 Black
1961 2476 52 21 Dye
2022 2475 48 22 :N.
2080 2476 25 21 Z.
2115 2483 40 20 per
2163 2479 40 20 ton
2218 2477 13 20 5
2260 2479 14 19 0
2303 2480 14 19 0
2335 2492 17 6 ..
2373 2481 13 19 6
2414 2481 13 19 0
2455 2482 12 19 0

1870 2502 88 22 Wool:
1975 2503 29 21 N.
2016 2503 25 22 Z.
2053 2510 40 20 per
2102 2503 23 22 lb
2217 2506 14 19 0
2260 2506 14 19 0
2302 2507 14 19 9
2335 2520 19 5 ..
2372 2508 14 19 0
2415 2508 9 19 1
2453 2508 12 19 0

1869 2530 96 21 Timber
1973 2537 4 14 :
2004 2530 28 21 N.
2055 2530 26 21 Z.
2093 2530 115 23 furniture

1896 2563 41 19 per
1948 2558 41 20 100
1998 2557 46 22 feet
2220 2559 14 20 2
2262 2560 14 19 0
2304 2561 52 20 0..
2374 2561 13 20 2
2402 2562 25 19 10
2453 2563 12 18 0

1870 2584 126 21 Cordage:
2006 2584 94 26 English
2107 2591 40 20 per
2154 2589 50 18 cwt.
2220 2586 13 20 3
2260 2585 15 20 5
2304 2588 14 19 0
2337 2600 18 6 ..
2375 2589 14 19 0
2416 2589 12 18 0
2455 2589 12 20 0

1999 2610 61 23 N.Z.
2065 2612 98 21 without
2170 2614 35 19 tar
2218 2613 14 20 2
2260 2612 14 20 5
2303 2615 14 19 0
2337 2628 18 5 ..
2373 2615 14 20 3
2402 2615 26 20 10
2455 2616 12 19 0

1870 2637 120 22 Canvass:
2005 2645 40 19 per
2060 2638 47 22 bolt
2221 2639 54 22 115
2305 2642 84 20 0..2
2415 2642 13 19 5
2456 2643 11 19 0

1870 2665 105 22 Copper:
1992 2663 105 29 sheeting
2116 2672 40 20 per
2171 2666 31 21 lb.
2220 2668 14 19 0
2264 2667 9 20 1
2305 2668 14 20 6
2337 2681 19 6 ..
2375 2670 14 19 0
2416 2669 13 20 0
2455 2670 12 19 0

1990 2692 62 21 Bolts
2219 2694 14 22 0
2262 2694 10 20 1
2304 2696 13 19 9
2336 2708 18 6 ..
2374 2697 14 19 0
2415 2697 13 19 0
2455 2697 12 19 0

1989 2718 63 23 Nails
2218 2721 15 20 0
2260 2720 14 21 5
2303 2723 51 19 0..
2374 2723 14 19 0
2416 2723 13 20 6
2456 2724 11 19 0

1870 2745 80 22 Lead:
1967 2745 63 22 sheet
2039 2753 42 19 per
2091 2749 40 19 ton
2150 2748 81 21 ....30
2258 2749 14 20 0
2302 2749 14 20 0
2335 2749 50 21 ..35
2414 2751 14 19 0
2455 2751 12 19 0

1870 2772 61 23 Iron
1940 2779 7 14 :
1957 2772 94 28 English
2061 2773 42 22 bar
2114 2781 42 19 per
2164 2775 72 20 tonl4
2263 2776 14 19 0
2305 2777 14 19 0
2338 2789 19 7 ..
2376 2777 13 19 0
2417 2777 12 19 0
2455 2777 13 19 0

1953 2800 69 26 Hoop
2031 2807 40 20 per
2078 2803 38 19 ton
2203 2802 27 21 25
2260 2803 14 19 0
2302 2803 14 20 0
2335 2816 19 7 ..
2373 2804 14 19 0
2415 2803 13 21 0
2454 2804 13 19 0

1871 2826 45 22 Oil
1929 2826 79 23 Butts
2016 2834 6 13 :
2045 2827 118 23 Gordon's
2183 2835 27 15 or

2017 2853 72 22 Mills'
2097 2861 40 21 per
2147 2855 56 27 imp.

2017 2883 41 20 tun
2219 2882 15 21 3
2262 2883 14 20 0
2305 2884 14 20 0
2337 2896 19 7 ..
2375 2884 14 20 3
2404 2883 25 21 15
2455 2884 12 20 0

2108 2915 126 22 DUTIES.

1872 2942 101 21 British
1983 2941 93 22 Spirits
2295 2943 33 22 5*
2338 2950 42 21 per
2387 2943 78 28 gallon.

1871 2969 108 22 Foreign
1990 2968 56 22 ditto
2295 2970 33 22 ss.
2338 2978 40 20 per
2386 2970 78 28 gallon.

1871 2996 107 22 Tobacco
1987 2995 181 27 manufactured,
2299 2998 29 21 Is.
2338 3005 40 20 per
2387 2998 30 22 lb.

1987 3022 210 23 Unmanufactured
2294 3024 38 22 9d.
2342 3031 42 21 per
2391 3024 29 23 lb.

1872 3050 76 21 Snuff
2295 3053 32 20 2s.
2337 3058 40 21 per
2385 3051 30 22 lb.

1871 3077 88 21 Cigars
2296 3080 32 20 2s.
2338 3085 40 21 per
2387 3078 29 22 lb.

1871 3103 85 22 Wines
2285 3106 28 21 20
2326 3112 40 20 per
2375 3108 55 19 cent.
2433 3105 8 12 1

1872 3130 52 27 Ale,
1935 3132 61 25 beer,
2005 3134 81 23 porter,
2099 3130 46 23 and
2154 3130 64 23 other
2230 3131 58 22 malt

1898 3157 92 27 liquors,
2284 3158 25 23 15
2321 3165 40 21 per
2371 3162 58 19 cent.

1872 3184 37 22 On
1917 3184 32 24 all
1962 3191 58 19 guns
2036 3191 25 15 or
2077 3191 108 21 weapons
2200 3184 28 23 of
2241 3192 45 20 any

1899 3211 143 27 description,
2058 3218 26 15 or
2098 3212 147 26 gunpowder,
2258 3219 27 15 or

1899 3245 46 19 any
1956 3238 111 21 munition
2077 3239 28 21 of
2112 3245 45 15 war
2288 3240 28 21 30
2324 3246 41 21 per
2375 3242 57 19 cent.

1872 3264 36 23 On
1918 3264 31 23 all
1959 3264 63 22 other
2039 3264 77 28 goods,
2131 3271 79 21 wares,
2227 3273 60 15 mer-

1898 3290 115 28 chandise,
2024 3291 45 22 and
2077 3296 113 23 property,
2202 3296 83 24 except

1896 3318 105 28 personal
2007 3336 3 5 .
2018 3318 106 28 baggage,
2146 3318 72 28 living
2234 3320 48 22 ani-
2304 3331 9 3 -

1896 3344 67 28 mals,
1976 3344 44 23 and
2030 3346 75 26 specie
2302 3348 14 21 5
2326 3355 39 17 per
2375 3350 54 19 cent.

2076 3372 191 25 EXCHANGE.

1872 3412 68 23 »™
2011 3420 28 15 -
2050 3412 96 25 *■*•

1872 3454 35 21 On
1916 3453 142 29 Sydney....
2300 3455 73 22 Ditto.

1871 3480 91 23 Private
1971 3477 52 26 bills
2275 3480 116 24 Nominal.

1890 3530 41 17 The
1943 3530 49 17 New
2003 3531 100 17 Zealand
2114 3531 95 16 Gazette
2217 3532 38 16 and
2266 3531 140 17 Wellington
2418 3531 45 16 £ric

1870 3554 66 13 tatok
1943 3551 17 18 ie
1966 3551 100 21 published
2076 3555 57 17 every
2139 3551 125 22 Wednesday.
2285 3552 101 22 Subjoined
2395 3556 29 13 are
2434 3551 28 16 the

1870 3572 67 17 terms:
1938 3580 24 5 —

1890 3593 67 18 Price
1963 3597 26 12 of
1995 3597 41 14 the
2043 3593 98 17 Papbs.—
2140 3593 57 20 Forty
2202 3593 88 21 shillings
2297 3598 33 17 per
2339 3597 75 16 annum,
2424 3596 37 17 pay-

1870 3614 42 17 able
1917 3614 21 17 In
1945 3614 82 17 advance
2032 3619 5 14 ;
2047 3618 21 13 or
2074 3618 35 12 one
2116 3614 76 20 shilling
2198 3614 29 17 for
2233 3614 65 22 single-
2302 3616 95 16 numbers.

1891 3635 32 17 All
1928 3634 69 20 orders,
2008 3635 160 18 advertisements,
2178 3636 40 16 and
2228 3637 166 16 communications
2404 3636 18 16 to
2432 3633 28 17 the

1872 3656 71 19 Editor,
1947 3660 33 13 are
1985 3655 98 20 requested
2088 3656 20 15 to
2114 3655 23 16 be
2142 3655 104 18 addressed
2250 3658 21 15 to
2277 3656 40 17 this
2323 3657 55 16 Office
2381 3668 5 4 .

1891 3676 160 18 Advertisements
2056 3675 39 17 will
2100 3676 35 15 not
2140 3680 68 17 appear
2218 3677 21 17 in
2250 3678 33 16 the
2292 3678 81 20 ensuing
2383 3675 73 18 numbsr

1870 3698 17 16 if
1894 3697 86 17 received
1985 3697 48 16 later
2038 3697 46 16 than
2096 3697 20 16 10
2123 3695 76 22 o'clock,
2206 3702 52 16 a.m.,
2265 3703 25 12 on
2297 3699 32 16 the
2335 3697 90 20 mornings
2433 3696 29 16 be-

1869 3718 40 18 fore
1921 3717 122 22 publication.
2062 3717 164 18 Advertisements
2239 3719 40 17 will
2290 3720 24 16 be
2323 3718 97 18 continued
2427 3716 33 16 and

1869 3739 80 21 charged
1960 3738 50 17 until
2018 3738 162 18 counter-ordered
2185 3744 4 14 ;
2200 3740 48 17 such
2255 3740 54 18 order
2314 3741 51 16 must
2371 3740 21 17 be
2398 3738 41 17 sent
2444 3738 17 15 to

1869 3760 32 17 the
1910 3760 56 16 Office
1979 3760 36 16 two
2033 3759 45 20 days
2097 3759 64 18 before
2170 3761 123 20 publication,
2305 3761 38 17 and
2352 3760 52 18 must
2411 3760 21 16 be
2441 3758 20 16 in

1869 3781 81 20 writing.
1973 3779 160 18 Advertisements
2147 3781 86 18 received
2251 3781 54 19 after
2323 3782 21 16 10
2358 3780 67 18 o'clock
2439 3783 21 12 on

1869 3801 67 21 Friday
1947 3800 97 21 mornings
2055 3800 40 18 will
2104 3802 25 16 be
2140 3802 83 21 charged
2235 3802 55 18 twice
2300 3803 31 16 the
2333 3802 53 17 usual
2391 3802 51 16 rates.

1248 3216 220 25 WHOLESALE
1498 3218 129 25 PRICES
1660 3219 180 29 CURRENT.

1346 3263 135 16 CORRECTED
1496 3264 29 15 UP
1540 3264 29 16 TO
1583 3265 58 15 LAST
1656 3266 82 16 NIGHT.

1590 3296 17 17 £
1630 3301 15 14 s.
1670 3298 19 17 d.
1745 3298 18 18 £
1787 3303 14 12 8.
1831 3299 12 17 d

1248 3321 50 22 Alb
1305 3327 5 14 :
1324 3326 40 22 pet
1373 3318 49 24 hhi
1590 3324 15 19 0
1635 3325 14 19 0
1677 3325 84 21 0..0
1788 3326 14 20 0
1828 3327 15 20 0

1423 3355 41 20 par
1468 3348 104 23 barrel..
1590 3351 15 20 0
1633 3351 15 20 0
1674 3352 14 20 0
1707 3364 19 7 ..
1744 3353 15 21 0
1787 3353 14 19 0
1828 3354 15 20 0

1422 3374 93 27 pwrdoz
1592 3377 14 20 0
1622 3377 24 21 11
1675 3379 14 19 0
1706 3391 20 7 ..
1744 3379 15 20 0
1773 3379 27 21 13
1827 3381 14 19 0

1329 3400 29 22 N.
1369 3399 26 23 Z.
1406 3407 42 21 per
1456 3398 79 30 gallon
1554 3416 5 6 .
1566 3417 7 6 .
1591 3404 15 20 0
1633 3404 14 20 2
1674 3405 14 20 0
1707 3419 6 5 .
1720 3419 6 5 .
1744 3406 15 20 0
1787 3407 14 20 0
1829 3408 14 19 0

1247 3429 113 22 Arrack:
1375 3427 45 22 Per
1428 3428 45 26 gal.
1482 3428 26 22 in
1517 3428 63 23 bond
1592 3431 16 20 0
1636 3431 12 20 1
1675 3432 14 20 6
1707 3445 19 7 ..
1744 3433 15 19 0
1785 3434 15 20 2
1829 3434 14 20 6

1246 3456 80 22 Bread
1334 3461 7 14 :
1355 3454 45 22 Per
1408 3454 46 23 21b.
1465 3454 52 23 loaf
1530 3458 79 20 ....0
1637 3458 14 20 0
1676 3458 83 21 4..0
1787 3461 14 20 0
1829 3461 14 20 0

1240 3484 81 22 ■Bief:
1336 3480 79 28 Fresh,
1434 3487 91 17 carcase
1541 3488 41 20 per

1361 3507 25 22 lb
1588 3511 15 20 0
1632 3511 12 19 0
1672 3511 14 21 8
1704 3525 19 7 ..
1742 3513 15 20 0
1785 3514 14 20 0
1813 3514 25 20 11

1353 3533 55 27 Salt,
1419 3541 40 21 per
1472 3534 70 23 tierce
1555 3549 6 7 .
1568 3550 7 6 .
1594 3538 12 20 1
1622 3538 26 21 10
1675 3539 14 20 0
1707 3552 5 6 .
1719 3552 7 7 .
1743 3539 14 21 3
1786 3541 15 20 0
1827 3543 13 19 0

1245 3564 95 22 Buran
1347 3569 5 14 :
1369 3560 67 28 Irish,
1446 3568 42 20 per
1495 3561 31 23 lb.
1551 3576 6 7 .
1564 3576 7 7 .
1589 3565 15 20 0
1631 3565 15 21 0
1672 3566 14 20 9
1703 3579 6 7 .
1716 3579 7 7 .
1742 3567 15 21 0
1787 3568 10 20 1
1829 3569 14 20 0

1364 3587 72 23 Fresh
1593 3591 14 21 0
1636 3592 11 20 1
1675 3593 14 20 6
1707 3605 19 7 ..
1743 3594 16 20 O
1786 3595 15 21 0
1828 3596 13 19 0

1244 3618 99 22 Brand*
1351 3623 5 14 :
1371 3614 62 23 First
1439 3614 95 29 quality,
1542 3623 41 21 per

1392 3640 78 28 gallon
1480 3642 24 21 in
1515 3642 63 23 bond
1590 3645 15 20 0
1633 3644 13 22 5
1674 3647 15 20 0
1706 3659 6 7 .
1719 3659 6 8 .
1743 3648 15 20 0
1785 3646 16 24 7
1828 3658 15 20 g

1243 3679 86 22 Brown
1348 3676 90 22 Stout:
1462 3683 41 20 per
1516 3675 57 24 hhd.
1587 3678 14 21 5
1630 3680 14 21 0
1672 3682 14 19 0
1703 3694 19 8 ..
1743 3682 15 21 6
1773 3682 27 22 10
1829 3685 15 21 0

1243 3712 89 22 Cigars
1340 3716 6 14 :
1357 3707 106 27 Manilla,
1471 3715 41 21 per
1517 3710 63 27 1000,

1390 3739 27 22 in
1425 3739 63 23 bond
1589 3743 15 21 2
1632 3745 14 20 0
1673 3746 14 20 0
1705 3758 19 8 ..
1742 3746 15 22 3
1786 3748 15 21 0
1829 3743 14 21 0

1351 3772 130 23 Chinsurah
1485 3781 41 20 per
1532 3776 41 24 1.00
1592 3776 13 21 1
1634 3778 14 20 0
1675 3780 14 20 0
1707 3792 19 8 ..
1743 3781 16 20 0
1785 3783 16 20 0
1829 3770 14 20 °

1241 3804 89 22 Coffee
1339 3808 6 15 :
1355 3801 66 25 Java,
1431 3807 41 20 per
1480 3801 23 22 lb
1590 3805 14 20 0
1633 3805 14 20 0
1673 3807 15 19 6
1705 3819 7 7 .
1718 3819 7 7 .
1742 3808 15 20 0
1784 3810 15 19 O
1827 3797 14 32 9

1241 3832 92 20 Cheese
1340 3835 5 14 :
1361 3828 109 21 Cheshire
1590 3831 15 20 0
1633 3832 11 19 1
1672 3833 85 22 4..0
1785 3836 12 20 l
1827 3825 14 34 [j

1357 3854 58 23 Pine
1425 3854 77 28 Apple
1522 3869 48 8 ....
1589 3858 16 20 O
1633 3858 11 21 1
1672 3859 14 21 2
1705 3873 19 7 ..
1742 3861 14 21 0
1784 3864 15 19 0
1827 3852 14 39 jj

1358 3885 79 24 Dutch
1591 3890 15 20 0
1634 3891 14 21 0
1674 3891 14 21 8
1705 3905 20 7 ..
1743 3893 15 21 0
1785 3894 14 21 0
1815 3894 26 28 1q

1353 3918 30 23 N.
1395 3918 28 22 Z.
1434 3924 40 21 per
1482 3917 25 24 lb
1590 3921 16 20 0
1634 3922 10 21 1
1673 3923 15 20 6
1706 3936 6 7 .
1719 3937 7 6 .
1744 3924 15 21 0
1786 3926 15 20 0
1827 3929 15 19 0
