3412 4589
130 172 177 30 POLITICAL
341 169 120 28 NOTES.

68 247 40 25 Mr
118 243 97 28 Donald
233 241 98 27 Fraser,
348 239 22 24 is
390 238 102 33 retiring
503 237 59 26 from

34 288 41 24 the
87 284 92 26 contest
195 281 37 24 for
244 279 41 24 the
297 277 75 25 Otaki
384 279 61 26 seat,
463 277 47 25 has
523 277 39 24 set

34 334 32 18 an
78 322 106 31 example
195 318 81 27 which
298 317 42 25 Mr
360 317 99 25 Renner
470 316 49 25 and
531 316 31 25 all

33 364 99 28 Liberal
148 360 147 27 Candidates
325 358 90 25 should
438 358 75 25 strive
534 359 28 23 to

31 405 104 25 imitate.
180 399 47 24 His
242 397 80 31 object
347 397 26 24 m
398 396 110 32 retiring,
530 395 32 25 he

33 445 82 23 states,
143 439 22 22 is
185 439 26 22 to
231 435 72 25 avoid
326 435 112 30 dividing
464 433 98 25 Liberal

31 482 77 26 votas,
125 475 47 25 and
195 477 26 22 to
240 475 70 23 leave
329 480 47 17 one
395 472 129 24 candidate
536 473 26 23 to

33 519 29 25 dc
74 516 77 26 battle
162 513 95 31 against
269 512 43 25 the
334 511 194 26 Conservatives.

65 559 21 24 A
104 555 91 26 tribute
216 557 24 21 to
263 553 45 25 the
329 552 101 25 Liberal
454 551 110 25 Govern-

31 599 66 23 ment
110 601 48 19 wad
171 592 96 26 uttered
278 592 32 31 by
322 590 40 25 Mr
379 590 84 28 Jones,
476 597 46 17 one
540 589 24 24 of

31 639 41 22 the
85 633 162 32 co-operative
267 632 123 31 delegates
412 630 63 24 from
494 630 68 30 Eng-

30 676 65 25 land.
142 673 126 31 Speaking
297 673 26 23 at
351 671 43 24 the
409 670 109 31 banquet
537 669 25 24 m

30 714 137 31 Bellamy's
177 713 32 23 he
221 710 54 26 said
287 719 5 14 :
295 723 32 5 —
433 716 33 15 we
474 707 88 24 landed

30 756 59 24 here
99 762 32 17 on
144 752 129 31 Thursday
291 750 71 31 nigbt
374 748 66 26 week
452 755 37 18 we
500 747 64 25 have

30 794 76 23 heard
118 800 15 15 a
145 794 69 28 great
226 789 56 25 deal
294 788 76 23 about
388 794 62 24 your
461 787 101 29 present

33 832 178 24 Government.
257 827 46 23 We
322 826 64 23 have
404 824 77 24 heard
503 823 61 24 both

33 869 63 32 good
108 867 49 25 and
168 866 58 28 bad,
245 865 49 24 and
314 863 62 24 from
389 863 34 23 all
440 864 62 22 sorts
515 861 49 25 and

31 908 137 26 conditions
181 907 25 24 of
231 914 66 16 men.
332 903 82 26 When
431 902 13 24 I
456 910 46 16 was
513 901 49 25 told

31 948 70 25 there
113 954 51 15 was
186 954 12 14 a
219 942 151 26 Lancashire
393 948 59 16 man
475 943 26 21 at
521 940 42 24 the

31 986 65 25 head
108 985 26 24 of
144 983 41 25 the
198 983 167 24 Government
375 980 14 23 I
400 981 26 22 at
435 987 59 15 once
506 977 58 25 took

33 1025 63 24 sides
110 1022 59 25 with
183 1021 41 25 the
244 1020 166 25 Government
411 1032 32 3 —
444 1017 48 24 and
502 1018 62 23 after

32 1062 133 30 travelling
195 1061 42 24 the
257 1058 87 31 length
364 1057 24 24 of
418 1055 41 25 the
484 1055 79 25 South

32 1101 86 25 Island
130 1099 49 25 and
197 1100 55 30 part
274 1098 25 23 of
320 1099 42 21 the
379 1094 80 25 North
470 1094 92 28 Island,

33 1141 49 26 and
94 1139 116 31 listening
230 1140 26 22 to
274 1136 35 25 all
330 1138 63 23 sorts
406 1135 25 24 of
442 1134 111 31 opinions
557 1159 5 10 j

30 1183 13 24 I
56 1182 62 24 have
128 1188 65 16 come
205 1180 25 22 to
242 1178 43 24 the
298 1175 145 26 conclusion
452 1175 56 24 that
517 1181 47 23 you

33 1222 63 26 have
116 1230 14 14 a
150 1218 111 33 splendid
286 1217 168 24 Government
477 1215 47 24 and
550 1222 14 15 a

35 1261 108 31 splendid
153 1267 59 17 man
224 1262 25 20 at
261 1258 43 24 the
312 1256 64 25 head
386 1256 25 24 of

80 1412 70 24 THE
181 1408 213 27 BACHELOR'S
412 1406 89 25 BALL

62 1479 60 24 This
145 1478 64 28 Ball,
235 1476 80 25 which
340 1475 45 24 has
409 1473 101 25 become
529 1480 32 18 an

29 1522 92 25 annual
132 1521 97 28 fixtuie,
248 1526 70 17 came
330 1518 35 25 off
384 1519 25 22 at
430 1516 43 25 the
486 1516 76 24 Town

29 1567 61 25 Hall
101 1566 64 24 East
177 1563 92 27 Oxford
280 1571 33 16 on
332 1561 91 31 Friday
435 1560 43 25 the
490 1559 69 25 20th.

28 1611 53 24 inst
83 1628 7 11 s
120 1609 73 23 under
217 1608 42 24 the
285 1606 111 30 auspices
414 1604 26 25 of
466 1611 15 17 a
503 1611 58 23 very

28 1653 121 31 energetic
170 1650 157 26 Committee,
345 1648 55 24 who
421 1646 84 24 issued
523 1646 35 23 in-

27 1695 118 26 vitations
163 1694 103 23 without
291 1691 70 28 stint,
391 1690 49 24 and
451 1691 25 22 at
495 1690 64 23 least

28 1740 48 23 200
87 1738 110 32 pleasure
208 1735 96 25 seekers
315 1732 135 33 responded
457 1734 26 23 to
495 1731 64 25 their

26 1785 129 23 courteous
167 1779 207 25 announcement.
419 1776 38 25 On
469 1783 32 18 no
513 1782 43 18 oc-

26 1826 84 24 casion
130 1824 45 24 has
187 1825 43 23 the
242 1822 59 24 Hall
318 1822 61 24 been
398 1827 68 17 more,
478 1820 75 24 taste-

25 1869 62 32 fully
99 1867 136 26 decorated.
282 1864 52 26 The
353 1864 75 24 forest
440 1862 50 25 had
501 1870 55 17 con-

26 1912 109 26 tributed
146 1919 15 16 a
171 1910 102 25 number
285 1909 26 24 of
320 1909 34 24 its
365 1908 106 25 choicest
482 1907 73 28 ferae,

26 1958 85 31 plants
123 1955 49 25 and
184 1961 149 24 evergreens,
347 1952 49 25 and
408 1951 43 25 the
463 1950 94 32 display

28 2000 26 25 of
66 2000 57 31 flag.*
139 1998 26 26 of
174 1998 113 25 different
299 1995 167 26 nationalities
478 2002 78 18 seem-

28 2043 29 25 ed
69 2045 25 22 to
107 2041 74 33 speak
200 2050 15 16 a
233 2041 86 30 hearty
339 2039 113 25 welcome
464 2040 25 23 to
515 2037 41 24 all.

26 2087 56 24 And
102 2086 43 24 the
168 2084 151 25 scintilation
348 2081 123 33 produced
493 2081 65 24 from

26 2131 42 24 the
76 2130 110 24 brilliant
196 2128 77 32 lights
283 2128 116 30 amongst
417 2125 42 24 the
472 2123 85 26 fronds

26 2174 49 24 and
86 2173 88 31 foliage
188 2171 26 25 of
224 2171 42 25 the
278 2170 141 25 decoration
436 2167 122 32 produced

26 2225 15 16 a
71 2218 65 23 most
165 2215 124 29 charming
317 2213 78 28 effect,
427 2211 130 31 especially

25 2261 70 25 when
120 2258 74 26 taken
216 2258 27 25 m
266 2255 157 33 conjunction
442 2253 61 26 with
514 2253 43 25 the

25 2306 131 23 beauteous
168 2303 65 24 faces
242 2302 26 24 of
275 2301 43 25 the
327 2300 101 31 smiling
436 2298 120 28 maidens,

26 2348 76 24 about
112 2349 26 22 to
149 2346 99 31 indulge
271 2346 28 24 m
318 2344 44 25 the
378 2351 83 22 merry
473 2342 84 24 dance*

26 2392 50 24 The
89 2391 86 31 supply
187 2390 27 25 of
223 2390 43 25 the
283 2388 97 28 viands,
403 2387 49 25 and
461 2387 95 24 decora-

26 2436 54 24 tion
92 2434 26 24 of
130 2434 44 24 the
186 2432 79 26 tables
277 2439 62 17 were
351 2430 75 32 again
436 2429 84 31 placed
532 2429 27 23 m

27 2479 43 25 the
81 2478 82 24 hands
175 2479 27 23 of
213 2477 72 24 those
296 2476 57 24 well
364 2475 89 24 known
464 2473 94 28 artists,

29 2523 91 25 Messrs
149 2521 102 32 Hooper
279 2519 48 25 and
360 2517 119 29 Mitchell,
510 2516 50 26 and

26 2566 113 26 needless
161 2568 26 21 to
213 2572 44 24 say
287 2563 45 25 left
351 2563 108 30 nothing
482 2564 26 22 to
530 2560 30 25 be

28 2609 103 25 desired.
167 2608 40 24 Mr
223 2608 95 30 George
331 2606 83 26 Smith
424 2613 50 16 was
487 2604 73 32 again

27 2653 43 24 the
94 2652 67 31 right
180 2658 60 17 man
264 2650 26 24 m
303 2650 43 24 the
358 2648 68 32 right
450 2648 71 31 place
532 2655 27 16 as

25 2697 97 24 Master
144 2694 27 26 of
195 2694 43 25 the
261 2692 159 31 ceremonies,
450 2691 50 25 and
517 2692 43 31 got

27 2739 109 32 through
157 2739 40 25 his
217 2738 108 25 arduous
342 2737 79 24 duties
447 2736 61 25 with
520 2737 40 23 the

25 2791 69 17 same
106 2790 95 17 success
210 2789 28 17 as
257 2781 27 25 of
295 2789 65 23 yore.

59 2827 62 25 Miss
132 2826 78 33 Paget
233 2825 113 33 presided
368 2826 26 24 at
417 2823 43 25 the
485 2823 75 32 piano

28 2872 49 25 and
89 2871 121 33 although
236 2879 15 16 a
273 2870 111 25 brilliant
409 2868 92 32 pianist
513 2876 47 16 was

29 2915 134 25 somewhat
184 2918 26 22 at
233 2923 15 17 a
270 2914 177 30 disadvantage
464 2913 26 24 m
515 2913 46 23 not

28 2959 73 31 being
112 2958 117 31 provided
252 2957 64 25 with
339 2965 31 16 an
382 2955 176 32 accompanist.

59 3003 14 23 I
84 3003 69 24 don't
164 3003 51 24 like
233 3004 26 23 to
285 3001 31 25 be
333 3000 171 33 disagreeable,
523 3008 36 16 es-

27 3041 102 32 pecially
157 3041 72 25 when
268 3041 101 31 writing
396 3047 33 18 on
441 3035 119 29 convivial

28 3088 108 26 matters,
155 3085 44 26 but
219 3085 14 25 I
254 3086 69 24 must
346 3085 36 24 be.
399 3083 107 26 excused
522 3083 38 25 for

27 3130 141 30 remarking
193 3130 56 24 that
271 3128 225 31 notwithstanding
518 3128 42 24 the

29 3167 59 31 high
100 3167 181 30 qualifications
304 3167 26 24 of
350 3167 42 24 the
412 3165 148 25 Committee

28 3219 28 15 as
74 3219 14 15 a
108 3210 80 24 whole
200 3210 59 31 they
279 3217 62 17 were
351 3210 80 31 guilty
452 3209 27 25 of
489 3217 15 16 a
516 3208 44 25 sad

28 3254 124 32 oversight
162 3254 27 25 m
200 3257 45 23 riot
256 3253 117 33 enlisting
393 3253 44 25 the
454 3252 105 27 services

28 3300 27 23 of
64 3307 15 16 a
90 3299 82 31 player
184 3307 31 17 on
227 3307 15 16 a
250 3299 83 29 fiddle,
346 3299 58 22 flute
415 3306 28 15 or
456 3305 14 16 a
482 3298 76 30 harp.

29 3343 125 30 However,
173 3351 28 17 as
224 3344 33 24 all
282 3349 61 18 were
363 3346 42 21 too
427 3341 83 31 happy
534 3344 25 21 to

28 3387 125 30 complain.
196 3387 14 24 I
233 3389 66 22 must
327 3386 30 25 be
382 3387 110 27 content,
522 3393 36 16 es-

28 3430 102 32 pecially
141 3439 26 16 as
178 3431 71 24 when
269 3431 117 30 morning
407 3429 86 31 broke,
512 3429 48 24 and

28 3473 42 24 the
89 3481 77 23 merry
188 3474 91 31 throng
301 3473 116 32 departed
445 3475 26 23 to
494 3473 65 24 their

29 3516 91 28 homes,
139 3516 42 26 the
204 3518 126 24 universal
353 3517 138 32 expression
511 3524 47 17 was

29 3568 36 16 we
76 3560 63 25 have
157 3561 50 25 had
218 3569 15 17 a
255 3561 60 32 jolly
335 3561 72 32 night
426 3561 50 23 and
494 3561 64 31 hope

28 3605 25 23 to
66 3607 64 21 meet
147 3605 81 30 again.

44 3811 71 24 THE
139 3811 162 25 ALLEGED
333 3812 208 24 DUMMYISM.

94 3885 99 17 FINDING
205 3886 30 16 OP
257 3886 49 16 THE
329 3887 64 15 LAND
405 3886 78 16 BOARD

62 3945 37 24 On
113 3945 88 31 Friday
213 3945 42 25 the
266 3946 69 24 25th.
353 3946 59 24 inst.
433 3945 43 25 the
487 3945 73 25 Land

28 3985 83 26 Board
133 3988 142 24 considered
299 3988 43 26 the
363 3989 125 29 evidence,
494 3997 28 17 as
534 3991 26 22 to

28 4030 43 24 the
90 4030 103 31 charges
218 4032 27 24 of
271 4031 152 33 dummyism
447 4037 26 20 at
491 4032 69 26 View

30 4073 61 30 Hill,
111 4075 47 24 and
169 4075 76 25 found
261 4075 27 25 m
307 4076 44 25 the
370 4085 56 16 case
443 4077 28 24 of
480 4077 24 25 J.
525 4077 34 24 H.

29 4117 105 26 Pearson
159 4119 74 33 (lease
255 4121 14 28 v
269 4121 60 28 226,
354 4120 35 25 lot
419 4122 23 28 1,
466 4130 94 17 reserve

31 4162 74 31 2832)
118 4162 55 24 that
191 4163 20 23 it
233 4163 51 24 had
306 4163 63 25 been
391 4165 91 30 proved
502 4173 56 17 con-

29 4204 117 34 clusively
243 4207 66 32 prior
331 4209 26 24 to
377 4207 186 27 ihe~middl#*bf

29 4249 102 32 August,
148 4250 33 27 he
192 4251 50 26 had
253 4254 44 24 not
309 4254 120 30 complied
442 4254 57 25 with
517 4254 46 25 the'

30 4292 138 30 conditions;
176 4301 27 19 as
228 4296 26 24 to
275 4295 133 31 residence,
430 4297 51 27 and
503 4287 60 38 thai!

28 4336 47 28 vhe.
83 4337 113 28 evidence
208 4345 27 23 a?
247 4340 26 24 to
283 4339 132 26 .residence
427 4341 66 26 since
498 4340 65 34 jiha^

48 4381 38 26 9te
95 4387 49 20 was
155 4382 154 32 conflicting;
341 4383 40 26 He
392 4383 50 25 had
454 4385 109 25 married

30 4422 47 31 last
106 4424 73 30 June,
197 4426 48 24 and
264 4426 51 25 had
343 4429 27 23 to
393 4428 101 31 enlarge
506 4437 5 16 :
520 4428 41 25 his
557 4421 5 16 1

30 4465 81 30 house:
118 4467 79 27 before
209 4469 88 32 taking
311 4468 42 28 his
369 4470 54 26 wife
431 4479 37 21 pn
479 4473 27 24 to
518 4472 45 24 the'

29 4510 101 30 lection.
174 4512 51 25 The
245 4512 82 26 Board
343 4514 172 26 re3olvedth%t
534 4522 15 17 a
549 4529 13 16 3

592 178 40 25 Mr
643 179 105 26 Pearson
757 179 50 25 had
819 178 156 26 undertaken
986 179 27 24 to
1025 178 98 32 comply

591 222 63 34 fully
665 224 27 25 m
703 223 45 26 the
755 223 91 29 future,
865 222 21 25 it
898 230 46 18 saw
956 230 34 19 no
1002 221 121 27 sufficient

591 274 88 18 reason
691 270 25 22 to
739 266 134 32 dispossess
893 266 53 25 him
970 266 27 25 of
1017 266 41 24 the
1073 273 49 17 sec-

592 310 60 26 tion.

625 355 32 24 In
668 353 44 25 the
729 360 54 18 case
795 352 26 24 of
831 352 29 25 T.
880 352 32 25 E.
927 353 110 25 Pearson
1050 352 74 32 (lease

592 398 40 30 V.,
645 399 56 27 227,
711 397 35 24 lot
758 397 23 28 2,
795 404 94 17 reserve
901 396 75 33 2332)
989 397 41 24 the
1041 395 83 25 Board

592 442 79 23 found
684 440 55 25 that
752 440 42 24 the
806 440 114 24 evidence
931 447 50 16 was
992 440 65 23 clear
1068 439 56 24 that

592 484 41 25 tha
658 484 70 28 lesse,
753 483 54 24 who
833 482 80 24 works
936 482 38 24 his
985 481 102 32 holding
1097 482 27 24 m

592 528 154 32 conjunction
768 527 60 25 with
841 527 56 25 that
908 526 27 25 of
950 527 39 24 his
1009 526 82 25 father
1093 540 29 4 —
1122 540 2 7 >

592 581 32 16 an
636 573 60 30 aged
707 580 58 16 man
767 585 31 4 —
800 572 48 22 and
859 571 58 24 that
928 571 26 23 of
963 570 40 23 his
1014 569 108 28 brother,

592 616 39 24 Mr
648 616 25 24 J.
696 614 35 25 H.
753 614 117 30 Pearson,
892 613 87 26 boards
1001 613 60 24 with
1084 613 39 24 his

591 661 99 30 parents
702 666 32 16 on
745 658 66 24 their
830 657 110 31 holding.
986 656 48 24 His
1045 656 79 24 father

592 701 105 26 testified
724 704 26 20 to
773 701 43 23 the
850 700 50 24 fact
919 700 57 24 that
998 699 40 24 his
1066 705 58 18 .sons

591 747 42 24 did
656 745 74 25 assist
741 744 60 24 him.
849 743 53 24 The
919 742 84 25 Board
1013 741 111 26 resolved

593 792 51 22 that
655 790 28 23 m
695 788 65 24 view
765 788 27 24 of
801 787 43 24 the
859 787 49 23 fact
920 787 56 23 that
991 785 42 24 the
1053 785 69 24 hold-

592 834 59 31 ings
663 841 41 15 are
717 834 42 22 too
771 830 73 25 small
861 833 25 20 to
906 829 79 25 afford
1002 837 15 16 a
1037 828 85 30 living,

592 877 49 25 and
652 876 56 25 that
721 875 41 24 Mr
773 875 107 24 Pearson
891 873 51 25 had
953 874 26 23 to
992 872 73 24 assist
1084 871 39 23 his

591 921 87 27 father,
696 921 19 23 it
727 919 84 25 would
821 917 111 26 overlook
948 917 40 24 his
1000 915 86 25 failure
1096 917 26 23 to

592 965 95 30 comply
698 963 27 24 m
739 962 42 25 rhe
792 963 63 31 past,
876 961 46 25 but
938 960 57 24 that
1014 959 31 24 he
1056 959 68 24 must

592 1008 69 25 fence
673 1006 36 25 off
726 1006 41 24 his
781 1005 101 27 section,
907 1002 69 26 stock
988 1002 49 25 and
1057 1000 67 25 work

592 1053 19 22 it
623 1052 31 30 by
665 1050 75 27 itself,
759 1049 49 25 and
828 1048 73 24 make
918 1048 40 23 his
977 1046 146 31 permanent

592 1096 73 24 home
677 1101 32 16 on
720 1094 20 22 it
750 1092 33 32 by
804 1092 60 23 Dec.
887 1093 40 24 81,
949 1091 72 26 1896,
1035 1096 27 16 or
1074 1088 49 24 else

593 1137 107 26 transfer
724 1136 43 24 the
789 1136 67 25 lease
881 1140 26 19 to
931 1140 68 19 some
1011 1138 47 19 one
1068 1133 55 24 who

593 1183 50 24 will
654 1181 31 24 do
697 1188 35 16 so.

625 1225 31 25 In
668 1225 41 24 the
721 1231 54 18 case
791 1223 27 25 of
825 1222 24 25 J.
862 1222 30 24 R.
906 1220 57 26 Pole
972 1220 75 32 (lease
1058 1219 64 29 Vl2,

592 1270 34 24 lot
644 1270 38 26 15,
712 1275 97 16 reserve
837 1265 74 31 2332)
934 1265 20 23 it
982 1263 50 24 had
1060 1263 63 24 been

592 1313 88 31 proved
701 1312 54 23 that
774 1311 38 23 bis
835 1308 111 25 business
959 1306 114 32 required
1084 1306 39 23 his

592 1356 90 24 almost
710 1355 114 23 constant
844 1352 146 25 attendance
1014 1352 25 23 at

592 1399 62 30 Hill,
677 1399 82 25 where
770 1399 30 23 he
822 1397 47 24 has
892 1404 16 16 a
934 1394 189 31 wheelwright's

592 1444 69 31 shop,
684 1442 48 25 and
744 1442 81 25 where
837 1441 40 24 his
886 1439 136 32 daughters
1033 1437 48 26 live
1096 1437 28 24 m

591 1488 42 24 the
655 1487 61 23 Post
729 1485 76 25 Office
821 1484 27 25 m
859 1483 84 26 which
969 1483 36 24 he.
1023 1481 21 24 is
1056 1482 65 30 postr

590 1532 99 27 master,
708 1529 49 25 and
777 1529 56 25 that
851 1527 38 25 his
906 1533 115 26 presence
1033 1532 33 17 on
1084 1524 38 25 his

590 1576 36 24 lot
637 1575 28 24 m
677 1574 43 24 the
738 1573 90 31 village
851 1566 142 30 settlement
1010 1569 21 25 is
1047 1568 75 25 infre-

589 1620 77 29 quent
687 1616 91 31 during
797 1616 42 23 the
851 1615 116 31 daytime,
986 1613 93 31 though
1091 1612 32 24 he

588 1667 82 24 passes
683 1667 65 16 more
760 1667 26 17 or
808 1659 50 23 less
880 1657 27 24 of
931 1657 38 23 his
992 1656 83 30 nights
1094 1655 28 23 m

589 1703 36 25 his
636 1702 79 25 house
727 1709 33 17 on
776 1701 43 25 the
830 1700 113 31 holding.
973 1698 61 24 The.
1040 1697 82 24 Board

587 1745 111 26 resolved
710 1749 26 20 to
762 1745 45 24 call
819 1751 66 24 upon
896 1742 52 24 him
960 1743 26 23 to
1012 1740 108 25 transfer

586 1790 40 25 his
648 1789 67 25 lease
743 1788 89 25 within
860 1789 47 22 two
935 1784 100 26 months
1058 1785 25 23 to
1106 1792 15 16 a

586 1834 89 23 tenant
686 1831 123 32 approved
828 1830 32 31 by
879 1829 43 26 the
947 1828 92 29 Board,
1065 1827 55 25 who

586 1875 83 27 would
680 1874 94 33 comply
785 1873 62 26 with
858 1873 43 24 the
913 1872 146 28 conditions,
1072 1870 48 25 and

586 1923 25 22 to
623 1920 79 31 notify
713 1919 54 24 him
779 1918 56 25 that
844 1917 89 32 failing
943 1916 62 25 such
1015 1915 106 25 transfer

585 1964 40 26 his
636 1966 105 23 interest
752 1963 51 25 will
814 1962 31 25 be
865 1961 121 26 forfeited.

584 2193 190 59 LOCAL
797 2193 34 56 an
850 2191 38 59 d
888 2191 230 59 GENERAL

621 2309 36 24 To
668 2316 51 16 the
731 2307 139 26 Electors.
872 2321 32 5 —
905 2307 25 25 It
941 2314 59 24 may
1016 2308 102 23 interest

586 2352 44 25 the
642 2352 104 24 electors
771 2351 27 25 of
819 2351 92 24 Oxford
934 2352 27 23 to
984 2350 69 24 know
1066 2350 55 25 that

588 2396 59 31 they
664 2402 47 18 can
734 2394 78 31 study,
830 2401 117 24 economy
971 2393 33 32 by
1028 2392 94 32 baying

588 2439 65 25 their
672 2438 112 31 Drapery
805 2437 50 25 and
866 2437 120 31 Clothing
998 2438 26 23 at
1037 2436 31 25 R.
1086 2436 34 24 fl.

588 2483 119 28 Parish's,
719 2478 69 35 High
802 2481 89 30 Street,
904 2481 80 24 where
1000 2480 59 32 they
1071 2481 51 24 will

588 2530 41 29 get
640 2526 118 25 Trousers
770 2525 63 25 from
854 2526 36 24 6s.
908 2533 44 24 per
970 2524 55 32 pair
1035 2531 9 23 ;
1061 2524 61 26 Col-

589 2570 67 26 onial
667 2569 90 25 Tweed
769 2570 70 25 Suits
850 2569 62 25 from
924 2570 44 24 25s
974 2570 53 24 also
1039 2568 81 32 splen-

588 2615 43 24 did
638 2613 74 25 value
728 2613 28 24 m
767 2613 76 31 Boy's
855 2612 109 25 Knicker
976 2612 69 25 Suits
1063 2613 37 29 ss,

622 2673 101 25 Oxford
753 2672 84 24 Cycle
873 2671 77 25 Cltjb.
953 2685 32 4 —
986 2671 53 24 The
1067 2671 56 24 first

589 2716 93 26 annual
693 2716 109 32 meeting
812 2716 26 24 of
845 2716 43 24 the
906 2715 78 26 above
999 2714 64 26 Club
1072 2723 50 17 was

589 2761 59 24 held
659 2761 28 23 m
699 2759 54 25 The
772 2759 105 31 Library
895 2759 64 25 East
982 2759 92 24 Oxford
1090 2766 33 17 on

591 2803 110 32 Monday
718 2803 58 29 last,
795 2803 40 25 Mr
847 2803 32 24 G.
894 2802 83 26 Smith
988 2810 50 17 was
1049 2801 74 26 voted

589 2851 26 23 to
638 2848 44 26 the
704 2847 75 26 chair.
813 2847 79 25 There
910 2855 48 17 wa3
977 2855 15 16 a
1017 2846 49 25 fair
1084 2848 36 24 at-

590 2893 120 25 tendance
732 2892 28 24 of
775 2892 129 24 members.
939 2891 54 24 The
1016 2890 107 26 Balance

591 2937 75 25 Sheet
676 2944 51 17 was
739 2934 59 26 read
807 2935 80 25 which
899 2935 99 25 showed
1007 2935 42 24 the
1057 2935 66 24 Club

589 2983 27 22 to
628 2980 28 25 be
668 2979 27 25 m
708 2987 14 17 a
733 2979 48 24 fair
792 2977 116 26 financial
918 2980 71 24 state.
1008 2978 115 26 Election

589 3024 27 25 of
630 3024 96 24 officers
737 3022 61 26 then
810 3023 57 25 took
883 3022 77 33 place.
995 3022 129 26 President

589 3068 41 25 Mr
655 3069 27 24 J.
703 3067 104 32 Ingram
833 3067 60 32 Esq.
922 3067 202 25 Vice-President

589 3113 93 25 Messrs
694 3113 26 24 J.
733 3112 119 30 Pearson,
871 3111 28 25 C.
918 3111 145 31 Thompson
1075 3110 49 24 and

588 3157 33 25 A.
635 3155 93 25 Stubbs
739 3155 76 32 Esqs.
852 3156 128 30 Secretary
990 3154 48 24 and
1049 3154 74 24 Trea-

588 3208 69 16 surer
673 3200 42 23 Mr
732 3199 39 25 W.
799 3200 35 23 H,
864 3198 95 30 Alford,
983 3198 139 24 re-elected.

588 3243 106 33 Captain
705 3243 41 25 Mr
758 3243 34 26 H.
805 3243 153 31 Thompson,
972 3241 151 26 Committee

589 3288 91 25 Messrs
697 3288 30 24 T.
752 3288 153 30 Thompson,
925 3287 32 24 G.
978 3286 92 29 Smith,
1089 3286 34 24 H.

589 3330 152 31 Thompson,
760 3330 40 24 W.
824 3329 125 31 Mitchell,
968 3329 40 24 W.
1027 3328 96 29 Alford,

588 3374 28 25 P.
638 3374 141 30 Thompson
801 3374 49 24 and
874 3373 32 25 G:
930 3373 77 31 Ryde.
1070 3373 53 25 The

588 3417 110 31 meeting
711 3417 58 24 then
792 3417 82 24 closed
897 3417 61 24 with
982 3425 15 15 a
1019 3419 58 22 vote
1100 3417 27 24 of

588 3460 92 25 thanks
697 3462 26 23 to
743 3460 43 24 the
810 3460 147 24 Chairman.

624 3527 63 25 New
704 3526 90 27 Store.
797 3541 32 3 —
830 3527 41 23 Mr
890 3525 51 26 Lee
964 3526 43 25 has
1030 3527 95 32 opened

587 3567 40 25 his
638 3574 56 17 new
711 3565 129 32 premises,
858 3573 61 16 n*ar
930 3566 42 24 the
993 3567 136 27 salerards,'

588 3607 49 25 and
654 3606 80 32 ought
751 3608 26 23 to
795 3605 32 26 do
845 3605 64 32 good
933 3605 112 26 business
1066 3607 59 24 with

588 3648 40 24 his
647 3654 55 17 new
720 3647 48 24 and
784 3646 57 25 well
858 3646 111 25 assorted
987 3647 79 24 stock.

627 3713 64 24 How
703 3713 156 25 Protection
871 3713 133 24 Protects.
1007 3727 32 3 —
1040 3713 54 26 One
1101 3712 27 25 of

588 3753 45 26 her
659 3754 139 31 politicians
824 3754 138 26 calculatea
977 3753 66 26 -.that
1068 3753 57 24 Vic-

588 3794 64 23 toria
660 3792 46 25 has
720 3795 45 22 lost
783 3794 92 27 90,000
887 3794 26 23 of
923 3793 45 24 her
979 3792 153 33 population,

589 3833 67 24 since
676 3834 103 23 1888.—
784 3834 126 23 Forward.

621 3899 118 26 Lecture
756 3909 48 16 and
821 3900 109 26 .Coffee:
952 3900 98 25 Social.
1052 3915 32 3 —
1087 3900 38 25 On
1132 3923 2 3 .

589 3938 156 31 Wednesday
760 3941 103 29 evening
870 3944 69 23 next,
953 3941 26 22 at
990 3939 42 24 che
1043 3939 82 24 Meth-

588 3979 64 24 odist
670 3978 108 29 Church,
803 3979 71 25 West
886 3979 102 28 Oxford,
1010 3978 42 25 the
1064 3979 70 26 Rev.:

589 4017 65 24 Wm.
668 4017 95 31 Morley
775 4017 51 25 will
845 4018 94 24 lecture
951 4026 33 15 on
1114 4017 13 23 I

589 4063 51 19 saw
651 4055 50 25 and
713 4055 75 25 heard
796 4055 27 25 m
1131 4048 5 32 I

621 4130 149 25 Inflttenza.
772 4144 28 4 —
805 4130 63 25 Now
887 4130 50 24 this
966 4130 120 31 epidemic
1105 4130 32 32 isj

588 4169 271 46 becon>ingJ|ref£l|?K
866 4181 37 17 we
915 4169 113 45 sjjgpngjy
1029 4180 98 32 jecom-
1134 4186 4 18 ;

589 4217 73 26 mend
674 4218 43 25 the
729 4217 50 26 free
791 4225 44 17 use
847 4217 28 25 of
885 4217 124 30 Platypus
1016 4217 86 25 Brand
1110 4224 15 17 o
1134 4222 3 17 :

757 4261 125 26 Globulus
911 4261 113 29 Extract,
1053 4262 85 25 taken,

590 4313 66 25 upon
679 4296 281 43 sugar^o^;m,^tiiiilj.'
987 4296 53 33 tfhe
1063 4304 76 25 most?

589 4349 115 33 pleasant
714 4354 58 29 tfay-
781 4351 26 25 to
815 4348 58 31 t.aki>
877 4348 164 33 jEjibaJyptus
1054 4348 30 26 :5s
1103 4348 27 24 m

581 4393 52 31 i/JSh/B
642 4401 7 22 i
664 4394 126 33 Platyjjjpyt
810 4390 96 31 ßfajad
925 4393 29 26 of
974 4392 155 32 JBuiTalyptus

589 4436 129 33 Jujubes.;*,
739 4461 7 9 w
741 4437 71 33 Th'ey,
993 4444 16 17 a
1012 4440 5 19 ;
1019 4435 112 32 portable

580 4477 80 29 rform,
672 4477 117 32 pleasant
799 4480 26 23 to
838 4479 75 28 taste,
930 4476 52 27 and
998 4476 141 32 antiseptics

596 4520 141 26 stimulant.

1184 178 53 24 Tre
1251 176 137 25 Wbather.
1390 189 32 4 —
1424 174 37 25 On
1485 174 113 32 Tuesdey
1610 181 71 18 even-

1150 218 44 33 ing
1211 219 111 26 between
1332 218 15 24 8
1359 216 48 26 and
1423 217 15 24 9
1457 222 64 25 p.m.
1534 223 70 19 snow
1615 221 66 19 com-

1151 258 103 26 menced
1270 262 25 20 to
1306 256 53 29 fall,
1393 254 51 25 and
1455 254 133 25 continued
1599 256 26 23 to
1636 252 45 26 fall

1152 302 26 22 at
1192 299 117 24 intervals
1321 295 92 31 during
1424 294 44 25 the
1479 294 129 30 following
1627 293 54 31 day.

1185 359 127 25 Lecture.
1313 370 32 5 —
1347 355 41 25 Mr
1399 355 104 24 Downes
1526 354 51 24 will
1588 354 94 24 lecture

1151 404 25 24 m
1188 402 43 25 the
1254 402 62 24 East
1334 399 92 24 Oxford
1451 397 76 25 Town
1547 397 69 29 Hall,
1646 399 35 22 to-

1152 453 104 18 morrow
1274 442 121 34 (Sunday)
1420 440 113 31 evening,
1552 449 33 16 on

1151 487 105 27 Revised
1267 485 104 27 Version
1381 484 27 26 of
1418 484 43 24 the
1473 483 79 25 Bible.
1579 483 102 25 Discus-

1152 528 52 25 sion
1222 524 101 28 invited.

1291 663 242 27 VALEDICTORY.

1185 708 39 25 On
1236 708 91 30 Friday
1339 705 70 25 25th.
1434 705 42 23 the
1493 704 101 31 parents
1606 701 26 25 of
1641 701 41 25 the

1151 748 110 25 children
1273 747 27 25 of
1310 746 42 25 the
1371 745 69 24 View
1460 742 55 25 Hill
1528 740 92 27 School
1631 741 52 23 met

1151 790 26 22 at
1188 788 42 24 the
1243 786 157 27 Schoolroom
1412 784 38 23 for
1461 783 42 23 the
1522 788 112 25 purpose,
1658 780 24 24 of

1151 826 114 30 assuring
1284 824 40 24 Mr
1336 823 84 24 Maber
1431 821 25 23 of
1468 820 66 24 their
1559 817 123 32 apprecia-

1151 863 53 24 tion
1216 862 26 25 of
1252 862 42 25 the
1316 867 104 18 manner
1441 858 28 24 m
1489 856 80 25 which
1589 855 33 24 he
1634 854 47 24 has

1151 901 94 26 carried
1256 902 42 24 out
1315 900 40 24 his
1367 897 80 25 duties
1459 896 27 25 of
1496 896 95 25 Master
1603 893 27 25 of
1640 893 42 25 the

1153 942 87 26 School
1258 942 38 23 for
1319 939 94 25 several
1432 945 79 23 years.
1554 935 41 24 Mr
1607 934 75 23 Bunn

1151 982 114 31 occupied
1277 981 43 24 the
1329 979 77 29 chair,
1425 977 49 25 and
1485 977 25 24 m
1529 984 16 16 a
1556 981 58 24 very
1636 981 43 23 ap-

1151 1020 123 33 propriate
1294 1018 89 32 speech
1409 1015 126 33 expressed
1559 1011 68 28 what
1649 1011 32 25 all

1150 1060 53 29 felt,
1221 1060 42 23 the
1286 1057 86 31 kindly
1390 1055 112 30 feelings,
1521 1053 52 25 and
1593 1051 89 25 wishes

1151 1100 26 24 of
1192 1099 80 24 future
1283 1098 133 30 happiness
1435 1095 49 23 and
1503 1091 141 34 prosperity
1657 1089 27 25 of

1151 1138 41 24 Mr
1202 1138 50 24 and
1272 1136 50 25 Mrs
1341 1135 87 25 Maber
1452 1133 49 24 and
1523 1131 65 25 their
1606 1129 75 25 child-

1150 1184 53 17 ren.

1184 1216 40 24 Mr
1244 1216 74 23 Bunn
1341 1214 61 25 then
1425 1209 132 35 presented
1576 1216 15 16 a
1602 1208 80 31 pretty

1150 1249 71 29 little'
1237 1254 108 30 present,
1376 1253 65 22 from
1461 1250 44 24 the
1525 1248 110 26 children
1654 1245 28 24 m

1150 1292 43 25 the
1204 1291 76 31 shape
1298 1291 24 24 of
1334 1297 15 17 a
1371 1290 73 24 silver
1465 1289 39 23 tea
1525 1288 51 29 pot,
1601 1283 81 25 which

1152 1331 38 23 Mr
1198 1329 85 25 Maber
1291 1326 188 31 acknowledged
1489 1326 28 23 m
1525 1331 60 24 very
1595 1324 87 30 pretty

1151 1370 49 25 and
1224 1369 89 31 feeling
1324 1370 85 23 terms.

1184 1411 53 24 The
1249 1416 121 25 company
1393 1409 34 23 all
1446 1406 53 25 told
1510 1402 136 27 amounted
1657 1404 26 23 to

1153 1451 47 23 140
1211 1450 62 29 who,
1287 1448 105 25 assisted
1409 1448 31 29 by
1451 1446 42 24 the
1513 1444 39 25 Ka
1564 1442 37 25 Ka
1614 1441 67 25 Min-

1150 1489 69 25 strels
1232 1489 71 30 spent
1315 1495 15 16 a
1341 1486 52 25 real
1406 1484 67 33 (jolly
1495 1482 112 30 evening,
1620 1479 64 32 fully

1150 1528 148 30 convincing
1308 1526 41 24 Mr
1365 1524 86 25 Maber
1479 1521 33 29 of,
1521 1521 41 24 the
1574 1517 58 26 kind
1647 1525 35 16 re-

1150 1567 72 32 gards
1237 1567 27 24 m
1276 1564 80 25 which
1368 1566 32 21 he
1409 1561 51 25 and
1467 1559 40 26 his
1525 1557 86 32 family
1631 1556 53 25 will

1150 1614 55 16 ever
1218 1607 28 22 be
1255 1602 58 25 held
1330 1601 28 24 m
1369 1601 43 24 the
1426 1599 85 24 hearts
1522 1597 28 25 of
1559 1597 43 24 the
1621 1595 61 24 Par-

1150 1643 56 24 ents
1217 1642 27 23 of
1263 1641 70 24 those
1358 1639 79 24 whom
1455 1637 32 24 he
1499 1636 46 24 has
1567 1634 62 25 been
1656 1639 27 18 so

1149 1679 133 26 successful
1299 1678 27 24 m
1333 1677 41 24 his
1392 1674 123 31 teaching.

1247 1816 131 30 LIQUOR
1392 1823 24 16 v.
1434 1810 147 30 LABOUR,

1346 1861 126 28 Forward.

1179 1950 33 25 In
1221 1950 42 25 the
1275 1948 63 25 Blue
1350 1946 69 26 Book
1430 1945 26 26 of
1466 1945 74 29 1891,
1552 1942 86 26 issued
1650 1941 32 31 by

1146 1991 43 25 the
1209 1989 82 26 Board
1313 1987 27 26 of
1357 1986 79 26 Trade
1454 1985 29 24 m
1505 1980 117 35 England
1638 1980 44 25 the

1147 2030 143 31 percentage
1324 2027 24 23 of
1377 2032 81 24 wages
1481 2025 27 23 to
1534 2022 104 29 receipts
1659 2019 23 24 is

1148 2067 86 26 shown
1245 2067 27 24 m
1290 2065 41 25 the
1355 2063 127 31 following
1506 2059 160 32 occupations
1673 2067 7 15 :

1532 2099 150 29 Percentage

1214 2140 160 35 Occupatibn.
1526 2138 25 25 of
1562 2143 82 26 wages
1656 2137 26 24 to

1551 2177 110 31 receipts.

1148 2223 97 31 Mining
1292 2241 28 5 ...
1624 2217 58 23 55.0

1148 2260 177 34 Shipbuilding
1624 2254 58 25 37.0

1148 2303 83 25 Docks
1243 2303 48 23 and
1301 2301 120 24 harbours
1623 2295 57 24 34.7

1148 2340 121 31 Railways
1571 2352 16 6 ••
1623 2334 15 23 3
1642 2333 41 24 0-°

1148 2382 157 30 Agriculture
1624 2374 59 25 29.0

1149 2420 93 23 Canals
1624 2413 58 23 29.0

1150 2458 90 25 Cotton
1257 2455 167 26 Manufacture
1494 2472 28 5 ...
1560 2471 28 5 ...
1624 2451 58 25 28.2

1149 2497 166 27 Waterworks
1623 2491 57 26 25.7

1148 2539 60 25 Iron
1219 2538 51 25 and
1280 2537 60 26 steel
1351 2536 173 25 manufacture
1560 2552 28 5 ...
1624 2532 58 25 23.3

1150 2578 93 25 Textile
1258 2576 139 25 Industries
1428 2593 27 6 ...
1494 2592 28 6 ...
1560 2591 43 9 ..,.
1624 2571 58 25 22.6

1150 2617 52 25 Gas
1213 2615 171 26 manufacture
1428 2631 93 7 ......
1560 2629 28 6 ...
1624 2610 60 24 20.0

1149 2656 110 32 Brewing
1294 2653 5 25 '.
1641 2650 41 23 7.5

1183 2693 53 25 The
1253 2691 77 27 above
1352 2690 67 27 table
1442 2688 87 33 speaks
1550 2687 39 25 for
1607 2686 75 27 itself,

1150 2734 48 25 and
1210 2733 140 32 eloquently
1362 2732 82 24 shows
1455 2731 56 24 that
1522 2731 28 23 m
1562 2727 120 33 compari-

1150 2782 45 16 son
1207 2773 61 25 with
1290 2772 70 25 other
1381 2770 136 26 industries
1533 2768 145 32 practically

1150 2813 40 25 the
1202 2813 81 32 liquor
1292 2811 69 26 trade
1372 2811 68 33 gives
1452 2817 33 17 no
1496 2809 99 25 labour.'
1627 2808 53 24 The

1150 2852 93 26 United
1252 2852 84 26 States
1348 2851 25 25 of
1382 2849 115 26 America
1507 2847 46 26 tell
1561 2847 44 25 the
1616 2854 67 18 same

1150 2890 92 26 doleful
1260 2890 57 24 tale.

1183 3095 71 26 THE
1272 3095 159 26 LARGEST
1451 3095 135 24 FAMILY
1605 3094 46 26 ON

1343 3139 148 24 RECORD.

1237 3183 47 23 The
1303 3184 123 22 Hamilton
1452 3183 146 23 Advertiser.

1185 3249 31 25 In
1228 3249 44 25 the
1284 3249 123 26 Harleian
1425 3249 167 33 manuscript,
1612 3256 61 19 num
1675 3264 9 18 :

1152 3294 42 24 ber
1223 3294 182 31 severity-eight
1436 3294 49 24 arid
1512 3296 56 26 980,
1596 3294 28 24 m
1641 3294 45 25 the

1152 3337 90 32 library
1254 3337 26 25 of
1301 3337 42 25 the
1355 3337 98 25 British
1471 3337 123 31 Museum,
1616 3333 76 30 men-'

1153 3381 53 24 tion
1217 3383 21 22 is
1249 3381 72 24 made
1333 3382 25 23 of
1365 3382 43 23 the
1419 3383 66 23 most
1496 3382 187 32 extraordinary

1152 3424 86 31 family
1249 3424 56 24 that
1327 3424 46 25 has
1397 3432 57 17 ever
1474 3424 62 25 been
1555 3425 89 25 known
1657 3426 28 24 m

1153 3466 43 24 the
1207 3467 98 24 world's
1316 3466 103 32 history.
1455 3467 52 27 The
1518 3469 95 31 parties
1623 3477 64 19 were

1153 3518 15 16 a
1185 3509 90 26 Scotch
1299 3517 95 18 weaver
1416 3510 50 25 and
1488 3511 40 25 his
1548 3511 56 26 wife
1630 3513 57 31 (not

1153 3553 94 33 wives),
1266 3553 53 25 who
1330 3562 63 17 were
1417 3553 43 26 the
1481 3555 81 26 father
1573 3555 49 25 and
1634 3564 52 17 mo-

1153 3598 57 26 ther
1221 3597 27 29 pf
1258 3598 127 30 sixty-two
1401 3597 121 26 children.
1569 3598 54 25 The
1634 3607 53 17 ma-

1152 3641 74 32 jority
1242 3641 27 24 of
1279 3642 41 23 the
1344 3641 121 31 offspring
1478 3642 25 24 of
1520 3642 51 24 this
1591 3642 97 31 prolific

1152 3685 54 30 pair
1217 3692 60 17 were
1299 3684 61 31 boys
1380 3684 107 33 (exactly
1508 3684 57 32 hq-w
1576 3693 77 25 many
1664 3686 27 24 of

1154 3728 60 25 each
1227 3736 43 17 sex
1281 3728 22 25 is
1315 3730 43 23 not
1376 3728 110 34 known),
1498 3729 38 25 for
1548 3729 44 25 the
1602 3730 85 25 record

1154 3773 125 25 mentions
1293 3772 43 25 the
1355 3773 49 25 fact
1416 3773 56 25 that
1483 3773 114 32 forty-six
1609 3774 26 24 of
1646 3774 43 25 the

1154 3817 62 25 male
1229 3817 112 25 children
1353 3817 65 25 lived
1430 3817 110 25 toireach
1547 3817 140 27 manhoods

1155 3862 87 27 estate,
1258 3860 54 26 'ami
1323 3860 58 32 only
1396 3860 94 27 fourjof
1499 3861 43 25 the
1557 3860 132 32 daughters

1154 3903 65 26 lived
1231 3906 26 24 to
1269 3904 31 25 bd
1311 3912 129 25 grown-up
1451 3912 104 18 women.
1590 3904 99 33 Thirty-

1154 3948 58 24 nine
1223 3948 26 24 of
1259 3948 42 24 the
1316 3956 58 16 sons
1386 3944 246 35 we[re.still.living<in
1646 3948 43 25 the

1154 3998 58 24 year
1223 3992 73 27 1680,
1315 3990 44 25 the
1378 3990 123 32 majority^
1511 3991 27 25 of
1547 3993 70 23 them
1628 3992 61 24 then

1155 4033 109 32 residing
1286 4034 26 24 m
1335 4033 50 25 and
1407 4033 78 25 about
1498 4034 191 25 Newcastle-on-

1155 4076 78 32 Tyne.
1277 4077 25 25 It
1312 4077 22 24 is
1355 4076 122 26 recorded
1487 4076 106 26 in^ofie'
1611 4076 29 26 of
1648 4077 51 35 th.^;*

1156 4114 42 30 did
1221 4120 116 25 histories
1360 4121 25 24 of
1398 4108 301 46 .^wd^itl^itha-t^^l.

1156 4165 100 30 certyne
1268 4164 142 30 gentlemen
1426 4164 29 24 of
1453 4190 3 6 (
1455 4173 14 15 r
1474 4168 69 27 large

1156 4207 58 26 rode
1499 4207 73 26 miles
1593 4207 98 34 beyond

1156 4250 45 26 the
1209 4258 7 11 l
1229 4251 65 33 Tyre
1330 4253 27 24 to
1376 4259 82 25 .prove
1473 4252 59 28 ;this
1557 4250 135 27 wonderful

1291 4294 28 26 It
1330 4294 22 25 is
1363 4291 96 28 further
1470 4296 92 24 related
1574 4292 55 28 that
1651 4296 42 24 Sir

1158 4336 25 26 J.
1193 4338 97 25 Bowers
1298 4338 107 32 adopted
1416 4339 44 24 ten
1470 4346 15 18 o
1487 4339 9 18 f
1511 4339 42 25 the
1566 4346 64 23 sons,
1643 4339 49 25 and

1158 4426 44 22 ten
1213 4425 69 25 each.
1317 4425 55 25 The
1388 4425 139 33 remaining
1539 4426 119 25 members
1668 4426 28 25 of

1159 4466 52 26 this
1222 4466 186 34 extraordinary
1416 4463 89 38 family
1514 4477 62 17 were
1587 4468 112 33 brought'

1151 4505 42 36 !up
1212 4512 33 31 by
1264 4510 65 26 their
1352 4513 108 30 parents.
1635 4521 60 23 gen-

1835 176 42 16 are
1896 169 46 24 not
1964 176 56 17 now
2031 176 28 17 so
2077 169 60 26 fond
2158 168 27 25 of
2194 168 48 25 col-

1709 212 94 33 lecting
1811 212 60 32 boys
1883 221 6 22 ;
1907 211 35 26 all
1950 212 64 25 their
2025 213 57 25 time
2093 213 22 26 is
2126 212 115 33 required

1710 259 40 24 for
1762 257 132 30 collecting
1902 258 79 24 rents.

1796 400 149 24 POWDER
1973 400 69 24 AND
2065 401 95 23 SHOT.

1870 473 76 24 From
1958 473 122 24 Forward.

1744 521 25 25 It
1780 521 21 25 is
1823 521 150 32 interesting
1991 523 25 22 to
2035 522 58 24 note
2121 521 55 25 that
2199 520 44 26 the

1711 561 137 26 wealthiest
1860 560 99 26 Labour
1978 561 169 31 organisation
2162 562 28 24 m
2201 560 42 25 the

1710 600 85 30 world,
1815 600 43 24 the
1879 599 119 25 Windsor
2018 599 74 25 Glass
2119 599 123 25 Workers'

1711 637 156 26 Association
1879 638 26 23 of
1921 637 135 32 Pittsburg,
2069 637 52 28 Pa.,
2135 637 106 28 U.S.A.,

1710 675 46 25 has
1768 675 100 25 decided
1879 677 26 23 to
1917 679 112 28 compete
2040 675 59 25 with
2109 675 43 25 the
2173 683 69 16 man-

1710 713 137 26 ufacturers
1864 713 32 31 by
1914 714 109 31 erecting
2042 713 113 25 factories
2168 714 25 24 of
2209 713 34 25 its

1710 762 61 21 own,
1789 756 26 23 to
1827 754 28 25 be
1867 754 121 31 managed
2007 762 31 16 on
2057 753 43 25 the
2117 761 125 24 co-opera-

1710 794 50 23 tive
1778 794 69 31 plan.

1743 833 80 25 There
1834 834 21 24 is
1867 841 33 15 no
1920 834 55 29 gain
1995 837 32 24 to.
2033 834 94 30 society,
2135 835 26 22 at
2173 833 68 30 large

1711 870 64 25 from
1787 871 43 25 the
1841 871 48 24 rise
1898 870 26 25 of
1937 873 55 23 rent
2002 879 6 22 ;
2026 872 20 24 it
2057 872 22 24 is
2095 872 147 31 advantage-

1710 919 44 16 ous
1765 913 26 23 to
1803 912 41 24 the
1863 911 127 26 landlords
2011 912 79 29 alone,
2117 912 48 24 and
2176 912 67 25 their

1710 951 116 25 interests
1838 960 41 16 are
1891 952 58 24 thus
1969 954 173 29 permanently
2161 953 26 23 m
2199 961 42 23 op-

1710 990 142 30 position-to
1865 990 71 25 those
1945 990 27 24 of
1981 990 35 24 all
2024 990 179 28 other.classes.
2206 1006 33 4 —

1711 1027 114 26 Ricarelo.

1743 1067 39 23 An
2011 1067 84 30 points
2117 1070 45 22 out
2187 1069 56 24 that

1710 1103 33 25 he
1753 1112 61 24 pays
1827 1105 97 29 £7,500
1936 1112 14 16 a
1962 1112 58 24 year
2037 1105 25 23 m
2072 1113 81 23 wages
2165 1107 26 22 to
2202 1105 42 25 his

1710 1144 134 29 workmen,
1868 1143 50 26 and
1942 1144 112 30 £15,000
2069 1145 27 24 m
2109 1147 57 23 rent
2192 1145 51 24 and

1710 1182 97 33 mining
1817 1182 126 33 royalties.

1744 1222 65 33 Only
1829 1222 143 32 one-eighth
1998 1223 26 25 of
2051 1223 54 25 the-
2121 1223 122 25 available

1710 1260 60 24 land
1781 1261 28 24 of
1822 1262 43 23 the
1875 1261 94 24 United
1993 1262 81 24 States
2093 1263 22 23 is
2137 1262 28 23 m
2190 1269 53 17 use.

1712 1297 40 24 All
1768 1300 115 29 attempts
1905 1298 33 31 by
1959 1298 153 24 landowners
2133 1301 26 22 to
2184 1298 60 25 shift

1710 1336 44 23 the
1781 1336 60 24 land
1872 1336 71 24 value
1968 1338 43 22 tax
2034 1336 71 25 when
2131 1336 113 32 imposed

1710 1373 82 26 would
1802 1374 33 25 be.
1842 1374 134 25 frustrated
1983 1374 33 32 by
2025 1374 44 25 the
2081 1375 161 31 competition

1710 1414 38 25 for
1759 1416 101 23 tenants
1872 1414 26 25 of
1908 1414 43 25 the
1963 1422 96 18 owners
2070 1415 28 25 of
2111 1415 43 25 the
2173 1416 71 25 other

1712 1455 194 32 seven-eighths.

1712 1589 71 24 THE
1801 1590 200 25 BEGINNING
2014 1590 42 25 OF
2078 1591 71 24 THE
2161 1591 81 24 END.

1743 1655 22 24 A
1787 1655 153 26 remarkable
1960 1656 127 25 condition
2110 1656 26 25 of
2162 1656 81 25 affairs

1710 1693 77 24 exists
1798 1693 28 24 m
1838 1693 119 31 England
1968 1695 26 22 at
2011 1695 41 22 the
2068 1696 98 29 present
2174 1695 68 24 time.

1711 1733 121 24 Business
1842 1733 21 24 is
1881 1733 142 32 improving
2042 1734 49 24 and
2110 1742 80 24 wages
2202 1742 42 17 are

1710 1771 86 32 rising,
1811 1771 73 24 while
1894 1771 99 25 neither
2004 1773 55 23 rent
2070 1780 46 17 nor
2124 1772 44 25 the
2178 1772 66 31 price

1711 1809 27 25 of
1746 1809 60 25 land
1825 1818 41 16 are
1877 1809 78 32 rising
1956 1825 32 3 —
1989 1810 26 24 m
2040 1810 59 29 fact,
2118 1810 59 24 both
2188 1813 56 23 rent

1711 1849 51 25 and
1774 1850 43 24 the
1837 1849 88 32 selling
1936 1850 66 31 price
2014 1849 26 26 of
2059 1849 61 26 land
2139 1858 41 17 are
2199 1850 43 25 fal-

1710 1888 61 31 ling.
1894 1888 22 24 is
1928 1888 44 25 the
1983 1889 156 30 explanation
2157 1889 27 24 of
2193 1889 51 25 this

1710 1928 120 31 apparent
1841 1926 117 33 anomaly
1965 1928 13 22 ?
1987 1926 53 25 The
2047 1926 125 33 following
2182 1928 61 24 item

1710 1968 63 24 from
1785 1968 43 24 the
1851 1967 70 32 April
1939 1968 105 24 number
2063 1968 27 25 of
2106 1969 73 24 Land
2195 1969 51 25 and

1710 2006 102 30 Labour,
1832 2008 43 22 the
1895 2014 78 23 organ
1993 2006 26 24 of
2037 2008 42 23 the
2098 2007 73 24 Land
2182 2007 60 25 Nat-

1710 2044 158 25 ionalisation
1899 2044 106 32 Society,
2032 2044 27 25 of
2091 2044 88 25 Which
2199 2045 45 25 -Dr

1710 2083 87 24 Alfred
1808 2082 101 25 Russell
1927 2083 119 28 Wallace,
2071 2085 41 22 the
2133 2084 111 24 eminent

1710 2120 109 32 English
1831 2121 118 28 scientist,
1957 2121 22 24 is
1987 2121 135 31 president,
2134 2121 109 32 supplies

1710 2166 15 17 a
1736 2159 47 30 key
1794 2161 25 22 to
1840 2159 43 24 the
1896 2159 109 31 seeming
2016 2162 111 29 mystery
2137 2178 6 6 .
2145 2174 33 4 —

1829 2199 99 31 anxiety
1946 2199 27 24 of
1982 2199 44 24 the
2036 2201 70 29 great
2117 2199 126 25 landlords

1710 2237 26 24 to
1759 2237 76 24 evade
1858 2236 44 25 the
1930 2237 100 32 coming
2056 2238 138 24 revolution
2212 2239 32 31 by

1710 2277 95 32 getting
1824 2276 37 25 rid
1882 2276 27 26 of
1926 2277 66 25 their
2009 2277 60 25 land
2080 2277 22 26 is
2113 2277 131 33 becoming

1710 2315 165 32 increasingly
1898 2315 106 25 evident.
2038 2316 54 24 The
2118 2316 73 25 Duke
2219 2318 26 23 of

1710 2354 153 25 Devonshire
1875 2354 45 24 has
1929 2355 55 32 just
2000 2356 87 31 parted
2105 2357 61 24 with
2178 2366 13 14 a
2202 2357 43 32 big

1710 2395 57 25 slice
1776 2395 27 25 of
1811 2395 41 24 his
1865 2395 48 24 real
1924 2398 116 29 property
2051 2396 26 24 m
2086 2397 156 32 Derbyshire.

1711 2432 50 25 The
1771 2432 73 25 Duke
1855 2432 25 25 ot
1892 2432 108 26 Norfolk
2011 2433 47 24 has
2069 2434 101 25 decided
2176 2442 68 24 upon

1711 2470 125 32 disposing
1847 2470 28 25 of
1891 2470 76 25 about
1990 2472 75 27 4,000
2082 2480 68 17 acres
2171 2474 26 23 of
2206 2474 38 24 his

1710 2510 137 26 Yorkshire
1859 2512 86 29 estate,
1963 2511 84 26 which
2057 2512 20 25 it
2088 2512 22 26 is
2122 2513 55 25 said
2188 2513 56 27 that

1711 2552 38 24 his
1778 2554 100 23 tenants
1906 2552 51 25 will
1991 2552 118 33 probably
2138 2555 105 31 acquire.

1711 2590 83 25 About
1806 2598 15 16 a
1832 2598 59 24 year
1902 2598 46 24 ago
1965 2590 65 25 Lord
2046 2592 142 25 Ashburton
2206 2593 39 24 rid

1711 2630 101 25 himself
1821 2630 27 25 of
1857 2630 40 24 his
1915 2631 193 25 Somersetshire
2119 2634 125 30 property,

1711 2668 83 25 which
1813 2669 103 24 realised
1939 2671 75 24 about
2037 2671 141 31 £120,000,
2195 2672 51 25 and

1711 2718 53 16 now
1772 2709 40 26 his
1824 2709 129 26 Wiltshire
1964 2712 93 24 estates
2068 2720 42 17 are
2122 2716 26 22 to
2159 2721 32 24 go
2202 2713 43 25 the

1712 2751 67 24 tame

1744 2789 153 26 Heretofore,
1914 2791 131 24 whenever
2056 2791 99 26 busines
2166 2793 80 32 began

1711 2831 27 24 to
1749 2829 112 33 improve
1880 2830 44 25 the
1934 2832 67 31 price
2018 2832 27 25 of
2060 2832 60 26 land
2131 2836 66 23 went
2214 2842 32 25 up

1712 2869 50 25 and
1773 2869 42 25 the
1830 2869 127 26 landlords
1976 2870 122 27 hastened
2115 2874 24 23 to
2152 2873 57 25 take
2219 2874 28 23 m

1712 2907 43 26 the
1767 2908 68 25 slack
1847 2908 33 32 by
1891 2909 94 29 raising
2001 2909 67 25 their
2079 2913 74 23 rents.
2197 2912 51 25 But

1712 2954 57 18 now
1781 2947 57 25 that
1860 2947 45 25 the
1924 2947 126 25 advanced
2070 2951 69 30 stage
2158 2950 27 25 of
2204 2951 43 24 the

1713 2984 122 32 agitation
1846 2984 39 26 for
1910 2985 44 25 the
1971 2986 111 26 taxation
2104 2987 27 26 of
2153 2988 95 32 ground

1715 3025 68 25 rents
1795 3025 45 25 has
1860 3025 83 25 struck
1955 3027 140 26 terrorinto
2106 3027 44 26 the
2165 3028 84 26 hearts

1715 3064 28 25 of
1748 3065 43 25 the
1802 3065 134 28 landlords,
1948 3065 183 32 improvement
2143 3069 27 23 m
2181 3069 66 24 busi-

1715 3111 58 17 ness
1786 3104 44 24 has
1842 3103 43 25 the
1902 3103 53 32 just
1967 3104 49 25 and
2028 3105 136 32 legitimate
2176 3107 72 26 effect

1714 3144 27 22 of
1750 3142 141 31 improving
1914 3142 42 24 the
1976 3143 125 25 condition
2113 3144 27 24 of
2153 3145 96 28 labour,

1713 3179 51 24 and
1775 3187 81 24 wages
1875 3179 53 25 rise.
1963 3180 66 25 Here
2044 3180 22 25 is
2078 3190 15 16 a
2105 3182 50 24 fact
2164 3182 38 25 for
2213 3183 37 24 in-

1716 3217 113 31 telligent
1848 3219 204 29 representatives
2075 3220 26 24 of
2121 3220 131 25 American

1713 3254 88 26 labour
1813 3258 26 23 to
1851 3255 94 33 ponder
1965 3256 63 26 well.
2075 3257 59 26 Will
2150 3258 57 32 they
2220 3259 31 26 do

1779 3473 410 32 CORRESPONDENCE.

1718 3526 66 18 Wiiile
1792 3530 39 14 our
1839 3526 89 20 columns
1942 3532 36 14 are
1993 3532 52 20 open
2054 3529 20 18 to
2084 3528 37 25 all,
2136 3535 30 14 tee
2177 3530 26 19 do
2219 3533 36 18 not

1742 3561 91 27 identify
1851 3564 101 20 ourselves
1968 3565 52 20 with
2035 3566 99 23 .opinions
2149 3565 110 28 expressed'

1747 3599 87 21 therein.
1881 3602 5 12 ■'■
2036 3609 2 2 ■
2171 3601 3 2 '
2217 3605 7 13 \

1753 3636 34 23 To
1799 3637 37 23 the
1855 3638 87 24 Editor
1963 3640 32 27 of
2011 3640 37 24 the
2072 3641 138 25 'Observer.
2214 3645 6 8 1

1733 3695 71 24 THE
1834 3695 97 26 VIEW
1966 3697 86 25 HILL
2081 3699 152 26 VILLAGE

1864 3738 244 26 SETTLEMENT.

1949 3785 100 12 OOJQ^OO—
2049 3787 22 4 —

1921 3815 139 19 DUMMYJSAT.

1721 3867 42 27 Sir
1787 3853 23 33 ■■*
1828 3860 7 24 i
1834 3858 6 17 L
1864 3867 4 5 '
1893 3874 3 2 •
1933 3860 7 25 >'
1965 3862 10 23 f-
1992 3865 60 23 ••^•■-
2072 3865 58 25 .\.>
2129 3849 3 17 :
2145 3862 1 2 '
2182 3851 29 40 >

1751 3902 14 25 I
1776 3911 50 17 was
1835 3911 46 17 one
1894 3903 28 25 of
1937 3904 71 26 those
2027 3906 56 26 who
2104 3907 106 26 listened
2229 3911 26 23 to

1721 3946 46 25 the.
1775 3947 117 27 evidence
1904 3947 33 32 (if
1946 3949 116 25 evidence
2070 3950 21 25 ifc
2102 3952 61 28 was)
2176 3952 81 25 before

1720 3988 47 24 Me»
1785 3989 132 25 Marchaht
1928 3991 35 24 >a«i
1989 3991 50 25 the:
2057 3993 95 25 Oxford
2180 3994 77 27 Court

1718 4031 95 25 House,
1831 4032 50 24 and
1900 4033 44 24 the
1967 4034 147 26 disclosures
2127 4036 64 25 after
2203 4038 52 24 sift-

1716 4080 45 26 ing
1772 4074 43 26 the
1827 4075 124 37 evidence
1956 4076 31 26 t)f

1714 4116 40 32 jof,
1766 4114 172 38 $^^sjfr
1939 4145 6 5 ,
1952 4111 140 39 jfe^Swll
2103 4131 34 17 no
2147 4124 44 25 the
2203 4133 52 23 pw-

1723 4162 157 31 varications,
1892 4164 148 34 .werethgt,.
2048 4165 153 33 duinmyisni
2206 4169 51 25 .hag
2258 4183 2 11 ;

1723 4205 104 29 existed,
1846 4206 50 25 and
1919 4207 59 26 does
1989 4208 50 25 still
2064 4209 64 25 exist
2139 4210 120 31 frprn.the.

1719 4247 59 28 tifiie
1789 4249 56 26 that
1857 4248 42 28 ihe
1910 4249 60 27 land
1982 4261 50 17 was
2052 4252 53 26 first
2119 4255 94 27 opened
2224 4265 34 17 up

1726 4301 30 17 or
1769 4295 154 24 settlement.
1950 4295 180 33 Commencing
2144 4297 39 25 Sir
2194 4298 64 25 from

1721 4337 41 24 the
1774 4337 55 25 first
1838 4336 13 25 I
1860 4336 45 26 ask
1914 4345 5 22 ;
1938 4338 69 25 what
2019 4346 51 18 was
2083 4339 42 26 the
2136 4339 122 28 intention
2258 4352 2 7 1

1724 4381 27 25 af
1761 4378 43 29 tl?e
1821 4375 215 32 •Goverrih^nt^ii
2048 4375 123 40 re^Mo
2188 4375 71 36 ttfole

1722 4424 95 25 lands?
1842 4425 51 24 and
1916 4425 45 25 the
1983 4433 96 18 answer
2107 4428 31 28 is,
2166 4428 21 25 it
2208 4437 51 18 was

1726 4468 148 32 universally
1897 4467 141 34 recognised
2060 4469 56 26 that
2133 4473 66 24 work
2209 4481 50 18 was

1725 4510 52 25 and
1787 4511 23 25 is
1821 4511 172 29 intermittent,
2012 4512 122 27 therefore
2151 4523 15 16 a
2177 4523 82 17 neces-

2270 165 49 32 sity
2335 165 94 25 existed
2449 165 38 24 for
2506 165 129 31 providing
2654 169 15 18 a
2688 165 115 23 labourer

2272 208 24 33 (I
2308 216 72 17 mean
2390 217 15 16 a
2428 208 112 25 labourer
2559 214 59 25 pury
2638 206 50 24 and
2705 206 99 33 simple)

2271 253 60 24 •with
2342 260 15 17 a
2368 253 104 31 holding
2496 251 141 31 something
2654 249 96 33 beyond
2762 250 42 25 the

2272 295 51 25 size
2333 294 27 25 of
2366 295 56 25 that
2431 294 125 32 generally
2568 294 116 30 occupied
2690 293 32 31 by
2735 293 68 29 such;

2270 340 40 24 i.e.
2335 340 25 22 to
2382 338 68 25 build
2472 347 15 16 a
2510 338 90 29 whare,
2627 344 16 17 a
2663 336 82 33 pigsty
2756 336 49 25 and

2270 381 119 26 cultivate
2411 390 14 16 a
2451 381 108 32 cabbage
2581 381 61 32 plot.
2684 380 51 24 But
2756 380 47 28 Sir,

2274 425 43 24 did
2329 425 62 24 such
2411 432 58 17 men
2491 432 28 18 as
2541 425 72 25 those
2631 423 123 25 indicated
2764 426 42 28 get

2271 468 59 24 hold
2342 467 26 25 of
2390 467 42 25 the
2453 467 142 25 allotments
2618 466 27 25 of
2665 467 43 24 the
2726 466 30 25 V.
2769 466 34 23 H.

2270 512 96 31 Village
2384 512 151 28 settlement,
2558 514 45 22 not
2625 511 66 31 they.
2738 510 67 31 They

2269 564 64 17 were
2346 555 98 32 applied
2456 555 38 25 for
2506 555 50 25 and
2567 556 43 31 got
2630 554 91 26 almost
2732 554 71 26 with-

2270 601 44 23 out
2326 599 130 31 exception
2478 600 32 29 by
2533 606 57 17 men
2610 598 26 26 m
2648 597 158 32 conjunction

2270 644 59 24 with
2358 644 43 23 the
2429 649 96 18 women
2559 649 33 17 on
2624 641 43 25 the
2695 641 110 31 Dummy

2270 688 99 30 system.

2297 744 6 13 ::
2304 729 55 25 Tb.e
2372 728 118 31 shuffling
2502 727 116 25 evidence
2630 726 27 25 of
2666 734 47 18 one
2724 726 82 25 which

2272 782 51 17 was
2335 773 70 24 made
2423 772 68 32 plain
2504 772 59 30 only
2574 770 32 31 by
2623 770 42 24 the
2677 770 129 31 searching

2272 824 68 17 cross
2352 816 128 31 questions
2492 814 27 25 of
2535 813 42 25 Mr
2596 813 131 24 Marchant
2744 812 60 30 fully

2273 859 116 25 discloses
2411 854 42 28 tihe
2476 857 70 24 truth
2570 856 27 25 of
2603 856 46 25 .the
2674 856 75 24 above
2766 862 39 17 as-

2270 903 113 30 sertions,
2403 901 50 25 and
2465 901 13 24 I
2501 900 88 25 should
2609 898 31 26 be
2659 898 109 26 inclined
2779 900 26 23 to

2270 948 54 31 give
2336 947 51 22 him
2400 945 46 24 full
2465 945 78 23 credit
2554 943 39 25 for
2604 943 39 24 his
2655 951 59 23 very
2725 941 80 25 useful

2270 990 162 25 information
2445 990 25 22 to
2483 987 43 25 the
2547 987 72 24 Land
2641 985 90 30 Board,
2755 984 50 25 had

2271 1036 32 24 he
2314 1035 61 24 been
2385 1032 118 26 actuated
2514 1034 32 29 by
2557 1039 59 24 pure
2636 1030 112 28 motives,
2760 1029 45 26 but

2270 1079 32 31 by
2313 1077 40 25 his
2371 1084 56 18 own
2439 1076 138 24 admission
2587 1075 33 24 he
2638 1075 106 23 informs
2756 1074 48 24 and

2270 1129 82 16 comes
2363 1121 54 23 into
2434 1120 77 24 Oourfc
2528 1117 115 26 actuated
2656 1117 32 32 by
2700 1116 103 32 spiteful

2271 1164 50 26 and
2343 1173 60 16 even
2427 1162 143 32 revengeful
2597 1161 113 29 motives,
2746 1168 60 17 even

2270 1208 60 25 with
2351 1211 21 21 a'
2386 1206 102 26 decided
2515 1206 51 24 and
2585 1204 106 25 fulsome
2714 1204 92 30 feeling

2270 1253 56 24 that
2343 1251 44 25 the
2400 1251 41 25 old
2461 1250 94 24 Mosaic
2575 1249 68 27 Law,
2662 1256 31 16 an
2714 1255 43 24 eye
2768 1248 39 23 for

2270 1303 33 16 an
2315 1302 51 24 eye,
2387 1294 49 24 and
2450 1301 15 16 a
2477 1293 73 24 tooth
2561 1292 37 24 for
2610 1300 13 14 a
2635 1291 77 27 tooth,
2730 1291 22 23 is
2763 1289 43 25 the

2270 1339 54 24 best
2336 1337 110 25 doctrine
2469 1340 27 20 to
2519 1336 82 24 fellow
2624 1335 27 22 m
2670 1335 42 22 the
2723 1333 83 31 public

2271 1383 69 29 weal,
2353 1382 50 26 and
2415 1380 126 31 evidently
2561 1378 114 33 ignoring
2686 1378 44 25 the
2735 1385 71 22 ..more

2271 1429 83 24 recent
2373 1425 71 26 creed
2462 1422 173 34 promulgated
2651 1422 32 33 by
2702 1422 43 24 the
2757 1421 48 31 Ap-

2274 1470 76 26 ostles
2367 1470 56 25 that
2446 1469 97 31 charity
2567 1467 106 25 towards
2693 1466 33 25 all
2748 1473 58 17 men

2270 1515 23 25 is
2304 1514 44 24 the
2359 1516 65 22 most
2438 1512 161 25 comfortable
2610 1510 50 25 and
2677 1509 129 33 profitable

2276 1558 25 25 of
2314 1557 42 25 all.
2401 1556 14 24 I
2438 1555 80 32 might
2530 1554 52 26 still
2596 1554 62 24 have
2669 1554 73 31 given
2752 1552 54 24 him

2272 1609 68 17 some
2366 1600 76 25 credit
2466 1600 38 23 for
2526 1599 44 24 the
2593 1597 97 25 trouble
2712 1596 33 25 he
2761 1597 45 25 has

2274 1644 76 25 taken
2363 1647 26 21 at
2401 1643 105 29 striking
2516 1650 14 16 a
2541 1641 65 25 blow
2618 1643 26 22 at
2655 1640 151 30 duinmyism

2271 1688 22 23 if
2303 1687 31 24 he
2346 1686 48 24 had
2405 1693 68 17 come
2486 1684 59 24 with
2561 1684 71 24 clean
2653 1683 91 27 hands,
2762 1682 45 25 but

2272 1730 89 31 taking
2372 1730 52 23 into
2436 1727 180 25 consideration
2627 1726 44 24 the
2682 1725 124 25 intention

2273 1773 27 25 of
2310 1773 44 24 the
2364 1771 155 32 Legislature
2530 1771 27 24 at
2569 1771 44 23 the
2623 1770 61 24 time
2700 1769 56 25 that
2764 1768 43 25 the

2277 1817 150 26 Settlement
2446 1823 50 16 was
2513 1822 62 23 open
2594 1813 37 25 for
2651 1811 155 32 occupation,

2276 1861 50 25 and
2345 1860 54 24 also
2415 1860 42 23 the
2479 1858 71 31 spirit
2573 1865 28 16 as
2629 1857 57 24 well
2709 1864 27 17 as
2764 1855 43 25 the

2272 1905 91 27 liberal
2374 1904 119 31 meaning
2509 1903 27 25 of
2545 1902 44 25 the
2600 1904 47 22 act.
2681 1901 70 25 lam
2768 1900 38 24 in-

2271 1949 82 26 clined
2365 1951 26 22 to
2403 1947 94 26 believe
2517 1947 56 24 that
2592 1946 33 25 he
2648 1945 52 26 also
2710 1945 23 25 is
2744 1952 63 25 open

2271 1996 26 23 to
2308 1993 42 25 the
2359 1992 92 32 charge
2463 1991 27 24 of
2499 1990 158 32 dummyism.

2304 2036 57 25 And
2388 2036 42 24 the
2453 2035 111 24 Pearson
2592 2041 55 17 case
2674 2034 23 23 is
2719 2034 32 30 by
2773 2040 33 17 no

2271 2085 85 17 means
2366 2076 38 26 far
2426 2076 65 25 from
2515 2083 75 24 grave,
2606 2074 133 31 suspicion,
2757 2072 49 25 and

2271 2116 50 25 this
2333 2116 22 23 is
2375 2115 43 25 the
2430 2114 103 32 opinion
2545 2113 28 25 of
2592 2114 45 23 not
2653 2112 56 30 only
2734 2111 71 24 those

2271 2154 53 24 who
2331 2154 79 24 heard
2421 2153 44 25 the
2477 2152 124 27 evidence,
2614 2152 44 23 but
2666 2151 72 24 those
2749 2149 56 24 who

2271 2194 57 25 read
2352 2193 30 29 it,
2401 2192 50 26 and
2470 2199 43 18 are
2531 2190 105 32 capable
2657 2191 26 24 of
2705 2189 101 32 reading

2271 2235 113 23 between
2399 2232 45 25 the
2465 2231 73 29 lines,
2557 2231 50 24 and
2625 2229 118 32 probably
2765 2229 41 24 Mr

2271 2272 124 32 Mulligan
2406 2271 45 24 has
2463 2269 63 26 done
2549 2268 63 33 good
2630 2269 27 24 m
2679 2268 75 32 being
2764 2267 42 25 the

2272 2318 84 17 means
2380 2309 28 26 of
2434 2309 120 31 exposing
2592 2307 51 25 this
2663 2307 50 25 and
2735 2306 71 26 other

2271 2349 94 28 abuses,
2382 2347 46 25 but
2440 2346 52 26 still
2500 2345 14 25 I
2531 2347 91 23 cannot
2633 2345 54 32 give
2695 2345 53 24 him
2757 2352 49 24 any

2270 2387 78 25 credit
2358 2386 39 24 for
2405 2385 76 31 doing
2493 2392 26 16 so
2531 2384 115 28 because,
2655 2383 32 31 by
2698 2383 41 24 his
2750 2391 56 16 own

2271 2425 142 28 admission,
2431 2424 34 23 he
2478 2431 50 16 was
2547 2421 113 25 actuated
2671 2422 32 31 by
2714 2421 92 24 vicious

2272 2465 110 25 motives.

2304 2504 34 24 As
2349 2507 25 21 to
2387 2502 44 25 the
2444 2509 56 17 ease
2512 2500 27 26 of
2553 2500 83 25 James
2655 2500 71 25 Potts
2737 2499 68 26 Pole,

2271 2546 15 24 I
2296 2553 47 17 can
2352 2544 61 32 only
2427 2542 163 25 characterise
2607 2542 56 24 that
2674 2549 28 17 as
2713 2549 15 16 a
2738 2540 68 32 piece

2272 2586 27 25 of
2317 2584 246 32 misrepresenatiofl.
2597 2582 68 25 Here
2682 2582 23 24 is
2724 2591 14 15 a
2749 2589 58 16 man

2272 2626 112 31 carrying
2412 2633 34 16 on
2473 2625 43 23 the
2542 2622 115 26 business
2684 2622 28 24 of
2735 2622 71 24 Post-

2272 2666 101 27 master,
2398 2662 166 31 Storekeeper,
2587 2662 19 23 &
2621 2660 185 32 Wheelwright,

2274 2704 115 34 (without
2397 2702 132 33 intending
2537 2710 48 24 any
2594 2700 135 35 profanity)
2741 2701 67 25 Hers

2272 2746 23 24 is
2316 2745 98 29 Trinity
2425 2745 27 23 m
2463 2743 73 32 unity
2548 2742 50 26 and
2609 2742 78 33 Unity
2697 2742 28 25 m
2737 2741 71 26 Trin-

2272 2786 47 29 ity,
2337 2785 49 24 and
2397 2785 33 23 he
2449 2783 68 25 seeks
2540 2784 26 23 to
2589 2782 134 31 quadruple
2745 2782 63 24 him-

2273 2825 48 25 self
2329 2833 32 16 on
2373 2824 40 25 his
2425 2822 85 26 sacred
2521 2822 67 29 oath,
2600 2821 41 26 his
2650 2830 87 17 aurora,
2742 2820 66 33 lamp

2274 2864 50 26 and
2342 2866 74 23 water
2434 2862 68 30 tank,
2521 2862 56 25 that
2594 2861 31 25 he
2636 2861 22 26 is
2670 2861 137 32 occupying

2275 2911 15 17 a
2302 2902 98 32 Village
2413 2900 148 26 Settlement
2571 2900 58 29 Lot,
2648 2899 49 25 and
2714 2899 95 32 etrictly

2276 2942 158 32 conforming
2453 2943 26 23 to
2500 2941 49 26 the,
2564 2940 138 25 conditions
2726 2940 27 25 of
2761 2942 47 23 set-

2281 2982 104 25 tlement
2396 2980 33 32 by
2440 2979 148 25 continuous
2604 2979 145 31 occupation
2760 2979 47 24 and

2279 3021 155 31 satisfactory
2453 3020 198 30 improvement..

2267 3066 2 30 j
2310 3062 32 25 In
2353 3060 150 28 conclusion,
2521 3059 73 24 allow
2615 3066 40 17 me
2678 3060 26 23 to
2723 3067 43 23 say
2784 3060 26 23 to

2277 3110 49 24 you
2336 3101 100 31 Village
2460 3099 110 28 Settlers,
2588 3097 28 24 m
2627 3097 33 25 all
2683 3097 125 31 kindness,

2278 3141 14 22 I
2303 3140 70 23 know
2390 3146 47 22 you
2458 3137 32 23 all
2507 3136 148 31 personally,
2677 3144 67 21 men,
2763 3144 45 17 wo-

2280 3184 55 17 men
2352 3176 47 24 and
2412 3174 119 27 children,
2549 3173 51 24 and
2610 3173 15 23 I
2641 3173 65 25 have
2717 3181 16 16 a
2750 3173 61 32 high

2279 3214 88 32 regard
2376 3214 39 24 for
2438 3220 57 23 you,
2513 3212 48 24 and
2584 3211 62 24 have
2666 3211 69 25 often
2756 3219 54 23 par-

2279 3253 75 25 taken
2363 3252 27 26 of
2398 3259 60 25 your
2467 3250 118 25 kindness
2597 3249 50 25 and
2658 3250 152 32 hospitality.

2280 3295 14 24 I
2309 3294 64 24 have
2394 3301 34 16 no
2450 3291 67 32 right
2537 3293 26 23 to
2574 3291 97 32 preach,
2688 3291 45 24 but
2750 3293 61 23 from

2283 3337 95 31 having
2396 3337 49 23 had
2458 3344 67 16 more
2542 3335 62 25 than
2622 3334 54 26 half
2685 3343 15 16 a
2711 3336 102 32 century

2281 3380 27 24 of
2324 3378 52 25 this
2401 3376 99 26 world's
2521 3375 161 32 experianees,
2717 3375 14 25 I
2750 3376 63 25 have

2281 3420 81 25 learnt
2373 3417 56 26 that
2446 3418 27 23 to
2494 3416 58 25 bear
2570 3423 65 24 envy
2655 3415 48 25 and
2726 3415 87 25 malice

2282 3459 98 31 against
2396 3465 45 24 my
2451 3456 137 32 neighbour
2598 3455 23 25 is
2629 3455 50 25 like
2691 3455 122 33 throwing

2282 3508 15 15 a
2307 3498 64 25 hard
2383 3497 132 25 substance
2526 3495 99 32 against
2632 3504 14 14 a
2655 3495 63 30 wall,
2731 3495 81 24 which

2282 3538 22 25 is
2327 3544 56 18 sure
2412 3537 27 23 to
2466 3533 112 27 rebound
2606 3532 49 26 and
2681 3533 70 25 hurts
2771 3532 49 30 the,

2282 3576 107 28 thrower
2411 3582 16 16 a
2444 3572 62 33 good
2534 3572 55 24 deal
2616 3580 68 17 more
2711 3572 63 24 than
2793 3573 20 24 it

2281 3615 92 32 injures
2385 3614 43 26 the
2437 3613 66 25 wall.
2538 3613 14 24 I
2561 3620 71 17 mean
2644 3612 33 32 by
2690 3613 55 27 this,
2758 3612 56 25 that

2283 3654 43 24 the
2337 3652 143 26 cultivation
2501 3651 27 25 of
2548 3650 107 32 friendly
2672 3650 142 25 sentiments

2282 3699 115 26 amongst
2419 3700 49 24 you
2488 3691 80 25 would
2590 3690 77 25 result
2689 3690 28 25 m
2739 3690 75 25 much

2281 3733 75 32 profit
2368 3733 49 25 and
2436 3732 134 31 happiness
2592 3734 117 29 amongst
2726 3739 50 24 you
2788 3739 27 17 as

2282 3772 54 24 well
2350 3779 26 17 as
2396 3772 104 26 honour,
2517 3777 82 25 peace,
2618 3770 47 24 and
2678 3769 137 33 prosperity

2283 3814 26 21 to
2325 3818 62 23 your
2397 3809 153 25 settlement.

2447 3855 15 25 I
2478 3863 50 22 am,
2546 3863 74 24 yours
2638 3856 59 28 &c.,:

2539 3915 69 26 OLD
2625 3915 174 26 BBUSHER.

2423 3967 4 2 •
2508 3966 2 3 •
2534 3972 2 2 -
2564 3951 88 37 '<■':■}■'"■
2740 3959 4 11 !
2745 3957 38 31 *g

2447 4033 210 26 GLEANINGS.

2394 4077 75 25 From
2827 4076 2 25 !

2297 4123 2 3 •
2312 4125 2 3 .
2445 4128 1 4 .
2488 4124 22 6 —

2319 4142 56 25 The
2384 4144 164 31 unemployed
2570 4144 124 32 difficulty*
2700 4146 23 24 is
2735 4148 84 23 trouli-

2283 4181 56 35 ling
2358 4185 110 25 Premier
2485 4186 106 29 Turner,'
2619 4188 28 24 of
2664 4188 155 27 Melbourne.

2285 4228 38 25 To
2334 4235 15 17 a
2361 4228 146 33 deputation
2524 4229 45 26 the
2580 4230 71 27 dfcKer
2662 4232 49 34 day
2720 4231 33 28 he
2766 4235 52 24 said

2284 4271 41 25 his
2335 4275 70 27 great
2415 4272 111 30 problem
2537 4281 50 18 was
2598 4276 26 23 tS
2640 4275 54 26 find
2705 4278 69 24 work
2784 4278 38 25 for

2285 4314 44 25 the
2340 4315 108 32 ensuing
2467 4323 67 24 year.
2569 4317 41 25 He
2632 4319 81 25 would
2723 4321 99 26 consult

2286 4357 44 25 the
2341 4356 114 28 Minister
2465 4358 53 27 for'
2527 4354 99 38 Word's,
2645 4363 95 26 andlet
2751 4359 77 32 them*

2286 4401 74 28 kijo\7
2381 4402 24 24 if
2415 4410 49 25 any
2469 4408 8 11 «■
2488 4405 70 24 wori
2559 4408 8 13 •'•
2582 4412 52 19 was
2654 4407 121 27 available
2797 4413 27 22 at

2286 4445 108 31 present.
2441 4445 70 27 This-
2515 4447 203 32 Government,..,
2716 4450 33 26 he
2761 4452 63 31 said,

2287 4487 52 24 hdd
2349 4489 46 31 put
2417 4490 139 33 altogether
2572 4493 75 30 8,000
2673 4501 60 18 men
2752 4502 33 18 on
2797 4498 27 24 to

2292 4529 78 23 work.

3001 177 47 23 UP

2889 222 73 23 From
2978 222 41 23 tfae
3038 222 123 23 Hamilton
3170 222 142 23 Advertiser.

2871 285 54 25 The
3253 289 37 26 for
3300 289 67 31 Aug-

2837 329 42 24 ust
2890 329 69 31 gives
2982 338 15 16 a
3018 329 102 34 lengthy
3147 335 105 22 account
3275 332 28 25 of
3321 334 43 23 the

2837 372 67 25 work
2913 372 83 25 which
3005 372 58 27 falls
3074 375 26 24 to
3109 375 44 25 the
3163 376 37 24 lot
3212 375 27 25 of
3244 384 33 17 an
3288 376 78 25 Arch-

2837 415 94 32 bishop.
2978 417 33 23 In
3023 416 43 25 the
3092 425 85 18 course
3190 419 25 24 of
3227 418 42 26 the
3281 419 85 26 article

2837 459 49 23 this
2898 461 68 29 story
2976 460 22 24 is
3010 459 52 25 told
3075 467 6 17 :
3083 474 32 4 —
3117 461 53 24 One
3189 461 28 24 of
3234 469 42 16 our
3287 461 78 25 Arch-

2836 502 101 32 bishops
2953 511 49 16 was
3014 503 102 33 visiting
3138 512 16 16 a
3165 506 101 30 country
3276 505 86 29 house,

2836 546 49 24 and
2907 555 27 16 so
2959 547 162 25 commended
3151 547 100 25 himself
3276 550 26 23 to
3325 548 41 24 his

2835 590 114 24 hostess's
2961 591 85 31 family
3058 590 27 25 of
3091 591 109 24 children
3213 591 55 25 that
3283 599 46 17 one
3338 592 28 24 of

2836 633 76 28 them,
2942 642 15 16 a
2979 633 84 32 bright
3087 634 64 24 little
3175 635 79 23 clever
3270 635 47 31 gill
3340 635 26 24 of

2836 676 74 24 about
2921 677 76 31 eight,
3015 677 145 24 threatened
3177 679 26 22 to
3214 678 154 30 monopolise

2836 719 43 24 the
2923 720 172 24 conversation
3118 740 8 3 ..
3138 720 87 25 almost
3253 720 113 32 entirely,

2836 762 44 24 but
2896 762 22 25 is
2936 762 105 33 brought
3064 766 26 22 to
3118 773 15 15 a
3159 764 92 24 sudden
3275 765 92 24 silence

2835 805 31 30 by
2888 806 43 23 her
2959 807 103 23 father's
3106 807 136 31 whispered
3269 814 97 18 remon-

2836 849 97 23 strance
2945 849 26 24 of
3097 858 40 22 up,
3168 849 81 25 Mabel
3259 852 14 23 !'
3317 851 51 24 For

2836 900 69 17 some
2916 892 61 25 time
2988 893 44 24 she
3049 894 125 24 remained
3197 894 94 32 quietly
3309 902 58 17 con-

2836 935 106 31 sidering
2954 936 40 24 the
3005 936 100 25 rebuke.
3149 937 120 32 Profiting
3281 939 30 30 by
3323 938 45 24 her

2836 978 99 28 silence,
2952 974 45 30 tier
3018 980 81 24 father
3123 980 49 24 and
3192 981 98 24 mother
3302 981 65 25 drew

2836 1021 65 25 their
2912 1025 70 29 guest
3005 1031 33 16 on
3058 1025 26 22 to
3107 1025 78 23 assert
3208 1024 37 25 his
3268 1032 99 17 conver-

2836 1066 105 23 sational
2963 1075 111 23 powers,-
3083 1067 80 24 which
3185 1067 33 24 he
3237 1068 42 23 did
3304 1068 64 24 with

2837 1116 101 23 success,
2956 1110 102 31 passing
3079 1110 62 24 from
3164 1119 46 16 one
3233 1111 95 32 subject
3340 1114 26 21 to

2837 1152 103 24 another
2951 1153 61 25 with
3023 1153 42 25 the
3092 1162 55 16 ease
3171 1154 55 24 that
3238 1162 83 17 comes
3341 1155 27 24 of

2837 1203 31 16 an
2893 1197 163 30 appreciative
3085 1197 123 24 audience.
3261 1199 36 24 To
3323 1198 44 25 the

2837 1239 68 25 child
2916 1239 55 26 who
2983 1240 50 25 had
3055 1241 62 24 been
3135 1241 108 26 rebuked
3255 1242 37 25 for
3304 1242 65 25 talk-

2838 1282 111 25 ativenes
2989 1284 41 23 the
3055 1284 127 31 manifest;
3199 1285 116 30 injustice
3344 1286 28 23 of

2838 1324 154 26 favouritism
3005 1327 85 24 shown
3102 1329 26 23 to
3153 1328 50 24 this
3226 1331 142 21 conversat-

2837 1369 66 24 ional
2914 1369 85 25 visitor
3007 1369 98 25 became
3116 1371 87 31 totally
3211 1371 157 25 intolerable.

2838 1412 31 24 In
2881 1413 40 24 the
2940 1413 93 25 middle
3055 1413 28 25 of
3102 1423 14 14 a
3139 1416 116 23 sentence
3267 1423 14 16 a
3294 1415 74 24 small

2838 1456 45 25 but
2901 1458 67 23 stern
2996 1457 66 25 voice
3092 1458 70 24 made
3189 1458 70 25 itself
3286 1459 85 24 heard.

2839 1500 74 25 •Shut
2935 1508 42 23 up,
3004 1501 154 32 Archbishop
3219 1502 21 24 it
3265 1503 53 23 said
3342 1503 28 23 m

2838 1551 74 24 grave
2922 1545 70 24 tones
3003 1544 28 25 of
3045 1545 97 28 rebuke,
3160 1545 50 24 and
3229 1545 19 24 it
3260 1546 21 24 is
3294 1546 72 25 need-

2838 1587 48 24 less
2897 1588 26 23 to
2935 1588 45 25 add
2992 1590 55 23 that
3070 1588 43 25 the
3135 1588 98 26 remark
3256 1590 50 24 had
3327 1590 44 25 the

2839 1630 94 25 desired

2874 1768 51 24 The
2937 1776 99 18 essence
3047 1769 27 24 of
3082 1769 95 32 slavery
3187 1770 23 24 is
3221 1769 56 26 that
3289 1778 15 16 a
3311 1776 61 18 man

2840 1806 22 24 is
2874 1806 83 25 forced
2968 1808 26 24 to
3005 1806 67 25 work
3088 1807 38 25 for
3146 1808 127 25 another's
3283 1807 90 25 benefit

2839 1844 96 24 instead
2958 1845 27 25 of
3006 1845 39 24 for
3061 1845 39 25 his
3121 1853 54 17 own
3194 1846 99 29 benefit,
3323 1845 50 25 and

2841 1882 202 33 land-monopoly
3069 1884 112 25 enslaves
3203 1884 42 25 the
3267 1884 107 25 workers

2841 1922 104 25 because
2956 1923 21 25 it
2988 1924 78 24 forces
3090 1924 70 25 them
3183 1927 25 22 to
3231 1924 77 25 hand-
3317 1932 59 18 over

2841 1966 26 22 to
2891 1963 44 25 the
2955 1964 122 28 landlord,
3095 1965 104 24 without
3219 1968 94 26 return,
3331 1965 44 25 the

2839 2006 98 29 greater
2954 2006 56 30 part
3029 2004 28 25 of
3074 2004 44 26 the
3139 2005 105 30 product
3264 2006 27 25 of
3311 2006 65 25 their

2839 2044 94 23 labour.
2968 2043 142 33 Obviously,
3128 2044 52 25 this
3199 2047 90 23 cannot
3301 2046 74 31 apply

2838 2083 27 23 to
2876 2081 105 25 families
3001 2082 97 32 owning
3120 2082 66 25 their
3208 2091 54 16 own
3287 2084 86 29 farms,

2838 2121 49 25 and
2898 2122 138 32 employing
3048 2122 67 27 their
3130 2130 59 17 -own
3200 2122 88 28 labour
3298 2131 6 22 ;
3328 2122 46 27 but

2838 2162 26 24 m
2880 2169 76 25 many
2966 2169 69 18 cases
3046 2162 27 25 m
3085 2162 58 25 New
3160 2163 118 29 Zealand,
3300 2164 21 24 if
3330 2165 46 24 not

2837 2203 27 23 m
2885 2201 43 25 the
2938 2202 117 31 majority
3067 2202 114 30 ofcases,
3193 2204 62 24 such
3266 2203 109 26 families

2838 2248 43 15 are
2899 2239 145 32 mortgaged
3056 2248 33 22 up
3102 2242 26 23 to
3140 2241 44 24 the
3195 2241 55 30 hilt,
3262 2241 51 24 and
3332 2249 43 18 are

2839 2279 75 32 really
2926 2280 79 25 slaves
3017 2281 26 24 to
3060 2279 42 26 the
3119 2283 138 30 mortgage,
3280 2281 93 35 paying

2838 2320 55 23 rent
2903 2320 25 22 to
2940 2318 52 24 him
3000 2318 27 24 m
3048 2318 43 25 the
3110 2319 69 31 guise
3190 2320 25 23 ol
3226 2319 112 26 interest.

2837 2464 126 25 NOTICE
2985 2464 42 26 TO
3046 2464 329 31 CORRESPONDENTS.

2871 2549 173 31 'Ratepayer's'
3056 2549 70 26 letter
3135 2558 12 16 c
3164 2557 56 17 ame
3227 2552 24 22 to
3258 2550 68 25 hand
3334 2553 42 26 too

2849 2589 42 24 late
2900 2589 36 24 ior
2947 2589 52 24 this
3011 2589 73 24 issue.

3032 2760 160 25 SLAVERY.

3002 2803 40 27 JBy
3054 2803 70 27 Lady
3141 2803 74 25 Cook.

2881 2869 61 24 This
2968 2869 66 26 word
3057 2871 74 28 slave,
3149 2878 56 17 now
3227 2879 14 16 a
3263 2872 61 23 term
3354 2871 28 25 of

2841 2907 132 33 ignomiuy
3001 2908 51 25 and
3079 2908 128 32 reproach,
3232 2909 23 24 is
3277 2909 100 25 derived

2840 2947 44 26 the
2907 2948 134 25 Slavonian
3069 2950 75 27 slava,
3181 2948 83 25 which
3284 2951 84 23 meant

2841 2986 69 32 glory
2920 2992 29 18 or
2959 2994 108 18 renown,
3086 2986 50 25 and
3157 2985 96 27 formed
3269 2986 44 25 the
3324 2988 49 24 ter-

2840 3024 123 25 mination
2973 3024 28 26 of
3008 3024 43 26 the
3062 3026 65 24 most
3138 3025 138 25 illustrious
3283 3033 86 17 name
3385 3033 5 17 3
3389 3036 4 4 -

2840 3064 29 25 ia
2879 3064 35 24 ali
2924 3064 42 25 the
2978 3064 100 25 dialects
3126 3064 56 25 that
3194 3066 101 30 tongue.
3321 3064 52 26 But

2841 3102 73 26 when
2935 3102 45 26 the
3009 3102 70 27 Slavi
3111 3103 51 25 had
3190 3104 60 24 been
3269 3103 104 25 reduced

2841 3142 27 24 to
2879 3141 122 24 servitude
3027 3147 31 25 Dy
3079 3143 42 22 the
3144 3142 131 28 Germans,
3306 3142 69 24 their

2841 3187 76 18 name
2936 3180 100 25 became
3060 3187 151 24 snonymous
3231 3180 59 23 with
3312 3180 66 25 their

2843 3219 72 26 state,
2933 3219 48 23 and
2993 3226 44 15 our
3055 3217 119 25 Teutonic
3192 3220 125 22 ancestors
3335 3218 40 25 be-

2842 3255 123 34 queathed
2975 3255 43 26 the
3036 3255 67 25 word
3125 3257 26 24 to
3174 3263 30 17 us
3220 3257 25 23 to
3265 3255 109 26 indicate

2844 3295 70 25 those
2935 3294 28 24 m
2986 3293 117 32 bondage.
3138 3293 70 25 Thus
3220 3294 107 30 Gibbun,
3346 3295 28 26 m

2844 3333 38 24 his
3023 3331 49 25 and
3094 3331 57 26 Fall
3163 3332 24 24 of
3210 3332 43 26 the
3274 3333 100 26 Roman

2992 3379 57 24 says
3060 3371 28 24 of
3094 3370 43 26 the
3157 3372 102 25 Sclave:
3279 3373 96 27 '-From

2843 3411 41 25 the
2894 3410 99 24 Euxine
3013 3412 26 22 to
3057 3409 47 27 tha.
3128 3410 123 30 Adriatic,
3280 3412 27 24 m
3331 3412 44 24 the

2843 3450 66 23 state
2919 3448 27 24 of
2955 3447 108 32 captives
3080 3455 29 18 or
3120 3448 117 32 subjects,
3258 3457 28 17 or
3305 3450 73 24 allies

2844 3493 28 18 or
2883 3486 111 24 enemies,
3013 3486 27 24 of
3048 3485 43 25 the
3099 3486 81 25 Greek
3192 3487 110 31 Empire,
3316 3488 58 32 they

2843 3525 144 31 overspread
2999 3525 41 24 the
3051 3525 61 25 land
3123 3534 5 21 ;
3147 3527 50 24 and
3209 3527 43 25 the
3264 3528 113 26 national

2844 3563 148 32 appellation
3003 3564 26 25 of
3040 3565 41 24 the
3094 3565 81 25 slaves
3191 3567 47 24 has
3260 3567 61 24 been
3332 3568 45 25 de-

2844 3602 92 32 graded
2946 3602 33 32 by
2990 3603 92 24 chance
3093 3611 28 16 or
3147 3603 87 26 nulice
3257 3605 64 25 from
3334 3607 43 24 the

2848 3642 165 32 signification
3036 3643 29 24 of
3078 3644 69 30 g!ory
3170 3646 26 22 to
3218 3645 57 25 that
3286 3647 25 23 of
3333 3654 51 17 ser-

3264 3688 64 13 •.-■■••

2880 3720 56 25 Few
2949 3720 26 26 of
2985 3720 44 25 the
3039 3720 76 26 lower
3131 3722 107 25 animals
3250 3723 62 25 have
3334 3725 50 26 had

2848 3761 43 25 the
2916 3763 38 23 art
2971 3770 28 16 or
3027 3761 44 25 the
3099 3763 145 25 inclination
3265 3767 26 22 to
3316 3765 69 26 make

2849 3801 79 23 slaves
2940 3799 26 25 of
2989 3799 90 30 others,
3099 3800 46 25 but
3164 3804 80 22 man's
3257 3803 127 32 ingenuity

2848 3846 51 17 was
2922 3838 133 28 exercised,
3073 3840 26 22 m
3123 3840 48 24 this
3200 3848 103 18 manner
3326 3850 58 23 ages

2849 3877 82 26 before
2951 3878 43 25 the
3005 3878 71 24 dawn
3095 3878 26 25 of
3130 3879 110 32 history,.
3271 3881 51 25 The
3333 3890 50 17 sac-

2848 3918 87 26 rificia!
2966 3920 83 24 stones
3074 3919 50 25 and
3152 3920 43 25 the
3220 3924 115 23 contents
3357 3923 28 25 of

2849 3957 141 31 sepulchral
3011 3958 100 29 tumult,
3130 3960 43 23 tell
3184 3955 3 4 '
3195 3959 65 25 their
3271 3968 53 16 own
3333 3961 52 25 tale

2849 4003 28 18 as
2895 3996 115 33 cogently
3036 4005 28 16 as
3086 3998 21 24 if
3123 3998 106 28 written;
3248 4019 3 5 .
3264 4000 47 24 His
3330 4008 53 23 pre-

2849 4036 126 32 sumption
2987 4036 111 28 claimed,
3109 4039 35 23 all
3155 4038 108 25 animals
3283 4040 36 23 for
3340 4040 40 24 his

2851 4082 49 21 use,
2919 4075 50 24 and
2980 4074 51 25 this
3047 4083 48 18 was
3107 4076 107 33 speedily
3225 4077 114 26 followed
3352 4078 31 32 by

2852 4112 44 25 the
2908 4112 159 32 subjugation
3067 4145 3 3 _
3080 4137 4 9 t
3086 4114 29 24 of
3134 4114 43 25 the
3198 4116 93 25 weaker
3311 4116 27 25 of
3346 4116 41 26 his

2851 4152 101 31 species.
2996 4152 54 35 T^e
3068 4155 97 24 .classic
3194 4155 138 33 chapsadies
3355 4157 28 25 of

2851 4189 130 32 Freedom,
2999 4189 33 33 by
3043 4190 94 27 Greeks
3151 4192 57 25 and*
3218 4192 116 32 Romans,
3347 4202 38 17 re-

2851 4228 81 26 ferred
2943 4229 59 32 only
3013 4231 26 23 to
3050 4238 14 16 a
3075 4230 134 38 privileged
3215 4233 73 36 olajßS.
3291 4233 96 27 -Those
3396 4261 5 10 ,

2848 4262 62 30 Who
2921 4276 61 17 were
2992 4267 99 33 'always
3115 4274 75 27 ready
3203 4274 33 21 ,ta
3254 4279 62 24 pour
3342 4276 47 22 out

2853 4306 65 26 their
2928 4306 75 27 blood
3020 4307 39 25 for
3078 4308 67 26 their
3155 4316 61 18 own-
3229 4310 97 32 liberty,
3340 4311 47 28 felt

2854 4352 34 18 no
2898 4345 159 32 impropriety
3062 4342 3 6 '
3078 4346 29 26 6r
3108 4344 10 18 ;
3122 4349 108 25 Tem6rse
3248 4349 28 25 m
3287 4349 104 35 visiting

2855 4382 44 27 the
2910 4384 82 25 venial
3003 4384 105 26 offences
3119 4385 29 26 of
3156 4386 65 25 their
3229 4388 80 27 slaves
3316 4390 73 34 jwith

2856 4423 68 25 cruel
2935 4425 87 31 stripes
3043 4432 29 17 or
3091 4433 16 17 a
3129 4433 68 19 more
3219 4429 69 25 cruel
3307 4430 85 28 death.

2858 4461 72 26 Even
2942 4469 45 18 our
2997 4469 56 20 own
3074 4460 94 34 Magba
3186 4465 93 29 Ohaita
3290 4476 50 19 was
3351 4476 43 20 ex-

2856 4501 84 25 torted
2968 4500 32 32 by
3011 4500 110 28 freemen
3142 4503 38 26 for
3196 4505 118 32 freemen,
3344 4508 50 26 and

2857 4537 136 28 oontained
3008 4546 35 19 no
3053 4541 137 32 provisions
3213 4543 39 27 for
3263 4546 42 26 the
3322 4553 70 19 num.'

1051 26 175 34 OXFOKD
1268 26 232 33 OBSERVER
1544 26 237 35 SATURDAY,
1839 25 198 32 OCTOBER
2080 26 29 35 3,
2168 25 90 32 1896.
