3510 4590
40 219 71 17 erous
135 211 97 24 seivile.
275 210 77 24 From
372 209 48 26 the.
433 210 61 24 time
517 210 56 25 that

40 259 58 16 man
121 251 56 24 first
210 250 127 31 appeared
365 258 31 17 on
425 250 50 25 this
494 251 79 28 earth,

40 290 92 30 slavery
145 289 43 23 has
209 288 58 25 beon
296 290 41 23 the
358 288 36 25 lot
415 289 26 24 of
452 289 42 24 the
506 292 68 28 great

40 330 60 23 bulk
112 329 27 24 of
149 329 136 31 humanity.
321 329 53 25 The
398 338 92 16 masses
510 329 64 25 have

40 368 63 24 lived
126 367 49 25 and
199 367 114 28 suffered,
342 367 64 25 Lave
424 368 77 25 toiled
524 368 50 24 and

40 407 92 28 served,
151 414 27 16 as
191 406 107 25 chattels
318 407 48 24 and
386 406 83 26 beasts
482 407 27 25 of
519 407 56 25 bm-

40 447 55 28 den,
114 449 25 21 to
161 448 109 23 enhance
290 447 42 24 the
344 447 103 25 coinfo-t
459 447 50 24 and
521 455 54 17 ease

40 487 25 24 of
74 495 15 16 a
110 487 166 31 comparative
298 487 55 25 few.
389 487 46 25 All
447 487 124 32 religions;

40 527 59 25 with
112 527 65 25 their
198 527 172 32 superstitious
391 527 135 25 influences
548 536 27 16 so

40 571 87 28 potent
145 576 58 16 over
222 569 44 23 the
285 569 122 31 ignorant,
433 569 61 23 have
516 569 59 23 been

41 607 42 23 the
96 606 139 24 auxiliaries
247 606 26 26 of
283 607 43 24 the
337 602 134 29 enslavers!
488 607 87 28 VAnd,

42 646 64 23 from
120 645 102 24 Genesis
240 649 26 20 to
278 645 154 34 Eevelation,
452 653 61 16 even
531 653 46 16 our

43 691 52 17 own
109 684 84 24 sacred
212 683 69 25 Book
306 684 112 24 contains
441 692 34 16 no
490 679 85 36 iliisap-

43 724 131 30 probation
202 725 26 22 of
255 724 42 24 the
327 725 123 34 practice.^
471 724 43 24 'Oh
537 724 40 23 the

43 768 120 25 rontrary,
182 761 160 37 it-impjicitly
354 760 105 28 uphbfds
473 762 102 31 slavery,

49 809 26 16 as
87 801 20 24 it
119 800 60 25 do'-s
194 799 39 26 the
257 804 102 28 cognate
380 805 95 20 custom
487 800 26 25 of
522 800 55 31 poly

46 849 81 23 ganiy,
147 841 49 24 aod
209 841 132 24 demands..
341 860 5 10 i
346 841 151 31 upquali£ed
506 840 71 25 obed-

46 881 69 24 ience
127 881 63 24 from
203 883 111 22 servants
326 881 49 24 and

79 919 68 24 John
161 919 86 25 Stuart
266 919 64 29 Mill,
349 919 98 31 writing
466 919 26 24 m
506 919 72 26 18G9,

47 960 61 28 said,
243 960 61 24 than
334 961 63 30 forty
426 967 69 24 years
525 967 53 23 ago,

48 1000 169 32 Englishmen
237 1000 78 32 might
337 1000 49 25 still
412 1000 60 24 hold
484 1000 95 25 human

48 1039 86 32 beings
160 1040 26 24 m
208 1040 128 32 bondage,,
346 1049 27 16 as
383 1036 132 29 'saleable'
525 1046 54 24 pro-

49 1084 67 26 perty
128 1087 5 20 ;
153 1079 81 23 within
248 1079 42 24 tho
302 1084 99 26 present
414 1080 100 28 centiu'y
525 1079 55 29 they

49 1120 81 30 might
142 1119 92 31 kidrap
254 1120 46 22 and
313 1127 70 23 carry
393 1119 67 24 them
473 1119 41 28 off,
532 1119 49 23 and

47 1158 67 23 work
135 1158 68 23 them
216 1157 106 31 literally
346 1159 24 22 to
535 1157 46 24 We

47 1195 62 23 have
123 1195 49 23 had
184 1195 128 23 abundant
334 1195 126 24 instances
478 1195 27 24 of
522 1202 57 16 men

48 1233 27 23 of
85 1232 95 24 honour
196 1232 48 24 and
263 1232 115 31 sincerity
400 1233 56 24 who
479 1232 101 31 kidnap-

48 1273 47 31 ped
107 1272 49 25 and
179 1272 128 32 smuggled
328 1273 57 24 with
411 1273 70 32 pious
506 1273 74 25 senti-

50 1317 81 20 ments
144 1314 47 23 and
213 1314 88 24 devout
320 1314 168 30 aspirations...
497 1335 3 3 .
512 1313 74 31 They

48 1353 75 23 relied
148 1360 32 16 on
207 1352 161 31 .Scripture.'—
471 1352 110 24 revealed

48 1390 51 25 will
110 1390 26 25 of
221 1405 29 4 —
250 1390 54 33 just
315 1399 27 16 as
354 1392 41 23 the
407 1394 137 28 opponents
555 1390 27 24 of

50 1425 104 28 divorce,
194 1425 27 23 of
254 1426 39 22 the
327 1425 142 24 ''Deceased
497 1424 85 24 Wife's

52 1464 99 24 Sister's
261 1465 49 23 and
321 1465 27 24 of
369 1467 114 22 women*?
496 1471 85 17 eman-

49 1502 107 31 cipation
168 1503 133 31 generally,
314 1503 51 31 rely
373 1503 57 23 still.
466 1502 60 24 Was
537 1504 45 22 not

50 1541 105 24 Caiman
178 1541 87 25 cursed
293 1541 32 32 by
342 1541 72 25 Noah
437 1541 38 23 for
491 1540 91 24 Ham's

50 1581 191 32 transgressions
249 1583 12 23 ?
364 1583 97 23 servant
481 1581 33 24 of'
533 1588 49 17 ser-

50 1626 73 20 vants
136 1622 64 24 shall
210 1622 32 24 he
262 1623 30 23 be
304 1626 61 21 unto
380 1622 39 24 his

50 1660 57 23 And
116 1668 26 16 so
152 1660 42 24 the
202 1660 59 24 Eev.
272 1661 67 23 John
353 1660 110 29 Newton,
481 1660 48 24 like
543 1660 40 24 Sir

50 1700 65 23 John
142 1700 120 24 Hawkins
291 1701 48 23 and
365 1708 26 16 so
418 1708 72 23 many
513 1700 71 24 other

53 1739 107 25 English
183 1739 122 29 worthies,
328 1739 121 32 preached
466 1748 33 16 on
523 1739 60 25 deck

51 1778 64 24 from
128 1778 42 23 the
193 1780 61 27 text,
384 1786 46 16 one

52 1818 70 24 while
134 1818 40 24 the
196 1818 60 24 hold
271 1818 77 25 below
368 1826 51 17 was
431 1818 111 25 crowded
558 1820 25 23 to

52 1861 24 22 to
88 1859 147 24 suffocaeion
252 1860 61 24 with
332 1859 80 25 stolen
424 1867 110 24 negroes,
551 1859 32 32 by

52 1900 83 23 whose
151 1905 99 25 capture
273 1900 49 24 and
343 1907 52 18 sale
413 1900 32 25 he
468 1909 49 16 was
541 1908 41 16 en-

53 1940 89 24 riched.
177 1940 53 24 The
242 1942 154 24 consciences
414 1942 24 24 of
454 1942 59 24 such
525 1949 56 16 me.t»

54 1987 62 16 were
128 1980 65 23 clear
204 1987 5 21 ;
223 1980 58 31 they
290 1988 63 17 were
365 1981 113 32 carrying
490 1982 43 23 out
541 1980 42 24 the

52 2020 49 23 will
111 2019 24 22 of
147 2020 152 30 providence,
318 2020 48 24 like
378 2020 64 24 their
460 2020 123 24 imitators

52 2059 94 31 to-day.
181 2059 59 24 Was
252 2060 97 32 notgthe
357 2067 96 17 woman
466 2060 69 23 made
548 2059 36 25 for

52 2100 41 24 the
105 2108 65 21 man,
189 2100 49 24 and
248 2103 46 21 not
304 2101 44 24 the
360 2109 56 16 roan
433 2100 37 25 for
481 2100 43 24 the
535 2108 47 16 wo-

53 2148 59 16 man
121 2141 11 23 ?
152 2140 58 25 Was
221 2143 45 22 not
288 2141 46 25 her
353 2142 108 24 creation
476 2149 16 16 a
503 2140 80 25 divine

52 2181 175 31 afterthought,
251 2182 87 24 caused
358 2183 31 30 by
410 2182 53 31 pity
488 2181 39 25 for
544 2180 39 24 his

53 2221 133 24 loneliness
203 2222 49 24 and
282 2222 40 24 his
344 2224 63 22 want
430 2223 27 23 of
478 2221 105 25 suitable

52 2258 57 33 help
120 2260 11 23 ?
151 2260 54 24 And
226 2269 47 15 was
293 2264 44 21 not
356 2260 42 25 she
419 2260 52 25 also
490 2259 92 29 cursed,

53 2298 32 30 by
97 2307 14 16 a
130 2298 87 31 higher
235 2299 62 24 than
318 2299 79 28 Noah,
507 2298 77 25 desire

52 2337 65 24 shall
128 2338 28 23 be
168 2340 26 21 to
207 2337 45 31 thy
269 2337 122 30 husband,
410 2337 51 24 and
478 2337 31 24 he
522 2337 62 24 shall

56 2380 51 24 rule
120 2388 57 17 over

1146 49 173 31 OXFORD
1363 50 223 32 OBSERVER
1631 50 241 35 SATURDAY,
1909 47 200 33 OCTOBER
2153 47 31 35 3,
2233 44 91 29 1896.

2913 4290 111 30 ;Printed
3030 4316 3 3 .
3050 4290 60 33 .an^
3132 4281 143 44 publ^yi-
3289 4283 55 40 H>jr
3382 4289 81 28 s&xku

2915 4393 10 12 .;
2954 4381 29 24 at
2998 4380 46 25 htr
3067 4376 153 37 Registered'
3232 4379 118 33 Prititfiig
3359 4378 102 31 'Gffic«v

2956 4422 71 34 High
3048 4423 90 29 Street,
3155 4422 66 27 E»it
3240 4419 103 33 Oxford,
3355 4420 104 28 Oiritor-

2914 4478 2 3 ■
2942 4467 2 16 !
2951 4467 77 35 :biicy;
3150 4462 8 23 '•
3202 4481 1 5 •
3221 4467 10 13 "'■
3247 4471 24 19 \'"
3289 4467 49 17 ••'■■■•
3361 4480 2 2 •
3392 4471 4 6 '
3400 4466 5 12 i
3410 4470 60 22 >.,-^

2958 4511 132 26 SATUBD4T
3131 4511 118 26 OCTOBH*
3294 4513 24 24 3.
3353 4512 66 25 189<

2909 179 26 39 0
2963 176 227 43 MAlfiJiirf
3198 179 53 44 -f
3256 175 189 41 DBPAKY

3103 264 139 23 LIMITED.

2937 325 269 27 CHRISTCHURCH
3228 322 184 26 BREWERY.

3136 386 62 21 THE

3056 427 226 33 ALES

3040 470 128 20 BREWED
3179 470 40 20 BY
3232 468 72 21 THIS

2998 510 367 34 company

3097 565 83 19 FROM
3189 564 61 20 THE

2910 605 219 42 Gtt®3G£oT
3146 605 295 42 WITgWS

3022 658 45 20 Are
3076 659 174 25 acknowledged
3259 660 24 19 to
3292 659 28 20 be

2908 696 146 22 SUPERIOR
3064 698 35 20 IN
3109 697 136 24 QUALITY
3255 698 37 20 TO
3299 698 66 20 ANY
3371 696 72 21 PRO-

2975 738 100 20 DUCED
3090 738 35 20 IN
3139 739 73 19 NEW
3226 739 148 20 ZEALAND.

2936 776 108 26 Supplied
3048 776 26 20 to
3077 776 81 21 Hotels
3164 775 46 21 and
3217 776 92 21 Private
3316 776 127 20 Customers

2909 804 23 19 m
2942 803 141 27 Hogsheads,
3094 804 98 24 Barrels,
3204 803 139 23 Kilderkins,
3353 802 44 21 and
3409 804 34 19 10-

2909 831 88 25 --gallons
3007 831 62 25 Kegs
3078 830 61 26 only.

2911 882 117 42 PALE
3050 882 91 41 ALE
3163 882 96 42 AND
3288 877 156 47 EXTRA

3104 933 132 45 STOUT

2995 988 92 21 Bottled
3109 989 25 19 m
3144 988 84 25 Quarts
3237 988 47 21 and
3292 988 71 21 Pints.
3372 1002 5 3 -

2915 1394 250 47 JOSEPH
3209 1392 240 47 LOUGH.

3059 1470 244 26 UNDERTAKER.

3028 1515 107 31 EAST
3160 1513 185 32 OXFORD.

2949 1567 103 32 Having
3059 1567 52 32 just
3118 1566 124 32 imported
3249 1565 64 25 from
3320 1564 128 33 England,

2916 1620 55 17 new
2993 1611 116 32 Designs,
3144 1618 54 17 new
3226 1609 151 31 Trimmings
3400 1607 50 26 and

2917 1656 87 29 Robes,
3016 1656 23 24 is
3047 1654 118 32 prepared
3176 1655 26 23 to
3211 1653 107 25 conduct
3327 1653 123 23 Funerals

2917 1696 96 29 Adults,
3032 1697 26 22 at
3071 1695 45 24 £5.
3130 1694 51 24 and
3191 1693 124 31 upwards,
3338 1692 113 31 polished

2917 1739 80 28 coffin,
3021 1738 49 25 and
3101 1735 193 27 silvermounted
3316 1735 136 24 Furniture

2918 1784 77 23 From
3007 1782 46 24 £8.
3071 1780 131 31 according
3212 1781 27 23 to
3261 1778 116 31 Designs.
3412 1778 39 24 No

2918 1829 70 24 extra
2998 1827 88 31 charge
3097 1825 38 25 for
3147 1824 96 25 Hearse
3266 1830 28 18 or
3313 1830 63 24 open
3393 1821 57 26 Car-

2917 1872 75 31 riage.

2951 1915 31 24 N.
3012 1914 30 24 B.
3072 1912 92 26 Coffins
3186 1910 59 33 kept
3267 1911 27 23 m
3323 1909 69 25 stock
3414 1908 38 25 for

2919 1975 87 31 urgent
3025 1980 77 17 cases.

2969 2046 45 54 S.
3045 2046 50 43 B.
3119 2041 302 50 SEYMOUE,

3116 2110 138 27 DENTIST,

2962 2159 40 22 215
3017 2154 104 24 Colombo
3135 2154 82 23 Street,
3240 2151 167 22 Christchurch.

3089 2227 176 22 CHARGES:—

2988 2272 92 25 Pilling,
3095 2269 39 24 ss;
3168 2266 133 22 Extraction
3309 2267 26 19 2s
3349 2265 36 21 6d.

2946 2337 96 21 Nitrous
3051 2334 60 21 Oxid
3120 2333 47 21 Gas
3177 2330 169 23 Administered
3351 2330 37 20 for
3395 2329 59 21 Pain

2918 2381 47 20 less
2974 2377 132 22 Extraction
3116 2375 23 21 of
3148 2374 81 21 Teeth.
3263 2373 46 21 Fee
3318 2373 36 19 for
3363 2371 93 21 Admin-

2920 2418 108 22 istration
3038 2416 31 20 ss.

3034 2568 165 39 Photop
3207 2561 143 45 aphers

2920 2609 189 41 VICTORIA
3130 2606 150 47 STUDIO,
3303 2602 60 41 CH.
3389 2599 63 41 CH.

2917 2662 8 8 •
3002 2651 69 25 Take
3088 2651 42 23 the
3148 2649 56 25 lead
3222 2655 61 18 once
3299 2652 70 18 more

2920 2688 539 58 Our£K6tograplisalltlierage

2921 2750 58 26 |A
3005 2749 22 20 of
3036 2754 40 14 our
3085 2747 53 21 well
3144 2747 81 20 known
3235 2743 81 27 highly
3332 2742 19 34 f
3358 2741 32 27 A
3407 2738 13 38 /
3426 2738 31 30 A

2925 2768 13 29 I
2948 2773 134 24 Kfinished
3090 2772 123 24 inamelled
3223 2771 108 21 Cabinets
3337 2768 16 42 |
3358 2768 33 21 lß
3405 2768 54 22 /1%

2921 2879 17 39 1
2950 2877 104 40 dozen
3075 2872 205 44 Enamelled
3294 2869 163 42 Cabinets

2919 2930 98 40 with
3029 2940 61 29 one
3097 2924 214 45 15sl2Matt
3319 2922 137 41 surface

2921 2977 273 52 Enlargement
3235 2970 224 44 Beautifully

3027 3024 148 44 Framed
3196 3022 53 40 for
3271 3020 63 40 £1.

2921 3078 61 25 This
2993 3077 22 25 is
3026 3084 33 17 no
3070 3076 81 24 sham,
3162 3072 47 25 but
3220 3079 16 17 a
3247 3069 52 26 real
3311 3067 47 33 gift
3367 3067 39 24 for
3414 3065 43 25 the

2920 3117 99 30 coming
3039 3113 122 31 holidays.
3202 3109 47 26 All
3268 3107 67 25 work
3350 3106 64 24 done
3425 3104 33 31 by

2921 3152 161 34 experienced
3102 3150 91 25 hands.
3243 3145 150 26 Remember
3406 3149 51 23 ,our

2938 3191 156 30 Concession,
3103 3190 31 23 18
3146 3190 28 23 to
3184 3186 44 27 the
3235 3185 79 25 dozen
3325 3182 38 26 for
3373 3180 69 33 10/6.

2923 3234 61 25 This
3003 3232 44 26 the
3064 3218 59 44 only
3137 3229 63 26 time
3212 3227 29 24 m
3259 3225 51 28 the,
3322 3224 103 30 History
3437 3218 26 28 of

2920 3278 184 33 Photography
3115 3273 57 27 that
3189 3274 63 25 such
3269 3281 16 17 a
3306 3267 156 34 cbance|has

2921 3326 57 18 ever
2997 3317 60 25 been
3076 3315 106 31 brought
3202 3312 81 25 before
3302 3311 44 24 the
3365 3309 91 31 public,

2921 3358 54 26 an.d
2982 3365 58 24 may
3052 3363 75 17 never
3141 3361 74 18 occur
3237 3351 82 32 again.
3339 3349 38 24 Sit
3388 3347 69 31 early

2921 3398 185 33 appointments
3118 3393 90 27 should
3218 3392 31 25 be
3260 3390 73 26 made
3350 3388 22 25 if
3388 3392 69 28 pdss-

2921 3447 49 26 ble.
2993 3443 200 29 REMEMBER
3212 3440 71 26 OUR
3297 3438 63 26 BIG
3376 3436 78 27 CON-

2921 3486 148 27 CESSION
3081 3484 68 25 FOR
3164 3484 15 22 2
3189 3478 152 33 MONTH&;
3355 3476 100 26 ONLY.

2921 3560 99 25 Letters
3031 3558 32 32 by
3074 3558 56 31 post
3141 3553 148 34 punctually
3301 3550 118 27 attended
3431 3551 26 23 to

2935 3618 224 31 PICTURE
3207 3612 236 30 FRAMING

3070 3653 25 20 m
3104 3652 33 20 all
3145 3652 32 19 its
3185 3647 120 24 branches.

2921 3685 165 27 BURRELL
3102 3683 107 28 BROS.,
3230 3678 210 33 Photographers,

2941 3728 38 26 V.X
3048 3725 110 26 Victoria
3169 3724 85 25 street,
3266 3718 190 28 Christchurch-

2921 3760 96 33 pposite
3028 3759 43 24 the
3082 3756 129 27 Salvation
3222 3755 77 31 Army
3311 3751 131 26 Barracks

2920 3821 39 46 '.;
3016 3820 119 46 PEED
3176 3820 189 49 FULLER.
3391 3839 5 18 :

3112 3880 163 24 SOLICITOR;

2962 3926 14 20 9
2986 3921 123 25 Cathedral
3119 3922 93 26 Square,
3226 3920 191 20 Chkistchtjbch.

2924 3959 116 28 (Between
3048 3956 110 21 Morten's
3167 3954 117 26 buildings
3294 3953 18 20 &
3322 3953 56 20 Post
3384 3952 75 21 Office,

2962 4034 190 54 Money
3177 4033 56 43 to
3264 4019 148 61 i*€?iid
3464 4054 6 16 ;

2926 4108 30 15 on
2963 4101 35 21 all
3005 4100 58 21 kind
3072 4099 24 22 of
3106 4099 113 26 Security;
3226 4098 26 21 at
3253 4097 74 26 \Low
3340 4097 79 21 Bates
3428 4095 34 30 :9I

2947 4145 108 24 Interest
3085 4144 90 27 Special
3186 4143 79 22 Terms
3275 4142 36 25 for
3318 4142 113 21 Farmers.

2402 181 422 47 EUCALYPTUS

2606 253 18 15 ♦-
2690 257 5 4 ■

2400 281 60 21 THE
2475 281 72 20 BEST
2561 281 87 21 HOME
2664 279 141 22 BEMEDIE

2459 320 35 14 are
2509 313 35 21 the
2554 313 134 27 preparation
2698 313 25 21 of
2730 312 36 21 the

2345 350 169 21 TASMANIAN
2532 351 184 20 EUCALYPTUS
2730 350 49 21 OIL
2793 349 80 22 OOMP.

2373 388 135 26 Universally
2518 388 102 21 admitted
2629 388 37 21 the
2674 388 79 23 BEST,
2764 387 113 21 PUREST

2345 426 43 20 and
2398 427 57 19 most
2464 426 94 20 effective
2568 426 133 25 Eucalyptus
2723 424 104 21 Globulus
2843 422 35 22 Oil

2345 457 38 22 for.
2399 457 168 24 INFLUENZA,
2589 457 91 25 Coughs,
2700 456 63 21 Colda
2787 456 44 20 and
2847 456 31 21 all

2345 488 65 21 Chest
2426 489 43 20 and
2478 489 61 25 Lung
2556 488 111 22 affections
2681 488 77 27 speedy
2767 488 59 20 relief
2835 487 43 21 and

2345 520 56 21 Cure
2419 521 33 20 for
2467 521 155 24 Rheumatism,
2643 521 122 25 Neuralgia,
2780 521 98 26 Sprains-

2345 547 71 22 Burns
2436 548 34 21 &c.

2373 581 131 25 Eucalyptus
2522 582 103 20 Globulu3
2643 583 92 19 Extract
2744 581 89 26 sprayed
2847 581 31 21 in-

2346 612 62 20 haled
2424 613 43 20 and
2481 614 64 20 taken
2555 614 116 25 internally
2688 614 33 20 for
2726 614 46 20 'the
2789 614 87 26 'Ihroat,

2346 649 97 26 Catarrh,
2460 649 58 26 Hay,
2542 650 98 25 Typhoid
2656 651 43 20 and
2713 651 81 21 Scarlet
2804 651 75 21 Fevers

2348 682 128 20 MEASLES
2487 682 36 21 the
2530 686 54 16 frost
2594 683 134 26 satisfactory
2738 684 142 25 preventative

2347 713 43 20 and
2405 714 60 20 Care.
2492 715 56 19 Bend
2562 715 50 20 Post
2628 715 55 20 Card
2693 718 21 18 to
2725 716 36 20 the
2771 716 63 20 Office
2847 716 33 20 for

2348 743 95 21 Circular
2457 745 118 26 describing
2594 748 120 19 treatment.
2742 748 138 25 Eucalyptus,

2348 776 110 23 Ointment
2468 779 36 21 the
2514 780 68 25 Magic
2592 781 79 20 Healer
2684 781 22 20 of
2721 781 68 22 Sores,
2803 782 78 23 Burns,

2349 809 101 25 Wounds,
2466 811 59 21 Bciis
2543 813 44 22 &c.
2611 813 133 25 Eucalyptus
2763 813 57 26 Soap
2834 813 43 21 Fra

2348 843 63 22 grant
2420 842 43 20 and
2472 844 123 25 refreshing.
2619 845 132 25 Eucalyptus
2760 845 88 25 Jujubes
2859 852 23 13 or

2349 872 101 21 Pastilles
2459 874 33 19 for
2502 874 35 21 the
2563 875 80 21 Throat
2653 876 42 20 and
2704 876 64 20 Voice
2784 882 28 14 an
2827 877 54 20 anti-

2351 904 66 25 septic
2427 905 42 20 and
2479 906 119 21 stimulant.
2614 922 32 7 ....
2655 917 14 10 .-■-

2349 937 125 28 Veterinary
2491 940 35 21 Oil
2536 941 42 20 and
2589 941 110 21 Ointment
2708 942 33 20 for
2751 942 36 21 the
2796 942 85 22 stables.

2377 973 30 20 Be
2417 979 48 15 sure
2474 980 43 19 you
2526 975 108 21 Purchase
2648 976 38 20 the
2697 976 103 26 Platypus
2816 977 68 20 brand

2351 1004 50 26 only
2410 1005 22 20 of
2439 1006 30 19 all
2478 1006 113 26 Chemists,
2596 1007 87 21 Grocers
2689 1008 43 20 and
2739 1008 144 26 Storekeepers

2351 1036 42 20 and
2407 1038 23 19 at
2444 1037 36 21 the
2491 1038 63 21 Office
2564 1040 12 20 9
2586 1039 113 21 Cathedral
2708 1046 75 19 square
2793 1040 90 22 between

2351 1068 100 21 Morten's
2465 1069 112 27 Buildings
2585 1072 41 19 and
2637 1072 36 19 the
2682 1072 51 20 Post
2743 1072 69 21 Office.

2515 1105 88 21 Oxford
2613 1106 77 27 Agent

2406 1140 26 21 R.
2442 1140 30 22 H.
2486 1142 118 26 PARISH,
2627 1143 75 21 EAST
2716 1145 119 21 OXFORD

2432 1179 141 27 Eucalyptus
2583 1181 37 20 Oil
2629 1182 35 26 ,1/-
2676 1189 42 19 per
2726 1183 77 20 bottle.

2377 1423 115 43 HELP
2508 1427 82 41 FOB
2606 1429 86 41 THS
2716 1430 148 43 WEAK.

2356 1533 178 31 ■VTEEVO.US
2554 1535 71 25 AND
2643 1537 244 32 DEBILITATED,

2357 1561 31 29 1\
2413 1567 64 28 who,
2490 1567 109 33 through
2610 1570 67 31 folly,
2689 1571 49 25 and
2749 1573 139 31 ignorance,

2356 1599 63 26 have
2431 1601 80 24 trifled
2523 1610 68 24 away
2603 1604 62 24 their
2675 1605 86 31 vigour
2780 1606 27 24 of
2816 1606 71 33 body,

2357 1633 77 29 mind,
2447 1634 50 24 and
2508 1635 133 30 manhood,
2655 1639 100 31 causing
2772 1639 115 26 exhaust-

2356 1666 44 31 ing
2417 1667 82 24 drains
2511 1676 71 22 upon,
2589 1669 44 25 the
2642 1688 4 9 v
2655 1670 127 27 fountains
2803 1673 25 24 of
2838 1672 49 32 life,

2357 1699 63 24 Loss
2427 1700 26 23 of
2463 1700 101 32 Energy
2573 1702 49 24 and
2632 1704 126 31 Strength,
2771 1706 118 31 Timidity

2357 1731 162 26 Bashfulness
2554 1734 49 27 m,.
2618 1735 105 33 Society,
2747 1737 141 31 Headache,

2357 1764 134 31 Backache,
2511 1766 177 32 Nervousness,
2713 1771 134 25 Weakness
2866 1772 26 25 of

2359 1797 119 33 Memory,
2490 1799 110 26 Restless
2611 1801 81 33 Sleep,
2702 1803 114 30 Dreams,
2826 1804 64 26 Loss

2358 1831 74 25 Flesh
2445 1832 50 25 and
2507 1832 68 27 Vital
2592 1834 93 30 Power,
2709 1837 137 32 Eruptions
2857 1847 32 17 on

2358 1864 43 25 the
2410 1865 62 25 Face
2484 1866 49 25 acd
2544 1867 79 33 Body,
2637 1869 75 26 Want
2735 1872 27 25 of
2771 1872 119 32 Develop-

2358 1901 78 25 ment,
2456 1899 116 26 Varicose
2587 1901 83 30 Veins,
2693 1904 143 32 Incapacity
2852 1906 39 25 for

2358 1930 110 27 business
2480 1940 27 17 or
2518 1933 120 32 pleasure,
2652 1937 104 31 Urinary
2764 1938 124 30 Diseases,

2359 1964 49 25 and
2426 1964 34 26 all
2482 1966 43 25 the
2548 1967 83 27 effects
2653 1970 100 33 leading
2775 1977 25 20 to
2822 1973 66 32 eariy

2358 1998 83 31 decay,
2466 1999 104 32 perhaps
2593 2002 180 33 Consumption
2798 2013 28 17 or
2848 2005 41 26 In-

2359 2032 89 29 sanity,
2462 2039 45 17 can
2533 2034 28 23 be
2573 2036 113 24 obtained
2699 2036 31 31 by
2750 2038 141 31 consulting

2358 2064 138 32 personally
2514 2074 28 16 or
2549 2065 31 32 by
2593 2070 61 27 cost,
2690 2070 92 25 FEEE
2793 2071 96 25 PROF.

2359 2097 176 31 NOTMANN,
2566 2100 183 30 ]VLE.,E.M,G
2752 2122 15 11 rj
2819 2104 71 26 Carn^

2359 2129 85 32 bridge
2456 2131 109 31 Terrace,
2589 2135 111 30 opposite
2723 2137 117 25 Colombo
2853 2138 38 25 St.

2360 2163 99 32 Bridge,
2489 2165 187 27 Christchurch.
2738 2170 53 25 The
2833 2171 59 30 only

2359 2196 226 28 Electrobotanical
2613 2199 96 33 Expert
2742 2203 151 33 advertising

2359 2229 54 24 who
2425 2230 51 24 will
2487 2234 135 26 guarantee
2639 2241 15 16 a
2671 2234 125 33 thorough
2824 2245 66 19 cure.

2361 2261 57 26 Sole
2432 2264 136 30 proprietor
2595 2265 50 25 and
2660 2269 115 29 patentee
2803 2270 28 25 of
2848 2270 44 25 the

2359 2295 58 31 only
2439 2299 149 27 guaranteed
2610 2299 110 26 Electric
2741 2302 71 25 Belts
2843 2303 49 24 and

2359 2327 72 25 other
2442 2329 90 30 special
2554 2332 124 26 electrical
2700 2334 143 31 appliances
2864 2337 28 23 m

2359 2360 42 25 the
2410 2361 114 26 colonies.
2558 2363 99 26 Ladies'
2669 2366 97 25 French
2777 2368 115 26 herbace-

2360 2402 43 16 ous
2414 2394 58 31 pills
2492 2395 38 25 for
2557 2397 176 32 irregularities
2756 2401 64 25 from
2843 2410 49 24 any

2359 2434 81 23 cause,
2466 2429 41 23 10s
2530 2431 94 28 posted.
2659 2432 144 34 Pamphlets
2831 2435 61 25 free.

2360 2460 204 26 Testimonial:—
2565 2463 97 32 Napier,
2673 2466 96 32 August
2777 2468 45 25 7th
2827 2470 64 23 1895

2359 2493 66 23 Prof.
2436 2494 130 25 Notmann.
2568 2511 34 3 —
2602 2497 67 24 Dear
2678 2499 83 29 Sir,—
2761 2500 14 24 l
2784 2502 108 23 received

2359 2533 60 23 your
2424 2526 74 25 letter
2506 2528 49 25 iast
2566 2529 75 29 week,
2660 2532 50 24 and
2721 2532 14 24 I
2751 2541 42 16 am
2801 2534 90 24 thank-

2359 2558 37 24 ful
2418 2562 26 22 to
2466 2559 53 26 find
2540 2570 50 23 you
2595 2571 48 16 -are
2654 2565 104 26 anxious
2775 2568 26 23 to
2822 2567 70 26 know

2360 2590 42 26 the
2413 2591 106 28 benefits
2533 2594 17 30 ,1
2561 2595 63 25 bave
2636 2597 98 26 derived
2753 2599 62 25 from
2831 2608 62 24 your

2359 2626 141 25 treatment.
2537 2627 47 31 Sir,
2612 2629 21 25 it
2659 2631 68 31 gives
2755 2640 41 17 me
2823 2636 69 29 great

2358 2658 113 31 pleasure
2483 2662 26 22 to
2519 2660 92 26 inform
2621 2671 49 22 you
2679 2664 56 26 that
2744 2673 16 16 a
2770 2667 121 31 complete

2359 2692 50 24 and
2419 2692 92 31 perfect
2523 2701 61 20 cure,
2591 2695 46 26 has
2657 2696 61 26 been
2740 2699 103 25 effected
2866 2700 26 25 of

2359 2724 43 25 the
2413 2725 115 27 maladies
2540 2727 14 25 I
2571 2730 157 31 complained
2748 2733 25 24 of
2784 2735 27 23 to
2833 2742 57 23 you.

2358 2758 14 24 I
2383 2766 41 17 am
2436 2760 114 33 enjoying
2560 2762 64 31 good
2640 2763 92 30 health,
2745 2767 49 23 and
2805 2773 42 18 am
2855 2774 35 18 re-

2358 2791 83 25 stored
2460 2794 25 23 to
2505 2794 86 32 manly
2613 2796 94 31 vigour.
2742 2798 59 26 P.S.
2836 2800 56 32 Any

2358 2824 102 25 sufferer
2468 2826 111 26 desirous
2586 2828 27 24 of
2617 2831 210 33 communicating
2831 2834 61 24 with

2358 2864 40 17 me
2406 2865 49 23 you
2467 2866 42 17 are
2520 2861 27 23 at
2563 2860 89 34 liberty
2674 2864 26 23 to
2720 2864 55 31 give
2794 2872 43 24 my
2849 2866 41 24 ad-

2358 2890 75 30 dress,
2446 2890 37 26 for
2493 2892 15 23 I
2524 2892 48 26 like
2582 2902 61 23 your
2659 2897 119 30 practical
2789 2897 103 27 method

2358 2923 26 24 of
2394 2926 176 24 treatment.—
2572 2927 29 25 T.
2616 2927 28 26 C.
2659 2929 115 26 Simpson.

2424 2983 2 1 ■

2419 3141 212 46 HOLLAND
2666 3144 154 47 FINISH

2536 3207 154 43 CALICO

2468 3267 64 32 3d.
2567 3278 72 31 per
2659 3275 114 35 yard.

2610 3335 42 33 af
2738 3334 23 38 :;

2467 3387 37 30 R.
2523 3388 40 30 H.
2586 3388 195 36 PARISH'S
2899 3405 2 16 :

2486 3455 87 27 EAST
2609 3458 149 28 OXFORD.
2780 3478 3 7 ,
2805 3482 3 3 .

2899 3597 2 13 i

2370 3769 262 45 WALTEK
2693 3770 179 49 EYDE.

2457 3860 118 22 TIMBER
2599 3861 178 24 MERCHANT.
2810 3870 7 6 '

2431 3928 120 32 WEST
2622 3929 185 41 OXFOEB.

2374 4271 222 23 oxpobd
2607 4274 10 4 -
2633 4257 254 49 'MJi^sMi^jt'
2890 4259 4 18 1
2891 4270 9 13 -'

2426 4333 1 2 ■
2454 4315 215 42 Established
2693 4317 91 34 1862T
2823 4308 30 45 V
2891 4335 3 2 ■

2399 4382 126 30 FLOUB,
2535 4383 58 27 best
2602 4383 81 26 brand
2693 4383 61 33 only
2760 4383 74 34 4cep*.
2871 4374 28 40 ■•.'>

2347 4424 148 32 SHARPS,
2530 4424 209 33 OATMEAL,
2773 4426 82 29 BRA
2869 4428 25 26 N

2435 4470 156 29 OHIOKEN
2592 4470 138 32 WHEAT,
2747 4473 45 27 &«.

2395 4514 42 22 AT
2463 4514 124 24 LOWEST
2613 4514 145 24 GUFRENT
2784 4514 106 24 RAHES

1297 194 117 86 R.
1483 194 132 86 H.
1671 189 510 91 PARISH

1445 329 195 58 EAST
1686 326 325 61 OXFORD

1478 424 40 32 IB
1548 424 106 33 ;NOW;
1675 423 47 30 IN
1745 423 189 36 REOU;EPT>
1952 425 54 30 OF
2018 404 22 47 ?
2159 433 3 22 ;

1237 510 14 6 w
1255 503 20 12 ,.
1278 504 6 13 ;
1290 509 7 4 .
1323 496 7 12 v
1376 482 41 26 Ex
1435 481 114 28 AOTEA
1567 483 70 25 AND
1651 482 118 26 OTHER
1782 482 138 26 DIRECT-
1924 482 182 27 STEAMEBS

1194 510 156 92 ;Jt:;.
1401 535 276 50 SUMMER.
1692 534 241 47 SEASON
1959 536 125 43 1896.
2094 557 2 3 •
2222 539 11 7 -

1191 592 106 54 ''y.'l
1317 607 22 43 '
1389 609 25 31 -\
1462 593 6 12 ?
1476 625 4 4 -
1527 623 28 9 -
1581 610 99 31 THIS
1700 608 205 34 SEASON'S
1933 632 3 3 •

1158 689 533 107 .PMNTSi
1760 707 556 89 PRINTS!!

1254 843 12 20 _/
1323 837 2 16 ;
1379 826 5 25 i
1475 821 8 7 '"
1508 822 2 1 '

1387 886 83 31 k.:.:>;
1505 880 12 12 *
1534 880 50 35 4ft.
1607 894 54 29 per
1684 884 78 39 yard
1785 884 100 30 wortli
1907 884 49 31 Bd.

1249 1039 584 116 Ging-haias,
1903 1041 337 100 Drills,

1173 1277 349 96 Ladies
1562 1271 313 98 Black
1917 1280 405 90 Jackets

1211 1446 150 87 for
1402 1449 114 85 5s
1559 1448 128 86 9d
1761 1450 309 86 worth
2112 1454 163 85 20s

1176 1605 610 110 Trimmings
1854 1610 82 84 &
1982 1610 342 90 Braids

1484 1741 214 86 half
1732 1745 282 108 price.

1356 1930 336 47 ENORMOUS
1752 1933 389 49 REDUCTIONS

1178 2008 434 88 MAIDS
1684 2051 22 66 y
1739 2008 585 96 ULSTERS

1295 2145 455 86 Reduced
1790 2152 104 82 to
1950 2150 102 86 Is
2095 2150 163 89 6d.

1539 2278 38 29 36
1599 2280 34 27 to
1653 2278 41 29 45
1705 2277 105 32 inches
1830 2279 86 41 deep.

1217 2361 428 90 Buttons
1668 2366 121 86 Id
1841 2395 174 82 per
2056 2375 235 85 card

1407 2490 432 16 >♦♦♦♦♦♦♦♦♦»♦»♦♦♦♦♦♦♦♦♦♦♦»♦♦♦♦»♦
1843 2493 140 14 ♦«♦♦>♦#»♦«»

1176 2545 80 25 TIHE
1274 2544 116 33 question
1400 2544 22 25 is
1433 2543 99 25 natural
1532 2557 35 4 —
1591 2542 67 31 Why
1670 2542 60 26 send
1745 2544 26 24 to
1783 2543 177 27 Christchurch
1979 2545 39 26 for
2035 2554 62 23 your
2114 2547 110 35 Drapery
2232 2551 12 23 ?
2278 2551 46 25 The

1182 2569 20 34 1
1240 2578 102 32 drapery
1353 2577 55 25 sold
1416 2578 26 23 m
1450 2577 57 24 that
1518 2577 51 31 city
1581 2584 71 23 every
1664 2584 46 17 one
1722 2576 93 30 knows,
1828 2577 22 24 is
1861 2578 45 25 not
1917 2578 71 26 made
2000 2579 77 29 there,
2096 2579 45 27 but
2152 2582 129 32 imported.
2316 2585 8 24 I

1176 2612 92 31 import
1280 2611 64 26 from
1356 2610 43 26 the
1410 2610 54 25 best
1475 2609 107 32 English
1594 2609 50 25 and
1661 2609 87 25 Scotch
1760 2610 100 25 houses.
1873 2634 4 3 .
1906 2611 15 25 I
1936 2619 42 18 am
1990 2612 104 26 enabled
2105 2615 26 24 to
2142 2617 123 30 purchase
2282 2617 42 26 low

1175 2646 50 24 and
1233 2645 47 25 sell
1291 2647 27 22 at
1327 2653 15 16 a
1352 2646 54 23 rate
1417 2644 27 23 of
1452 2643 75 31 profit
1539 2643 53 32 (my
1603 2651 124 23 expenses
1738 2643 72 31 being
1821 2644 82 32 small)
1915 2644 57 26 that
1983 2646 81 25 would
2075 2646 31 26 be
2124 2650 143 24 considered
2287 2652 37 24 ab-

1176 2678 58 25 surd
1245 2678 33 33 by
1294 2685 48 24 any
1362 2676 178 26 Christchurch
1563 2675 199 25 establishment.
1814 2676 45 32 My
1880 2676 77 26 Stock
1975 2678 21 24 is
2016 2678 42 25 the
2078 2679 94 35 largest
2190 2683 50 24 and
2261 2686 63 24 most

1174 2712 85 26 varied
1278 2712 57 25 that
1344 2711 46 25 has
1402 2718 57 18 ever
1468 2711 63 24 been
1543 2709 87 26 shown
1640 2709 27 25 m
1678 2709 44 26 the
1732 2709 104 31 distinct,
1849 2711 50 24 and
1910 2711 38 26 for
1958 2712 93 32 quality
2070 2714 50 26 and
2139 2716 72 25 value
2228 2719 58 29 puts
2303 2719 21 25 m

1174 2747 42 24 the
1228 2745 76 25 shade
1321 2744 76 33 goods
1407 2744 91 24 offered
1509 2743 33 31 by
1553 2743 101 31 visiting
1664 2743 115 25 hawkers
1792 2745 62 23 from
1866 2744 43 25 the
1926 2745 180 26 Christchurch
2117 2756 46 25 rag
2174 2752 87 23 marts.

1177 2806 14 18 ;.
1207 2799 94 25 Dress
1313 2798 164 32 Materials,
1489 2798 88 25 Plain
1588 2798 60 24 and
1658 2797 104 32 Fancy
1772 2798 80 25 from

1207 2858 27 25 A
1251 2857 110 29 Strong
1377 2856 87 27 Stout
1480 2857 133 24 Durable
1630 2855 126 31 Kaiapoi
1772 2856 113 25 Tweed
1901 2857 52 32 2/6
1964 2864 55 24 per
2030 2859 76 29 yard

1802 2900 108 25 Makes
1922 2901 155 25 first-class
2094 2902 91 33 Boys'
2203 2904 90 27 Suits.

1207 2951 57 26 Art
1280 2950 139 31 Muslins,
1438 2948 157 33 Cretones,
1613 2949 80 26 Lace
1711 2949 139 26 Curtains
1868 2949 54 26 &c.

1207 3021 25 30 A
1249 3019 110 26 Choice
1377 3019 167 26 Collection
1561 3020 34 25 of
1608 3019 121 32 Gloves,
1756 3020 77 31 Ties,
1863 3019 129 33 Aprons,
2021 3020 167 28 Insertions
2205 3023 54 25 &c.

1207 3081 102 26 Prints
1321 3081 79 25 from
1412 3081 52 25 4d.
1476 3086 55 26 per
1541 3081 85 30 yard.
1639 3080 139 32 Muslins,
1791 3081 138 31 Selesias,
1943 3081 125 32 Calicos,
2082 3082 55 27 &c.

1790 3123 87 27 With
1893 3125 88 24 other
1997 3125 193 27 Manchester
2206 3128 86 31 lines.

1207 3176 87 32 Hats,
1313 3175 103 32 Fancy
1432 3176 60 25 and
1509 3175 106 32 Sailor,
1633 3176 32 24 m
1680 3175 105 26 White
1802 3177 60 24 and
1878 3175 116 27 Colors.

1747 3219 126 26 Newest
1889 3219 123 33 Shapes.
2047 3220 96 32 Large
2160 3223 130 34 Variety,

1205 3272 148 30 Flowers,
1371 3271 154 31 Feathers,
1543 3271 149 31 Ribbons,
1710 3271 106 31 Laces,
1833 3271 76 32 Jets,
1927 3271 56 25 &c.

1675 3310 88 26 With
1778 3313 42 23 all
1836 3312 183 24 necessaries
2036 3311 48 25 for
2099 3311 190 33 Trimmings.

1205 3358 103 31 Fancy
1323 3358 140 31 Frillings
1481 3359 77 32 3yds
1569 3359 47 24 for
1626 3358 36 33 1/-
1679 3359 102 25 worth
1792 3359 50 31 9d,
1859 3364 56 26 per
1925 3360 84 30 yard,

1736 3401 182 33 Umbrellas,
1936 3403 151 32 Parasols,
2105 3403 183 35 Sunshades,

1488 3495 243 44 DOUBLE
1790 3495 214 44 WIDTH

1174 3576 292 88 Dress
1541 3573 398 89 Tweeds
2019 3577 103 88 Is
2189 3581 131 86 4d

1470 3709 329 92 worth
1869 3712 136 88 2s.

1249 3839 459 91 Costume
1769 3836 289 91 Cloth
2136 3845 124 87 Is.

1402 3962 317 92 worth
1771 3965 102 85 Is
1931 3965 155 90 4d.

1167 4208 133 41 English
1313 4208 129 41 Witney
1450 4208 149 31 Blankets
1612 4211 35 27 to
1661 4207 38 31 be
1713 4206 68 31 sold
1795 4211 33 27 at
1837 4208 60 31 less
1905 4208 78 31 than
1995 4208 181 35 Melbourne
2188 4210 131 36 Whole-

1167 4260 64 31 sale
1253 4259 250 42 price-r-Double
1517 4256 69 34 Bed
1602 4258 69 32 Size
1694 4259 64 30 12s.
1783 4258 50 31 6d.
1884 4260 102 31 worth
2001 4260 67 32 16s.
2105 4262 52 31 6d.
2178 4272 56 32 per
2247 4266 71 41 pair

1333 4301 131 43 cheaper
1477 4301 77 32 than
1568 4298 225 35 Christchurch
1806 4300 113 34 houses
1932 4301 66 33 will
2011 4302 59 33 sell
2082 4302 96 37 them.

1208 4410 75 35 R«
1308 4411 78 36 IX.
1399 4422 10 30 :
1424 4410 312 42 PARISH,
1795 4412 155 35 JSetßt
1997 4413 259 38 Oxford.

690 197 252 45 SPECIAL
965 199 10 43 !
998 199 10 43 !
1031 199 10 43 !

604 326 261 43 TjiULL.-SIZE,
908 326 231 26 ALL-WOOL

819 400 129 30 WHI?BE..
964 387 4 10 '
990 391 35 34 4-

629 466 211 49 KAIAPOI
864 466 248 49 BLANKETS

704 555 80 44 19s
817 555 59 45 6d
916 555 131 43 Pair.

649 680 69 25 BESl
718 686 4 8 1
735 684 103 21 VALUE
856 684 85 29 EVES,
951 682 134 23 OFFERED

594 748 9 5 .
633 726 14 18 %
647 727 47 32 R.
742 725 54 34 H.
842 726 257 34 PARISH,

658 812 4 9 ;
709 779 127 41 .East
847 767 179 61 .GpOqrfr
1072 774 5 27 '■-

611 906 88 37 MR
722 905 63 41 W.
812 905 49 41 N.
886 904 255 46 CATHRO,

651 978 180 24 BARRISTER
845 967 68 32 ANb
929 976 172 23 SOLICITOR.

760 1034 230 44 bangiora!

608 1100 131 30 Attends
755 1099 121 31 Oxford
890 1109 40 20 on
941 1099 97 34 Court
1046 1098 95 41 Days.

608 1173 167 24 Instructions
783 1173 33 31 by
827 1175 56 29 post
894 1172 51 24 will
956 1173 93 23 receive
1059 1180 83 23 prom-

772 1214 28 27 pt
828 1210 131 25 attention.

729 1258 107 22 HONEY
864 1258 37 21 TO
929 1258 93 21 LEND:

669 1399 52 45 T.
783 1397 301 47 i»ICKARD

639 1493 74 21 BOOT
727 1493 64 20 AND
811 1492 77 22 SHOE
906 1491 115 24 MAKER,
1040 1489 76 21 EAST

810 1535 122 22 OXFORD

610 1589 104 58 BEGS
732 1590 26 23 to
781 1588 90 24 inform
892 1588 43 25 the
952 1588 156 25 inhabitants
1120 1588 26 25 of

666 1622 92 26 Oxford
781 1622 54 24 and.
847 1622 168 31 surrounding
1035 1622 109 24 districts

611 1663 55 25 that
687 1663 32 25 he
740 1663 46 25 has
795 1664 94 29 .started
901 1663 113 25 business
1026 1663 26 24 m
1075 1663 73 31 High'

612 1707 36 27 St,
678 1715 26 15 as
722 1715 15 15 a
756 1707 56 24 boot
831 1707 51 23 and
901 1707 58 23 shoe
982 1707 93 27 maker,
1095 1707 50 23 and

612 1745 92 26 solicits
717 1754 15 16 a
744 1745 71 24 share
828 1746 26 24 of
872 1745 66 24 their
948 1747 135 30 patronage
1096 1746 52 23 and-

610 1793 108 28 support.
754 1789 76 25 Boots
853 1789 49 24 and
925 1789 74 24 shoes
1022 1789 73 25 made
1116 1791 27 24 to

610 1834 78 29 order,
713 1834 175 25 handstitched
908 1842 15 17 a
943 1834 136 31 speciality.

614 2030 172 31 OXFORD
829 2030 188 29 LIBRARY
1058 2029 88 30 AND

704 2081 196 31 READING
920 2081 130 30 ROOM.

611 2189 53 25 The
693 2189 92 25 Oxford
812 2189 104 31 Library
944 2189 22 24 is
993 2196 63 24 open
1078 2196 70 24 every

611 2232 113 32 Tuesday
735 2232 51 25 and
807 2232 121 31 Saturday
958 2232 95 31 nights,
1082 2232 66 25 from

613 2277 58 24 630
683 2285 69 24 p.m.,
774 2278 25 23 to
820 2277 15 24 8
846 2284 71 23 p.m.,
941 2276 50 24 and
1022 2283 33 17 on
1078 2283 70 24 every

612 2320 119 25 alternate
744 2319 131 32 Thursday
899 2319 137 28 afternoon,
1068 2319 80 32 (Sale-

612 2363 70 33 days)
705 2363 64 25 from
782 2363 60 24 230
852 2370 66 24 p.m..
935 2363 25 24 to
973 2363 14 24 5
1000 2370 58 24 p.m.
1096 2362 52 25 The

802 2401 24 21 L.
844 2400 126 31 REEVES,

892 2439 68 25 Hon.
972 2438 141 26 Librarian.

663 2489 176 25 Subscription
850 2488 39 31 2/-
901 2496 50 15 per
969 2488 128 29 Quakteb.

640 2634 78 43 W.
748 2633 64 44 H.
842 2632 276 45 ALFORD

612 2731 240 39 WATCHMAKER.
887 2731 172 38 JEWELLER
1059 2732 85 48 ;;&?.

654 2793 121 35 'MAIN
790 2803 134 26 STEEET
942 2803 138 25 OXFOED
1136 2806 12 16 •:

803 2865 61 18 near
876 2858 81 24 Bank.
1085 2865 24 17 \\

699 3077 54 44 F.
785 3076 49 45 B.
856 3075 188 56 LANE.

715 3151 91 40 (Late
820 3151 39 29 E.
879 3151 160 39 Butcher.)

611 3210 250 36 Watchmaker,
891 3210 183 36 Jeweller,
1090 3210 53 30 &c.

609 3262 124 32 Importer
767 3262 27 24 of
833 3260 107 25 Musical
975 3260 169 25 Instruments

709 3300 111 25 Victoria
841 3299 38 26 St.
909 3299 134 31 Eangiora.

611 3378 98 32 Special
720 3378 71 25 value
813 3377 28 24 m
864 3376 80 25 Extra
967 3377 87 31 strong
1064 3375 80 26 Cased

608 3422 88 32 highly
704 3420 110 26 finished
826 3420 109 32 English
953 3420 80 25 Lever
1041 3419 103 26 Watch-

608 3474 35 17 es.
690 3464 190 28 Manufactured
897 3467 26 22 to
946 3472 43 23 my
1017 3464 72 25 order
1110 3463 33 31 by

608 3506 55 25 best
675 3506 104 24 London
798 3504 106 25 makers.
939 3502 158 33 Unequalled
1104 3503 39 25 for

608 3549 122 25 excellent
744 3548 178 31 Timekeeping
936 3547 51 25 and
998 3546 143 33 durability.

641 3593 29 26 F.
688 3593 32 26 B.
732 3592 96 26 LANE
840 3591 140 33 personally
1001 3591 72 25 visits
1093 3591 48 25 Ox-

608 3637 54 25 ford
682 3636 124 33 monthly,
830 3636 114 32 carrying
963 3643 16 17 a
1001 3635 68 32 large
1092 3635 50 25 and

607 3680 85 26 choice
726 3680 70 26 stock
824 3680 28 26 of
882 3679 127 29 Watches,
1038 3678 102 30 Chains,

607 3725 134 26 Brooches,
751 3725 87 30 Bings,
850 3723 86 28 Studs,
953 3723 128 24 Pendants
1092 3725 47 27 etc,

609 3767 140 31 Spectacles
771 3765 123 34 (Pebbles,
911 3766 168 32 Pantoscopsc
1090 3766 51 25 and

608 3810 108 33 Crystal)
729 3810 96 29 Clocks,
843 3809 108 34 (Marble
970 3809 52 25 and
1040 3809 100 33 Wood,)
1147 3826 2 14 ,

706 3854 156 26 Accordeons
873 3853 50 26 and
934 3853 107 26 Violins.
1147 3856 2 23 I

640 3898 81 26 Exact
732 3899 57 25 date
802 3898 27 26 of
838 3898 62 25 each
911 3898 59 25 visit
992 3897 22 26 is
1026 3897 106 26 notified

755 3942 27 25 m

607 3984 115 28 Eepaibs.
723 4000 32 5 —
756 3985 42 26 All
809 3985 93 33 repairs
919 3993 43 17 are
978 3984 119 26 executed
1107 3984 32 33 by

606 4031 92 30 myself
718 4038 28 17 or
762 4029 80 26 under
857 4037 44 24 my
920 4028 220 33 superintendence

606 4080 28 17 so
655 4073 56 26 that
730 4075 103 30 patrons
844 4080 48 18 can
913 4073 53 31 rely
988 4080 33 17 on
1043 4071 98 32 getting

606 4115 154 27 satisfaction
769 4118 26 23 at
806 4115 44 27 the
861 4123 59 25 very
930 4115 87 26 lowest
1025 4115 112 32 charges.

638 4160 104 33 Repairs
753 4168 29 18 or
789 4160 85 26 orders
882 4167 59 26 may
951 4160 31 25 be
989 4160 46 26 left
1046 4161 27 24 at
1073 4173 33 5 —

604 4207 27 26 J.
648 4208 134 30 Weeber's,
817 4208 69 30 East.
904 4208 101 27 Oxford,

603 4253 28 23 at
653 4251 41 26 W.
717 4251 36 25 M.
777 4251 38 29 C,
838 4251 65 25 East
927 4252 101 24 Oxford.

603 4294 25 27 J.
645 4294 100 32 Brown,
758 4294 159 32 Bootmaker,
941 4294 72 28 West
1036 4294 101 27 Oxford.

603 4339 40 26 W.
656 4340 26 25 J.
694 4339 219 30 Crothers4&Co..
934 4339 71 26 Oust.

636 4383 50 26 and
702 4382 52 27 will
760 4382 31 26 be
801 4382 127 32 promptly
938 4382 119 27 attended
1067 4384 36 25 to.
1141 4403 4 6 ,

603 4426 55 31 AH
668 4425 100 33 Work
778 4426 79 31 done
868 4436 40 21 on
921 4426 55 31 the
987 4426 151 32 Premises

726 4478 62 32 and
802 4478 199 41 guaranteed.

86 2453 51 21 The
157 2453 113 21 Hindoos
288 2453 63 21 have
371 2458 65 17 more
454 2453 130 22 frankness

52 2494 61 23 than
130 2502 45 15 our
192 2494 152 23 aristocratic
361 2494 91 24 classes
471 2495 26 22 m
515 2495 67 23 mak-

52 2538 43 31 ing
111 2545 85 16 census
207 2538 107 23 returns.
337 2537 99 32 Among
447 2537 71 24 those
530 2537 54 24 who

52 2589 61 18 w.ere
130 2581 78 24 called
218 2589 65 23 upon
294 2583 25 23 to
337 2581 108 25 describe
464 2581 120 25 thaircal'

52 2625 71 31 lings,
142 2633 68 17 some
222 2625 144 32 designated
386 2625 64 25 their
461 2634 87 16 means
560 2625 24 25 of

52 2669 76 31 Jiving
151 2676 28 17 as
201 2669 89 31 village
314 2669 101 29 thieves,
451 2669 132 31 supported

52 2713 29 31 by
93 2713 122 28 relatives,
233 2721 28 17 or
271 2713 77 32 living
365 2721 33 17 on
421 2714 77 24 loans.
502 2728 31 4 —
535 2714 48 24 The

52 2758 106 24 Clarion.

50 3480 3 31 i
85 3495 47 5 —
131 3469 248 52 ..Tis^xfensively
393 3487 5 20 i
403 3473 111 36 mttaJed
518 3474 56 37 .ind

72 3514 17 32 it
94 3527 22 20 is
124 3527 150 31 necessary
285 3517 25 31 to
317 3514 62 35 looK
386 3514 36 35 (oi
433 3516 38 34 The
481 3528 74 21 nwne

74 3555 228 51 whenboying;.

84 3674 74 25 Town
175 3674 80 28 Hall,
257 3688 33 6 —
290 3674 21 24 A
335 3674 89 25 Punch
444 3676 50 24 and
513 3676 66 31 Judy

52 3714 74 26 Show
134 3716 41 23 &c.
187 3714 50 25 will
254 3714 29 25 be
303 3715 73 31 given
393 3715 121 31 to-night,

132 3819 71 26 DOG
231 3820 266 27 REGISTRATION.

50 3887 143 25 YTOTICE
215 3887 23 24 is
260 3887 90 33 hereby
377 3888 73 32 given
472 3888 56 26 that
548 3889 31 25 all

50 3914 31 31 1*
106 3927 96 17 owners
225 3920 27 24 of
273 3922 167 31 unregistered
461 3921 69 33 Dogs
552 3923 27 23 m

50 3954 42 23 the
105 3953 94 26 Oxford
210 3953 104 25 District
329 3954 53 25 -will
403 3954 31 25 be
446 3955 134 31 proceeded

50 3986 96 33 against
156 3986 106 26 witkout
273 3986 95 26 further
376 3988 92 24 notice.

80 4038 38 31 By
135 4038 68 24 order
214 4038 27 24 Of
250 4038 44 24 the
305 4038 83 25 Board

209 4076 115 26 JAMES
337 4078 36 23 H.
392 4078 152 28 SHABPE,

375 4127 136 33 Registrar.

142 4198 132 47 FOR
303 4200 174 47 SALE.

50 4276 37 59 A
105 4276 91 27 GOOD
208 4277 166 29 Harmonium
393 4278 38 27 for
448 4279 61 26 sale.

219 4313 82 32 Apply
317 4315 27 24 to
423 4314 81 10 ■•■■'

210 4372 81 27 MISS
308 4372 134 26 MORRIS

273 4433 99 26 Church
390 4433 84 27 Street

324 4495 64 26 East
405 4494 101 28 Oxford.
