4208 6014
816 3782 240 139 Lyell
1104 3782 287 139 Times.

817 3921 207 40 SATURDAY,
1048 3927 177 34 JANUARY
1246 3932 44 34 30,
1316 3934 75 32 1886.

820 4013 50 28 We
899 4013 169 32 understand
1107 4017 63 31 that
1205 4020 47 29 the
1291 4021 130 39 monthly

786 4050 174 40 cleaning-up
973 4052 31 30 of
1018 4054 46 29 the
1084 4055 102 31 United
1204 4059 98 36 Alpine
1315 4061 106 39 battery

785 4088 57 29 trill
854 4092 49 26 not
914 4090 63 29 take
989 4090 75 38 place
1086 4094 71 29 until
1177 4096 175 41 Wednesday
1371 4102 48 29 the

786 4126 47 30 3rd
847 4128 132 37 proximo.

819 4176 59 29 The
913 4178 95 28 Buller
1044 4180 109 38 County
1188 4182 113 32 Council
1332 4186 87 31 invite

785 4213 108 31 tenders
912 4215 42 30 for
975 4216 159 32 alterations
1155 4223 27 26 to
1201 4221 83 31 levels
1306 4225 29 28 in
1357 4226 66 29 Cliff

786 4252 97 33 Street,
897 4254 54 28 and
964 4254 133 38 footpath,
1111 4257 96 36 Lyell;
1227 4261 53 29 and
1299 4262 43 30 for
1354 4273 47 20 con-

784 4292 112 34 creting,
918 4292 56 35 &c.,
995 4294 29 29 of
1046 4298 140 32 reservoir,
1208 4299 88 36 Lyell.
1336 4302 81 31 Plans

785 4330 53 28 and
861 4331 199 36 specifications
1080 4333 41 30 for
1134 4336 46 28 the
1199 4340 109 28 various
1331 4342 88 29 works

784 4377 49 17 can
849 4368 31 28 be
901 4379 63 18 seen
987 4375 28 23 at
1038 4372 53 27 Mr.
1112 4373 26 28 J.
1162 4375 145 36 Fennell's,
1322 4379 96 36 Lyell;

784 4405 54 29 and
869 4406 48 31 the
940 4408 110 39 County
1077 4410 160 37 Chambers,
1268 4415 146 40 Westport.

784 4445 120 29 Tenders
925 4448 72 28 close
1019 4453 29 24 at
1073 4449 146 38 Westport,
1233 4457 30 26 at
1279 4464 82 26 noon,
1383 4467 35 19 on

784 4483 183 38 Wednesday,
982 4487 63 27 10th
1059 4488 149 38 February.

818 4530 58 30 The
906 4533 78 29 usual
1014 4535 128 39 monthly
1168 4539 123 37 meeting
1314 4542 31 28 of
1371 4542 48 29 the

784 4568 128 29 directors
931 4572 29 26 in
983 4572 46 28 the
1054 4574 56 27 Tyr
1134 4576 76 27 Conn
1214 4578 35 27 ell
1273 4579 142 39 Company

784 4605 75 29 takes
873 4607 75 36 place
962 4619 35 18 on
1012 4608 120 40 Monday
1146 4615 124 36 evening,
1284 4622 74 24 next.

819 4654 57 30 The
889 4655 129 31 directors
1031 4659 28 28 in
1074 4661 46 29 the
1136 4662 100 29 United
1249 4664 99 36 Alpine
1363 4668 54 27 and

785 4693 108 28 Cm?sus
931 4696 164 36 Companies
1133 4699 65 29 hold
1228 4701 73 29 their
1341 4706 76 28 usual

786 4732 126 36 monthly
952 4737 135 37 meetings
1123 4748 36 19 on
1195 4740 127 39 Tuesday
1352 4749 65 23 next

783 4769 54 29 2nd
851 4770 132 34 proximo.

819 4816 49 30 We
884 4817 50 39 beg
946 4823 28 25 to
986 4822 106 29 remind
1109 4828 110 33 parents
1232 4826 31 29 of
1272 4827 90 31 clause
1374 4829 42 30 VI

784 4864 27 17 m
833 4856 47 27 the
899 4858 143 29 Amended'
1063 4861 153 29 Education
1242 4866 60 31 Act,
1326 4868 90 27 which

783 4892 94 28 reads:
925 4894 91 39 Every
1029 4897 73 29 child
1115 4901 125 37 required
1249 4901 36 40 by
1298 4902 47 32 the
1356 4904 59 31 said

784 4930 51 32 Act
849 4939 26 23 to
889 4935 93 29 attend
995 4946 16 19 a
1026 4937 93 36 public
1131 4940 93 29 school
1239 4942 71 30 shall
1319 4946 95 27 attend

783 4971 66 25 such
873 4972 92 27 school
986 4974 99 36 during
1102 4981 28 22 at
1151 4978 70 27 least
1240 4980 87 37 thirty
1348 4981 56 38 days-

782 5006 28 29 in
825 5007 64 30 each
903 5012 138 36 quarterly
1054 5014 94 30 school
1161 5019 78 27 term.

817 5056 50 27 We
889 5057 70 28 have
984 5064 28 23 to
1033 5061 191 38 acknowledge
1250 5065 45 29 the
1316 5066 101 38 receipt

782 5092 66 29 from
863 5095 47 28 the
924 5097 187 31 Government
1126 5101 105 29 Printer
1244 5107 25 23 ot
1282 5113 16 19 a
1312 5114 68 28 copy
1388 5106 29 29 of

784 5132 45 28 the
876 5134 77 29 Land
975 5137 51 28 Act
1047 5138 31 28 of
1214 5142 145 35 published
1380 5144 35 37 by

783 5170 45 28 the
841 5172 139 37 authority
993 5175 30 28 of
1033 5175 45 28 the
1092 5177 74 28 Hon.
1186 5179 73 28 John
1275 5181 136 29 Ballance.

783 5208 66 30 This
874 5210 78 30 Land
977 5212 53 30 Act
1052 5216 180 30 consolidates
1256 5222 157 34 twenty-six

783 5248 64 27 Acts
868 5250 52 27 and
942 5251 162 30 ordinances
1127 5254 118 36 relating
1266 5261 28 24 to
1317 5259 97 28 Crown

783 5285 87 34 law's,
884 5288 53 28 and
952 5289 90 37 brings
1055 5292 36 28 all
1108 5292 60 30 that
1180 5304 55 19 was
1249 5296 111 30 deemed
1374 5308 26 19 es-

783 5325 97 28 sential
893 5326 29 28 in
935 5327 76 28 them
1024 5330 100 28 within
1134 5332 38 27 its
1183 5342 134 28 compass.
1354 5337 58 28 The

784 5363 66 26 total
864 5373 63 18 area
946 5365 30 27 of
988 5366 64 27 New
1066 5368 120 30 Zealand
1199 5371 23 26 is
1242 5373 127 35 upwards
1387 5374 30 28 of

785 5400 125 35 sixiy-six
923 5402 105 30 million
1042 5414 82 20 acres.
1161 5409 38 27 Of
1215 5409 56 29 this
1282 5411 132 34 .eighteen

778 5436 112 32 .million
910 5440 69 30 have
998 5442 67 29 been
1089 5444 57 29 sold
1160 5455 31 19 or
1202 5447 127 37 disposed
1341 5451 30 28 of
1385 5452 30 28 in

785 5476 153 30 Education
971 5480 55 28 and
1056 5482 78 28 other
1164 5485 90 35 public
1284 5496 129 21 reserves.

781 5514 139 30 Fourteen
938 5518 231 38 millions-belong
1187 5525 28 24 to
1233 5523 47 28 the
1299 5525 100 37 aborigi-

783 5562 62 19 nees
859 5563 30 19 or
901 5558 28 25 to
943 5555 45 29 the
1008 5556 161 39 Europeans
1186 5560 63 28 who
1268 5562 69 30 have
1351 5574 46 27 pur-

783 5591 97 30 chased
894 5595 68 28 from
977 5595 85 32 them,
1077 5597 54 28 and
1143 5598 156 37 thirty-four
1306 5604 107 29 million

782 5640 74 19 acres
887 5633 30 27 of
941 5634 97 29 Crown
1064 5635 78 29 lands
1164 5638 53 28 still
1242 5642 106 28 remain
1373 5643 41 29 for

782 5668 126 38 disposal.
946 5673 37 28 Of
1004 5675 45 28 the
1074 5675 89 34 latter,
1189 5678 91 29 fifteen
1306 5681 107 29 million

782 5718 43 16 ;ire
856 5719 69 25 open
957 5720 76 24 grass
1062 5722 31 17 or
1122 5715 58 26 fern
1211 5720 124 32 country,
1366 5724 46 22 ten

783 5745 103 29 million
899 5748 91 34 fjrest,
1004 5750 52 28 and
1073 5751 62 29 nine
1155 5752 105 29 million
1275 5755 30 28 of
1315 5756 96 29 barren

780 5787 142 27 mountain
938 5793 69 33 top;:,
1049 5790 84 34 lake*,
1176 5792 54 28 and
1272 5794 140 30 worthies*

779 5829 124 32 country.

1496 207 58 29 The
1575 209 102 29 United
1700 211 73 37 Italy
1794 212 129 31 directors
1945 214 65 30 hold
2026 217 69 28 their

1460 247 80 28 usual
1576 249 129 36 monthly
1740 252 124 36 meeting
1895 264 36 18 on
1970 255 125 37 Tuesday

1461 287 74 25 next.

1495 332 58 30 The
1576 344 132 28 manager
1728 336 31 31 of
1776 338 47 30 the
1841 339 56 38 Try
1917 341 76 30 Conn
1997 343 35 28 ell
2056 345 25 27 in-

1462 371 85 29 forms
1570 379 31 22 tts
1615 375 61 29 that
1695 377 33 29 he
1750 377 50 28 has
1818 381 177 31 successfully
2015 381 80 30 holed

1461 409 116 35 through
1592 412 69 28 from
1678 414 49 28 No.
1741 416 16 26 4
1771 415 68 28 level
1852 420 29 24 to
1893 418 47 27 the
1950 424 47 30 top
2010 423 85 30 storie,

1462 449 53 27 and
1529 452 39 26 air
1587 453 231 28 communication
1832 455 23 27 is
1874 465 61 19 now
1952 458 142 36 complete.

1461 487 44 28 All
1519 488 46 29 the
1578 489 89 28 hands
1679 492 28 26 in
1721 491 46 29 the
1782 493 72 27 mine
1874 504 44 19 are
1933 505 60 19 now
2008 497 86 37 busily

1461 525 121 40 engaged
1607 530 109 37 stoping
1742 531 54 28 and
1822 532 77 37 bring
1911 544 36 26 ng
1972 540 76 24 stone
2070 543 25 22 to

1461 574 83 25 grass.
1582 567 57 27 The
1653 572 77 23 stone
1743 569 24 26 is
1780 570 30 27 of
1817 578 15 19 a
1845 571 57 27 rich
1919 573 113 33 quality.

1496 621 58 30 The
1575 625 156 34 operations
1750 625 27 29 in
1801 626 47 30 the
1860 628 98 37 Alpine
1977 630 41 28 for
2036 635 60 32 past

1462 659 83 34 week,
1567 662 106 29 outside
1686 665 29 26 of
1725 665 46 28 the
1791 667 78 26 usual
1888 669 118 35 stoping,
2027 679 68 19 were

1462 696 109 38 driving
1583 699 52 29 No.
1650 703 15 26 6
1677 702 71 27 level
1761 703 87 28 ahead
1863 708 27 25 to
1902 706 133 38 intercept
2050 708 44 28 the

1462 736 81 29 north
1566 737 88 31 block.
1691 741 58 28 The
1766 742 141 30 character
1930 745 31 27 of
1980 751 115 31 country

1462 785 62 17 now
1544 776 82 36 being
1644 787 70 27 gone
1728 779 116 37 through
1859 782 23 27 is
1900 783 47 26 the
1966 783 129 37 ordinary

1462 812 68 30 slate
1543 814 73 34 rock,
1630 816 54 29 and
1698 826 51 20 can
1763 818 31 29 be
1808 819 103 30 classed
1924 830 30 19 as
1974 823 121 28 medium

1463 852 107 35 driving
1599 856 115 32 ground.
1762 856 67 28 This
1859 859 74 27 work
1964 861 23 26 is
2018 861 78 34 being

1463 891 104 29 carried
1589 901 35 19 on
1638 892 65 30 with
1717 894 76 30 three
1806 894 80 32 shifts
1908 897 29 29 of
1956 901 54 26 two
2033 909 62 20 men

1462 929 77 27 each.
1575 931 59 28 The
1647 936 167 24 contractors
1826 935 42 27 for
1876 944 61 18 race
1949 936 146 32 deviation,

1463 965 133 39 although
1626 969 29 28 in
1686 978 66 29 very
1782 970 70 31 ha;d
1890 977 125 36 country,
2053 985 43 21 are

1464 1006 114 36 making
1589 1008 69 36 good
1671 1018 132 28 progress.

1498 1062 58 29 The
1576 1066 82 34 agent
1670 1064 42 30 for
1721 1065 47 29 the
1783 1065 79 32 Bank
1875 1067 30 30 of
1921 1068 68 31 New
2010 1070 85 30 South

1465 1101 91 29 Wales
1568 1103 55 28 will
1636 1103 34 28 b*
1681 1104 28 28 in
1723 1105 80 35 Lyell
1815 1113 36 21 on
1865 1101 145 44 tfhtirsday
2019 1119 8 24 ;
2041 1117 54 22 and

1465 1140 130 29 National
1604 1141 79 28 Bank
1692 1145 213 35 representative
1915 1153 35 21 on
1962 1146 133 39 Saturday

1463 1182 73 22 next.

1500 1224 43 29 Mr
1557 1224 164 37 Martinson,
1735 1227 199 40 photographic
1948 1232 86 34 artist,
2046 1232 49 30 has

1464 1264 147 28 succeeded
1630 1265 29 27 in
1680 1267 95 34 taking
1794 1277 16 18 a
1832 1268 73 34 large
1930 1270 117 28 number
2071 1272 27 28 of

1463 1301 118 35 pictures
1605 1301 98 34 during
1728 1303 46 28 the
1804 1306 84 34 week,
1913 1307 90 29 which
2027 1308 68 30 have

1463 1338 82 36 given
1557 1348 82 27 every
1651 1341 179 30 satisfaction.

1497 1394 51 29 We
1560 1395 70 30 have
1649 1398 123 29 received
1792 1399 94 30 advice
1905 1404 70 27 from
1996 1403 99 31 Messrs

1464 1432 177 38 Kirkpatricfe
1669 1437 55 28 and
1754 1437 57 34 Co.,
1839 1440 31 28 of
1891 1440 113 35 Nelson,
2036 1443 59 29 that

1463 1472 73 29 their
1554 1479 61 23 new
1634 1482 97 22 season
1740 1476 74 37 jams
1832 1487 47 20 are
1897 1487 62 21 now
1972 1482 85 37 ready
2069 1487 26 25 to

1463 1511 77 33 place
1552 1512 30 27 in
1594 1512 47 28 the
1655 1514 115 27 market.

1498 1555 59 30 The
1570 1557 214 31 entertainment
1797 1560 64 30 held
1879 1562 29 30 in
1928 1562 46 32 the
1992 1565 88 32 school-

1462 1604 78 20 room
1564 1606 36 19 on
1624 1597 146 38 Thursday
1796 1601 54 29 last
1872 1603 30 27 in
1926 1604 46 28 aid
1996 1606 30 28 of
2046 1607 46 28 the

1463 1633 82 30 funds
1568 1635 42 28 for
1633 1636 46 29 the
1704 1638 207 32 establishment
1935 1642 30 29 of
1985 1652 17 20 a
2027 1644 68 31 local

1463 1672 138 38 Hospital,
1626 1684 57 19 was
1706 1677 29 27 in
1753 1686 81 26 every
1856 1684 104 32 respect
1980 1691 16 19 a
2021 1689 73 23 most

1462 1711 168 36 unqualified
1648 1721 116 26 success,
1777 1715 47 28 the
1842 1721 60 24 nett
1919 1720 129 35 proceeds
2066 1721 30 31 of

1463 1747 46 31 the
1528 1749 118 31 Concert
1663 1751 57 32 will
1736 1752 54 29 add
1804 1754 54 29 ld
1878 1757 46 28 lis
1936 1758 44 32 6d,
2000 1767 28 20 to
2049 1761 46 27 the

1462 1787 81 28 funds
1566 1788 111 37 already
1700 1791 28 26 in
1753 1791 84 28 hand.
1874 1794 37 27 As
1935 1804 40 19 we
2000 1796 95 30 intend

1463 1824 94 38 giving
1579 1832 16 23 a
1615 1826 117 30 detailed
1744 1834 91 33 report
1848 1830 30 30 of
1896 1832 47 29 the
1964 1835 114 36 perform-

1463 1873 76 24 ance,
1564 1865 54 28 and
1640 1875 30 19 as
1690 1876 50 20 our
1759 1869 68 29 time
1846 1870 50 29 has
1916 1872 68 29 been
2005 1875 91 28 rather

1462 1902 108 28 limited
1594 1908 27 23 to
1645 1905 118 35 produce
1785 1907 47 28 the
1852 1917 85 26 same,
1956 1920 42 20 we
2024 1913 69 27 have

1462 1940 123 29 resolved
1610 1946 29 24 to
1663 1942 67 29 hold
1752 1944 22 29 it
1799 1954 65 21 over
1888 1947 42 29 for
1953 1957 50 20 our
2032 1955 64 24 next

1462 1978 81 27 issue.

1496 2023 58 31 The
1568 2026 107 30 Croesus
1693 2027 108 39 battery
1819 2030 101 30 started
1940 2035 28 26 at
1982 2034 112 39 midday

1462 2072 36 19 on
1510 2063 173 39 Wednesday
1696 2072 28 23 to
1745 2068 81 28 crush
1839 2079 16 18 a
1867 2072 90 34 parcel
1971 2072 30 28 of
2017 2077 77 26 stone

1462 2101 69 28 from
1554 2103 46 28 the
1615 2104 107 28 Maruia
1740 2106 82 27 claim
1836 2115 7 25 ;
1862 2107 47 28 the
1928 2115 116 23 amount
2065 2115 29 25 to

1462 2138 32 28 be
1507 2145 48 31 put
1567 2140 119 36 through
1699 2143 23 27 is
1735 2142 83 31 about
1829 2145 34 28 60
1876 2148 71 33 tons,
1961 2148 53 29 and
2037 2149 56 29 will

1462 2176 33 31 be
1524 2179 153 38 completed
1707 2188 65 23 next
1803 2183 184 40 Wednesday.
2036 2189 57 29 The

1462 2216 128 37 crushing
1613 2218 23 29 is
1657 2220 87 28 under
1767 2221 48 29 the
1839 2222 131 31 direction
1994 2226 32 29 of
2049 2227 44 29 Mr

1462 2255 101 29 Robert
1573 2256 136 37 Hopkins.

1495 2303 59 28 The
1566 2302 79 39 Lyell
1665 2305 23 28 is
1707 2309 29 26 at
1747 2306 55 31 last
1818 2309 30 27 in
1867 2312 153 35 possession
2034 2314 31 28 of
2079 2324 15 20 a

1461 2341 110 39 library,
1585 2343 44 29 Mr
1642 2343 30 30 F.
1687 2344 34 29 G.
1742 2345 112 38 Rotton,
1874 2349 104 38 having
1997 2352 97 38 during

1461 2381 42 28 his
1517 2385 93 26 recent
1622 2387 62 31 stay
1702 2384 28 28 in
1744 2385 102 30 Nelson
1859 2388 98 36 picked
1970 2394 48 25 out
2029 2401 65 19 over

1460 2421 52 27 200
1524 2419 136 31 volumns,
1674 2422 89 28 which
1776 2423 35 28 he
1823 2424 52 29 has
1896 2434 63 21 now
1971 2429 123 28 received

1460 2457 55 28 and
1528 2458 23 28 is
1564 2458 129 37 prepared
1715 2460 89 30 either
1822 2465 28 26 to
1869 2462 38 31 let
1926 2468 49 27 out
1994 2476 31 19 or
2045 2468 49 29 sell

1460 2504 84 20 same.

1495 2542 27 28 It
1545 2543 56 28 will
1626 2543 33 29 be
1678 2553 65 21 seen
1766 2546 38 37 by
1825 2549 216 33 advertisement
2065 2554 28 29 in

1460 2580 117 29 another
1606 2582 111 29 column
1748 2585 61 30 that
1846 2587 48 29 the
1931 2590 162 35 Inangahua

1459 2620 109 38 County
1581 2620 70 30 Rate
1664 2621 142 39 Collector,
1827 2626 44 29 Mr
1888 2627 26 31 J.
1930 2629 33 29 G.
1978 2630 115 40 Heslop,

1459 2660 55 28 will
1532 2660 33 29 be
1586 2664 30 26 at
1636 2662 151 37 Hampden
1807 2675 36 18 on
1856 2667 47 28 the
1924 2670 42 27 Ist
1978 2670 56 28 and
2044 2670 49 30 Bth

1458 2698 132 35 proximo.
1627 2699 45 27 He
1695 2701 58 27 also
1773 2703 109 27 notifies
1894 2705 62 28 that
1977 2707 38 27 all
2035 2712 43 24 out-

1458 2734 130 41 standing
1607 2741 73 26 rates
1693 2736 56 32 will
1762 2738 32 32 be
1806 2740 68 32 sued
1885 2742 43 32 for
1950 2743 70 33 after
2032 2746 61 32 that

1458 2774 72 31 date.

1493 2822 59 29 The
1564 2832 63 20 sum
1639 2824 31 29 of
1679 2825 75 30 SOO
1767 2826 51 30 has
1829 2827 69 31 been
1910 2830 134 33 allocated
2057 2833 36 39 by

1458 2860 47 31 the
1517 2862 123 31 Colonial
1652 2863 187 34 Government
1862 2872 28 26 to
1910 2870 46 30 the
1976 2872 115 31 Reefton

1458 2900 129 37 Hospital
1611 2902 165 31 Committee
1799 2905 44 30 for
1863 2907 47 29 the

1456 2937 104 36 adding
1589 2942 29 25 to
1646 2940 47 28 the
1722 2946 112 32 preeeut

1456 2985 103 30 money
1571 2977 23 31 is
1611 2987 63 21 now
1975 2989 35 31 be
2028 2991 64 37 paid

1456 3024 65 20 over
1532 3025 30 19 so
1574 3026 112 43 soonaj
1699 3030 47 21 wb
1756 3022 71 29 local
1836 3024 116 37 hospital
1962 3028 51 28 has
2023 3029 68 28 been

1456 3053 68 36 duly
1716 3067 17 19 a
1746 3065 121 32 seperate
1878 3063 166 32 institution.

1479 3109 3 48 _
1482 3109 2 48 :
1486 3109 61 47 JBi
1562 3122 71 20 nave
1649 3114 124 30 received
1797 3119 105 28 several
1928 3123 163 34 complaints

1455 3154 75 24 fflftm
1549 3159 51 20 our
1627 3151 166 33 subscribers
1813 3155 30 29 in
1868 3156 159 33 Murchison
2050 3171 27 20 re-

1457 3188 104 38 ferring
1571 3193 28 27 to
1612 3189 47 31 the
1672 3201 113 22 manner
1796 3194 29 30 in
1837 3196 90 29 which
1940 3199 47 29 the
2008 3201 64 28 Inan-

1458 3227 93 36 gahua
1568 3229 109 36 County
1695 3231 114 28 Council
1823 3236 72 26 treat
1912 3236 75 28 them
2000 3241 30 24 in
2042 3239 48 28 the

1457 3268 104 27 matter
1584 3265 31 31 of
1634 3266 93 41 public
1753 3270 186 34 notifications
1963 3275 128 41 affecting

1459 3304 73 29 their
1543 3305 106 37 riding:
1668 3308 55 27 and
1741 3309 96 36 taking
1856 3312 59 28 into
1935 3303 154 41 considera

1456 3342 60 28 tion
1536 3342 49 29 the
1604 3351 117 23 revenue
1733 3345 110 32 derived
1865 3348 72 32 from
1955 3351 62 31 that
2029 3357 62 35 part

1459 3380 32 31 of
1510 3380 48 32 the
1582 3387 102 34 county
1706 3385 56 30 and
1782 3386 37 31 its
1839 3389 75 37 daily
1936 3392 155 38 increasing

1459 3421 179 35 importance,
1656 3431 42 20 we
1716 3432 45 20 are
1774 3425 31 28 of
1818 3428 113 35 opinion
1944 3430 60 28 that
2016 3431 73 28 their

1459 3458 164 38 complaints
1635 3469 46 21 are
1690 3465 50 27 not
1749 3463 117 32 without
1876 3468 127 34 grounds.
2040 3471 50 29 We

1459 3506 45 18 are
1510 3498 135 28 informed
1655 3499 37 36 by
1702 3500 45 28 Mr
1754 3502 85 28 Owen
1848 3505 108 34 Lynch,
1967 3508 124 28 member

1459 3533 41 30 for
1510 3534 62 30 that
1589 3535 99 40 riding,
1702 3538 61 31 that
1782 3540 45 30 the
1846 3542 66 37 only
1930 3544 159 32 intimation

1458 3574 122 29 received
1594 3575 76 30 there
1680 3577 33 29 of
1722 3578 46 30 the
1777 3582 186 38 approaching
1973 3585 115 30 election

1458 3611 87 30 under
1563 3613 49 28 the
1632 3614 146 39 Licensing
1790 3619 61 33 Aet,
1864 3629 57 19 was
1940 3623 147 29 contained

1458 3656 30 23 in
1506 3657 16 22 a
1542 3651 104 38 private
1663 3653 135 39 telegram
1817 3657 123 32 received
1960 3660 37 38 by
2018 3660 69 32 him.

1460 3690 97 34 Surely
1586 3691 47 27 the
1662 3693 115 28 Council
1806 3704 47 19 are
1882 3701 49 24 not
1959 3700 31 26 in
2020 3702 66 25 such

1458 3726 148 30 straitened
1627 3728 212 33 circumstances
1859 3742 29 20 as
1912 3737 28 27 to
1961 3736 126 37 preclude

1458 3764 47 30 the
1517 3766 176 37 expenditure
1705 3769 31 29 of
1745 3780 16 19 a
1778 3772 52 29 tew
1848 3772 125 40 shillings
1991 3775 29 30 in
2039 3787 32 18 an-

1457 3805 139 36 nouncing
1619 3806 47 28 the
1690 3807 63 29 date
1777 3810 31 28 of
1828 3812 175 29 nomination
2034 3816 54 27 and

1457 3840 116 32 election
1597 3843 32 31 of
1648 3844 54 31 five
1720 3856 112 27 persons
1856 3853 30 26 to
1906 3853 147 29 constitute
2073 3864 16 19 a

1457 3881 147 37 Licensing
1616 3883 164 30 Committee
1794 3887 41 27 for
1844 3889 96 28 twelve
1949 3892 121 27 months.

1492 3934 47 34 If*
1556 3931 38 36 rt.
1616 3935 89 34 Grant
1726 3940 97 40 Lloyd,
1849 3942 125 33 Member
1997 3947 31 30 of
2042 3949 46 30 the

1457 3976 88 36 Otago
1564 3977 53 29 Art
1629 3975 117 42 Society,
1759 3982 24 28 is
1794 3992 63 19 new
1876 3984 29 27 in
1924 3985 79 35 Lyeli
2016 3997 36 18 on
2071 3999 16 17 a

1456 4014 179 37 professional
1663 4019 72 32 tour,
1759 4019 56 29 and
1834 4021 82 30 while
1941 4023 64 30 here
2036 4025 50 30 has

1456 4052 150 30 succeeded
1627 4055 30 28 in
1678 4048 96 45 taking
1791 4060 104 28 several
1916 4060 125 31 sketches
2060 4064 30 29 of

1453 4090 50 28 ihe
1533 4091 177 35 magnificent
1738 4097 185 36 surrounding
1952 4108 134 31 scenery;

1454 4131 56 28 two
1521 4129 30 30 in
1562 4131 158 37 particular,
1733 4133 47 30 the
1793 4134 112 40 locality
1919 4138 30 29 of
1959 4139 129 31 Larsen's

1457 4166 83 35 Punt,
1552 4169 56 28 and
1620 4179 17 18 a
1648 4170 69 29 view
1728 4170 32 31 of
1774 4172 79 37 Lyell
1872 4173 71 31 from
1963 4178 46 28 die
2022 4180 66 28 road

1455 4214 91 21 across
1565 4206 78 38 Lyell
1663 4208 93 30 Creek.
1795 4211 44 29 Mr
1860 4213 89 37 Lloyd
1968 4215 50 29 has
2044 4227 28 19 ex-

1456 4244 96 29 ecuted
1576 4247 105 28 several
1705 4249 131 29 excellent
1867 4252 81 30 views
1978 4265 35 18 on
2044 4256 42 28 his

1453 4281 116 38 journey
1598 4284 71 29 from
1707 4286 147 38 Westport,
1886 4291 54 29 and
1976 4293 110 30 intends

1456 4320 142 39 sketching
1629 4323 36 29 all
1695 4324 47 30 the
1772 4327 135 38 principal
1941 4331 91 36 places
2062 4335 28 27 of

1455 4358 115 30 interest
1594 4361 120 29 between
1735 4364 64 28 here
1823 4368 56 26 and
1900 4369 111 34 Nelson,
2033 4372 54 27 and

1455 4396 43 29 his
1507 4396 117 40 journey
1642 4399 81 40 being
1735 4411 17 20 a
1769 4403 157 37 pedestrian
1947 4417 61 26 one,
2030 4410 57 29 will

1456 4435 86 31 afford
1571 4438 57 28 him
1660 4449 35 19 an
1720 4443 91 35 ample
1836 4448 179 35 opportunity
2045 4449 43 28 for

1455 4473 88 36 filling
1555 4475 43 28 his
1610 4478 135 35 portfolio,
1782 4480 35 28 In
1835 4481 112 38 looking
1966 4485 117 38 through

1455 4521 50 20 our
1522 4512 88 38 Otago
1629 4514 60 31 files
1707 4523 42 23 we
1767 4518 90 33 notice
1881 4521 46 30 the
1947 4523 140 38 following

1455 4552 151 36 paragraph
1617 4554 29 27 in
1656 4564 17 18 a
1682 4559 93 25 recent
1782 4557 71 30 issue
1863 4561 30 27 of
1899 4561 48 28 the
1954 4562 132 29 Dusedm

1455 4589 128 37 Evening
1595 4589 102 31 Herald
1708 4592 89 31 J-Mr
1809 4596 94 29 Grand
1916 4595 99 41 Ziioyd,
2023 4601 63 29 who

1453 4625 24 31 is
1502 4637 51 20 one
1577 4627 34 30 of
1624 4639 50 20 our
1693 4635 73 25 most
1785 4634 179 33 enthusiastic
1984 4639 102 35 artists,

1454 4666 110 27 intends
1583 4672 28 23 to
1629 4669 81 28 make
1728 4670 45 29 his
1792 4673 78 28 mark
1883 4679 28 23 at
1924 4676 46 28 the
1984 4677 101 29 Indian

1454 4702 55 30 and
1522 4704 124 29 Colonial
1660 4707 169 32 Exhibition.
1867 4712 44 30 Mr
1929 4714 88 37 Lloyd
2036 4716 51 30 has

1451 4742 59 35 just
1533 4745 153 35 completed
1715 4747 62 28 four
1805 4749 74 36 large
1909 4754 179 29 watercolour

1455 4780 146 38 drawings,
1613 4782 90 30 which
1712 4784 35 29 he
1756 4784 109 33 intends
1876 4791 27 26 to
1914 4791 67 29 send
1994 4791 92 31 Home

1453 4819 29 28 in
1490 4820 66 29 time
1567 4825 28 24 to
1605 4826 45 30 get
1659 4831 16 19 a
1683 4823 80 36 place
1769 4825 28 28 in
1810 4826 180 37 Kensington.
2027 4831 59 30 The

1453 4858 120 34 pictures
1585 4869 45 17 are
1641 4868 7 18 :
1667 4861 24 25 A
1710 4862 155 33 Moonlight
1877 4866 76 27 View
1971 4868 32 26 of
2022 4869 65 28 Port

1454 4893 150 35 Chalmers,
1613 4895 111 31 Milford
1735 4895 105 42 Soitnd,
1846 4901 75 33 Otira
1928 4904 97 38 Gorge,
2033 4907 53 30 and

1453 4944 16 19 a
1482 4934 77 29 West
1571 4935 82 30 Coast
1664 4947 90 23 scene,
1768 4941 65 27 with
1852 4942 98 29 Mount
1964 4946 75 27 Cook
2057 4949 29 26 in

1453 4972 47 26 the
1525 4972 132 28 distance.
1694 4975 57 27 The
1770 4977 90 28 works
1883 4988 45 19 are
1953 4984 133 34 certainly

1451 5008 48 31 the
1513 5008 58 31 best
1585 5011 59 28 that
1658 5010 69 32 have
1740 5013 68 31 been
1820 5019 96 28 turned
1929 5026 49 23 out
1992 5021 35 38 by
2043 5024 43 28 Mr

1453 5049 98 34 Lloyd.
1588 5050 64 28 Port
1674 5052 141 30 Chalmers
1835 5056 36 36 by
1895 5057 155 38 Moonlight
2063 5062 23 28 is

1451 5086 146 38 especially

1486 5147 58 29 The
1556 5148 72 29 flood
1642 5151 28 26 in
1683 5151 48 28 the
1743 5152 95 29 Buller
1856 5155 72 29 river
1940 5158 53 28 last
2005 5160 60 29 Wed-

1451 5185 103 37 nesday
1580 5187 99 28 caused
1692 5198 16 19 a
1727 5191 103 29 serious
1849 5193 56 29 loss
1924 5200 28 24 to
1974 5197 109 31 Hutton

1451 5224 55 28 and
1519 5229 89 32 party.
1645 5226 60 31 The
1717 5229 71 28 river
1808 5240 59 19 rose
1881 5233 135 39 suddenly
2029 5239 55 27 and

1451 5264 178 36 unexpected,
1640 5273 59 20 rain
1710 5275 49 21 not
1764 5268 96 34 falling
1869 5271 115 38 locally;
1997 5275 76 31 there-

1451 5301 55 29 fore
1531 5302 66 36 they
1622 5304 48 28 felt
1693 5314 37 20 no
1752 5309 200 35 apprehension
1969 5313 43 29 for
2039 5315 47 29 the

1451 5340 88 35 safety
1551 5341 30 27 of
1590 5340 72 30 their
1680 5342 107 37 dredge,
1809 5342 57 33 ani
1884 5350 112 28 moored
2017 5352 22 27 it
2057 5354 28 26 in

1451 5377 46 28 the
1510 5379 130 36 ordinary
1652 5389 124 21 manner.
1812 5383 59 30 The
1880 5395 71 20 river
1962 5398 58 20 rose
2031 5390 53 30 five

1451 5415 54 30 feet
1517 5416 100 37 during
1637 5417 46 30 the
1697 5420 79 37 night
1799 5422 54 29 and
1875 5426 103 28 carried
1992 5438 77 28 every-

1451 5454 80 34 thing
1550 5465 86 29 away.
1672 5457 70 30 This
1761 5466 80 31 party
1859 5462 70 30 have
1950 5465 67 29 been
2038 5478 30 19 en-

1451 5492 84 35 gaged
1555 5493 42 28 for
1616 5501 86 29 many
1714 5505 81 27 years
1813 5504 60 27 past
1893 5502 124 39 working
2038 5506 46 29 the

1450 5530 151 29 auriferous
1622 5532 62 29 bars
1707 5537 26 25 ol
1747 5535 45 29 the
1805 5536 96 31 Buller
1921 5540 75 30 river
2017 5544 67 29 with

1451 5570 115 35 varying
1587 5580 115 26 success,
1723 5574 55 28 and
1796 5575 99 37 during
1909 5579 61 30 that
1989 5584 95 34 period

1449 5607 71 29 have
1533 5609 176 36 experienced
1723 5612 45 28 the
1782 5615 164 32 misfortune
1959 5619 31 28 of

1449 5648 54 27 two
1517 5647 78 29 other
1608 5647 122 40 dredges.
1767 5652 77 38 They
1855 5665 45 20 are
1910 5666 62 21 now
1982 5659 87 31 follow-

1449 5684 47 34 ing
1508 5686 47 27 the
1575 5687 71 28 river
1665 5688 81 30 down
1769 5692 70 27 from
1854 5694 79 34 Lyell
1956 5698 66 27 with
2037 5700 46 27 the

1451 5722 67 27 view
1541 5723 30 27 of
1580 5725 158 36 recovering
1759 5727 71 30 their
1850 5737 138 33 property.
2024 5735 59 31 The

1449 5769 79 20 scene
1542 5761 30 28 of
1583 5761 70 30 their
1665 5771 92 23 recent
1776 5770 154 35 operations
1950 5782 56 20 was
2019 5784 65 21 near

1451 5798 114 30 White's
1596 5801 90 37 Point,
1717 5804 82 32 about
1827 5808 31 28 12
1887 5810 80 32 wiles
1999 5813 84 32 above

1448 5837 86 37 Lyell.

2158 216 44 29 Mr
2214 217 74 29 John
2304 217 107 30 Ritchie
2424 218 24 30 is
2458 228 62 21 now
2530 221 121 36 engaged
2662 221 94 40 taking

2123 261 48 22 out
2184 266 17 18 a
2213 257 63 27 trial
2289 257 131 37 crushing
2434 259 70 27 from
2518 258 47 29 the
2578 259 59 29 Bon
2652 261 104 29 Accord

2123 294 83 33 mine,
2231 294 164 35 Eight-mile
2426 296 58 29 hill.
2521 297 70 29 This
2621 299 81 30 claim
2733 300 23 29 is

2123 333 118 29 situated
2254 334 163 30 south-west
2429 336 53 28 and
2496 346 51 27 peg
2558 337 54 29 and
2625 348 52 28 peg
2690 339 66 30 with

2123 372 46 26 the
2185 372 114 28 Maruia.
2337 372 28 29 It
2377 374 23 26 is
2412 373 130 30 intended
2565 381 29 23 to
2605 382 45 28 get
2663 384 48 22 out
2724 381 32 26 10

2123 418 30 18 or
2168 411 32 26 15
2215 414 62 24 tons
2290 410 88 28 before
2392 412 81 35 going
2486 417 27 23 to
2527 412 46 30 the
2592 415 69 29 mill.
2698 416 57 29 The

2124 449 117 35 samples
2255 450 26 27 ot
2300 454 77 23 stone
2390 459 62 19 now
2466 456 28 24 to
2516 461 76 28 grass
2604 454 117 30 indicate
2739 466 16 18 a

2123 487 68 34 good
2205 493 101 22 return.

2158 543 49 27 We
2229 543 73 29 learn
2325 545 69 27 from
2416 547 49 27 -Mr
2478 547 88 29 Adam
2586 549 90 37 Mahr,
2695 553 60 28 who

2124 579 49 28 has
2199 581 120 37 recently
2345 583 129 29 returned
2498 585 71 29 from
2599 588 47 30 the
2672 590 83 31 Owen

2124 619 79 33 river,
2225 619 60 28 that
2309 619 47 30 the
2376 625 68 26 reels
2466 625 27 27 in
2514 626 61 29 that
2592 627 105 31 district
2711 640 44 20 are

2124 658 109 34 looking
2258 660 173 38 remarkably
2450 665 69 31 well,
2541 674 76 21 more
2638 670 102 33 particu-

2124 696 68 35 larly
2217 696 44 27 the
2283 697 119 30 Wakatu
2424 701 92 35 claim,
2537 705 96 28 owned
2657 706 97 39 chiefly

2124 735 35 36 by
2173 734 44 28 Mr
2231 734 38 28 M.
2284 736 101 36 Byrne.
2422 739 57 29 The
2493 743 59 27 reef
2562 744 27 26 in
2603 745 54 27 this
2674 746 80 28 claim

2125 774 22 25 is
2161 773 83 27 about
2257 774 16 26 7
2286 775 54 27 feet
2352 776 84 33 thick,
2459 779 53 28 and
2531 781 68 35 good
2619 791 135 29 prospects

2124 811 68 29 have
2206 810 68 30 been
2288 812 128 31 obtained
2429 815 70 30 from
2514 828 89 26 pieces
2616 821 29 28 in
2666 823 87 30 which

2123 849 47 28 the
2201 851 122 28 smallest
2345 853 93 27 colour
2462 856 80 28 could
2568 863 47 23 not
2639 859 34 29 be
2703 862 37 28 dis-

2123 887 99 30 cerned
2255 889 73 37 prior
2363 894 28 25 to
2428 894 138 33 crushing
2622 898 123 31 Practice

2123 927 99 26 reefers
2241 927 124 28 estimate
2383 930 22 26 it
2427 937 28 21 at
2467 934 16 25 2
2497 938 26 22 to
2536 934 16 26 3
2566 944 85 20 ounce
2670 943 84 23 stone.

2123 963 57 29 The
2207 968 77 32 great
2307 964 143 33 drawback
2474 972 28 27 to
2527 971 46 30 the
2597 972 150 34 immediate

2123 1002 199 30 advancement
2335 1006 30 27 of
2375 1006 46 29 the
2434 1009 105 30 district
2552 1013 23 26 is
2587 1013 47 29 the
2648 1020 97 24 wanto

2123 1050 16 20 a
2151 1042 74 33 road,
2239 1042 54 28 and
2315 1043 23 29 if
2356 1044 45 28 the
2415 1046 187 33 Government
2614 1052 62 28 who
2694 1063 44 27 pro-

2122 1080 54 29 cess
2187 1080 64 30 such
2266 1091 16 19 a
2295 1081 86 31 desire
2396 1088 26 25 to
2441 1086 112 39 develop
2573 1090 47 29 the
2638 1091 115 30 mineral

2122 1128 136 19 resources
2272 1120 30 27 of
2311 1121 47 27 the
2371 1123 106 36 colony,
2497 1127 90 28 would
2606 1129 65 37 only
2683 1130 69 29 have

2123 1156 45 29 the
2188 1166 102 27 money
2311 1164 80 31 spent
2410 1162 88 28 which
2519 1174 55 19 was
2595 1167 81 28 voted
2700 1169 52 28 last

2122 1195 102 27 session
2249 1196 41 27 for
2312 1197 61 28 that
2398 1207 124 29 purpose,
2542 1211 37 19 no
2599 1204 84 29 doubt
2706 1206 45 28 the

2123 1233 73 28 mine
2221 1243 104 20 owners
2356 1237 88 28 would
2471 1249 64 19 soon
2566 1251 65 28 reap
2656 1253 17 19 a
2696 1246 55 27 rich

2123 1271 109 29 harvest
2245 1273 26 27 in
2286 1274 47 27 the
2346 1274 83 37 shape
2444 1278 29 25 of
2481 1278 150 35 dividends,
2643 1283 55 27 aad
2709 1284 44 28 the

2123 1310 107 35 colony,
2255 1312 79 28 when
2361 1313 47 28 she
2559 1318 49 28 her

2123 1348 88 26 would
2236 1348 32 28 be
2293 1350 59 28 able
2378 1357 27 22 to
2438 1352 75 29 show
2542 1364 36 19 an
2605 1357 147 32 additional

2123 1386 123 28 valuable
2259 1395 71 22 asset
2344 1388 27 29 in
2387 1390 45 29 the
2450 1392 83 37 shape
2545 1395 31 27 of
2586 1404 15 19 a
2613 1395 74 39 large
2703 1400 48 28 ami

2122 1434 160 27 prosperous
2297 1427 106 39 minnig
2421 1431 161 36 population
2601 1435 54 29 and
2667 1446 17 19 a
2697 1437 55 29 rich

2124 1465 115 28 mineral
2253 1466 115 28 district.

2156 1521 57 27 The
2226 1521 64 33 long
2303 1523 118 36 drought
2433 1534 56 20 was
2501 1526 103 29 broken
2617 1538 36 19 on
2674 1531 59 28 Mon-

2122 1555 53 39 day
2195 1558 118 37 evening
2333 1560 52 30 last
2406 1561 35 39 by
2463 1572 15 20 a
2496 1564 83 37 slight
2597 1566 110 33 dowfall
2728 1571 26 29 of

2121 1598 60 27 rain
2202 1599 55 27 and
2278 1599 98 36 during
2396 1602 47 28 the
2467 1604 80 35 night
2568 1614 76 21 some
2666 1608 88 38 heavy

2122 1635 120 30 showers
2265 1637 46 29 tell
2335 1639 90 29 which
2455 1642 99 30 caused
2584 1644 46 30 the
2660 1646 95 31 Buller

2121 1675 72 27 river
2205 1681 27 22 to
2245 1676 52 27 rise
2310 1678 98 29 twelve
2421 1680 104 34 inches,
2546 1684 122 37 making,
2681 1686 54 28 how-

2121 1721 63 19 ever
2198 1721 65 29 veiy
2275 1714 69 29 little
2364 1715 145 32 difference
2528 1719 28 29 in
2577 1721 47 29 the
2646 1723 108 30 volume

2122 1750 30 28 of
2162 1755 84 24 water
2257 1752 29 28 in
2296 1753 80 37 Lyell
2386 1755 93 31 Creek.
2517 1759 43 28 On
2572 1760 182 39 Wednesday,

2122 1788 46 27 the
2199 1790 94 27 Buller
2321 1801 60 19 rose
2406 1794 53 28 live
2483 1795 64 35 feet,
2577 1797 90 30 which
2699 1808 55 20 was

2121 1827 98 28 caused
2232 1828 118 38 through
2361 1840 85 20 warm
2460 1833 75 30 rains
2548 1839 29 25 at
2589 1836 47 29 the
2648 1837 72 30 head
2728 1841 26 26 of

2121 1865 47 28 the
2182 1866 164 30 Matakitaki
2365 1870 116 37 melting
2497 1873 47 29 the
2562 1884 76 20 snow
2660 1886 35 19 on
2709 1877 45 29 the

2121 1912 106 26 ranges.
2264 1906 58 28 The
2342 1907 129 29 downfall
2491 1919 36 27 up
2541 1915 28 25 to
2582 1913 46 27 the
2646 1920 109 30 present

2121 1941 23 27 is
2157 1941 41 28 far
2210 1943 70 27 from
2300 1945 172 38 satisfactory
2493 1948 42 28 for
2554 1949 70 29 local
2636 1955 103 33 require-

2122 1983 99 27 ments,
2241 1982 105 34 merely
2359 1983 133 36 damping
2513 1987 46 26 the
2572 1990 106 33 ground
2700 1990 54 28 and

2121 2016 113 38 making
2245 2018 47 30 the
2305 2021 172 37 atmosphere
2490 2032 76 21 more
2577 2026 134 35 pleasant.

2155 2077 59 28 The
2227 2082 122 25 contract
2361 2081 42 27 for
2416 2082 46 28 the
2476 2088 186 27 construction
2672 2089 30 27 of
2709 2089 47 28 the

2121 2114 108 28 Maruia
2241 2118 97 27 Amuri
2351 2117 81 30 horse
2446 2121 75 27 track
2540 2131 57 19 was
2612 2124 96 37 signed
2719 2136 37 19 on

2122 2151 136 39 Saturday
2267 2153 63 36 last,
2339 2155 55 30 and
2404 2157 45 30 the
2460 2161 146 31 successful
2617 2163 139 32 tenderers

2121 2191 136 30 Messrs
2278 2194 176 37 Connington
2474 2199 55 28 and
2549 2201 125 36 Searight
2693 2213 46 26 pur-

2121 2230 83 36 posed
2234 2231 108 38 leaving
2366 2234 115 31 Reefton
2506 2238 67 29 with
2598 2249 17 20 a
2639 2241 66 29 staff
2728 2243 28 29 of

2121 2269 141 29 workmen
2283 2271 84 29 about
2387 2273 174 38 Wednesday
2580 2278 62 29 last.
2679 2280 77 37 They

2121 2305 154 31 advertised
2294 2309 29 28 in
2344 2310 47 29 the
2413 2306 164 43 Inangahiia
2601 2316 93 31 Times
2714 2319 42 29 for

2121 2346 170 37 twenty-five
2304 2348 63 38 pick
2385 2350 56 30 and
2454 2351 96 31 shovel
2561 2364 66 21 men
2648 2357 55 30 and
2716 2359 40 28 six

2121 2392 49 20 axe
2182 2394 73 19 men.

2155 2439 58 28 The
2227 2440 80 29 Land
2325 2442 101 35 Board,
2440 2445 113 36 Nelson,
2575 2448 51 30 has
2645 2451 92 30 author-

2119 2477 73 29 rised
2204 2479 88 28 works
2311 2481 29 28 in
2353 2481 46 30 the
2413 2482 95 32 Buller
2526 2486 110 36 County
2658 2494 29 25 to
2707 2491 46 30 the

2120 2521 115 24 amount
2247 2518 30 27 of
2288 2519 55 29 27
2356 2522 31 26 5s
2398 2521 45 27 4d.

2154 2572 111 36 Among
2282 2574 48 29 the
2345 2576 80 29 roads
2438 2581 27 26 to
2484 2578 33 30 be
2535 2582 172 31 undertaken
2725 2586 28 29 in

2120 2609 104 30 Nelson
2237 2611 106 32 district
2361 2614 23 30 is
2398 2615 60 31 that
2477 2618 72 31 from
2566 2620 187 42 Collingwood

2119 2653 28 26 to
2161 2650 146 34 Karamea,
2321 2653 47 30 the
2385 2665 99 28 survey
2502 2660 29 26 of
2541 2660 91 29 which
2645 2663 24 28 is
2681 2667 28 24 to
2722 2664 31 28 be

2119 2691 179 26 commenced
2311 2695 29 24 at
2351 2701 67 19 once
2432 2693 35 36 by
2481 2695 44 28 Mr
2538 2696 100 30 Saxon.

2154 2743 57 32 The
2224 2743 122 42 borough
2360 2747 31 31 of
2400 2749 102 40 Napier
2515 2753 73 39 (says
2601 2754 46 31 the
2661 2759 7 14 4
2678 2757 60 32 Tele-

2118 2785 85 36 graph
2215 2787 17 34 ')
2247 2787 50 28 has
2315 2797 16 18 a
2349 2788 102 30 funded
2469 2791 65 30 debt
2551 2794 31 28 of
2732 2795 10 5 ~
2738 2811 18 19 a

2118 2822 74 29 bank
2204 2823 136 31 overdraft
2352 2826 31 29 of
2392 2831 49 26 not
2460 2830 75 36 quits
2551 2831 99 39 QOO,
2663 2822 63 46 and'
2735 2850 17 20 a

2119 2870 117 21 revenue
2248 2863 30 29 of
2288 2863 122 34 between
2424 2867 119 37 16,000
2554 2876 55 27 and
2624 2877 118 33 17,000

2119 2900 59 34 The_
2396 2909 29 26 to
2443 2908 190 30 half-a-crown
2653 2915 30 25 in
2707 2915 47 26 the

2118 2937 102 40 pound.

2152 2997 135 39 Recently
2299 3010 17 19 a
2330 3001 44 28 Mr
2396 3002 85 34 Blair,
2494 3013 17 19 a
2523 3007 102 28 cordial
2646 3009 104 34 maker,

2117 3044 57 18 was
2186 3036 145 36 collecting
2343 3039 143 29 lemonade
2502 3041 99 30 bottles
2618 3044 71 30 from
2702 3048 48 28 the

2118 3072 99 30 booths
2235 3083 35 20 on
2284 3074 47 30 the
2347 3076 127 31 Bllerslie
2495 3078 163 39 (Auckland)
2677 3094 58 21 race-

2117 3121 105 23 course,
2236 3113 55 27 and
2305 3114 80 29 while
2403 3116 28 27 in
2444 3126 17 18 a
2473 3126 114 28 passage
2600 3121 111 38 leading
2723 3128 28 24 to

2117 3149 47 29 the
2184 3149 94 31 ladies'
2303 3161 88 27 room,
2412 3153 36 31 he
2466 3164 57 21 was
2545 3159 151 32 astounded
2723 3166 28 26 to

2117 3199 45 19 see
2174 3199 17 19 a
2203 3194 92 34 carpet
2316 3192 85 30 snake
2422 3196 16 26 3
2459 3194 54 30 feet
2533 3196 66 36 long
2620 3202 131 36 scuttling

2117 3227 82 37 along
2218 3228 48 28 the
2286 3234 134 24 concrete.
2457 3232 29 28 It
2497 3234 24 26 is
2539 3235 128 36 probable
2690 3238 61 30 that

2118 3264 46 31 the
2183 3268 124 37 stranger
2326 3268 110 32 arrived
2455 3270 31 31 in
2505 3272 46 31 the
2573 3274 99 40 colony
2691 3278 30 29 in
2733 3288 18 20 a

2117 3314 61 17 case
2192 3306 30 26 of
2230 3307 157 28 Australian
2398 3310 81 27 wine.
2514 3312 26 27 A
2549 3312 75 35 large
2633 3316 117 28 number

2116 3341 32 29 of
2157 3351 74 20 cases
2243 3342 31 29 of
2282 3343 60 30 that
2355 3344 131 41 beyerage
2507 3358 70 21 were
2596 3352 106 39 opened
2714 3363 37 21 on

2117 3381 46 31 the
2175 3382 181 36 grand-stand
2372 3385 100 38 during
2490 3388 46 29 the
2555 3396 93 24 recent
2665 3398 68 24 meet-

2116 3420 55 36 ing.
2208 3421 59 28 The
2286 3422 85 29 snake
2392 3423 50 29 has
2462 3424 69 30 been
2545 3430 131 35 captured
2695 3431 56 29 and

2115 3457 110 31 handed
2244 3469 65 20 over
2327 3464 28 26 to
2375 3462 139 31 Professor
2535 3466 130 36 Thames,
2686 3471 63 28 who

2116 3497 200 29 chloroformed
2329 3500 29 26 it.
2395 3501 29 27 It
2440 3503 57 27 will
2509 3503 33 29 be
2561 3507 145 34 preserved
2718 3517 31 20 as

2116 3544 16 19 a
2156 3535 139 37 specimen
2318 3537 31 29 in
2373 3537 46 31 the
2444 3549 137 30 museum,
2605 3545 144 32 Auckland

2118 3573 166 39 University.

2150 3630 46 28 Mr
2216 3631 105 36 Revell,
2335 3633 86 37 R.M.,
2441 3635 80 32 holds
2540 3639 62 31 that
2622 3641 24 30 if
2665 3643 82 32 cattle

2116 3680 45 18 are
2182 3670 120 38 illegally
2321 3672 175 37 impounded,
2518 3678 47 28 the
2583 3689 93 20 owner
2687 3692 46 18 can-

2116 3711 49 24 not
2189 3716 109 20 recover
2321 3710 48 28 the
2390 3711 56 28 fees
2470 3714 64 35 paid
2555 3716 43 27 for
2617 3718 133 39 releasing

2116 3743 76 30 thein
2206 3755 31 20 or
2249 3746 129 40 damages
2400 3750 41 30 for
2453 3750 92 39 illegal
2558 3755 191 41 impounding,

2116 3785 91 28 unless
2213 3785 35 28 he
2257 3787 76 35 gives
2343 3790 108 27 written
2457 3787 90 34 notice
2555 3797 27 24 to
2589 3795 46 27 the
2643 3797 87 34 pound-

2116 3822 97 38 keeper
2222 3822 92 31 before
2324 3834 142 31 removing
2473 3828 46 30 the
2528 3832 82 30 cattle
2620 3832 70 31 from
2703 3835 46 31 the

2115 3862 102 34 pound,
2228 3863 34 28 of
2275 3863 44 29 his
2337 3865 136 30 intention
2493 3872 27 24 to
2539 3870 63 28 take
2621 3875 111 32 proceed-

2115 3907 70 26 ings.

2149 3956 24 28 A
2194 3957 156 36 gentleman
2370 3960 63 29 who
2452 3964 125 37 recently
2599 3967 81 30 made
2701 3970 47 28 the

2115 3995 130 28 overland
2266 3997 53 36 trip
2339 3997 72 30 from
2424 3999 104 31 Nelson
2548 4005 29 26 to
2599 4004 149 39 Westport,

2115 4032 89 29 writes
2223 4036 28 26 to
2269 4044 17 19 a
2298 4035 89 30 Mend
2404 4037 30 28 in
2637 4043 15 28 I
2664 4054 84 20 never

2116 4072 130 27 travelled
2269 4081 37 19 on
2330 4083 17 19 a
2369 4075 67 29 road
2460 4077 91 29 where
2581 4080 48 29 the
2653 4084 95 35 people

2115 4117 69 21 were
2197 4118 30 20 so
2240 4110 168 40 universally
2426 4116 143 31 attentive.
2606 4118 49 39 My
2676 4121 71 35 wife,

2115 4148 60 29 who
2188 4150 23 26 is
2223 4150 86 35 easily
2321 4142 124 40 knocked
2458 4163 36 28 up
2502 4156 36 36 by
2548 4158 141 38 coaching,
2700 4161 47 29 did

2114 4191 49 24 not
2184 4187 53 28 feel
2262 4188 46 28 the
2335 4189 117 38 journey
2477 4192 71 30 from
2578 4195 110 32 Foxhill
2718 4204 28 25 to

2116 4225 86 35 Lyell,
2227 4226 90 29 which
2343 4237 63 26 says
2424 4239 17 18 a
2458 4232 71 32 good
2552 4232 62 30 deal
2633 4235 43 29 for
2698 4236 48 30 the

2115 4267 68 24 state
2204 4264 30 27 of
2250 4265 47 28 the
2321 4266 75 29 road.
2432 4268 39 29 As
2483 4272 29 25 to
2531 4270 47 30 the
2599 4272 75 30 drive
2687 4284 31 20 as
2731 4286 16 19 a

2115 4302 86 28 whole
2222 4302 14 28 I
2248 4312 57 20 was
2323 4304 132 34 charmed
2476 4309 67 29 with
2556 4311 30 28 it.
2624 4311 62 31 Ido
2698 4318 49 26 not

2115 4340 79 28 think
2219 4344 185 34 comparisons
2429 4345 121 30 between
2571 4350 23 27 it
2620 4351 56 27 and
2700 4352 48 29 the

2115 4377 342 35 Chnstchurch-Hokitika
2465 4385 65 28 road
2538 4394 49 20 can
2599 4387 33 30 be
2643 4388 103 32 drawn.

2115 4417 56 29 The
2193 4418 95 29 Buller
2310 4419 98 38 Valley
2430 4422 23 28 is
2474 4434 31 19 as
2528 4428 102 34 unique
2651 4438 31 20 as
2700 4430 47 28 the

2115 4456 75 27 Otira
2203 4456 89 37 Gorge
2304 4467 5 24 ;
2330 4459 54 26 and
2397 4469 51 18 one
2462 4467 76 29 great
2561 4464 79 37 thing
2657 4470 29 25 to
2700 4467 47 30 the

2114 4493 152 37 advantage
2280 4496 30 27 of
2319 4496 47 29 the
2380 4497 256 43 Nelson-Westport
2645 4505 67 30 road
2722 4506 23 30 is

2114 4533 46 27 the
2182 4533 113 29 absence
2308 4536 30 27 of
2349 4535 45 30 the
2418 4537 152 40 disgusting
2589 4542 73 30 river
2682 4544 66 30 beds

2114 4571 76 27 there
2203 4581 45 18 are
2261 4581 29 19 m

2149 4625 43 30 Mr
2206 4626 88 35 Stout,
2313 4629 81 30 when
2405 4632 135 40 speaking
2559 4639 28 25 at
2606 4636 139 37 Dunedin,

2114 4665 67 34 said,
2194 4666 29 27 in
2236 4676 106 19 answer
2355 4673 28 24 to
2396 4679 16 19 a
2425 4673 126 34 question
2563 4674 68 28 with
2641 4681 105 32 respect

2113 4705 28 27 to
2153 4702 162 40 borrowing,
2363 4707 61 30 that
2436 4709 33 28 he
2482 4711 89 29 would
2589 4717 50 25 not
2651 4714 95 37 pledge

2114 4742 114 28 himself
2248 4747 28 24 to
2306 4744 104 30 borrow
2440 4751 45 24 ten
2509 4750 129 29 millions.
2686 4753 59 29 The

2114 4783 100 26 matter
2242 4780 56 30 had
2327 4785 28 27 to
2386 4783 32 31 be
2442 4786 159 31 considered
2630 4789 37 38 by
2697 4791 48 30 the

2115 4819 194 34 Government,
2323 4822 55 29 and
2391 4822 34 30 he
2437 4825 93 29 would
2541 4831 49 24 not
2602 4827 77 31 favor
2689 4840 56 27 any

2114 4858 63 26 wild
2194 4859 110 26 scheme
2323 4860 30 26 of
2363 4862 161 33 borrowing.
2563 4864 101 36 Money
2684 4867 45 27 bor-

2114 4894 89 30 rowed
2221 4894 97 31 should
2331 4895 33 32 be
2382 4898 146 39 employed
2547 4911 37 21 on
2602 4904 127 39 reproduc-

2114 4935 53 27 tive
2180 4935 88 28 works
2281 4936 61 29 that
2354 4939 89 27 would
2456 4949 54 26 pay
2528 4951 75 19 some
2623 4944 121 28 interest.

2117 4971 40 27 He
2182 4977 29 22 at
2236 4973 47 27 the
2307 4982 77 19 same
2408 4975 67 29 time
2502 4979 151 29 contended
2685 4981 60 30 that

2116 5010 87 38 Major
2215 5011 134 30 Atkinson
2369 5013 54 30 had
2437 5025 35 18 no
2485 5016 75 32 right
2580 5022 28 25 to
2630 5021 115 34 criticise

2112 5059 18 18 a
2142 5051 134 35 supposed
2286 5052 109 28 scheme
2408 5058 50 28 put
2467 5054 70 28 forth
2547 5065 30 18 as
2586 5059 160 35 emanating

2114 5086 68 28 from
2196 5088 47 28 the
2258 5088 126 38 Ministry
2397 5090 79 30 when
2499 5092 45 29 the
2558 5093 188 34 Government

2114 5125 54 29 had
2187 5130 49 24 not
2256 5137 77 19 come
2356 5132 26 25 to
2396 5139 55 27 any
2466 5132 160 30 conclusion
2648 5145 37 18 on
2698 5136 46 29 the

2147 5220 50 29 We
2212 5220 111 37 (Nelson
2337 5222 128 37 Evening
2478 5225 77 32 Mail)
2578 5233 86 31 regret
2677 5240 66 29 very

2113 5259 85 28 much
2210 5264 27 24 to
2250 5260 76 29 leara
2340 5261 60 29 that
2415 5259 57 33 Mrs
2491 5264 40 29 St.
2545 5265 74 30 Clair
2631 5268 113 36 Tisdall,

2113 5298 46 29 the
2183 5300 61 27 wife
2270 5300 30 28 of
2321 5300 47 28 the
2389 5301 54 29 late
2464 5303 166 31 Incumbent
2650 5307 30 28 of
2702 5293 42 44 St.'

2113 5335 98 30 John's
2224 5337 120 35 Church,
2364 5339 160 36 Wakefield,
2544 5344 121 37 recently
2683 5347 60 28 died

2112 5379 29 22 at
2149 5374 116 29 Lahore.
2286 5376 154 38 Especially
2449 5380 55 27 will
2513 5379 49 30 she
2569 5380 33 30 be
2611 5386 133 28 mourned

2113 5417 29 24 a-t
2170 5413 152 30 Wakefield
2352 5416 91 29 where
2464 5417 48 30 she
2537 5419 107 31 resided
2667 5431 76 23 6ome

2112 5461 87 25 years,
2218 5453 55 28 and
2292 5454 36 35 by
2340 5454 50 28 her
2411 5456 150 30 charitable
2582 5459 160 37 disposition

2112 5489 54 27 and
2190 5493 60 25 true
2274 5492 139 35 womanly
2441 5495 150 37 sympathy
2615 5498 67 29 with
2708 5501 36 27 all

2112 5527 61 28 who
2187 5537 70 19 were
2270 5529 27 28 in
2311 5529 104 31 trouble
2429 5532 134 30 endeared
2583 5534 102 31 herself
2696 5546 49 22 not

2112 5566 64 37 only
2197 5570 28 26 to
2246 5567 49 29 her
2307 5568 151 30 husband's
2479 5572 194 36 parishioners,
2696 5576 48 30 but

2112 5608 26 25 to
2151 5605 37 28 all
2201 5605 47 29 the
2261 5607 133 29 residents
2415 5608 29 29 in
2462 5610 48 29 the
2528 5611 215 35 neighborhood.

2112 5643 57 30 Mrs
2190 5644 102 31 Tisdall
2312 5655 56 20 was
2387 5657 17 19 a
2424 5648 78 31 6ister
2519 5650 32 30 of
2570 5650 47 30 the
2631 5652 67 31 Rev.
2712 5656 31 28 T.

2111 5683 32 26 B.
2164 5683 136 34 Maclean,
2324 5685 47 28 the
2391 5693 111 28 present
2525 5689 168 31 Incumbent
2716 5694 30 27 of

2111 5720 71 34 Grey
2186 5721 106 28 mouth.

2146 5776 50 30 We
2222 5781 105 26 extract
2351 5779 46 29 the
2428 5781 139 38 following
2594 5785 71 29 from
2696 5788 45 30 the

2110 5815 105 31 Golden
2230 5816 60 39 Bay
2303 5818 89 36 Argus
2404 5819 30 30 of
2444 5821 71 30 22nd
2526 5823 215 37 instant:The

2109 5857 104 36 mining
2232 5857 124 38 industry
2371 5860 27 27 in
2414 5860 44 28 the
2482 5861 185 36 Collingwood
2686 5868 39 28 dis-

2793 227 62 27 tact
2878 236 24 20 13
2926 230 80 33 again
3030 232 96 37 taking
3150 246 15 18 a
3188 237 136 33 favorable
3351 243 71 27 Linn.

2797 267 54 25 Ihe
2876 267 69 31 good
2969 271 91 34 patch-
3076 274 30 26 of
3126 279 77 24 stone
3225 280 120 30 recently
3370 282 39 26 dis-

2793 303 113 30 covered
2931 305 29 30 in
2983 308 161 33 Johnston's
3173 315 99 31 United
3295 320 24 27 is
3344 319 79 31 bein*

2793 345 94 26 driven
2900 355 35 18 on
2949 348 54 30 aud
3018 359 61 19 now
3090 361 124 27 presents
3227 366 15 18 a
3264 357 58 28 face
3340 346 84 41 about

2791 384 62 25 tour
2865 384 52 27 feet
2931 394 30 18 in
2973 387 85 28 width
3083 389 123 39 showing
3219 395 69 31 good
3308 397 72 32 gold,
3394 407 30 18 so

2792 421 61 27 that
2883 421 76 31 there
2988 425 24 28 is
3042 427 56 29 still
3119 428 69 38 hope
3212 433 31 27 of
3264 432 55 31 this
3349 437 74 27 mine

2792 460 118 37 figuring
2941 472 126 25 amongst
3098 467 46 29 the
3180 470 129 30 dividend
3323 475 101 33 paving

2791 496 104 32 claims.
2961 501 57 32 The
3060 504 190 34 shareholders
3291 514 132 36 certainly

2792 538 110 28 deserve
2916 550 15 16 a
2948 540 59 29 lice
3022 543 29 26 of
3062 545 59 26 luck
3135 546 42 27 for
3192 548 46 27 the
3252 552 172 33 persevering

2792 581 115 23 manner
2929 576 28 29 in
2978 580 89 29 which
3091 581 64 38 they
3176 583 70 32 have
3266 588 158 38 prospected

2793 614 70 27 their
2876 614 80 36 lease,
2970 618 52 28 and
3038 628 39 20 we
3090 620 69 39 hope
3183 624 60 30 that
3255 627 47 28 the
3316 632 108 32 present

2791 653 70 31 good
2874 653 163 33 indications
3053 660 54 27 will
3121 670 82 26 prove
3218 671 206 29 permanent.

2792 689 124 30 Another
2935 694 44 28 olil
2999 695 161 33 abandoned
3174 700 81 35 lease,
3274 703 47 30 the
3343 704 64 29 Rich-

2794 728 82 29 inond
2891 731 59 30 Hill
2964 733 87 29 Silver
3062 738 83 33 mine,
3159 740 23 26 is
3200 743 80 28 a<;ain
3295 743 83 28 about
3397 748 27 23 to

2792 768 31 26 be
2839 768 117 29 worked.
2994 771 59 30 The
3066 775 61 27 trial
3143 776 87 30 which
3245 778 54 29 this
3318 781 106 34 ground

2793 806 53 28 had
2872 816 54 21 was
2950 810 103 38 always
3077 815 166 35 considered,
3274 820 71 27 from
3377 820 47 28 the

2796 844 120 35 splendid
2938 857 94 26 assays
3051 852 30 26 of
3100 852 47 27 the
3160 863 54 21 ore,
3234 860 28 23 to
3285 857 32 28 be
3339 858 70 28 insuf-

2794 881 99 31 ficient.
2931 884 82 31 Want
3027 889 30 27 of
3065 891 101 35 capital
3185 893 78 29 alone
3277 897 147 34 prevented

2794 921 45 26 the
2853 931 75 19 mme
2942 925 68 27 from
3025 926 80 35 being
3119 931 125 35 properly
3255 934 168 35 prospected.

2796 959 24 26 \\
2829 967 14 20 e
2865 960 178 37 understand,
3057 964 135 37 however,
3210 968 61 31 that
3293 971 45 30 the
3359 972 48 30 Pro-

2796 1002 100 25 moters
2919 1001 153 38 Company,
3098 1006 62 28 who
3182 1008 69 28 have
3272 1011 152 34 purchased

2796 1034 43 29 the
2860 1037 81 33 lease,
2963 1049 45 20 are
3030 1051 62 20 now
3114 1044 28 27 in
3163 1054 15 18 a
3198 1047 118 35 position
3337 1053 27 24 to
3389 1050 35 29 do

2794 1074 62 29 this.
2894 1076 54 30 For
2961 1078 54 29 this
3026 1089 116 28 purpose
3156 1084 47 28 the
3217 1088 114 28 services
3344 1089 31 27 of
3382 1089 43 28 Mr

2794 1113 26 26 T.
2836 1114 81 28 Lawn
2932 1116 70 29 have
3015 1117 67 30 been
3096 1123 131 33 engaged,
3247 1126 55 26 aud
3314 1135 31 19 as
3357 1136 67 20 soou

2798 1159 25 18 is
2836 1152 46 27 the
2895 1154 76 28 track
2986 1155 111 36 leading
3108 1163 28 24 to
3149 1160 47 28 the
3210 1162 74 28 mine
3297 1163 50 28 has
3356 1164 68 29 been

2794 1189 165 38 thoroughly
2979 1194 133 36 repaired,
3126 1197 46 28 the
3185 1200 75 29 work
3278 1203 27 26 of
3322 1202 103 37 bailing

2793 1230 48 25 out
2860 1227 47 30 the
2928 1230 45 28 old
2987 1232 73 30 shaft
3073 1235 53 28 and
3146 1237 140 39 following
3304 1241 46 29 the
3364 1242 60 29 lode

2791 1265 111 38 already
2914 1268 94 35 found,
3025 1272 58 29 will
3094 1273 32 29 be
3139 1277 149 34 proceeded
3300 1279 77 29 with.

2825 1312 28 28 It
2866 1316 23 28 is
2904 1317 102 36 spoken
3025 1319 31 28 of
3065 1329 32 19 as
3114 1331 16 18 a
3142 1323 94 29 rather
3254 1328 170 29 remarkable

2792 1359 193 24 circumstance
2997 1356 68 33 that,
3080 1359 103 35 though
3196 1362 168 32 Parliament
3374 1367 51 29 has

2790 1390 69 32 been
2870 1396 152 36 prorogued
3040 1397 74 31 since
3128 1399 158 39 September
3302 1407 43 32 22,
3359 1415 66 21 over

2792 1434 58 26 tour
2874 1437 120 32 months,
3019 1436 74 30 there
3114 1439 51 28 has
3186 1447 48 23 not
3255 1445 130 29 occurred
3407 1455 16 19 a

2792 1470 84 36 single
2890 1481 129 29 vacancy.
3056 1476 59 29 The
3137 1478 93 31 House
3243 1483 24 26 is
3284 1484 140 36 evidently

2790 1510 145 34 composed
2959 1512 31 26 of
3034 1516 88 25 sound
3177 1526 74 25 men,
3276 1521 55 26 and
3356 1521 66 28 with

2790 1544 46 29 the
2849 1551 124 33 prospect
2986 1549 30 28 of
3027 1554 54 26 two
3094 1553 118 31 sessions
3234 1556 54 30 this
3305 1567 119 29 yeara

2790 1582 162 33 dissolution
2970 1589 54 28 and
3037 1600 17 18 a
3067 1595 209 36 re-assemUing
3293 1598 31 27 of
3333 1608 17 17 a
3362 1608 61 19 new

2794 1622 174 36 Parliament,
2987 1627 22 29 it
3027 1629 92 29 would
3139 1637 48 24 not
3205 1643 53 29 pay
3270 1644 17 20 a
3299 1636 125 31 member

2790 1665 28 25 to
2831 1662 88 29 either
2930 1665 90 34 resign
3033 1677 32 18 or
3076 1673 29 24 to
3119 1670 52 28 die.

2823 1707 25 28 A
2875 1717 61 21 case
2965 1711 32 29 of
3015 1717 114 27 interest
3153 1719 29 26 to
3202 1718 142 38 publicans
3367 1731 57 21 was

2791 1748 85 26 heard
2901 1748 90 30 before
3011 1751 44 29 Mr
3074 1753 149 37 Robinson,
3243 1760 31 26 of
3295 1761 127 33 Oamaru,

2793 1785 128 37 recently.
2958 1787 58 29 The
3025 1789 116 31 licensee
3151 1793 31 28 of
3186 1795 47 28 the
3243 1796 84 37 Clyde
3340 1798 84 30 Hotel

2791 1825 29 25 at
2832 1822 148 39 Hampden
2994 1826 54 30 had
3061 1831 97 34 agreed
3172 1837 27 24 to
3217 1838 206 29 accommodate

2792 1869 51 21 one
2857 1863 61 28 half
2925 1864 31 28 of
2963 1865 136 31 Sharman
3107 1870 56 28 and
3172 1871 151 39 Stoodley's
3331 1876 93 29 Circus

2791 1908 144 28 company,
2956 1902 49 29 but
3022 1914 35 18 on
3071 1905 71 29 their
3159 1910 100 28 arrival
3277 1913 105 28 refused
3396 1919 28 24 to

2791 1945 104 21 receive
2926 1938 84 31 them.
3060 1943 44 28 Mr
3135 1945 146 38 Sharman,
3317 1952 29 28 in
3377 1952 46 28 the

2791 1983 95 19 course
2899 1976 33 28 of
2941 1976 43 29 his
2996 1980 137 35 evidence,
3147 1986 89 27 stated
3248 1987 61 28 that
3322 1988 34 28 he
3370 1989 54 29 had

2791 2013 100 28 offered
2904 2017 28 25 to
2945 2024 54 29 pay
3012 2016 46 30 the
3071 2018 47 30 bill
3128 2021 30 29 in
3167 2023 131 37 advance,
3309 2027 48 28 but
3368 2037 56 20 was

2791 2053 55 26 told
2860 2053 62 28 that
2934 2053 46 29 the
2994 2055 185 41 hotel-keeper
3191 2061 47 29 did
3250 2069 50 24 not
3312 2072 73 25 want
3396 2072 27 22 to

2791 2090 34 25 be
2843 2090 131 29 bothered
2994 2094 65 27 with
3081 2096 85 34 them,
3187 2099 105 37 though
3313 2103 34 27 he
3368 2113 56 18 was

2792 2126 57 27 also
2862 2126 135 31 informed
3010 2129 36 38 by
3059 2131 47 31 the
3127 2134 149 34 landlord's
3288 2140 62 30 wife
3363 2141 61 30 that

2792 2164 47 29 the
2852 2164 85 31 house
2949 2176 57 21 was
3018 2169 58 30 full.
3113 2173 58 30 The
3184 2175 149 33 defendant
3339 2190 85 19 swore

2791 2206 61 24 that
2865 2206 77 27 there
2954 2215 57 20 was
3023 2209 65 37 only
3100 2220 53 21 one
3163 2218 170 35 unoccupied
3346 2228 78 20 room

2791 2249 29 20 m
2833 2243 48 28 the
2894 2243 86 30 house
2992 2249 29 25 at
3033 2246 47 30 the
3088 2249 75 30 time.
3200 2253 45 29 He
3252 2256 91 28 would
3353 2257 71 29 have

2792 2281 81 26 made
2885 2289 37 20 no
2935 2281 134 37 objection
3081 2289 29 26 to
3125 2291 99 35 supply
3237 2293 95 29 meals.
3369 2295 55 29 His

2793 2318 128 39 Worship
2933 2320 59 30 said
3006 2321 69 38 that,
3088 2325 142 34 inasmuch
3238 2340 31 20 as
3277 2333 77 30 there
3367 2344 56 20 was

2791 2365 52 20 one
2864 2361 167 36 unoccupied
3052 2373 77 20 room
3142 2366 30 28 in
3194 2369 47 28 the
3261 2370 94 35 house,
3377 2374 47 28 the

2792 2397 148 28 defendant
2952 2397 98 32 should
3063 2401 72 30 have
3156 2406 100 29 offered
3269 2418 133 21 accommo-

2792 2433 94 28 dation
2899 2437 29 25 to
2940 2434 63 31 that
3023 2443 103 25 extent.
3166 2442 42 30 He
3226 2446 88 29 would
3335 2448 73 29 there-

2792 2472 60 27 fore
2869 2472 66 30 hold
2946 2473 62 30 that
3019 2476 48 29 the
3088 2477 99 37 charge
3205 2491 57 21 was
3279 2485 145 35 admitted,

2792 2511 49 26 but
2852 2511 36 27 he
2900 2512 91 29 would
3003 2522 106 28 impose
3116 2526 17 18 a
3145 2519 122 30 nominal
3277 2524 112 36 penalty
3397 2525 31 29 of

2792 2548 56 31 10s,
2867 2548 68 29 with
2956 2554 71 26 costs
3040 2552 55 29 and
3115 2556 148 31 witnesses'
3285 2569 139 28 expenses.

2791 2586 45 27 He
2849 2586 91 37 hoped
2952 2588 48 30 the
3012 2598 62 22 case
3083 2593 90 29 would
3182 2604 82 29 prove
3273 2608 17 19 a
3300 2601 125 37 warning

2792 2629 28 24 to
2832 2623 189 43 hotelkeepers
3041 2634 50 27 not
3109 2637 29 25 to
3158 2637 89 30 refuse
3260 2641 28 26 to
3308 2640 62 36 give
3382 2651 28 19 ac-

2791 2665 204 30 commodation
3007 2671 29 25 to
3048 2672 141 28 travellers
3199 2675 117 28 without
3323 2677 103 28 havin*

2791 2702 158 28 reasonable
2961 2705 120 34 grounds
3090 2707 42 28 for
3142 2708 84 41 doing
3237 2721 39 21 so.

2825 2749 25 30 A
3085 2760 29 28 at
3128 2758 165 39 Wellington
3306 2775 63 27 says
3383 2775 43 19 :-

2791 2790 59 30 The
2861 2801 118 21 revenue
2991 2799 109 24 returns
3111 2797 43 29 for
3172 2799 47 29 the
3234 2801 64 29 nine
3310 2805 115 29 months

2789 2829 110 30 include
2909 2830 48 31 the
2974 2832 141 39 following
3132 2836 74 31 chief
3221 2838 183 35 items:Cus-

2789 2870 82 32 toms,
2896 2870 181 37 1,044,794;
3107 2875 138 37 railways,
3271 2881 151 35 723,980;

2790 2907 120 34 Stamps,
2922 2909 144 31 426,474.
3093 2912 169 37 Comparing
3272 2917 75 27 these
3356 2921 66 26 with

2788 2940 54 31 last
2878 2952 68 29 year
2981 2945 55 30 and
3066 2947 66 31 with
3170 2950 47 31 the
3253 2952 169 35 Treasurer's

2788 2981 151 32 Estimates
2951 2985 21 28 it
2984 2986 55 29 will
3052 2986 32 30 be
3097 2997 64 20 seen
3168 2990 62 30 that
3238 2992 46 29 the
3294 2995 128 29 Customs

2787 3019 77 28 show
2885 3031 17 17 a
2913 3024 186 28 considerable
3111 3025 101 35 deficit,
3234 3030 61 28 that
3308 3032 112 36 Stamps

2787 3055 71 31 have
2881 3057 70 31 done
2975 3060 70 34 well,
3066 3062 55 30 and
3144 3064 61 31 that
3222 3066 47 31 the
3293 3069 129 38 railways

2787 3094 70 30 have
2876 3095 71 31 done
2965 3108 68 20 even
3046 3110 85 20 worse
3154 3104 67 28 than
3243 3107 89 36 might
3349 3109 70 29 have

2787 3131 66 31 been
2878 3137 138 34 expected.
3064 3138 85 31 Their
3172 3144 113 38 receipts
3307 3145 44 30 for
3373 3147 47 31 the

2786 3175 111 35 quarter
2916 3174 80 39 being
3018 3177 135 33 113,000
3170 3180 53 31 less
3243 3184 68 30 than
3332 3186 72 30 three-

2785 3211 107 28 fourths
2904 3214 32 26 of
2944 3216 127 28 estimate
3089 3217 43 28 for
3144 3218 47 28 the
3208 3230 75 26 year,
3300 3223 30 27 in
3349 3225 70 35 spite

2785 3246 32 32 of
2825 3257 17 21 a
2853 3250 186 33 considerable
3052 3254 121 32 increase
3186 3257 29 31 in
3236 3259 47 31 the
3304 3262 115 31 mileage

2785 3288 55 28 and
2852 3288 30 30 in
2895 3290 47 29 the
2954 3293 91 28 actual
3057 3295 87 30 traffic
3156 3299 113 26 carried.

2820 3333 58 32 The
2890 3335 136 43 following
3042 3343 77 38 story
3130 3352 24 21 is
3165 3346 29 29 at
3211 3349 109 36 present
3337 3347 84 41 going

2785 3375 47 29 the
2845 3377 89 30 round
2946 3378 32 30 of
2986 3379 47 30 the
3050 3391 113 27 papers:
3182 3385 59 29 The
3260 3387 70 28 dead
3348 3389 72 37 body

2785 3413 31 28 of
2836 3422 37 19 an
2893 3415 117 37 English
3033 3427 32 20 or
3084 3420 147 32 American
3250 3423 57 30 lion
3331 3428 89 27 tamer

2784 3452 102 29 named
2916 3453 123 33 Steward
3062 3468 66 26 was,
3149 3460 23 30 it
3189 3462 25 28 is
3238 3463 68 34 said,
3336 3465 84 37 lately

2784 3490 87 28 found
2882 3492 29 27 in
2924 3493 48 28 the
2984 3504 78 19 room
3074 3498 32 27 of
3114 3507 17 19 a
3143 3498 85 30 house
3246 3507 29 21 at
3288 3502 113 30 Roraain-

2785 3527 73 36 ville,
2878 3530 109 31 outside
3008 3533 85 31 Paris.
3130 3536 45 39 By
3187 3538 47 30 the
3246 3539 58 31 side
3327 3541 31 30 of
3372 3542 47 30 the

2784 3569 122 29 remains
2929 3580 58 19 was
3005 3572 47 29 the
3072 3584 94 28 corpse
3186 3578 31 27 of
3233 3587 36 19 an
3288 3580 45 27 old
3353 3580 66 30 lion.

2786 3605 116 30 Stewart
2914 3607 56 29 had
2982 3609 82 30 fallen
3077 3621 36 19 on
3126 3615 53 28 evil
3197 3615 69 38 days
3278 3617 55 29 and
3346 3623 73 25 went

2785 3647 28 26 to
2833 3644 184 35 Romainville
3029 3650 66 30 with
3109 3651 42 30 his
3164 3653 65 30 lion.
3266 3655 27 30 It
3314 3657 23 28 is
3356 3668 46 26 sup-

2784 3684 84 33 posed
2881 3685 60 27 that
2954 3686 34 27 he
3000 3690 165 28 succumbed
3178 3696 28 22 to
3219 3702 36 17 an
3267 3695 151 35 apoplectic

2785 3719 100 32 stroke,
2899 3721 53 30 and
2966 3722 46 30 the
3026 3724 55 30 lion
3095 3726 44 38 lay
3154 3728 102 39 calmly
3269 3730 81 30 down
3363 3733 55 30 and

2785 3757 62 31 died
2864 3759 31 30 of
2912 3761 73 35 grief
3002 3764 55 30 and
3077 3765 107 38 hunger
3198 3768 36 38 by
3255 3770 46 29 the
3321 3772 57 29 side
3391 3775 30 26 of

2785 3796 44 29 his
2841 3803 110 24 master.

2985 3886 232 33 LATEST

2820 3940 244 46 CABLE
3152 3950 236 43 NEWS.

3067 4064 126 34 London,
3203 4066 124 39 January
3339 4070 43 27 25.

2819 4103 59 31 The
2901 4109 225 36 representatives
3150 4112 32 30 of
3199 4114 47 30 the
3269 4116 147 40 European

2784 4151 110 31 Powers
2914 4155 71 30 have
3006 4158 91 31 issued
3114 4170 17 19 a
3152 4162 140 30 collective
3311 4170 65 24 note
3388 4169 28 25 to

2785 4199 111 35 Greece,
2921 4203 103 39 stating
3046 4206 62 30 that
3129 4208 25 29 if
3174 4210 49 29 she
3243 4211 24 29 is
3285 4211 131 32 obdurate

2784 4246 55 28 and
2852 4249 111 34 persists
2975 4251 28 30 in
3022 4252 51 31 her
3090 4255 141 36 demands,
3244 4267 16 20 a
3273 4260 142 30 combined

2784 4293 64 31 fleet
2871 4297 57 30 will
2947 4298 33 32 be
2998 4300 187 42 immediately
3203 4305 166 39 despatched
3387 4312 29 26 to

2784 4342 88 29 Greek
2884 4348 107 25 waters.

2820 4389 39 29 M.
2872 4390 135 39 Delamis,
3021 4396 90 32 Greek
3130 4399 129 36 Premier,
3272 4402 103 31 refuses
3387 4408 30 26 to

2782 4438 85 35 yield,
2888 4441 56 29 and
2965 4443 47 29 the
3024 4445 90 29 Greek
3131 4446 64 30 fleet
3212 4450 85 29 sailed
3309 4457 30 22 at
3351 4451 48 38 day-

2783 4483 84 31 break
2879 4488 96 38 to-day
2986 4491 88 30 under
3085 4494 92 30 sealed
3188 4496 102 31 orders.

3097 4541 92 34 Sofia,
3201 4544 125 38 January
3338 4549 42 27 25.

2819 4579 39 29 M.
2885 4581 123 37 Itsanoff,
3039 4586 151 38 Bulgarian
3220 4590 128 32 Minister
3375 4594 43 30 for

2784 4626 117 39 Foreign
2924 4631 109 35 Affairs,
3058 4634 51 30 has
3129 4636 49 30 left
3198 4638 43 29 for
3259 4640 141 30 Constanti-

2782 4675 91 36 nople,
2886 4676 30 28 in
2928 4678 80 29 order
3021 4683 26 26 to
3060 4683 137 35 negotiate
3217 4685 42 29 for
3271 4686 47 30 the
3330 4688 87 30 union

2783 4721 30 28 of
2823 4721 128 38 Bulgaria
2965 4727 55 28 and
3033 4728 154 32 Roumelia.

2817 4768 29 30 It
2857 4768 25 30 is
2893 4774 163 29 announced
3069 4775 62 31 that
3149 4777 96 31 Prince
3262 4780 155 32 Alexander

2783 4817 50 30 has
2857 4820 122 30 received
3003 4831 17 19 a
3043 4823 80 30 letter
3140 4826 71 29 from
3232 4827 48 29 the
3299 4829 71 28 Czar
3389 4831 30 28 of

2784 4864 108 34 Russia,
2914 4866 30 27 in
2963 4868 136 30 reference
3118 4874 28 26 to
3164 4871 48 29 the
3231 4872 135 40 difficulty
3387 4876 29 28 in

2783 4911 47 31 the
2842 4911 107 33 Balkan
2970 4916 99 30 States.
3105 4918 58 30 The
3183 4923 233 30 comnmuieation

2782 4958 24 27 is
2836 4961 89 26 6tated
2955 4965 29 24 to
3007 4963 34 28 be
3069 4965 122 28 couched
3213 4967 30 27 in
3272 4973 145 25 courteous

2782 5008 94 27 terms.

3065 5059 127 33 London,
3203 5061 123 39 January
3339 5065 42 27 26.

2817 5100 36 29 In
2876 5101 46 30 the
2944 5103 94 31 House
3056 5106 30 30 of
3100 5107 150 32 Commons
3269 5108 147 42 yesterday

2782 5149 74 28 Lord
2898 5150 141 39 Salisbury
3069 5157 162 28 announced
3269 5158 61 29 that
3369 5160 47 28 the

2782 5196 189 31 Government
2989 5199 129 32 intended
3136 5202 142 31 forthwith
3292 5209 27 25 to
3332 5207 69 29 intro-

2781 5244 68 29 duce
2869 5247 141 35 proposals
3030 5248 42 30 for
3085 5250 46 30 the
3150 5252 157 30 settlement
3323 5254 30 29 of
3369 5255 46 30 the

2781 5292 72 29 Irish
2864 5293 143 39 difficulty.

2815 5339 35 28 In
2864 5340 47 29 the
2931 5342 94 29 House
3047 5344 31 28 of
3086 5345 150 29 Commons
3255 5357 33 19 an
3304 5350 92 28 amend-

2782 5391 77 25 ment
2872 5391 28 25 to
2914 5388 46 30 the
2973 5390 263 42 Address-in-Reply
3250 5405 56 20 was
3316 5398 99 29 moved

2782 5435 35 37 by
2838 5436 44 28 Mr
2902 5437 27 29 J.
2944 5437 42 29 W.
3001 5439 126 37 Barclay,
3147 5443 124 29 member
3289 5445 42 28 for
3351 5446 47 27 For-

2782 5481 122 33 farshire,
2918 5487 28 25 to
2959 5484 47 29 the
3018 5486 79 29 effect
3110 5487 61 30 that
3184 5490 20 27 it
3217 5499 55 19 was
3282 5491 132 31 desirable

2782 5532 27 25 to
2822 5529 122 37 legislate
2951 5530 43 30 for
3001 5542 35 20 an
3047 5534 199 37 improvement
3255 5538 28 28 in
3293 5534 122 35 former's

2780 5580 127 35 tenancy.
2944 5579 59 30 The
3024 5583 180 30 amendment
3222 5595 56 19 was
3299 5588 113 35 rejected

2781 5623 36 39 by
2829 5634 15 20 a
2857 5626 130 39 majority
3008 5629 31 30 of
3048 5632 42 33 28,
3105 5631 44 30 Mr
3168 5633 108 32 Parnell
3295 5635 54 30 and

2780 5663 137 31 followers
2929 5671 161 35 supporting
3102 5672 47 28 the
3162 5673 187 29 amendment.

2815 5710 137 38 Replying
2964 5719 28 22 to
3005 5724 17 18 a
3034 5717 135 35 question,
3184 5718 44 32 Mr
3241 5718 33 30 B.
3294 5720 118 32 Bourke.

2780 5747 249 43 Under-Secretary
3070 5757 41 27 for
3148 5757 117 35 Foreign
3305 5754 105 36 Affairs!

2780 5787 87 29 stated
2898 5790 61 30 that
2989 5797 28 24 at
3048 5793 45 30 the
3116 5795 123 31 instance
3269 5798 30 29 of
3331 5800 77 30 Greai

2780 5826 106 31 Britain
2901 5828 46 32 the
2961 5830 108 31 Powers
3083 5834 52 30 had
3149 5837 111 29 notified
3276 5844 27 23 to
3312 5839 93 29 Greed

2780 5867 57 27 that
2850 5877 35 19 an
2899 5870 91 28 attack
3004 5870 34 39 by
3051 5872 49 29 her
3109 5883 72 26 navy
3189 5884 35 20 on
3238 5876 45 29 the
3295 5877 116 31 Turkish

3460 237 61 31 fleet
3547 242 87 27 would
3649 249 48 21 not
3710 243 31 28 be
3763 244 125 28 allowed.
3927 247 43 28 Mr
3989 248 108 31 Bourke

3462 288 86 29 added
3577 290 59 31 that
3659 299 36 31 up
3721 299 28 22 to
3770 292 45 30 the
3838 299 110 32 pre3eut
3972 297 66 30 time
4061 308 37 21 no

3461 346 106 21 answer
3591 339 56 29 had
3669 340 67 29 been
3753 343 125 29 received
3899 348 29 26 to
3953 345 47 30 the
4023 357 54 20 com-

3462 387 169 27 munication
3645 389 27 26 in
3684 391 135 34 question.

3497 433 33 28 In
3546 433 45 30 the
3607 431 93 33 House
3720 437 31 29 of
3761 438 150 32 Commons
3927 442 105 38 to-day,
4052 444 45 30 Mr

3463 480 84 30 Black
3561 492 66 28 gave
3641 489 88 26 ectice
3744 486 59 31 that
3820 498 37 20 on
3876 489 143 41 Thursday
4032 499 64 25 next

3462 528 33 28 he
3520 531 89 27 would
3635 533 50 27 ask
3706 535 45 27 the
3772 536 83 28 house
3880 543 28 22 to
3932 546 80 28 grant
4036 551 45 26 pre-

3462 576 116 29 cedence
3603 584 27 22 to
3655 590 15 17 a
3694 581 189 32 Government
3913 586 54 30 Bill
3991 587 105 40 haying

3461 624 41 27 for
3532 625 35 28 its
3596 626 88 37 object
3714 630 46 28 the
3786 634 175 36 suppression
3991 637 31 28 of
4048 638 47 29 the

3462 672 71 27 Irish
3559 673 128 30 National
3709 676 109 38 League
3838 680 54 28 and
3913 681 47 29 the
3980 692 97 29 preven-

3461 720 57 27 tion
3542 720 30 28 of
3591 724 137 28 terrorism
3742 734 63 21 now
3825 729 142 35 prevalent
3987 731 30 29 in
4038 732 42 29 Ire-

3461 765 75 28 land.
3580 767 46 28 He
3656 772 163 28 announced
3848 773 62 31 that
3939 776 47 30 the
4016 778 81 31 Land

3462 814 137 30 Purchase
3612 817 55 28 Bill
3680 819 92 29 would
3783 823 121 37 speedily
3917 824 100 30 follow.

3497 861 45 28 Mr
3561 863 159 36 Gladstone,
3743 866 124 40 replying
3888 873 28 26 to
3939 880 37 20 an
3999 875 97 37 appeal

3463 910 79 26 made
3556 913 28 24 to
3598 912 58 26 him
3671 913 36 34 by
3721 914 39 26 M.
3779 915 158 30 Denmarch
3952 920 145 38 (principal

3461 957 151 38 municipal
3633 958 92 31 officer
3746 964 30 27 at
3793 961 127 41 Athens),
3942 965 153 40 deprecates

3461 1006 147 29 resistance
3628 1016 37 19 on
3688 1009 47 28 the
3756 1014 62 33 part
3836 1012 31 28 of
3876 1012 102 32 Greece
3998 1019 29 27 to
4048 1019 47 29 the

3461 1051 57 29 will
3530 1053 31 29 of
3568 1053 45 30 the
3626 1054 117 32 Powers.

3746 1108 120 35 Berlin,
3880 1112 125 39 January
4017 1117 42 28 26.

3497 1146 33 29 In
3544 1157 186 30 consequence
3744 1156 30 27 of
3784 1156 46 29 the
3843 1160 135 29 unsettled
3989 1165 70 26 state
4066 1163 31 29 of

3460 1193 93 30 affairs
3565 1197 29 28 in
3618 1199 111 36 Greece,
3742 1211 16 19 a
3771 1203 121 31 German
3910 1207 123 32 ironclad
4044 1209 52 31 has

3460 1240 67 31 been
3540 1244 113 31 ordered
3667 1252 28 25 to
3707 1252 115 32 proceed
3834 1256 28 25 to
3876 1254 122 30 Piraens.

3680 1330 201 34 LATEST

3477 1378 373 51 AUSTRALIAN
3901 1390 173 44 NEWS.

3680 1498 187 36 Melbourne,
3880 1503 125 38 January
4016 1509 43 26 26.

3496 1538 24 28 A
3533 1540 121 39 meeting
3671 1545 28 28 of
3716 1545 47 30 the
3784 1547 212 36 Constitutional
4009 1554 85 40 Party

3461 1595 29 19 in
3514 1588 121 30 Victoria
3658 1592 48 28 has
3723 1594 69 29 been
3810 1599 87 28 called
3918 1600 43 29 for
3979 1606 96 27 to-mor-

3460 1643 65 25 row,
3551 1640 28 26 to
3605 1640 125 30 consider
3749 1643 47 30 the
3817 1646 120 36 political
3962 1651 132 30 situation

3460 1684 127 28 involved
3600 1687 28 27 in
3648 1688 45 27 the
3713 1692 109 36 coming
3839 1698 215 29 reconstruction
4066 1700 30 28 of

3460 1730 46 30 the
3521 1731 137 41 Ministry.

3880 1790 123 39 January
4015 1794 43 29 27.

3495 1836 57 29 The
3574 1842 118 26 steamer
3712 1842 108 37 Afghan
3842 1849 107 28 arrived
3968 1851 29 27 in
4017 1852 56 29 Hob-

3460 1887 73 24 son's
3558 1886 61 36 Bay
3643 1889 66 26 with
3736 1892 50 25 178
3819 1893 124 31 Chinese.
3980 1898 38 27 Of
4038 1900 56 28 this

3460 1930 117 29 number
3598 1933 33 28 64
3652 1943 69 20 were
3743 1936 126 32 detained
3891 1951 37 19 on
3952 1943 84 30 board
4057 1947 37 36 by

3460 1976 47 28 the
3529 1978 114 29 Custom
3665 1983 162 30 authorities
3845 1987 42 28 for
3904 1988 103 40 having
4024 1992 68 30 false

3460 2025 209 31 naturalisation
3682 2038 105 28 papers.

3495 2072 23 27 A
3532 2074 112 36 terribly
3665 2079 114 34 tragedy
3791 2084 127 26 occurred
3939 2089 29 24 at
3987 2087 108 35 Coburg

3460 2119 155 38 yesterday,
3637 2122 81 30 when
3736 2134 18 19 a
3774 2127 109 30 mother
3900 2131 54 29 and
3972 2132 76 32 three
4067 2135 30 31 of

3461 2165 51 29 her
3535 2167 148 37 daughters
3712 2174 144 30 combined
3887 2182 27 25 to
3943 2183 112 28 murder
4078 2195 17 19 a

3460 2223 105 28 youger
3585 2216 87 36 sister,
3686 2220 88 30 which
3793 2223 67 38 they
3878 2226 47 29 did
3944 2228 36 37 by
4000 2233 95 35 nearly

3460 2264 126 35 severing
3606 2265 49 28 her
3668 2266 70 30 head
3760 2270 70 28 from
3848 2272 51 28 her
3918 2274 82 35 body.
4036 2279 59 28 The

3461 2306 147 40 daughters
3622 2312 157 33 afterwards
3798 2319 128 31 attacked
3937 2324 66 29 each
4016 2326 79 30 other

3461 2357 53 27 and
3529 2359 36 27 all
3578 2369 46 19 are
3637 2371 74 19 more
3721 2374 30 18 or
3759 2366 53 27 less
3820 2370 121 36 severely
3951 2373 144 35 wounded,

3461 2414 51 18 one
3525 2406 81 36 being
3626 2409 30 26 in
3674 2419 36 18 an
3728 2415 151 35 extremely
3900 2417 102 29 critical
4015 2424 80 25 state.

3461 2451 58 30 The
3543 2463 81 20 eause
3648 2456 31 28 of
3697 2457 47 29 the
3764 2463 84 26 crime
3873 2463 23 28 is
3920 2463 123 33 believed
4067 2473 29 23 to

3462 2498 69 30 have
3551 2501 68 28 been
3638 2503 128 34 religious
3789 2510 104 33 mania,
3915 2511 47 29 the
3986 2514 111 29 mother

3462 2545 80 37 being
3554 2548 116 37 entirely
3683 2550 157 35 demented,

3748 2604 121 35 Sydney,
3881 2609 126 40 January
4019 2614 41 29 26.

3496 2647 58 30 The
3578 2649 186 39 Anniversary
3788 2656 147 37 Handicap
3957 2670 57 17 was
4034 2672 62 18 won

3462 2693 96 37 to-day
3565 2694 37 37 by
3612 2696 45 28 the
3670 2697 74 29 Hon.
3755 2700 96 29 James
3861 2702 116 31 White's
3985 2706 111 40 Tempe,

3465 2740 125 34 Minerva
3613 2744 83 40 being
3718 2750 109 32 second,
3853 2751 136 33 Kathleen
4013 2755 83 32 third.

3463 2791 152 30 Seventeen
3646 2793 93 30 horses
3768 2799 111 29 started.
3916 2801 71 30 Won
4014 2803 37 39 by
4080 2814 16 20 a

3460 2837 105 40 length.
3602 2841 88 35 Time,
3703 2842 85 32 2min.
3802 2847 45 35 25
3847 2847 62 35 sec.

3575 2928 135 31 OPEN
3746 2932 233 36 COLUMN.

3459 3004 59 28 Our
3533 3006 126 28 columns
3679 3018 45 18 are
3737 3020 70 25 open
3826 3016 28 23 to
3874 3014 48 27 the
3944 3016 150 30 discussion

3492 3042 31 26 of
3532 3042 37 28 all
3582 3048 113 25 matters
3708 3046 31 28 of
3749 3048 91 36 public
3852 3052 123 34 interest,
3990 3053 46 29 but
4052 3063 42 21 we

3492 3089 47 19 are
3552 3081 30 27 in
3594 3091 36 19 no
3643 3091 61 30 way
3716 3084 141 32 identified
3869 3089 67 29 with
3949 3091 47 29 the
4010 3092 84 30 views

3492 3117 31 29 of
3531 3128 50 18 our
3592 3123 234 36 correspondents.

3525 3197 210 31 LICENSING
3751 3203 271 32 ADVERTISING.

3474 3270 45 40 [to
3538 3281 56 21 the
3612 3283 106 22 ebitor
3734 3287 35 20 of
3786 3289 56 20 the
3860 3291 90 20 lyell
3967 3286 106 37 times.]

3492 3319 199 34 Sir,Permit
3714 3332 46 21 me
3781 3329 29 25 to
3831 3329 118 37 trespass
3968 3330 30 31 ia
4021 3331 73 33 brief

3455 3366 75 30 upon
3552 3369 69 28 your
3640 3361 127 33 raluable
3779 3366 127 31 columns
3923 3371 30 28 in
3971 3372 80 29 order
4062 3378 31 24 to

3455 3398 62 34 give
3530 3399 46 26 the
3588 3400 91 35 public
3697 3411 76 20 some
3786 3404 61 28 idea
3869 3406 32 28 of
3915 3407 63 29 how
3991 3418 40 19 we
4044 3420 47 19 are

3455 3435 104 30 treaUd
3572 3436 36 38 by
3621 3437 47 30 the
3681 3439 164 38 Inangahua
3852 3443 111 41 County
3975 3448 117 31 Council

3455 3482 31 20 as
3499 3474 42 28 far
3558 3484 30 19 as
3605 3477 94 36 giving
3713 3479 52 28 due
3784 3481 133 37 publicity
3929 3489 29 23 to
3976 3491 116 25 matters

3455 3511 32 28 of
3497 3512 90 37 public
3599 3514 113 31 interest
3723 3526 46 20 are
3786 3521 160 30 concerned.
3982 3523 110 32 Within

3455 3549 47 30 the
3515 3550 53 30 last
3579 3553 76 29 week
3667 3554 48 29 the
3726 3558 174 30 nomination
3910 3562 55 28 and
3972 3564 118 30 election

3455 3589 30 27 of
3511 3590 158 30 candidates
3692 3593 41 29 for
3754 3595 47 28 the
3831 3597 147 37 Licensing
4007 3602 61 28 Com-

3455 3626 95 30 mittee
3569 3628 43 30 for
3632 3629 148 41 Hampden
3793 3633 105 33 district
3917 3638 65 31 took
4001 3640 87 37 place.

3455 3666 79 32 Now,
3554 3668 47 28 the
3622 3671 172 28 notification
3812 3675 31 25 of
3859 3676 47 26 the
3924 3686 77 19 same
4020 3680 68 33 only

3455 3704 135 35 appeared
3601 3705 30 28 in
3640 3707 46 27 the
3696 3707 164 37 Inangahua
3870 3711 114 36 Herald,
3996 3714 92 31 which

3454 3750 92 28 paper,
3566 3742 47 31 the
3634 3745 124 37 Council,
3777 3748 28 29 in
3827 3749 47 31 the
3894 3752 147 31 infinitude
4059 3754 33 31 of

3455 3782 35 26 its
3513 3786 161 29 astuteness,
3699 3788 165 35 apparently
3884 3790 95 28 thinks
4001 3792 51 29 has
4071 3804 18 18 a

3455 3819 160 31 circulation
3639 3821 29 30 in
3693 3822 55 32 this
3770 3824 106 33 district
3899 3829 137 31 sufficient
4059 3836 29 24 to

3454 3860 128 33 acquaint
3605 3869 81 27 every
3706 3871 98 26 person
3822 3865 147 30 interested
3988 3869 32 27 of
4040 3870 48 27 the

3453 3893 65 29 fact.
3554 3895 76 35 This,
3652 3897 45 36 sir,
3716 3899 23 29 is
3760 3900 29 28 in
3808 3910 50 30 my
3876 3904 158 32 estimation
4050 3916 38 22 an

3453 3934 169 37 unqualified
3634 3936 136 39 injustice,
3787 3941 94 38 seeing
3895 3944 63 30 that
3968 3945 49 30 the
4034 3947 38 29 cir-

3453 3973 121 28 culation
3587 3975 32 27 of
3627 3977 62 27 that
3700 3986 86 28 paper
3799 3981 28 27 in
3848 3982 160 30 Murchison
4020 3984 67 29 does

3453 4015 50 24 not
3523 4011 86 30 afford
3622 4014 136 31 sufficient
3780 4017 141 40 pnblicity,
3943 4022 83 29 while
4047 4032 42 21 we

3453 4049 70 28 have
3535 4059 52 19 one
3601 4055 30 24 at
3650 4053 80 36 Lyell
3749 4056 89 28 which
3864 4067 52 19 can
3935 4058 33 30 be
3980 4069 65 20 seen
4058 4062 30 28 in

3453 4086 101 30 almost
3577 4097 83 30 every
3683 4090 86 33 house
3792 4093 72 31 from
3888 4095 138 39 Longford
4056 4104 31 26 to

3453 4126 131 37 Glenroy,
3596 4129 56 29 and
3664 4130 37 36 by
3713 4132 47 29 the
3773 4143 75 20 mere
3860 4136 95 37 outlay
3967 4138 31 28 of
4007 4148 17 18 a
4034 4139 54 28 few

3452 4164 137 35 shillings,
3599 4166 38 38 by
3648 4168 169 40 advertising
3833 4173 30 28 in
3881 4173 63 31 that
3960 4184 92 29 paper,
4065 4178 24 28 it

3453 4203 91 28 would
3555 4204 61 35 give
3628 4206 48 29 the
3687 4213 102 25 matter
3808 4220 98 28 proper
3927 4215 90 28 notice
4029 4215 57 30 and

3453 4242 93 29 confer
3558 4251 17 20 a
3587 4242 72 31 boon
3671 4255 36 19 on
3719 4257 18 19 a
3748 4250 118 33 grateful
3878 4253 183 38 community.

3693 4285 16 29 I
3721 4295 56 26 am,
3790 4288 56 34 &c,

3926 4330 117 30 Justice

3487 4357 169 37 Murchisou,
3669 4363 65 28 28th
3747 4363 136 39 January,
3897 4367 77 29 1836.

3451 4447 80 30 THE
3557 4449 150 31 NELSON
3734 4454 80 28 AND
3840 4456 107 30 WEST
3971 4458 116 32 COAST

3677 4496 187 34 RAILWAY.

3487 4579 59 30 The
3558 4580 142 39 following
3711 4585 24 27 is
3746 4585 72 29 from
3831 4588 47 28 the
3894 4588 51 30 full
3956 4595 92 33 report
4059 4591 32 30 of

3453 4626 46 30 Mr
3518 4628 151 31 Larnach's
3691 4633 98 32 speech
3810 4635 92 30 which
3921 4647 115 28 appears
4057 4640 30 28 in

3453 4673 47 29 the
3513 4674 130 31 Dunedin
3655 4686 150 29 papers:

3488 4722 113 37 Having
3613 4725 98 28 visited
3724 4727 47 28 the
3784 4729 76 30 West
3873 4731 91 35 Coast,
3980 4733 107 38 though

3453 4777 67 28 very
3540 4770 83 29 much
3637 4773 157 37 prejudiced
3813 4778 110 36 against
3940 4780 48 31 the
4001 4781 86 35 werk,

3453 4815 34 29 he
3500 4816 56 29 had
3568 4827 77 20 come
3658 4825 28 23 to
3700 4821 46 29 the
3759 4825 166 33 conclusion,
3934 4830 69 26 after
4013 4830 76 28 what

3453 4861 35 27 he
3502 4862 56 28 had
3570 4872 64 20 seen
3647 4866 31 27 of
3686 4866 47 29 the
3746 4877 137 23 resources
3903 4872 31 30 of
3951 4873 62 32 that
4025 4880 63 35 part

3453 4909 30 30 of
3500 4910 47 30 the
3571 4913 108 37 colony,
3704 4916 62 30 that
3789 4919 47 29 the
3857 4922 114 36 railway
3989 4934 56 18 was
4069 4936 18 17 a

3453 4964 66 28 very
3538 4959 133 29 dssirable
3683 4963 85 28 work.
3805 4966 59 29 The
3885 4968 101 30 timber
4006 4971 80 29 alone

3453 5003 90 30 would
3556 5014 56 30 pay
3624 5007 47 30 the
3671 5003 4 51 1
3684 5014 58 25 cost
3754 5012 31 28 of
3794 5013 47 29 the
3855 5014 66 35 line,
3933 5018 154 36 regardless

3453 5051 32 27 of
3504 5051 47 29 the
3575 5053 136 31 immense
3735 5058 81 30 value
3845 5061 32 28 of
3898 5063 48 28 the
3970 5065 117 30 mineral

3452 5106 139 23 resources
3612 5102 32 30 of
3664 5103 48 30 the
3735 5112 127 33 country.
3898 5110 114 31 Besides
4033 5113 55 30 this

3453 5145 76 29 there
3544 5157 56 21 was
3618 5151 28 27 in
3666 5150 47 30 the
3725 5155 90 36 valley
3827 5156 32 29 of
3873 5157 165 38 Inangalua
4049 5170 38 20 an

3452 5197 93 26 extent
3567 5197 31 28 of
3615 5199 98 32 30,000
3730 5211 75 20 acres
3817 5204 31 29 of
3864 5205 66 30 land
3948 5207 61 29 that
4029 5218 58 19 was

3453 5246 48 24 not
3514 5247 28 24 at
3560 5244 38 29 all
3610 5246 31 28 of
3650 5256 36 20 an
3699 5248 113 32 inferior
3824 5253 106 39 quality
3948 5255 41 29 for
4007 5256 65 30 culti-

3453 5294 101 30 vation,
3591 5294 55 28 and
3683 5307 86 27 many
3799 5301 80 28 miles
3911 5303 33 28 of
3970 5309 117 32 country

3453 5337 119 35 through
3596 5341 90 30 which
3712 5345 46 28 the
3779 5348 114 37 railway
3918 5351 91 28 would
4033 5361 54 19 run

3453 5379 145 28 contained
3617 5383 95 27 forests
3726 5383 61 30 tint
3806 5388 90 28 would
3911 5389 90 29 afford
4019 5399 68 28 very

3454 5416 88 29 useful
3555 5418 107 34 timber,
3676 5422 54 27 and
3743 5425 93 28 unless
3852 5429 235 29 communication

3453 5463 55 17 was
3520 5456 81 27 made
3613 5462 29 23 to
3655 5459 77 28 these
3744 5463 106 33 forests,
3862 5465 90 28 which
3967 5475 70 20 were
4050 5477 37 18 on

3453 5493 7 22 <
3471 5500 80 20 Town
3571 5494 102 35 Lands,
3693 5497 67 36 they
3779 5501 91 28 would
3888 5502 33 28 be
3942 5503 145 30 destroved

3453 5529 35 34 by
3500 5534 71 25 lires.
3608 5533 59 29 The
3679 5536 75 28 work
3773 5537 54 30 had
3845 5539 68 30 been
3931 5541 114 30 decreed
4057 5549 29 22 to

3453 5568 31 27 be
3497 5569 70 29 done
3580 5570 37 37 by
3630 5575 104 28 several
3753 5576 212 33 Governments,
3984 5581 55 28 and
4052 5582 35 28 he

3454 5607 88 30 would
3554 5618 35 26 go
3601 5611 106 30 further
3720 5614 55 29 and
3787 5625 49 29 say
3849 5617 60 30 that
3920 5628 36 20 no
3965 5620 104 29 Govern-

3462 5651 75 30 nent,
3551 5648 35 29 he
3598 5649 130 35 believed,
3741 5656 92 27 would
3841 5657 70 28 have
3925 5659 47 27 the
3986 5669 99 25 power,

3453 5693 68 19 oven
3544 5686 22 26 if
3589 5687 47 27 the
3654 5690 76 26 work
3754 5700 71 20 were
3849 5695 183 33 uudesirable,
4058 5701 28 23 to

3458 5730 70 30 jarry
3541 5732 34 20 on
3590 5724 46 30 the
3650 5726 124 31 business
3787 5733 26 26 of
3827 5731 47 30 the
3887 5740 116 31 country
4015 5734 73 29 until

3457 5770 70 19 <ome
3551 5771 193 30 arrangement
3772 5768 54 29 had
3857 5770 70 30 been
3953 5773 80 28 made
4060 5779 28 23 to

3461 5808 60 21 lave
3547 5801 61 31 that
3632 5804 74 30 work
3731 5805 79 32 done.
3848 5809 45 31 He
3920 5810 123 32 believed
4067 5813 22 29 it

3461 5841 79 28 vould
3554 5841 32 29 be
3599 5842 87 30 better
3697 5844 43 30 for
3752 5848 47 27 the
3820 5849 127 29 Colonial
3966 5853 104 26 Govern-

3453 5885 76 22 ment
3542 5884 28 24 to
3583 5880 34 29 do
3630 5882 55 29 this
3698 5884 75 30 work
3789 5885 66 31 than
3874 5888 42 29 for
3935 5889 22 29 it
3970 5894 29 23 to
4017 5888 75 38 give/

1349 69 109 34 IHE
1514 70 183 41 LYKLL
1752 76 184 44 TIMES,
1993 77 302 44 SATURDAY,
2351 82 241 48 JANUARY
2645 94 59 36 30,
2761 84 103 36 I^6.

236 188 236 35 Government
494 193 152 31 Notices.

168 398 194 31 PROPERTY
393 403 242 30 ASSESSMENT
666 406 79 32 ACT,

583 546 83 5 .
697 546 59 10 ._..,

129 560 34 16 *-
200 556 88 27 notice
319 556 22 28 is
371 556 103 35 hereby
509 560 79 33 given
620 562 61 26 that
710 562 46 27 the

126 590 176 30 seventeenth
322 593 54 36 day
393 595 32 27 of
440 596 140 37 February
598 603 65 24 next
675 599 23 27 is
710 600 47 27 the

128 629 73 30 time,
216 629 56 31 and
289 641 48 28 ray
357 630 86 38 office,
457 635 185 31 Government
665 637 75 29 Build-

127 668 70 35 ings,
211 669 178 36 Wellington,
409 673 21 28 i*
452 674 46 29 the
520 676 86 36 place,
619 681 29 23 at
667 676 88 29 which

127 707 36 27 all
178 716 111 28 persons
301 709 28 28 in
343 709 45 28 the
401 711 98 37 colony
518 722 46 20 are
583 715 132 36 required,
730 715 26 28 in

128 746 166 31 accordance
315 748 65 29 with
401 750 46 29 the
467 751 57 30 said
538 753 59 33 Act,
611 758 28 25 to
651 753 106 30 furnish

126 789 165 24 statements
303 787 31 27 of
343 788 37 27 all
402 790 53 27 real
475 788 55 30 and
548 791 127 37 personal
698 800 44 29 pro-

126 826 79 35 perty
218 823 146 40 belonging
378 831 26 25 to
418 827 85 30 them.

414 871 27 31 J.
462 874 181 36 SPERREY,

299 908 125 40 Propert)
434 917 55 25 -tax
503 915 219 30 Commissioner.

162 955 177 37 Wellington,
353 959 64 27 14th
430 959 134 39 January,
578 963 76 27 1886.

164 1049 235 32 Note.Owners
413 1053 59 29 who
486 1054 70 30 have
567 1061 59 24 sent
637 1056 26 29 in
675 1061 68 26 state-

127 1094 91 23 ments
230 1089 31 28 of
270 1095 127 32 property
411 1101 29 19 as
462 1099 27 23 at
510 1095 41 28 Ist
570 1095 116 30 October
705 1096 53 30 last

128 1137 45 18 are
195 1133 48 22 not
263 1130 124 35 required
411 1136 29 22 to
465 1132 104 29 furnish
595 1139 163 24 statements

128 1164 86 30 nnder
227 1165 46 28 the
285 1166 86 30 above
383 1169 97 29 notice.

164 1204 180 34 Proceedings
356 1208 28 25 to
397 1215 109 20 recover
515 1209 133 35 penalties
657 1208 53 30 will
725 1209 32 29 be

128 1240 83 30 taken
223 1242 109 34 against
344 1252 53 28 any
411 1253 106 29 person,
530 1247 123 29 whether
676 1248 81 29 liable

129 1285 28 22 to
171 1280 120 28 taxation
313 1291 31 18 or
363 1287 56 27 not,
435 1284 59 27 who
516 1285 119 34 neglects
654 1290 29 24 to
703 1287 39 27 for-

127 1316 75 28 ward
215 1327 15 18 a
244 1322 148 26 statement
400 1321 30 27 of
439 1326 128 33 property
578 1332 33 19 on
626 1333 29 18 or
667 1324 91 29 before

128 1355 46 28 the
188 1355 85 29 above
286 1357 71 27 date.

179 1560 159 30 MISSING
364 1563 168 31 FRIENDS
557 1565 149 32 NOTICE.

127 1637 287 64 INFORMATION
435 1644 151 36 respecting
597 1645 47 29 the
656 1646 85 30 where-

202 1677 96 30 abouts
310 1680 53 28 and
377 1683 159 35 occupation
550 1685 30 27 of
594 1684 47 28 the
661 1686 80 28 under-

128 1717 157 27 mentioned
299 1726 110 26 persons
428 1721 23 26 is
473 1720 162 29 WANTED
657 1723 35 36 by
712 1724 46 28 the

127 1753 142 39 Secretary
282 1754 29 30 of
321 1756 46 29 the
382 1758 117 30 General
513 1760 65 29 Post
590 1753 98 38 Office':

127 1796 33 31 0.
186 1798 37 30 H.
245 1802 162 34 Thompson,
429 1805 62 27 who
510 1806 49 28 left
580 1808 116 28 London
719 1809 40 28 for

196 1838 194 31 Christchurch
401 1841 27 29 in
440 1843 47 29 the
499 1853 66 27 year
579 1846 75 29 1881.

127 1876 31 29 T.
174 1877 38 28 M.
228 1878 126 29 Flatson
367 1890 31 19 or
414 1881 125 36 Hatson,
553 1884 52 28 last
626 1885 84 29 heard
733 1886 29 29 of

197 1922 28 22 at
238 1916 70 29 Reef
309 1923 55 27 ton,
377 1919 84 29 about
473 1921 77 28 three
562 1931 79 27 years
653 1933 60 24 aeo,
727 1934 30 18 as

193 1954 153 34 engineer's
359 1961 74 24 mate
446 1958 28 28 in
487 1968 17 18 a
516 1959 63 35 gold
592 1960 83 30 mine.

126 1990 67 28 Miss
217 1991 91 29 Janet
338 1994 118 34 Michie,
480 1996 54 29 last
557 1997 85 30 heard
673 1999 30 28 of
729 2004 30 24 at

194 2029 192 36 Qneenstown,
401 2032 186 37 Invercargill.

125 2066 107 31 Victok
243 2069 142 33 Godfrey,
395 2071 62 29 who
467 2072 51 29 has
531 2073 67 30 been
612 2074 146 31 addressed

195 2111 27 22 to
246 2107 152 33 Auckland,
423 2109 50 29 but
492 2118 100 22 cannot
610 2112 34 29 be
665 2114 92 28 traced

191 2143 86 29 there.

346 2181 39 32 H.
406 2185 33 30 G.
459 2184 226 40 YOUNGMAN,

542 2227 177 29 Postmaster.

271 2308 342 38 NOTIFICATION.

377 2529 113 21 MESSRS.

118 2562 416 62 HALLbNSTEIN
588 2570 162 58 BROS.

134 2632 98 31 Desire
245 2639 28 25 to
286 2635 102 32 inform
401 2637 46 31 the
461 2639 134 32 residents
609 2642 30 30 of
656 2643 80 39 Lyeli

186 2674 55 29 and
254 2677 184 37 surrounding
450 2678 120 31 districts
588 2681 61 30 that
667 2693 16 18 a

153 2719 227 31 RETAIL
473 2723 244 35 BBANCH

377 2767 35 25 OF'
429 2771 58 23 THE

255 2799 114 40 NEW
392 2802 224 42 ZEALAND

118 2848 308 84 Clothing
457 2856 299 82 Factory

342 2950 86 26 JUJL
436 2953 83 21 BERN

119 2989 146 56 Opened
282 2993 36 41 in
345 2995 90 42 New
457 2995 192 55 Buildings
667 3012 86 28 near

121 3245 43 27 All
179 3247 108 27 Goooda
301 3257 45 19 are
361 3250 112 29 Marked
492 3252 28 28 in
543 3254 76 29 Plain
640 3241 116 51 Figure!

419 3290 42 29 for

398 3337 134 38 CASH
582 3341 170 41 ONLY!

118 3416 61 35 Any
193 3418 93 27 article
306 3421 164 34 purchased,
484 3424 55 26 and
552 3429 50 23 not
614 3429 138 34 approved

116 3457 36 26 o(,
179 3454 53 28 will
257 3454 33 30 be
315 3458 159 36 exchanged
499 3461 67 30 with
598 3462 47 31 the
676 3474 76 22 same

116 3499 129 31 Cuartesy
261 3495 62 28 with
341 3498 87 27 which
441 3504 21 22 it
475 3509 57 19 was
550 3501 68 33 sold,
631 3513 32 18 or
672 3504 26 28 if
706 3504 30 29 de-

177 3532 70 28 sired
261 3533 46 28 the
320 3543 101 27 money
436 3537 54 28 will
504 3537 33 30 be
550 3540 138 30 returned.

118 3567 58 30 The
190 3580 108 21 success
312 3572 90 31 which
416 3574 51 31 has
480 3578 129 30 attended
623 3579 47 30 the
686 3581 67 30 New

152 3608 119 30 Zetland
298 3612 131 36 Clothing
454 3615 142 37 Factory's
627 3619 92 29 Retail

186 3647 141 31 Branches
353 3651 26 27 in
413 3651 138 39 Dunedin,
580 3655 89 32 Christ-

221 3687 114 32 church,
363 3690 176 38 Wellington,
559 3695 71 28 Auck-

255 3726 75 29 land,
344 3727 54 28 and
417 3729 79 28 other
516 3734 98 33 towns,

285 3764 75 30 leads
367 3765 46 30 the
420 3769 166 37 proprietors

326 3810 28 22 to
367 3805 104 30 believe
484 3808 62 28 that

353 3842 77 31 there
436 3845 84 30 exists

428 3894 17 17 a

116 3923 253 46 Praiseworthy
381 3927 109 35 desire
503 3935 45 28 on
558 3930 59 35 the
629 3935 78 39 part
719 3935 37 34 of

167 3970 58 34 the
238 3972 117 40 public
367 3976 36 31 to
416 3982 190 36 encourage
618 3980 87 33 New

248 4016 154 34 Zealand
424 4019 202 37 Industries,

118 4064 157 38 Especially
289 4068 90 29 where
392 4071 123 35 superior
527 4073 166 36 advantages
704 4086 47 20 are

153 4103 110 34 offered,
278 4106 54 28 and
350 4116 69 28 your
431 4113 113 33 support
557 4112 22 27 is
592 4112 125 32 solicited

222 4153 35 20 on
271 4144 54 30 this
344 4146 216 40 understanding
572 4152 75 36 only.

209 4196 36 32 T.
264 4196 438 51 BLENNERHASSETT,

317 4243 132 35 Manager
462 4246 138 39 Westport
613 4250 119 30 Branch.

287 4320 96 30 Stocks
397 4325 27 25 to
438 4323 82 29 select
533 4325 69 30 from
615 4327 27 29 in
656 4329 36 28 all
701 4339 49 19 our

115 4356 152 30 Branches.
304 4360 86 28 NOW
409 4362 109 33 OPEN,
544 4365 54 28 and
617 4366 47 28 the
682 4369 67 35 only

262 4396 111 29 address
386 4398 28 28 in
429 4398 138 39 Westport
579 4403 23 28 is

116 4445 90 40 New
214 4448 179 49 Buildings
403 4461 85 29 near
497 4452 139 48 Empire
645 4457 105 39 Hotel

117 4543 245 38 CALENDAR
379 4550 91 33 FOR
487 4553 94 31 THE
607 4553 137 35 WEEK

272 4634 324 27 JANUARY.FEBRUARY.

200 4682 103 21 PHASES
316 4684 33 20 OF
363 4685 55 20 THE
432 4687 83 20 MOON.
527 4682 3 28 I
578 4692 18 18 ,a

155 4742 2 22 i
359 4742 26 20 D.
407 4743 28 20 H.
449 4744 30 20 M.

190 4768 134 31 N,Moon-
362 4774 16 25 5
413 4774 15 27 7
444 4775 86 30 16im|
569 4781 8 6 '

192 4808 97 36 Fst.Qr
317 4827 7 5 -
346 4811 32 28 13
398 4812 32 28 13
443 4812 80 39 57pm

192 4847 127 30 Fl.Moon
344 4851 34 27 20
413 4851 109 37 717pm
527 4842 3 46 I
569 4851 24 20 M
682 4853 12 20 o

193 4885 97 34 Lst.Qr
315 4889 61 25 -27
413 4889 12 25 1
458 4891 71 36 4piu;
551 4899 67 19 h.m.
664 4901 27 19 h.

150 4972 16 23 0
186 4972 2 35 ;
226 4972 136 35 Saturday

141 5007 23 28 11
185 5007 3 40 '
226 5008 112 39 Sunday

152 5048 10 26 1
185 5047 2 45 |
227 5047 122 37 Monday

149 5086 16 25 2
185 5080 2 42 |
225 5084 127 38 Tuesday

149 5123 15 28 3
185 5123 1 41 \
225 5124 174 40 Wednesday

148 5163 15 26 4
224 5162 144 38 Thursday

149 5201 15 27 5
184 5191 2 40 I
226 5201 100 29 Frdav
350 5195 5 5 '

550 4980 68 25 455
668 4999 6 6 .
716 4999 14 7 ~

549 5016 69 30 456
663 5018 16 29 7
715 5019 16 28 4

550 5057 69 27 457
663 5058 16 26 7
715 5060 16 25 3

550 5094 16 26 4
585 5095 33 27 59
639 5094 2 30 I
664 5096 15 27 7
717 5097 12 27 1

550 5134 69 26 50
661 5134 18 29 7
714 5136 18 27 0

550 5172 16 25 5
603 5172 13 26 1
639 5172 3 40 j
663 5173 15 27 7
698 5174 33 27 59

551 5211 16 26 5
602 5211 16 26 2
639 5200 2 40 !
663 5211 15 28 7
698 5212 33 28 58

263 5270 191 31 NOTI
493 5275 20 29 C
550 5277 23 28 E
595 5298 6 8 .

312 5356 8 25 I
348 5351 83 30 .VE
446 5352 22 26 L
482 5352 23 27 L
557 5352 35 29 r

623 5354 124 32 IMES

114 5421 57 30 Can
195 5421 32 30 be
249 5422 128 33 obtained
401 5425 118 38 through
543 5429 46 29 the
610 5430 137 38 following

113 5466 95 27 agents
223 5462 59 29 who
298 5464 53 28 will
365 5466 58 27 also
435 5468 102 28 receive
560 5470 53 26 and
632 5470 114 29 forward

113 5499 92 28 orders
217 5501 42 27 for
272 5501 232 31 Advertisements
513 5515 30 19 or
553 5506 185 33 Subscribers:

150 5536 239 33 MnrchisonMr
406 5541 29 30 It.
451 5541 97 31 M'Nee

148 5576 218 39 Westport-Mr
378 5580 53 29 Job
445 5581 32 30 L.
492 5581 117 33 Mnnsoa

148 5614 197 33 lteefton-Mr
358 5619 114 30 Charles
485 5622 94 29 Cohen

148 5654 186 33 NelsonMr
347 5658 42 30 W.
404 5659 37 30 H.
455 5659 78 32 West

148 5695 254 36 GreymouthMr
413 5699 26 28 J.
455 5700 41 28 W.
513 5701 152 29 Parkinson

241 5772 95 30 Terms
350 5783 32 19 of
398 5778 203 29 Hubhchiption
612 5788 5 18 :

110 5808 51 30 Per
174 5810 124 33 Annum,
307 5814 26 27 in
349 5813 119 32 advance
602 5819 36 28 11

963 190 118 32 Public
1102 192 152 32 Notices.

880 398 148 30 MAIL
1091 398 247 33 NOTICE*

795 490 109 31 mH
923 493 94 30 Lettef
1029 495 58 29 Box
1100 495 55 30 will
1169 496 33 29 be
1215 496 107 31 cleared
1331 498 41 29 for
1378 498 49 29 the

802 534 36 20 -*-
882 532 130 38 despatch
1037 535 30 29 of
1090 535 239 37 Correspondence
1354 538 71 29 from

793 571 46 26 the
852 571 77 34 Lyell
947 571 85 28 Office
1054 578 29 22 to
1102 574 46 27 the
1167 574 138 37 following
1321 576 101 35 places,

793 607 53 30 and
862 607 80 31 Mails
954 611 96 34 arrive,
1063 619 30 20 as
1112 611 87 30 under
1211 620 42 20 :

1025 671 151 23 outwards
1186 673 6 21 :

829 710 54 28 For
912 710 147 38 Westport,
1091 711 163 38 Inangahtta
1283 710 133 34 Junction
1416 710 1 39 1
1419 737 6 11 ,

795 748 153 33 Cronadun,
971 750 170 35 Boatman's,
1165 752 126 33 Reefton,
1313 750 55 32 and*
1387 755 38 27 all

794 787 130 28 southern
943 789 242 36 correspondence:
1207 790 123 38 Sunday,
1344 792 60 28 Wed-

795 825 103 38 nesday
911 826 54 29 and
979 824 110 40 Friday,
1103 833 29 24 at
1144 830 18 28 9
1173 834 64 24 a.rri.

829 865 55 27 For
906 865 115 29 White's
1043 866 90 34 Point,
1153 866 72 30 Fern
1247 864 73 36 Flat,
1342 869 83 28 Owen

796 901 90 36 River,
907 903 112 34 Nelson,
1041 905 54 29 and
1116 901 37 33 all
1173 906 131 30 northern
1325 917 86 19 corres-

794 941 139 35 pondence
943 950 5 19 :
969 943 135 36 Tuesday,
1117 945 145 35 Thursday
1270 946 54 26 and
1334 946 76 27 Satur-

795 977 63 38 day,
871 982 29 26 at
914 980 59 29 1.30
986 990 65 28 p.m.

829 1018 54 28 For
889 1019 158 29 Melbourne
1054 1021 54 28 and
1115 1021 156 30 Australian
1285 1023 141 28 Colonies:

795 1056 181 37 Wednesday,
990 1062 29 24 at
1030 1060 16 27 9
1059 1068 65 19 a.m.

995 1120 84 19 mails
1104 1121 119 20 arrive:

829 1156 81 28 From
935 1157 27 29 W
963 1157 7 12 r
971 1162 111 32 estport,
1103 1159 162 35 Inangahna
1285 1156 142 37 Junction,

795 1194 333 36 Cronadun,Botman's,
1136 1198 123 32 Reefton,
1267 1199 62 28 Ac.:
1344 1200 66 28 Tues-

795 1232 61 36 day,
871 1232 144 38 Thursday
1028 1234 53 29 and
1097 1235 145 38 Saturday,
1256 1242 26 23 at
1297 1239 16 26 2
1326 1247 66 27 p.m.

828 1270 83 28 From
934 1272 117 28 White's
1069 1273 90 33 Point,
1174 1274 69 27 Fern
1258 1275 71 33 Flat,
1343 1277 84 26 Owen

795 1307 90 33 River,
899 1308 112 35 Nelson,
1026 1311 63 27 <fcc.:
1110 1310 122 38 Sunday,
1244 1312 183 38 Wednasday,

795 1345 53 29 and
863 1345 110 37 Friday,
986 1352 30 24 at
1028 1350 62 26 9.30
1102 1359 65 17 a.m.

828 1384 84 29 From
925 1385 148 38 Longford,
1087 1387 170 31 Murchison,
1271 1388 55 30 and
1340 1389 68 29 Mata-

794 1421 100 31 kitaki:
914 1424 175 39 Wednesday
1101 1426 55 28 and
1180 1427 121 38 Sunday,
1315 1432 29 25 at
1366 1430 63 28 9.30

830 1538 213 29 N.B.Letters
1065 1541 159 35 containing
1242 1543 136 35 anything
1400 1543 29 28 of

794 1575 79 31 value
886 1576 97 30 should
997 1576 31 31 be
1042 1578 110 31 handed
1162 1583 28 27 to
1199 1580 47 31 the
1259 1580 169 31 Postmaster

795 1619 26 23 to
840 1615 32 29 be
884 1617 158 35 registered.

827 1653 109 31 Letters
948 1656 161 38 containing
1127 1657 72 35 coin,
1218 1658 24 29 if
1259 1658 97 38 posted
1376 1668 33 19 un-

793 1693 154 34 registered,
960 1694 55 28 will
1028 1695 33 27 be
1075 1697 193 36 compulsorily
1280 1698 147 35 registered

793 1729 54 29 and
860 1730 118 37 charged
991 1731 99 31 double
1103 1734 173 35 registration
1288 1735 51 30 fee.

829 1769 102 37 Money
944 1771 95 34 Order,
1054 1773 116 33 Savings
1192 1774 89 34 Bank,
1295 1774 55 28 and
1373 1775 36 28 Go-

793 1812 145 23 vernment
958 1808 150 30 Insurance
1127 1810 132 30 Business
1271 1813 155 28 transacted

793 1854 35 19 on
842 1845 75 30 week
929 1846 68 38 days
1009 1847 70 30 from
1093 1851 16 26 9
1122 1858 64 20 a.m.
1200 1850 42 29 till
1255 1851 16 28 4
1284 1860 77 28 p.m.,
1372 1851 55 30 and

793 1893 36 19 on
842 1884 151 39 Saturdays
1006 1887 41 28 till
1061 1889 16 26 5
1089 1897 66 27 p.m.

1019 1938 39 28 H.
1078 1939 34 29 G.
1130 1940 225 36 YOUNGMAN,

1213 1979 177 29 Postmaster.

1000 2060 218 33 LUCAS'S

865 2131 251 31 ELSONAND
1143 2135 122 31 WEST
1290 2138 135 29 COAST

874 2355 130 42 YEAR
1024 2359 124 40 BOOK
1168 2361 54 40 for
1242 2364 96 38 1886.

788 2490 167 38 Containing
977 2494 124 30 valuable
1123 2496 188 32 information.
1359 2500 61 29 The

840 2529 67 30 Best
919 2531 110 30 Garden
1042 2534 136 29 Calendar
1190 2545 65 20 ever
1266 2537 101 29 issued.

788 2588 52 39 On
868 2587 79 43 Sale
974 2595 38 36 at
1037 2594 99 47 Lyell
1164 2596 115 40 Times
1307 2598 112 41 Office.

809 2688 105 28 BANK
931 2690 49 28 OF
999 2691 89 28 NEW
1110 2694 126 29 SOUTH
1255 2696 141 29 WALES.

802 2811 71 33 AN
887 2810 98 33 Officer
1001 2813 71 32 from
1085 2817 48 28 the
1152 2815 139 42 Westport
1307 2821 113 30 Branch

881 2865 31 30 of
921 2865 55 32 this
986 2867 104 32 BANK
1098 2869 57 31 will
1162 2872 65 29 visit
1233 2873 79 38 Lyell
1319 2874 44 30 for
1373 2875 48 31 the

785 2925 117 28 purpose
914 2918 29 29 of
954 2921 170 37 transacting
1138 2923 137 29 General
1286 2925 135 29 Banking

785 2966 148 38 Business,
968 2979 36 22 on
1039 2972 217 40 THURSDAY,
1286 2976 49 32 the
1371 2978 49 32 4th

785 3019 214 38 FEBRUARY,
1018 3026 55 28 and
1085 3028 107 28 remain
1205 3029 43 28 till
1263 3030 155 36 FRIDAY,

783 3072 136 38 morning,
933 3074 47 29 sth
992 3072 149 43 February,

783 3150 77 32 THE
892 3155 192 33 NATIONAL

787 3333 121 56 TpHIS
923 3333 105 30 BANK
1033 3337 57 28 will
1096 3338 33 28 be
1136 3338 155 31 aRENED
1304 3344 30 28 to
1346 3342 78 31 BUY

875 3386 101 32 GOLD
997 3388 55 31 and
1071 3391 194 33 TRANSACT
1283 3395 138 31 General

785 3436 176 31 BANKING
989 3437 190 35 BUSINESS
1211 3448 30 26 at
1273 3445 82 39 Lyell
1385 3457 36 20 on

784 3489 211 37 SATURDAY,
1020 3494 48 28 6th
1093 3492 215 40 FEBRUARY,
1333 3497 90 31 irodet

783 3539 50 31 *he
863 3541 100 39 charge
993 3543 33 31 of
1048 3544 51 31 the
1129 3546 119 33 Reefton
1278 3549 145 41 Manager,

784 3594 30 29 &
831 3595 98 31 Lewis.

1082 3638 44 30 W,
1146 3640 171 38 DYMOCK,

1235 3702 152 36 Inspector.
