4208 6014
105 237 30 21 as
145 228 54 31 had
207 228 65 31 boon
286 230 142 40 proponed,
439 241 146 21 enormous
595 231 148 39 quantities

106 270 28 25 of
157 270 61 26 lu;;<i
240 280 30 16 as
289 280 16 16 a
318 271 88 27 bonus
425 272 43 26 for
488 272 38 26 its
547 272 194 26 construction.

106 305 90 30 There
216 315 56 20 was
293 315 78 21 some
385 308 104 30 chance
503 307 30 31 of
550 307 45 30 tile
618 308 125 38 proposal

107 345 81 30 made
210 345 53 30 last
285 347 104 29 session
402 347 84 36 being
505 347 102 29 carried
620 354 56 26 out,
695 345 48 30 but

107 383 35 28 he
156 383 89 37 hoped
258 385 21 27 it
295 385 88 28 would
398 390 48 24 not
459 385 41 33 be,
514 385 48 28 but
583 385 60 28 that
662 385 79 28 when

108 421 47 31 the
177 422 55 30 line
254 432 56 21 was
324 423 80 31 made
417 425 22 28 it
453 423 91 31 would
563 423 32 30 be
614 423 81 30 made
708 422 35 38 by

108 461 47 28 the
183 461 197 28 Government.
427 463 45 28 He
496 463 134 34 certainly
651 462 92 27 would

108 497 34 31 be
155 498 28 29 in
196 498 76 30 favor
284 499 33 30 of
326 509 35 19 no
374 499 79 30 other
470 502 193 36 arrangement
675 498 68 30 than

109 536 61 30 that
191 538 29 28 uf
240 538 46 30 the
299 539 106 36 Colony
417 540 138 36 fathering
577 540 45 29 the
644 538 101 29 line.—

113 576 166 36 (Applause.)
335 576 88 28 There
462 587 71 18 were
568 585 63 19 now
669 585 74 19 some

110 612 125 32 hundred
259 613 81 32 miles
366 615 29 29 of
417 615 189 31 Government
632 615 112 37 railway

110 653 62 29 that
195 663 57 19 was
276 654 30 28 of
327 654 71 28 little
419 663 49 20 use
489 655 89 28 which
600 653 92 29 would
712 654 33 28 be

112 691 191 39 continuously
316 691 65 30 used
395 691 23 30 if
428 691 61 31 that
503 693 56 29 line
571 702 71 20 were
656 691 88 34 made,

110 729 56 29 and
189 730 64 29 that
275 740 56 19 was
356 740 36 19 an
415 731 152 36 important
591 735 102 24 matter
715 734 29 24 to

109 766 66 30 bear
200 767 31 27 in
249 767 87 28 mind.
372 767 79 37 They
472 771 74 25 must
565 771 46 24 not
632 766 64 28 look
715 769 28 25 to

110 803 160 32 immediate
282 803 86 33 direct
381 809 134 35 payment
533 804 68 31 from
618 804 46 31 the
682 804 49 30 rail-

110 853 85 27 ways.
240 844 87 30 There
351 855 70 18 were
446 854 88 27 many
559 844 117 32 indirect
700 844 29 29 ad-

112 886 131 33 vantages
256 882 66 38 they
334 892 67 27 gave
414 886 28 26 to
456 883 50 29 the
519 882 116 37 Colony,
648 881 55 29 and
715 891 31 19 so

113 921 65 37 long
190 931 30 20 as
232 921 66 38 they
310 922 104 37 opened
428 931 37 29 up
480 930 60 21 new
553 926 125 31 country,
691 920 56 30 and

113 961 47 27 the
185 960 105 36 Colony
315 961 80 27 could
414 966 46 31 get
484 969 101 28 money
606 963 29 25 at
658 961 17 26 4
698 968 48 28 per

114 1001 71 34 cent,
204 997 47 33 the
264 997 105 40 Colony
388 997 79 33 could
486 1003 48 26 not
553 1008 33 29 go
604 1007 96 29 wrong
716 997 29 31 in

115 1037 115 37 making
248 1038 90 29 works
351 1038 60 29 that
434 1039 90 28 would
546 1043 114 23 connect
673 1038 73 34 large

112 1076 201 28 communities.
367 1076 78 36 They
480 1075 91 29 would
607 1074 134 29 therefore

113 1112 170 32 understand
296 1113 72 31 from
381 1114 75 30 what
479 1114 34 30 he
533 1113 55 31 had
609 1112 58 32 said
686 1112 61 30 that

115 1152 34 30 he
167 1152 91 29 would
277 1153 61 34 give
359 1152 43 29 his
424 1156 112 33 support
561 1151 119 29 towards
699 1152 47 28 the

115 1191 186 30 construction
313 1190 31 30 of
354 1190 47 29 the
414 1191 68 29 East
495 1190 53 29 and
569 1190 77 30 West
665 1189 82 30 Coast

115 1229 133 36 Bailway.
284 1230 43 27 On
339 1228 48 29 the
404 1229 127 36 question
544 1229 30 28 of
584 1228 162 34 borrowing,

115 1266 35 32 he
164 1265 54 32 had
230 1265 85 31 heard
327 1266 55 29 and
400 1276 65 20 seen
488 1267 24 35 it
529 1266 89 30 stated
630 1267 30 28 in
672 1265 75 39 print

114 1305 62 30 that
194 1306 22 29 it
237 1314 56 21 was
305 1305 48 29 the
365 1306 137 28 intention
515 1305 31 30 of
557 1305 46 28 the
625 1305 103 28 Govern-

114 1347 79 26 ment
213 1347 28 25 to
261 1343 105 29 borrow
386 1343 105 37 largely
503 1344 42 27 for
566 1344 46 27 the
634 1342 64 28 sake
720 1342 29 29 of

115 1376 162 44 borrowing.
313 1381 46 30 He
381 1381 80 30 could
473 1390 93 21 assure
588 1380 78 31 them
687 1380 60 31 that

117 1422 21 28 it
150 1431 56 19 was
218 1425 48 25 not
279 1431 29 19 so
310 1425 82 24 —not
403 1420 42 29 for
456 1420 47 29 the
516 1420 65 30 sake
595 1420 31 29 of
630 1420 99 30 borrow-

116 1458 63 38 ing;
198 1458 48 29 but
258 1458 34 29 he
306 1458 118 35 thought
437 1458 46 28 the
503 1462 110 33 present
625 1458 103 28 Govern-

115 1501 79 27 ment
205 1497 91 34 would
308 1500 49 26 not
369 1496 84 30 flinch
466 1497 70 29 from
551 1496 47 30 the
611 1497 119 37 responsi-

116 1535 80 38 bility
207 1536 32 29 of
251 1536 151 35 borrowing
420 1535 67 28 such
500 1545 16 18 a
529 1544 61 19 sum
614 1545 30 18 as
656 1535 91 28 would

117 1573 35 30 do
176 1574 69 37 good
269 1580 28 24 to
321 1573 47 30 the
392 1581 115 30 country
532 1573 25 29 if
581 1572 167 31 Parliament

117 1613 158 28 sanctioned
289 1613 45 28 the
346 1613 95 28 works.
445 1613 202 36 —(Applause.)
685 1611 62 28 And

117 1651 47 29 the
189 1652 187 28 Government
395 1650 91 29 would
510 1654 48 25 not
578 1650 116 29 hesitate
721 1654 26 24 to

118 1690 46 38 lay
183 1690 88 31 before
286 1690 167 31 Parliament
465 1700 15 19 a
502 1689 107 30 scheme
632 1689 30 30 of
680 1688 65 30 such

117 1729 88 27 Works
218 1738 29 18 as
262 1728 98 27 should
380 1729 31 26 be
424 1737 67 26 gone
505 1737 36 17 on
559 1728 76 31 with,
655 1727 88 27 which

118 1766 64 39 they
195 1765 78 31 could
286 1768 93 37 accept
391 1775 30 21 or
434 1765 100 39 reject;
553 1764 48 32 but
614 1764 21 30 it
656 1763 89 31 would

117 1806 33 28 be
162 1817 17 17 a
191 1807 108 27 scheme
312 1806 89 28 which
416 1806 45 28 the
478 1807 186 26 Government
677 1814 69 18 ware

117 1843 132 37 prepared
262 1848 28 24 to
303 1843 78 28 stand
395 1852 30 19 or
439 1842 47 29 fall
498 1842 45 37 by,
557 1842 55 29 and
621 1841 30 29 of
661 1840 84 29 which

118 1883 67 36 they
199 1881 89 31 would
301 1888 49 25 not
360 1883 32 28 be
402 1881 139 30 ashamed.

134 1971 235 30 WHISTLER'S
391 1972 91 32 LAST
505 1971 225 31 WRESTLING

359 2018 140 29 MATCH.

153 2106 155 34 According
336 2109 29 25 to
400 2106 47 28 the
478 2105 111 37 Sydney
625 2105 125 37 Evening

119 2153 83 31 News
228 2154 130 30 Clarence
388 2154 154 30 Whistler's
571 2154 94 30 illness
694 2164 56 20 was

119 2202 118 37 brought
261 2203 83 28 about
367 2202 37 37 by
428 2202 43 28 his
496 2211 61 20 own
572 2202 76 37 folly.
693 2202 36 28 Im-

120 2248 150 39 mediately
284 2250 68 29 alter
365 2248 42 34 his
419 2249 94 29 match
531 2248 67 30 with
612 2248 91 30 Miller
713 2248 35 30 he

118 2298 67 28 took
199 2302 28 24 to
242 2297 127 38 drinking
381 2307 67 27 very
467 2297 97 37 heavy,
578 2297 54 28 and
644 2297 65 38 kept
725 2297 25 31 it

122 2354 37 28 up
171 2346 41 27 for
225 2345 76 28 three
311 2344 98 29 weeks.
446 2345 43 28 On
503 2345 122 36 Sunday,
635 2344 116 29 October

125 2392 42 33 11,
180 2391 34 29 he
228 2391 87 29 called
327 2401 75 28 upon
414 2392 49 28 Dr.
487 2392 111 36 Stirling
611 2391 54 29 and
677 2401 54 19 com-

121 2439 110 38 plained
240 2439 61 30 that
310 2439 33 29 he
353 2449 56 19 was
420 2449 65 28 very
494 2440 63 28 bad.
593 2439 58 29 The
659 2439 92 30 doctor

122 2486 144 31 examined
285 2486 58 30 him
358 2496 64 28 very
436 2486 140 39 carefully,
595 2486 155 31 discovered

121 2537 62 27 that
201 2537 35 27 he
255 2535 55 29 had
330 2545 91 19 severe
440 2535 204 28 inflammation
656 2536 31 28 of
703 2535 47 29 the

122 2582 74 36 right
217 2582 75 35 lung,
312 2581 53 29 and
379 2580 111 30 advised
514 2581 59 28 him
593 2585 29 25 at
644 2589 66 21 once
723 2585 27 25 to

121 2631 46 36 lay
188 2640 45 28 up,
256 2631 40 28 for
319 2631 22 28 it
362 2640 55 19 was
427 2629 114 31 evident
563 2629 59 30 that
642 2629 48 30 the
710 2631 26 28 in-

121 2678 172 31 flammation
304 2688 56 19 was
367 2678 153 39 spreading,
529 2678 54 29 and
593 2678 47 29 the
649 2681 101 35 system

120 2728 139 37 generally
289 2737 55 18 was
373 2726 145 37 becoming
546 2726 134 37 seriously
709 2728 27 27 in-

120 2774 106 31 volved.
264 2773 45 31 He
333 2773 66 31 then
423 2773 65 30 took
510 2777 28 26 to
555 2773 61 36 bed,
636 2773 55 30 and
715 2783 35 21 on

119 2825 48 27 the
179 2823 140 36 following
331 2822 53 36 day
397 2832 56 18 was
465 2832 64 18 seen
539 2822 36 36 by
586 2824 40 26 I)r
637 2822 113 35 Stirling

117 2871 31 31 in
161 2878 136 29 company
317 2868 67 30 with
405 2868 50 29 Dr.
470 2868 96 31 James
588 2867 159 32 Robertson.

120 2916 131 30 Whistler
261 2916 58 29 told
331 2917 77 27 them
421 2917 31 27 of
460 2925 75 19 some
544 2921 46 23 ext
604 2917 147 36 aordinary

119 2963 70 29 feats
197 2963 34 28 he
242 2961 54 30 had
304 2961 152 38 performed
463 2961 100 37 during
572 2961 43 30 his
624 2962 128 37 drinking

120 3009 77 36 bout,
210 3009 54 29 and
277 3009 47 29 did
336 3013 50 25 not
405 3008 117 30 hesitate
540 3013 29 25 to
582 3020 48 25 say
644 3010 61 28 that
717 3011 35 27 he

120 3057 80 31 knew
212 3057 35 30 he
259 3056 80 30 could
352 3060 49 27 not
412 3056 63 30 live.
511 3056 46 31 He
579 3057 58 29 said
650 3057 35 30 he
705 3058 48 30 felt

121 3107 62 28 that
194 3106 34 28 he
241 3105 55 28 had
309 3104 84 29 killed
411 3104 115 29 himself.
563 3106 110 27 Twelve
687 3105 66 37 days

120 3151 72 30 later
212 3152 35 28 he
269 3150 147 38 developed
430 3154 153 34 symptoms
596 3151 30 29 of
644 3151 93 29 inflam-

120 3200 107 29 mation
247 3198 31 31 of
292 3198 44 30 his
358 3198 75 37 right
452 3198 52 38 leg,
518 3199 47 30 the
582 3203 132 28 .outcome
727 3199 31 30 of

120 3248 50 29 the
183 3247 166 38 pneumonic
367 3247 126 29 affection
511 3247 91 29 which
621 3257 68 24 gave
701 3247 53 29 rise

122 3291 28 25 to
174 3286 48 29 the
242 3285 87 30 alarm
350 3285 43 29 for
409 3285 43 29 his
472 3285 97 36 safety.
607 3285 146 35 However,

123 3325 48 28 the
183 3325 109 28 doctors
303 3328 47 32 got
362 3323 59 28 him
433 3333 64 19 over
518 3325 37 27 all
573 3324 64 32 this,
651 3325 54 27 and
717 3334 38 26 up

122 3367 30 25 to
176 3362 61 38 Cup
260 3361 63 38 Day
342 3361 36 30 he
397 3371 57 20 was
472 3362 162 38 apparently
657 3365 49 26 out
729 3362 30 29 of

123 3401 112 39 danger.
272 3402 43 29 On
329 3401 61 31 that
401 3401 129 36 morning
542 3401 36 30 he
591 3405 42 26 sat
651 3411 37 29 up
701 3401 54 30 and

124 3442 81 28 made
226 3450 18 19 a
262 3440 124 37 splendid
405 3440 72 33 meal
488 3441 30 28 of
528 3451 17 18 a
562 3440 125 33 chicken,
701 3441 55 28 and

124 3478 153 36 altogether
286 3478 98 28 looked
393 3478 96 28 better.
527 3478 40 28 Dr
576 3478 114 36 Stirling
699 3487 56 19 was

121 3526 33 20 so
175 3516 110 38 pleased
306 3516 68 29 with
388 3516 42 28 his
442 3515 106 38 patient
572 3516 62 30 that
652 3517 35 29 he
708 3516 49 30 felt

124 3554 139 30 confident
286 3554 31 29 of
335 3554 129 35 bringing
487 3554 58 28 him
566 3554 123 35 around;
708 3554 49 29 but

124 3593 71 29 later
217 3591 30 30 in
266 3592 47 29 the
334 3591 55 38 day
407 3591 36 30 he
464 3596 47 33 got
530 3602 16 19 a
567 3593 113 36 relapse,
703 3593 54 28 and

123 3631 74 29 from
218 3630 62 30 that
296 3634 125 25 moment
440 3630 35 29 he
487 3631 78 28 sank.
602 3631 55 29 His
679 3630 76 30 brain

124 3666 113 34 became
250 3669 124 35 affected,
387 3669 55 30 and
452 3669 35 30 he
499 3680 56 19 was
567 3673 138 27 comatose
717 3680 38 28 up

125 3713 29 24 to
175 3709 48 28 the
244 3708 70 28 hour
331 3709 31 27 of
369 3708 44 28 his
432 3708 92 27 death.
560 3709 55 27 His
627 3709 115 28 constitu-

126 3746 58 28 tion
205 3754 57 19 was
282 3745 163 36 completely
461 3744 107 31 .broken
587 3755 47 27 up,
656 3745 55 29 and
723 3746 34 28 he

126 3793 56 20 was
212 3793 16 20 a
261 3783 192 39 complication
484 3782 30 31 of
539 3782 141 37 diseases;
711 3783 47 30 the

127 3823 89 37 lungs,
238 3822 89 35 heart,
351 3822 125 37 kidneys,
500 3822 55 29 and
579 3823 37 29 all
640 3822 119 30 internal

127 3870 99 26 organs
250 3861 27 28 in
301 3860 56 29 fact
380 3859 83 37 being
486 3869 76 23 more
587 3871 30 18 or
640 3861 54 29 less
717 3861 27 28 in-

127 3899 106 30 volved.
270 3898 141 34 Whistler,
420 3898 132 37 knowing
571 3899 62 30 how
647 3899 112 38 terribly

128 3937 36 29 he
185 3937 55 28 had
261 3937 146 29 overtaxed
420 3937 43 28 his
475 3938 123 32 strength
621 3937 55 28 and
696 3948 46 18 con-

129 3975 135 35 stitution,
287 3984 67 27 gave
376 3972 114 32 himself
500 3984 37 29 up
550 3975 69 29 from
642 3975 46 30 the
701 3975 60 30 first

130 4014 54 38 day
212 4014 36 29 he
278 4014 48 30 felt
355 4011 39 32 ill.
438 4014 44 29 He
512 4015 57 28 also
598 4014 55 31 had
684 4024 76 20 some

130 4053 132 29 domestic
281 4052 128 33 troubles,
431 4053 30 27 of
475 4053 90 28 which
583 4053 35 27 he
640 4054 120 35 recently

124 4095 47 30 got
197 4099 73 19 news
291 4090 71 28 from
383 4089 135 28 America.
555 4090 87 27 These
655 4090 103 36 preyed

130 4136 67 29 very
211 4127 81 29 much
305 4136 73 28 upon
387 4127 43 28 his
443 4127 87 32 mind,
539 4127 63 35 and,
613 4127 147 35 doubtless,

130 4165 100 37 helped
247 4170 28 24 to
288 4165 79 35 bring
379 4165 82 28 about
480 4165 44 28 his
541 4166 136 34 untimely
696 4166 62 28 end.

132 4202 75 30 With
221 4203 96 37 regard
331 4207 27 24 to
371 4203 43 29 his
431 4203 203 37 extraordinary
652 4203 69 30 feats
735 4203 30 30 of

132 4242 134 36 strength,
280 4243 54 32 &c,
347 4252 43 19 we
400 4252 66 26 may
479 4242 123 29 mention
611 4242 59 29 that
680 4243 81 28 while

132 4280 35 28 he
191 4290 56 19 was
271 4280 128 36 drinking
420 4289 29 22 so
471 4280 109 36 heavily
599 4280 35 28 he
658 4281 104 28 several

132 4318 84 30 times
234 4318 76 30 lifted
332 4318 89 37 heavy
433 4318 85 29 tables
531 4318 66 29 with
617 4318 42 29 his
679 4318 83 35 teeth,

132 4356 112 29 chewed
263 4366 36 27 up
320 4356 76 29 thick
416 4356 110 37 glasses,
548 4357 54 27 and
615 4366 65 27 very
703 4367 44 26 pro-

133 4394 83 39 bably
245 4394 154 30 swallowed
428 4403 76 21 some
532 4395 32 29 of
590 4395 46 29 the
662 4395 100 29 broken

133 4435 81 36 glass.
252 4435 27 28 It
299 4434 25 29 is
345 4434 57 29 also
421 4433 58 30 said
500 4434 61 29 that
572 4433 35 30 he
619 4434 143 37 powdered

134 4483 76 19 some
235 4473 71 35 glass
330 4472 54 29 and
405 4472 88 29 drank
513 4473 23 28 it
553 4473 29 28 in
603 4482 16 19 a
640 4473 73 35 glass
738 4474 28 27 of

134 4511 169 39 champagne
315 4518 6 28 ;
339 4510 50 30 but
401 4510 76 30 there
489 4510 23 29 is
525 4519 36 20 no
574 4510 190 30 confirmation

134 4551 31 29 of
184 4550 68 30 such
283 4560 17 19 a
329 4549 97 37 daring
454 4549 195 37 performance.
686 4550 28 29 It
738 4550 24 28 is

134 4588 75 37 quite
222 4591 70 30 true,
306 4588 134 32 however,
454 4588 61 28 that
527 4587 34 29 he
574 4587 87 29 drank
675 4588 89 36 thirty

136 4626 99 29 bottles
257 4626 30 28 of
304 4625 171 37 champagne
499 4626 29 27 in
548 4635 50 19 one
623 4626 62 37 day,
710 4626 54 28 and

139 4664 63 29 took
226 4674 16 19 a
263 4664 105 28 shower
385 4664 64 29 bath
473 4664 69 28 after
562 4665 100 28 almost
685 4674 81 27 every

137 4703 94 28 bottle.
268 4703 56 28 The
346 4712 91 19 severe
457 4702 84 29 shock
554 4706 27 25 to
593 4703 47 28 the
662 4707 100 32 system

136 4742 71 28 from
220 4741 77 29 these
310 4740 105 29 shower
426 4740 80 29 baths
520 4740 54 29 had
587 4750 15 19 a
615 4745 76 32 great
704 4741 58 28 deal

137 4786 28 23 to
186 4779 34 30 do
239 4779 67 30 with
319 4778 125 38 bringing
456 4788 35 19 on
511 4778 46 30 the
576 4779 93 37 pleuro
682 4788 66 28 pneu-

137 4818 103 34 monia,
266 4819 29 28 in
318 4818 47 29 the
390 4818 111 36 opinion
527 4818 30 27 of
579 4818 45 29 the
648 4818 117 28 medical

137 4857 157 35 gentlemen
318 4856 62 29 who
405 4856 129 29 attended
558 4865 29 19 so
612 4856 154 36 constantly

137 4905 74 24 upon
224 4896 69 28 him.

160 4967 207 39 [Continuation
381 4967 30 30 of
422 4967 90 33 News,
527 4977 43 18 see
588 4966 49 29 4th
652 4966 93 39 Page.]

1288 81 116 47 THE
1458 83 186 41 LYELL
1699 79 184 47 TIMES,
1939 74 311 47 SATURDAY,
2304 74 251 55 JANUARY
2605 87 59 39 30,
2721 77 104 38 18S6.

936 217 135 44 Mining
1088 216 152 36 Notices.

770 296 145 33 United
934 298 141 29 alpine
1090 297 148 37 quartz
1257 296 145 28 mining

889 352 188 33 company,
1103 350 176 29 limited.

773 457 220 37 QIEPARATE
1007 454 176 29 TENDERS
1193 464 46 21 are
1246 452 105 31 invited
1360 452 42 28 for

774 483 43 35 D
856 507 48 30 the
917 506 144 30 SUPPLY
1073 505 30 31 of
1122 504 144 31 MINING
1280 503 122 31 GOODS

770 560 54 28 and
837 558 41 29 for
892 559 174 31 CARTING,
1079 567 31 19 as
1121 558 88 28 under
1217 565 42 20 :

805 610 116 32 1.-For
934 609 47 31 the
995 609 143 31 SUPPLY
1150 609 29 29 of
1189 605 145 33 MINING
1347 606 55 31 and

908 654 178 33 BATTERY
1104 656 122 29 GOODS
1242 656 44 29 for
1305 656 97 28 twelve

907 704 121 32 months.

805 758 117 27 2.—For
934 756 167 28 CARTING
1113 755 82 28 Plant
1207 754 56 28 and
1275 753 129 28 Material

908 803 70 30 from
988 802 141 38 WestporJ
1136 804 29 35 fa
1177 800 87 39 Lyell.

805 859 17 32 §
832 857 58 34 _p
892 866 30 24 pr
934 855 167 34 PARTING
1113 854 83 31 Plant
1207 854 56 28 and
1275 853 129 27 Material

908 903 69 29 from
995 901 80 39 Lyell
1095 905 29 27 to
1144 900 86 35 Mine,
1242 899 55 31 and
1315 903 29 27 to
1356 899 48 30 the

910 951 123 35 Battery.

807 1060 207 38 Specifications
1033 1059 54 28 and
1106 1059 162 33 Conditions
1288 1066 67 28 may
1371 1058 34 27 be

773 1123 63 22 seen
849 1116 29 27 at
889 1112 47 31 the
949 1112 166 39 Company's
1128 1110 91 35 Office,
1232 1108 66 33 Cliff
1313 1113 91 32 street,

807 1268 178 30 TENDERS
997 1267 58 30 will
1073 1268 32 29 be
1119 1265 196 36 RECEIVED
1329 1274 36 29 up
1377 1268 29 26 to

773 1322 16 27 4
812 1320 101 29 o'clock
936 1331 66 27 p.m.
1023 1330 37 23 pn
1079 1318 187 35 TUESDAY,
1284 1318 48 28 the
1351 1317 55 28 2nd

774 1374 52 38 day
840 1374 29 31 of
880 1370 215 36 FEBRUARY;
1110 1372 76 31 18G6.

809 1477 58 30 The
887 1477 96 30 lowest
1000 1486 32 21 or
1053 1486 56 29 any
1128 1475 96 31 tender
1244 1477 49 27 not
1313 1482 76 21 neces-

775 1530 83 36 sarily
872 1529 136 37 accepted.

1057 1589 122 31 JAMES
1198 1587 141 35 INGLIS,

1232 1640 140 37 Manager.

809 1696 88 37 Lyell,
911 1696 73 29 22nd
996 1697 133 35 January,
1142 1696 75 28 1886.

945 1767 119 35 Public
1082 1767 151 35 Notices.

833 1979 156 30 BULLER
1007 1977 151 30 COUNTY
1177 1976 174 30 COUNCIL.

1012 2093 45 19 are
1084 2082 161 30 INVITED
1275 2082 43 28 for
1346 2080 41 30 AL-

786 2137 35 10 -■
864 2134 213 33 TERATIONS
1118 2137 29 28 to
1188 2133 148 33 LEVELS
1379 2132 30 31 in

776 2190 109 29 CLIFF
924 2187 153 34 STREET,
1110 2187 56 28 and
1201 2185 207 36 FOOTPATH,

776 2242 94 39 Lyell;
889 2241 63 34 and,
967 2240 42 31 fox

810 2293 255 35 CONCRETING,
1076 2294 55 33 &c,
1143 2292 31 29 of
1179 2291 230 35 RESERVOIR,

777 2348 86 37 Lyell.

811 2451 83 30 Plans
914 2451 55 29 and
982 2449 203 39 Specifications
1205 2451 29 26 to
1256 2448 33 29 bo
1303 2456 65 27 seen
1380 2456 16 19 ft
1397 2449 12 26 t

778 2503 52 30 Mr.
861 2503 26 30 J.
918 2502 148 34 Fennell's,
1091 2500 96 40 Lyell;
1212 2500 58 31 and
1299 2499 110 37 County

777 2556 93 32 Office,
883 2556 146 35 Westport.

812 2660 176 29 TENDERS
1019 2658 129 34 CLOSE,
1172 2661 29 25 at
1231 2656 112 34 NOON,
1374 2665 35 19 on

778 2713 250 34 WEDNESDAY,
1076 2712 65 30 10th
1193 2709 216 35 FEBRUARY,

779 2766 76 33 188G,
870 2769 29 25 at
911 2764 47 30 the
970 2764 108 37 County
1090 2762 94 38 osce,
1197 2761 150 40 Westport,

1051 2818 35 28 E.
1106 2816 167 32 O'CONOR,

1095 2867 109 39 County
1216 2866 160 31 Chairman.

813 2923 147 34 Westport,
972 2923 61 26 2lßt
1045 2921 134 33 January,
1187 2921 76 27 1886-

325 5182 253 32 NOTICE.

154 5289 231 34 INANGAHUA
406 5288 150 30 COUNTY
579 5287 175 30 COUNCIL.

155 5397 94 30 TIHE
264 5394 98 30 RATE
376 5392 218 29 COLLECTOR
605 5392 56 28 will
672 5388 101 32 VISIT

148 5436 37 24 -*■
240 5445 189 33 HAMPDEN
444 5454 35 23 on
502 5444 216 34 FEBRUARY,
733 5444 41 28 Ist

138 5502 55 30 and
217 5501 48 30 Bth
292 5500 42 28 for
357 5499 47 28 the
428 5506 117 29 purpose
569 5497 30 28 of
626 5496 145 36 collecting

141 5559 81 27 rates.

174 5606 45 28 All
240 5604 120 28 RATES
379 5600 223 30 REMAINING
628 5599 148 28 UNPAID

140 5656 57 31 will
227 5655 32 30 be
291 5653 101 31 SUED
424 5652 73 30 FOR
525 5651 117 30 without
671 5648 105 31 further

140 5709 101 32 botice.

442 5758 27 29 J.
490 5758 34 27 G;
544 5755 158 33 HESLOPi

510 5808 69 28 Rate
593 5806 141 28 Collector;

174 5864 126 33 Reeftoc,
315 5863 124 34 January
451 5860 75 35 29th,
542 5861 76 27 1836.

973 2999 254 30 NOTICE.

806 3106 83 28 \LL
924 3104 196 30 ACCOUNTS
1150 3103 129 30 OWING
1308 3106 29 26 to
1366 3102 49 30 the

882 3155 279 30 UNDERSIGNED
1169 3154 104 30 MUST
1282 3154 34 29 be
1324 3153 91 29 PAID

783 3209 147 30 WITHIN
964 3208 77 30 ONE
1077 3206 138 32 MONTH
1242 3206 72 30 from
1343 3205 73 35 date,

781 3262 145 29 otherwise
951 3260 72 38 legal
1042 3260 175 38 proceedings
1317 3258 35 30 be
1375 3259 31 27 in

781 3314 114 29 stituted
907 3312 40 29 for
957 3321 139 26 rocovery.

818 3365 89 29 Those
919 3363 147 31 interested
1077 3362 57 30 will
1151 3363 91 39 please
1255 3364 94 37 accept
1361 3360 55 31 this

783 3429 30 19 as
826 3428 16 20 a
855 3418 67 30 final
931 3419 99 28 notice.

1011 3468 167 29 EDWARD
1197 3467 182 30 CARROLL.

818 3521 88 37 Lyell,
920 3521 125 36 January
1058 3521 74 33 30th,
1147 3521 75 28 1886.

848 3605 86 42 MR.
963 3605 49 39 H.
1044 3602 304 55 MARTINSON

797 3825 145 32 \aTILL
968 3824 103 29 VISIT
1099 3823 125 29 LYELL
1250 3822 100 37 during
1374 3821 48 29 the

803 3852 25 33 Y
838 3866 18 22 *
947 3875 174 30 ENSUING
1138 3873 125 31 WEEK.

788 4037 43 29 On
844 4036 100 29 arrival
957 4036 44 28 Mr
1012 4035 153 29 Martinson
1175 4034 56 28 will
1243 4033 33 30 be
1289 4033 133 37 prepared

834 4091 28 25 to
875 4090 111 25 execute
999 4086 37 28 all
1048 4085 83 28 kinds
1143 4085 31 35 0/
1183 4084 198 36 photographic

1059 4136 85 29 work.

790 4214 131 30 Children
934 4212 81 32 taken
1034 4212 37 38 by
1083 4212 210 30 instantaneous
1305 4219 117 31 process.

824 4365 82 30 Head
918 4363 97 35 §fcu(iio
1027 4371 6 20 :
1053 4362 145 36 Trafalgar
1213 4362 51 33 St.,
1276 4361 113 29 Nelson.

870 4450 49 38 G.
968 4449 44 38 C.
1058 4446 289 46 BOWMAN,

852 4545 231 34 UCTIONEER,
1103 4542 322 39 QHAREBROKER,

946 4655 112 28 Mining
1076 4662 57 19 and
1152 4653 118 29 Ginral

809 4722 336 33 COMMISSION
1211 4720 197 34 AGENT,

929 4801 171 32 Broadway,
1144 4798 144 29 Reefton.

854 4888 217 45 FORSYTH
1093 4890 27 36 &
1143 4885 231 47 MASTERS,

870 4954 217 32 THOLESALE
1113 4955 21 28 &
1162 4953 141 29 RETAIL
1320 4951 85 34 IRON-

1018 4992 191 34 MONGERS,

945 5043 169 31 Broadway,
1133 5040 144 32 Reefton,

797 5097 79 29 Have
889 5105 37 22 on
938 5093 75 30 hand
1031 5092 136 36 in?ported
1188 5091 85 28 direct
1290 5090 70 28 from
1382 5090 47 29 the

848 5135 91 29 Home
953 5132 130 33 markets,
1096 5139 15 20 a
1124 5130 88 33 Large
1225 5128 54 30 and
1294 5128 66 33 Well-

982 5170 121 31 assorted
1123 5168 83 31 Stock
1218 5168 31 30 of

797 5234 167 42 Builders'
979 5231 220 48 Furnishing,
1212 5229 137 49 Mining
1362 5229 69 38 and

903 5286 147 40 General
1072 5286 257 44 Ironmongery,

799 5355 99 30 Which
920 5354 66 35 they
1006 5361 45 20 are
1073 5349 131 39 prepared
1227 5353 29 24 to
1277 5349 49 28 sell
1347 5351 29 26 to
1388 5357 28 20 re-

811 5394 103 28 sidents
927 5393 29 28 of
966 5391 76 36 Lyell
1057 5394 29 24 at
1095 5388 150 36 extremely
1258 5388 51 27 low
1322 5388 98 36 prices.

801 5469 152 30 Bickford's
967 5469 80 32 Fuse,
1061 5461 91 34 ball's
1169 5466 125 33 Blasting
1308 5464 124 34 Powder,

801 5510 122 33 Octagon
937 5506 81 34 Steel,
1032 5506 91 27 Ames'
1146 5504 124 33 Shovels,
1292 5502 66 30 Pifek
1377 5502 56 29 and

802 5548 136 29 Hammer
951 5544 133 32 Handles,
1098 5542 55 35 &c,
1164 5548 95 31 agents
1271 5542 41 30 for
1321 5539 112 33 Nobel's

1037 5582 161 35 Dynamite.-

992 5620 132 32 Bedding.
1156 5619 112 33 Lamps*
1311 5617 122 37 Cutlery,

802 5661 171 38 Carpenters'
987 5658 91 32 Tools,
1096 5657 103 33 Paints,
1222 5655 66 35 Oils,
1310 5657 123 33 Colours,

940 5699 93 35 Fancy
1046 5697 89 30 Ware,
1149 5697 62 33 &c.;
1230 5697 66 31 also,

807 5735 21 32 A
842 5738 87 35 Large
941 5737 175 30 Assortment
1133 5736 29 29 of
1180 5734 165 34 Galvanised
1357 5734 77 34 Irfin,

906 5777 143 27 Bessemer
1062 5774 53 27 and
1135 5774 102 35 Plough
1255 5773 77 29 Steel

992 5812 102 28 WIRE
1116 5812 126 28 ROPES.

907 5852 60 29 SSS
997 5852 174 28 OCTAGON
1200 5850 130 31 SIEEL.-

1606 213 119 35 Public
1749 212 151 33 Hjfcices.

1515 297 47 29 TO
1582 296 122 29 STAND
1724 293 90 30 THIS
1835 289 153 32 SEASON.

1496 400 23 30 T
1534 399 176 30 M'Ginley's
1731 397 95 35 Farm,
1846 394 56 31 and
1926 390 146 39 travelling

1480 432 4 38 k
1531 445 29 23 to
1586 440 101 27 Totara
1712 438 72 32 Flat,
1802 435 122 31 Ahaura,
1950 432 120 29 Twelve-

1575 476 76 34 Mile,
1665 473 55 31 and
1742 473 192 37 Up-Country,

1487 538 60 29 The
1559 537 149 32 Pure-bred
1721 534 161 39 Clydesdale
1893 532 127 35 Stallion,

1475 995 138 31 Glennar
1633 995 23 30 is
1678 1005 16 23 a
1717 994 94 38 bright
1828 993 64 39 bay,
1905 991 68 36 with
1997 989 79 33 black

1443 1036 100 34 points,
1556 1037 16 25 3
1585 1044 78 26 years
1682 1035 55 28 old.
1774 1034 101 28 Stands
1898 1034 32 27 113
1952 1032 88 28 hands
2061 1033 15 25 3

1440 1072 103 33 inches,
1568 1070 126 38 splendid
1717 1071 70 32 boqe
1811 1070 56 33 and
1886 1070 113 32 muscle,
2020 1068 55 29 and

1440 1110 87 37 grand
1539 1112 101 31 action,
1660 1113 45 30 got
1717 1109 37 37 by
1777 1108 98 37 Scotch,
1896 1105 72 36 Jfock
1981 1107 37 38 by
2032 1107 43 29 Sir

1442 1149 79 28 Colin
1534 1148 141 37 Campbell
1687 1148 37 35 by
1734 1148 75 36 King
1820 1148 111 35 Fergus.
1967 1147 109 27 Dam—

1443 1187 71 37 Gyp,
1533 1187 38 36 by
1589 1187 88 36 Royal
1701 1186 167 36 Conqueror,
1887 1184 138 38 imported
2049 1187 27 26 to

1442 1225 68 28 New
1522 1225 120 28 Zealand
1655 1225 36 35 by
1703 1225 48 27 the
1764 1225 75 28 Hon.
1860 1224 45 27 Mr
1923 1223 150 28 Robinson.

1442 1262 74 31 Took
1528 1263 60 29 first
1600 1264 70 30 class
1683 1263 73 36 prize
1770 1266 29 25 at
1807 1272 51 19 one
1868 1261 56 29 and
1936 1265 54 24 two
1999 1269 77 28 years

1442 1305 29 25 at
1483 1301 89 36 Royal
1584 1300 185 37 Agricultural
1790 1301 92 32 Show,
1901 1299 174 37 Edinburgh,

1444 1339 108 36 against
1581 1336 39 31 all
1651 1338 150 36 Scptland;
1832 1338 87 36 grand
1949 1338 65 28 dam
2044 1337 32 30 by

1444 1378 87 30 South
1545 1378 63 31 Star
1620 1377 36 38 by
1668 1376 154 39 Fnglan-Vs
1837 1376 88 37 Hope.

1477 1418 64 35 Gyp
1566 1418 64 28 took
1654 1416 59 29 first
1738 1416 55 32 aod
1815 1415 100 29 second
1936 1415 89 36 prizes
2049 1413 26 29 io

1444 1456 66 28 1872
1523 1454 55 29 and
1591 1456 65 27 1873
1676 1458 29 24 at
1719 1454 45 28 the
1784 1453 185 36 Agricultural
1984 1453 90 28 Show,

1442 1492 166 30 Richmond.

1475 1533 38 28 At
1542 1531 167 37 M'Ginley's
1739 1531 161 28 homestead
1940 1539 53 19 one
2023 1528 49 29 da\

1442 1569 115 38 weekly.
1592 1568 176 39 Terms:—i'
1781 1568 12 39 3
1806 1568 54 39 10s;
1879 1568 67 30 with
1964 1576 104 29 guaran

1443 1613 51 30 tee,
1509 1609 37 28 £5
1560 1611 39 26 ss.
1636 1609 65 28 Two
1714 1618 31 18 or
1757 1617 74 18 more
1842 1616 92 19 mares
1944 1607 37 35 by
1990 1615 72 26 agree-

1443 1651 86 25 ment.
1565 1646 68 30 Fees
1640 1646 116 39 payable
1768 1646 128 37 January
1910 1646 51 34 Ist,
1977 1646 76 28 1886.

1788 1700 37 27 D.
1847 1698 197 29 M'GINLEY.

1463 1781 128 39 POST
1633 1781 194 39 OFFICE
1869 1780 191 43 HOTEL,

1649 1838 223 30 LYELL,

1494 1934 225 41 PETER
1749 1934 282 40 MANGOS

1446 1997 142 71 BEGS
1608 2001 28 26 to
1648 1998 104 29 inform
1771 1997 44 28 his
1833 1997 104 28 friends
1958 1997 56 28 and
2033 1997 46 29 the

1549 2037 93 38 public
1662 2037 63 30 that
1749 2036 43 30 his
1811 2046 62 20 new
1893 2035 187 31 commodious

1616 2077 87 28 Hotel
1714 2078 24 26 is
1751 2086 62 18 now
1827 2085 80 27 open.

1445 2114 151 31 Travellers
1615 2114 55 29 and
1688 2114 111 29 visitors
1816 2117 30 26 to
1864 2114 56 28 this
1938 2113 132 30 establish

1477 2157 80 27 ment
1567 2154 57 34 wijji
1636 2154 59 29 find
1707 2154 72 29 their
1788 2154 118 28 comfort
1914 2153 55 28 and
1982 2163 48 19 con-

1512 2192 132 29 venience
1653 2192 169 36 thoroughly
1831 2191 130 30 attended
1973 2194 38 26 to.

1445 2230 58 30 The
1515 2230 149 30 bedrooms
1684 2240 47 20 are
1740 2230 78 37 lofty,
1832 2230 56 28 and
1899 2223 65 35 well
1976 2225 104 42 lighted

1646 2270 56 28 and
1721 2268 160 30 ventilated.

1478 2347 208 28 Comfortable
1714 2346 130 28 Parlors
1862 2347 64 26 'and
1945 2345 87 28 First-

1662 2393 83 19 class
1763 2385 104 26 Table.

1462 2423 60 31 One
1544 2423 31 28 of
1593 2422 128 29 Alcock's
1735 2422 78 29 Prize
1826 2422 118 29 Billiard
1956 2421 109 30 Tables.

1445 2500 58 29 The
1516 2500 57 30 Bar
1584 2500 24 29 is
1618 2498 117 40 stocjbgl
1745 2499 66 30 with
1825 2499 75 35 Ales,
1910 2499 106 34 Wines,
2029 2498 52 30 and

1498 2539 99 36 Spirits
1609 2540 28 26 of
1655 2538 169 36 guaranteed
1841 2534 103 31 brands
1956 2538 76 35 only.

1478 2576 25 28 A
1520 2576 145 28 first-class
1686 2575 184 29 sixteen-stall
1882 2575 89 29 stable
1983 2576 74 28 iscon-

1444 2615 100 30 nected
1556 2615 69 30 with
1638 2615 57 30 this
1709 2615 87 29 hotel.

1697 2653 127 28 PETER
1846 2651 169 32 MANGOS,

1882 2691 156 36 Proprieor.

1552 2773 176 39 JAMES
1766 2772 212 43 INGLIS,

1501 2848 262 33 HABBBEOKEE
1794 2848 21 28 &
1845 2846 236 31 COMMISSION

1663 2926 208 33 AGENT,

1526 3012 115 28 Cliff
1678 3012 159 32 Street,
1873 3012 141 26 Lyell.

2274 201 120 37 Public
2417 201 152 34 Notices.

2106 282 208 40 BROWN'S
2334 279 120 42 BOOT
2480 280 260 48 EM?OEIUM

2356 333 134 41 LXEtU

2187 447 139 28 BROWN
2340 448 31 27 in
2382 446 137 35 thanking
2530 446 45 28 his
2592 446 149 27 numerous

2157 493 9 12 •
2205 488 149 26 customers
2384 483 41 30 for
2453 488 65 33 past
2545 482 119 34 favours,
2687 481 56 29 and

2108 522 106 38 hoping
2238 522 43 30 for
2301 533 17 19 a
2340 523 181 29 continuance
2541 522 31 29 of
2589 521 48 29 the
2655 531 86 22 same,

2109 561 99 28 wishes
2219 565 46 24 too
2278 561 53 28 call
2342 561 74 28 their
2434 561 136 27 attention
2582 562 30 25 to
2624 559 45 28 his
2681 567 62 19 new

2111 597 75 31 stock
2208 599 31 30 of
2261 598 109 31 Ladies'
2393 597 99 31 Maids'
2515 597 56 31 and
2588 596 156 31 Children's

2109 639 87 28 Boots
2216 639 30 28 in
2267 643 78 33 great
2365 639 115 36 variety.
2516 638 76 31 Also,
2605 637 45 28 his
2667 636 76 36 large

2111 676 56 29 and
2178 676 97 29 varied
2287 676 79 30 stock
2377 676 31 29 of

2111 729 120 37 Men.s,
2243 728 142 33 Youths'
2398 729 28 29 &
2438 727 101 38 Boys'
2556 727 106 30 Boots
2674 725 71 31 and

2368 761 118 33 Shoes.

2112 863 87 29 Fresh
2213 863 92 33 Goods
2318 864 121 37 arriving
2457 857 137 43 monthly,
2606 861 91 30 which
2709 861 36 30 he

2146 902 24 30 is
2182 903 116 37 offering
2310 907 30 28 at
2351 903 88 39 prices
2452 907 28 28 to
2490 902 55 29 suit
2557 901 48 30 the
2617 901 92 30 times.

2112 942 46 28 All
2181 942 140 37 imported
2353 942 85 36 goods
2466 935 117 35 marked
2611 941 31 27 in
2667 940 79 36 plain

2373 980 110 39 figures.

2149 1058 130 28 N.B.—A
2290 1057 101 37 supply
2402 1057 31 29 of
2452 1057 90 28 North
2554 1055 106 30 British
2672 1056 74 35 Gun}

2113 1095 86 31 Boots
2224 1095 56 30 and
2304 1096 71 30 Own
2399 1095 83 30 Make
2501 1093 183 39 Watertights
2707 1093 25 31 al-

2113 1145 74 26 ways
2200 1144 37 23 on
2249 1135 84 28 hand.

2148 1173 117 36 Repairs
2276 1170 142 41 proinptly
2427 1171 132 30 executed
2571 1170 56 30 and
2638 1170 109 30 elastics

2113 1211 132 28 inserted.

2139 1288 72 29 Note
2224 1288 48 29 the
2281 1286 273 30 Address:—JOHN
2574 1286 149 34 BROWN,

2114 1335 89 31 Boot
2226 1334 28 32 &
2281 1333 211 33 Shoemaker
2512 1333 28 31 &
2568 1333 179 39 Importer,

2178 1380 141 36 (Opposite
2333 1378 81 30 Bank
2426 1378 31 30 of
2467 1378 67 30 New
2547 1377 141 36 Zealand.)

2233 1459 187 39 JAMES
2460 1458 172 43 RYAN,

2118 1549 245 29 GENERAL
2436 1548 39 30 O
2484 1546 265 36 TOREKEEPER,

2265 1626 87 28 Cliff
2374 1625 121 34 Street,
2514 1624 87 28 Lyel.

2117 1782 92 29 Goods
2223 1781 133 37 carefully
2368 1780 105 38 packed
2486 1783 29 27 to
2528 1779 36 31 all
2577 1783 76 34 parts
2665 1779 30 30 of
2704 1778 46 31 the

2373 1818 117 29 district.

2133 1974 105 27 BANK
2257 1973 113 28 PRICE
2390 1972 119 29 GIVEN
2530 1972 74 28 FOR
2623 1971 111 30 GOLD.

2134 2055 339 34 CRITERION
2520 2054 199 35 HOTEL

2347 2119 174 24 LULL,

2231 2229 187 36 EDWARD
2444 2228 199 37 CARROL&

2119 2298 133 59 BEGS
2272 2301 29 26 to
2320 2298 103 29 inform
2442 2298 43 29 his
2506 2306 150 21 numerous
2678 2300 75 26 town

2214 2336 56 29 and
2296 2340 117 33 country
2436 2336 103 28 friends
2563 2336 62 29 that
2649 2336 34 27 he
2705 2335 50 28 has

2117 2374 154 37 purchased
2284 2375 47 29 the
2344 2374 86 29 above
2442 2375 135 33 business,
2589 2374 56 28 and
2669 2373 86 37 hopes

2118 2413 37 36 by
2179 2414 78 28 strict
2281 2414 137 28 attention
2431 2416 29 26 to
2480 2413 47 29 the
2548 2416 90 25 wants
2661 2411 31 29 ©f
2713 2411 42 29 his

2119 2456 152 25 customers
2292 2451 56 28 and
2368 2452 142 28 travellers
2529 2455 29 24 to
2582 2451 83 28 merit
2677 2460 17 19 a
2705 2450 50 29 fair

2240 2491 79 34 sijare
2332 2490 31 34 of
2378 2490 91 38 public
2481 2493 159 36 patronage.

2198 2567 127 42 Liquors
2346 2566 33 33 of
2397 2567 51 32 the
2463 2567 73 32 Best
2553 2566 122 33 Brands.

2412 2651 32 30 E.
2470 2649 208 38 CARROLL,

2557 2693 164 39 Proprietor*

2277 2788 319 35 TEMPERANCE

2121 2835 336 61 BOARDING
2523 2837 233 57 HOUSE

2201 2910 80 36 (Late
2293 2909 155 29 Alhambra
2464 2909 97 33 Hotel,
2573 2909 101 35 Lyell.)

2144 3014 8 6 '
2180 3013 144 29 NTONIO
2337 3011 261 37 ACCOLINObegs
2612 3014 28 26 to
2652 3011 103 28 inform

2215 3052 47 30 the
2282 3051 173 31 inhabitants
2476 3050 32 30 of
2525 3050 79 38 Lyell
2622 3049 55 31 and
2697 3059 43 21 sur-

2119 3092 140 35 rounding
2283 3091 108 28 district
2413 3090 63 28 that
2499 3090 36 27 he
2559 3089 52 28 has
2632 3098 63 19 now
2713 3098 28 19 re-

2119 3129 107 37 opened
2238 3129 47 28 the
2298 3128 86 31 above
2396 3127 178 29 well-known
2584 3128 134 35 premises
2725 3136 31 19 as

2119 3177 16 19 a
2149 3167 157 29 First-class

2119 3219 177 48 Boarding
2309 3219 120 41 House
2446 3218 69 38 and
2534 3217 222 38 Restaurant.

2192 3329 88 28 Meals
2293 3331 28 26 at
2335 3328 35 29 all
2384 3328 94 28 hours.
2515 3327 79 28 Good
2606 3326 82 29 Beds.

2121 3368 151 31 Extensive
2303 3367 56 30 and
2398 3365 197 32 Commodious
2633 3363 125 41 Stabling

2312 3406 259 31 Accommodation.

2299 3459 170 29 ANTONIO
2488 3456 201 33 ACCOLINO,

2558 3496 166 37 Proprietor.

1574 3094 123 33 JOHN
1731 3093 226 42 FENNELL>

1522 3156 93 29 ENE
1625 3156 59 28 RA
1691 3157 25 27 L
1772 3156 39 28 O
1819 3154 264 33 TORE&EEPER.

1536 3243 85 30 Wine
1640 3252 56 19 and
1715 3243 96 29 Spirit
1833 3243 172 29 Merchant.

1487 3355 104 39 Money
1609 3354 104 39 always
1733 3355 30 29 in
1783 3353 78 30 band
1879 3354 43 30 for
1940 3353 113 40 cashing

1707 3395 127 41 cheques.

1487 3509 110 30 Liberal
1610 3508 136 30 advances
1758 3507 81 30 made
1855 3517 35 20 on
1903 3507 108 39 parcels
2024 3507 31 30 of

1667 3547 120 31 retorted
1801 3546 73 37 gold.

1596 3660 82 39 Cliff
1693 3659 123 47 Street,
1840 3659 109 48 Lyeli.

1689 3748 36 40 [A
1759 3747 99 39 Card.]

1455 3789 41 31 To
1508 3789 47 31 the
1567 3789 101 30 Ladies
1680 3789 30 30 of
1719 3787 87 39 Lyell,
1821 3787 127 35 Reefton,
1961 3786 55 30 and
2028 3795 44 21 sur-

1628 3828 138 34 rounding
1778 3827 137 27 districts:

1598 3866 114 29 ESSRS
1739 3866 35 28 E.
1800 3865 27 28 J.
1853 3863 167 29 WARNER

1633 3904 56 31 and
1713 3904 65 33 CO.,
1802 3903 31 29 of
1860 3902 159 34 NELSON,

1525 3944 88 28 desire
1625 3946 29 26 to
1666 3942 127 29 intimate
1806 3942 61 27 that
1886 3941 66 27 with
1972 3940 48 30 the

1526 3981 124 38 splendid
1668 3980 126 30 facilities
1813 3979 66 37 they
1900 3988 117 29 possess,

1526 4021 66 36 they
1612 4029 51 20 can
1689 4022 29 26 at
1739 4029 15 18 a
1775 4019 51 28 few
1839 4019 83 30 hours
1935 4017 83 35 notic,

1526 4059 67 29 send
1606 4068 48 26 per
1663 4057 85 28 soach
1762 4061 29 23 to
1804 4066 54 26 any
1879 4056 111 27 address
2003 4065 17 18 a

1526 4096 134 36 complete
1679 4097 122 26 costume
1821 4092 80 28 made
1922 4092 30 28 in
1972 4092 48 28 the

1526 4143 65 26 very
1604 4134 81 28 latest
1693 4132 80 36 style,
1783 4130 66 33 with
1858 4130 49 29 hat
1916 4140 30 19 or
1952 4129 50 30 bon-

1526 4176 47 24 net
1582 4172 53 26 and
1647 4171 93 36 gloves
1747 4173 29 25 to
1786 4168 102 34 match,
1896 4168 125 35 together

1526 4210 67 30 with
1602 4219 82 26 every
1693 4208 128 37 requisite
1834 4207 28 30 in
1875 4206 75 34 hose,
1963 4215 42 20 cor-

1527 4253 64 28 sets,
1620 4247 219 35 underclothing,
1863 4247 56 31 &c,
1949 4245 72 28 their

1526 4287 87 36 prices
1644 4287 81 33 being
1754 4287 73 26 most
1851 4282 169 30 reasonable.

1527 4325 82 28 Their
1631 4324 78 28 stock
1722 4323 148 35 comprises
1884 4332 80 26 every
1978 4330 28 19 ar-

1526 4363 62 28 ticle
1618 4363 29 27 in
1677 4361 117 28 General
1821 4361 134 35 Drapery,
1979 4360 28 27 in-

1526 4400 111 37 cluding
1649 4410 16 19 a
1678 4398 123 39 splendid
1821 4401 164 26 assortment
1996 4398 30 29 of

1529 4441 89 28 Men's
1642 4440 53 28 and
1722 4440 81 33 Boys'
1831 4437 189 36 Ready-made

1528 4478 138 36 Clothing,
1691 4486 133 25 mercery,
1849 4476 56 30 &c,
1929 4475 94 28 orders

1528 4517 41 29 for
1581 4516 91 29 which
1679 4515 55 28 will
1742 4515 103 28 receive
1860 4515 109 36 prompt
1981 4518 26 23 at-

1527 4556 116 29 tention.
1679 4555 127 27 Patterns
1814 4553 30 28 of
1853 4556 101 24 newest
1965 4562 38 17 ma-

1528 4595 93 28 terials
1634 4598 60 23 sent
1713 4596 61 32 post
1794 4592 53 27 free
1871 4591 36 35 by
1926 4595 94 23 return

1527 4633 77 33 mail,
1611 4631 55 30 and
1676 4630 85 30 ladies
1767 4629 114 34 sending
1888 4638 117 19 measure-

1527 4675 93 25 ments
1632 4668 28 31 of
1680 4670 106 30 dresses
1804 4678 50 18 can
1868 4668 106 36 depend
1988 4676 36 19 on

1529 4710 125 34 securing
1667 4718 15 18 a
1706 4707 130 37 perfectly
1854 4706 93 36 ntting
1966 4713 56 21 cos*

1529 4751 86 26 tume.

1566 4824 94 28 Please
1672 4822 67 28 send
1757 4822 82 34 along
1851 4830 70 27 your
1933 4820 93 28 orders

1530 4866 29 26 at
1567 4871 77 25 once,
1654 4864 28 25 to
1693 4859 79 30 avoid
1786 4859 89 37 delay,
1889 4856 54 32 and
1954 4868 57 19 care-

1529 4901 70 35 fully
1612 4906 63 22 note
1691 4900 45 27 the
1749 4899 128 28 address:

1461 4949 40 31 E.
1517 4948 29 33 J.
1563 4945 200 33 WARNER
1780 4944 27 32 &
1827 4943 80 39 CO.,
1935 4937 19 25 v
1965 4942 80 32 Hall
2061 4941 37 32 df

1585 4979 227 41 Commerce/'
1832 4980 140 31 Nelson.

1580 5070 187 40 BEEVES
1793 5069 100 38 AND
1916 5068 64 39 CO.

1500 5141 3 40 .
1533 5147 309 34 TJCTLONEERS,
1872 5144 117 31 STOCK
2020 5141 75 31 AND

1496 5210 16 2 -
1558 5188 236 29 COMMISSION
1830 5184 150 30 AGENTS
2015 5181 80 29 AND

1627 5222 315 34 SHAREBROKERS,

1503 5304 157 41 Bridge
1688 5302 167 45 Street,
1885 5299 177 40 Kelson.

1500 5450 92 30 Loans
1604 5447 172 38 Negotiated.
1797 5443 165 36 Valuations
1974 5442 91 31 made.

1465 5502 119 29 Auction
1609 5500 77 30 Sales
1710 5497 173 30 undertaken
1895 5497 30 29 in
1935 5496 87 28 Town
2046 5493 51 29 and

1717 5538 134 36 Country*

1557 5621 79 31 MR.
1653 5619 29 31 J.
1698 5618 30 32 J.
1745 5616 266 39 MOYNIHAN,

1533 5686 187 31 \RRISTER
1750 5685 80 28 AND
1868 5678 229 39 SOLICITOR.

1469 5793 215 30 Commissioner
1705 5791 31 28 of
1752 5791 45 28 the
1818 5788 134 40 Sup'reiiie
1971 5786 86 31 Court
2072 5788 25 29 oi

1720 5843 131 28 Victoria:

2142 3581 114 38 NEW
2297 3579 138 40 GHUJffi
2471 3577 270 47 BUTCHERY,

2335 3642 217 38 LYEJiL.

2271 3897 341 33 BUTCHER.

2123 4012 100 30 Hotels
2236 4010 55 30 and
2303 4009 133 30 Families
2455 4003 101 35 waited
2577 4017 37 21 on
2627 4008 83 37 Daily
2721 4007 40 31 for

2389 4047 111 29 Orders.

2176 4144 76 29 Meat
2265 4140 147 32 Delivered
2430 4144 29 26 to
2471 4140 38 29 all
2529 4144 75 34 parts
2617 4141 26 29 of
2664 4140 47 29 the

2383 4179 127 30 District.

2125 4287 120 33 NEW
2290 4285 157 33 CHUM
2484 4282 270 35 BUTCHERY

2194 4332 130 33 Opposite
2334 4329 153 28 Alhambra
2497 4328 96 30 Hotel,
2607 4327 89 37 Lyell.

2144 4416 359 43 WELCOME
2571 4416 171 47 INN,

2388 4476 105 27 Lyell.

2237 4581 155 32 ELLEN
2421 4579 234 34 WILLIAMS

2131 4641 59 30 TN
2217 4644 144 31 returning
2378 4643 103 25 tnanjvs
2499 4643 42 24 tor
2561 4647 64 28 par.i
2645 4639 119 31 favours,

2129 4669 35 32 J-
2199 4680 67 35 begs
2283 4682 29 25 to
2331 4676 103 30 inform
2449 4677 53 28 Her
2518 4676 105 29 friends
2641 4676 57 28 and
2718 4675 47 29 the

2129 4718 90 36 public
2239 4717 62 28 that
2322 4716 49 28 she
2395 4715 51 28 has
2467 4715 59 36 just
2547 4714 156 37 completed
2722 4723 29 19 ex-

2129 4756 103 28 tensive
2251 4755 139 28 additions
2413 4753 56 29 and
2487 4753 162 29 alterations
2670 4756 29 25 to
2717 4752 50 29 her

2129 4793 144 40 premises,
2291 4792 56 31 and
2366 4793 47 28 the
2435 4791 209 31 accomodation
2662 4791 24 29 is
2703 4800 63 20 now

2348 4830 194 38 unsurpassed.

2129 4910 75 32 Ales,
2228 4910 105 30 Wines,
2355 4908 56 28 and
2433 4907 99 37 Spirits
2557 4906 30 28 of
2608 4906 159 29 First-class

2304 4946 114 37 Quality
2429 4945 66 37 only
2507 4944 76 39 kept.

2201 5024 78 29 Good
2296 5023 129 36 Stabling
2442 5021 256 30 Accommodation.

2304 5075 129 30 ELLEN
2455 5073 208 33 WILLIAMS,

2512 5113 221 27 Proprietress.

2136 5199 214 42 WOLF
2416 5198 152 39 AND
2642 5195 123 48 CO.,

2264 5262 181 29 Wholesale
2458 5269 55 20 and
2529 5260 108 29 Retail

2135 5306 631 64 £UTCHERS.

2238 5400 114 31 Dealers
2364 5401 30 28 in
2406 5401 39 28 all
2457 5400 180 37 descriptions
2650 5398 31 30 of

2151 5445 106 38 FARM
2293 5450 79 30 AND
2408 5449 121 29 DAIRY
2564 5447 190 30 PRODUCE.

2136 5529 99 32 Hotels
2242 5528 57 32 a£d
2311 5523 132 35 Families
2450 5524 101 32 Waited
2563 5534 36 21 on
2611 5524 43 30 for
2662 5523 109 31 Orders*

2171 5607 101 28 Orders
2291 5603 138 30 delivered
2448 5607 29 24 to
2498 5602 38 28 all
2556 5604 76 34 parts
2644 5610 16 18 o
2691 5601 48 27 the

2396 5641 125 29 District;

2310 5722 73 28 Note
2397 5720 48 30 the
2459 5718 124 30 Address

2156 5763 71 29 J3*
2235 5760 34 29 W
2289 5762 21 26 0
2331 5762 23 26 L
2375 5760 21 26 F
2469 5758 113 27 AND
2664 5757 20 27 C
2705 5757 52 32 0;;

2190 5800 73 29 Next
2288 5798 46 29 the
2359 5796 191 30 Government
2569 5793 154 39 Buildiugs,

2286 5838 84 26 Cliff
2392 5835 119 29 Street*
2531 5834 105 29 LtEM.<

3272 197 122 34 Public
3420 197 153 34 Notices.

3243 276 452 71 UMMEH

3043 460 245 70 JOHN
3350 458 452 68 FENNELL

2779 557 61 34 fias
2852 562 85 28 much
2955 561 126 37 pleasure
3098 562 30 26 in
3149 560 177 34 announcing
3344 562 29 24 to
3392 558 47 27 the
3460 557 172 28 inhabitants
3652 557 31 27 of
3704 556 79 35 Lyell
3808 556 55 27 and
3888 555 183 36 surrounding

3004 598 121 31 districts
3147 598 47 30 the
3216 597 102 30 arrival
3342 597 30 29 of
3392 596 45 30 his
3460 593 87 32 NEW
3579 594 125 32 GOODS
3735 594 42 30 for
3800 593 47 31 the

2876 673 89 47 12*
2992 672 288 46 CHKISTMAS
3317 671 104 43 AND
3462 671 117 42 NEW
3619 665 135 47 tEAft
3794 670 178 42 TKADE.

2780 819 87 40 The
2887 819 116 40 Stock
3022 819 32 39 is
3081 833 84 25 now
3182 819 190 50 complete
3391 818 37 38 in
3448 831 111 37 every
3577 816 129 45 detail,
3727 814 74 40 and
3833 814 67 39 the
3927 813 147 52 quality

2879 873 33 41 is
2930 873 41 42 of
2993 873 65 42 the
3085 873 85 41 best
3197 871 222 54 procurable
3443 870 94 42 from
3557 870 65 41 the
3643 869 126 41 Home
3789 867 184 41 Markets.

2949 1021 36 27 In
2998 1021 47 28 the
3058 1019 111 29 Ladles'
3184 1020 183 36 Department
3380 1019 47 28 the
3440 1018 141 36 following
3594 1018 94 28 Goods
3700 1026 47 21 are
3760 1018 148 28 shown:—

2781 1069 150 45 DREBSS
2944 1066 290 56 MATERIALS,
3442 1072 213 48 CORSETS,

2941 1137 286 47 MILLINERY,
3563 1134 188 45 GLOVES,

3061 1197 239 48 MANTLES,
3681 1197 158 45 LACES,

3180 1260 219 48 HOSIERY,
3761 1258 235 45 FLOWERS,
4018 1260 48 36 &d

3420 1356 18 11 r\
3532 1355 3 12 :
3600 1355 1 12 .
3633 1355 2 12 .

2886 1425 36 28 In
2934 1425 48 29 the
2996 1425 188 28 Gentlemen's
3198 1425 185 35 Department
3396 1434 16 17 a
3425 1425 88 34 Large
3526 1424 82 27 Stock
3622 1424 51 27 has
3685 1424 69 27 been
3766 1423 56 27 laid
3836 1424 38 30 in,
3888 1423 89 28 which

2785 1486 135 42 WILL
2944 1486 67 41 BE
3039 1485 130 42 SOLD
3194 1485 62 41 AT
3292 1484 177 41 PRICES
3508 1484 62 40 TO
3612 1484 114 40 SUIT
3764 1482 102 42 THE
3894 1482 182 42 iTIMES,

2860 1649 106 63 Boys*
2985 1658 73 41 and
3080 1658 141 42 Youths'
3242 1656 168 54 Clothing
3426 1656 41 53 of
3479 1654 54 42 the
3551 1648 83 47 Best
3651 1651 72 43 and
3742 1651 118 47 Latest
3878 1651 125 54 Styles.

3410 1750 47 28 :
3459 1750 87 16 —=
3650 1750 4 28 •

2977 1828 97 30 Direct
3086 1827 200 41 Importations
3298 1827 72 28 from
3383 1825 47 30 the
3697 1822 151 36 consisting
3860 1820 32 29 of

2789 1896 139 47 Prints,
2951 1895 174 47 Sateens,
3142 1894 76 39 and
3233 1894 230 48 Twiilettes;
3486 1893 149 38 Frerich
3650 1892 181 45 Merinos,
3847 1891 233 47 Cretonnes;

2821 1949 162 41 Curtain
3004 1950 148 46 Laces;
3182 1948 133 39 White
3340 1949 174 45 Calicos;
3542 1947 129 38 Toilet
3691 1946 126 49 Quilts
3834 1944 213 51 Sheetings.

3238 2038 25 29 A
3276 2035 132 39 Splendid
3421 2031 177 34 Assortment
3610 2033 31 29 of

2792 2105 132 50 Black,
2963 2104 114 48 Ecru,
3114 2102 76 40 and
3225 2100 133 41 White
3408 2100 24 40 L
3445 2112 88 28 aces
3554 2113 7 36 ;
3608 2097 173 41 Ribbons
3801 2112 9 34 ;
3854 2096 118 41 Black
4007 2093 76 45 ami

3083 2157 191 40 Coloured
3302 2156 80 39 Silk
3412 2156 106 45 Mits,
3539 2154 76 39 and
3635 2154 152 38 Gloves.

3266 2255 195 26 -———:o;

2827 2329 245 65 JOHN
3110 2319 470 78 FENNELL,
3619 2323 154 61 Cliff
3807 2323 238 62 Street.

2794 2493 142 64 The
2971 2492 366 75 Hampden
3380 2487 468 76 Co-operative
3890 2486 193 61 Store

3090 2586 360 75 Company,
3488 2580 315 63 Limited.

2794 2782 110 62 THE
2917 2782 86 31 above
3013 2782 145 34 Company
3166 2780 25 30 is
3203 2789 61 21 now
3275 2776 149 40 supplying
3436 2776 48 32 the
3496 2774 142 38 following
3655 2773 84 38 goods
3749 2778 29 26 at
3789 2784 16 20 a
3818 2772 84 39 slight
3915 2772 123 31 advance
4051 2778 39 24 on

3265 2817 148 28 NELSON
3429 2815 187 28 PRICES:—

2996 3058 39 32 Of
3042 3057 63 29 first
3117 3056 70 30 class
3199 3052 115 41 quality.
3351 3052 25 31 A
3387 3049 90 40 Large
3490 3050 56 30 and
3558 3049 102 31 Varied
3673 3050 176 29 Assortment
3860 3048 32 31 of

2793 3116 205 51 Crockery,
3032 3114 174 42 Earthen
3234 3111 76 39 and
3343 3110 227 44 Glassware,
3608 3108 282 50 Ironmongery,
3921 3107 82 45 &c,
4025 3107 68 37 &c.

2795 3263 126 42 Men's
2954 3259 76 45 and
3066 3260 115 53 Boys'
3219 3255 272 55 Kaipoi-made
3540 3254 207 52 Clothing;
3796 3253 114 47 Hats,
3949 3252 141 49 Shirts,

2894 3314 357 47 Undet-Flannels;
3305 3313 176 37 Drawers
3516 3310 73 37 and
3624 3309 146 45 Moles;
3813 3307 178 46 Tweeds,

2992 3368 176 56 Hosiery,
3190 3365 210 50 Blankets;
3430 3363 164 49 Calicos,
3616 3361 140 50 Prints,
3780 3361 92 44 Flan-

3204 3424 92 45 nels,
3318 3422 79 45 &c.,
3419 3421 65 38 &c.
3537 3419 144 38 Also—

2959 3503 156 46 Wheat,
3161 3496 109 50 Gats,
3317 3498 117 46 Bran,
3468 3494 118 41 Chaff
3607 3494 76 39 and
3716 3494 193 39 Potatoes.

2832 3653 100 32 Orders
2943 3640 197 49 accompanied
3159 3657 35 29 oy
3207 3646 65 31 cash
3285 3645 175 30 remittances
3477 3641 162 40 punctually
3658 3640 131 31 attended
3801 3645 40 31 to,
3853 3640 56 31 and
3928 3639 87 40 goods
4032 3640 45 29 des-

2797 3693 119 36 patched
2929 3696 29 24 at
2969 3700 17 19 a
2997 3693 141 25 moments
3149 3688 100 26 notice.

2832 3729 85 32 Local
2934 3728 129 38 produce,
3081 3724 142 36 including
3241 3723 105 32 Hikes,
3366 3721 95 33 Skins,
3485 3719 97 34 Wool,
3601 3719 127 30 Butter,
3741 3719 57 32 &c,
3811 3718 56 33 &c,
3885 3717 154 36 purchased
4051 3717 42 27 for

2798 3768 85 32 Uaßb;
3679 3796 34 28 R.
3733 3795 131 34 M'NEE,
3884 3794 140 37 Manager.

2833 3845 173 31 Murchison,
3018 3842 66 30 15th
3096 3840 87 34 June,
3197 3841 78 28 1885.

3378 4049 129 39 TEY

3163 4186 847 73 KFATHIOK'S

3072 4794 75 39 IT
3222 4791 72 42 IS
3370 4789 156 42 THE
3599 4786 202 42 BEST

2883 5026 186 41 GEORGE
3100 5026 43 36 E.
3166 5022 195 46 LEVIEN,

2806 5089 124 30 Member
2940 5090 29 27 of
2973 5087 48 30 the
3029 5085 235 31 Pharmaceutical
3272 5085 106 35 Society
3385 5081 55 30 and

2892 5125 238 32 Pharmaceutical
3149 5125 165 29 Conference
3327 5122 30 30 of

3012 5167 85 28 Great
3114 5165 107 30 Britain
3226 5186 5 12 3
3232 5165 1 33 -

2809 5222 204 65 SURGEON
3051 5220 175 31 DENTIST,
3257 5217 182 34 CHEMIST,

2968 5261 80 29 AND
3067 5258 206 34 DRUGGIST,

3021 5306 206 34 (REGISTERED)

2808 5395 54 29 I?or
2874 5396 35 27 20
2920 5403 79 28 years
3016 5392 152 38 practising
3188 5392 29 27 in
3237 5389 206 34 Marlborough;

2808 5435 55 29 and
2875 5434 55 30 late
2943 5432 32 31 of
2994 5433 103 29 Nelson
3115 5431 130 32 districts,
3259 5429 23 30 is
3302 5439 62 19 now
3383 5438 44 28 pre-

2905 5473 84 36 pared
3002 5477 28 23 to
3044 5471 95 28 attend
3152 5471 129 35 patients,
3294 5469 55 27 and

2843 5530 72 30 CAN
2947 5529 52 31 BE
3028 5522 227 37 CONSULTED
3291 5515 117 40 DAILt

2807 5638 102 37 itdoais
2933 5650 30 22 in
2979 5640 193 33 -Co*tfEß.mi
3203 5636 111 35 Ho'tel,
3339 5636 104 29 Lyell.

2846 5737 101 31 Advice
2966 5737 93 29 Gratis
3076 5736 72 28 from
3167 5736 17 27 9
3203 5737 28 26 to
3250 5730 32 32 ll
3300 5742 77 23 a.m.,
3390 5731 54 29 and

2811 5779 70 28 from
2895 5779 17 25 8
2923 5782 28 23 to
2964 5778 16 26 5
2999 5784 66 28 p«ni.

3026 5827 33 26 G.-
3079 5826 34 27 E,
3133 5823 154 30 LEVIED
3309 5821 102 31 M.r.S.

3471 5022 318 41 BELFAST
3840 5019 260 47 HOTEL,

3660 5091 113 27 GIBB?
3792 5088 122 30 TOWN,

3641 5143 186 32 Eight-Mile
3846 5142 88 30 Road*

3474 5223 108 43 rpHE
3591 5221 184 38 undersigned
3784 5221 103 36 having
3895 5218 130 30 removed
4033 5219 72 28 from

3564 5276 65 27 Zola
3642 5275 84 28 Town
3742 5274 54 29 and
3809 5273 107 28 erected
3935 5282 61 18 new
4015 5282 72 26 prem-

3474 5324 53 27 ises
3547 5332 29 19 as
3596 5323 96 30 above,
3711 5322 24 28 is
3758 5331 61 19 now
3839 5320 133 38 prepared
3992 5325 28 23 to
4040 5319 67 28 ofler

3474 5371 135 28 excellent
3650 5369 238 30 accommodation
3920 5373 28 23 to
3986 5369 120 30 visitors,

3475 5418 137 34 boarders,
3626 5416 55 31 and
3695 5417 46 30 the
3753 5416 92 39 public
3857 5414 153 40 generally.

3476 5515 75 30 Axes
3571 5510 101 35 \¥ines
3690 5522 55 21 and
3765 5513 112 30 Spirits
3901 5520 34 21 of
3959 5519 58 21 the
4038 5517 69 26 best

3625 5566 154 33 Qualities
3791 5570 71 19 only
3877 5570 81 18 kltt.

3460 5650 3 51 j
3599 5659 155 42 Charges
3780 5654 191 42 Moderate.

3652 5777 123 29 FETER
3796 5774 244 29 ARMSTRONG,

3911 5822 165 35 Proprietor.
