2540 3799
1896 2879 118 24 TERMS
2025 2879 44 24 OF
2078 2879 185 27 PURCHASE
2276 2883 69 25 FOR
2355 2884 122 26 RURAL

1925 2910 117 26 LANDS
2053 2912 41 24 IN
2105 2913 72 24 THE
2189 2914 202 27 COMPANY'S
2404 2917 73 25 SET-

1926 2943 199 23 TLEMENTS.

1893 2978 60 22 The
1966 2985 113 25 company
2091 2979 39 23 has
2141 2979 95 33 already
2246 2982 112 31 acquired
2367 2991 60 24 very
2438 2991 41 16 ex-

1892 3010 92 23 tensive
1996 3012 73 23 tracts
2080 3011 26 24 of
2111 3008 57 28 fand
2178 3013 25 23 in
2215 3013 40 24 the
2267 3012 83 27 North
2360 3015 82 25 Island
2452 3016 28 24 of

1893 3040 63 25 New
1968 3042 111 30 Zealand,
2091 3044 44 24 and
2145 3045 42 24 has
2199 3045 143 34 despatched
2352 3051 47 21 two
2407 3056 71 25 expe-

1893 3074 85 24 ditions
1991 3075 39 24 for
2040 3076 40 24 the
2095 3085 98 24 purpose
2205 3079 27 24 of
2248 3080 144 32 purchasing
2408 3080 71 26 other

1892 3107 76 29 lands,
1986 3108 47 24 and
2044 3109 27 24 of
2080 3109 109 34 selecting
2199 3111 40 25 the
2252 3116 62 21 most
2325 3113 93 32 eligible
2429 3114 50 24 dis-

1892 3140 57 24 trict
1958 3140 39 24 for
2008 3141 41 25 the
2060 3142 48 24 first
2119 3143 47 24 and
2177 3145 113 32 principal
2301 3146 142 24 settlement.

1926 3172 54 25 The
1997 3182 118 25 company,
2132 3176 24 23 in
2173 3177 40 24 the
2230 3178 53 24 first
2298 3178 72 32 place,
2387 3178 91 26 offered

1891 3204 39 24 for
1948 3206 48 24 sale
2015 3207 87 28 99,000
2112 3216 65 17 acres
2196 3209 26 24 of
2238 3214 99 28 country
2347 3210 63 29 land,
2428 3212 50 25 and

1892 3237 49 24 990
1959 3246 66 17 acres
2041 3240 26 24 of
2081 3244 59 21 town
2157 3241 61 30 land,
2238 3243 26 23 in
2280 3244 62 22 their
2358 3243 53 24 first
2428 3245 49 25 and

1891 3270 115 33 principal
2024 3273 139 29 settlement,
2180 3275 61 24 after
2256 3275 98 31 making
2367 3284 109 17 reserves

1890 3301 40 26 for
1946 3303 42 24 the
2005 3305 85 31 special
2104 3314 43 16 use
2165 3307 27 24 of
2206 3307 40 24 the
2262 3308 97 24 natives.
2394 3308 81 26 These

1890 3336 68 24 lands
1975 3336 56 26 thus
2048 3339 84 23 offered
2147 3339 59 26 haye
2215 3339 61 24 been
2286 3340 111 33 disposed
2407 3342 29 24 of
2448 3347 26 20 at

1893 3369 31 24 11.
1935 3377 43 23 per
1989 3378 61 21 acre,
2066 3371 95 33 thereby
2177 3371 112 33 realizing
2307 3376 25 21 to
2350 3374 42 24 the
2410 3383 64 16 com-

1890 3409 64 24 pany
1964 3410 15 16 a
1993 3402 57 24 land
2059 3404 57 24 fund
2130 3404 28 23 of
2170 3404 105 29 99,990/,
2286 3406 48 24 and
2344 3406 42 24 the
2396 3407 78 32 rights

1891 3434 27 24 of
1923 3434 42 24 the
1973 3436 134 30 purchasers
2117 3436 93 24 thereof
2217 3440 26 20 to
2251 3438 99 32 priority
2358 3439 28 24 of
2391 3440 81 25 choice

1890 3466 24 25 in
1933 3467 42 24 the
1987 3468 130 24 settlement
2131 3468 60 25 have
2206 3470 62 24 been
2279 3471 145 25 determined
2439 3473 33 26 by

1889 3499 46 24 lot.

1924 3532 53 25 The
1994 3533 108 24 directors
2121 3541 40 16 are
2177 3543 53 16 now
2248 3536 73 32 ready
2337 3540 24 21 to
2379 3538 92 24 receive

1889 3564 151 33 applications
2051 3565 39 23 for
2102 3569 100 31 country
2210 3568 75 29 lands,
2298 3573 25 20 to
2334 3569 41 24 the
2389 3573 82 22 extent
2476 3585 4 12 r

1890 3597 27 23 of
1933 3597 91 27 50,000
2043 3605 69 22 acres,
2130 3599 26 24 in
2173 3601 100 24 sections
2292 3601 28 24 of
2338 3602 47 24 100
2402 3611 67 16 acres

1889 3628 65 30 each,
1965 3633 24 20 at
2001 3629 40 24 the
2052 3631 60 31 price
2123 3632 29 24 of
2161 3632 63 25 100/.
2235 3642 43 24 per
2288 3635 96 30 section,
2396 3644 28 16 or
2436 3633 41 27 IV

1889 3669 40 24 per
1945 3669 61 23 acre,
2023 3666 25 21 to
2059 3663 29 25 be
2096 3665 55 31 paid
2161 3665 24 24 in
2194 3666 52 30 full,
2258 3667 33 29 in,
2300 3668 119 32 exchange
2427 3668 42 26 for

1216 103 115 35 THE

90 166 414 115 NEW
631 166 823 115 ZEALAND
1591 171 856 120 GAZETTE.

923 303 299 41 (SKCOWTB
1255 304 338 40 EBITZOW.)

892 395 194 37 FRIDAY,
1126 396 296 31 SEPTEMBER
1462 400 29 33 6,
1542 401 89 28 1839.

105 395 62 30 No.
192 395 23 30 I.

2293 404 117 38 [Price
2429 407 52 30 9d.

1290 471 88 48 TO
1432 471 355 27 EMIGRANTS
1825 474 49 24 and

1352 504 157 21 SHIPPERS
1510 518 37 7 —
1554 505 166 21 MEDICINE
1749 506 125 24 CHESTS,

1289 532 37 20 &c.

1319 559 76 20 Messrs
1418 558 131 21 NOAKES
1570 558 40 20 and
1629 559 44 23 Co.,
1697 559 119 21 Wholesale
1832 560 41 20 and

1290 585 102 26 Shipping
1404 585 122 27 Druggists,
1547 585 27 21 87
1592 586 61 19 Snow
1669 585 45 25 hill,
1731 587 51 19 have
1798 587 76 26 always

1288 613 61 24 ready
1359 619 12 13 a
1380 612 57 26 large
1444 615 123 17 assortment
1576 613 23 19 of
1605 612 156 20 well-seasoned
1773 613 51 20 Smr
1832 613 40 20 and

1290 639 88 20 Family
1397 639 112 20 Medicine
1527 639 87 23 Chests,
1634 639 135 26 particularly
1785 639 88 27 adapted

1288 666 32 19 for
1332 666 51 20 New
1394 666 92 19 Zealand
1502 665 40 20 and
1554 666 113 19 Australia.
1700 666 122 26 Emigrants
1832 667 41 19 and

1290 692 97 26 Shippers
1396 699 34 13 arc
1437 692 96 26 supplied
1539 699 27 13 on
1576 693 36 19 the
1621 691 56 21 Aiost
1683 693 118 20 reasonable
1809 696 63 17 terms

1288 719 51 20 with
1352 726 40 18 any
1400 719 97 25 quantity
1507 719 24 20 of
1538 719 73 25 Drugs
1622 719 40 20 and
1674 719 117 21 Chemicals
1802 720 25 20 of
1837 721 35 19 the

1291 747 45 19 best
1343 746 88 25 quality,
1440 746 76 20 Patent
1525 746 121 24 Medicines,
1656 746 129 26 Perfumery,
1792 747 36 20 &c.

1317 772 48 21 Full
1376 772 112 20 directions
1498 773 32 19 for
1536 773 36 20 the
1580 780 36 13 use
1622 772 40 21 and
1669 773 127 25 application
1803 773 25 21 of
1838 774 35 20 the

1290 799 115 20 Medicines
1411 805 126 19 accompany
1544 800 49 19 each
1604 799 70 21 Chest.

1318 826 86 20 Settlers
1426 832 48 19 may
1493 826 62 19 remit
1582 826 70 20 orders
1671 827 99 25 .through
1791 827 80 20 Messrs

1289 852 84 20 Daniell
1386 852 42 20 and
1440 852 46 23 Co.,
1494 852 23 20 of
1528 853 53 20 New
1588 853 98 24 Zealand,
1694 856 23 17 to
1724 853 68 20 which
1799 854 73 20 imme-

1288 878 55 21 diate
1350 879 105 20 attention
1465 879 40 19 will
1512 879 26 20 be
1543 879 56 25 paid.

1439 923 153 21 SHIPPING
1611 924 117 20 AGENT.

1563 950 95 39 having
1681 951 190 31 Merchandize,

1288 977 48 21 J—^
1347 984 107 26 Baggage,
1463 983 41 21 and
1513 984 70 20 Stores
1592 987 24 17 to
1625 984 52 26 ship,
1687 991 36 13 are
1731 986 110 26 requested
1850 989 22 16 to

1286 1011 63 25 apply
1358 1013 22 17 to

1450 1038 21 19 J.
1483 1038 152 23 STAYNER,

1527 1064 27 21 70
1564 1064 75 21 Lower
1650 1065 89 20 Thames
1749 1067 69 22 street,

1288 1091 76 25 Agent,
1375 1092 28 25 by
1410 1090 151 26 appointment,
1570 1094 22 17 to
1603 1092 36 19 the
1649 1092 53 20 New
1712 1092 91 20 Zealand
1812 1092 61 21 Land

1288 1118 114 25 Company.

1320 1156 105 30 NEW
1458 1156 221 31 ZEALAND
1710 1158 129 31 LAND

1462 1194 240 32 COMPANY.

1303 1233 133 29 Capital,
1450 1234 128 29 100,000£,
1596 1235 24 24 in
1632 1236 66 23 4000
1711 1234 107 26 Shares
1831 1235 29 24 of

1340 1266 50 24 251.
1402 1267 65 24 each.
1467 1280 33 5 —
1501 1266 112 32 Deposit,
1627 1264 105 36 lOL'fyer
1743 1268 81 24 share.

1354 1298 131 25 Governor
1485 1314 34 5 —
1519 1299 53 25 The
1585 1300 58 24 Earl
1653 1301 28 24 of
1690 1300 116 25 Durham.

1306 1331 114 33 Deputy-
1426 1332 132 25 Governor
1559 1347 32 4 —
1592 1332 91 33 Joseph
1698 1334 93 29 Somes,
1802 1333 58 32 Esq.

1506 1371 144 25 Directors.

1343 1403 62 21 Lord
1421 1403 79 21 Petre.

1344 1431 59 19 Hon.
1423 1431 94 19 Francis
1533 1431 96 21 Baring,
1644 1431 63 20 M.P.

1342 1457 62 20 John
1420 1457 117 20 Ellkrker
1554 1458 120 22 Boulcott,
1689 1458 53 22 Esq.

1342 1483 61 21 John
1419 1484 104 20 William
1540 1485 94 23 Bucklk,
1650 1484 54 22 Esq.

1345 1511 96 20 Russell
1456 1511 87 23 Ei.lice,
1559 1511 53 21 Esq.

1342 1537 73 21 James
1432 1537 82 21 Brodie
1531 1539 98 22 Gordon,
1644 1538 55 22 Esq.

1342 1565 95 20 Thomas
1453 1565 71 19 Alers
1539 1566 102 22 Hankey,
1657 1565 53 23 Esq.

1341 1591 106 21 William
1463 1592 68 23 Hutt,
1547 1592 59 23 Esq.,
1623 1591 62 21 M.P.

1342 1618 101 20 Stewart
1459 1618 177 24 Marjoribanks,
1650 1618 54 23 Esq.

1342 1645 36 20 Sir
1395 1645 103 20 William
1515 1646 158 23 Modesworth,
1689 1647 74 22 Bart,,
1778 1645 62 21 M.P.

1314 1682 5 3 -
1340 1673 137 19 Alexander
1493 1672 97 23 Nairne,
1606 1672 52 22 Esq.

1338 1698 62 21 John
1415 1699 71 23 Pirie,
1502 1699 62 24 Esq.,
1581 1699 134 21 Alderman.

1341 1726 39 20 Sir
1397 1725 90 21 George
1503 1725 110 25 Sinclair,
1629 1726 78 25 Bart.,
1722 1727 62 21 M.P.

1337 1752 62 20 John
1415 1753 60 19 Abel
1491 1753 76 23 Smith,
1583 1753 60 23 Esq.,
1659 1753 60 21 M.P.

1338 1779 107 20 William
1455 1779 123 24 Thompson,
1589 1779 60 24 Esq.,
1665 1781 133 24 Alderman,
1809 1780 61 20 M.P.

1339 1805 38 21 Sir
1393 1806 82 20 Henry
1491 1806 73 23 Webb,
1581 1807 67 20 Bart.

1339 1834 96 18 Arthur
1449 1833 88 23 Willis,
1553 1833 53 21 Esq.

1340 1860 90 19 George
1446 1859 124 21 Frederick
1587 1859 84 24 Young,
1687 1860 51 22 Esq.

1316 1886 123 25 Bankers
1444 1899 35 5 —
1486 1885 93 26 Messrs
1606 1887 84 29 Smith,
1714 1888 88 32 Payne,
1825 1889 47 24 and

1286 1919 88 24 Smiths
1384 1929 7 17 ;
1407 1920 48 23 and
1465 1919 94 24 Messrs
1569 1919 98 32 Wright
1679 1920 46 24 and
1738 1921 43 24 Co.

1316 1950 129 34 Standing
1460 1951 106 26 Counsel
1566 1966 33 5 —
1599 1952 65 25 John
1675 1953 98 30 Buckle,
1785 1954 59 32 Esq.

1317 1984 113 25 Medical
1457 1984 122 25 Director
1586 1999 34 6 —
1630 1985 39 24 Sir
1691 1986 65 24 John
1783 1987 89 25 Doratt

1284 2017 101 32 Knight,
1399 2017 71 24 M.D.

1312 2049 136 26 tSolicitors
1449 2064 32 5 —
1481 2049 94 26 Messrs
1593 2050 62 30 Few,
1675 2050 133 32 Hamilton,
1824 2054 47 24 and

1285 2083 63 25 Few.

1319 2115 137 34 Secretary
1456 2130 31 6 —
1488 2116 66 25 John
1564 2116 84 29 Ward,
1661 2116 58 33 Esq.

1317 2149 110 28 Office,
1438 2149 49 25 No*
1500 2150 21 28 1,
1533 2149 85 25 Adam
1629 2149 85 30 Street,
1726 2149 117 34 Adelphi.

1275 2188 77 24 -This
1375 2189 122 32 Company
1514 2190 43 24 has
1580 2190 60 24 been
1659 2190 93 25 formed
1771 2192 39 24 for
1828 2192 41 24 the

1283 2230 101 24 purpose
1392 2222 30 23 of
1429 2223 134 31 employing
1574 2223 84 31 capital
1670 2223 25 24 in
1703 2223 41 24 the
1754 2224 115 32 purchase

1283 2254 46 24 and
1340 2255 87 24 re-sale
1436 2256 27 23 of
1470 2255 68 24 lands
1550 2256 25 23 in
1584 2255 59 24 New
1655 2255 110 30 Zealand,
1773 2257 48 24 and
1829 2258 40 24 the

1283 2288 133 31 promotion
1428 2287 28 25 of
1464 2288 140 32 emigration
1615 2292 24 20 to
1650 2289 52 23 that
1713 2293 107 29 country.

1316 2320 26 24 A
1353 2320 142 32 description
1512 2320 28 24 of
1555 2320 68 24 these
1634 2320 92 25 Islands
1744 2330 26 16 as
1787 2330 15 16 a
1811 2323 57 24 field

1282 2353 39 24 for
1331 2353 91 24 British
1439 2353 161 28 colonization,
1618 2353 42 24 has
1677 2355 61 23 been
1755 2355 116 25 rendered

1283 2393 159 25 unnecessary
1460 2387 31 30 by
1514 2386 40 24 the
1577 2386 95 24 labours
1693 2387 26 23 of
1745 2388 40 24 the
1807 2388 62 24 New

1285 2418 116 25 Zealand
1419 2418 156 26 Association
1597 2419 28 24 of
1646 2419 72 30 1837,
1746 2421 53 23 who
1822 2421 47 24 col-

1282 2451 75 24 lected
1368 2452 47 23 and
1426 2452 165 24 disseminated
1601 2460 59 24 very
1670 2453 77 32 ample
1757 2453 112 25 informa-

1282 2484 49 24 tion
1346 2492 31 16 on
1388 2485 41 23 the
1446 2485 97 31 subject.
1578 2484 51 24 The
1649 2485 49 24 sole
1714 2486 47 24 aim
1776 2486 28 24 of
1817 2486 52 25 that

1284 2517 94 32 Society
1388 2525 48 16 was
1453 2520 24 21 to
1494 2517 86 25 induce
1592 2517 38 24 the
1643 2517 135 33 legislature
1789 2522 24 21 to
1828 2527 40 24 ap-

1282 2550 40 32 ply
1332 2553 25 21 to
1370 2549 59 25 New
1441 2550 104 24 Zealand
1561 2550 42 24 the
1622 2550 103 33 peculiar
1743 2555 88 28 system
1843 2553 28 23 of

1283 2583 155 24 colonization
1449 2583 75 24 which
1536 2583 42 24 has
1590 2583 90 31 proved
1697 2591 26 16 so
1740 2584 127 33 eminently

1283 2616 127 24 successful
1426 2616 26 24 in
1464 2615 77 25 South
1552 2616 130 28 Australia,
1693 2616 48 24 and
1756 2620 25 20 to
1797 2617 69 25 make

1283 2649 118 30 provision
1410 2649 38 23 for
1458 2648 117 32 guarding
1585 2649 41 23 the
1634 2649 79 23 native
1724 2649 142 25 inhabitants

1281 2681 62 23 from
1360 2681 41 24 the
1422 2682 56 23 evils
1490 2685 26 20 to
1527 2681 77 23 which
1619 2682 58 31 they
1687 2682 61 24 have
1763 2682 103 25 hitherto

1281 2713 60 25 been
1357 2714 103 32 exposed
1470 2713 33 32 by
1513 2713 62 25 their
1590 2713 145 25 intercourse
1751 2715 53 24 with
1817 2715 50 24 Eu-

1282 2754 99 24 ropeans
1394 2746 26 25 of
1431 2755 71 23 every
1513 2746 68 24 class.
1614 2745 54 25 Her
1679 2746 124 33 Majesty's
1816 2747 51 25 Go-

1281 2784 131 24 vernment,
1423 2779 115 28 however,
1545 2779 106 31 objected
1660 2783 25 20 to
1695 2779 32 24 all
1735 2779 130 32 legislation

1281 2811 37 24 for
1326 2812 71 24 -these
1411 2811 63 28 ends,
1487 2816 83 27 except
1590 2819 30 16 on
1640 2819 46 16 one
1703 2812 125 28 condition,
1840 2816 25 21 to

1281 2844 75 24 which
1374 2844 42 24 the
1435 2843 93 34 Society
1543 2844 70 24 could
1630 2848 44 20 not
1692 2848 86 20 assent.
1813 2845 52 25 The

1281 2877 116 31 proposed
1420 2877 117 24 condition
1544 2892 6 7 .
1556 2885 55 21 was,
1629 2877 53 24 that
1702 2878 41 23 the
1764 2877 100 33 Society,

1282 2909 76 24 which
1368 2909 48 24 had
1428 2910 111 23 excluded
1549 2910 64 23 from
1627 2910 31 24 its
1670 2910 89 31 objects
1770 2910 31 24 all
1813 2919 52 24 spe-

1283 2942 100 23 culation
1400 2942 40 25 for
1455 2943 90 31 private
1563 2943 62 31 gain,
1638 2942 85 24 should
1737 2943 97 24 become
1851 2952 14 15 a

1278 2974 141 31 joint-stock
1439 2983 113 24 company
1564 2975 44 23 and
1627 2983 91 24 engage
1737 2976 25 22 in
1781 2976 84 24 under-

1282 3007 93 32 takings
1391 3007 61 25 witb
1458 3015 14 16 a
1483 3007 58 24 view
1552 3011 26 20 to
1596 3007 76 32 profit.
1707 3007 59 25 This
1786 3009 79 24 condi-

1282 3039 49 24 tion
1342 3048 47 16 was
1401 3039 112 29 declined,
1525 3048 25 15 as
1563 3040 71 32 being
1650 3044 25 20 at
1690 3040 107 25 variance
1809 3042 56 23 with

1281 3072 40 24 the
1333 3072 108 25 declared
1452 3073 120 23 character
1589 3072 27 24 of
1630 3073 52 23 that
1694 3072 107 33 Society;
1819 3075 46 23 and

1281 3105 40 24 the
1333 3106 75 24 result
1418 3106 42 23 has
1467 3105 61 24 been
1536 3105 41 24 the
1588 3105 126 24 formation
1727 3106 27 23 of
1761 3107 41 24 the
1813 3115 52 23 pre-

1282 3143 52 19 sent
1347 3138 129 32 Company,
1484 3139 26 23 in
1521 3146 15 16 a
1545 3138 63 23 form
1619 3139 129 23 consistent
1758 3139 57 24 with
1825 3139 40 24 the

1282 3171 119 24 condition
1423 3171 54 24 thus
1500 3171 110 32 required
1629 3171 33 32 by
1680 3171 43 24 her
1741 3170 124 34 Majesty's

1282 3202 169 25 Government.

1314 3236 54 24 The
1378 3236 115 32 purchase
1511 3236 46 23 and
1571 3237 171 31 improvement
1753 3237 28 24 of
1794 3241 71 20 waste

1279 3269 68 24 lands
1359 3270 24 23 in
1396 3268 59 25 New
1464 3268 106 25 Zealand
1580 3269 42 24 has
1634 3270 59 23 been
1710 3269 94 33 already
1816 3279 50 15 car-

1281 3301 49 25 ried
1350 3309 32 16 on
1402 3305 25 21 to
1445 3310 14 15 a
1477 3305 68 28 great
1565 3305 86 25 extent,
1664 3301 46 25 and
1721 3302 55 24 with
1794 3303 71 24 much

1281 3334 138 32 advantage,
1430 3334 31 32 by
1471 3334 158 25 missionaries
1648 3334 47 24 and
1712 3334 88 30 others,
1813 3336 51 24 who

1281 3366 59 24 have
1361 3366 84 25 settled
1462 3367 26 23 in
1508 3366 41 24 the
1570 3371 106 28 country,
1687 3375 26 17 as
1725 3367 53 24 well
1796 3376 25 16 as
1832 3369 32 31 by

1280 3407 98 24 persons
1389 3399 104 31 residing
1509 3399 24 24 in
1550 3399 42 24 the
1608 3400 107 30 adjacent
1726 3400 138 25 Australian

1282 3431 110 25 Colonies
1401 3442 7 18 ;
1423 3432 46 23 and
1484 3432 58 24 such
1562 3440 30 16 an
1611 3432 122 31 operation
1752 3441 63 24 upon
1833 3442 31 16 an

1280 3465 110 31 enlarged
1404 3464 60 23 scale
1474 3465 21 22 is
1507 3464 41 24 the
1559 3464 115 32 proposed
1686 3465 78 31 object
1779 3466 27 24 of
1822 3466 41 25 the

1281 3496 58 24 New
1350 3496 105 25 Zealand
1464 3496 69 24 Land
1546 3496 129 33 Company.

1313 3528 53 25 The
1385 3529 115 24 attention
1520 3529 46 24 and
1577 3529 106 25 business
1696 3531 27 24 of
1740 3531 40 24 the
1792 3531 71 25 Com-

1279 3569 63 24 pany
1358 3562 48 24 will
1425 3562 29 23 be
1474 3561 106 24 confined
1599 3565 26 21 to
1644 3563 41 24 the
1704 3564 114 31 purchase
1837 3566 29 23 of

1279 3597 73 21 tracts
1364 3595 29 23 of
1400 3594 62 29 land,
1463 3607 32 4 —
1497 3594 40 24 the
1548 3595 131 30 promotion
1688 3596 29 24 of
1724 3597 138 31 emigration

1279 3629 24 21 to
1325 3627 69 24 those
1416 3630 72 21 tracts
1512 3627 97 33 directly
1627 3628 64 24 from
1712 3628 40 25 the
1774 3629 88 25 United

1279 3658 129 33 Kingdom,
1408 3674 32 5 —
1440 3659 41 25 the
1503 3659 81 32 laying
1605 3663 43 22 out
1669 3661 28 24 of
1716 3662 146 25 settlements

61 471 87 50 NO.
173 471 19 27 I,
221 480 14 15 a
258 471 122 32 Specimen
415 470 105 23 Number
549 468 28 24 of
604 469 40 24 the

145 503 73 20 NEW
228 503 150 20 ZEALAND
391 500 151 22 GAZETTE,
552 507 13 12 a
571 500 72 19 News-

62 536 64 20 paper
139 530 32 20 for
185 531 35 18 the
237 530 54 20 First
307 530 40 19 and
364 527 103 25 Principal
484 526 122 21 Settlement
624 527 24 20 of

61 552 37 25 ttie
108 557 53 21 New
173 557 88 20 Zealand
276 556 55 20 Land
343 556 112 23 Company,
466 553 66 20 which
541 553 18 20 it
569 552 17 20 is
595 560 49 19 sup-

62 584 64 25 posed
136 584 41 19 will
189 584 25 19 be
224 587 20 16 at
254 585 47 18 Port
309 580 111 23 Nichulsnn,
428 580 21 19 in
460 580 71 20 Cook's
540 581 80 22 Straits,
627 580 18 19 is

63 610 157 26 nowpresented
228 614 21 15 to
258 608 117 25 thepublic.
387 607 22 20 It
416 606 42 19 will
467 607 24 19 be
495 606 64 21 found
567 609 23 17 to
596 613 48 13 con-

63 638 44 19 tain
117 638 82 19 various
209 634 129 22 information
350 633 122 26 interesting
481 637 22 16 to
514 634 33 19 the
565 633 79 26 Colony

63 671 47 14 now
118 671 27 13 on
154 665 36 18 the
199 669 34 14 eve
240 662 23 19 of
275 660 114 26 departing,
396 664 23 16 to
425 660 54 19 their
486 660 82 23 friends,
574 660 39 19 and
622 663 22 17 to

62 692 60 19 those
136 692 46 18 who
195 695 45 19 may
258 686 49 21 wish
323 691 22 16 to
362 688 25 19 be
403 686 125 26 acquainted
543 686 51 20 with
609 688 35 19 the

61 717 117 27 principles,
192 716 81 23 objects,
289 714 40 19 and
343 713 52 20 local
407 713 158 20 circumstances
574 713 25 20 of
609 714 35 19 the

65 744 85 25 Colony,
159 742 40 20 and
206 742 34 19 the
247 740 67 21 actual
323 740 136 26 proceedings
466 740 24 19 of
496 741 35 18 the
541 740 111 20 Colonists-

61 774 23 17 to
93 772 35 17 the
137 772 82 22 present
228 768 57 20 time.
315 767 45 20 The
374 768 76 19 Second
463 768 94 19 Number
566 767 43 19 will
619 768 25 19 be

60 795 110 28 published
180 794 22 21 in
213 794 50 20 New
275 794 89 20 Zealand
374 800 22 13 as
406 800 50 13 soon
462 793 52 20 after
527 795 35 18 the
569 794 75 19 arrival

61 823 24 20 of
95 824 36 18 the
143 822 78 24 Colony
232 828 21 13 as
263 821 17 19 it
289 827 47 19 may
347 821 25 20 be
381 820 65 20 found
458 820 87 25 possible
555 824 22 16 to
587 820 57 26 print

59 849 24 24 it,
93 848 75 25 which,
181 848 17 20 it
207 848 17 19 is
233 847 73 26 hoped,
317 847 43 20 will
371 848 24 19 be
406 847 73 20 within
491 855 12 12 a
512 846 101 28 fortnight
623 848 25 19 of

59 877 36 19 the
105 874 172 21 disembarkation
287 874 24 19 of
323 875 35 19 the
370 874 104 20 Colonists
480 882 6 17 ;
501 874 40 20 and
551 881 22 13 as
587 874 57 25 ships

58 909 47 19 pass
113 903 93 25 through
218 901 73 20 Cook's
302 901 74 20 Straits
385 901 76 20 almost
471 900 62 26 daily,
549 908 27 13 on
590 902 54 19 their

58 933 73 16 return
145 929 54 20 from
216 927 104 21 Australia
333 932 23 16 to
371 928 93 26 Europe,
481 928 17 19 it
512 928 17 19 is
545 928 99 25 expected

54 957 49 19 Ihat
113 955 120 20 immediate
241 954 42 21 and
294 955 97 26 frequent
408 955 135 26 opportunity
559 954 43 20 will
617 955 27 20 be

58 982 90 21 afforded
175 982 31 20 for
230 982 144 26 transmitting
389 983 36 18 the
441 982 75 20 second
535 982 42 20 and
595 982 48 19 sub-

58 1013 87 23 sequent
154 1010 98 19 numbers
261 1012 21 16 to
293 1008 105 27 England.

86 1036 60 21 Price
166 1036 24 20 of
206 1036 42 19 this
265 1035 102 25 specimen
382 1036 96 23 number,
494 1034 33 21 9d.
536 1043 6 16 ;
566 1035 78 20 annual

58 1062 146 26 subscription,
214 1062 30 24 £1
260 1062 50 25 10s.,
325 1062 22 20 in
357 1062 96 20 advance.

87 1090 79 21 Orders
175 1090 90 19 received
282 1090 28 24 by
322 1089 36 22 Mr
369 1090 27 19 D.
409 1089 97 25 Ramsay,
515 1092 21 16 at
546 1089 36 20 the
590 1089 53 20 New

59 1117 91 20 Zealand
162 1118 85 25 Agency
260 1116 66 20 Office
335 1116 41 19 and
389 1115 142 26 Subscription
547 1115 96 27 Reading

60 1144 86 23 Rooms,
157 1144 13 19 5
183 1143 66 20 Adam
257 1146 69 20 street,
337 1141 98 27 Adelphi.

114 1194 173 21 EMIGRANT
310 1194 92 21 SHIPS
430 1194 64 21 FOR
517 1195 73 20 NEW

272 1221 159 20 ZEALAND.

60 1255 101 50 THE
186 1255 130 25 Directors
335 1254 30 26 of
385 1255 43 25 the
449 1256 65 24 New
533 1255 110 26 Zealand

134 1289 61 20 Land
206 1289 106 24 Company
321 1289 78 25 hereby
409 1288 47 26 give
471 1288 67 20 notice
552 1289 46 19 that
608 1290 35 19 the

60 1315 123 26 Company's
195 1315 59 26 Ships
263 1315 43 20 will
317 1315 38 20 sail
364 1316 35 25 for,
405 1316 36 19 the
449 1314 55 21 First
512 1315 42 20 and
562 1315 80 21 Princi-

58 1342 35 26 pal
104 1342 129 23 Settlement,
243 1349 21 12 as
273 1342 68 20 under
351 1341 119 21 mentioned
479 1351 35 12 :—

99 1369 3 6 '
171 1375 93 23 Oriental,
274 1374 41 21 506
327 1374 63 24 Tons,

113 1402 46 20 The
172 1403 84 21 Aurora,
265 1401 42 20 550
318 1401 64 23 Tons,

113 1429 46 19 The
170 1429 100 22 Adelaide,
284 1428 42 20 640
336 1429 64 24 Tons,

59 1462 64 21 From
133 1462 95 24 London,
238 1468 26 13 on
275 1461 104 27 Tuesday,
395 1462 35 19 the
446 1461 50 20 10th
512 1461 25 20 of
549 1461 92 26 Septem-

294 1489 38 19 ber
344 1492 57 16 next.

114 1516 45 19 The
169 1516 56 20 Duke
235 1516 28 25 of
273 1516 117 27 Roxburgh,
399 1514 41 21 417
451 1515 61 24 Tons,

67 1548 64 20 From
143 1547 92 23 London,
246 1554 26 13 on
284 1547 103 25 Tuesday,
404 1548 36 19 the
455 1547 50 21 10th
519 1548 25 19 of
558 1548 49 24 Sept
608 1554 33 13 em

59 1574 37 20 ber
104 1574 42 20 and
155 1575 52 19 from
218 1574 122 26 Plymouth,
351 1581 32 18 on,
391 1574 109 26 Saturday,
516 1574 36 20 the
561 1574 50 21 14th
621 1574 25 20 of

258 1601 119 25 September
388 1605 54 16 next.

114 1628 45 20 The
170 1628 75 26 Bengal
254 1629 113 23 Merchant,
376 1628 44 20 503
430 1628 62 24 Tons,

58 1661 64 20 From
132 1661 96 25 London,
237 1668 26 14 on
276 1661 103 26 Tuesday,
393 1662 35 20 the
443 1661 50 21 10th
507 1661 24 21 of
548 1661 93 25 Septem-

56 1687 44 26 ber,
110 1688 41 20 and
159 1688 54 20 from
222 1688 36 20 the
268 1688 73 26 Clyde,
355 1695 27 13 on
394 1688 103 27 Tuesday,
509 1689 36 19 the
554 1687 50 22 17th
621 1688 26 20 of

254 1715 121 25 September
386 1718 56 17 next.

219 1746 34 26 By
261 1746 63 21 order
333 1747 24 20 of
367 1748 36 19 the
413 1746 114 24 Directors,

309 1777 88 21 JOHN
412 1778 102 24 WARD,
526 1779 113 25 Secretary.

57 1803 55 21 New
122 1804 91 21 Zealand
228 1804 59 20 Land
300 1805 123 25 Company's
435 1805 72 24 Office,

85 1831 11 19 1
110 1831 68 19 Adam
187 1834 69 20 street,
269 1830 98 26 Adelphi,

112 1857 51 20 20th
176 1858 89 25 August,
277 1857 61 21 1839.

220 1908 84 21 FREE
329 1909 148 20 PASSAGE.

57 1935 253 39 IMMIGRATION
322 1940 26 20 to
361 1936 83 24 NEW
463 1936 179 24 ZEALAND.

56 1964 47 19 -*-^
133 1968 47 20 The
195 1967 106 21 Directors
314 1968 27 19 of
353 1969 37 19 the
405 1968 53 20 New
474 1968 90 20 Zealand
580 1968 61 21 Land

56 1996 109 25 Company
174 1995 75 25 hereby
258 1994 49 26 give
316 1995 70 19 notice
394 1995 46 19 that
449 1996 50 25 they
508 2002 34 13 are
550 1995 63 26 ready
618 1999 23 17 to

54 2022 80 21 receive
148 2022 134 25 applications
296 2022 33 23 fpr
343 2028 12 13 a
370 2021 53 21 Free
438 2021 89 27 Passage
545 2024 23 18 to
587 2022 54 20 their

54 2056 61 13 tiest
123 2048 41 21 and
174 2055 112 14 principal
299 2055 141 17 settlement,
451 2049 53 19 from
515 2049 116 20 Mechanic

56 2076 124 23 Gardeners,
202 2075 40 20 and
267 2074 146 28 Agricultural
437 2076 124 24 Labourers,
578 2076 63 26 being

53 2102 97 23 married,
174 2102 40 20 and
234 2105 38 17 not
294 2102 115 26 exceeding
428 2102 27 20 30
473 2109 58 19 years
549 2103 25 20 of
592 2109 46 20 age.

55 2130 64 19 Strict
129 2129 84 26 inquiry
222 2129 44 19 will
273 2130 27 19 be
309 2129 60 20 made
379 2136 22 13 as
411 2132 22 17 to
442 2129 152 26 qualifications
599 2130 42 19 and

52 2157 113 20 character.
197 2156 43 20 The
251 2156 123 25 Combany's
391 2155 111 27 Emigrant
519 2156 61 27 Ships
596 2156 43 21 will

53 2183 39 20 sail
101 2183 54 20 from
165 2183 96 26 England
270 2183 57 25 early
337 2183 22 19 in
371 2183 120 25 September
500 2186 56 18 next.

83 2210 91 20 Further
183 2209 120 26 particulars
313 2209 41 21 and
364 2210 83 25 printed
461 2210 63 20 forms
538 2210 26 20 of
572 2210 68 26 appli-

52 2236 70 21 cation
131 2243 49 19 may
190 2237 24 19 be
225 2236 97 21 obtained
331 2239 21 17 at
362 2238 36 18 the
415 2236 123 27 Company's
555 2237 82 20 Offices.

218 2263 33 26 By
261 2263 61 20 order
332 2264 24 19 of
366 2264 37 19 the
418 2263 114 24 Directors,

307 2290 88 20 JOHN
410 2290 102 25 WARD,
524 2290 112 28 Secretary.

53 2317 43 20 No.
107 2317 10 20 1
131 2317 68 20 Adam
208 2320 69 19 street,
290 2317 98 26 Adelphi,

136 2344 56 20 June
202 2343 32 24 15,
245 2343 60 21 1839.

53 2395 184 49 DRAM
244 2394 92 30 SAY,
364 2395 80 33 Agent
466 2400 25 21 to
510 2397 42 24 the
580 2397 59 25 New

112 2434 10 10 •
148 2426 90 22 Zealand
252 2426 61 20 Land
334 2427 107 26 Company
457 2428 31 20 for
503 2429 37 19 the
558 2429 46 21 Sale
618 2430 24 19 of

54 2455 70 22 Land'

81 2482 29 20 D.
124 2481 97 25 Ramsay,
234 2487 38 12 one
282 2480 25 19 of
319 2480 35 20 the
364 2480 82 21 earliest
456 2481 106 22 advocates
571 2482 23 21 in
604 2485 35 19 the

53 2515 61 15 cause
120 2508 25 21 of
152 2506 135 28 Emigration,
294 2508 38 19 has
338 2508 52 19 been
396 2507 243 25 induced,attheearnest

52 2534 129 23 solicitation
190 2534 25 19 of
226 2534 82 19 various
323 2534 79 20 friends
411 2536 94 25 (patrons
514 2536 25 19 of
549 2537 35 19 the
593 2544 45 18 pre-

53 2566 47 17 sent
108 2562 93 26 colony),
212 2564 21 17 to
247 2567 54 19 open
319 2568 26 13 an
364 2561 67 20 Office
444 2562 23 19 in
476 2562 36 20 the
521 2562 118 22 immediate

51 2587 173 29 neighbourhood
237 2588 24 19 of
273 2588 37 19 the
331 2588 52 20 New
400 2588 89 21 Zealand
504 2589 60 21 Land
577 2591 61 20 Com-

51 2623 62 19 pany,
131 2616 67 19 where
207 2614 119 26 gentlemen
336 2616 46 19 who
392 2622 48 19 may
447 2616 51 19 wish
508 2619 23 18 to
539 2618 100 24 purchase

53 2643 78 23 Lands,
140 2642 41 21 and
190 2643 58 18 those
256 2643 46 18 who
312 2642 62 19 think
385 2643 24 19 of
416 2642 131 28 emigrating,
557 2651 47 19 may
613 2645 26 19 be

53 2670 97 26 supplied
160 2669 49 20 with
220 2670 35 18 the
263 2672 130 22 prospectus,
402 2670 41 19 and
453 2670 26 19 all
495 2671 37 19 the
546 2671 91 25 publica-

51 2697 55 20 tions
116 2696 25 21 of
153 2697 35 19 the
199 2696 108 25 Company
317 2696 86 20 relative
412 2699 23 17 to
444 2698 36 19 the
495 2698 142 20 Colonization

53 2724 24 20 of
84 2724 54 20 New
148 2722 96 21 Zealand.

80 2750 29 21 D.
124 2751 89 25 Ramsay
228 2749 18 20 is
260 2750 100 25 prepared
374 2753 23 17 to
413 2753 92 18 contract
519 2751 52 21 with
583 2751 55 21 Gen-

53 2778 78 19 tlemen
141 2778 31 19 for
181 2777 34 19 the
229 2776 75 26 supply
313 2776 24 21 of
352 2777 99 20 Portable
463 2779 105 25 Cottages,
577 2782 23 16 to
613 2779 26 19 be

51 2804 158 20 manufactured
224 2810 27 13 on
264 2802 33 21 his
307 2810 47 13 own
367 2804 99 25 premises
474 2805 67 20 under
554 2807 36 19 the
599 2805 38 20 im-

53 2830 90 20 mediate
158 2829 112 26 inspection
286 2830 25 20 of
325 2837 40 19 any
382 2831 125 21 Gentleman
527 2833 47 19 who
590 2839 47 20 may

49 2858 84 19 'honour
142 2857 43 20 him
194 2856 51 20 with
254 2856 33 21 his
301 2861 113 23 patronage
421 2866 6 16 ;
442 2858 42 20 and
497 2859 32 20 for
539 2861 35 18 the
587 2866 50 19 pur-

53 2891 50 19 pose
119 2884 24 19 of
153 2883 101 27 affording
273 2884 35 19 the
323 2884 46 20 best
383 2885 99 25 practical
497 2885 139 25 information,

53 2912 27 19 he
90 2912 37 18 has
136 2910 92 27 engaged
240 2917 13 12 a
266 2910 74 20 skilful
354 2912 41 19 and
406 2912 117 27 intelligent
532 2913 106 20 mechanic

51 2941 25 16 to
90 2936 133 26 superintend
232 2938 46 19 that
291 2937 137 26 department.
439 2942 4 5 %

82 2964 28 20 D.
132 2964 90 25 Ramsay
235 2963 79 27 having
332 2965 79 25 opened
426 2969 98 17 accounts
540 2974 56 19 upon
611 2974 25 14 an

53 2990 105 20 extensive
167 2990 52 20 scale
228 2990 51 20 with
289 2992 37 19 the
333 2992 101 26 principal
446 2994 164 20 manufacturers
618 2995 22 19 of

55 3015 189 27 Wolverhampton,
254 3016 154 28 Birmingham,
425 3020 138 24 Manchester,
579 3021 56 20 Shef-

52 3042 60 24 field,
126 3042 37 20 &c.
179 3044 43 22 &c,
242 3043 44 21 will
304 3045 116 21 undertake
442 3050 21 16 to
482 3047 77 26 supply
576 3055 61 20 every

55 3068 127 26 description
196 3070 24 18 of
229 3070 72 25 goods,
315 3071 110 26 furniture,
435 3073 40 20 and
484 3077 71 21 stores,
566 3078 22 17 to
598 3082 39 19 any

49 3098 78 19 •extent
136 3094 96 28 requisite
240 3096 32 20 for
281 3098 37 19 the
326 3098 80 27 Colony
413 3107 23 13 or
443 3101 122 20 Settlement
573 3103 64 19 about

49 3127 27 16 4o
84 3124 26 19 be
118 3121 79 21 formed
204 3122 22 19 in
233 3122 52 20 New
292 3124 96 26 Zealand,
395 3134 26 13 on
430 3128 35 19 the
470 3127 74 21 lowest
548 3129 90 25 possible

50 3153 78 17 -terms.

84 3177 19 20 A
113 3176 37 20 list
159 3176 24 20 of
188 3176 81 21 articles
278 3177 22 20 in
309 3179 82 25 general
399 3179 128 27 requisition,
542 3182 51 20 with
602 3183 35 20 the

53 3204 67 25 prices
131 3203 80 24 affixed,
221 3203 44 20 will
279 3205 26 19 be
313 3205 105 21 furnished
427 3207 22 19 in
458 3214 12 13 a
477 3208 39 20 few
526 3209 55 26 days.

83 3230 43 21 No.
134 3230 15 21 5
160 3230 67 20 Adam
234 3233 71 21 street,
316 3231 95 26 Adelphi,

131 3256 49 21 15th
195 3257 91 27 August,
303 3257 59 21 1839.

282 3308 135 21 AGENCY.
527 3300 3 12 :

57 3334 102 25 HHHE
171 3334 257 26 SUBSCRIBERS
440 3335 94 37 having
541 3339 98 26 formed

63 3366 30 16 -*-
118 3375 13 12 a
150 3368 176 26 Co-partnership,
345 3375 90 19 purpose
449 3371 123 26 proceeding
587 3373 51 20 with

54 3394 38 20 the
103 3394 64 20 First
179 3395 88 20 Colony
276 3402 28 14 on
313 3397 37 19 the
359 3395 50 21 25th
419 3396 24 20 of
456 3397 86 20 August
550 3400 23 17 to
584 3399 54 21 New

56 3421 111 25 Zealand,
177 3423 68 19 where
254 3423 51 24 they
315 3422 44 20 will
367 3423 98 20 establish
474 3424 128 21 themselves.

85 3447 59 27 They
153 3449 47 19 take
211 3449 35 20 the
254 3453 83 22 present
347 3449 135 26 opportunity
492 3453 23 17 to
524 3451 51 19 offer
585 3451 54 21 their

56 3472 88 22 services
153 3478 21 17 to
183 3475 54 21 their
246 3475 78 21 friends
338 3477 42 19 and
393 3477 69 20 others
475 3484 22 12 as
514 3477 80 27 Agents
608 3478 31 20 for

56 3500 37 20 the
108 3501 146 26 Management
271 3503 25 20 of
309 3503 87 21 Landed
411 3504 108 26 Property;
534 3505 35 19 the
585 3504 54 20 Pur-

58 3526 60 21 chase
126 3527 41 21 and
177 3529 45 19 Sale
232 3529 25 21 of
269 3529 152 25 Merchandise,
435 3531 41 20 and
489 3532 37 19 the
541 3531 97 26 Superin-

55 3553 100 21 tendence
163 3555 25 19 of
199 3555 102 28 Shipping
310 3557 41 20 and
360 3558 60 20 other
434 3559 87 25 Agency
532 3558 104 20 Business.

86 3579 63 21 Their
164 3581 174 27 Correspondents
357 3583 23 21 in
399 3585 88 20 London
507 3592 34 13 are
561 3585 77 21 Messrs

58 3605 88 26 Buckle,
155 3607 91 27 Bagster,
254 3610 42 20 and
307 3611 88 20 Buckle.

205 3635 145 22 DANIELL
362 3638 42 20 and
420 3638 189 22 RIDDIFORD.

84 3659 95 26 London,
190 3663 84 25 August
284 3663 32 26 19,
327 3663 67 23 1839.-
439 3669 3 5 '

675 469 148 47 UNION
842 469 107 26 BANK
972 470 46 25 OF
1031 470 226 32 AUSTRALIA,

759 503 88 20 London
859 504 71 23 Office,
940 503 28 21 38
977 504 43 20 Old
1030 504 69 20 Broad
1107 507 69 17 street.

700 530 108 20 Directors
808 543 26 4 —
838 530 81 26 George
935 530 46 20 Fife
998 530 77 26 Angas,
1093 531 50 26 Esq.
1154 539 5 15 ;
1182 531 79 20 Robert

675 556 87 23 Brooks,
771 557 49 26 Esq.
827 564 5 16 ;
843 556 71 21 James
917 557 58 20 John
985 557 115 24 Cummins,
1107 558 49 25 Esq.
1162 565 7 17 ;
1180 558 81 19 Robert

676 583 100 23 Gardner,
795 584 58 26 Esq.,
872 584 144 24 Manchester;
1037 584 58 21 John
1114 584 61 22 Gore,
1192 584 66 26 Esq.;

676 610 85 19 Charles
769 610 101 26 Hindley,
879 610 59 26 Esq.,
947 611 61 20 M.P.
1017 619 6 16 ;
1042 611 108 25 Benjamin
1157 611 104 25 Ephraim

674 636 75 24 Lindo,
770 637 51 27 Esq.
831 645 6 16 ;
860 638 85 19 Charles
962 638 91 20 Edward
1073 638 103 26 Mangles,
1195 638 50 26 Esq.
1253 646 5 15 ;

675 663 135 25 Christopher
836 664 95 22 Rawson,
958 665 60 25 Esq.,
1044 664 99 24 Halifax;
1169 664 92 21 Thomas

675 690 71 23 Sands,
754 691 59 26 Esq.,
821 691 110 25 Liverpool
940 699 5 16 ;
957 691 71 21 James
1037 691 66 27 Bogle
1113 690 73 26 Smith,
1196 692 50 25 Esq.
1253 699 6 16 ;

673 716 70 21 James
755 717 91 20 Ruddell
858 718 66 24 Todd,
937 718 50 26 Esq.

686 754 5 4 '
705 744 117 20 Trustees—
825 745 82 25 George
914 746 52 19 Carr
975 745 64 25 Glyn,
1048 745 50 26 Esq.
1109 752 6 16 ;
1131 744 56 21 John
1197 744 63 24 Gore,

674 770 50 26 Esq.
735 778 5 16 ;
757 770 71 21 James
836 771 58 21 John
904 772 115 22 Cummins,
1032 772 49 26 Esq.

701 798 91 19 Bankers
795 809 24 4 —
820 798 77 20 Messrs
909 798 64 25 Giyn,
985 798 101 24 Hallifax,
1095 798 64 24 Mills,
1167 798 41 20 and
1220 799 37 20 Co.

700 824 106 19 Solicitors
808 837 24 4 —
835 825 76 20 Messrs
922 825 92 20 Bartlett
1023 824 40 21 and
1077 824 114 22 Bcddome.

700 851 107 25 Secretary
808 864 25 5 —
835 851 82 20 Samuel
928 852 101 23 Jackson,
1042 852 51 26 Esq.

799 918 3 3 .
809 906 103 14 COLONIAL
931 906 192 14 ESTABLISHMENTS.

704 926 91 20 Colonial
815 926 102 26 Inspector
918 940 27 4 —
946 927 56 20 John
1023 926 149 27 Cunningham
1199 926 60 21 Mac-

672 951 64 25 laren,
752 953 51 25 Esq.

781 981 31 19 At
825 980 87 26 Sydney,
927 980 53 20 New
994 980 66 20 South
1072 980 75 21 Wales.

660 1010 2 25 j
700 1006 62 20 Local
780 1008 104 19 Directors
884 1020 26 4 —
913 1007 91 20 Thomas
1026 1007 63 24 Gore,
1109 1008 50 26 Esq.
1168 1015 5 12 :
1201 1007 57 20 Ran-

671 1033 67 26 nulph
749 1034 75 24 Dacre,
834 1034 50 26 Esq.
893 1042 6 17 ;
915 1034 72 26 Philip
1004 1034 89 24 Flower,
1111 1035 50 25 Esq.
1169 1041 12 17 ;,
1193 1034 20 21 S.
1227 1034 29 21 K.

673 1059 88 28 Salting,
773 1060 50 28 Esq.

698 1087 106 27 Manager
804 1101 26 4 —
832 1088 36 20 Mr
879 1087 112 21 Maclaren.

700 1114 125 21 Accountant
827 1128 26 4 —
856 1116 35 18 Mr
898 1114 71 21 James
980 1116 44 19 Sea.

735 1142 29 19 At
775 1142 83 19 Hobart
870 1142 72 23 Town,
953 1142 46 20 Van
1011 1142 108 20 Diemen's
1128 1142 66 20 Land.

700 1168 64 20 Local
773 1169 106 20 Directors
879 1182 26 4 —
907 1168 72 21 Alfred
994 1169 91 24 Garrett,
1096 1169 49 25 Esq.
1156 1177 6 16 ;
1178 1169 80 25 Joseph

674 1194 26 20 G.
712 1194 109 28 Jennings,
833 1196 51 26 Esq.
892 1203 6 17 ;
915 1196 68 19 Atkin
995 1195 113 24 Morrison,
1119 1196 50 26 Esq.

698 1222 105 28 Manager
803 1235 26 4 —
832 1222 109 20 Cornelius
952 1222 99 24 Driscoll,
1062 1223 52 26 Esq.

701 1249 151 20 Accountant—
855 1249 35 20 Mr
900 1249 70 20 David
981 1249 112 26 Kennedy.

872 1278 29 17 At
911 1276 140 20 Launceston.
1071 1292 6 6 „

700 1302 61 21 Local
771 1304 103 19 Directors
875 1314 26 5 —
902 1302 92 21 Michael
1012 1303 97 26 Conolly,
1119 1304 50 26 Esq.
1180 1311 7 17 ;
1202 1304 55 19 Wil-

669 1328 52 20 liam
747 1329 102 25 Fletcher,
875 1330 49 26 Esq.
935 1338 5 16 ;
972 1330 72 26 Philip
1070 1330 94 25 Oakden,
1189 1330 50 27 Esq.
1249 1339 7 16 ;

671 1356 93 19 Thomas
774 1356 110 25 Williams,
898 1357 51 26 Esq.

699 1384 124 26 Manager—
827 1384 68 19 Lewis
905 1384 33 20 W.
954 1384 73 24 Gilles,
1042 1384 50 26 Esq.

697 1412 129 19 Accountant
827 1423 26 4 —
855 1411 36 20 Mr
900 1410 57 21 John
972 1410 122 27 Hartridge.

790 1438 30 19 At
831 1437 138 26 Campbleton
969 1451 26 4 —
999 1438 137 20 Sub-branch.

696 1465 68 24 Agent
764 1476 27 5 —
792 1464 56 21 John
859 1464 103 26 McLeod,
975 1465 49 26 Esq.

802 1491 30 20 At
841 1491 133 25 Melbourne,
988 1492 51 19 Port
1049 1491 80 26 Philip.

698 1518 64 19 Local
778 1518 104 21 Directors
892 1530 26 5 —
925 1518 58 21 John
1012 1518 100 24 Gardner,
1137 1518 52 28 Esq.
1198 1527 6 15 ;
1230 1530 28 5 —

672 1544 92 24 Rucker,
776 1544 49 27 Esq.

697 1572 100 24 Manager
797 1584 26 5 —
824 1571 95 21 William
931 1572 98 27 Highett,
1041 1572 53 27 Esq.

804 1617 60 17 NEW
877 1618 118 17 ZEALAND
1013 1617 109 18 BRANCH.

690 1644 62 17 Local
760 1645 116 17 Directors—
877 1647 79 19 George
961 1646 77 16 Samuel
1047 1647 69 19 Evans,
1124 1647 43 20 Esq.
1173 1653 5 14 ;
1186 1647 69 17 D.C.L..

670 1665 83 17 Edward
764 1666 53 16 Betta
825 1666 84 21 Hopper,
921 1668 41 19 I'sq.
973 1668 76 19 Georgre
1058 1668 81 20 Hunter,
1148 1669 42 20 Esq.

691 1687 152 20 Arrangements
851 1687 70 21 having
934 1688 50 16 been
996 1688 58 16 made
1062 1688 31 16 for
1101 1688 32 17 the
1143 1690 86 20 opening
1236 1690 22 16 of

669 1711 13 12 a
691 1706 75 17 Branch
774 1707 20 16 in
803 1708 46 15 New
859 1708 94 19 Zealand,
964 1708 50 17 notic
1020 1713 11 12 e
1039 1709 16 16 is
1064 1709 73 19 hereby
1145 1710 59 20 given
1212 1711 44 16 that

669 1726 45 17 bills
729 1732 23 12 on
770 1727 78 21 Sydney
856 1731 22 14 at
885 1729 60 19 thirty
952 1728 56 21 days'
1018 1730 52 19 night
1077 1729 38 17 will
1126 1730 26 16 be
1163 1730 64 17 issued
1234 1732 22 15 at

670 1747 37 16 this
715 1748 56 17 office
785 1750 21 15 to
821 1749 33 16 the
871 1750 78 16 settlers
959 1750 32 16 for
1007 1751 44 16 such
1067 1755 49 12 sums
1132 1755 22 12 as
1169 1756 46 15 may
1229 1752 26 16 be

670 1768 101 20 required,
778 1771 23 14 at
809 1774 12 11 a
829 1770 70 21 charge
910 1770 23 16 of
943 1772 38 15 two
989 1775 36 16 per
1032 1772 46 15 cent
1086 1782 5 8 ,
1100 1772 125 16 redeemable
1236 1772 19 17 in

670 1789 49 16 New
727 1789 86 16 Zealand
827 1790 18 16 in
860 1791 31 15 the
900 1793 55 14 notes
966 1791 23 16 of
997 1791 37 16 this
1046 1792 61 18 Bank,
1114 1792 47 17 with
1168 1798 12 11 a
1187 1795 68 14 return

671 1809 22 16 of
703 1810 35 15 the
752 1810 37 16 two
805 1814 34 16 per
853 1812 59 16 cent.,
925 1811 43 15 thus
983 1811 92 21 enabling
1090 1813 32 16 the
1131 1813 90 17 colonists
1234 1816 21 14 to

670 1830 89 15 transmit
767 1830 51 17 their
824 1830 57 17 funds
888 1831 80 17 without
975 1831 111 17 deduction.

691 1850 43 16 The
748 1850 100 17 Directors
862 1851 86 17 likewise
961 1852 90 17 continue
1058 1854 20 14 to
1089 1855 58 18 grant
1157 1853 69 18 letters
1236 1854 21 16 of

670 1871 65 16 credit
742 1872 83 19 payable
830 1873 23 15 at
857 1871 57 21 sight,
922 1873 30 16 for
956 1877 39 15 any
1000 1877 41 12 sum
1049 1875 36 15 not
1089 1873 106 21 exceeding
1202 1875 53 19 300/.,

670 1891 38 16 and
717 1891 51 20 bills,
775 1894 20 14 at
802 1892 60 19 thirty
869 1893 54 18 days'
931 1893 58 20 sight,
998 1895 21 13 to
1028 1898 38 15 any
1075 1896 87 18 amount,
1170 1899 24 12 on
1202 1895 53 16 their

670 1911 98 17 Branches
781 1913 23 15 at
817 1913 85 19 Sydney,
915 1913 76 16 Hobart
1002 1914 67 19 Town,
1081 1915 125 20 JJaunceston,
1216 1916 39 16 and

670 1932 122 20 Melbourne,
800 1934 46 15 Port
853 1933 69 21 Philip,
928 1936 22 14 at
958 1934 33 15 the
1000 1934 54 16 usual
1063 1936 65 15 terms.

817 1958 29 19 By
855 1958 59 16 order
920 1959 23 16 of
950 1959 32 16 the
991 1959 71 19 Board,

889 1979 103 17 SAMUEL
999 1981 119 20 JACKSON,
1126 1981 110 22 Secretary.

698 2003 46 21 The
754 2003 108 21 Directors
870 2005 25 20 of
904 2006 37 19 the
952 2005 53 20 New
1016 2006 91 20 Zealand
1122 2007 60 21 Land
1193 2009 62 20 Com-

668 2036 57 21 pany
734 2031 76 26 hereby
820 2031 47 26 give
876 2032 69 20 notice
954 2033 47 19 that
1013 2033 50 26 they
1072 2034 52 20 have
1133 2035 88 20 effected
1230 2042 26 14 an

668 2061 145 23 arrangement
823 2057 51 21 with
882 2059 37 19 the
929 2059 106 21 Directors
1041 2060 25 20 of
1072 2061 35 19 the
1114 2061 71 21 Union
1194 2062 62 20 Bank

669 2084 25 20 of
706 2085 107 19 Australia
819 2093 6 16 ;
839 2085 23 20 in
870 2092 116 19 pursuance
996 2086 25 20 of
1031 2086 76 25 which,
1119 2094 12 13 a
1143 2089 82 19 Branch
1236 2090 23 19 of
1263 2089 2 23 |

668 2111 37 19 the
716 2111 71 20 Union
799 2112 61 20 Bank
868 2111 44 21 will
922 2113 25 19 be
964 2113 125 21 established
1103 2115 110 20 forthwith
1229 2123 27 13 on

669 2139 36 19 the
717 2138 124 26 Company's
853 2139 55 20 First
915 2139 40 20 and
968 2139 106 26 Principal
1086 2141 127 21 Settlement.

697 2165 45 20 The
764 2165 106 21 Directors
891 2167 104 20 therefore
1018 2169 131 19 recommend
1173 2172 23 17 to
1219 2170 36 20 the

670 2191 105 21 Colonists
793 2193 35 19 the
849 2193 71 20 Union
938 2194 61 20 Bank
1023 2194 25 20 of
1069 2195 112 24 Australia,
1202 2203 23 13 as
1243 2203 12 13 a

668 2225 70 13 means
757 2219 24 20 of
798 2219 96 27 effecting
913 2221 55 20 their
989 2221 113 27 pecuniary
1119 2223 137 20 transactions

668 2245 52 20 with
729 2245 137 22 convenience
875 2247 41 20 and
924 2247 99 27 security.

831 2280 34 26 By
875 2281 61 20 order
945 2282 25 19 of
980 2282 36 19 the
1032 2282 113 24 Directors,

921 2308 88 20 JOHN
1023 2309 103 25 WARD,
1138 2310 115 27 Secretary.

669 2332 54 21 New
733 2333 89 20 Zealand
834 2334 59 20 Land
905 2335 124 26 Company's
1039 2336 72 24 Office,

696 2359 10 20 1
719 2360 70 20 Adam
797 2364 70 20 street,
878 2361 98 26 Adelphi,

721 2386 52 21 20th
783 2388 92 25 August,
886 2388 61 21 1839.

668 2424 117 41 HPIiE
837 2439 196 27 COLONIAL
1088 2441 166 27 GAZETTE

675 2466 30 19 -L
703 2478 4 3 -
721 2472 144 25 (commenced
874 2473 22 19 in
907 2473 117 21 December
1035 2475 60 23 1838,
1106 2475 22 19 in
1138 2477 117 19 connexion

667 2497 52 21 with
729 2499 37 19 the
778 2499 93 21 Colonial
988 2501 42 20 will
1041 2501 22 20 in
1072 2502 71 20 future
1160 2503 25 19 be
1200 2504 53 25 pub-

666 2525 69 20 lished
748 2532 60 20 every
827 2527 203 22 WEDNESDAY
1049 2529 107 20 afternoon
1173 2533 23 16 at
1219 2531 35 19 the

670 2552 66 20 Office
755 2553 24 19 of
789 2555 34 19 the
843 2554 106 25 Spectator
955 2562 6 16 ;
982 2555 148 27 strengthened
1144 2557 27 25 by
1181 2557 28 19 all
1219 2558 35 19 the

667 2585 106 14 resources
782 2580 23 20 of
815 2581 36 19 the
860 2581 62 20 latter
931 2581 96 21 Journal.

731 2631 245 27 FORMATION
1002 2634 96 25 relative
1120 2638 25 21 to
1173 2635 82 25 NEW

667 2658 29 20 -L
725 2664 157 24 ZEALAND,
892 2665 33 19 for
934 2666 36 19 the
980 2672 38 13 use
1027 2666 25 20 of
1065 2666 109 21 Colonists.

811 2691 57 20 With
879 2692 69 25 Maps,
958 2692 57 25 price
1025 2693 29 20 Is.
1067 2693 42 24 6d.,

695 2717 99 21 London:
811 2717 57 21 John
879 2718 33 20 W.
926 2719 86 24 Parker,
1020 2720 59 19 West
1089 2720 81 21 Strand.

764 2766 71 20 NEW
851 2767 152 20 ZEALAND
1021 2768 136 22 AGENCY.

668 2799 98 36 rpHE
793 2800 143 25 BRITISH
966 2801 78 24 AND
1077 2803 178 25 COLONIAL

675 2831 30 16 J-
743 2832 131 20 EXPORT
893 2833 162 25 COMPANY,
1079 2835 26 20 98
1126 2835 127 21 Leadenhall

667 2862 69 20 street,
747 2858 22 20 in
778 2859 93 20 addition
881 2863 23 17 to
911 2860 55 20 their
973 2861 61 20 other
1041 2861 93 20 Colonial
1143 2862 110 26 Agencies,

667 2887 52 19 have
729 2887 51 19 been
793 2886 110 26 requested
916 2887 28 26 by
954 2888 78 20 several
1044 2888 116 20 influential
1169 2890 84 25 parties,

667 2913 126 26 proceeding
806 2920 22 13 as
844 2913 85 21 Settlers
941 2917 23 17 to
979 2915 46 19 that
1039 2918 94 23 country,
1150 2919 22 17 to
1185 2920 35 17 act
1232 2924 22 13 as

670 2939 136 21 Commercial
817 2941 81 26 Agents
907 2941 33 19 for
949 2942 37 18 the
997 2941 56 21 First
1065 2941 80 27 Colony
1160 2943 24 20 of
1200 2944 52 20 New

667 2967 99 20 Zealand.
796 2967 46 20 The
853 2967 81 26 Export
946 2968 116 27 Company,
1075 2969 68 20 whose
1154 2970 101 27 Manager

667 2994 37 20 has
717 2995 53 19 been
785 3000 12 13 a
812 2993 55 27 good
884 2994 46 20 deal
946 2994 23 20 in
987 2997 52 19 New
1057 2996 89 20 Zealand
1162 2997 41 20 and
1218 2998 36 20 the

667 3021 154 26 neighbouring
841 3021 81 20 British
940 3022 97 20 Colonies
1052 3023 22 19 in
1091 3024 112 23 Australia,
1220 3032 35 12 are

667 3047 69 26 ready,
755 3048 107 24 therefore,
881 3051 22 17 to
924 3049 117 20 undertake
1064 3056 39 19 any
1122 3051 131 20 commission

668 3074 93 20 business
770 3074 67 20 which
847 3075 110 26 intending
971 3076 122 26 Emigrants
1107 3084 49 18 may
1172 3077 83 26 require

667 3101 97 26 previous
774 3105 20 17 to
804 3101 82 28 sailing,
900 3109 22 13 as
930 3103 48 19 well
988 3110 21 12 as
1019 3103 77 26 during
1104 3104 55 20 their
1168 3105 87 20 absence

667 3129 54 19 from
741 3129 64 19 Great
824 3129 89 24 Britain,
936 3129 111 26 especially
1070 3131 125 26 purchasing
1214 3132 39 20 and

667 3155 99 26 shipping
775 3155 64 27 goods
848 3156 88 25 adapted
946 3159 22 17 to
979 3158 35 19 the
1032 3157 80 26 Colony
1119 3165 5 16 ;
1146 3157 70 21 whilst
1231 3162 22 16 to

667 3183 51 19 such
728 3183 76 24 parties
813 3190 22 12 as
844 3190 47 19 may
900 3183 74 21 favour
987 3185 59 19 them
1059 3184 50 20 with
1126 3185 56 19 their
1196 3185 57 21 busi-

667 3215 53 17 ness,
743 3211 35 18 the
796 3212 55 18 most
868 3211 125 20 unreserved
1014 3211 133 20 information
1166 3211 42 21 will
1227 3213 27 19 be

667 3235 94 21 afforded
769 3243 22 13 as
801 3240 21 16 to
832 3237 35 19 the
877 3240 74 17 nature
962 3238 25 19 of
999 3239 36 18 the
1048 3242 88 22 country
1152 3240 51 25 they
1218 3246 36 13 are

667 3263 66 26 going
743 3266 53 21 to,—
799 3264 36 19 the
846 3264 141 25 employment
1002 3265 42 19 and
1058 3268 104 22 prospects
1180 3265 24 21 of
1218 3266 36 20 the

669 3290 93 23 Settlers,
764 3302 24 4 —
789 3291 96 25 together
894 3291 51 19 with
955 3292 36 19 the
1001 3292 45 19 best
1055 3292 79 20 modes'
1140 3292 24 20 of
1177 3291 76 22 invest-

667 3315 38 28 ing
713 3316 81 25 capital,
802 3317 37 21 &c.
850 3317 36 20 Sec.
898 3317 37 21 Sec.

698 3345 29 18 As
736 3344 58 19 these
801 3343 97 21 valuable
911 3344 82 20 Islands
1009 3345 114 26 eminently
1137 3352 79 19 possess
1230 3346 23 20 in

667 3369 55 21 their
737 3370 38 20 soil
791 3370 42 20 and
846 3370 88 24 climate,
951 3371 65 21 rivers
1030 3371 40 21 and
1085 3373 106 23 harbours,
1205 3373 47 24 flax,

667 3396 98 24 fisheries,
778 3397 42 20 and
834 3397 78 25 forests,
928 3399 36 19 the
973 3399 104 20 materials
1087 3399 24 20 of
1122 3406 12 13 a
1143 3402 60 23 great
1213 3400 40 20 and

666 3423 102 24 powerful
776 3424 79 25 people,
864 3426 60 19 there
933 3425 18 19 is
965 3432 27 13 no
1008 3432 72 14 reason
1096 3429 23 17 to
1135 3426 66 20 doubt
1216 3428 37 19 the

665 3448 121 22 immediate
795 3457 80 14 success
884 3451 24 21 of
920 3453 35 19 the
968 3451 55 21 First
1038 3453 86 26 Colony,
1138 3453 48 24 and,
1201 3453 50 20 with

667 3476 36 19 the
712 3477 61 19 usual
781 3477 93 27 energies
882 3478 26 20 of
919 3479 146 26 Englishmen,
1078 3480 46 20 that
1138 3479 53 21 New
1202 3480 50 20 Zea-

667 3500 49 22 land
726 3503 43 19 will
778 3504 89 24 become,
876 3505 24 20 in
914 3512 82 19 process
1013 3506 25 20 of
1050 3506 56 24 time,
1122 3513 39 14 one
1178 3506 24 21 of
1216 3508 37 19 the

668 3529 98 23 proudest
773 3530 123 25 possessions
903 3533 25 19 of
933 3533 36 19 the
979 3532 80 20 British
1068 3533 81 20 Crown.
1176 3534 75 26 Appli-

668 3553 80 21 cations
758 3559 20 17 to
787 3557 26 19 be
823 3558 59 20 made
892 3561 22 17 to

697 3580 79 22 British
785 3583 41 20 arid
837 3584 94 21 Colonial
942 3585 83 26 Export
1036 3587 113 26 Company,

750 3607 33 26 98,
793 3606 126 25 Leadenh'all
928 3614 71 18 street.

894 3638 26 21 T.
937 3639 137 21 HORTON
1088 3640 109 24 JAMES,

913 3670 2 5 '
936 3672 3 3 '
1030 3666 100 21 Resident
1142 3667 109 27 Manager.

1902 475 47 23 and
1960 479 76 21 towns
2047 478 24 23 in
2084 478 41 24 the
2135 482 59 20 most
2206 479 136 25 favourable
2354 481 127 26 situations

1901 521 34 4 —
1935 508 46 24 and
1992 508 40 24 the
2044 511 97 29 gradual
2152 511 82 24 re-sale
2248 512 28 23 of
2289 512 58 23 such
2358 513 68 24 lands
2443 523 41 16 ac-

1901 540 98 32 cording
2011 544 24 21 to
2046 542 41 23 the
2098 543 65 23 value
2173 544 118 24 bestowed
2302 552 64 24 upon
2377 545 65 25 them
2450 547 34 32 by

1901 573 139 31 emigration
2060 575 47 23 and
2125 575 135 25 settlement.
2293 577 25 24 It
2330 578 21 23 is
2368 578 49 24 also
2428 587 55 23 pro-

1900 605 72 31 posed
1984 605 59 29 that,
2055 610 25 20 to
2097 607 106 24 facilitate
2222 609 41 23 the
2283 611 162 24 transmission
2457 612 29 24 of

1902 638 83 30 capital
2002 638 105 24 between
2119 639 106 32 England
2241 642 47 23 and
2300 641 59 25 New
2371 643 112 29 Zealand,

1900 669 42 24 the
1959 669 124 33 Company
2098 671 58 24 shall
2172 677 38 20 act
2227 681 25 16 as
2271 678 82 28 agents
2373 676 39 23 for
2430 676 53 24 that

1900 710 101 23 purpose
2013 703 64 32 only.

1936 734 63 25 Such
2016 744 30 15 an
2063 736 152 32 undertaking
2232 739 84 24 affords
2327 740 102 31 peculiar
2441 740 44 25 ad-

1901 771 112 28 vantages
2032 772 25 19 to
2076 768 40 25 the
2132 770 127 31 employers
2270 772 28 23 of
2312 780 16 15 a
2337 772 66 32 large
2419 781 65 17 com-

1900 799 71 24 bined
1989 801 91 31 capital,
2092 801 46 24 and
2155 802 20 24 is
2194 803 93 24 further
2304 804 99 25 suitable
2422 808 26 21 to
2467 814 16 16 a

1902 832 130 32 Company,
2041 833 118 25 inasmuch
2171 843 25 16 as
2208 836 19 23 it
2237 844 42 15 can
2288 836 93 25 neither
2391 838 93 31 impede

1900 864 129 25 individual
2049 867 133 32 enterprise,
2202 876 44 16 nor
2264 869 21 23 is
2305 869 70 24 liable
2394 873 25 20 to
2441 871 43 24 the

1901 898 149 31 competition
2068 899 29 23 of
2108 899 142 29 individuals,
2262 901 46 24 and
2319 902 20 23 is
2351 902 95 32 capable
2457 904 34 24 of-

1900 930 70 31 being
1987 932 116 31 managed
2114 935 24 21 at
2149 932 56 24 little
2222 941 101 25 expense
2337 934 38 24 for
2386 943 98 25 agency,

1901 963 47 23 and
1958 971 63 23 upon
2034 972 13 15 a
2059 968 88 27 system
2154 965 28 24 of
2189 966 63 23 fixed
2262 966 99 25 routine.

1933 994 66 33 Very
2011 997 119 24 extensive
2140 1001 69 21 tracts
2221 998 27 24 of
2260 1003 63 19 most
2338 1000 78 24 fertile
2426 1000 59 25 land

1900 1027 24 24 in
1937 1027 123 26 situations
2072 1029 79 33 highly
2158 1030 136 25 favourable
2302 1032 58 24 both
2372 1033 38 23 for
2420 1034 63 31 agri-

1901 1060 100 24 cultural
2020 1062 48 23 and
2087 1063 142 24 commercial
2248 1064 153 29 settlements,
2420 1065 63 25 have

1900 1093 59 24 been
1977 1093 97 33 already
2084 1095 127 32 purchased
2221 1096 46 24 and
2283 1097 99 24 secured
2392 1098 38 23 for
2440 1099 43 24 the

1900 1133 113 24 purposes
2025 1127 29 23 of
2066 1127 47 24 this
2126 1127 119 34 Company
2253 1139 6 18 ;
2278 1130 47 23 and
2341 1138 31 16 an
2389 1131 94 31 expedi-

1900 1159 50 23 tion
1960 1159 44 23 has
2015 1160 50 23 also
2076 1160 59 24 been
2149 1161 66 24 fitted
2225 1165 41 21 out
2282 1162 46 24 and
2340 1163 143 31 despatched

1899 1191 38 23 for
1956 1192 130 37 purveying
2102 1193 40 24 the
2159 1197 76 21 coasts
2254 1194 27 24 of
2299 1194 59 25 New
2370 1195 112 30 Zealand,

1900 1224 98 31 making
2014 1225 127 32 purchases
2150 1226 27 23 of
2193 1226 67 24 lands
2271 1227 26 23 in
2307 1227 41 25 the
2366 1232 62 20 most
2439 1229 43 24 eli-

1900 1256 62 32 gible
1980 1261 73 27 spots,
2065 1258 46 23 and
2121 1259 122 31 preparing
2253 1259 39 24 for
2301 1260 41 23 the
2359 1261 87 24 arrival
2457 1262 29 24 of

1900 1297 15 16 a
1925 1288 65 33 large
1999 1290 63 32 body
2074 1291 27 23 of
2110 1291 96 29 settlers,
2218 1292 77 24 whom
2305 1292 18 24 it
2333 1293 21 23 is
2366 1294 118 31 proposed

1900 1326 24 19 to
1942 1322 111 24 establish
2066 1331 30 16 on
2112 1323 37 24 the
2163 1324 140 33 Company's
2314 1325 68 24 lands
2398 1327 86 32 during

1899 1354 41 25 the
1952 1358 94 28 present
2057 1364 64 23 year.

1933 1387 79 25 These
2025 1388 122 33 important
2156 1389 133 32 purchases,
2298 1391 47 24 and
2354 1391 40 24 the
2404 1391 81 33 fitting

1900 1424 42 19 out
1952 1421 29 22 of
1988 1421 41 23 the
2040 1422 147 32 preliminary
2198 1423 138 31 expedition,
2349 1422 136 35 (including

1900 1452 40 24 the
1951 1453 116 31 purchase
2083 1454 47 24 and
2138 1455 133 32 equipment
2282 1456 29 24 of
2323 1464 15 16 a
2348 1457 47 24 fine
2406 1457 79 24 vessel

1900 1485 28 24 of
1942 1486 50 23 400
2005 1486 75 32 tons,)
2099 1487 57 25 have
2173 1488 59 24 been
2250 1488 106 30 effected,
2368 1494 24 19 at
2403 1498 14 15 a
2428 1498 57 16 con-

1901 1518 115 24 siderable
2034 1520 87 31 outlay,
2132 1520 29 32 by
2171 1521 94 31 parties,
2276 1525 26 20 to
2320 1522 76 24 whom
2408 1530 14 16 a
2434 1530 51 17 cer-

1900 1550 49 24 tain
1969 1552 101 24 number
2087 1553 28 23 of
2131 1553 92 32 paid-up
2244 1561 88 21 snares,
2349 1558 25 21 to
2392 1555 31 24 be
2444 1555 41 25 de-

1900 1584 117 24 termined
2027 1584 33 32 by
2070 1585 140 30 arbitration,
2221 1595 41 15 are
2278 1588 170 33 consequently
2459 1591 26 22 to

1900 1616 30 24 be
1941 1617 112 31 assigned
2062 1617 39 25 for
2111 1626 15 15 a
2135 1619 101 24 transfer
2246 1619 28 24 of
2283 1619 62 24 their
2354 1621 120 25 interests.

1935 1648 72 34 Upon
2019 1650 41 24 the
2074 1651 129 32 remaining-
2217 1652 88 29 shares,
2316 1661 15 15 a
2342 1653 45 24 call
2398 1654 28 24 of
2436 1654 49 24 10/.

1901 1689 43 24 per
1961 1682 77 29 share,
2050 1682 38 33 (in
2106 1683 100 25 addition
2217 1688 26 21 to
2259 1685 42 24 the
2312 1685 113 33 deposit,)
2437 1687 49 24 will

1901 1715 30 22 be
1942 1715 69 24 made
2028 1719 25 20 at
2071 1716 40 25 the
2123 1716 120 26 discretion
2255 1718 29 23 of
2299 1718 40 24 the
2351 1718 134 30 Directors,

1902 1747 54 23 with
1973 1751 44 20 not
2027 1748 47 24 less
2085 1749 54 24 than
2151 1757 45 17 one
2206 1749 104 25 month's
2328 1751 78 24 notice
2415 1762 6 19 ;
2438 1753 48 24 and

1901 1779 32 24 all
1942 1780 94 24 further
2048 1781 56 24 calls
2116 1782 49 27 will,
2170 1783 31 24 be
2210 1783 69 24 made
2296 1787 24 20 at
2335 1784 113 25 intervals
2459 1786 29 24 of

1900 1815 43 21 not
1961 1813 49 23 less
2029 1814 58 24 than
2104 1814 63 24 three
2178 1815 103 25 -months
2301 1816 105 25 between
2426 1818 60 24 each

1902 1845 50 28 call,
1961 1845 45 24 and
2020 1847 28 23 of
2057 1847 73 24 which
2140 1855 45 16 one
2196 1849 103 24 month's
2309 1849 79 24 notice
2396 1850 49 25 will
2454 1851 31 24 be

1900 1878 71 31 given
1980 1887 7 19 ;
2003 1880 48 23 and
2062 1887 31 17 no
2104 1880 49 28 call,
2161 1883 25 21 at
2196 1889 47 24 any
2253 1889 47 17 one
2309 1882 65 29 time,
2386 1883 47 24 will
2444 1891 42 17 ex-

1900 1911 57 24 ceed
1970 1911 48 24 10/.
2030 1920 42 24 per
2083 1913 73 24 share.

1935 1942 52 25 The
1998 1943 124 26 Directors
2135 1954 42 16 are
2187 1950 25 21 to
2223 1947 61 25 have
2295 1948 42 24 the
2348 1949 76 23 entire
2433 1956 52 17 ma-

1899 1981 128 27 nagement
2044 1978 47 24 and
2107 1979 88 24 control
2206 1980 28 24 of
2247 1980 41 24 the
2305 1981 81 29 funds,
2396 1981 89 25 forma-

1898 2009 58 28 tion,
1964 2010 159 32 proceedings,
2129 2012 45 23 and
2183 2012 76 24 affairs
2269 2013 28 24 of
2302 2013 41 24 the
2353 2014 132 33 Company,

1899 2042 47 23 and
1952 2050 41 16 are
2002 2044 143 31 empowered
2150 2047 27 21 to
2185 2049 65 20 enter
2258 2046 51 24 into
2317 2054 48 24 any
2373 2055 114 23 arrange-

1898 2078 78 20 ments
1996 2075 118 26 whatever
2132 2076 74 25 which
2225 2078 57 32 they
2301 2087 56 24 may
2376 2080 110 26 consider

1899 2106 128 26 conducive
2045 2112 26 20 to
2088 2109 38 24 the
2147 2109 109 26 interests
2280 2112 27 24 of
2328 2112 47 24 this
2396 2113 89 24 under-

1898 2139 90 32 taking,
1990 2153 32 5 —
2023 2144 26 21 to
2069 2149 94 24 prepare
2180 2151 16 15 a
2209 2143 70 24 Deed
2297 2144 28 24 of
2343 2144 143 26 Settlement

1898 2173 37 22 for
1946 2173 41 23 the
1998 2177 161 28 management
2170 2176 29 23 of
2205 2176 40 24 the
2258 2176 130 34 Company,
2399 2178 49 24 and
2458 2182 27 21 to

1897 2205 55 23 take
1970 2214 47 23 any
2029 2210 62 28 steps
2106 2207 49 24 that
2172 2216 54 24 may
2237 2209 30 24 be
2283 2209 104 33 thought
2397 2219 88 23 proper

1897 2238 96 24 relative
2001 2242 25 21 to
2039 2247 30 16 an
2079 2239 46 24 Act
2134 2240 29 24 of
2171 2240 143 26 Parliament
2326 2250 27 16 or
2364 2251 15 16 a
2389 2243 96 25 charter

1897 2270 24 24 in
1940 2271 39 23 aid
1994 2272 28 23 of
2036 2272 61 24 their
2115 2273 72 31 plans,
2199 2275 140 31 application
2357 2276 38 23 for
2406 2276 81 25 which.

1898 2303 46 24 will
1955 2304 30 24 be
1995 2304 69 24 made
2077 2306 52 23 with
2140 2306 41 24 the
2192 2306 60 25 least
2262 2308 103 31 possible
2373 2308 75 33 delay,

1898 2336 46 24 and
1959 2337 122 33 generally
2096 2342 24 20 to
2135 2339 71 32 adopt
2223 2341 58 23 such
2297 2348 121 17 measures
2435 2343 49 24 and

1897 2369 153 33 proceedings
2070 2370 53 24 with
2145 2372 119 25 reference
2283 2376 25 21 to
2329 2374 41 24 the
2391 2378 92 27 grants,

1897 2402 47 23 and
1954 2402 103 32 disposal
2068 2403 28 24 of
2109 2403 85 30 shares,
2206 2414 26 16 or
2244 2407 131 28 otherwise,
2386 2415 26 16 as
2424 2407 59 32 they

1897 2433 60 25 shall
1969 2435 108 24 consider
2088 2436 125 32 expedient.

1931 2466 52 25 The
2003 2468 79 25 shares
2100 2469 22 23 in
2140 2469 40 25 the
2198 2471 52 24 first
2268 2472 106 24 instance
2385 2473 49 23 will
2450 2473 32 24 be

1895 2499 80 25 issued
1991 2501 26 23 in
2037 2501 60 31 scrip
2114 2503 104 31 receipts,
2228 2512 65 24 upon
2304 2505 76 24 which
2391 2505 48 24 will
2450 2506 33 24 be

1896 2532 110 25 indorsed
2017 2534 41 23 the
2075 2534 110 33 principal
2195 2536 56 24 laws
2270 2537 47 24 and
2333 2538 150 31 regulations

1896 2565 31 32 by
1938 2565 77 25 which
2034 2567 41 24 the
2094 2567 119 33 Company
2229 2569 20 24 is
2268 2573 24 20 to
2310 2571 31 23 be
2359 2571 124 31 governed

1895 2598 61 23 until
1968 2607 14 15 a
1993 2598 71 25 Deed
2074 2599 28 24 of
2115 2599 137 27 Settlement
2269 2602 62 24 shall
2341 2603 61 24 have
2419 2604 64 25 been,

1897 2631 96 23 entered
2003 2632 58 28 into,
2074 2640 26 16 or
2113 2640 29 16 an
2154 2633 49 24 Act
2221 2635 26 24 of
2264 2635 146 25 Parliament
2418 2637 64 24 have

1895 2663 59 24 been
1966 2664 116 25 obtained.

1928 2695 104 26 Further
2049 2698 147 25 information
2213 2708 31 16 on
2261 2709 73 24 every
2345 2701 66 32 point
2422 2710 56 16 con-

1894 2729 84 24 nected
1989 2730 57 23 with
2064 2731 41 24 the
2118 2732 121 32 Company
2256 2741 55 24 may
2323 2734 29 24 be
2369 2734 112 26 obtained

1895 2761 62 24 from
1968 2762 41 24 the
2023 2762 126 33 Secretary,
2161 2769 25 20 at
2196 2765 40 24 the
2249 2765 84 26 Office.

1921 2793 115 30 London,
2046 2796 66 24 June
2122 2797 41 29 20,
2177 2798 71 24 1839.
