2540 3799
85 129 42 24 the
137 130 58 23 land
203 131 86 27 orders,
298 129 76 24 which
382 129 49 24 will
438 129 80 24 entitle
527 129 40 23 the
575 127 95 24 holders

85 162 101 29 thereof,
205 171 26 15 or
248 162 60 24 their
326 165 91 28 agents,
434 165 25 20 to
477 162 71 23 select
566 163 104 28 country

84 195 104 24 sections
198 195 155 31 accordingly,
364 195 75 23 either
449 197 26 21 at
485 193 40 24 the
536 192 133 32 company's

84 227 114 31 principal
215 228 139 27 settlement,
372 235 28 15 or
417 229 25 21 at
459 225 133 31 Hokianga,
611 224 59 24 Kai-

83 268 64 23 para,
158 259 133 28 Manukau,
308 259 41 24 the
360 259 87 23 islands
456 259 31 23 of
496 257 113 24 Waiheke
621 257 49 23 and

84 291 84 29 Paroa,
186 292 40 24 the
243 291 96 24 borders
356 292 27 23 of
397 291 40 24 the
449 291 110 26 Thames,
578 298 26 15 or
621 298 47 23 any

84 324 67 24 other
163 328 53 28 part
224 325 28 23 of
259 324 40 24 the
310 327 95 28 present
414 331 27 15 or
448 323 79 23 future
538 322 128 24 territories

81 357 32 24 of-
117 357 42 24 the
168 365 120 23 company,
299 365 27 15 so
339 364 58 15 soon
407 364 26 15 as
441 355 41 23 the
492 355 110 31 requisite
614 363 54 15 sur-

47 397 3 3 •
81 397 58 23 veys
150 390 95 23 thereof
251 389 59 24 shall
318 388 59 24 have
388 388 59 23 been
459 387 136 31 completed.
612 387 54 24 The

79 421 96 25 holders
188 422 45 24 will
244 421 116 24 therefore
371 421 72 23 select
453 423 25 20 at
492 420 113 31 pleasure,
624 424 42 20 out

80 454 28 23 of
123 454 32 24 all
171 454 41 24 the
228 452 133 37 company's
371 452 129 24 territories
512 452 74 24 which
604 452 61 24 shall

78 486 59 24 then
147 487 31 24 be
190 486 113 32 surveyed
313 494 27 16 as
351 488 100 27 country
463 486 108 27 sections,
588 493 12 15 a
614 493 50 15 sec-

78 519 50 24 tion
140 520 29 23 of
183 520 46 23 100
241 527 62 15 acres
314 518 39 23 for
364 517 58 26 each
432 517 57 24 land
499 518 76 28 order,
585 517 25 24 in
621 518 42 23 the

77 551 71 24 order
158 552 26 23 in
195 552 73 23 which
280 550 40 24 the
334 550 57 24 land
402 550 81 24 orders
499 550 59 24 shall
569 550 28 23 be
609 558 54 23 pre-

77 585 84 23 sented
176 588 25 20 to
218 584 40 23 the
275 582 132 32 company's
423 583 104 23 resident
541 582 78 27 officer
635 583 26 23 in

78 614 63 26 New
152 616 111 24 Zealand.

110 649 54 24 The
181 648 54 24 land
254 648 80 24 orders
349 647 48 25 will
412 647 31 25 be
461 647 154 25 transferable
636 651 25 21 at

75 680 42 25 the
132 681 108 32 pleasure
257 681 27 23 of
298 680 41 25 the
349 680 95 24 holders
452 690 6 18 ;
476 680 46 23 and
532 688 16 16 a
558 681 102 31 registry

74 714 48 24 will
131 714 31 24 be
172 714 56 31 kept
240 717 23 20 at
271 713 39 24 the
322 712 136 33 company's
470 712 78 24 offices
559 713 24 23 in
594 712 66 24 Lon-

74 746 54 29 don,
137 747 47 23 and
194 745 25 25 in
229 746 40 24 the
278 747 140 27 settlement,
430 753 25 16 as
464 745 53 24 well
525 745 28 24 of
561 745 99 32 original

72 778 56 25 land
140 780 88 27 orders,
240 787 25 15 as
278 779 27 23 of
312 778 33 24 all
356 778 113 24 transfers
481 778 99 24 thereof.

106 811 37 24 Of
150 812 43 23 the
208 811 87 24 monies
306 815 26 20 to
343 811 29 23 be
385 811 53 31 paid
448 814 26 19 to
485 811 40 23 the
543 818 114 25 company

70 843 33 34 by
113 845 148 31 purchasers,
278 844 32 23 25
323 851 42 24 per
375 847 61 20 cent,
448 843 56 32 only
516 843 46 24 will
572 843 29 24 be
619 852 37 15 re-

70 877 85 24 served
172 877 32 32 by
215 877 41 23 the
275 884 115 24 company
407 876 38 24 for
463 876 61 24 local
544 884 112 24 expenses

70 910 47 23 and
128 909 69 24 other
207 917 120 24 purposes.
350 913 2 4 '
362 908 52 25 The
430 908 137 28 remainder,
585 908 72 33 being

69 942 32 24 75
113 950 42 24 per
164 947 67 23 cent.,
240 942 46 23 will
296 942 29 23 be
338 941 46 23 laid
395 944 42 21 out
447 941 32 32 by
490 941 40 24 the
542 949 114 25 company

68 974 39 25 for
123 975 41 24 the
181 974 115 25 exclusive
311 974 89 23 benefit
411 973 27 24 of
451 974 42 23 the
509 974 147 32 purchasers,

68 1007 26 25 in
104 1007 83 32 giving
197 1007 67 24 value
275 1011 24 19 to
310 1006 42 24 the
363 1006 56 24 land
431 1006 52 26 sold
494 1007 31 31 by
533 1006 124 33 defraying

68 1040 41 23 the
121 1044 51 19 cost
184 1041 27 22 of
219 1039 137 33 emigration
367 1042 26 20 to
403 1039 42 24 the
458 1039 152 24 settlements-
668 1033 1 37 j

103 1072 110 33 Original
223 1072 138 33 purchasers
370 1072 28 23 of
406 1071 55 24 land
472 1072 80 23 orders
562 1072 93 24 intend-
667 1080 1 25 j

66 1105 43 31 ing
125 1108 25 21 to
172 1106 111 31 emigrate
303 1105 47 23 will
374 1105 31 23 be
425 1105 96 23 entitled
541 1107 25 21 to
586 1105 69 24 claim,
666 1112 2 17 i

66 1138 63 24 from
140 1138 42 24 the
194 1145 119 24 company,
325 1140 42 21 out
382 1137 28 24 of
418 1137 41 24 the
469 1137 60 24 fund
541 1141 35 20 set
587 1141 68 28 apait

66 1170 39 24 for
122 1171 145 31 emigration,
285 1178 30 16 an
332 1169 152 32 expenditure
501 1169 69 32 equal
583 1173 25 21 to
620 1171 34 23 60

65 1211 43 24 per
120 1207 61 20 cent,
193 1204 26 23 of
226 1203 62 24 their
298 1202 220 33 purchase-money,
529 1203 38 23 for
578 1211 14 15 a
602 1202 52 25 free

64 1243 100 25 passage
182 1237 37 23 for
236 1235 148 28 themselves,
403 1235 62 24 their
482 1235 106 28 families,
606 1236 46 25 and

65 1272 116 24 servants,
202 1268 89 32 subject
308 1272 26 19 to
351 1268 42 23 the
410 1267 133 33 company's
560 1268 93 32 regula-

64 1301 70 24 tions.
169 1301 142 24 Purchasers
324 1304 24 20 to
365 1300 42 24 the
425 1304 80 20 extent
516 1301 28 23 of
558 1304 23 20 at
592 1301 60 24 least

63 1333 50 24 800
132 1342 73 21 acres,
224 1338 42 19 riot
284 1333 124 31 intending
424 1336 25 21 to
468 1333 118 32 emigrate,
604 1334 47 23 will

62 1366 57 29 also,
130 1367 25 23 in
168 1367 85 32 special
263 1374 72 20 cases,
346 1366 30 24 be
387 1366 98 24 allowed
496 1369 24 20 to
531 1366 120 24 nominate

61 1399 63 24 their
139 1400 58 23 land
207 1403 82 28 agents
299 1399 39 24 for
350 1406 14 16 a
373 1399 53 26 free
437 1399 68 23 cabin
515 1407 97 23 passage
624 1403 25 20 to

60 1431 42 25 the
113 1432 153 24 settlements.
661 1437 2 20 !

94 1465 52 24 The
158 1465 131 24 remainder
304 1465 29 24 of
347 1465 41 23 the
404 1464 61 24 fund
482 1467 36 21 set
534 1467 65 29 apart
609 1465 39 24 for

61 1498 139 31 emigration
211 1498 46 23 will
273 1498 29 23 be
313 1498 49 23 laid
379 1501 43 20 out
437 1497 33 32 by
481 1496 41 25 the
533 1505 115 24 company

59 1530 28 27 in.
95 1531 126 31 providing
231 1539 15 15 a
256 1531 50 23 free
324 1538 101 24 passage
441 1530 40 23 for
497 1538 81 23 young
593 1538 54 23 per-
659 1529 2 30 j

59 1570 54 17 sons
126 1563 28 24 of
168 1563 41 24 the
225 1563 126 31 labouring
369 1562 67 28 class,
452 1562 54 28 and,
525 1570 25 15 as
565 1562 37 24 far
620 1571 26 16 as

57 1595 110 32 possible,
179 1596 28 24 of
221 1595 41 25 the
280 1599 45 21 two
345 1604 66 15 sexes
426 1595 25 24 in
470 1595 69 32 equal
549 1603 97 24 propor-

56 1629 71 27 tions.

89 1660 135 26 Labourers
245 1661 101 24 selected
362 1661 32 32 by
413 1660 140 32 purchasers
572 1660 39 24 for
630 1670 15 14 a
658 1658 1 24 I

56 1693 49 24 free
116 1703 99 23 passage
229 1698 64 20 must
303 1694 30 23 be
345 1694 91 30 subject
447 1696 26 20 to
489 1693 111 31 approval
611 1693 33 32 by
657 1695 1 26 |

56 1726 40 24 the
108 1735 122 24 company,
247 1735 24 17 as
283 1729 103 29 respects
399 1734 51 23 age,
463 1734 49 20 sex,
523 1726 47 23 and
580 1726 64 31 good

55 1759 128 24 character.

87 1792 30 23 In
134 1794 42 22 the
195 1792 109 24 selection
320 1791 28 24 of
364 1791 69 24 other
449 1790 125 32 labouring
585 1792 57 23 emi-

53 1829 89 27 grants,
154 1825 42 24 the
211 1832 114 24 company
336 1824 46 24 will
400 1825 55 30 give
473 1832 14 15 a
505 1824 135 31 preference

53 1860 25 21 to
94 1858 129 32 applicants
243 1858 51 23 who
314 1856 61 25 shall
393 1857 32 23 be
443 1856 77 24 under
539 1865 101 24 engage-

52 1894 66 20 ment
136 1894 26 20 to
182 1890 65 24 work
265 1891 38 23 for
323 1890 128 31 capitalists
472 1890 123 31 intending
614 1893 25 20 to

52 1923 120 32 emigrate.
184 1942 6 5 .

84 1957 22 23 A
122 1957 62 23 scale
195 1957 27 23 of
238 1956 41 24 the
296 1948 106 31 rktesat
413 1954 77 24 which
507 1955 67 23 cabin
591 1955 48 23 and

50 1991 107 29 steerage
173 1997 111 24 passages
304 1988 48 23 will
372 1988 31 23 be
419 1987 114 32 provided
550 1988 32 31 by
595 1988 43 24 the

48 2029 117 25 company
189 2023 24 23 in
235 2022 136 31 proportion
399 2023 26 21 to
449 2020 42 24 the
513 2020 125 31 purchase-

47 2062 87 24 money
146 2055 29 24 of
183 2055 57 23 land
251 2055 87 28 orders,
346 2053 48 24 will
404 2053 31 24 be
447 2053 118 24 exhibited
574 2053 63 24 from

49 2087 58 24 time
118 2091 25 20 to
154 2088 57 23 time
222 2091 25 20 at
258 2087 40 23 the
310 2085 134 33 company's
456 2086 74 23 office.

83 2120 54 24 The
147 2121 60 23 land
216 2120 79 25 orders
304 2128 41 16 are
355 2123 25 20 to
391 2119 32 23 be
433 2118 108 24 received
551 2126 26 16 as
588 2119 49 23 suf-

47 2153 81 25 ficient
139 2161 166 24 conveyances,
324 2152 47 23 and
381 2152 139 26 conclusive,
527 2150 110 25 evidence

48 2186 29 24 of
92 2186 42 24 the
153 2185 134 32 company's
306 2185 53 23 title
368 2194 6 18 ;
391 2184 48 24 and
450 2192 15 16 a
476 2184 123 24 certificate
612 2184 27 24 of

46 2227 33 16 an
90 2219 80 24 officer
183 2220 28 23 of
224 2218 40 24 the
282 2225 116 25 company
409 2217 25 23 in
444 2217 42 23 the
503 2217 134 23 settlement
649 2215 1 40 j

47 2251 139 25 authorized
204 2252 25 23 in
248 2251 51 23 that
321 2250 88 28 behalf,
429 2250 147 31 mentioning
594 2249 43 24 the

47 2285 89 23 section
146 2284 74 24 fallen
231 2291 28 16 or
270 2283 108 31 assigned
396 2286 25 20 to
438 2283 41 23 the
495 2282 34 23 lot
548 2283 28 22 of
589 2290 48 24 any

46 2317 57 24 land
114 2317 77 28 order,
211 2317 19 23 is
250 2320 24 20 to
293 2317 31 23 be
343 2315 111 32 accepted
474 2323 25 15 as
520 2314 116 24 sufficient

47 2350 111 24 evidence
175 2350 99 28 thereof,
292 2349 48 24 and
357 2357 25 15 as
402 2356 31 15 an
444 2347 78 24 actual
532 2347 104 32 delivery

47 2383 28 24 of
82 2383 42 24 the
134 2383 134 32 possession
277 2382 27 24 of
311 2382 42 23 the
365 2382 89 23 section
465 2380 134 24 mentioned
609 2381 26 23 in

47 2416 57 23 such
117 2416 125 23 certificate
250 2425 6 18 ;
271 2415 47 23 and
327 2415 42 23 the
379 2422 116 24 company
506 2421 40 16 are
557 2417 42 20 not
608 2417 26 20 to

46 2448 30 24 be
87 2448 137 24 considered
235 2456 26 16 as
273 2447 170 32 guaranteeing
459 2446 41 24 the
518 2445 58 29 title,
593 2454 41 15 ex-

47 2484 52 29 cept
110 2490 26 15 as
148 2481 92 31 against
254 2481 61 23 their
331 2488 52 16 own
400 2483 57 24 acts,
475 2479 47 23 and
531 2478 42 24 the
584 2482 49 20 acts

46 2514 28 24 of
89 2514 69 24 those
171 2514 106 30 deriving
287 2512 52 25 title
356 2512 76 24 under
444 2520 26 15 or
487 2512 25 23 in
522 2514 63 21 trust
594 2512 39 23 for

45 2546 73 24 them.

80 2578 85 25 Forms
177 2580 28 23 of
212 2580 41 23 the
263 2578 56 24 land
330 2578 81 24 orders
422 2585 55 24 may
487 2577 30 24 be
534 2585 55 16 seen
600 2585 33 16 on

45 2613 141 32 application
197 2616 24 20 at
230 2612 41 24 the
283 2610 133 33 company's
429 2610 74 24 office.

179 2645 38 32 By
227 2645 69 23 order
307 2645 28 22 of
344 2644 40 23 the
394 2643 122 28 directors,

364 2676 74 24 John
452 2676 98 28 Ward,
563 2675 51 25 Sec.

46 2709 61 27 New
117 2710 104 25 Zealand
230 2709 68 24 Land
307 2709 142 32 Company's
460 2707 84 30 Office,

177 2743 56 32 July
245 2742 66 30 30th,
328 2742 72 24 1839.

1873 123 20 23 he
1921 124 25 23 in
1957 125 52 23 that
2020 126 97 24 channel
2135 131 63 19 must
2214 127 126 31 inevitably
2351 127 95 23 become
2462 126 41 24 the

1873 163 20 17 yr
1921 160 63 21 most
1994 157 141 33 frequented
2145 163 53 28 port
2208 160 27 23 of
2243 159 120 24 colonized
2376 158 57 25 New
2443 158 62 24 Zea-

1873 187 19 25 le
1920 188 62 24 land.
2016 190 25 24 A
2056 199 64 16 mere
2136 192 109 27 harbour,
2260 192 118 27 however,
2397 191 108 24 whether

1920 220 67 24 there
2006 230 26 15 or
2049 223 133 29 elsewhere,
2201 224 74 32 might
2291 225 30 24 be
2338 225 29 23 of
2382 224 43 23 but
2440 223 61 24 little

1919 253 75 24 value.
2029 254 76 25 There
2114 256 22 24 is
2152 261 43 19 not
2205 258 24 22 in
2240 257 40 23 the
2291 257 82 27 world,
2389 256 109 32 perhaps,

1917 294 14 15 a
1949 286 62 24 safer
2027 295 27 15 or
2066 296 65 16 more
2148 289 156 24 commodious
2321 290 103 23 harbour
2441 288 58 24 than

1917 318 58 24 Port
1988 319 84 32 Hardy
2081 320 25 23 in
2125 320 143 25 D'Urville's
2286 322 83 24 Island
2378 331 5 19 ;
2401 322 42 23 but
2455 320 42 25 the

1915 352 122 24 smallness
2047 352 28 24 of
2081 352 40 24 the
2130 353 74 24 island
2216 354 96 24 renders
2319 355 31 23 its
2361 355 104 23 harbour
2472 353 33 25 of

1915 384 46 24 less
1978 385 143 31 importance
2138 385 57 24 than
2212 387 87 24 several
2317 387 80 24 others
2409 394 29 17 on
2454 386 41 25 the

1914 417 81 24 shores
2013 417 28 24 of
2056 415 86 27 Cook's
2160 417 78 25 Strait.
2270 419 65 24 That
2350 419 103 24 harbour
2469 419 26 24 in

1914 449 87 25 Cook's
2020 450 72 25 Strait
2109 450 22 23 is
2149 449 40 24 the
2208 454 61 21 most
2279 452 120 28 -valuable,
2416 452 77 24 which

1912 483 118 24 combines
2053 483 54 23 with
2129 482 77 32 ample
2229 484 100 32 security
2345 484 45 24 and
2408 492 90 16 conve-

1910 515 83 24 nience
2005 524 25 16 as
2041 524 15 15 a
2067 519 75 20 resort
2152 515 38 24 for
2208 515 69 31 ships,
2295 517 40 23 the
2351 521 95 20 nearest
2458 518 40 23 vi-

1910 548 72 31 cinity
1993 551 32 25 to,
2038 557 27 15 or
2076 548 40 24 the
2126 548 54 25 best
2190 548 91 25 natural
2293 557 82 16 means
2389 550 27 23 of
2427 557 64 16 com-

1908 581 142 24 munication
2062 581 62 28 with,
2136 581 40 24 the
2196 583 102 30 greatest
2309 585 80 21 extent
2399 582 28 24 of
2442 582 49 24 fer-

1907 613 47 23 tile'
1962 614 118 31 territory.
2116 614 33 24 So
2159 614 38 24 far
2213 622 25 15 as
2250 621 33 16 we
2300 621 41 16 are
2354 618 25 19 at
2395 618 104 28 present-

1906 645 123 28 informed,
2045 646 58 24 Port
2119 646 129 24 Nicholson
2267 654 99 24 appears
2384 647 106 32 superior

1907 680 23 20 to
1942 685 48 23 any
2123 680 14 14 *
2172 679 15 14 *
2221 680 13 13 *
2267 679 13 14 *

1968 709 156 33 Considering
2140 712 41 24 the
2193 712 113 24 excellent
2317 712 85 32 sailing
2413 713 74 32 quali-

1906 741 43 24 ties
1966 742 28 24 of
2015 743 39 23 the
2071 742 72 32 Tory,
2159 745 48 22 and
2222 745 50 23 that
2287 753 48 23 you
2351 753 41 16 are
2408 745 80 32 amply

1873 792 2 5 ,
1906 774 105 31 supplied
2023 774 55 25 with
2089 776 131 31 provisions
2231 777 45 23 and
2287 781 80 24 water,
2378 786 35 16 we
2423 781 64 21 trust

1905 807 51 23 that
1971 814 49 24 you
2036 816 54 23 may
2103 808 70 24 reach
2191 809 85 23 Cook's
2295 809 80 29 Strait,
2388 811 98 24 without

1904 839 114 32 touching
2034 840 131 32 anywhere,
2181 841 33 32 b)'
2225 841 38 24 the
2280 842 48 23 end
2338 842 29 23 of
2382 844 113 30 August-

1904 872 36 23 As
1958 879 59 16 soon
2028 880 25 16 as
2069 881 45 23 you
2131 873 60 24 have
2203 874 130 31 completed
2351 882 60 24 your
2420 875 66 24 busi-

1903 912 54 16 ness
1968 906 75 27 there,
2055 905 75 24 which
2140 915 35 15 we
2190 914 40 16 are
2245 907 24 22 in
2286 907 75 31 hopes
2378 915 54 24 may
2442 911 44 21 not

1903 945 90 24 occupy
2003 945 48 24 you
2060 947 66 15 more
2137 940 56 22 than
2205 943 45 19 two
2260 940 104 26 months,
2379 948 47 23 you
2437 940 48 24 will

1902 970 101 31 proceed
2015 974 24 20 to
2052 970 111 32 Kaipara,
2178 972 46 23 and
2239 972 144 32 thoroughly
2393 973 100 32 inspect'

1901 1002 51 24 that
1962 1003 105 24 harbour
2074 1004 45 23 and
2129 1004 96 24 district.
2253 1004 54 24 You
2316 1005 48 23 will
2372 1005 48 24 also
2427 1005 56 25 take

1899 1035 40 24 the
1949 1036 52 24 best
2008 1044 81 16 means
2100 1037 24 25 in
2135 1045 60 23 your
2206 1045 75 23 power
2291 1037 28 24 of
2326 1038 158 32 ascertaining

1900 1067 103 25 whether
2012 1068 65 25 there
2083 1069 28 28 is;
2115 1073 26 20 to
2149 1070 41 23 the
2199 1070 132 24 southward
2338 1070 28 24 of
2371 1070 112 33 Kaipara,

1898 1108 14 15 a
1929 1105 53 28 spot
1999 1110 66 15 more
2082 1102 99 24 suitable
2197 1102 57 24 than
2264 1103 52 23 that
2330 1107 53 27 port
2398 1107 25 20 to
2440 1103 42 25 be-
2489 1122 3 4 .

1897 1141 64 16 come
1973 1134 41 24 the
2027 1138 49 20 seat
2093 1134 26 24 of
2136 1135 40 24 the
2194 1136 146 23 commercial
2357 1136 84 30 capital

1896 1166 40 24 the
1947 1166 80 25 North
2037 1167 92 28 Island;
2140 1168 47 24 and
2194 1168 22 22 if
2224 1176 46 23 you
2281 1168 88 23 should
2376 1168 106 24 discover

1898 1199 56 23 such
1965 1208 15 15 a
1991 1203 60 28 spot,
2069 1208 47 24 you
2126 1201 48 23 will
2185 1201 132 23 endeavour
2329 1204 25 21 to
2370 1201 68 24 make
2450 1209 31 16 an

1897 1233 119 23 extensive
2028 1233 114 31 purchase
2152 1235 75 22 there.

1957 1265 37 23 At
2005 1264 102 32 Kaipara
2123 1274 49 24 you
2185 1265 44 24 will
2243 1265 87 24 exhibit
2344 1270 26 20 to
2387 1266 40 24 the
2438 1274 43 17 na-

1896 1297 60 24 tives
1974 1298 42 23 tlie
2034 1298 97 31 original
2154 1302 116 20 contracts
2291 1299 28 23 of
2338 1298 152 25 Lieutenant-

1900 1329 149 30 M'Donhell,
2062 1331 45 23 and
2117 1331 48 24 will
2176 1331 74 29 claim,
2262 1339 32 15 on
2305 1331 84 24 behalf
2397 1331 28 24 of
2438 1331 46 24 the

1900 1362 129 33 Company,
2049 1364 40 23 the
2105 1364 68 24 lands
2191 1364 90 24 therein
2298 1364 94 24 named.
2425 1363 65 25 You-

1898 1395 47 23 will
1956 1396 50 23 also
2017 1396 86 24 inform
2114 1397 41 23 the
2166 1397 96 29 natives,
2274 1397 52 23 that
2337 1396 144 25 Lieutenant

1899 1427 150 30 M'Donnell,
2060 1429 93 24 intends
2165 1433 27 23 to,
2200 1430 99 31 proceed
2310 1434 25 19 to
2344 1429 67 24 New-
2420 1428 62 25 Zea-

1898 1460 56 24 land
1968 1469 40 16 ere
2018 1461 70 32 long;
2104 1470 47 23 you
2163 1463 46 23 will
2220 1462 87 24 deliver
2317 1466 28 20 to,
2354 1463 41 23 the
2406 1462 79 31 chiefs?

1898 1493 40 24 the
1955 1494 77 28 letter,
2046 1494 109 32 whereby
2166 1495 30 24 he
2208 1495 98 24 informs
2318 1495 65 24 them
2401 1495 26 24 of
2442 1495 38 24 his

1897 1526 89 32 having
2004 1527 145 24 transferred
2168 1528 36 23 his
2221 1528 66 23 lands
2310 1528 68 24 there
2395 1531 24 20 to
2439 1527 51 25 the-

1900 1559 132 32 Company;
2049 1559 44 24 and
2105 1568 47 24 you
2164 1561 47 22 will
2221 1560 53 24 take
2285 1560 119 24 whatever
2416 1564 72 28 steps,

1897 1599 46 24 you
1962 1600 56 23 may
2037 1593 68 23 think
2121 1597 63 19 most
2206 1593 129 32 expedient,
2354 1596 26 20 to
2399 1594 81 22 obtain

1896 1625 133 30 possession
2041 1625 28 24 of
2084 1625 48 24 this
2144 1629 61 20 tract
2221 1626 24 23 in
2260 1626 42 23 the
2317 1634 69 15 name
2397 1627 28 23 of
2437 1627 41 23 the

1898 1656 129 33 Company.

1954 1691 132 31 Supposing
2097 1699 48 23 you
2152 1695 24 20 to
2184 1692 64 23 have
2253 1690 103 26 selected
2361 1691 62 25 from
2430 1700 58 23 any.

1894 1722 126 32 purchases
2038 1724 51 23 that
2111 1732 48 23 you
2176 1732 58 24 -may
2252 1724 70 24 make
2343 1725 27 23 in
2389 1724 88 25 Cook's

1896 1754 78 30 Strait,
1984 1764 27 15 or
2018 1756 40 24 the
2066 1757 190 30 neighbourhood
2264 1757 27 23 of
2293 1756 116 33 'Kaipara,
2418 1765 28 15 or
2452 1758 26 23 in

1893 1787 40 24 the
1941 1788 91 24 district
2039 1789 28 23 of
2070 1789 40 24 the
2117 1789 215 33 Company'slands
2342 1793 25 20 at
2374 1789 105 32 Kaipara
2486 1815 2 4 ,

1893 1820 52 24 that
1954 1825 53 27 spot
2015 1821 75 23 which
2102 1829 48 23 you
2160 1822 60 22 shall
2227 1822 66 23 deem
2303 1822 42 24 the
2356 1822 73 24 fittest
2439 1823 40 24 for

1894 1862 15 14 a
1914 1853 52 24 first
1975 1853 139 29 settlement,
2116 1869 33 3 —
2150 1854 51 23 that
2209 1858 54 28 spot,
2267 1855 78 23 which
2354 1855 59 24 shall
2425 1863 53 26 pre-

1895 1890 52 20 sent
1968 1886 42 24 the
2027 1890 62 20 most
2106 1887 147 31 satisfactory
2272 1888 156 23 combination
2453 1888 28 24 of
2488 1890 3 3 '

1893 1918 90 31 facility
1994 1919 28 23 of
2036 1926 84 21 access,
2139 1920 101 30 security
2250 1919 38 23 for
2301 1919 116 33 shipping,
2429 1920 48 23 fer-

1893 1950 42 24 tile
1952 1950 51 28 soil,
2015 1952 275 23 water-communication
2301 1952 57 23 with,
2375 1951 102 25 districts

1893 1983 136 32 abounding
2044 1984 25 23 in
2086 1984 47 24 flax
2150 1984 46 24 and
2211 1984 91 29 timber,
2320 1984 48 24 and
2382 1984 54 24 falls
2453 1985 38 30 of

1893 2019 72 20 water
1973 2015 38 24 for
2022 2016 40 23 the
2078 2024 102 24 purpose
2190 2017 35 29 ,of
2238 2017 69 28 mills,
2308 2031 33 5 —
2341 2017 48 24 and
2399 2017 80 25 where

1893 2048 40 25 the
1943 2049 80 23 native
2031 2048 143 25 inhabitants
2186 2049 60 27 shall
2255 2050 80 23 evince
2345 2050 42 24 the
2397 2053 80 28 great-

1893 2084 36 21 est
1947 2081 76 24 desire
2041 2084 25 21 to
2082 2083 91 23 receive
2192 2082 101 32 English
2312 2083 99 28 settlers,
2429 2083 56 26 and,

1892 2122 86 23 appear
1983 2113 71 33 |most
2068 2115 97 23 anxious
2181 2119 26 21 to
2224 2115 78 24 obtain
2317 2116 160 31 employment

1890 2147 39 23 for
1938 2155 91 23 wages;
2039 2147 66 24 there
2116 2156 49 23 you
2172 2149 48 23 will
2230 2147 68 24 make
2310 2148 32 24 all
2354 2149 57 23 such
2421 2157 56 23 pre-

1891 2180 118 31 parations
2018 2180 38 24 for
2065 2180 40 24 the
2112 2180 88 26 arrival
2206 2181 28 23 of
2241 2189 14 15 a
2264 2180 64 33 body
2336 2182 28 23 of
2373 2182 102 29 settlers,

1890 2220 26 16 as
1935 2213 41 23 the
1996 2220 81 19 means
2095 2216 24 21 at
2136 2222 60 23 your
2215 2214 101 31 disposal
2333 2214 49 25 will
2399 2214 78 24 allow.

1889 2244 122 33 Amongst
2026 2246 67 24 these
2105 2246 19 23 it
2136 2255 81 16 occurs
2229 2250 24 21 to
2264 2253 29 16 us
2304 2247 53 24 that
2374 2246 41 25 the
2429 2255 45 16 na-

1888 2277 60 25 tives
1964 2279 86 24 should
2066 2279 29 23 be
2112 2279 123 33 employed
2250 2283 24 20 at
2290 2279 85 25 liberal
2388 2288 86 23 wages,

1887 2311 25 24 in
1929 2311 84 33 felling
2029 2312 40 23 the
2083 2312 54 23 best
2154 2312 69 25 kinds
2239 2312 27 24 of
2280 2312 95 30 timber,
2390 2313 84 32 taking

1887 2344 41 24 the
1943 2344 53 32 logs
2012 2348 25 21 to
2054 2345 40 24 the
2110 2345 66 32 place
2187 2345 75 24 which
2277 2354 50 23 you
2342 2354 56 24 may
2410 2345 64 25 have

1886 2377 99 24 marked
1996 2381 41 20 out
2046 2378 38 23 for
2095 2378 41 23 the
2154 2378 43 24 site
2215 2379 27 23 of
2255 2387 14 16 a
2279 2382 71 24 town,
2363 2378 47 25 and
2420 2379 57 24 also-

1886 2410 23 22 in
1922 2410 125 32 collecting
2058 2411 47 23 and
2114 2411 127 32 preparing
2251 2411 45 24 flax
2309 2411 47 24 and
2367 2419 65 25 spars
2444 2419 33 17 as-

1886 2451 15 15 a
1915 2446 82 21 return
2008 2444 90 31 freight
2107 2444 38 23 for
2156 2444 88 24 vessels
2255 2444 77 23 which
2348 2452 55 24 may
2415 2452 56 16 con-

1886 2483 45 24 vey
1943 2476 93 24 settlers
2051 2480 25 20 to
2091 2476 41 24 the
2149 2477 73 32 place.
2254 2476 55 24 You
2320 2477 84 25 should
2419 2477 58 24 also*

1885 2508 70 25 make
1971 2509 42 24 the
2029 2509 89 24 natives
2136 2510 141 32 thoroughly
2293 2518 78 16 aware
2388 2510 27 24 of
2428 2510 46 23 the

1884 2544 84 21 nature
1979 2542 48 24 and
2035 2545 79 21 extent
2121 2543 28 23 of
2156 2542 41 24 the
2204 2543 111 23 intended
2326 2544 148 27 settlement,,
2481 2560 3 4 -

1885 2582 26 16 so
1922 2575 53 23 that
1985 2575 57 32 they
2049 2583 54 23 may
2110 2578 44 21 not
2161 2575 30 24 be
2201 2575 118 31 surprised
2327 2579 24 20 at
2362 2576 41 23 the
2412 2575 61 24 sub-

1884 2611 99 28 sequent
1994 2608 85 24 arrival
2095 2608 27 23 of
2136 2616 14 15 a
2160 2608 98 23 number
2274 2608 29 24 of
2316 2608 66 32 large
2395 2608 73 31 ships.

1883 2639 59 25 And
1952 2644 24 20 at
1987 2641 48 23 this
2046 2643 59 29 spot,
2116 2640 69 24 when
2196 2648 47 24 you
2254 2641 51 32 quit
2314 2641 26 28 it,
2356 2650 48 23 you
2412 2641 62 29 will,,

1883 2672 27 24 of
1919 2681 90 21 course,
2021 2673 64 24 leave
2098 2672 57 24 such
2166 2681 96 23 persons
2274 2682 25 15 as
2311 2681 48 24 you
2371 2683 54 23 may
2436 2674 31 23 be

1883 2705 52 25 able
1946 2709 25 21 to
1983 2714 74 23 spare,
2067 2705 45 24 and
2123 2705 60 23 shall
2194 2706 29 24 be
2234 2705 86 33 willing
2331 2709 25 21 to
2368 2707 98 28 remain,

1881 2738 39 24 for
1935 2739 40 23 the
1992 2746 101 24 purpose
2110 2738 28 23 of
2151 2739 107 31 assuring
2274 2739 42 24 the
2333 2740 91 24 natives

1881 2779 60 23 your
1951 2775 88 24 return,
2054 2771 47 24 and
2111 2771 28 23 of
2153 2772 112 32 pursuing
2281 2772 42 24 the
2335 2772 92 24 labours
2440 2773 32 23 of

1882 2804 154 31 preparation.
2070 2803 39 24 On
2118 2804 104 32 quitting
2231 2805 45 24 this
2289 2808 60 28 spot,
2361 2813 48 23 you
2417 2805 48 24 will

1881 2836 99 30 proceed
1987 2836 96 31 directly
2088 2840 25 20 to
2121 2836 59 24 Port
2187 2837 90 32 Hardy,
2284 2837 25 23 in
2317 2837 148 25 D'Urville's

1881 2868 85 28 Island,
1978 2868 79 24 where
2068 2878 46 22 you
2125 2869 48 24 will
2189 2871 87 22 remain
2288 2869 61 24 until
2363 2878 64 17 some
2438 2871 29 24 of

1881 2901 40 23 the
1933 2900 141 33 Company's
2080 2902 77 23 vessel
2169 2902 58 23 shall
2239 2902 76 23 arrive
2325 2903 64 23 from
2397 2903 72 32 Eng-
2477 2911 4 3 •

1879 2933 62 24 land.
1975 2933 37 32 By
2028 2935 41 23 the
2088 2935 52 23 first
2150 2935 47 23 and
2215 2935 143 31 subsequent
2375 2936 94 23 vessels,

1880 2974 46 23 you
1936 2966 47 23 will
2003 2967 90 23 receive
2111 2967 94 24 further
2215 2967 160 25 instructions.
2407 2968 30 27 It,
2441 2968 21 24 is

1881 2999 26 23 of
1921 2999 109 23 essential
2041 3007 159 24 consequence
2211 2999 51 24 that
2272 3008 47 23 you
2333 3000 92 30 should,
2443 3001 24 23 if
2468 3003 4 4 '

1879 3031 108 31 possible,
2008 3032 69 23 reach
2096 3032 58 23 Port
2166 3032 85 32 Hardy
2260 3033 31 29 by
2303 3032 41 24 the
2358 3033 60 24 20th
2436 3034 33 23 of

1879 3062 105 33 January
1995 3068 63 25 next,
2074 3073 33 20 or,
2122 3064 22 24 if
2151 3065 52 23 that
2215 3064 83 25 should
2309 3069 42 20 not
2362 3066 29 24 be
2408 3074 55 24 pos-

1879 3096 64 28 sible,
1959 3097 52 24 that
2022 3106 48 22 you
2079 3097 52 24 find
2139 3106 81 15 means
2232 3098 26 23 of
2266 3099 160 31 transmitting
2436 3102 30 20 to-

1879 3129 40 24 the
1931 3128 146 33 Company's,
2083 3130 96 29 vessels,
2199 3130 51 24 that
2260 3130 47 24 will
2319 3131 27 23 be
2359 3131 104 24 directed

1878 3164 24 21 to
1914 3161 72 24 touch
1996 3162 67 24 there
2074 3163 31 31 by
2115 3163 53 24 that
2179 3164 63 28 time,
2254 3171 13 16 a
2274 3163 45 23 full
2326 3167 99 20 account
2436 3164 32 23 of

1879 3194 39 23 the
1930 3198 55 28 spot
1994 3203 31 15 on
2036 3195 74 24 which
2120 3204 50 23 you
2180 3204 54 23 may
2244 3196 59 23 have
2316 3196 146 24 determined

1879 3234 24 16 as
1915 3226 41 24 the
1967 3227 46 24 site
2025 3228 27 23 of
2060 3228 40 24 the
2111 3229 53 23 first

697 127 97 23 harness
822 126 101 28 makers,
963 127 58 23 Boot
1048 126 45 24 and
1121 126 144 24 shoemaker!

697 159 91 31 tailors,,
801 162 104 25 tanners,
925 159 167 27 brickmakers,
1106 159 159 23 lime-burneri

697 192 45 23 and
752 191 33 24 all
795 199 100 23 persons
911 191 111 32 .engaged
1040 191 24 24 in
1082 191 39 24 the
1140 191 103 24 erection
1255 200 10 15 c

696 224 125 31 buildings.

728 263 23 21 4.
770 260 103 24 Persons
886 260 108 33 engaged,
1001 261 27 23 in
1040 261 40 23 the
1091 261 73 23 above
1179 269 86 24 occupa

695 293 61 24 tions
768 293 51 24 who
831 302 55 24 may
896 293 72 32 apply
977 293 40 24 far
1036 301 15 16 a
1067 294 49 23 free
1137 301 99 24 passage
1254 297 11 20 t

696 325 181 30 New-Zealand.,
895 330 64 19 must
976 326 111 24 transmit
1102 330 25 19 to
1148 326 42 23 the
1210 326 55 24 offic

694 359 28 23 of
728 358 41 24 the
781 366 121 24 company,
918 358 53 24 free
987 359 29 23 of
1031 366 107 24 expense,
1155 359 42 23 the
1214 366 51 16 mos

693 391 148 32 satisfactory
852 391 154 24 testimonials
1019 399 25 16 as
1052 395 26 20 to
1088 390 61 25 their
1157 391 108 32 qualifica

693 424 71 29 tions,
774 424 126 28 character,
913 424 48 24 and
971 424 88 24 health.

725 461 22 23 5.
765 460 69 32 They
845 465 64 19 must
928 461 29 26 be
977 461 120 24 labourers
1107 461 73 32 going
1192 464 42 21 out
1250 459 15 25 ti

692 493 64 23 work
773 493 39 24 for
823 502 77 23 wages
919 494 31 23 in-
965 493 41 24 the
1032 494 89 32 colony,
1145 495 28 22 of
1198 502 67 15 sounc

690 525 64 24 mind
772 526 45 23 and
838 526 69 32 body,
925 530 43 20 not
984 526 47 25 less
1051 526 56 25 than
1124 526 89 28 fifteen,
1229 535 36 15 noi

690 566 64 16 more
766 558 57 24 than
834 559 75 32 thirty
919 567 69 24 years
1000 559 28 24 of
1041 567 49 24 age,
1106 559 47 23 and
1163 559 102 24 married

691 590 51 24 The
752 591 118 31 marriage
881 591 125 24 certificate
1022 595 63 20 must
1097 592 30 23 be
1146 591 119 32 produced

690 622 52 25 The
752 623 52 24 rule
820 632 27 16 as
858 627 25 21 to
900 632 45 23 age
956 624 48 24 will
1022 624 30 24 be
1067 624 152 31 occasionally
1232 624 33 24 de>

688 656 82 31 parted
789 656 63 24 from
867 657 25 23 in
910 657 86 24 favour
1015 657 28 23 of
1061 665 97 23 persons
1182 657 83 31 having

687 688 65 31 large
773 688 109 30 families,
901 690 78 23 whose
1000 690 167 31 qualifications
1189 697 41 16 are
1247 690 18 24 ii

688 721 67 23 other
765 726 106 27 respects
882 722 156 32 satisfactory.

720 759 23 23 6.
759 758 37 24 To
815 759 43 24 the
869 759 70 25 wives
958 759 28 24 of
1001 759 120 25 labourers
1140 759 56 25 thus
1217 765 48 19 seni

686 794 48 25 out,
745 791 41 24 the
798 800 115 24 company
924 792 70 25 offers
1013 801 14 16 a
1043 792 49 25 free
1104 801 97 23 passage
1212 794 53 24 with

684 824 61 24 their
755 824 130 25 husbands.

718 865 23 21 7.
758 864 36 24 To
807 864 76 32 single
892 872 90 16 women
994 872 15 16 a
1080 873 96 24 passage
1183 865 48 23 will
1239 865 26 25 be

683 897 106 30 granted,
809 897 114 33 provided
942 898 57 31 they
1018 905 30 24 go
1069 901 39 20 out
1128 897 77 24 under
1226 898 39 25 the

685 930 130 30 protection
828 930 29 23 of
865 930 62 24 their
937 934 104 28 parents,
1053 939 27 15 or
1087 938 57 16 near
1150 930 115 25 relatives,

685 970 26 15 or
723 962 75 23 under
808 963 78 23 actual
897 966 169 28 engagements
1081 971 25 15 as
1118 966 106 21 servants
1242 967 23 20 to

683 994 71 24 ladies
762 995 74 32 going
845 998 42 21 out
893 1003 25 16 as
928 996 66 23 cabin
1003 1003 137 24 passengers
1153 1004 31 15 on
1194 996 71 24 board

683 1027 41 24 the
744 1036 63 15 same
827 1028 84 24 vessel.
946 1028 52 24 The
1020 1029 134 31 preference
1175 1028 47 24 will
1237 1029 28 24 be

683 1060 69 31 given
765 1064 24 20 to
800 1060 69 25 those
876 1062 148 23 accustomed
1033 1065 24 20 to
1067 1062 61 23 farm
1137 1061 47 24 and
1191 1061 74 32 dairy-

683 1093 71 28 work,
777 1097 25 19 to
824 1097 172 28 sempstresses,
1020 1093 182 32 straw-platters,
1220 1095 45 23 and

683 1125 113 24 domestic
806 1130 115 22 servants.

715 1165 24 24 8.
759 1165 53 24 The
824 1165 106 24 children
947 1166 28 23 of
990 1169 95 29 parents
1105 1169 52 20 sent
1177 1169 43 20 out
1234 1166 31 32 by

681 1198 42 23 the
735 1206 115 24 company
861 1198 46 24 will
918 1199 92 24 receive
1025 1208 15 15 a
1055 1199 50 23 free
1123 1206 106 24 passage,
1248 1199 17 23 ii

681 1231 58 31 they
748 1239 41 16 are
801 1231 76 26 uncle*
888 1239 51 21 one,
951 1239 27 16 or
994 1232 45 23 full
1057 1231 80 24 fifteen
1241 1232 24 23 of

681 1271 48 23 age.
742 1267 24 22 at
785 1264 42 23 the
843 1264 57 28 ijme
923 1264 28 24 of
967 1264 168 24 embarkation.
1169 1263 48 24 For
1233 1264 32 24 all

681 1297 65 26 other,
760 1296 106 27 children
885 1297 66 24 three
970 1297 90 32 pounds
1078 1297 56 23 each
1153 1301 65 19 must
1234 1297 31 23 be

680 1329 61 31 paid,
759 1329 27 24 in
805 1329 54 28 full,
884 1330 81 24 before
991 1329 158 24 embarkation
1171 1329 32 32 by
1222 1329 42 24 the

679 1365 94 28 parents
797 1370 27 15 or
846 1362 97 29 friends,
964 1370 27 16 or
1010 1363 32 31 by
1060 1363 40 22 the
1118 1362 87 31 parish.
1240 1361 24 25 It

679 1394 46 23 will
734 1395 28 23 be
773 1395 90 24 useless
874 1399 25 20 to
918 1395 71 32 apply
1005 1396 39 22 for
1062 1403 15 15 a
1091 1394 129 24 relaxation
1238 1394 27 24 of

677 1427 48 23 this
737 1427 57 24 rule.

711 1467 23 23 9.
750 1466 104 25 Persons
866 1470 41 22 not
919 1466 91 33 strictly
1021 1466 95 24 entitled
1127 1469 24 21 to
1162 1467 31 23 be
1204 1475 56 15 con-

676 1499 73 32 veyed
762 1504 41 19 out
814 1500 32 32 by
858 1500 40 23 the
909 1499 138 32 emigration
1053 1499 65 28 fund,
1127 1499 21 24 if
1157 1503 43 20 not
1212 1500 47 23 dis-

677 1532 109 31 qualified
797 1540 30 16 on
851 1537 98 23 account
966 1532 28 24 of
1013 1532 124 28 character,
1161 1532 54 28 will,
1233 1533 25 23 in

675 1566 41 22 the
728 1565 125 24 discretion
865 1565 28 24 of
899 1565 41 23 the
949 1564 120 29 directors,
1080 1565 29 22 be
1125 1565 99 23 allowed
1231 1569 26 20 to

674 1605 143 24 accompany
827 1598 42 23 the
879 1598 51 23 free
941 1598 134 30 emigrants,
1092 1605 29 15 on
1133 1598 87 31 paying
1231 1601 26 20 to

674 1630 44 24 the
726 1638 113 24 company
851 1630 42 24 the
907 1631 57 23 bare
975 1633 105 20 contract
1090 1631 62 30 price
1163 1631 29 23 of
1203 1639 54 23 pas-

674 1671 63 23 sage,
747 1663 39 23 for
804 1664 41 23 the
865 1664 56 23 time
932 1663 81 31 being.,
1045 1662 50 24 The
1108 1662 98 32 charges
1217 1664 40 23 for

673 1696 104 23 children
789 1704 40 15 are
841 1704 26 15 as
977 1704 6 14 :
986 1709 31 4 —
1017 1694 82 28 •-Under,
1111 1703 45 17 one
1166 1704 57 23 year
1230 1697 29 23 of

672 1737 51 23 age,
735 1737 30 15 no
784 1728 86 32 charge
879 1738 7 18 ;
902 1736 45 16 one
962 1735 57 25 year
1036 1728 47 23 and
1099 1728 75 24 under
1192 1730 62 28 nine,

672 1761 119 23 one-third
810 1761 27 23 of
855 1761 42 23 the
915 1761 86 32 charge
1024 1761 37 23 for
1083 1761 90 28 adults;
1199 1762 56 23 nine

671 1801 68 24 years
750 1794 29 23 of
793 1801 44 24 age
855 1794 47 23 and
919 1793 76 24 under
1010 1794 114 28 fourteen,
1147 1795 110 23 one-half

670 1826 41 24 the
723 1826 84 31 charge
817 1826 39 24 for
867 1826 77 24 adults
953 1836 6 18 ;
974 1826 48 26 but
1028 1826 22 24 if
1060 1826 41 24 the
1117 1824 95 33 parent's
1224 1828 30 23 be

670 1860 28 22 of
712 1859 40 24 the
774 1859 124 31 labouring
920 1859 68 27 class,
1010 1859 41 23 the
1080 1859 104 24 children
1206 1860 48 23 will

669 1892 31 23 be
707 1892 72 24 taken
791 1895 41 20 out
844 1900 31 15 on
883 1892 43 24 *the
935 1895 76 20 terms
1023 1892 75 23 stated
1107 1892 26 24 in
1148 1891 105 32 Regula-

667 1925 50 23 tion
728 1925 24 23 8.
1252 1926 5 9 '

700 1965 40 23 ■10.
756 1963 45 25 All
812 1965 135 31 emigrants,
960 1963 77 25 adults
1048 1972 26 16 as
1085 1964 52 24 well
1148 1972 26 16 as
1194 1965 58 24 chil-

667 1997 65 29 dren,
742 2000 64 21 must
823 1997 62 24 have
899 1997 221 29 been'^vaccinated,
1142 2005 28 16 or
1189 1998 63 24 have

667 2030 47 24 had
724 2030 40 24 the
777 2030 132 31 small-pox.

702 2063 38 23 11.
756 2061 140 32 Emigrants
906 2061 48 25 will
964 2062 30 23 be
1012 2062 39 24 for
1067 2063 40 23 the
1123 2066 64 21 most
1197 2067 55 28 part

667 2095 124 25 embarked
813 2098 25 20 at
857 2095 42 23 the
919 2098 55 29 port
994 2095 28 24 of
1036 2094 107 30 London,
1154 2096 44 24 but
1208 2097 43 23 the

667 2128 111 24 directors
806 2128 49 24 will
882 2128 156 32 occasionally
1060 2129 94 31 appoint
1181 2129 70 24 other

667 2165 65 28 ports
740 2162 27 23 of
783 2160 170 30 embarkation,
965 2168 25 16 as
1007 2162 177 24 circumstances
1195 2170 56 24 may

666 2195 99 31 require.
789 2205 3 5 •

701 2228 38 22 12.
755 2226 53 24 The
819 2235 102 23 expense
933 2226 28 24 of
973 2226 111 33 reaching
1099 2227 41 24 the
1158 2231 55 28 port
1225 2228 29 24 of

666 2259 161 24 embarkation
846 2263 65 20 must
932 2259 31 24 be
985 2259 74 24 borne
1083 2260 31 32 by
1133 2260 41 24 the
1193 2261 58 23 emi-.

665 2296 81 28 grants
753 2302 6 19 ;
775 2293 44 23 but
831 2301 31 15 on
873 2292 41 24 the
933 2292 44 32 day
989 2293 125 32 appointed
1129 2293 39 24 for
1187 2293 63 25 their

665 2325 161 24 embarkation
854 2325 58 31 they
930 2325 48 24 will
1005 2326 29 23 be
1055 2326 113 29 received,
1189 2335 61 15 even

665 2358 88 32 though
765 2359 41 23 the
817 2358 126 31 departure
954 2358 28 24 of
998 2358 42 24 the
1055 2358 51 32 ship
1118 2358 84 24 should
1219 2360 31 24 be

664 2391 103 31 delayed,
779 2391 48 25 and
836 2391 47 24 will
902 2391 31 24 be
950 2395 44 28 put
1012 2395 25 20 to
1053 2399 32 16 no
1099 2391 94 25 further
1208 2400 42 16 ex-

663 2432 79 24 pense.

696 2457 37 23 13.
749 2456 82 33 Every
851 2456 66 24 adult
937 2457 116 32 emigrant
1067 2457 21 24 is
1107 2457 98 24 allowed
1222 2461 26 21 to

662 2489 56 24 take
728 2490 52 23 half
788 2498 15 15 a
813 2494 44 19 ton
867 2490 94 31 weight,
974 2497 27 16 or
1010 2493 87 29 twenty
1109 2490 66 24 cubic
1190 2490 57 29 feet,

663 2522 27 24 of
706 2523 113 31 baggage.
864 2522 76 24 Extra
958 2523 108 31 baggage
1089 2523 20 23 is
1130 2523 70 24 liable
1222 2526 25 21 to

662 2555 85 32 charge
768 2560 24 19 at
808 2555 42 24 the
870 2555 110 32 ordinary
998 2561 55 19 rate,
1066 2556 26 23 of
1105 2555 89 32 freight
1204 2564 44 24 per

660 2591 50 20 ton.

697 2621 37 23 14.
751 2621 54 23 The
816 2621 129 31 emigrants
955 2626 66 19 must
1031 2621 95 31 provide
1137 2621 41 24 the
1189 2622 58 23 bed-

661 2653 57 32 ding
728 2654 38 23 for
782 2654 143 23 themselves
943 2654 48 24 and
1009 2654 110 28 children,
1137 2654 48 24 and
1203 2655 42 24 the

660 2694 124 24 necessary
803 2687 63 23 tools
886 2686 27 24 of
932 2687 62 24 their
1015 2695 52 15 own.
1087 2687 78 24 trades
1175 2697 5 18 ;
1203 2688 43 23 the

661 2719 68 24 other
740 2719 91 24 articles
849 2722 63 21 most
931 2719 80 24 useful
1024 2720 38 23 for
1081 2720 126 31 emigrants
1219 2723 26 21 to

659 2751 55 25 take
725 2751 56 25 with
792 2751 73 29 them,
877 2760 40 16 are
929 2755 84 29 strong
1023 2751 62 33 plain
1095 2753 112 31 clothing,
1217 2762 28 15 or

659 2784 41 25 the
711 2784 118 24 materials
849 2784 39 24 for
903 2785 98 31 making
1021 2785 88 24 clothes
1121 2793 65 24 upon
1202 2786 46 24 the-

659 2825 106 24 passage.
796 2817 30 24 In
838 2817 125 32 providing
972 2817 111 33 clothing,
1093 2818 20 24 it
1120 2818 85 24 should
1214 2819 29 24 be

659 2850 161 24 remembered
835 2850 53 24 that
909 2850 41 24 the
969 2850 69 24 usual
1055 2851 83 32 length
1157 2852 28 23 of
1201 2852 42 23 the

658 2891 90 24 voyage
759 2884 20 22 is
791 2883 55 24 four
856 2883 104 24 months.

693 2916 39 23 15.
749 2914 42 26 On
813 2916 42 23 the
873 2916 85 23 arrival
969 2916 28 23 of
1013 2916 40 24 the
1073 2917 127 31 emigrants
1215 2918 26 23 in

657 2948 41 24 the
721 2950 91 31 colony,
831 2949 59 30 they
911 2948 52 24 will
979 2949 31 23 be
1031 2949 106 24 received
1158 2950 33 31 by
1210 2958 33 16 an

657 2981 80 24 officer
763 2983 53 22 who
841 2981 50 24 will
918 2981 84 32 supply
1024 2982 61 23 their
1107 2982 134 25 immediate

657 3018 81 25 wants,
748 3016 70 22 assist
835 3014 66 24 them
915 3014 27 24 in
953 3014 111 32 reaching
1083 3014 39 24 the
1138 3015 67 32 place
1216 3016 34 23 of'

655 3047 63 23 their
737 3047 148 28 destination,
904 3047 29 24 be
956 3047 73 32 ready
1045 3051 24 20 to
1088 3047 80 24 advise
1184 3048 57 23 with

655 3080 66 23 them
733 3080 23 23 in
768 3089 53 15 case
833 3080 28 23 of
871 3079 120 32 difficulty,
1003 3080 47 23 and
1060 3084 25 20 at
1094 3080 33 24 all
1137 3081 69 23 times
1215 3084 26 20 to

655 3113 54 30 give
720 3113 66 23 them
797 3113 164 31 employment-
966 3113 26 23 in
1003 3112 40 24 the
1054 3113 87 23 service
1157 3113 28 23 of
1193 3113 48 24 .the

657 3153 120 25 company,
792 3146 21 23 if
822 3146 64 23 from
898 3153 47 24 any
956 3153 70 16 cause
1042 3146 55 31 they
1109 3145 85 24 should
1210 3146 30 23 be

655 3178 86 24 unable
762 3182 26 20 to
806 3178 81 24 obtain
904 3178 21 23 it
947 3177 134 24 elsewhere.
1114 3178 52 23 The
1183 3179 57 23 emi-

655 3214 82 28 grants
747 3211 54 28 will,
820 3211 117 27 however,
957 3211 30 22 be
1005 3213 24 20 at
1046 3210 89 32 perfect
1153 3211 87 31 liberty

656 3247 25 20 to
699 3251 90 24 engage
809 3243 143 24 themselves
975 3246 25 20 to
1025 3251 46 23 any
1090 3251 44 15 one
1151 3243 90 32 willing

655 3278 25 21 to
700 3276 93 32 employ
807 3276 74 28 them,
899 3275 49 24 and
963 3275 47 24 will
1026 3275 68 24 make
1114 3275 61 24 their
1187 3284 53 15 own

655 3308 96 31 bargain
762 3309 39 23 for
812 3316 87 24 wages.

798 3341 38 33 By
848 3341 70 24 order
926 3341 28 23 of
959 3340 41 24 the
1011 3341 80 28 board,

886 3373 71 25 John
970 3372 96 30 Ward,
1078 3372 130 33 Secretary.

657 3404 176 27 New-Zealand
843 3405 69 25 Land
926 3405 141 32 Company's
1081 3404 83 30 Office,

690 3439 12 23 1
716 3439 80 24 Adam
806 3443 38 25 st.,
856 3439 113 33 Adelphi,
979 3439 63 24 29th
1053 3438 69 30 June,
1136 3439 72 23 1839.

1879 3302 112 26 Extract
1994 3305 70 28 from
2070 3306 39 24 the
2115 3306 162 24 Instructions
2284 3304 34 31 of
2319 3304 39 24 the
2366 3304 95 26 Board

1912 3339 28 26 of
1947 3336 133 27 Directors
2092 3339 32 31 of
2134 3339 38 23 the
2183 3337 61 24 New
2257 3337 117 24 Zealand
2383 3337 77 25 Land

1915 3369 136 33 Company,
2081 3375 23 20 to
2134 3370 81 24 Lieut.
2248 3370 110 24 William
2389 3370 71 25 Mem

1912 3402 90 30 Smith,
2014 3403 85 33 Royal
2108 3402 130 32 Artillery,
2256 3402 39 24 the
2311 3402 153 33 Companyls-

1912 3435 99 32 Sv/rvey
2012 3444 40 15 or-
2057 3434 116 26 General,
2196 3443 28 16 as
2246 3436 131 23 contained
2394 3436 29 23 in-
2443 3445 19 15 a

1909 3468 87 25 Letter
2002 3467 74 32 from
2089 3467 38 25 the
2146 3467 140 32 Secretary,
2305 3467 76 25 dated
2389 3467 72 34 Aug.

1875 3521 4 4 ■
1912 3501 106 29 1,1839.
2274 3496 5 36 ]

1876 3540 81 25 Youk
1967 3538 136 34 surveying
2112 3538 240 34 operationsshould
2364 3543 26 20 at
2401 3539 59 26 fiist

1876 3573 30 25 be
1925 3572 107 33 entirely
2055 3572 119 24 confined
2195 3575 26 21 to
2243 3571 46 25 the-
2301 3572 48 25 site
2368 3573 30 25 of
2415 3572 43 26 the

1875 3609 76 22 town.

1910 3639 33 26 In
1953 3638 89 33 laying
2053 3641 51 23 out,
2108 3637 42 25 the
2155 3637 65 34 .plan
2232 3638 78 30 ofithe
2317 3642 79 28 town,
2405 3648 53 25 you

1875 3676 69 23 must
1961 3680 28 16 as
1999 3671 101 33 *closely
2112 3680 28 16 as
2150 3671 107 33 possible
2274 3671 95 30 adhere
2378 3677 25 22 to
2414 3673 44 25 the

1279 1990 113 25 Extract
1404 1990 73 33 from
1496 1991 39 24 the
1557 1990 167 28 Instructions
1743 1995 76 30 given
1842 1999 23 20 to

1317 2023 105 27 Colonel
1458 2023 141 33 Wakefield
1597 2042 7 11 s
1639 2025 39 24 the
1717 2026 149 33 Company's

1303 2057 146 31 .Principal
1468 2055 88 33 Agent
1576 2058 26 23 in
1626 2059 130 24 command
1775 2061 32 30 of
1827 2060 39 24 the

1311 2088 175 33 Preliminary
1496 2088 156 33 Expedition
1659 2100 9 19 .;
1670 2105 34 5 —

1380 2136 48 23 will
1452 2137 134 32 constantly
1601 2137 57 24 bear
1682 2138 25 23 in
1730 2138 67 25 mind
1812 2139 54 25 that-

1278 2168 41 24 the
1329 2169 84 32 profits
1425 2169 26 24 of
1465 2168 41 25 the
1519 2168 124 33 Company
1653 2174 70 25 must,
1735 2171 24 23 in
1765 2180 21 15 ,a
1797 2176 67 28 great

1277 2210 114 20 measure,
1401 2201 90 32 depend
1502 2210 31 15 on
1545 2202 40 23 the
1593 2203 126 31 judgment
1727 2204 77 24 which
1815 2213 47 24 you

1277 2243 54 23 may
1340 2235 101 23 exercise
1452 2235 25 23 in
1489 2235 113 31 selecting
1613 2235 77 32 places
1700 2236 28 24 of
1734 2237 81 24 future
1826 2238 36 24 lo-

1277 2268 85 23 cation.
1397 2268 35 23 As
1444 2267 31 24 all
1486 2267 42 24 the
1534 2268 74 23 world
1618 2269 21 22 is
1647 2268 49 25 free
1708 2272 24 21 to
1743 2271 115 30 purchase

1276 2300 67 24 lands
1360 2301 25 23 in
1398 2300 58 24 New
1468 2300 106 24 Zealand
1585 2309 64 23 upon
1660 2302 40 23 the
1712 2310 64 16 same
1787 2305 72 22 terms

1276 2341 25 15 as
1312 2333 41 24 the
1366 2333 129 32 Company,
1505 2333 21 24 it
1541 2333 85 24 should
1636 2334 29 23 be
1682 2342 60 24 your
1757 2336 101 31 especial

1275 2366 108 24 business
1395 2370 25 20 to
1435 2366 94 32 acquire
1547 2370 64 28 spots
1623 2366 75 25 which
1714 2368 70 31 enjoy
1795 2377 65 15 some

1276 2399 103 30 peculiar
1394 2399 93 24 natural
1498 2399 130 32 advantage
1636 2409 6 18 ;
1657 2399 74 30 lands,
1747 2401 42 23 the
1804 2409 56 23 pos-

1276 2432 88 23 session
1377 2432 28 23 of
1414 2432 74 23 which
1499 2432 79 24 would
1589 2432 88 24 bestow
1688 2441 32 16 on
1733 2433 43 24 the

1275 2472 68 25 pany,
1362 2473 27 15 or
1409 2464 116 24 hereafter
1543 2473 30 15 on
1588 2465 69 23 those
1672 2465 52 24 who
1737 2474 57 24 may
1803 2474 57 24 pur-

1275 2497 69 24 chase
1365 2498 65 24 from
1449 2498 45 23 the
1515 2497 130 33 Company,
1668 2506 63 15 some
1751 2499 108 24 valuable

1275 2531 141 31 superiority
1437 2538 56 16 over
1515 2530 42 24 the
1581 2538 91 16 owners
1695 2531 28 23 of
1747 2531 111 33 ordinary

1273 2562 76 25 lands.
1383 2563 38 24 Of
1435 2563 89 32 merely
1534 2563 78 24 fertile
1629 2563 56 24 land
1701 2563 68 24 there
1786 2565 71 24 exists

1274 2604 26 15 so
1317 2599 68 28 great
1402 2605 29 15 an
1446 2596 142 28 abundance,
1594 2618 4 3 .
1604 2596 52 23 that
1670 2596 30 23 its
1715 2598 141 30 possession,

1272 2628 110 24 however
1399 2629 76 24 useful
1491 2629 49 23 and
1549 2629 114 28 valuable,
1675 2629 77 24 would
1768 2633 42 20 not
1826 2631 30 24 be

1272 2662 128 31 peculiarly
1415 2662 180 31 advantageous.
1629 2660 70 25 Mere
1717 2662 99 32 fertility
1832 2664 28 23 of

1273 2695 50 28 soil,
1335 2694 125 29 therefore,
1472 2694 93 32 though
1575 2697 42 21 not
1628 2698 25 20 to
1663 2694 31 24 be
1705 2695 150 30 overlooked,

1272 2728 19 22 is
1310 2735 14 16 a
1342 2728 39 23 far
1398 2728 46 23 less
1463 2728 128 30 important
1609 2727 172 24 consideration
1797 2728 59 24 than

1271 2760 92 24 natural
1373 2760 104 24 facilities
1485 2760 28 24 of
1519 2760 196 24 communication
1723 2761 48 23 and
1778 2764 77 20 trans-

1271 2796 60 28 port.
1365 2792 79 25 There
1460 2793 19 23 is
1497 2792 114 33 probably
1622 2801 64 16 some
1701 2801 45 16 one
1761 2797 54 27 part
1829 2794 29 24 of

1270 2825 40 23 the
1326 2825 89 25 islands
1431 2825 76 24 better
1519 2825 76 24 suited
1609 2825 59 24 than
1677 2846 3 3 .
1686 2834 46 23 any
1743 2826 70 24 other
1827 2829 25 21 to

1270 2858 95 24 become
1378 2859 42 23 the
1437 2862 79 20 centre
1535 2859 28 22 of
1578 2858 63 24 their
1656 2859 73 27 trade,
1747 2867 28 15 or
1791 2867 62 15 com-

1270 2891 94 23 mercial
1374 2891 143 32 metropolis,
1529 2892 68 22 when
1608 2891 57 31 they
1676 2891 60 24 shall
1747 2891 30 23 be
1787 2899 66 16 more

1268 2923 60 33 fully
1345 2924 120 23 inhabited
1483 2924 32 31 by
1534 2923 165 32 Englishmen;
1719 2923 47 24 and
1785 2924 67 23 there

1268 2959 63 21 must
1341 2957 30 23 be
1383 2965 70 23 many
1464 2956 68 24 other
1547 2959 63 28 spots
1621 2956 127 31 peculiarly
1759 2956 93 31 eligible

1269 2989 37 23 for
1314 2989 41 24 the
1362 2989 58 24 sites
1428 2989 27 24 of
1463 2988 129 32 secondary
1601 2992 81 20 towns.
1705 2988 53 24 The
1770 2988 81 24 shores

1270 3022 26 23 of
1314 3022 48 23 safe
1374 3022 48 23 and
1432 3022 159 24 commodious
1604 3021 122 27 harbours,
1737 3020 42 24 the
1790 3020 61 24 shel-

1268 3054 67 24 tered
1344 3054 170 24 embouchures
1526 3053 28 24 of
1571 3053 118 24 extensive
1702 3053 76 23 rivers
1790 3061 61 15 com-

1268 3087 146 31 municating
1424 3086 55 24 with
1490 3093 15 16 a
1515 3085 78 24 fertile
1602 3088 106 29 country,
1717 3085 41 24 the
1769 3086 82 22 imme-

1269 3120 60 23 diate
1352 3118 195 33 neighbourhood
1568 3118 27 23 of
1615 3118 113 31 powerful
1749 3118 54 23 falls
1826 3118 29 23 of

1268 3156 71 20 water
1355 3152 77 23 which
1447 3151 77 31 might
1540 3151 29 23 be
1586 3150 111 32 expected
1712 3154 26 20 to
1754 3151 97 23 become

1267 3184 40 24 the
1323 3187 63 21 seats
1403 3184 27 24 of
1445 3184 181 27 manufactures,
1627 3197 33 4 —
1660 3182 66 24 these
1748 3191 41 15 are
1806 3182 42 24 the

1268 3217 121 24 situations
1406 3217 28 23 in
1442 3216 76 23 which
1529 3216 19 22 it
1558 3215 20 23 is
1594 3219 63 20 most
1673 3218 25 20 to
1714 3215 29 24 be
1759 3215 91 24 desired

1268 3250 51 23 that
1337 3257 48 24 you
1406 3248 84 24 should
1508 3248 70 23 make
1597 3248 126 32 purchases
1740 3248 28 23 of
1787 3248 63 23 land.

1268 3282 58 23 And
1348 3281 122 32 especially
1493 3288 48 24 you
1563 3280 83 24 should
1668 3280 134 24 endeavour
1824 3285 25 19 to

1268 3314 68 24 make
1344 3322 31 16 an
1387 3314 118 23 extensive
1517 3313 115 31 purchase
1643 3321 30 16 on
1681 3313 41 23 the
1731 3313 82 24 shores
1825 3313 28 23 of

1268 3347 51 23 that
1334 3347 115 27 harbour,,
1461 3346 85 28 which,
1563 3346 29 23 all
1609 3346 80 31 things
1705 3345 144 29 considered,

1269 3379 58 24 shall
1338 3386 87 25 appear
1434 3382 25 20 to
1471 3379 58 22 offer
1539 3378 41 23 the
1590 3381 103 29 greatest
1703 3378 108 23 facilities
1823 3386 26 15 as

1268 3420 13 15 a
1291 3412 97 31 general
1399 3411 94 31 trading
1509 3410 72 32 dep6t
1597 3410 47 24 and
1659 3414 55 28 port
1725 3410 27 24 of
1767 3414 83 28 export

1268 3445 46 23 and
1323 3445 88 31 import
1421 3444 37 23 for
1468 3443 32 24 all
1516 3447 64 28 parts
1599 3443 28 24 of
1640 3443 41 24 the
1693 3443 95 29 islands,
1790 3455 32 6 —
1823 3452 26 15 as

1268 3485 13 16 a
1292 3480 79 21 centre
1383 3477 29 23 of
1426 3483 128 17 commerce
1564 3476 40 27 for.
1614 3475 122 32 collecting
1751 3476 47 24 and
1808 3484 41 16 ex-

1267 3509 94 32 porting
1376 3509 41 24 the
1427 3508 107 33 produce,
1547 3509 27 24 of
1589 3508 41 24 the
1645 3508 96 29 islands,
1753 3509 48 23 and
1809 3509 39 24 for

1267 3542 39 23 the
1327 3542 119 32 reception
1468 3541 49 24 and
1538 3541 148 24 distribution
1708 3542 28 23 of
1755 3542 96 31 foreign'

1266 3574 81 32 goods.
1380 3575 29 23 In
1426 3574 97 31 making
1541 3574 47 24 this
1606 3574 117 29 selection,
1742 3582 49 25 you
1801 3574 47 24 will

1267 3610 41 21 not
1318 3607 80 32 forget
1413 3607 50 24 that
1475 3607 89 24 Cook's
1576 3606 73 25 Strait
1662 3607 73 24 forms
1753 3610 53 29 part
1823 3607 28 24 of

1266 3640 40 24 the
1323 3640 109 26 shortest,
1441 3643 68 21 route
1518 3640 63 24 from
1581 3654 6 13 t
1597 3639 42 24 the
1650 3639 138 25 Australian
1801 3639 47 25 Co-

1266 3672 73 25 lonies
1347 3672 153 31 to-England,
1507 3672 51 24 and
1568 3672 52 24 that
1630 3672 40 24 the
1681 3673 52 24 best
1743 3673 105 24 harbour

681 3527 28 5 —
717 3517 35 19 Mr
764 3516 113 24 Swainson,
894 3519 36 18 the
941 3517 92 20 eminent
1040 3516 115 24 naturalist,
1164 3517 74 20 autho-

654 3543 51 19 rizes
711 3550 25 13 us
742 3547 20 16 to
771 3544 116 19 contradict
892 3551 25 12 an
924 3547 165 17 announcement
1095 3543 22 20 in
1125 3544 35 19 the
1167 3543 72 20 adver-

655 3570 105 19 tisements
775 3569 24 20 of
809 3571 36 18 the
863 3570 126 21 Committee
1004 3571 27 20 of-
1039 3571 36 19 the
1089 3570 44 20 first
1150 3570 88 26 Colony,

655 3596 47 20 that
709 3597 26 18 he
748 3596 24 25 is,
780 3601 22 15 to
816 3597 92 25 proceed
920 3598 50 19 with
980 3598 57 19 them
1047 3601 21 16 to
1077 3597 51 21 New
1137 3597 98 22 Zealand.

658 3622 33 20 Mr
703 3622 109 23 Swainson,
816 3623 50 20 does
876 3628 37 15 not
922 3623 76 23 intend
1009 3629 22 15 to
1047 3624 84 28 proceed
1145 3624 33 20 till
1187 3628 51 16 next

654 3649 79 27 spring,
746 3650 29 24 hy
792 3650 67 19 which
879 3650 51 19 time
945 3651 26 19 he
986 3650 42 21 will
1039 3650 50 21 have
1100 3650 87 21 fulfilled
1202 3652 40 22 the.

653 3676 86 26 literary
746 3681 148 21 engagements
903 3677 26 19 he
938 3677 36 20 has
983 3683 28 14 on
1021 3677 62 21 hand.

45 2815 255 26 REGULATIONS
318 2813 72 26 FOR
411 2813 218 26 LABOURERS

77 2849 158 25 WISHING
271 2848 46 24 TO
351 2847 194 25 EMIGRATE
581 2848 47 24 TO

77 2881 271 26 NEW-ZEALAND.

45 2923 23 23 1.
84 2922 40 24 By
134 2922 42 24 the
195 2926 72 20 terms
286 2921 27 24 of
327 2921 116 32 purchase
463 2921 38 23 for
519 2919 68 25 lands
604 2920 25 24 in

43 2956 41 23 the
96 2954 133 32 company's
242 2954 50 24 first
303 2954 48 23 and
362 2953 114 33 principal
487 2953 139 29 settlement,

45 2987 69 25 dated
127 2988 38 22 Ist
176 2987 70 28 June,
261 2987 71 28 1839,
344 2987 41 23 the
400 2994 117 30 jompany
532 2986 43 23 has
587 2994 41 15 en-

44 3020 77 33 gaged
131 3024 26 19 to
169 3020 39 32 lay
219 3023 40 20 out
270 3020 31 23 75
312 3028 44 23 per
369 3024 62 19 cent,
442 3019 27 23 of
480 3019 43 23 the
538 3019 90 23 monies

44 3052 107 25 received
162 3052 62 24 from
241 3052 144 32 purchasers,
405 3052 26 23 in
449 3052 123 31 defraying
586 3051 42 23 the

45 3090 51 20 cost
106 3086 28 23 of
149 3085 138 31 emigration
304 3088 26 19 to
350 3085 40 23 the
404 3084 141 24 settlement.
578 3083 50 24 Ac-

45 3118 98 32 cording
164 3121 26 20 to
212 3117 67 24 those
305 3120 81 24 terms,
414 3117 140 31 purchasers
581 3117 47 23 and

45 3151 79 24 others
135 3159 56 23 may
203 3150 85 23 submit
298 3149 125 31 labouring
434 3158 105 22 persons,
552 3149 26 23 of
586 3149 41 24 the

45 3184 59 23 class
115 3183 119 24 hereafter
247 3182 127 28 described,
385 3182 40 23 for
436 3190 14 15 a
459 3182 52 23 free
521 3189 105 24 passage,

44 3216 39 24 for
99 3217 41 23 the
160 3215 111 33 approval
289 3215 27 23 of
331 3214 41 24 the
391 3222 122 23 company.
546 3213 27 25 In
585 3215 41 23 the

44 3248 111 25 selection
176 3248 28 24 of
219 3247 124 31 labouring
360 3247 135 30 emigrants,
512 3246 41 23 the
564 3255 62 15 com-

44 3289 62 24 pany
113 3281 43 24 has
167 3280 151 25 undertaken^
325 3283 25 20 to
361 3279 55 31 give
426 3287 15 15 a
450 3278 135 32 preference
600 3283 26 20 to

45 3314 127 32 applicants
184 3314 53 23 who
256 3312 59 25 shall
331 3312 31 23 be
379 3311 76 23 under
473 3315 154 28 engagement

44 3349 26 21 to
92 3346 65 24 work
178 3346 38 24 for
235 3344 127 34 capitalists
382 3343 125 32 intending
527 3347 26 20 to
571 3344 55 23 emi-

44 3381 74 30 grate.

77 3416 24 22 2.
118 3414 53 24 The
195 3422 110 25 company
315 3414 120 24 therefore
458 3412 68 24 offers
545 3421 15 15 a
576 3413 50 24 free

43 3455 99 25 passage
158 3450 26 20 to
197 3447 38 23 the
248 3448 82 31 colony
350 3445 135 33 (including
495 3445 130 31 provisions

44 3481 47 23 and
100 3479 100 24 medical
212 3480 135 23 attendance
359 3479 87 29 during
456 3478 42 23 the
514 3476 111 34 voyage),

42 3516 26 21 to
78 3520 99 25 persons
190 3511 26 24 of
222 3511 40 24 the
271 3511 121 33 following
403 3511 141 31 description
553 3518 7 16 :

75 3551 24 23 3.
116 3547 163 38 Agricultural
317 3548 128 29 labourers,
489 3546 136 34 shepherds,

42 3582 92 29 bakers,
153 3580 160 28 blacksmiths,
332 3580 103 25 braziers
461 3581 49 24 and
527 3581 98 26 tinmen,

41 3611 91 34 smiths,
162 3612 155 33 shipwrights,
343 3612 176 30 boat-builders,
540 3612 85 25 wheel-

41 3647 105 33 wrights,
171 3653 107 25 sawyers,
301 3645 204 29 cabinet-makers,
528 3653 97 24 carpen-

40 3683 57 27 ters,
108 3687 104 24 coopers,
230 3677 109 29 curriers,
348 3676 104 30 farriers,
468 3678 155 31 millwrights,

938 58 98 31 THE
1061 58 108 32 NEW
1196 59 215 31 ZEALAND
1440 58 217 32 GAZETTE.

1308 127 110 31 Dietary
1427 126 31 34 of
1470 127 37 24 all
1519 127 43 24 but
1575 125 80 25 Cabin
1666 124 170 31 Pessengers;
1856 123 37 23 the

1340 160 157 32 Passengers
1514 163 24 20 to
1554 159 29 24 be
1594 159 26 23 in
1633 157 98 24 .Messes
1752 155 33 33 of
1799 155 57 26 Six.
1865 163 28 17 or

1339 200 76 19 more,
1427 192 135 32 according
1580 195 23 20 to
1616 188 39 27 the
1665 189 135 33 following
1818 187 74 27 Scale

1336 225 44 29 for
1392 233 45 16 one
1444 225 82 24 Adult
1531 234 10 15 :
1543 239 34 5 —

110 91 2 2 2

1347 292 11 103 Saturday

1402 293 13 72 Friday

1455 291 10 108 Thursday

1509 291 11 128 Wednesday

1564 291 11 95 Tuesday

1617 291 13 90 Monday

1671 291 13 83 Sunday
1667 461 6 24 ;..

1787 338 2 85 DAYS.

1342 545 19 10 1

1397 545 20 10 1

1450 545 19 10 1

1503 545 21 10 1

1558 545 20 9 1

1612 545 20 10 1

1666 543 20 11 1

1733 531 5 24 lb.

1819 509 3 74 Biscuit.

1549 632 27 13 4

1730 618 4 26 lb.

1815 602 15 61 Beef*

1385 720 28 15 *
1393 754 2 6 -

1493 721 27 15 *

1601 720 28 16 i

1730 708 5 26 lb.

1814 688 15 67 Pork.*

1437 809 27 15 *

1654 810 27 15 *

1728 797 5 28 lb.

1834 790 8 43 rre-

1813 774 16 70 served

1794 782 2 58 Meat.

1328 883 28 15 *

1396 884 15 14 A

1436 886 12 10 4

1503 884 15 15 2

1542 856 46 1 !
1545 884 28 15 i

1598 884 29 15 *

1653 885 28 14 i

1728 875 4 26 lb.

1812 860 4 59 Flour.

1436 966 27 15 i

1651 966 28 14 i

1726 955 5 26 lb.

1810 927 5 79 Raisins.

1442 1042 20 11 1

1551 1042 21 11 1

1659 1042 20 10 I

1726 1032 5 30 oz.

1811 1018 4 57 Suet.

1382 1110 29 16 *

1490 1110 28 14 *

1599 1109 29 15 *

1727 1094 16 41 Pint

1811 1088 6 53 Peas.

1327 1179 28 14 i

1544 1179 12 11 4

1652 1178 29 14 i

1727 1170 4 27 lb.

1812 1158 5 54 Rice.

1326 1247 28 14 *

1434 1242 29 32 V

1651 1246 28 14 £

1698 1220 4 60 —

1728 1240 5 26 lb.

1823 1227 8 53 Pota-

1802 1228 11 41 toes

1324 1315 29 15 i

1433 1316 27 15 i

1542 1315 29 15 i

1726 1301 4 32 oz.

1810 1296 6 49 Tea.

1486 1399 28 15 *

1594 1399 28 12 *

1724 1383 3 31 oz.

1810 1366 3 71 Coffee.

1446 1478 12 7 i

1556 1478 12 6 i

1648 1473 28 15 *

1724 1466 4 26 lb.

1809 1449 11 61 Sugar

1381 1557 20 14 3

1597 1557 20 13 3

1720 1544 5 29 oz.

1804 1521 6 76 Butter.

1643 1659 27 15 i

1717 1634 5 48 Pint.

1815 1621 14 76 Pickled

1795 1612 2 95 fabbage.

1650 1744 19 15 2
1648 1782 15 1 i

1717 1733 4 27 oz.

1803 1726 2 46 Salt.

1643 1813 27 14 i

1717 1803 5 29 oz.

1811 1795 9 48 Mus-

1792 1793 4 48 tard.

1321 1889 3 4 •
1321 1897 20 15 3
1316 1909 3 6 -

1376 1897 21 14 3

1431 1897 19 14 3

1484 1897 21 14 3

1540 1897 20 14 3

1594 1898 20 14 3

1646 1898 2 19 3,

1710 1858 10 82 Quarts.

1800 1861 4 74 Water,
