2540 3799
901 61 101 33 THE
1026 61 110 32 NEW
1162 59 214 35 ZEALAKD
1402 49 221 43 GAZETTE.

670 131 104 26 Zealand
785 130 70 24 Land
866 128 133 37 Company,
1015 130 48 23 and
1070 131 131 30 consisting
1211 138 40 15 ex-

671 164 112 30 clusively
802 162 29 24 of
844 162 71 24 heads
936 162 29 24 of
981 162 99 24 families
1098 163 49 23 and
1164 163 86 27 others,

669 195 122 31 intending
799 198 26 20 to
837 195 68 23 settle
915 195 164 31 permanently
1088 195 28 24 in
1123 195 62 24 New
1194 194 63 27 Zea-.

673 228 54 24 land
738 235 32 16 on
776 227 68 24 lands
851 226 132 33 purchased
990 227 62 24 from
1061 227 40 24 the
1103 237 3 5 1
1112 228 128 31 Company.

705 259 51 24 The
768 259 78 31 object
863 259 26 24 of
906 259 48 24 this
971 260 87 31 society
1074 261 20 23 is
1094 268 4 8 :
1105 264 29 20 tc
1142 263 105 28 promote

672 292 163 31 co-operation
862 292 25 23 in
914 292 41 24 the
983 298 136 19 numerous'
1133 301 117 16 measures

671 324 29 24 of
714 324 149 32 preparation
883 324 112 32 requisite
1012 324 39 24 for
1068 325 154 32 establishing
1237 333 14 15 a

671 364 142 24 prosperous
825 357 141 24 settlement.

705 388 52 24 The
767 389 94 32 Society
871 389 96 32 already
978 390 111 24 numbers
1106 398 15 16 a
1133 390 117 24 consider-

671 421 52 24 able
742 421 64 33 body
823 422 28 23 of
863 422 141 32 gentlemen,
1028 423 52 24 who
1097 423 61 24 have
1174 423 77 24 deter-

670 454 80 24 mined
765 458 26 20 to
809 456 113 29 emigrate
937 454 58 24 with
1009 454 64 25 their
1087 455 101 24 families
1204 455 53 24 and-

671 490 119 28 property.
825 486 95 28 Others,
931 487 54 23 who
995 495 56 24 may
1061 489 116 23 entertain
1189 488 64 24 simi-

672 519 36 24 lar
719 519 78 29 views,
815 527 40 16 are
865 519 90 24 invited
962 522 26 21 to
996 520 51 31 join
1062 521 74 24 them.
1170 520 80 26 Quali-

670 552 96 24 fication
783 552 28 24 of
832 560 14 16 a
861 552 105 24 member
983 553 27 23 of
1030 552 40 24 the
1088 552 101 33 Society,
1211 552 43 24 the-

671 585 114 31 purchase
794 584 28 25 of
834 585 45 23 100
891 592 65 16 acres
966 585 28 23 of
1001 585 55 24 land
1065 595 7 18 ;
1088 586 29 23 of
1125 594 15 15 a
1148 585 102 24 member

672 617 31 23 of-
713 618 42 23 the
772 618 139 27 committee,
924 618 49 22 500
984 625 65 17 acres
1058 628 7 18 ;
1081 618 127 31 including,
1225 618 24 23 in

671 649 58 24 both
751 658 73 20 cases,
847 654 53 28 part
917 649 28 24 of
966 650 38 24 the
1024 650 52 25 first
1093 655 71 19 town.
1198 650 51 23 The

672 686 93 27 greater
781 686 55 27 part
853 682 29 24 of
897 682 41 24 the
955 682 115 31 purchase
1082 691 88 23 money
1185 686 24 20 to
1220 683 29 23 be

673 715 121 30 expended
799 715 33 32 by
842 715 42 24 the
891 715 122 32 Company
1021 724 32 15 on
1063 716 42 23 the
1113 715 137 31 emigration

672 748 28 23 of
715 748 42 24 the
774 748 146 31 purchasers,
941 748 62 23 their
1018 748 100 24 families
1137 748 46 24 and
1201 755 49 16 ser-

672 783 76 21 vants.
781 779 122 25 Members
913 780 113 24 admitted
1034 781 32 32 by
1076 781 74 23 ballot
1161 780 62 33 only.

705 811 52 26 The
769 811 94 33 Colony
880 813 47 24 will
929 816 4 15 l
939 813 81 31 depart
1030 814 24 23 in
1067 821 14 16 a
1091 813 63 32 body
1166 813 85 31 during

672 844 98 34 August
780 849 64 24 next,
845 852 3 11 1
851 859 5 6 -
861 853 27 16 so
908 853 26 16 as
948 848 28 21 to
992 846 71 24 reach
1077 846 63 24 their
1152 846 99 24 destina-

670 879 50 23 tion
743 879 73 23 about
833 877 160 25 Midsummer
1015 877 38 33 (in
1075 878 42 23 the
1140 878 110 24 southern

670 909 170 34 hemisphere),
852 911 68 23 when
931 911 41 23 the
982 912 42 23 site
1037 911 28 24 of
1072 911 41 24 the
1124 911 53 23 first
1187 914 64 20 town

670 944 47 23 will
727 943 62 24 have
799 944 61 23 been
872 943 144 24 determined
1027 944 46 23 and
1088 944 115 32 prepared
1213 943 38 24 for

670 976 62 24 their
750 976 119 32 reception
887 977 32 31 by
930 984 15 15 a
956 976 151 32 preliminary
1119 976 132 32 expedition

669 1017 53 16 now
736 1017 30 16 on
777 1009 32 24 its
822 1017 50 23 way
883 1013 25 20 to
923 1008 59 25 New
992 1008 113 25 Zealand.

60 138 137 26 conditions
209 143 35 17 on
252 134 86 25 which
349 133 43 25 the
403 132 61 26 land
475 132 88 25 orders
574 132 66 25 have

59 172 62 25 been
138 168 64 30 sold,
215 176 27 16 as
260 166 137 34 expressed,
411 166 34 32 by
461 165 44 25 the
524 165 118 25 enclosed

60 212 63 25 copy
139 202 30 24 of
181 201 43 25 the
235 205 77 20 terms
331 199 30 26 of
375 198 129 35 purchase,
505 213 35 5 —
540 198 102 34 provid-

59 238 54 32 ing,
124 239 24 21 at
160 234 35 25 all
211 237 97 27 events,
320 233 57 25 that
389 240 75 25 every
475 231 90 26 holder
585 231 30 25 of
628 239 14 16 a

58 269 60 27 land
132 267 75 25 order
220 266 98 26 obtains
335 275 48 16 one
397 265 47 26 full
463 273 56 18 acre
539 265 30 25 of
580 263 62 26 land

60 301 85 26 -within
157 301 43 24 the
211 304 79 21 town.

94 334 49 24 The
155 334 122 24 directors
289 332 66 25 wish
366 332 64 31 that;
440 332 30 25 in'
477 330 112 32 forming
600 328 41 25 the

54 367 63 35 jplan
128 366 30 26 of
164 367 45 25 the
219 370 79 28 town,
305 374 53 24 you
371 365 91 26 should
473 364 75 26 make
560 360 82 34 ample

56 409 112 26 Teseryes
179 400 40 25 for
231 400 34 25 all
271 399 86 34 public
367 406 116 28 purposes
493 407 6 21 ;
513 395 63 26 such
587 402 28 16 as
627 402 15 16 a

53 438 139 28 •cemetery,
206 442 15 16 a
237 430 191 35 market-place,
440 428 136 33 wharfage,
589 426 52 25 and

54 466 120 35 probable
197 466 87 33 public
306 465 134 33 buildings,
468 471 16 16 a
513 459 129 26 botanical

50 501 110 35 garden,
172 508 16 16 a
196 500 76 34 park,
285 499 51 25 and
346 496 126 26 extensive
479 492 160 28 boulevards.

59 537 29 21 It
110 533 26 31 is,
158 533 100 30 indeed,
281 530 121 27 desirable
418 528 54 25 that
494 527 44 25 the
559 526 82 25 whole

49 567 107 25 •outside
178 566 31 25 of
223 566 42 25 the
284 569 76 24 town,
381 561 93 30 inland,
496 560 92 25 should
611 560 30 24 be

53 600 140 33 separated
209 599 66 25 from
284 597 43 24 the
339 599 105 27 country
456 593 108 26 sections
581 593 35 32 by
628 600 15 17 a

49 633 93 25 ""'broad
162 633 51 25 belt
233 631 30 25 of
282 629 62 25 land
360 628 84 24 which
463 635 55 24 you
533 625 53 26 will
604 626 42 25 de-

54 666 75 25 -clare
151 666 56 24 that
229 664 42 25 the
293 670 125 25 company
439 659 103 26 intends
564 663 28 21 to
614 659 32 25 be

60 698 85 35 public
165 701 129 30 property,
320 703 33 16 on
376 694 126 25 condition
525 692 55 25 that
609 701 33 16 no

194 731 32 24 be
236 737 58 17 ever
306 727 98 26 erected
414 735 74 25 upon,
493 726 29 24 it.

92 764 50 24 The
153 762 65 26 form
231 762 29 25 of
272 762 43 24 the
334 764 66 22 town
412 764 67 21 must
488 759 154 32 necessarily

59 797 32 24 be
105 796 43 25 left
166 800 27 20 to
212 804 66 24 your
289 803 57 16 own
360 794 135 34 judgment
506 792 52 25 and
569 795 72 22 taste.

60 829 75 34 Upon
153 829 51 25 this
217 828 97 33 subject
324 828 43 25 the
385 827 120 26 directors
516 825 53 25 will
580 825 62 33 only

56 862 108 31 Temark,
176 861 58 26 that
244 870 52 24 you
307 861 67 25 have
388 865 26 20 to
432 860 105 34 provide
546 858 41 25 for
599 859 43 25 the

57 895 81 25 future
160 895 84 25 rather
259 894 63 25 than
341 894 42 25 the
400 897 108 30 present,
522 893 50 24 and
587 891 55 26 that

57 928 60 34 they
131 929 65 24 wish
213 929 45 24 the
275 927 86 35 public
381 926 166 26 convenience
566 929 26 21 to
611 926 30 24 be

44 962 152 28 -consulted,
216 962 52 24 and
284 961 43 25 the
346 960 123 26 beautiful
488 967 155 25 appearance

59 995 31 25 of
96 995 40 25 the
148 995 84 25 future
244 995 53 32 city
309 999 26 20 to
350 995 31 25 be
398 993 112 30 secured,
522 1001 29 16 so
564 992 40 25 far
615 1000 27 16 as

56 1028 67 25 these
135 1028 98 33 objects
244 1037 48 16 can
303 1028 31 25 be
351 1025 186 35 accomplished
553 1026 34 32 by
599 1025 43 25 the

44 1061 120 35 -original
176 1061 67 34 plan,
245 1075 34 5 —
279 1061 87 25 rather
374 1061 61 25 than
442 1060 44 24 the
494 1054 147 30 immediate

49 1094 82 35 -profit
142 1094 30 26 of
179 1095 44 25 the
235 1103 136 24 company.

92 1127 25 26 It
134 1127 21 27 is
167 1128 32 25 of
211 1127 116 26 essential
338 1134 170 25 consequence
524 1125 57 25 that
597 1124 43 26 the

145 1161 75 26 lands
241 1160 90 26 should
350 1161 32 24 be
404 1159 73 25 made
498 1159 80 32 ready
600 1158 41 25 for

43 1195 142 25 -■allotment
196 1203 28 17 as
232 1203 61 17 soon
305 1202 27 16 as
344 1192 111 35 possible.

42 1250 4 4 .
88 1227 59 26 You
160 1227 56 25 will
232 1227 99 25 consult
343 1227 63 24 with
424 1224 105 27 Colonel
544 1224 97 25 Wake-

56 1259 60 27 field
138 1269 27 17 as
185 1265 27 20 to
231 1261 41 24 the
290 1260 51 33 day
353 1260 74 25 Tvhen
444 1259 43 25 the
508 1257 132 26 allotment

52 1293 66 26 shall
136 1293 64 26 take
218 1294 81 33 place.
347 1293 28 25 It
396 1292 91 26 should
509 1294 46 22 not
578 1291 62 26 take

54 1327 78 34 place,
152 1327 128 30 however,
299 1326 66 26 until
384 1335 15 17 a
415 1324 145 27 reasonable
578 1324 61 26 time

40 1373 5 3 -
55 1360 63 25 shall
129 1361 64 25 have
204 1361 68 24 been'
279 1360 107 25 allowed
402 1359 63 26 after
474 1358 44 25 the
538 1357 60 34 plan
616 1358 22 25 is

55 1392 119 33 finished,
192 1394 40 24 for
249 1394 43 25 the
310 1393 96 25 settlers
423 1397 26 20 to
464 1399 119 26 compare
594 1391 44 25 the

54 1435 58 25 map
123 1427 64 25 with
203 1427 42 25 the
263 1427 109 34 ground.
407 1425 94 26 Public
513 1424 87 25 notice
611 1425 31 24 of

53 1460 44 25 the
119 1460 51 33 day
189 1460 30 26 of
230 1460 131 26 allotment
379 1458 91 27 should
491 1458 32 25 be
543 1458 76 33 given
627 1467 8 22 ;

49 1494 57 25 -and
115 1493 42 26 the
169 1494 120 25 directors
300 1494 81 25 desire
390 1501 44 17 me'
440 1496 27 21 to
484 1492 108 37 impress
604 1500 33 16 on

54 1535 53 24 you
120 1527 56 25 that
186 1527 150 34 everything
350 1527 52 25 like
414 1525 181 29 concealment,
609 1533 28 17 or
645 1539 2 11 i

35 1575 3 3 •
53 1568 60 17 even
124 1560 43 25 the
179 1569 153 25 appearance
341 1560 30 25 of
381 1560 28 30 it,
422 1559 92 25 should
526 1559 29 24 be
568 1566 69 17 care-

52 1593 64 33 fully
136 1594 110 25 avoided
263 1594 28 24 in
310 1593 35 25 all
364 1593 41 25 the
421 1591 167 35 proceedings
610 1592 31 24 of

51 1634 65 25 your
136 1627 165 34 department.
345 1627 54 24 The
414 1626 56 25 first
487 1625 70 34 ships
574 1625 63 24 with

51 1660 95 25 settlers
155 1660 55 25 will
223 1668 101 24 convey
334 1663 25 22 to
371 1668 51 25 you
432 1658 166 26 instructions
608 1658 29 24 in

47 1693 141 33 duplicate,
205 1702 28 17 as
251 1698 26 21 to
294 1693 44 26 the
356 1693 74 25 mode
445 1693 27 24 in
489 1691 87 27 which
592 1692 45 25 the

46 1726 92 26 .ch'oiee
147 1726 31 26 of
182 1727 113 25 sections
303 1727 23 24 is
338 1730 28 22 to
375 1726 58 25 take
440 1726 82 33 place,
531 1726 105 24 accord-

50 1758 46 35 ing
107 1763 26 21 to
145 1760 45 25 the
200 1761 107 33 priority
310 1759 162 26 .determined
482 1759 37 31 by
529 1758 47 25 lot.

49 1813 3 3 .
85 1793 39 24 As
136 1801 63 17 soon
207 1801 30 17 as
247 1793 45 25 the
303 1801 95 24 survey
410 1792 51 24 and
477 1790 60 34 plan
549 1791 32 24 of
595 1791 53 25 the

48 1828 72 22 lown
138 1834 42 17 are
202 1826 148 33 completed,
362 1834 51 23 you
423 1824 53 25 will
487 1825 109 32 proceed
609 1829 27 20 to

33 1867 5 3 •
46 1858 45 28 jthe
101 1867 93 24 survey
205 1859 31 25 of
242 1863 111 28 country
361 1858 117 25 sections.'
487 1870 3 5 •
583 1870 4 12 -,

83 1891 59 25 You
159 1891 55 26 will
236 1892 105 25 observe
360 1891 35 33 by
411 1891 69 25 the-'
484 1891 106 24 ''Terms
608 1891 32 25 of

219 1925 56 25 that
284 1924 43 26 the
346 1932 124 25 company
479 1923 156 26 -undertakes

47 1957 56 26 that
115 1958 42 24 the
169 1957 87 26 eleven
272 1957 118 26 hundred
405 1961 110 28 country
521 1956 114 26 -section's

47 1990 66 25 .shall
125 1991 92 25 consist
228 1991 31 25 of
267 1991 43 26 the
327 1994 65 22 most
407 1989 117 26 valuable
535 1989 62 26 land
603 1996 31 19 -at

47 2023 42 26 the
99 2024 113 34 disposal
227 2024 31 25 of
271 2024 45 25 the
332 2023 124 26 directors
470 2024 28 24 in
517 2023 45 25 the
579 2023 56 26 first
642 2029 2 27 \

44 2057 156 26 settlement.

82 2091 52 25 The
145 2091 120 26 directors
283 2094 74 27 trust,
376 2094 25 22 at
415 2089 38 27 :all
471 2093 94 27 events,
578 2089 57 25 that

47 2132 53 24 you
112 2124 54 25 will
177 2125 77 32 adopt
270 2124 67 25 that*
342 2124 75 25 mode
433 2123 32 26 of
479 2122 165 36 proceeding;

28 2158 3 3 '
45 2157 38 33 hj
92 2157 87 26 which
192 2158 41 25 the
244 2158 102 25 holders
363 2156 29 26 of
404 2157 42 25 the
465 2156 167 34 preliminary

45 2189 61 27 land
125 2192 84 24 orders
228 2192 55 24 will
299 2194 68 22 most
386 2190 84 33 surely
486 2190 85 25 obtain

45 2228 68 22 .most
124 2225 117 25 valuable
249 2225 63 25 land
322 2225 27 25 in
359 2224 43 26 the
414 2223 57 26 first
477 2223 154 31 .settlement,
640 2227 2 18 :

27 2276 4 3 -
47 2258 49 25 and
106 2258 35 33 by
153 2258 87 25 which
255 2258 44 26 the
316 2257 105 34 priority
437 2257 33 25 of-
483 2257 88 24 choice
588 2257 54 24 de-

44 2291 125 26 lermined
179 2293 36 31 by
225 2291 38 26 lot
275 2291 52 27 will
338 2292 30 25 be
381 2295 66 21 most
466 2290 104 33 strictly
588 2291 44 24 ob-

45 2325 96 25 served.

80 2364 33 25 In
124 2373 58 17 case
193 2373 51 24 any
255 2365 76 25 order
343 2373 29 16 or
383 2364 86 25 orders
480 2363 94 26 should
588 2367 46 22 not

87 2398 132 32 presented
230 2403 27 20 to
268 2406 54 24 you
332 2401 26 21 at
373 2397 42 25 the
432 2397 61 25 time
504 2396 73 25 when
588 2397 45 25 the

46 2431 165 33 opportunity
228 2431 40 25 for
285 2430 122 34 choosing
426 2438 100 22 occurs,
542 2430 22 24 it
578 2430 55 25 will

28 2474 5 3 -
44 2463 34 25 be
87 2472 66 25 your
164 2464 114 26 business
289 2467 28 22 to
335 2464 89 25 choose
434 2463 40 25 for
485 2463 43 25 the
547 2463 87 25 absent

44 2496 99 26 'holder.
180 2497 53 26 The
249 2498 123 25 directors
390 2496 49 26 feel
456 2496 103 25 assured
576 2496 57 25 that

42 2530 64 33 /they
118 2531 66 25 need
199 2534 46 22 not
261 2531 106 33 impress
382 2539 32 17 on
425 2538 54 25 you
489 2529 45 25 the
548 2538 84 16 neces-

46 2563 50 33 sity
117 2564 28 25 of
163 2564 76 34 being
257 2564 96 25 careful
374 2568 26 21 to
417 2563 87 30 select,
525 2562 27 25 in
571 2563 62 24 such

47 2605 76 23 cases,
153 2598 43 24 the
212 2606 65 24 very
293 2598 55 25 best
364 2597 60 25 land
448 2596 59 25 then
526 2604 62 25 open
606 2600 27 21 to

24 2644 4 6 >
42 2630 99 25 .choice.
179 2631 60 25 This
258 2632 50 24 last
325 2630 150 26 instruction
496 2629 93 34 applies
607 2634 26 21 to

43 2663 42 25 the
98 2668 74 21 .town
190 2672 28 17 as
237 2664 59 25 well
318 2672 27 18 as
364 2664 43 25 the
425 2666 109 29 country
553 2671 80 17 acres.

46 2696 74 27 Waik
130 2701 101 30 respect
239 2702 30 21 to
277 2698 47 25 the
334 2701 69 22 town
414 2705 80 22 acres,
505 2695 137 33 however,-

42 2729 25 26 ■it
89 2738 86 18 -seems
202 2731 185 34 indispensable
408 2730 56 26 that
486 2730 43 25 the
552 2729 84 25 whole

42 2763 96 26 ■should
157 2765 32 24 be
211 2765 127 33 surveyed
355 2764 50 25 and
422 2763 111 34 mapped
550 2763 86 24 before

45 2804 61 25 any.
112 2797 86 26 choice
209 2798 22 24 is
242 2798 115 31 allowed,
370 2798 48 24 and
432 2797 58 25 that
501 2796 43 25 the
561 2796 75 25 allot-

43 2834 75 21 anent
138 2831 30 24 of
174 2831 50 25 tthe
240 2831 84 26 whole
343 2831 90 26 should
450 2830 60 25 take
521 2829 72 34 place
611 2833 26 21 at

43 2864 130 26 'Oneitime.

53 2909 3 5 '
77 2905 5 14 vltv
80 2903 28 25 lt
115 2904 54 25 will
185 2905 31 25 he
233 2914 68 23 your
312 2905 62 33 duty
385 2907 27 22 to
423 2904 93 25 choose
536 2902 44 26 the
597 2911 40 17 re-

31 2937 106 25 served
147 2938 109 25 sections
269 2938 135 34 according
421 2941 27 22 to
468 2937 45 25 the
526 2936 111 34 priority

45 2966 45 28 W
103 2970 87 26 choice
211 2971 88 28 which
319 2972 46 27 has
386 2972 65 24 been
479 2970 159 26 determined

43 3001 99 34 %ylot.

1278 127 126 24 lonization
1405 139 36 6 —
1463 126 51 25 The
1534 125 95 32 S.ociety
1640 126 39 23 for
1694 124 41 24 the
1747 124 119 32 Propaga-

1279 160 50 24 tion
1342 160 26 23 of
1377 160 49 28 the,
1430 159 91 32 Gospel
1529 159 25 24 in
1566 158 103 32 Foreign

1314 192 64 24 That
1388 192 100 33 society,,
1502 191 76 24 which
1595 191 44 23 has
1657 190 85 31 always
1785 197 82 15 conse-

1279 225 80 24 crated
1370 225 43 23 the
1557 223 48 25 and
1621 222 115 24 hallowed
1754 221 42 24 the
1812 229 55 23 pro-

1279 265 75 23 gress,
1365 257 28 23 of
1401 256 149 28 civilization,,
1556 257 33 30 by
1599 255 107 32 planting
1717 262 15 15 a
1742 254 94 23 church-
1842 254 24 23 in

1281 297 71 23 every
1368 289 85 32 colony
1465 289 104 24 founded
1582 289 31 31 by
1624 286 166 33 Englishmen,
1803 286 64 23 since

1279 320 41 25 the
1331 322 54 23 date
1396 321 28 24 of
1439 322 29 23 its
1479 321 134 27 formation,
1630 320 44 24 has
1693 320 60 23 been
1764 318 26 24 in
1802 325 65 17 some

1280 354 86 31 degree
1374 353 150 32 approached,
1531 361 64 23 upon
1606 353 40 23 the
1659 351 90 31 subject
1756 360 7 17 ;
1771 351 49 23 and
1827 351 40 23 the

1280 386 133 24 committee
1425 394 39 15 are
1475 389 42 20 not
1528 385 99 24 without
1637 385 73 31 hopes
1724 384 59 27 that,
1795 383 23 23 if
1825 383 42 23 the

1279 419 101 23 settlers'
1392 426 66 16 come
1474 418 109 27 forward,
1601 416 80 32 boldly
1692 416 47 24 and
1749 415 116 32 liberally,,

1280 451 56 24 with
1347 459 14 16 a
1371 451 160 31 subscription,
1538 451 42 22 for
1587 449 107 31 building
1710 448 47 24 and
1773 448 94 24 endow-

1279 484 41 31 ing
1331 491 15 16 a
1356 482 95 29 church,
1463 482 47 24 and
1528 482 170 31 guaranteeing
1716 489 14 15 a
1747 480 120 23 moderate

1279 516 93 31 stipend
1382 519 25 20 to
1423 516 41 23 the
1481 519 87 27 pastor,
1586 514 41 24 the
1643 514 88 31 society
1742 512 80 24 would
1837 513 29 23 be

1268 556 1 19 ;
1278 548 100 24 induced
1387 552 24 20 to
1423 546 108 33 respond',
1542 547 33 32 by
1586 546 98 31 making
1692 553 65 16 some
1768 552 99 24 propor-

1278 581 89 23 tionate
1377 584 78 28 grant,
1466 579 47 25 and
1524 579 92 28 would,'
1625 579 25 23 in
1665 578 51 24 that
1727 585 60 20 case,
1799 577 68 23 incur

1277 614 42 23 the
1326 612 92 25 trouble
1430 612 47 25 and
1486 611 182 33 responsibility,
1681 618 26 21 so,
1716 609 150 32 satisfactory

1277 649 26 20 to
1311 646 41 23 the
1361 646 85 31 public,
1458 646 28 23 of
1493 644 129 31 becoming'
1626 644 41 24 the
1677 647 101 19 trustees
1789 646 25 19 to
1825 642 41 23 the

1278 679 154 23 endowment.

1312 710 29 24 In
1352 710 97 31 making
1459 709 48 24 this
1518 708 147 33 application,
1681 707 40 24 the
1733 707 134 24 committee

1278 743 47 23 will
1337 743 55 31 only
1401 743 81 26 follow
1489 742 42 24 the
1542 741 126 32 precedent
1679 740 28 24 of
1716 739 76 27 South
1800 739 65 24 Aus-

1277 776 70 23 tralia
1355 785 7 19 ;
1378 774 78 25 where
1467 783 15 15 a
1493 774 163 31 subscription,
1674 776 24 21 to
1710 773 41 23 the
1768 776 99 19 amount

1279 808 28 23 of
1324 807 73 28 800?.,
1410 815 46 16 was
1477 806 75 24 raised
1571 806 38 24 for
1625 806 42 24 the
1685 805 107 31 bunding
1809 804 27 24 of
1853 812 15 16 a

1279 840 96 28 church,
1383 840 76 23 under
1469 839 41 24 the
1521 844 129 26 patronage
1662 837 45 24 and
1719 837 147 31 superinten-

1279 873 72 23 dence
1359 873 26 23 of
1390 873 41 23 the
1441 872 94 31 society,
1542 871 50 23 and
1597 879 14 15 a
1620 871 134 31 clergyman
1764 870 103 23 selected

1278 906 33 32 by
1319 906 65 23 them
1392 908 54 21 sent
1457 908 48 25 out,
1513 908 25 19 to
1547 904 41 23 the
1596 903 118 24 universal
1721 901 145 25 satisfaction

1280 938 27 24 of
1315 939 41 23 the
1368 938 92 31 colony.

1313 971 53 23 The
1376 971 106 23 sanction
1493 969 47 24 this
1552 968 79 25 wouM
1638 968 57 32 give
1710 971 26 21 to
1752 967 42 25 the
1811 967 54 25 reli-

1279 1004 68 31 gious
1359 1004 153 23 observances
1527 1002 33 28 ,of
1576 1002 42 23 the
1634 1000 174 32 congregation,
1819 1000 48 24 and

1280 1035 41 25 the
1332 1035 91 32 dignity
1432 1036 19 24 it
1462 1035 77 25 would
1554 1033 82 25 reflect
1655 1041 62 24 upon
1729 1033 42 23 the
1782 1033 85 32 colony

1280 1068 74 29 itself,
1358 1068 61 24 need
1427 1072 42 19 not
1477 1068 29 23 be
1513 1067 138 24 insistedon,
1658 1075 5 19 ;
1674 1066 46 24 and
1727 1066 19 23 it
1751 1066 21 23 is
1780 1065 85 32 hoped,

1280 1097 126 32 therefore,
1425 1101 52 23 tTiat
1496 1100 40 24 the
1556 1100 100 27 settlers,
1674 1107 26 15 as
1719 1098 54 24 well
1792 1106 26 15 as
1834 1098 33 23 all

1280 1134 72 23 those
1359 1134 63 23 from
1433 1133 92 24 various
1536 1132 101 23 motives
1648 1131 127 24 interested
1789 1131 26 23 in
1825 1131 41 23 the

1280 1166 164 31 undertaking,
1457 1165 48 23 will
1522 1167 25 21 at
1565 1172 59 16 once
1642 1167 64 21 exert

1280 1202 25 21 to
1324 1206 81 17 secure
1422 1199 41 23 the
1481 1197 127 25 fulfilment
1628 1197 28 23 of
1674 1196 66 24 these
1758 1199 108 28 expecta-

1279 1232 71 23 tions.

1314 1263 52 24 The
1385 1264 116 30 emigrant
1513 1262 51 24 who
1575 1261 104 25 believes
1688 1262 41 23 the
1741 1260 124 29 doctrines,

1280 1297 47 23 and
1336 1296 66 25 loves
1418 1296 40 24 the
1474 1296 83 27 forms,
1576 1296 28 24 of
1618 1295 41 24 the
1676 1293 191 24 time-honoured

1279 1329 134 24 institution
1441 1329 56 23 with
1517 1327 77 25 which
1618 1327 32 24 he
1677 1329 118 25 connects,
1822 1329 44 20 not

1279 1362 89 32 merely
1380 1361 40 24 the
1436 1361 83 24 tender
1538 1360 110 24 charities-
1657 1359 27 24 of
1700 1359 49 28 life,
1766 1359 43 24 but
1824 1358 42 24 the

1279 1398 62 20 most
1352 1397 85 28 august
1447 1393 161 24 recollections
1616 1392 29 24 of
1652 1392 36 24 his
1700 1394 106 29 country,
1818 1391 47 23 will

1277 1431 44 20 not
1331 1430 98 20 consent
1439 1430 25 20 to
1476 1425 104 24 desolate
1591 1425 47 24 and
1648 1425 113 31 paganize
1778 1424 37 23 his
1825 1423 40 24 fu-

1279 1464 53 20 ture
1339 1460 71 23 home
1420 1460 32 31 by
1460 1459 40 23 the
1512 1459 98 23 absence
1622 1457 27 24 of
1656 1457 41 24 the
1709 1456 156 25 consolations

1280 1493 75 23 which
1366 1492 99 32 religion
1476 1491 109 31 inspires.

1314 1525 189 24 Considerations
1521 1523 51 24 like
1586 1524 48 23 this
1646 1522 47 24 will
1705 1524 93 22 actuate
1809 1521 57 24 with

1280 1557 84 24 double
1371 1557 66 24 force
1447 1557 68 23 those
1527 1559 95 29 parents
1631 1564 27 15 or
1669 1554 109 24 relatives
1787 1554 78 24 whose

1279 1590 105 24 children
1397 1598 26 16 or
1435 1590 146 23 connexions
1589 1597 40 15 are
1640 1588 71 24 about
1721 1592 26 19 to
1757 1587 31 23 be
1800 1594 66 24 sepa-

1279 1623 67 24 rated
1352 1623 64 24 from
1425 1623 71 27 them,
1579 1629 32 16 as.
1616 1621 41 23 the
1668 1620 65 32 poles

1314 1656 52 23 The
1373 1663 66 16 mere
1450 1655 132 31 speculator
1590 1653 48 24 will
1648 1653 106 32 perceive
1766 1652 50 24 that
1825 1653 41 23 the

1279 1688 84 33 colony
1371 1688 66 24 itself
1445 1687 47 24 will
1503 1688 28 22 be
1542 1686 147 31 incomplete,
1699 1685 98 23 without
1808 1685 59 23 such

1278 1729 33 16 an
1320 1721 133 24 institution
1462 1730 5 18 ;
1484 1720 47 23 and
1547 1719 53 24 that
1615 1726 32 17 no
1664 1718 83 24 decent
1764 1726 28 15 or
1804 1717 63 24 well-

1278 1754 131 24 conducted
1423 1753 82 32 family
1515 1752 78 24 would
1604 1754 98 21 consent
1719 1754 25 20 to
1761 1750 69 24 settle
1840 1750 25 23 in

1277 1794 15 16 a
1304 1790 98 28 country
1414 1786 97 23 without
1522 1793 15 15 a
1549 1784 95 24 church.

1295 1818 3 6 '
1311 1819 51 23 The
1374 1818 173 31 subscriptions,
1561 1817 47 24 will
1616 1817 39 22 -be
1673 1815 116 29 confined,
1808 1815 25 23 in
1851 1823 16 16 a

1274 1856 68 26 great
1347 1859 119 20 -measure,
1479 1854 24 20 to
1514 1849 42 25 the
1566 1852 139 29 permanent
1716 1848 149 24 endowment

1275 1884 28 23 of
1316 1883 43 24 the
1377 1883 95 28 church,
1490 1883 32 30 by
1536 1882 42 24 the
1595 1881 119 33 purchase-
1728 1881 29 22 of
1773 1888 45 15 one
1836 1888 29 15 or

1274 1923 66 17 more
1351 1916 102 23 sections
1467 1916 28 22 of
1502 1915 94 23 landan
1606 1914 40 23 the
1658 1913 119 32 -principal
1789 1917 74 19 town-

1274 1948 57 32 ship,
1338 1949 28 23 of
1371 1949 44 22 .the
1426 1947 91 32 colony,
1528 1950 33 21 to:
1566 1947 42 24 the
1620 1946 103 24 erection
1729 1946 32 23 .of
1769 1945 42 24 the
1821 1954 43 15 ne-

1274 1989 94 23 cessary
1377 1980 126 31 buildings,
1522 1980 123 30 including
1655 1986 19 16 a.
1680 1978 76 23 house
1771 1978 40 23 for
1821 1977 42 24 the

1274 2013 143 33 clergyman,
1435 2013 47 23 and
1496 2016 27 20 to
1540 2013 42 23 the
1598 2011 126 32 providing
1737 2010 40 24 for
1787 2010 50 24 him
1848 2018 15 16 a

1274 2046 100 24 suitable
1382 2045 75 24 outfit.
1555 2053 12 5 -
1591 2056 4 5 •

1308 2079 57 23 The.
1370 2077 88 25 annual
1469 2076 101 33 stipend-
1576 2076 49 24 will
1640 2076 36 23 be-
1687 2074 100 25 secured
1802 2074 33 32 by
1848 2083 15 15 a

1272 2114 128 29 guarantee
1412 2119 32 16 on
1453 2110 42 25 the
1505 2113 54 29 part
1570 2109 28 24 of
1607 2108 88 24 certain
1705 2108 118 23 members
1837 2107 29 24 of

1272 2145 42 24 the
1323 2144 91 32 colony,
1422 2144 92 31 against
1523 2142 75 24 which
1608 2142 57 31 they
1672 2140 49 24 wall
1730 2140 133 31 indemnify

1272 2176 143 25 themselves
1425 2176 33 32 by
1467 2175 47 24 the.
1520 2183 51 24 pew
1582 2177 68 22 rents
1658 2173 28 30 qf
1695 2181 16 16 a
1719 2176 56 29 part
1785 2173 27 23 of
1820 2173 43 23 the

1273 2210 96 24 church:

1307 2242 52 24 The
1371 2251 53 15 sum
1435 2241 28 24 of
1479 2240 73 29 10.1/,,
1561 2240 22 24 if
1597 2238 149 25 contributed
1756 2237 107 27 immedir

1272 2276 71 31 ately,
1354 2276 48 23 will
1420 2283 88 15 secure-
1518 2281 46 16 one
1575 2281 54 16 acre
1639 2272 28 24 of
1681 2271 111 32 building
1806 2270 58 25 land

1271 2309 30 23 in,
1314 2308 40 23 the
1365 2308 52 23 first
1428 2310 78 26 town,,
1515 2314 39 16 on.
1566 2305 80 25 which,
1657 2304 57 27 the,,
1716 2303 90 25 church
1817 2303 56 28 and|

1272 2349 132 24 parsonage
1420 2348 55 23 may
1493 2340 29 23 be
1538 2338 69 28 built,
1623 2337 50 24 and
1688 2337 55 27 100,
1753 2344 66 16 acres
1837 2336 28 23 of

1266 2383 1 16 :
1273 2375 140 30 contiguous
1432 2372 71 24 rural,
1517 2371 65 28 land,
1601 2370 78 24 wJtrich
1696 2366 50 33 ;will
1766 2370 64 22 form
1850 2377 15 15 a

1266 2421 2 5 ■
1273 2406 75 33 glebe,
1357 2406 47 24 and
1415 2406 41 23 the
1469 2412 115 24 company
1592 2403 53 24 will*
1648 2403 56 32 give
1712 2410 15 15 a
1733 2402 52 23 free
1796 2401 68 24 cabin

1266 2447 107 24 ■passage
1392 2442 24 20 to
1437 2438 48 24 tha.-
1496 2437 150 32 clergyman,,
1662 2435 22 25 if
1699 2435 34 25 lie
1750 2434 113 33 proceeds

1274 2472 55 23 with
1340 2472 42 23 the
1392 2471 60 24 first.
1456 2470 92 33 colony.

1307 2504 24 24 It
1349 2505 21 23 is
1389 2503 113 25 believed.
1510 2504 58 22 -that
1585 2502 52 24 five-
1651 2509 28 16 or
1699 2501 37 23 six
1754 2498 118 25 hundred*

1274 2537 92 33 pounds
1377 2536 94 32 beyond
1481 2536 47 23 this
1540 2535 52 24 will
1597 2535 30 23 be
1636 2533 121 25 sufficient
1766 2536 26 20 to
1803 2532 62 24 raise

1275 2570 60 24 such
1345 2570 126 31 buildings-
1475 2577 33 15 as-
1518 2576 57 24 may
1590 2575 93 16 answer
1698 2566 42 23 for
1754 2566 42 23 the
1813 2564 56 25 first.

1266 2610 1 5 1
1274 2611 69 24 years
1355 2603 28 23 of
1397 2610 30 16 an
1437 2601 77 24 infant
1526 2601 96 30 society.
1655 2599 48 24 For
1719 2599 42 23 the
1777 2598 90 28 future,

1266 2641 2 25 ;
1274 2636 42 23 the
1326 2635 95 24 settlers
1432 2634 47 24 will
1497 2633 130 32 cheerfully
1637 2635 65 20 trust
1710 2631 26 24 in
1747 2631 42 23 the
1804 2630 63 24 bles-

1266 2669 63 30 sing
1347 2667 29 24 of
1391 2669 44 23 the
1449 2666 129 32 Almighty,
1596 2669 25 21 to
1641 2667 93 29 protect
1752 2664 38 23 his
1814 2671 54 15 own

1266 2693 1 11 1
1276 2700 97 28 church,
1383 2700 78 25 which
1470 2707 63 23 may,
1536 2698 104 28 without
1649 2697 127 31 indulging
1786 2696 26 23 in
1820 2703 49 23 any

1277 2734 103 31 pictures
1400 2733 27 24 of
1444 2731 167 32 imagination,,
1627 2731 33 23 be
1680 2730 42 23 the
1742 2735 81 17 means
1845 2728 28 23 of

1278 2766 128 32 spreading
1415 2766 41 23 the
1467 2765 61 31 light
1540 2765 26 23 of
1580 2764 42 23 the
1637 2762 84 32 gospel
1731 2762 63 23 from
1806 2758 64 26 New

1279 2798 105 24 Zealand
1395 2806 55 16 aver
1460 2798 42 23 the
1512 2797 90 24 islands
1613 2796 27 24 of
1648 2795 42 24 the
1702 2794 99 24 Pacific.
1831 2793 39 24 To

1280 2832 30 23 do
1321 2831 55 27 this,
1385 2830 82 25 would
1471 2831 31 22 be
1512 2833 29 20 to.
1550 2831 149 29 compensate
1705 2827 86 24 future,
1797 2834 74 24 gene-

1279 2864 90 24 rations
1380 2864 38 23 for
1428 2864 41 23 the
1484 2862 101 33 injuries
1599 2860 105 25 inflicted
1715 2868 32 15 on
1757 2859 42 24 the
1809 2862 62 29 past,

1273 2897 39 32 -by
1322 2897 42 23 the
1375 2895 142 33 pestilential
1526 2895 117 24 influence
1655 2892 95 24 exerted
1761 2893 32 32 by
1803 2892 67 31 Eng-

1281 2929 62 29 land,
1360 2928 104 31 through
1482 2928 44 23 her
1545 2926 70 33 penal
1632 2925 114 30 colonies,
1762 2933 58 16 over
1830 2925 42 23 the

1282 2961 79 25 whole
1368 2961 116 25 southern
1491 2959 158 33 hemisphere.

1316 2996 38 23 As
1364 2994 42 24 the
1416 2993 113 25 founders
1546 2992 27 24 of
1586 2991 42 24 the
1643 2990 123 32 proposed,
1780 2990 95 32 colony*

1282 3027 80 32 acting
1380 3034 33 17 on
1428 3026 42 24 the
1486 3025 127 34 principles
1630 3024 28 24 of
1675 3023 105 24 William
1799 3023 73 29 Perm,

1282 3060 60 24 have
1353 3059 136 32 purchased,
1494 3057 62 25 their
1568 3057 67 24 lands
1645 3057 65 24 from
1719 3056 42 24 the
1772 3056 100 28 natives,

1282 3093 49 25 and
1345 3093 62 23 have
1424 3090 110 26 resolved
1549 3090 33 32 by
1599 3099 14 15 a
1628 3090 105 23 uniform
1748 3092 90 29 system
1847 3092 26 20 to

1283 3133 93 21 secure,,
1389 3133 26 16 as
1425 3125 37 24 far
1473 3132 27 17 as
1510 3123 110 32 possible,
1628 3131 24 17 .a
1662 3121 92 33 perfect
1769 3121 105 32 equality

1284 3159 47 24 and
1341 3157 151 32 conjunction
1498 3157 108 23 between
1616 3156 41 23 the
1669 3154 94 26 settlers
1773 3154 48 24 and
1832 3154 41 24 the

1283 3190 199 32 aborigines^it.is
1491 3192 26 21 to
1527 3189 30 24 be
1568 3187 146 26 understood
1723 3186 26 25 in
1759 3186 56 29 this,
1826 3186 49 24 and

1282 3224 28 25 in
1324 3223 33 25 all
1373 3223 71 24 other
1457 3221 95 33 appeals
1569 3221 68 24 made
1653 3224 26 20 to
1695 3220 42 23 the
1751 3219 80 34 public
1841 3219 33 32 by

1274 3259 1 7 '
1283 3257 41 24 the
1340 3256 118 25 members
1469 3255 27 23 of
1509 3254 43 24 the
1564 3253 92 33 colony,
1666 3253 53 23 that
1729 3252 42 24 the
1780 3252 93 24 natives

1283 3297 40 16 are
1333 3292 29 21 to,
1371 3288 134 33 participate
1523 3286 93 33 equally
1627 3285 57 24 with
1693 3284 144 25 themselves
1848 3284 25 23 in

1284 3322 31 24 all
1326 3321 42 25 the
1378 3320 99 26 benefits
1489 3320 29 24 of
1526 3320 41 24 the
1578 3319 60 24 local
1648 3317 153 25 institutions.

1886 138 2 14 i
1896 125 180 25 establishment
2092 125 29 23 of
2133 132 34 16 an
2182 124 82 24 Infant
2281 125 88 25 School
2382 127 39 23 for
2441 127 41 24 the

1886 153 2 12 1
1895 158 90 24 benefit
1992 157 27 24 of
2026 157 158 24 the-cbildren
2193 157 27 24 of
2225 157 40 24 the
2274 158 150 32 Aborigines,
2433 160 48 24 and

1887 191 37 23 •of
1933 191 44 23 the
1982 198 93 25 poorer-
2080 190 63 23 class
2153 190 29 23 of
2190 189 101 25 settlers.
2309 202 2 5 •
2342 202 5 4 •
2371 206 7 3 -
2405 203 19 6 <•
2453 186 2 5 '
2475 205 3 5 •

1887 230 2 25 ;
1929 222 68 24 With
2008 222 47 24 this
2063 222 124 28 intention,
2196 221 41 24 she
2245 222 45 24 has
2297 223 130 31 purchased
2436 233 45 16 one

1887 255 37 26 ;of
1932 255 49 23 -the-
1993 255 153 32 preliminary
2162 254 100 24 sections
2279 256 30 22 of
2324 254 63 30 land,
2404 257 77 25 which

1887 294 3 26 ;
1896 286 48 24 she-
1950 288 65 30 gives
2026 296 25 15 as
2063 295 15 15 a
2092 286 123 32 perpetual
2225 287 149 24 endowment
2384 287 38 24 for
2432 288 49 26 this

1887 315 3 40 |
1896 327 110 24 purpose,
2015 320 47 23 and
2075 320 44 23 has
2131 319 72 24 taken
2214 327 63 24 upon
2290 320 91 24 herself
2392 320 41 25 the
2443 329 39 16 re-
2483 343 12 11 #

1887 363 3 8 •
1896 352 147 32 sponsibifi-fcy
2059 352 31 24 of
2102 353 171 31 guaranteeing
2293 353 41 23 the
2349 353 78 32 salary
2441 354 41 24 for

1887 392 3 24 j
1896 383 40 24 the
1939 394 2 4 1
1948 384 51 23 first
2009 393 56 22 year
2076 385 29 23 of
2117 393 14 15 a
2142 388 89 21 master
2239 385 48 24 and
2297 385 114 28 mis-tress,
2423 386 58 24 with

1888 436 2 6 ,
1896 416 67 24 their
1969 416 121 31 daughter,
2102 425 25 16 as
2140 425 30 16 an
2181 418 117 27 assistant,
2306 417 39 24 for
2354 418 78 24 whom
2438 418 43 25 she

1887 466 3 6 ,
1896 449 42 23 has
1950 448 101 25 likewise
2066 450 116 31 provided
2191 450 50 23 free
2254 458 119 24 passages,
2385 451 47 22 and
2443 458 38 17 ac-

1887 489 2 15 :
1896 480 169 25 commodatien
2078 490 31 15 on
2121 482 104 31 arriving
2235 482 32 24 inf
2273 482 61 24 New
2345 481 111 25 Zealand.
2467 488 9 10 v

1887 520 2 19 j
1931 512 52 25 The
1999 514 96 24 teacher
2117 515 105 31 engaged
2242 515 20 23 is
2280 513 45 25 Mr
2343 514 138 31 Buchanan,

1887 543 2 24 I
1896 546 60 27 who*
1967 549 2 6 '
1975 545 83 33 during,
2072 546 42 23 the
2124 547 46 24 last
2185 551 86 28 twenty
2290 555 77 24 years,
2382 547 43 24 has
2441 555 41 17 su-
2495 554 4 5 *

1896 578 154 31 perintended
2058 579 44 23 the
2112 579 52 23 first
2174 580 133 24 institution
2319 579 28 25 of
2363 579 47 24 this
2422 579 60 26 kind

1897 610 140 24 established
2048 611 27 23 in
2087 611 117 31 England.

1929 642 24 24 It
1963 643 139 23 i^intended
2113 647 25 20 to
2150 644 64 31 place
2222 644 42 24 the
2271 644 170 24 contributions
2454 645 27 25 in

1896 675 46 24 the-
1948 675 78 24 hands-
2034 675 28 24 of
2078 676 68 23 three
2154 680 108 25 trustees,
2272 677 96 32 leaving
2378 677 42 24 the
2430 686 52 15 ma-

1895 712 132 27 nagement,
2041 708 25 23 in
2086 708 43 24 the
2142 708 52 23 first
2208 709 111 29 instance,
2331 713 29 20 to.
2366 710 42 23 the
2424 710 58 32 lady

1895 741 59 23 who*
1960 741 25 23 is-
1993 740 41 24 the
2050 741 129 32 originator
2192 741 27 24 of
2222 748 2 5 '
2232 741 46 24 the'
2284 742 63 31 plan-,
2357 742 51 24 who
2425 743 58 23 sub-

1896 773 91 24 scribes-
1994 772 42 25 the
2046 773 80 31 larger
2141 774 94 30 portion
2250 774 29 23 of
2290 774 42 23 the
2342 774 79 28 funds,
2433 775 49 24 and

1896 806 63 27 who*,
1978 806 141 31 proceeding-
2140 809 27 25 tq
2191 806 41 24 the
2255 806 85 32 colony
2359 806 56 24 with
2436 806 46 25 her

1895 838 114 28 husband,
2020 839 25 22 is-
2060 838 91 31 willing
2164 841 26 20 to
2206 839 54 31 give
2278 846 36 24 up
2322 847 27 15 as
2366 839 72 24 much
2455 840 30 24 of

1895 870 44 24 her
1949 872 56 22 time
2020 879 28 15 as-
2063 879 57 23 may
2131 871 29 23 be
2178 879 126 24 necessary
2314 872 38 22 for
2354 879 3 5 1
2368 872 41 24 the
2425 879 57 24 per-

1896 903 68 24 sonal
1974 903 210 32 superintendence
2194 904 28 23 of
2230 903 41 24 the
2283 903 89 24 school.
2400 912 1 5 '

1929 936 57 23 The*
1999 940 106 20 trustees-
2123 936 47 23 will
2189 936 69 23 make
2281 936 142 24 themselves
2441 943 40 19 re^

1895 969 166 31 sponsiblefoc
2074 969 45 23 the-
2132 969 46 23 due
2192 968 187 24 administration
2396 970 28 23 of
2437 970 45 25 the

1892 1000 84 29 funds,,
1984 1001 47 24 and
2042 1000 101 25 detailed
2149 1004 92 28 reports
2251 1001 49 24 will
2307 1002 30 23 be
2348 1001 132 26 forwarded

1894 1033 150 32 periodically;
2054 1037 31 20 to-
2091 1033 44 25 the
2144 1033 143 25 subscribers
2298 1034 26 24 in
2333 1033 123 32 England-

1928 1067 41 22 An
1980 1066 137 24 immediate-
2123 1067 80 31 outlay
2209 1067 22 22 is
2239 1066 110 32 required
2356 1067 38 23 for
2403 1067 78 24 build*

1893 1099 43 30 ing
1947 1107 14 15 a
1971 1098 170 29 school-roomy
2154 1107 25 15 as
2192 1098 51 24 well
2260 1107 26 15 as
2304 1098 120 25 residence
2438 1100 44 24 for

1893 1135 92 20 master
1999 1131 52 24 and;
2065 1131 114 28 mistress,
2190 1131 56 24 with
2264 1132 72 23 other
2352 1131 129 29 incidental

1895 1172 114 23 expenses
2019 1168 25 19 at
2055 1164 43 23 the
2109 1169 207 19 commencement.
2472 1164 5 21 i

1929 1197 23 23 It
1963 1197 22 23 is-
1992 1196 108 24 believed
2109 1197 59 28 that,
2178 1196 21 24 if
2209 1196 42 24 the
2265 1204 126 24 necessary,
2401 1197 79 26 build-

1893 1230 54 31 ings
1968 1237 48 16 can-
2034 1230 29 23 be
2089 1228 100 30 erected,
2206 1228 43 25 the
2268 1229 138 24 institution:
2411 1237 68 26 -may

1895 1262 92 32 shortly
1996 1261 51 33 rely
2059 1270 67 23 upon,
2134 1261 43 25 the
2193 1262 118 23 exertions
2323 1262 27 23 of
2363 1262 41 24 the
2416 1263 65 24 colo-

1894 1296 59 23 nists
1968 1294 144 25 themselves
2121 1304 11 18 ;.
2144 1294 48 24 and
2207 1295 19 23 it
2244 1294 22 24 is
2283 1294 128 25 calculated
2427 1295 53 24 that

1893 1328 42 24 the
1947 1336 54 16 sum-
2010 1327 28 24 of
2046 1333 53 18 twos
2104 1327 109 24 hundred
2224 1327 92 31 pounds
2329 1327 49 23 will
2389 1327 92 25 bevsuf*

1894 1361 79 23 ficient
1992 1364 31 19 to-
2037 1360 40 31 lay
2097 1359 41 24 the
2156 1359 141 24 foundation
2315 1360 28 23 of
2361 1368 18 15 a*
2391 1363 90 28 system

1894 1393 76 23 which
1987 1400 58 24 may.
2060 1392 121 24 hereafter
2201 1392 88 24 extend
2305 1392 67 24 itself
2389 1400 92 17 oot-4

1893 1425 66 32 large
1967 1425 93 32 portion
2067 1425 29 24 of
2103 1425 46 24 the-
2152 1425 77 23 infant
2235 1425 142 31 population;
2380 1425 28 24 of
2417 1423 64 26 New

1893 1458 117 24 Zealand..

1928 1491 134 24 Donations
2082 1490 51 24 and
2148 1489 87 25 annual
2255 1489 169 32 subscriptions
2443 1498 38 17 re-

1893 1524 82 24 ceived
1990 1524 33 31 by
2034 1523 39 24 Dr
2086 1523 88 29 Evaaas,
2192 1523 121 23 chairman
2332 1522 27 24 of
2372 1524 42 23 the
2428 1523 54 29 first

1893 1557 92 31 colony,
2003 1559 25 21 at
2046 1556 42 24 the
2100 1555 77 25 Office
2190 1555 28 24 of
2236 1555 41 24 the
2295 1554 64 25 New
2373 1555 106 25 Zealand

1894 1589 70 24 Land
1992 1588 134 33 Company,
2159 1587 49 25 No.
2236 1588 12 23 1
2285 1588 82 24 Adam
2394 1587 86 30 Street,

1893 1622 114 31 Adelpfii.

1929 1655 120 24 Trustees*
2060 1653 53 24 and
2123 1653 76 24 other'
2210 1653 99 28 officers,
2330 1653 123 32 including
2465 1661 18 16 a

1893 1688 141 24 committee'
2046 1687 29 23 of
2094 1686 196 32 correspondents
2313 1686 25 23 in
2361 1685 120 32 England,

1895 1721 46 23 will
1952 1721 28 23 be
1997 1719 132 32 appointed;
2136 1724 28 19 afe
2179 1727 17 15 a
2213 1717 106 25 General
2335 1718 110 32 Meeting
2456 1719 30 24 of

1893 1753 143 24 subscribers
2048 1752 89 24 before-
2147 1751 42 24 tihe
2199 1751 125 32 departure
2337 1751 27 24 of
2372 1751 41 24 the
2428 1752 54 24 first

1893 1786 98 31 colony;.

1929 1818 89 24 Should
2039 1818 71 23 these
2124 1816 122 33 proposals
2269 1819 64 21 meet
2355 1816 63 23 withi
2434 1825 49 23 any

1894 1850 159 25 considerable
2074 1853 108 28 support*
2189 1849 42 23 the
2251 1848 56 33 plan
2325 1848 50 24 will
2391 1849 29 23 be
2440 1857 42 16 ex-

1893 1883 90 24 tended-
1994 1891 36 16 so)
2043 1891 26 15 as
2081 1887 30 19 t<h
2124 1882 94 24 include
2229 1889 36 16 an-
2278 1881 85 24 Infant
2379 1880 102 34 Orphan

1894 1916 110 29 Asylum*

1933 1938 10 16 *
2106 1945 158 21 BANKERS.

1955 1979 91 20 Mmsrs-
2055 1978 144 22 HAN-KEYj
2216 1977 124 20 Fencburch
2349 1981 79 17 street..

1959 2049 175 25 LITERARY,.
2145 2048 186 22 SCIENTIFIC,
2348 2049 70 20 AND

1929 2076 272 22 PHILANTHROPIC
2217 2075 232 21 INSTITUTIONS

2040 2117 42 13 POR
2096 2117 42 14 THE
2152 2116 91 17 BENEFIT,
2255 2116 27 14 OP
2287 2116 49 13 -THE

1893 2137 104 19 BBSTISH
2008 2136 127 20 SETTLERS.
2141 2136 53 17 AND
2202 2135 96 17 NATIVE
2308 2134 174 20 INHABITANTS

1951 2159 31 16 OF
1992 2157 53 18 THE
2057 2156 109 19 ISLANDS
2178 2156 33 17 OP
2220 2156 63 17 NEW
2295 2156 130 17 ZEALAND.

2119 2191 124 15 COMMITTEE
2250 2192 4 12 :

1924 2214 88 20 ©bohoe
2023 2213 92 19 Sazhcohl
2125 2212 80 24 Evans,
2217 2210 97 25 D.C.L.,
2326 2211 117 21 Chairman.

1975 2241 60 19 Hon.
2053 2239 92 20 Henry-
2152 2239 80 19 Petre.

1961 2281 3 2 ■
1977 2267 97 19 Captain
2090 2261 108 25 t>ANiEix.

1977 2293 95 21 Dudley
2087 2293 110 24 Sinclair,
2213 2291 54 23 Esq.

1977 2321 100 19 Francis,
2089 2320 159 23 Molesworth,
2259 2318 54 22 Esq.

1975 2347 101 21 Edward
2093 2346 73 24 Bbcts,
2181 2346 101 25 Hopper,
2292 2345 53 23 JSsq-.
2409 2352 4 4 ~
2440 2354 3 5 '

1978 2374 92 20 George
2086 2373 84 24 Duppa,
2182 2373 53 22 Esq.

1977 2401 66 20 Edek
2057 2400 100 24 Bowler,
2173 2399 52 22 Esq.

1887 2451 1 2 .
2048 2445 2 3 •
2135 2438 110 16 BANKERS.

1887 2467 1 9 '
1935 2469 90 19 Messrs.
2035 2468 100 20 Wright
2148 2468 41 19 and
2200 2467 46 22 Co.,
2254 2467 112 30 Jfenrietla
2375 2468 68 23 street,
2470 2484 4 4 .

2108 2494 74 21 Covent
2189 2494 90 27 garden.

1896 2533 60 24 The
1970 2533 101 31 Society,
2083 2532 77 24 w.Mch
2172 2532 44 24 has
2231 2531 63 25 been
2304 2530 94 25 formed
2408 2531 77 25 under

1896 2566 41 24 the
1948 2564 151 33 designation,
2109 2564 28 25 of
2175 2564 43 24 the
2230 2564 65 24 First
2438 2564 48 25 and

1897 2599 78 24 which,
1992 2599 100 23 consists
2114 2597 151 32 exclusively,
2277 2599 3 4 '
2291 2604 26 16 as
2340 2597 59 31 they
2424 2597 61 24 have

1898 2631 93 32 already
2003 2630 147 28 annoaiaced,
2162 2630 28 23 of
2203 2629 75 24 heads
2290 2629 27 24 of
2324 2629 103 24 families
2438 2629 48 24 and

1899 2664 77 24 others
1995 2664 72 24 about
2077 2667 26 21 to
2121 2663 68 23 settle
2205 2663 26 23 in
2250 2662 61 24 New
2330 2662 112 28 Zealand,
2454 2669 32 17 on

1897 2697 70 24 lands
1992 2696 132 32 purchased
2149 2695 63 24 from
2232 2695 42 24 the
2297 2694 59 24 New
2380 2693 106 26 Zealand.

1900 2729 130 32 Company,
2041 2737 40 15 are
2091 2728 131 31 impressed
2233 2728 57 24 with
2300 2728 41 23 the
2351 2728 76 23 belief
2434 2726 52 25 that

1899 2770 14 15 a
1926 2762 91 30 Colony
2032 2765 27 21 to
2074 2762 30 23 be
2119 2768 142 24 prosperous
2274 2760 85 24 should
2375 2761 29 23 be
2423 2767 63 17 com-

1898 2795 73 31 posed
1982 2795 28 23 of
2022 2803 15 15 a
2048 2794 94 31 portion
2157 2794 27 23 of
2199 2801 32 16 an
2242 2793 40 24 old
2295 2792 101 32 Society,
2408 2796 78 21 trans-

1898 2827 80 24 ferred
1989 2827 117 33 complete
2114 2827 26 23 in
2156 2825 32 25 all
2198 2826 33 24 its
2241 2829 73 29 parts,
2322 2825 48 24 and
2381 2825 105 24 contain-

1899 2860 41 32 ing
1951 2864 25 20 at
1987 2860 61 25 least
2058 2860 41 24 the
2110 2858 131 25 rudiments
2256 2858 28 25 of
2297 2858 33 24 all
2340 2858 68 24 those
2418 2858 69 24 insti-

2091 2892 55 31 give
2161 2892 42 24 the
2222 2895 57 20 tone
2298 2890 48 24 and
2364 2890 124 24 character

1900 2929 28 21 to.
1935 2926 149 25 civilization.

1933 2958 40 25 As
1983 2959 42 23 the
2036 2958 120 24 shortness
2173 2957 29 23 of
2215 2956 42 24 the
2269 2956 56 24 time
2335 2955 151 32 intervening,

1900 2991 81 24 before
1991 2991 64 24 their
2065 2991 131 31 departure,
2207 2989 26 24 in
2245 2989 105 31 August,
2362 2987 125 33 precludes

1901 3024 39 24 the
1952 3023 131 33 possibility
2098 3022 28 24 of
2142 3030 46 23 any
2204 3029 60 24 very
2274 3022 90 23 minute
2380 3023 105 29 separate

1902 3060 176 28 arrangements
2089 3055 39 24 for
2139 3055 95 24 distinct
2243 3054 113 29 societies,
2365 3053 41 24 the
2414 3052 72 25 Com-

1901 3090 80 24 mittee
1992 3089 58 24 offer
2064 3087 141 25 themselves
2216 3090 26 21 to
2253 3086 42 25 the
2305 3086 78 32 public
2393 3093 29 16 as
2431 3093 54 24 pro-

1901 3122 98 24 visional
2019 3125 103 21 trustees
2138 3121 39 25 for
2194 3120 43 24 the
2255 3118 186 25 administration
2459 3117 31 25 of

1902 3163 45 24 any
1968 3154 73 26 funds
2060 3154 77 24 which
2149 3161 64 23 ,may
2230 3152 32 24 be
2283 3150 147 25 contributed
2446 3150 40 25 for

1902 3188 111 24 scientific
2025 3196 28 16 or
2062 3185 189 34 philanthrophic
2262 3191 124 26 purposes.

1936 3220 40 25 On
1987 3220 42 25 the
2039 3220 171 31 all-important
2227 3217 102 31 subjects
2340 3215 29 24 of
2384 3215 101 33 religion

1902 3254 47 24 and
1970 3253 131 27 education,
2112 3252 56 31 they
2188 3259 41 15 are
2245 3250 78 30 happy
2340 3251 28 20 to.
2386 3248 99 25 observe

1900 3287 52 24 that
1962 3286 41 25 the
2015 3285 117 24 members
2141 3285 27 22 of
2175 3284 42 23 the
2227 3280 95 26 Church
2330 3280 29 24 of
2366 3279 120 34 England,

1902 3319 127 25 connected
2042 3318 61 27 with,
2108 3317 40 23 the
2164 3316 100 30 Colony,
2274 3313 61 24 have
2346 3313 140 24 announced

1902 3361 15 16 a
1930 3352 63 32 plan,
2014 3351 48 24 and
2074 3348 90 34 opened
2184 3356 14 16 a
2217 3346 156 32 subscription
2391 3346 38 24 for
2444 3346 41 24 the

1903 3384 148 26 endowment
2066 3383 27 23 of
2109 3391 14 15 a
2137 3379 95 26 Church
2251 3379 26 24 in
2289 3379 130 24 connexion
2429 3378 57 24 vrith

1988 3417 95 29 Society
2101 3415 50 26 for,
2156 3412 41 24 the
2216 3411 160 32 Propagation
2399 3410 27 25 of
2445 3410 41 26 the

1905 3449 92 34 Gospel
2007 3450 26 23 in
2048 3447 101 30 Foreign
2160 3444 71 25 Parts
2240 3443 20 30 f
2271 3445 47 23 and
2328 3443 168 40 aJs^T'vfbo^

1905 3493 9 15 s
1926 3484 73 23 about
2011 3485 25 20 to
2046 3478 100 34 proceed
2157 3478 60 23 with
2232 3472 203 37 her.4iuiba|td^tQ
2444 3475 41 25 the

1905 3516 98 31 Colony,
2022 3514 21 23 is
2063 3511 117 31 receiving
2201 3502 177 49 contrigbt^;
2384 3502 102 45 '^jine

1903 3548 160 25 maintenance
2070 3544 28 24 of
2107 3551 30 16 an
2143 3542 82 26 Infant
2232 3537 279 47 Sch^^dj^phan>j

1905 3580 101 32 Asylum
2016 3577 39 24 for
2065 3576 41 24 the
2117 3577 79 24 native
2207 3570 264 43 cWldjfcnP^^^vf
2478 3570 33 43 2j|

1937 3612 51 24 The
2002 3610 141 24 Committee
2152 3609 55 31 beg,
2222 3612 26 20 at
2259 3607 41 25 tiffi
2312 3600 50 41 wt
2363 3600 139 50 e^M>W
2512 3631 2 9 ■.

1903 3643 43 26 call
1957 3643 115 24 attention
2083 3646 26 21 to
2120 3645 44 21 two
2175 3641 86 33 points,
2267 3637 230 43 »eMfe^^aw^
2512 3661 2 5 .

1902 3678 40 24 the
1961 3676 68 24 other
2041 3674 179 34 philanthropic,
2237 3666 267 51 ing*^^||)^^\
2512 3682 1 24 ;

29 3091 159 37 JEI&&T
219 3093 188 33 COLONY
436 3092 62 32 OF
527 3091 112 32 NEW

238 3133 241 35 .ZEALAND.

274 3182 159 21 COMMITTEE,
640 3190 2 14 ,

27 3214 4 3 '
47 3217 73 20 WITH
132 3222 97 19 POWER
256 3217 35 16 TO
303 3215 54 17 ADI>
368 3215 39 16 TO.
414 3213 86 18 THEIR
511 3212 131 26 NUMBER.;

77 3245 96 36 George
182 3249 99 27 Samu^
280 3241 96 25 lEvaJls
378 3257 7 12 >
395 3239 99 30 D.C.L.,
505 3238 137 30 Chairman,

70 3277 70 27 'Hon.
149 3281 88 34 Henry
244 3283 43 26 Te.
297 3278 37 20 tre
335 3290 6 7 *
526 3305 3 4 .
640 3274 2 44 [

73 3309 103 35 Captain
192 3315 105 27 JDaniell.
334 3338 12 8 n
640 3309 2 20 :

73 3343 98 36 Dudley
183 3347 106 32 Sinclair,
307 3351 22 24 L
348 3346 35 24 s^'
491 3373 7 9 v
640 3349 2 25 I

71 3376 99 27 Francis
181 3380 164 33 Molesworth,
375 3372 32 24 Es
408 3378 24 37 £
491 3373 7 9 '
640 3384 3 24 i

69 3407 105 30 Edward
183 3413 70 26 fietts
265 3415 106 34 Hopper,
383 3431 5 6 -
408 3423 3 4 •
411 3405 48 29 bsq
460 3419 7 7 *
569 3423 3 4 '
640 3409 3 19 :

61 3441 103 35 'George
174 3445 96 34 Duppa,
289 3448 58 33 Esq.

66 3473 89 36 Henry
168 3478 27 24 St
207 3479 60 30 Hill,
280 3480 59 34 Esq.

70 3505 97 37 George
177 3511 105 32 Hunter,
294 3514 58 33 Esq.
437 3532 8 3 -
480 3519 2 7 '
494 3515 4 13 i
506 3514 3 7 '

67 3537 34 26 H.
113 3540 120 35 Moreing,
245 3546 66 33 Esq.,
323 3547 27 25 F.
354 3549 61 26 A.S.

64 3569 35 27 £>.
110 3572 130 35 Biddiford,
253 3578 59 34 Esq.

193 3608 120 29 -Samuei;
321 3614 117 34 Revaws,
451 3619 73 33 Esqv
560 3601 33 26 Se
594 3610 20 16 °'

34 3642 104 25 Under
148 3645 40 26 the
200 3656 74 18 aoove
284 3652 143 33 designation
439 3667 15 16 a
466 3660 68 27 Socie
567 3645 80 42 **£**

30 3674 61 26 been
109 3677 108 32 formed;;
225 3682 25 24 in
268 3687 127 26 connexion
413 3692 57 25 wfth
489 3695 27 25 th
517 3706 14 16 e
552 3702 15 21 r
579 3697 6 12 v

703 1098 193 25 EPISCOPAL
914 1098 149 26 CHURCH
1079 1098 40 25 IN
1136 1098 79 25 NEW

852 1131 226 25 ZEALAND.

881 1180 160 18 COMMITTEE.
1058 1195 2 6 ,
1260 1166 2 33 j

771 1205 66 24 Hon.
848 1206 96 24 Francis
957 1206 96 31 Baring,
1065 1204 68 24 M.P.

768 1237 39 25 Sir
820 1238 31 25 G.
863 1239 106 28 Sinclair,
981 1238 75 29 Bart.,
1069 1236 69 25 M.P.

766 1272 26 24 J.
803 1271 63 25 Ivatt
875 1272 104 28 Bxiscoe,
992 1271 64 33 Esq.,
1070 1271 66 25 M.P.

768 1304 106 27 Wijliam
886 1305 69 28 Hutt,
969 1304 65 33 Esq.,
1046 1304 68 24 M.P.

768 1338 25 24 J.
803 1338 62 24 Abel
876 1338 83 28 Smith,
973 1337 64 32 Esq.,
1051 1337 66 24 M.P.

741 1388 2 7 ,
769 1370 68 26 Rev.,
842 1370 95 25 Samuel
950 1371 86 27 Hinds,
1049 1369 67 25 D.D.

771 1403 32 25 G.
815 1403 25 25 S.
848 1403 88 29 Evans,
949 1404 65 31 Esq.,
1023 1402 95 26 D.C.L.

767 1435 63 25 Rev.
840 1437 38 23 W.
886 1437 101 31 Selwyn,
996 1435 72 25 M.A.

767 1469 30 24 E.
809 1469 121 30 Halswell,
943 1470 64 31 Esq.,
1019 1468 72 26 M.A.

764 1502 35 24 H.
809 1502 119 33 Moreing,
941 1503 65 31 Esq..,
1018 1501 90 26 F.A.S.

765 1536 99 32 Captain
873 1535 103 25 Daniell.

766 1568 87 32 Henry
863 1568 28 24 St
903 1568 60 30 Hill,
975 1569 58 33 Esq.

766 1601 31 24 E.
809 1602 29 23 B.
846 1599 108 35 Hopper,
968 1601 58 33 Esq.

898 1649 132 17 BANKERS.

705 1674 94 25 Messrs
813 1674 98 31 Smith*,
925 1674 103 31 Payne,
1041 1675 48 25 and
1100 1674 110 26 Smiths.
1260 1697 2 8 ,

665 1717 59 25 The
742 1719 116 23 members
877 1719 27 23 of
919 1719 41 23 the
977 1719 90 24 church
1082 1719 28 24 of
1133 1719 116 32 England,

663 1751 130 23 connected
803 1751 57 23 with
870 1752 40 23 the
922 1751 51 24 first
985 1752 84 31 colony
1081 1752 28 23 of
1123 1753 126 30 emigrants
1260 1769 1 6 ,

664 1784 71 22 about
743 1786 24 20 to
778 1783 67 23 settle
852 1784 25 22 in
884 1783 42 23 the
934 1783 88 24 islands
1031 1785 27 22 of
1068 1784 59 24 New
1139 1784 110 29 Zealand,
1259 1804 2 11 ,

663 1815 47 32 beg
720 1815 152 33 respectfully
881 1820 26 19 to
919 1816 86 23 submit
1013 1816 40 24 the
1063 1816 121 32 following
1194 1825 55 23 pro-

661 1848 79 31 posals
750 1851 27 20 to
787 1848 41 23 the
839 1848 72 24 heads
923 1848 26 24 of
966 1848 62 24 their
1046 1856 53 16 own
1116 1849 93 28 church,
1221 1857 26 16 as

662 1880 53 23 well
734 1888 26 15 as
771 1884 26 19 to
809 1877 123 27 christians
943 1881 28 22 of
983 1889 71 22 every
1066 1881 181 28 denomination,

663 1912 51 24 who
729 1920 56 23 may
799 1913 29 23 be
840 1912 88 31 willing
943 1916 24 20 to
985 1917 99 28 support
1094 1914 41 23 the
1147 1914 54 31 only
1212 1916 36 21 at-

661 1948 75 28 tempt
752 1945 52 24 that
821 1945 19 24 is
856 1945 75 31 likely
945 1949 24 20 to
987 1946 29 23 be
1034 1946 76 29 made,
1126 1947 39 23 for
1182 1954 66 16 some

661 1978 63 28 time,
727 1980 31 21 .to
766 1978 75 23 found
849 1987 14 14 a
872 1978 119 24 Christian
999 1979 167 30 congregation
1173 1978 24 24 in
1205 1979 42 24 the

661 2010 120 32 projected
792 2011 132 23 settlement
935 2015 25 20 at
971 2009 59 26 New
1042 2011 110 24 Zealand.

694 2042 23 24 It
732 2043 20 23 is
768 2051 159 24 unnecessary
938 2047 25 20 to
979 2044 102 24 contend
1097 2044 40 24 for
1153 2044 41 24 the
1215 2053 34 15 am

661 2079 112 28 portance
785 2077 28 23 of
822 2076 87 31 laying,
927 2084 26 16 as
964 2077 65 31 early
1044 2084 26 16 as
1082 2077 106 32 possible^
1205 2077 41 24 the

660 2108 151 25 foundations
828 2109 28 24 of
868 2109 68 24 those
953 2109 144 24 institutions
1113 2110 75 23 which
1197 2109 49 24 will

660 2142 54 30 give
733 2140 41 24 the
793 2145 56 20 tone
865 2142 49 23 and
930 2142 119 24 character
1066 2146 26 20 to
1110 2142 78 24 future
1208 2150 38 16 so-

660 2174 78 24 cieties
747 2183 6 20 ;
765 2175 58 28 and,'
828 2175 75 24 above
914 2175 39 28 all,
962 2175 28 23 of
997 2175 125 32 providing
1129 2175 38 24 for
1177 2175 69 24 those

659 2207 77 23 moral
754 2208 118 23 sanctions
879 2208 1 5 '
893 2207 76 24 which
986 2211 55 21 true
1058 2208 101 31 religion
1178 2208 68 24 alone
1255 2210 1 18 I

660 2248 44 15 can
713 2239 141 25 furnish-for
863 2240 42 24 the
917 2241 150 31 subjugation
1075 2241 27 23 of
1111 2241 135 24 conscience
1255 2244 1 6 '

660 2276 26 20 to
697 2272 40 25 the
748 2272 120 33 authority
879 2273 29 24 of
915 2273 51 24 law.

693 2305 25 24 It
727 2306 21 23 is
757 2305 78 33 hoped
844 2306 59 29 that,
914 2306 25 24 in
950 2306 41 24 the
999 2306 138 24 nineteenth
1148 2310 98 28 century

661 2338 28 25 of
700 2338 41 24 the
755 2338 119 25 Christian
886 2347 48 21 era,
950 2339 41 24 the
1009 2340 115 31 spectacle
1134 2348 54 23 may
1202 2343 45 21 not

660 2371 29 24 be
708 2370 118 25 exhibited
837 2371 28 25 of
879 2380 15 16 a
909 2372 65 32 large
991 2372 65 31 body
1068 2372 28 24 of
1111 2373 136 31 emigrants,
1254 2375 2 24 I

660 2403 77 24 culled
751 2404 25 23 in
795 2404 44 24 due
856 2405 134 32 proportion
1008 2404 64 25 from
1088 2405 31 24 all
1133 2406 71 23 ranks
1221 2404 35 25 of,

660 2436 40 24 the
710 2436 95 24 mother
821 2441 106 28 country,
945 2437 96 32 moving
1056 2437 26 24 in
1097 2446 15 16 a
1126 2438 70 24 social
1208 2445 48 17 or-,

659 2469 135 32 ganization
804 2470 90 31 perfect
908 2470 28 23 in
954 2470 31 24 all
1002 2470 68 24 other
1088 2470 85 32 points,
1189 2479 64 16 save-

660 2502 52 24 that
722 2502 84 26 which,
810 2502 69 24 could
898 2503 67 23 alone
977 2503 142 32 distinguish
1129 2504 20 23 it
1158 2504 63 24 from
1232 2505 24 22 a.'

661 2535 145 31 community
813 2535 29 24 of
849 2535 147 24 unbelievers
1007 2544 28 15 or
1043 2544 99 24 .pagans.

695 2566 53 25 The
764 2567 65 32 large
846 2568 109 31 majority
966 2569 28 23 of
1007 2568 43 24 the
1067 2570 127 30 emigrants
1207 2577 40 17 ace

660 2599 110 25 attached
780 2603 25 21 to
816 2600 41 24 the
869 2601 87 23 church
965 2601 28 23 of
1002 2599 120 34 England,
1134 2601 44 24 and
1189 2602 65 31 they

660 2640 40 16 are
720 2632 105 25 desirous
846 2633 27 24 of
893 2634 102 31 quitting
1013 2634 62 24 their
1094 2634 79 24 native
1191 2634 64 24 lands

660 2665 76 23 under
747 2664 41 24 the
800 2666 105 24 sanction
922 2666 45 24 and
984 2666 149 24 benediction
1145 2667 26 24 of
1185 2667 63 24 their

659 2697 96 24 mother
766 2697 97 24 church.
898 2698 79 25 There
988 2707 40 16 are
1040 2699 81 24 others
1132 2699 124 29 also*em-

662 2729 90 25 barked
771 2731 26 23 in
821 2738 32 16 an
872 2732 129 31 enterprise
1020 2732 76 24 which
1114 2732 61 24 draw
1194 2740 62 16 men-

661 2762 111 31 together
793 2763 47 24 and
856 2763 70 24 make
948 2772 72 24 many
1035 2764 144 25 differences,
1191 2766 65 23 once!

663 2796 157 31 exaggerated
832 2804 86 24 appear
927 2796 166 32 insignificant,
1105 2798 56 23 who.
1169 2798 82 24 cheer-

661 2827 62 32 fully
731 2828 132 24 contribute
870 2832 26 20 to
907 2829 41 24 the
954 2829 130 24 formation
1093 2830 27 24 of
1129 2838 43 16 one
1182 2827 75 35 large'

663 2860 48 24 and
729 2861 82 24 united
828 2862 174 31 congregation,
1023 2862 82 24 rather
1122 2863 61 23 than,
1197 2863 56 31 split

663 2893 142 25 themselves
821 2894 51 24 into
891 2894 68 24 small
977 2895 48 24 and
1034 2895 78 24 feeble
1124 2896 129 23 commuai-

664 2926 52 24 ties.
739 2926 68 32 They
814 2926 48 25 feel
869 2927 53 24 that
931 2928 68 24 there
1006 2936 41 15 are
1056 2929 124 23 occasions,
1183 2928 71 24 when

663 2958 61 24 faith
741 2959 67 24 itself
821 2968 56 23 may
893 2960 55 32 give
964 2961 67 31 place
1049 2965 27 20 to
1094 2961 102 32 charily,,,
1207 2961 48 24 and

665 2991 93 24 confess
769 2991 52 25 that
838 3001 65 16 some
915 2992 28 25 of
956 2993 63 24 their
1034 2998 67 20 most
1115 2994 140 24 formidable

665 3024 129 32 objections
810 3025 92 29 vanish,
918 3026 26 24 in
955 3034 16 16 a
981 3026 94 33 colony,
1092 3027 77 24 inhere
1186 3027 69 24 there

666 3065 43 16 can
719 3057 31 24 be
760 3065 33 16 no
804 3059 108 31 question
920 3059 27 24 of
955 3059 189 31 predominance,
1154 3059 102 24 because

665 3090 66 23 there
748 3090 21 24 is
785 3098 31 16 no
828 3091 186 29 establishment,
1035 3092 51 25 and
1094 3092 79 24 where
1182 3100 73 24 every

665 3122 89 24 church
764 3126 64 21 must
839 3123 94 33 depend
941 3133 66 24 upon
1017 3125 43 24 the
1071 3125 124 31 voluntary
1205 3125 51 24 zeal

665 3156 27 23 of
700 3155 31 24 its
743 3163 53 17 own
806 3156 135 25 adherents.

698 3187 127 33 Although
835 3189 42 24 the
889 3191 94 33 colony,
993 3199 26 16 as
1032 3191 68 28 sacb,.
1110 3198 42 17 can
1160 3190 56 25 take
1223 3199 32 15 no

666 3221 141 32 cognizance
825 3222 29 23 of
874 3223 68 24 these
961 3227 107 25 matters,
1089 3227 46 29 yet,
1153 3231 25 15 as
1199 3224 19 23 it
1235 3224 25 23 is'

666 3254 135 32 practically
811 3255 42 23 the
872 3263 54 16 case
933 3257 56 24 -that
1006 3257 41 24 the
1063 3257 109 31 majority
1183 3256 29 24 of
1225 3257 33 22 its

666 3287 117 24 members
800 3295 40 16 are
861 3289 130 24 connected
1003 3290 56 23 with
1076 3289 41 24 the
1128 3288 88 25 church
1232 3289 27 23 of

668 3319 118 32 England,
797 3319 58 33 they
868 3321 64 25 have
947 3321 123 25 consulted
1081 3330 24 16 as
1117 3325 24 20 to
1152 3321 41 24 the
1203 3321 54 25 best

667 3360 83 16 means
769 3353 28 23 of
815 3355 113 32 securing
948 3356 63 23 their
1030 3351 111 35 religions
1160 3354 98 31 objects.

666 3384 77 24 After
759 3388 92 21 mature
865 3387 160 30 deliberation,
1035 3384 57 35 they
1103 3394 39 16 are
1154 3386 104 24 satisfied

669 3417 51 24 that
737 3417 41 24 the
788 3422 66 21 mos'i
866 3420 51 25 safe
933 3420 47 25 and
995 3420 94 32 orderly
1101 3427 49 25 way
1161 3419 29 24 of
1204 3427 54 24 pro-

671 3449 97 32 ceeding
786 3450 20 24 is
824 3455 31 21 /to
878 3452 65 33 place
962 3452 143 25 themselves
1131 3452 46 24 and
1196 3452 63 25 their

672 3482 171 32 subscriptions
852 3488 25 21 at
883 3485 41 24 the
933 3485 102 32 disposal
1044 3486 27 23 of
1076 3486 52 23 that
1134 3484 125 25 venerable

673 3510 165 36 corporatic/n,'
845 3518 76 24 which
931 3518 41 24 the
982 3521 64 21 most
1055 3517 113 33 perfectly
1180 3517 79 24 embo-

673 3545 49 23 dies
733 3546 40 24 the
788 3549 112 30 doctrine,
911 3551 40 24 the
962 3551 127 31 discipline,
1108 3550 45 25 and
1163 3550 41 24 the
1219 3558 41 16 au-

673 3577 90 32 thority
773 3582 29 23 of
809 3582 47 24 the'
859 3582 87 25 church
955 3583 28 24 of
992 3582 123 33 England;
1124 3582 45 25 and
1176 3582 85 28 which.,

673 3610 29 24 of
717 3610 33 24 all
765 3614 86 29 others,
866 3615 41 23 the
918 3619 62 21 most
1018 3616 115 31 naturally
1147 3624 64 16 cares
1222 3615 39 25 fox

673 3642 93 31 thern^'
776 3645 87 33 having
874 3647 60 24 been'
940 3648 104 29 formed,'
1053 3648 38 25 for
1107 3648 57 25 such
1174 3648 87 32 special

673 3683 127 28 purposes,
811 3678 24 25 in
846 3680 68 24 times
924 3680 40 25 the
975 3683 62 23 most
1048 3681 126 31 propitious
1186 3684 27 21 to
1223 3688 38 16 co-

1286 3403 82 24 NEW
1387 3401 170 26 ZEALAND
1574 3400 133 26 INFANT
1726 3398 147 26 SCHOOL.

1343 3474 120 21 LADIES
1481 3472 231 22 PATRONESSES.

1399 3503 48 19 The
1460 3500 118 21 Countess
1590 3505 28 15 of
1632 3500 110 20 Durham.

1399 3530 65 19 Lady
1481 3528 82 19 Pbtkb.

1354 3569 14 9 ..
1397 3556 65 19 Lady
1476 3554 167 21 Molesworth.

1285 3582 4 8 1
1398 3583 63 19 Hon.
1471 3581 55 20 Mrs.
1539 3581 94 19 Baring.

1291 3618 26 23 A
1334 3617 88 28 Lady,
1440 3616 40 24 the
1500 3615 53 24 wife
1571 3615 28 25 of
1613 3623 45 16 one
1678 3615 29 23 of
1722 3614 41 24 the
1781 3613 94 25 earliest

1289 3651 119 23 members
1427 3649 27 24 of
1472 3648 42 24 the
1532 3648 51 24 first
1601 3648 84 32 colony
1707 3647 123 31 intending
1850 3650 25 19 to

1291 3683 70 24 settle
1376 3683 26 23 in
1414 3681 59 25 New
1484 3680 112 31 Zealand,
1610 3680 43 25 has
1670 3679 110 26 resolved
1790 3687 33 15 on
1832 3678 43 23 the

2483 89 2 2 3
