2540 3799
904 63 91 32 THE
1023 63 109 31 NEW
1164 62 217 32 ZEALAND
1411 63 219 32 GAZETTE.

795 128 94 18 TABLE
903 128 36 18 OF
954 128 172 18 DISTANCES.

692 1021 80 85 New
798 1021 186 85 Zealand
1011 1021 213 85 Gazette.

696 1107 153 31 FRIDAY,
871 1106 228 27 SEPTEMBER
1107 1112 24 26 6,
1147 1111 74 22 1839.

49 138 48 24 and
108 138 186 24 denominations
304 144 44 17 can
359 135 114 32 perfectly
484 141 71 24 agree
562 142 7 17 ;
585 129 46 25 and

48 171 79 24 which
148 179 62 23 may,
231 170 127 26 therefore,
375 167 56 24 with
452 166 117 33 propriety
585 162 47 25 and

49 204 139 32 advantage,
200 204 29 23 be
245 201 147 25 undertaken
404 201 33 31 by
451 200 40 23 the
513 196 118 26 Colonists

49 244 27 16 as
96 244 15 16 a
125 236 101 31 Society,
226 249 33 4 —
260 236 40 23 the
316 233 126 25 formation
454 231 27 24 of
497 239 15 14 a
530 229 102 24 Public

48 268 137 28 Library,
197 268 56 25 with
273 276 14 15 a
304 267 134 24 General
450 262 122 25 Museum
587 260 46 24 and

51 301 156 25 Scientific
215 301 185 25 Institution,
408 296 47 25 and
462 296 41 23 the
511 293 122 27 establish-

48 338 69 21 ment
133 335 27 22 of
174 342 15 15 a
199 333 182 26 Dispensary,
393 338 27 15 or
437 328 148 27 Hospital,
596 327 38 23 for

35 359 55 32 *the
102 366 87 25 benefit
204 367 29 23 of
244 366 40 23 the
304 364 102 26 settlers,
423 361 46 24 and
485 361 42 24 the
546 359 88 25 Abori-

49 400 69 31 gines
130 399 26 23 of
164 399 42 23 the
218 401 105 29 country.

84 432 24 24 It
118 432 21 23 is
156 432 97 23 obvious
264 430 51 23 that
329 428 99 25 without
447 427 41 23 the
503 425 90 25 former
609 424 27 24 of

51 465 69 23 these
131 463 155 28 Institutions,
299 471 13 15 a
327 460 57 31 high
397 458 111 25 standard
520 459 27 24 of
562 457 71 25 civili-

51 497 78 24 zation
141 500 86 20 cannot
236 496 30 23 be
282 491 149 28 maintained,
443 491 47 25 and
510 491 52 24 that
580 490 19 24 it
612 490 21 23 is

49 530 96 31 beyond
155 529 40 24 the
213 535 78 25 power
309 526 28 24 of
353 524 129 25 individual
497 524 94 24 settlers
607 526 25 20 to

50 562 99 32 provide
159 561 39 24 for
217 562 25 27 it,
254 568 30 15 on
296 567 29 16 an
340 557 116 32 adequate
474 556 68 27 scale,
556 557 26 23 in
593 555 39 23 the

49 595 99 30 infancy
158 593 27 25 of
198 594 41 23 the
250 590 166 31 undertaking.
449 590 22 23 It
490 590 21 22 is
528 587 104 25 believed

50 627 51 24 also
111 627 51 24 that
178 625 175 25 Governments
365 623 47 23 and
428 622 79 32 public
518 621 113 25 societies,

48 660 34 31 by
93 658 196 31 communicating
307 656 62 25 their
389 655 84 24 official
491 662 85 23 papers
586 653 47 23 and

48 692 164 27 transactions,
225 690 47 24 and
289 689 123 25 noblemen
429 686 47 25 and
490 686 141 31 gentlemen,

48 724 35 33 by
92 724 82 32 giving
194 723 126 33 duplicates
332 721 28 25 of
374 720 85 28 works,
470 719 55 28 will,
536 719 97 23 without

48 756 185 24 inconvenience
247 759 25 21 to
289 754 148 26 themselves,
450 752 81 24 confer
548 759 31 16 an
598 751 35 24 in-

49 789 122 24 estimable
185 789 63 24 boon
257 797 31 15 on
299 789 40 23 the
351 785 94 32 Colony
458 785 38 32 by
503 785 61 23 their
572 784 62 32 joint

49 822 181 24 contributions.
264 820 172 31 Subscriptions
450 818 24 23 in
489 825 87 24 money
586 816 46 24 will

47 855 33 24 be
99 854 107 25 received
226 854 56 27 also,
301 854 43 23 but
365 853 20 23 it
405 851 21 23 is
445 850 119 31 imagined
582 849 52 23 that

48 888 70 23 there
135 895 40 16 are
194 887 46 24 few
257 884 139 26 individuals
419 883 139 32 acquainted
579 881 54 24 with

48 920 42 24 the
102 920 91 31 subject
210 920 51 24 who
278 919 45 23 will
334 921 43 21 not
394 915 129 32 cheerfully
538 918 95 29 present

48 956 27 21 at
94 952 61 25 least
172 961 45 15 one
235 952 100 27 volume,
358 958 28 15 or
409 956 45 16 one
470 949 116 30 specimen
609 946 27 25 of

49 985 92 24 science
153 993 26 16 or
191 989 44 24 art,
246 987 25 21 to
282 985 29 23 be
322 981 128 32 deposited,
462 989 25 16 as
499 989 15 15 a
524 980 73 25 token
609 979 27 24 of

49 1017 63 25 their
123 1018 62 31 good
196 1018 54 27 will,
261 1017 25 23 in
297 1017 40 24 the
349 1014 84 25 Public
443 1013 102 32 Library
557 1013 27 23 of
593 1012 40 24 the

50 1049 61 25 New
123 1050 104 24 Zealand
238 1050 99 31 Colony.

85 1083 112 32 Separate
217 1086 110 21 accounts
346 1081 47 23 will
414 1081 29 23 be
465 1079 66 33 kept,
551 1078 47 24 and
619 1085 15 16 a

49 1116 69 24 strict
132 1115 173 33 appropriation
322 1114 27 24 of
364 1113 41 24 the
422 1112 72 25 funds
510 1113 31 23 be
557 1111 75 27 made,

48 1149 127 31 according
185 1151 25 21 to
222 1149 40 23 the
274 1148 46 24 will
329 1147 27 23 of
364 1146 41 24 the
417 1145 145 24 subscribers
569 1154 7 19 ;
586 1142 46 24 and

48 1182 21 23 it
79 1182 20 23 is
111 1180 145 26 understood
271 1181 52 24 that
340 1179 42 24 the
396 1178 87 24 benefit
495 1178 28 23 of
537 1177 42 24 the
595 1175 38 24 In-

48 1215 121 23 stitutions
180 1214 48 23 will
238 1213 30 24 be
279 1221 67 24 open,
355 1211 99 25 without
465 1210 135 24 distinction
609 1208 27 24 of

48 1247 70 27 rank,
129 1250 26 21 to
166 1246 32 24 all
217 1246 41 25 the
275 1245 144 24 inhabitants
436 1245 28 22 of
480 1243 40 24 the
534 1243 99 30 Colony,

48 1279 108 25 whether
167 1279 93 24 settlers
269 1286 27 17 or
308 1277 151 32 Aborigines.

85 1312 177 24 Contributions
270 1316 26 19 to
304 1309 42 32 the
346 1309 112 32 Library,
464 1309 41 24 the
512 1309 121 26 Museum,

48 1354 30 15 or
92 1345 42 24 the
154 1344 154 33 Dispensary,
323 1343 76 25 either
417 1342 26 24 in
462 1350 85 23 money
566 1349 27 16 or
609 1341 24 23 in

48 1377 67 29 kind,
138 1377 48 24 will
202 1377 31 24 be
250 1376 135 32 thankfully
404 1375 108 24 received
533 1375 32 31 by
588 1381 46 24 any

47 1410 109 24 member
167 1410 28 23 of
209 1410 41 24 the
263 1409 147 26 Committee,
426 1412 25 19 at
469 1408 41 23 the
522 1406 76 25 Office
610 1405 26 24 of

48 1443 42 24 the
105 1443 58 24 New
174 1443 105 24 Zealand
289 1441 69 25 Land
370 1441 131 32 Company.

85 1476 52 24 The
160 1476 169 24 contributions
349 1478 63 20 most
431 1474 86 25 valued
539 1474 47 23 will
605 1473 28 23 be

48 1508 91 28 Books,
156 1508 106 24 whether
278 1509 24 23 in
322 1507 93 25 ancient
426 1515 28 15 or
473 1507 99 24 modern
584 1506 49 24 lan-

49 1549 98 24 guages,
169 1540 169 33 Manuscripts,
362 1539 80 32 Maps,
466 1540 94 26 Charts,
584 1539 49 24 En-

48 1575 122 31 gravings,
193 1573 122 31 Paintings
341 1573 47 24 and
417 1573 133 32 Sculpture,
577 1572 56 24 with

49 1607 80 32 copies
137 1615 28 16 or
175 1610 70 26 casts,
257 1606 94 25 Models
363 1606 29 23 of
401 1605 139 24 Inrentions
550 1605 49 24 and
609 1604 27 23 of

49 1639 133 32 Buildings,
207 1640 129 31 specimens
356 1639 28 23 of
405 1638 115 24 Minerals
541 1638 47 24 and
610 1637 26 23 of

48 1672 105 24 Natural
173 1671 110 33 History,
304 1673 80 26 Coins,
403 1671 101 28 Medals,
523 1672 49 27 &c,
588 1670 45 24 and

49 1706 120 24 whatever
184 1714 56 23 may
252 1709 97 28 suggest
367 1704 69 24 itself
450 1713 25 15 as
488 1703 110 25 essential
609 1706 24 20 to

48 1739 43 23 the
110 1739 67 30 plans
198 1739 28 22 of
242 1746 14 15 a
275 1739 92 29 Colony
384 1737 77 23 which
479 1744 114 24 proposes
608 1739 25 20 to

49 1771 95 32 cherish
155 1772 40 23 the
212 1770 150 24 refinements
374 1770 27 23 of
417 1770 139 23 civilization
572 1770 62 23 from

48 1804 42 24 the
101 1804 130 32 beginning
242 1803 27 23 of
277 1804 31 23 its
319 1803 125 24 existence.

83 1835 52 25 The
157 1836 140 25 Committee
316 1835 47 24 will
381 1835 70 24 make
471 1843 15 15 a
501 1834 82 33 public
597 1842 36 15 ac-

48 1869 208 32 knowledgement
266 1869 28 23 of
304 1869 32 23 all
348 1868 169 24 contributions
529 1867 69 24 made
609 1870 24 20 to

47 1903 75 28 them,
134 1902 44 24 and
191 1910 14 15 a
216 1905 138 28 permanent
364 1900 83 24 record
457 1900 26 25 of
498 1900 41 24 the
546 1900 88 30 obliga-

48 1936 60 27 tion,
119 1935 25 23 in
161 1935 41 23 the
214 1934 94 31 Colony
316 1944 6 18 ;
341 1933 48 25 and
399 1933 57 32 they
466 1933 58 24 hold
536 1932 43 24 out'
588 1932 45 24 this

47 1968 87 32 pledge
144 1971 26 20 to
181 1967 42 24 the
242 1967 78 32 public
334 1967 157 27 Institutions,
503 1974 27 15 or
549 1965 84 24 indivi-

49 2000 67 25 duals
129 2000 52 24 who
198 2008 56 23 may
271 2000 69 23 assist
350 1998 73 28 them,
443 1999 52 23 that
512 1999 57 30 they
581 1997 52 28 will,

47 2041 28 16 as
87 2041 59 16 soon
158 2041 24 15 as
191 2033 25 23 in
228 2033 62 23 their
306 2039 85 25 power,
410 2032 91 31 requite
518 2031 73 28 them,
602 2030 32 32 by

47 2066 44 24 the
101 2069 83 20 return
195 2066 29 22 of
240 2073 30 15 an
281 2064 135 33 equivalent
426 2067 98 21 amount
537 2064 28 23 of
583 2071 50 24 spe-

48 2099 96 28 cimens,
158 2097 112 24 collected
289 2098 25 23 in
327 2097 61 23 New
406 2096 105 25 Zealand
528 2096 48 24 and
594 2095 40 23 the

46 2131 177 32 neighbouring
234 2130 124 24 countries.

134 2172 55 20 First
201 2172 81 26 Colony
291 2172 25 19 of
322 2172 54 19 New
385 2170 99 24 Zealand,

48 2199 20 24 1,
80 2199 70 20 Adam
163 2199 73 23 Street,
252 2198 97 25 Adelphi,
364 2198 53 25 July
425 2198 45 24 Bth,
480 2197 61 21 1839.

81 2266 110 25 Justice
216 2274 30 16 to
280 2274 54 16 the
368 2266 175 24 Aborigines.
543 2278 33 5 —
578 2264 58 24 This

47 2299 88 33 phrase
152 2299 43 24 has
214 2299 92 24 excited
323 2299 40 24 the
383 2298 135 32 pleasantry
537 2299 26 24 of
579 2306 58 23 very

48 2340 72 23 many
134 2332 149 24 individuals.
318 2332 51 24 The
381 2331 101 24 conduct
493 2332 28 23 of
529 2332 41 23 the
581 2339 56 24 peo-

48 2365 40 31 ple
107 2365 29 23 of
155 2363 77 25 South
250 2364 121 25 Australia
388 2364 101 24 towards
506 2365 43 23 the
560 2365 75 23 abori-

49 2398 68 31 gines
130 2398 42 23 has
184 2397 131 24 associated
325 2396 66 25 truth
402 2396 57 24 with
474 2397 67 24 these
551 2396 84 25 words.

51 2430 52 24 The
108 2429 71 25 Land
184 2430 123 32 Company
314 2431 27 23 of
350 2428 58 25 New
414 2429 103 25 Zealand
522 2430 43 24 has
574 2438 61 16 com-

50 2463 98 24 menced
160 2464 30 23 its
202 2463 132 31 operations
346 2463 32 30 by
389 2463 123 31 reserving
529 2471 15 15 a
562 2470 73 24 quan-

50 2496 45 31 tity
118 2495 69 32 equal
204 2499 25 20 to
253 2495 121 25 one-tenth
398 2495 28 23 of
444 2495 40 23 the
506 2499 64 20 town
590 2495 46 25 and

51 2532 100 28 country
162 2528 67 23 lands
241 2528 104 32 recently
356 2528 109 30 disposed
476 2528 32 23 of.
544 2528 36 24 At
596 2528 39 23 the

49 2560 88 32 lottery
158 2562 37 22 for
219 2561 98 32 priority
334 2560 28 25 of
381 2561 87 28 choice,
492 2562 40 23 the
557 2561 78 24 native

49 2602 109 15 reserves
169 2593 89 32 proved
269 2595 91 30 greatly
371 2596 25 21 to
408 2593 86 24 exceed
511 2595 41 23 the
571 2602 65 15 aver-

49 2635 47 22 age
115 2627 27 23 of
157 2627 102 23 fortune.
292 2626 26 24 If
325 2627 67 23 these
403 2625 68 25 lands
482 2627 30 23 be
525 2627 51 23 well
589 2635 46 15 ma-

49 2659 79 31 naged
139 2659 67 23 there
217 2659 20 24 i-s
248 2659 60 24 little
320 2659 72 24 doubt
400 2659 54 31 they
464 2659 46 24 will
520 2661 30 22 be
562 2659 75 24 worth

52 2692 125 27 100,000^.
188 2692 23 23 in
221 2696 43 19 ten
283 2700 75 23 years,
376 2691 47 24 and
439 2696 26 19 at
482 2693 41 23 the
535 2692 102 24 Austra-

48 2724 51 24 lian
120 2729 50 19 rate
188 2724 27 24 of
233 2725 29 23 10
280 2732 42 23 per
332 2727 62 21 cent,
416 2732 43 23 per
476 2733 96 20 annum,
593 2725 45 24 will

50 2756 64 33 yield
132 2766 14 15 a
163 2765 101 16 revenue
282 2758 26 22 of
325 2757 78 27 10,000
403 2757 26 27 Z.
446 2757 101 32 pledged
563 2762 25 20 to
609 2758 29 23 be

51 2789 94 32 applied
156 2794 25 19 to
193 2790 40 23 the
244 2798 42 15 use
297 2790 46 23 and
355 2789 87 23 benoSt
453 2791 27 23 of
487 2791 43 23 the
548 2792 90 23 natives

51 2823 29 23 of
90 2821 58 24 New
162 2822 110 23 Zealand.
303 2822 60 24 This
380 2822 47 23 will
437 2823 30 22 be
478 2823 40 24 the
529 2824 75 23 result
615 2823 27 24 of

50 2856 42 23 the
102 2855 50 23 sale
162 2855 27 23 of
196 2863 16 15 a
222 2853 76 33 single
308 2855 123 31 township.
467 2855 51 25 The
530 2861 108 27 prospect

50 2888 30 23 of
93 2896 13 15 a
127 2887 65 31 large
209 2888 60 23 fund
288 2888 37 23 for
343 2887 41 24 the
403 2888 141 25 civilizati&n
553 2890 37 23 •of
598 2889 39 23 the

50 2920 92 24 natives
153 2920 21 23 is
184 2920 65 33 truly
260 2920 135 31 promising,
413 2921 46 23 and
471 2922 46 22 will
527 2923 111 23 convince

50 2953 42 23 the
108 2956 63 20 most
191 2953 109 31 sceptical
317 2953 52 24 that
387 2954 30 22 ho
428 2953 48 24 idle
487 2955 113 31 mockery
612 2963 25 15 or

50 2985 123 24 dishonest
193 2993 101 24 purpose
313 2987 19 22 is
351 2985 96 24 cloaked
458 2986 24 24 in
494 2987 41 24 the
552 2996 43 16 use
614 2988 26 23 of

50 3018 49 24 this
111 3017 91 32 phrase.

89 3050 99 24 Extract
198 3053 61 21 from
271 3051 42 24 the
323 3051 103 24 minutes
436 3052 28 23 of
473 3061 14 15 a
497 3053 104 32 meeting
612 3052 26 24 of

54 3083 43 24 the
109 3082 142 25 Committee
263 3084 27 22 of
298 3084 40 22 the
348 3082 142 33 Aborigines
502 3084 131 26 Protection

53 3115 102 32 Society,
164 3115 55 24 held
226 3124 30 15 on
262 3116 40 23 the
312 3117 57 22 10th
376 3117 27 22 of
409 3117 102 31 August,
527 3118 63 23 1839
596 3128 6 14 :
603 3132 32 4 —

110 3147 123 24 Resolved
233 3163 33 4 —
266 3147 62 25 That
332 3148 46 24 this
386 3148 139 26 Committee
532 3152 101 22 receives

51 3181 57 24 with
132 3181 110 32 pleasure
265 3181 148 30 intelligence
438 3183 133 31 respecting
593 3183 40 25 the

52 3222 119 16 measures
183 3213 101 32 adopted
292 3214 31 31 by
331 3214 41 23 the
381 3212 59 25 New
453 3214 102 25 Zealand
565 3214 68 26 Land

55 3247 124 31 Company
189 3246 56 24 with
258 3247 119 23 reference
388 3250 26 20 to
426 3247 104 30 portions
543 3249 26 23 of
578 3249 55 24 land

54 3282 37 21 set
109 3280 65 23 aside
191 3279 33 32 by
243 3279 66 24 them
330 3279 38 24 for
391 3278 145 33 Aborigines
551 3281 25 23 in
591 3281 41 24 the

52 3311 195 32 neighbourhood
259 3312 27 23 of
294 3311 61 25 their
365 3311 110 25 intended
484 3314 134 23 settlement
626 3324 6 17 ;

52 3344 42 24 the
107 3343 147 30 Committed,
265 3344 114 27 however,
399 3345 128 28 conceives,
546 3346 51 25 that
607 3346 23 23 in

53 3377 71 23 order
135 3381 25 18 to
171 3377 53 30 give
236 3378 113 31 complete
359 3377 67 24 effect
437 3381 25 19 to
468 3378 41 24 the
517 3379 114 24 intention

53 3410 29 23 of
90 3409 41 24 the
141 3409 128 32 Company,
282 3411 18 22 it
307 3411 20 23 is
339 3409 115 25 desirable
464 3411 52 23 that
527 3412 41 23 the
579 3419 53 24 por-

53 3443 63 23 tions
129 3442 27 23 of
164 3441 57 24 land
232 3450 26 15 so
275 3443 109 24 reserved
403 3442 85 25 should
504 3443 30 24 be
553 3444 80 24 imme-

54 3474 94 32 diately
165 3474 81 24 vested
271 3475 26 23 in
325 3476 115 24 Trustees
453 3477 50 31 for
522 3476 39 25 the
584 3476 49 24 sole

55 3508 87 30 ienefit
159 3506 33 32 of
207 3506 39 25 the
498 3529 48 7 ...

88 3544 102 25 Public
212 3544 245 27 Accommodation-.
458 3562 34 4 —
493 3547 54 24 One
559 3547 28 24 of
595 3546 40 24 the

53 3578 129 30 emigrants
193 3577 140 32 proceeding
343 3581 25 21 to
376 3579 40 23 the
427 3581 83 31 colony
522 3579 56 25 with
595 3579 42 25 the

53 3611 54 23 first
123 3609 140 32 expedition,
279 3618 56 22 goes
355 3611 74 24 under
440 3621 30 16 an
482 3615 155 30 engagement

54 3646 26 20 to
92 3650 61 24 open
164 3650 15 15 a
188 3642 74 24 house
285 3642 38 24 for
337 3644 41 22 the
396 3646 197 24 accommodation
613 3644 26 24 of

54 3675 41 26 the
108 3674 109 25 colonists
229 3674 29 25 of
266 3674 59 25 New
336 3675 110 24 Zealand.

663 1181 232 25 HISTORICAL
923 1181 148 26 SKETCH
1099 1182 47 25 OF
1175 1182 77 24 THE

697 1215 286 26 COLONIZATION
1000 1215 49 26 OF
1065 1215 87 26 NEW
1167 1215 84 25 ZEA-

697 1248 117 26 LAND.

663 1296 38 25 As
715 1296 62 25 such
788 1304 16 16 a
814 1296 91 24 record
915 1304 59 24 may
981 1304 79 26 prove
1070 1296 148 34 interesting
1225 1299 27 22 to

663 1330 43 24 the
724 1329 85 25 future
829 1328 154 26 inhabitants
1002 1328 31 26 of
1046 1329 64 25 New
1132 1329 119 30 Zealand,

663 1363 51 24 and
725 1362 148 26 instructive
884 1366 27 21 to
922 1363 73 25 those
1005 1362 58 26 who
1074 1362 65 25 shall
1155 1372 97 25 engage

663 1396 26 25 in
697 1396 95 25 similar
798 1396 191 34 undertakings,
998 1405 39 16 we
1045 1404 105 26 propose
1158 1400 28 21 to
1195 1396 58 34 give

663 1439 15 16 a
692 1429 68 25 brief
772 1429 98 33 history
882 1429 30 25 of
924 1429 42 26 the
983 1429 167 26 colonization
1162 1429 29 25 of
1206 1438 47 17 our

663 1463 111 33 adopted
786 1466 119 29 country.

697 1495 27 26 It
742 1496 21 25 is
780 1496 124 33 supposed
917 1497 35 31 by
964 1504 67 17 some
1044 1496 55 25 that
1111 1496 67 25 New
1190 1495 62 26 Zea-

661 1530 63 24 land
735 1538 51 16 was
797 1529 92 25 visited
897 1530 34 32 by
941 1529 70 25 Juan
1023 1529 155 25 Fernandez.
1209 1529 43 25 He

661 1563 45 25 left
718 1563 164 25 memoranda
892 1563 96 33 stating
999 1563 55 25 that
1066 1563 32 24 he
1110 1563 50 25 had
1174 1563 78 24 sailed

661 1596 134 25 westward
801 1596 65 25 from
875 1596 82 24 South
962 1597 120 24 America
1088 1596 81 33 thirty
1176 1596 73 33 days,

662 1630 75 25 when
748 1629 31 26 he
791 1629 108 26 reached
910 1638 15 16 a
934 1633 107 29 country
1049 1629 130 26 inhabited
1191 1630 34 32 by
1236 1638 15 15 a

661 1663 89 33 people
762 1663 29 25 of
805 1672 15 16 a
830 1663 67 34 light
908 1663 167 33 complexion,
1089 1663 103 25 clothed
1200 1663 26 24 in
1237 1671 15 16 a

661 1697 68 24 kind
747 1697 29 24 of
789 1697 77 29 linen,
878 1696 58 25 who
955 1697 97 24 treated
1070 1697 54 24 him
1141 1697 111 32 hospita-

662 1730 44 33 bly
715 1739 7 22 ;
743 1730 50 24 and
804 1730 26 24 in
842 1730 36 24 all
888 1733 69 30 parts
969 1730 30 24 of
1007 1730 66 24 New
1085 1730 112 25 Zealand
1209 1730 42 25 the

661 1763 99 24 natives
771 1763 65 25 have
847 1763 135 25 traditions
993 1763 30 25 of
1030 1764 77 33 being
1114 1763 96 25 visited
1218 1764 33 32 by

663 1796 147 33 Europeans
821 1797 63 33 long
892 1796 83 25 before
983 1796 43 26 the
1035 1798 61 23 time
1106 1796 30 26 of
1143 1796 109 34 Captain

663 1829 85 26 Cook.
783 1829 109 26 Further
909 1829 164 26 information
1084 1838 32 16 on
1127 1830 52 25 this
1193 1831 59 24 sub-

657 1864 54 32 ject
722 1871 59 25 may
793 1863 30 24 be
833 1863 81 25 found
930 1862 27 25 in
975 1863 126 33 Burney's
1120 1867 8 11 '
1141 1863 111 32 History

663 1896 30 25 of
706 1896 143 32 Discovery
865 1896 27 24 in
910 1896 43 25 the
972 1896 80 25 South
1072 1896 78 25 Seas.f
1181 1896 33 26 .It
1230 1897 22 24 is

663 1930 76 30 clear,
752 1930 131 28 however,'
890 1930 56 24 that
958 1929 66 25 Abel
1033 1929 99 25 Jansen
1141 1929 110 25 Tasman

663 1963 59 24 first
739 1963 74 24 made
830 1963 94 24 known
942 1962 44 25 the
1000 1963 124 24 existence
1143 1962 29 25 of
1186 1962 66 25 New

663 1996 114 25 Zealand
796 2000 27 21 to
841 1996 155 33 Europeans.
1033 1995 44 26 He
1095 2004 51 17 saw
1158 1996 21 24 it
1194 1995 58 26 first

663 2038 33 16 on
706 2029 44 25 the
765 2029 59 25 13th
835 2029 31 24 of
877 2028 154 34 September,
1049 2030 73 31 1642,
1134 2029 75 25 when
1220 2029 32 25 he

661 2063 76 24 made
744 2062 42 25 the
789 2061 123 26 northern
920 2062 134 33 extremity
1059 2062 31 26 of
1093 2062 45 25 the
1145 2062 106 30 islands,

663 2095 141 33 according
821 2099 26 21 to
863 2094 40 26 his
917 2095 135 32 latitudes;
1071 2096 58 31 and,
1143 2096 111 33 running

664 2129 77 24 down
766 2128 43 25 the
834 2132 53 21 east
916 2131 77 28 coast,
1021 2129 92 32 passed
1141 2129 113 34 through

665 2161 97 26 Cook's
774 2161 78 26 Strait
864 2161 54 25 into
929 2170 16 16 a
956 2161 68 33 Bay,
1036 2162 85 26 which
1132 2162 32 26 he
1173 2163 83 25 called

666 2195 155 26 Murderer's
833 2196 67 32 Bay,
911 2196 66 25 from
985 2196 43 25 the
1037 2196 184 25 circumstance
1229 2196 30 25 of

664 2229 85 34 losing
767 2229 56 25 four
842 2237 59 17 men
921 2229 26 25 in
970 2237 14 17 a
1007 2229 105 25 conflict
1130 2229 62 25 with
1212 2229 44 26 the

664 2262 107 32 natives,
783 2262 58 25 who
852 2261 145 33 effectually
1008 2263 138 32 prevented
1160 2262 56 26 him
1227 2271 29 17 or

665 2304 52 25 any
730 2296 30 24 of
772 2295 39 25 his
821 2295 89 34 people
919 2295 67 25 from
995 2296 115 34 landing.
1143 2296 82 25 There
1234 2297 22 24 is

666 2337 33 16 no
726 2329 119 25 evidence
871 2328 30 25 of
922 2337 51 24 any
998 2329 136 34 European
1158 2330 98 34 having

665 2362 97 25 landed
780 2371 34 16 on
833 2363 71 25 these
924 2363 96 25 islands
1040 2363 87 25 before
1147 2363 109 33 Captain

666 2395 84 31 Cook,
772 2395 82 26 which
873 2395 32 26 he
925 2396 46 25 did
990 2405 33 16 on
1041 2396 43 26 the
1102 2397 110 34 evening
1230 2397 30 25 of

666 2429 108 33 Sunday
784 2429 43 25 the
840 2428 43 26 Bth
895 2429 30 25 of
933 2429 121 32 October,
1068 2431 74 30 1769,
1155 2438 100 17 accom-

665 2462 93 33 panied
770 2463 34 32 by
817 2462 123 26 Solander
951 2464 52 24 and
1014 2463 99 25 Banks.

700 2502 27 25 It
737 2511 60 24 may
809 2503 31 24 be
851 2502 158 34 satisfactory
1022 2510 25 19 to
1056 2504 72 25 those
1141 2504 115 34 engaged

666 2536 26 24 in
711 2536 44 26 the
773 2535 167 26 colonization
958 2537 30 25 of
1002 2537 66 25 New
1086 2537 121 31 Zealand,
1228 2546 28 17 or

666 2570 74 25 other
751 2569 94 26 islands
857 2569 30 25 of
894 2569 43 26 the
950 2570 108 32 Pacific,
1071 2575 27 21 to
1110 2571 78 25 know
1198 2571 58 25 that

666 2603 62 32 they
748 2611 42 16 are
809 2602 123 34 fulfilling
953 2603 42 25 the
1014 2603 136 26 intentions
1169 2604 29 25 of
1217 2605 40 24 his

667 2636 114 33 Majesty
794 2636 100 33 George
905 2635 43 26 the
960 2637 90 31 Third,
1064 2646 26 16 as
1101 2638 53 25 will
1164 2646 93 25 appear

666 2669 67 25 from
751 2670 42 24 the
809 2669 131 35 following
956 2672 99 24 extract
1071 2671 67 25 from
1154 2671 44 25 the
1217 2672 39 24 in-

666 2703 137 25 structions
815 2703 76 34 given
902 2708 27 21 to
941 2703 109 34 Captain
1062 2704 76 25 Cook
1146 2724 5 6 .
1153 2720 36 4 —

733 2743 60 24 You
804 2751 42 16 are
857 2743 63 30 also,
932 2743 64 26 with
1007 2744 44 25 the
1062 2749 104 21 consent
1177 2745 30 25 of
1215 2745 42 25 the

667 2776 107 30 natives,
793 2779 26 21 to
913 2776 147 33 possession,
1080 2778 26 24 in
1124 2778 42 25 the
1181 2787 75 16 name

667 2810 31 24 of
705 2810 43 25 the
760 2809 73 33 King
844 2809 30 25 of
882 2809 80 26 Great
974 2810 109 33 Britain,
1096 2811 29 25 of
1138 2812 117 25 conveni-

667 2847 43 21 ent
731 2843 130 25 situations
880 2843 26 24 in
925 2843 62 25 such
1005 2845 129 25 countries
1154 2853 27 17 as
1203 2854 53 24 you

667 2885 60 23 may
739 2876 122 30 discover,
877 2876 55 25 that
942 2876 65 26 have
1018 2882 45 21 not
1077 2877 104 34 already
1193 2879 62 25 been

668 2910 148 25 discovered
829 2918 28 16 or
867 2910 95 25 visited
976 2911 35 32 by
1021 2919 53 25 any
1085 2911 72 25 other
1166 2912 90 25 ,Euro-

666 2951 64 24 pean
741 2951 83 25 power
831 2952 7 22 ;
857 2943 53 24 and
922 2947 26 21 to
960 2944 132 25 distribute
1108 2953 94 26 among
1213 2946 43 24 the

666 2976 153 25 inhabitants
831 2976 64 25 such
905 2976 86 34 things
1007 2986 27 16 as
1045 2977 54 25 will
1116 2979 96 24 remain
1230 2988 26 15 as

666 3013 81 21 traces
757 3010 48 25 and
816 3010 152 25 testimonies
978 3010 30 25 of
1012 3019 69 24 your
1089 3011 96 34 having
1193 3013 63 24 been

664 3043 70 25 there
743 3052 7 22 ;
777 3043 44 25 but
838 3042 25 26 if
870 3052 58 25 .you
945 3043 57 25 find
1018 3044 43 25 the
1081 3046 126 25 countries
1228 3054 27 17 so
1263 3041 2 36 j

664 3077 148 24 discovered
835 3085 42 16 are
898 3076 173 32 uninhabited,
1093 3087 53 23 you
1164 3087 41 16 are
1228 3083 26 21 to

663 3110 61 24 take
738 3110 142 32 possession
892 3109 31 25 of
936 3110 67 25 them
1014 3110 40 25 for
1070 3111 39 25 his
1118 3123 2 3 •
1128 3111 123 33 Majesty,

664 3143 34 32 by
710 3143 93 32 setting
819 3151 35 25 up
871 3151 92 25 proper
973 3143 87 25 marks
1080 3144 49 25 and
1146 3145 107 34 inscrip-

663 3176 67 24 tions
743 3184 27 16 as
781 3176 57 24 first
849 3176 156 26 discoverers
1017 3177 52 25 and

697 3215 33 25 In
739 3224 140 25 pursuance
888 3216 30 24 of
925 3216 70 26 these
1002 3217 172 32 instructions,
1184 3217 67 35 Cap-

663 3249 51 24 tain
736 3249 74 25 Cook
830 3249 95 35 having
944 3249 235 35 cii'cumnavigated
1187 3259 4 4 ■
1202 3252 50 24 and

661 3282 127 33 surveyed
793 3283 63 24 both
861 3283 102 30 islands,
973 3284 87 24 which
1068 3284 53 24 had
1127 3284 123 34 formerly

661 3316 60 24 been
735 3316 103 25 deemed
850 3319 56 31 part
918 3315 30 26 of
954 3317 43 25 the
1008 3321 73 30 great
1092 3317 81 25 Terra
1182 3317 68 26 Azcs-

661 3349 71 25 tralis
744 3349 140 33 Incognita,
903 3350 52 24 and
969 3350 92 33 passed
1078 3350 112 34 through
1207 3351 43 25 the

662 3381 92 26 Straits
769 3383 83 24 which
870 3384 60 24 bear
947 3383 39 25 his
1003 3392 84 22 name,
1105 3384 93 25 landed
1217 3393 32 16 on

661 3414 100 26 various
778 3416 81 33 points
877 3416 27 25 in
922 3416 60 26 both
998 3418 103 29 islands,
1122 3417 49 25 and
1186 3418 63 24 with

662 3447 43 25 the
723 3449 74 24 usual
814 3450 158 25 solemnities-
983 3451 61 24 took
1064 3450 141 34 possession
1225 3451 30 25 of

662 3480 71 25 them
739 3489 47 30 _on
805 3482 88 26 behalf
913 3483 30 26 of
957 3484 43 25 the
1021 3484 73 34 King
1118 3484 31 24 of
1168 3484 81 25 Great

664 3513 116 32 Britain,;
798 3515 51 24 and
864 3516 67 31 thus,
949 3517 138 34 according
1104 3521 26 21 to
1150 3517 42 25 the
1209 3527 39 16 re-

664 3546 87 25 ceived
761 3547 48 25 law
821 3548 30 24 of
861 3550 109 32 nations,
984 3550 151 26 established
1146 3559 15 17 a
1172 3550 77 26 claim

665 3586 26 18 to
708 3579 44 25 the
767 3581 160 34 sovereignty
939 3591 27 18 as
984 3584 100 34 against
1101 3584 35 25 all
1150 3584 99 35 foreign

665 3621 127 24 power,—
793 3622 15 16 a
824 3614 76 25 claim
920 3616 82 26 which
1018 3617 44 25 ths
1079 3626 84 17 crown
1183 3617 71 26 itself

665 3651 93 20 cannot
776 3646 92 34 lightly
889 3649 123 26 abandon.
1030 3658 8 9 s
1048 3651 76 24 After
1138 3651 64 24 such
1218 3659 32 18 an

666 3683 41 21 act
718 3687 33 17 on
762 3679 43 26 the
819 3684 57 29 part
887 3681 31 25 of
929 3690 15 17 a
959 3691 88 18 servantn
1053 3688 8 22 t
1070 3684 31 26 of
1113 3684 41 26 the
1165 3693 85 17 crown

1896 131 92 26 balism
2004 133 51 25 had
2071 143 60 16 now
2142 136 95 32 'nearly
2253 135 130 26 vanished.
2421 135 61 24 New-

1898 163 111 27 Zealand
2018 166 51 25 had
2080 168 105 26 become
2196 169 44 25 the
2256 168 66 26 head
2333 171 113 30 quarters
2458 164 28 26 of

1898 196 43 26 the
1969 198 78 27 whale
2074 200 106 34 fishery.
2216 202 54 26 The
2294 201 75 25 value
2394 200 29 25 of
2448 199 34 25 its

1896 229 100 32 timber,
2019 232 32 25 its
2076 234 64 31 flax,
2164 236 50 24 and
2237 236 71 24 other
2329 234 152 33 indigenous

1895 263 119 33 products
2031 265 51 25 had
2099 267 63 25 been
2178 268 75 25 madp
2270 269 95 24 known
2382 267 35 32 by
2435 264 46 26 Mr

1898 296 118 26 Nicholas
2025 298 49 25 and
2082 300 72 25 other
2161 301 105 31 writers,
2277 301 51 25 and
2333 301 43 25 the
2385 299 96 25 natives

1895 329 149 27 themselves
2055 331 53 26 had
2119 334 62 24 been
2192 334 144 33 frequently
2347 331 135 35 employed

1894 371 28 17 as
1934 364 56 25 able
2000 372 99 17 seamen
2118 374 32 16 on
2168 367 80 25 board
2267 367 98 26 British
2376 364 104 30 vessels,

1894 396 75 26 when
1985 405 77 25 many
2077 398 115 26 abortive
2211 401 111 25 schemes
2340 408 66 17 were
2423 406 59 26 pro-

1893 430 121 33 pounded
2023 430 40 25 for
2072 430 43 26 the
2127 432 167 26 colonization
2307 433 30 25 of
2348 433 44 24 the
2403 440 79 16 coun-

1894 471 51 25 try.
1981 463 105 35 Among
2098 465 71 24 other
2181 469 119 31 attempts
2310 474 52 17 was
2374 474 54 20 one,
2442 472 40 17 we

1894 497 103 30 believe,
2029 497 137 34 originally
2196 500 134 33 suggested
2357 500 36 31 by
2422 497 59 26 Col.

1894 530 119 25 Nicholls
2024 531 30 25 of
2060 530 43 26 the
2115 530 122 32 Marines,
2249 532 57 25 who
2316 533 27 24 in
2352 531 60 26 vain
2423 531 59 25 sub-

1894 563 91 26 mitted
1996 563 39 26 his
2046 564 74 33 plans
2138 568 27 21 to
2185 564 71 26 Lord
2275 566 133 28 Bathurst,
2421 564 62 25 then

1895 596 133 33 Secretary
2039 597 30 25 of
2077 597 71 26 State
2160 598 39 25 for
2212 597 41 26 the
2267 598 125 25 Colonies.
2423 597 59 25 Col.

1895 629 118 25 Nicholls
2024 630 51 25 had
2089 632 122 25 collected
2223 640 16 17 a
2250 636 71 29 great
2333 631 58 25 deal
2401 630 31 25 of
2445 630 39 25 in-

1894 662 136 26 formation
2040 664 65 24 with
2115 670 98 27 respect
2223 669 28 21 to
2263 665 43 25 the
2314 667 108 30 country
2430 664 55 24 and

1894 694 33 25 its
1938 695 162 33 inhabitants,
2114 698 84 25 which
2209 707 52 16 was
2279 697 205 26 communicated

1896 731 26 21 to
1947 728 38 25 his
2007 730 111 31 relative,
2143 731 57 25 Col.
2220 731 116 30 Tofrens,
2359 730 52 26 and
2429 730 53 30 led,

1895 761 113 34 through
2023 763 42 25 the
2082 764 125 25 exertions
2227 766 31 23 of
2270 765 42 25 the
2328 764 74 25 latter
2423 771 61 26 gen-

1895 794 104 31 tleman,
2016 799 26 21 to
2054 796 44 26 the
2109 797 137 25 formation
2257 798 31 24 of
2300 797 42 25 the
2355 805 129 25 company

1896 827 30 24 of
1938 829 71 23 1825.
2044 829 66 25 That
2119 838 135 26 company,
2267 831 80 24 under
2357 830 43 25 the
2413 838 73 17 sanc-

1896 860 55 24 tion
1977 860 30 25 of
2027 861 31 25 its
2085 864 163 33 enlightened
2272 864 138 29 chairman,
2439 862 47 25 Mr

1896 893 136 31 Lambton,
2044 904 58 16 now
2121 897 63 24 Earl
2198 897 31 25 of
2243 896 126 31 Durham,
2384 904 100 17 accom-

1895 926 100 34 plished
2004 927 33 25 all
2045 928 56 26 that
2110 938 52 16 was
2173 930 108 33 possible
2294 930 81 24 under
2385 929 41 25 the
2435 930 49 24 cir-

1896 964 164 21 cumstances.
2074 976 3 3 ■
2105 963 43 24 An
2177 963 161 26 unfortunate
2364 963 122 24 selection

1896 1002 105 25 appears
2017 998 26 20 to
2061 994 66 26 have
2143 996 63 25 been
2223 998 73 24 made
2314 996 29 25 of
2355 996 44 25 the
2416 1005 70 16 com-

1896 1027 89 33 pany's
1998 1027 69 25 chief
2080 1032 86 30 agent,
2180 1030 55 24 who
2247 1030 74 25 made
2333 1038 68 17 some
2413 1029 72 26 valu-

1896 1060 57 25 able
1968 1061 160 32 acquisitions
2146 1062 30 24 of
2183 1063 127 33 territory,
2323 1063 60 25 held
2395 1063 91 26 sacred

1896 1098 26 20 to
1933 1093 42 25 the
1983 1102 54 17 uses
2046 1094 29 25 of
2079 1095 43 25 the
2130 1104 126 25 company
2265 1097 34 32 by
2308 1097 40 24 the
2355 1097 98 24 natives
2459 1100 27 21 to

1896 1127 51 24 this
1959 1128 59 31 day,
2034 1128 51 24 and
2095 1137 60 16 now
2166 1129 184 34 incorporated,
2365 1129 64 25 after
2442 1129 44 25 the

1895 1160 71 33 lapse
1975 1161 30 24 of
2011 1161 113 26 fourteen
2133 1171 82 24 years,
2225 1163 63 24 with
2298 1163 42 24 the
2350 1162 71 25 other
2428 1171 58 25 pos-

1896 1194 107 24 sessions
2007 1194 28 24 of
2039 1195 40 24 the
2085 1200 102 28 present
2194 1205 133 25 company,
2336 1200 43 29 yet
2387 1196 32 25 he
2425 1196 61 25 sud-

1897 1227 76 33 denly
1982 1228 147 25 abandoned
2138 1229 43 25 the
2189 1230 138 33 enterprize
2337 1238 32 16 on
2378 1229 107 25 mistak-

1896 1260 45 33 ing
1953 1269 15 16 a
1978 1269 52 17 war
2041 1262 80 25 dance
2134 1262 145 33 performed
2296 1263 26 24 in
2340 1263 99 25 honour
2458 1263 31 25 of

1896 1293 54 26 him
1973 1294 38 25 for
2032 1304 15 15 a
2068 1295 94 26 hostile
2183 1296 207 25 demonstration.
2430 1296 56 26 The

1896 1327 141 34 gentlemen
2050 1330 157 33 composing,
2212 1330 50 24 this
2275 1330 149 25 association
2441 1330 45 24 ab-

1896 1361 99 25 stained
2006 1360 65 26 from
2083 1363 110 33 opening
2202 1363 21 25 it
2232 1367 26 20 to
2268 1363 42 24 the
2321 1363 86 33 public
2419 1363 67 25 until

1896 1403 69 16 some
1977 1394 93 26 further
2088 1404 102 17 success
2206 1396 54 25 had
2277 1397 61 24 been
2356 1396 128 31 obtained,

1896 1428 51 24 and
1965 1436 63 17 were
2046 1429 169 34 discoui-aged
2234 1429 52 25 also
2305 1430 35 32 by
2354 1429 44 26 the
2414 1429 70 26 well-

1896 1461 168 26 remembered
2076 1466 64 22 state
2152 1462 29 25 of
2189 1463 42 24 the
2242 1471 92 25 money
2345 1462 101 26 market
2458 1464 28 24 in.

1894 1494 42 25 the
1947 1502 60 25 year
2021 1497 8 22 1
2035 1497 58 23 826.
2120 1496 80 32 They,
2213 1495 129 32 however,-
2352 1496 132 34 expended

1896 1528 124 30 20,000/.,
2043 1530 52 24 and
2117 1529 116 25 received
2258 1530 65 25 from
2347 1529 46 25 Mr
2413 1530 71 24 Hus-

1894 1561 93 32 kisson,
1994 1563 41 24 the
2053 1563 109 33 promise
2174 1563 29 25 of
2216 1571 15 16 a
2249 1563 98 25 charter
2358 1563 30 25 of
2400 1563 84 25 incor-

1894 1596 126 32 poration,
2037 1596 87 25 which
2140 1596 47 25 has
2204 1597 63 24 been
2278 1596 151 35 recognized
2448 1597 37 32 by

1894 1629 150 33 subsequent
2065 1634 188 29 governments,
2281 1630 51 25 and
2355 1630 21 25 is
2403 1631 82 24 consi-

1894 1662 78 25 dered
1981 1663 27 25 in
2018 1663 68 25 force
2099 1668 27 20 at
2137 1663 44 25 the
2192 1667 99 30 present
2302 1664 59 32 day.
2490 1669 3 9 '

1928 1709 53 26 The
1989 1710 166 34 proceedings
2162 1711 31 24 of
2199 1711 42 24 the
2249 1719 133 25 company,
2394 1711 91 33 nearly

1894 1742 43 25 the
1955 1743 82 25 whole
2054 1743 31 25 of
2098 1744 86 24 whose
2202 1744 117 30 artizans,
2338 1745 73 25 when
2432 1744 52 26 dis-

1895 1776 110 34 charged
2016 1777 34 31 by
2061 1777 45 24 the
2118 1780 76 30 agent
2204 1780 25 21 at
2239 1776 113 34 Sydney,
2363 1778 122 25 returned

1894 1808 51 25 and
1962 1810 88 24 settled
2060 1810 27 23 in
2100 1810 67 24 New
2178 1809 111 26 Zealand
2289 1825 33 4 —
2323 1819 28 16 so
2362 1811 64 25 little
2437 1811 49 25 did

1894 1842 62 32 they
1979 1841 70 26 share
2072 1843 26 24 in
2123 1843 44 24 the
2185 1843 75 33 panic
2279 1843 30 26 of
2327 1844 67 25 their
2414 1852 70 17 com-

1894 1876 106 24 mander
2000 1890 33 4 —
2034 1876 41 24 the
2093 1876 117 33 growing
2227 1876 142 33 prosperity
2390 1878 32 24 of
2439 1878 47 25 the

1894 1908 178 31 missionaries,
2084 1907 45 27 the
2140 1909 142 34 increasing
2291 1913 77 21 resort
2378 1909 30 25 of
2415 1910 70 33 ship-

1894 1942 70 33 ping,
1977 1941 43 26 the
2029 1942 83 24 influx
2124 1942 31 25 of
2167 1951 122 24 runaway
2301 1944 114 24 convicts
2432 1943 54 26 and

1895 1975 121 25 deserters
2033 1975 67 25 from
2115 1975 101 32 vessels,
2232 1976 64 25 with
2314 1976 43 25 the
2374 1976 112 34 flagrant

1896 2007 90 26 crimes
1997 2008 161 33 perpetrated
2166 2008 26 25 in
2201 2009 52 25 this
2263 2010 87 24 mixed
2361 2010 51 24 and
2423 2010 63 26 law-

1894 2041 49 25 less
1956 2041 165 33 community,
2134 2041 70 26 drew
2214 2042 44 25 the
2270 2043 122 24 attention
2404 2043 30 24 of
2441 2043 46 26 the

1896 2083 125 25 governor
2032 2075 31 25 of
2076 2074 117 34 Sydney,
2204 2075 59 26 who
2274 2084 50 17 was
2335 2076 111 26 induced
2458 2081 30 22 to

1896 2108 111 33 appoint,
2020 2107 61 27 with
2092 2108 44 26 the
2145 2116 166 19 concurrence
2320 2109 30 26 of
2356 2110 42 25 the
2409 2110 79 26 home

1896 2146 174 29 government,
2094 2142 71 25 what
2185 2142 33 26 he
2241 2143 97 25 termed
2359 2152 16 16 a
2397 2144 91 25 consul

1923 2175 142 25 accredited
2076 2179 25 21 to
2113 2176 41 24 the
2164 2177 164 24 missionaries
2338 2180 26 22 at
2371 2177 45 25 the
2427 2177 60 34 Bay

1897 2208 30 25 of
2096 2209 84 25 Those
2190 2209 123 26 excellent
2322 2219 59 17 men
2392 2210 96 26 doubt-

1896 2243 49 25 loss
1957 2251 64 17 were
2031 2245 45 23 not
2089 2250 82 18 aware
2181 2242 58 26 that
2254 2243 51 26 this
2322 2253 60 22 was,
2402 2244 84 34 diplo-

1898 2276 129 32 matically
2037 2276 132 33 speaking,
2183 2285 16 16 a
2209 2277 105 25 transfer
2330 2280 28 22 to
2373 2277 70 25 them
2460 2278 31 26 of

1898 2309 42 25 the
1952 2309 162 33 sovereignty
2125 2309 68 25 from
2206 2309 42 26 the
2267 2319 85 17 crown
2369 2311 32 25 of
2414 2311 74 35 Eng-

1898 2342 60 25 land
1965 2353 8 21 ;
1990 2343 50 24 and
2051 2344 21 23 it
2082 2351 62 26 may
2156 2343 70 32 quiet
2244 2344 44 25 the
2304 2344 185 34 apprehension,

1900 2375 29 25 of
1936 2376 73 26 those
2016 2377 90 32 jurists
2117 2376 59 26 who
2187 2386 61 24 may
2259 2377 109 34 imagine
2377 2378 58 25 that
2441 2379 47 25 the

1899 2410 160 33 sovereignty
2079 2410 31 24 of
2126 2410 71 25 those
2213 2410 95 26 islands
2327 2421 50 15 was
2395 2412 93 26 indeed

1900 2451 58 17 ever
1968 2444 89 33 parted
2066 2443 73 30 with,
2157 2447 27 21 to
2195 2444 118 25 recollect
2324 2445 63 30 that,
2406 2445 83 26 under

1898 2476 71 25 these
1981 2476 203 31 circumstances,
2198 2477 20 25 it
2230 2478 82 25 could'
2317 2479 59 31 only
2385 2478 31 25 be
2427 2479 62 25 held

1899 2509 25 25 in
1937 2513 74 27 trust,
2027 2519 36 23 or,
2082 2514 28 21 at
2120 2511 44 24 the
2181 2511 72 30 least,
2272 2520 28 16 as
2319 2520 14 16 a
2350 2512 138 34 feudatory

1898 2544 169 33 principality.
2107 2544 67 25 That
2196 2544 41 25 the
2260 2544 168 26 missionaries
2451 2554 39 16 re-

1900 2577 97 33 garded
2008 2577 20 25 it
2040 2577 140 25 somewhat
2188 2578 26 24 in
2227 2577 52 25 this
2290 2577 72 34 light,
2382 2579 21 24 is
2421 2579 67 25 clear

1899 2611 67 24 from
1980 2624 1 7 ■
1990 2610 41 26 the
2053 2619 106 17 manner
2181 2610 27 25 in
2228 2610 86 26 which
2338 2612 61 33 they
2421 2612 67 26 have

1899 2644 104 26 resisted
2031 2644 41 25 the
2093 2644 206 25 encroachments
2331 2645 31 26 of
2387 2645 102 35 foreign,

1899 2678 108 28 nations,
2020 2678 49 25 and
2087 2678 45 25 the
2149 2686 57 24 way
2217 2678 27 24 in
2255 2678 84 25 which
2350 2679 61 33 they
2422 2679 67 25 have

1899 2711 128 26 modelled
2042 2711 43 26 the
2102 2711 204 26 administration
2324 2712 30 25 of
2365 2712 67 25 their
2444 2721 45 25 go-

1900 2749 132 21 vernment
2064 2744 66 26 after
2159 2744 55 25 that
2247 2745 30 25 of
2313 2745 43 25 the
2389 2746 100 33 prince-

1900 2778 102 33 bishops
2007 2778 41 25 sof
2061 2778 43 25 the
2121 2777 97 26 middle
2235 2787 67 25 ages.
2339 2778 73 33 They,
2421 2779 68 26 have

1900 2811 160 25 maintained,
2063 2812 49 27 the,
2117 2820 97 25 powers
2225 2812 133 34 delegated
2368 2816 27 20 to
2406 2812 82 31 them,

1900 2845 90 25 within
2017 2845 62 25 their
2106 2845 144 33 palatinate.
2293 2845 132 35 Resisting
2453 2847 36 24 all

1900 2882 117 29 attempts
2040 2882 26 21 to
2089 2878 129 25 mediatize
2239 2878 78 30 them,
2341 2878 60 33 they
2421 2880 67 24 have

1899 2911 95 33 upheld
2005 2911 62 25 their
2076 2911 137 33 theocracy
2221 2920 7 23 ;
2249 2912 51 24 and
2308 2920 38 17 we
2356 2912 83 25 know-
2442 2916 46 21 not

1899 2944 112 26 Avhether
2025 2948 24 21 to
2062 2953 119 25 compare
2199 2945 41 24 the
2259 2946 136 24 converted
2410 2946 78 25 chief-

1899 2977 66 25 tains
1979 2981 25 22 to
2016 2982 97 21 tenants
2120 2978 27 24 in
2155 2977 89 33 capite,
2253 2978 43 25 the
2302 2978 76 25 lesser
2383 2979 103 31 barons,
2492 3003 6 4 .

1898 3019 29 16 or
1943 3014 28 22 to
1988 3010 41 26 the
2046 3011 78 25 heads
2143 3010 30 25 of
2188 3012 76 25 tribes
2281 3012 160 35 ministering
2458 3017 42 22 to-

1898 3044 54 25 that
1962 3044 31 25 of
2000 3043 70 27 Levi.
2107 3044 38 25 At
2155 3044 75 27 home
2241 3045 45 25 the
2295 3045 125 27 influence
2433 3047 30 25 of
2473 3056 29 16 a-.

1897 3078 110 32 wealthy
2027 3078 48 25 and
2094 3077 138 34 important
2251 3079 96 34 society
2367 3089 51 16 was
2441 3080 47 26 all-

1898 3111 123 33 powerful
2033 3115 25 21 at
2069 3111 44 25 the
2126 3111 108 26 colonial
2246 3113 81 31 office,
2345 3113 61 35 glad
2416 3118 28 21 to
2456 3115 39 24 be=

1897 3144 110 25 relieved
2014 3144 29 25 of
2046 3145 97 25 trouble
2150 3146 51 24 and
2207 3147 188 33 responsibility
2401 3147 88 26 whilst

1897 3177 116 34 obliging
2025 3186 14 16 a
2049 3182 73 30 great
2133 3183 74 29 party
2214 3189 7 22 ;
2242 3181 51 24 and
2310 3180 45 26 the
2368 3189 80 26 organ
2461 3181 32 26 of

1896 3210 54 25 that
1961 3211 104 34 society,
2079 3211 34 26 its
2124 3218 136 28 secretary,
2273 3214 120 33 wielding
2402 3223 33 16 an
2443 3223 45 17 ex-

1896 3244 131 33 penditure
2046 3245 28 25 of
2090 3245 86 26 fifteen
2194 3247 131 26 thousand
2344 3256 15 16 a
2377 3256 64 24 year
2460 3248 28 25 in

1898 3277 64 26 New
1987 3278 117 33 Zealand,
2130 3280 81 25 found
2235 3280 108 26 !ahnself
2365 3281 124 34 virtually

1896 3319 125 26 governor
2038 3313 49 24 and
2104 3313 90 33 bishop
2214 3315 34 26 'of
2260 3314 62 26 both
2337 3314 105 32 islands,
2462 3314 30 26 of

1895 3344 86 26 which
1997 3345 54 26 that
2068 3355 58 17 sum
2143 3346 87 28 mif/ht
2248 3348 66 25 have
2329 3348 100 34 bought
2445 3348 44 25 the

1894 3378 37 25 fee
1947 3378 97 35 simple.

1928 3426 56 26 The
1992 3426 133 34 solemnity
2134 3448 8 15 ,
2150 3429 122 27 however
2282 3428 167 35 picturesque,
2463 3428 32 25 of

1897 3459 141 34 convening
2054 3468 15 16 a
2084 3460 18 24 £f
2104 3474 37 17 £Vr
2152 3471 93 27 savage
2256 3461 131 26 chieftains
2402 3462 28 23 in
2446 3460 45 27 the

1896 3493 214 34 neighbourhood
2134 3507 14 17 o
2149 3498 15 24 f
2183 3498 59 24 the.
2251 3496 58 33 Bay
2329 3494 30 26 of
2378 3494 113 32 Islands,

1896 3527 106 33 making
2012 3525 41 25 the
2056 3541 35 18 yfn
2101 3531 101 26 declare
2214 3529 67 26 their
2294 3528 202 34 independence,,

1897 3560 51 25 and
1966 3559 99 42 giving
2078 3566 72 25 them
2169 3572 15 16 a
2201 3564 60 33 flag,
2281 3562 76 25 could
2372 3570 32 16 no
2421 3570 73 16 more

1898 3593 67 33 quell
1978 3596 10 21 t
1988 3592 7 15 1
2000 3610 32 16 Ac
2043 3599 125 27 disorders
2179 3597 55 25 that
2242 3595 129 35 prevailed
2380 3594 114 34 through

1897 3627 41 25 the
1949 3626 45 35 is\/
1994 3644 33 17 an
2028 3635 37 30 d.s,
2075 3633 62 25 than
2146 3632 19 24 it
2173 3630 86 31 could,
2270 3630 27 24 in
2305 3628 190 26 constitutional

1894 3660 51 26 iaw
1994 3669 27 33 gi
2021 3677 30 17 ye
2077 3674 72 25 away
2169 3664 43 25 the
2231 3663 87 34 king's
2343 3662 152 25 dominions.

1896 3695 21 25 •£
1935 3691 116 41 jti^ocjous
2060 3699 90 27 crimes
2159 3706 66 18 were
2230 3696 158 35 perpetrated
2399 3696 35 33 by
2443 3694 55 26 En-

1287 136 26 17 as
1325 128 55 25 that
1395 129 141 32 performed
1553 129 33 32 by
1599 129 109 33 Captain
1720 129 82 31 Cook,
1821 138 49 24 any-

1288 161 98 25 British
1404 162 97 34 subject
1516 162 104 34 settling
1639 171 33 17 on
1689 163 71 25 those
1777 163 94 24 islands

1285 195 99 25 carried
1392 195 60 25 with
1461 195 62 30 him,
1534 196 139 34 according
1680 202 26 19 to
1716 196 154 25 Blackstone

1284 228 50 24 and
1353 228 33 25 all
1404 228 40 25 the
1461 229 157 29 authorities,
1632 229 42 25 the
1686 237 117 17 common
1806 256 3 9 i
1820 229 49 25 and

1284 265 90 21 statute
1392 260 48 26 law
1452 269 28 17 as
1498 262 40 24 his
1556 262 147 34 birthright,
1722 263 50 25 and
1788 263 81 33 might

1282 293 75 26 claim
1368 295 139 32 protection
1519 295 173 34 accordingly.

1317 326 108 35 Captain
1443 326 76 26 Cook
1606 328 56 25 that
1680 328 65 25 New
1757 328 111 25 Zealand

1282 368 50 17 was
1345 369 31 16 an
1388 360 100 34 eligible
1501 361 45 24 site
1559 360 38 25 for
1614 369 16 16 a
1647 361 99 33 colony,
1767 362 51 25 and
1830 370 36 16 re-

1282 394 165 24 commended
1464 394 22 24 it
1503 402 28 16 as
1549 394 62 24 such
1619 403 8 22 5
1646 395 47 24 but
1710 403 33 16 no
1763 399 104 29 attempt

1282 434 50 17 was
1348 426 75 25 made
1440 430 26 21 to
1484 426 85 25 follow
1587 435 34 25 up
1640 427 39 25 his
1699 428 165 34 suggestions.

1281 459 135 34 Benjamin
1436 458 124 26 Franklin
1581 460 50 25 and
1648 460 46 25 Mr
1715 460 152 35 Dalrymple

1280 491 84 26 issued
1375 492 137 38 proposals,
1526 493 45 24 but
1579 493 112 26 without'
1699 502 50 24 any
1759 502 106 24 success,

1279 525 39 24 for
1330 525 93 33 raising
1435 533 14 16 a
1460 533 55 16 sum
1529 525 30 25 of
1572 527 117 30 \S,OOQL,
1703 527 62 24 with
1776 535 16 16 a
1802 528 64 24 view

1280 562 26 20 to
1322 558 90 33 supply
1425 558 42 24 the
1480 558 65 25 New
1559 558 149 26 Zealanders
1719 559 61 25 with
1797 560 70 25 those

1280 590 82 26 useful
1379 590 113 32 animals,
1509 592 152 33 vegetables,
1681 592 48 25 &c.
1748 593 51 24 and
1817 597 50 21 arts

1280 624 28 24 of
1329 624 52 30 life,
1405 624 29 25 of
1455 624 86 25 which
1564 625 61 32 they
1651 633 67 17 were
1741 625 124 25 destitute.

1280 657 61 25 This
1350 665 75 25 paper
1432 657 20 25 is
1464 657 77 25 dated
1550 658 104 33 August
1658 660 13 21 2
1675 662 14 21 9
1693 658 36 31 th,
1740 660 73 28 1771,
1820 659 48 24 and

1278 699 60 24 may
1357 691 29 24 be
1402 690 82 24 found
1501 698 93 25 among
1617 691 143 25 Franklin's
1785 694 6 13 '
1804 691 64 25 Mis-

1281 724 139 25 cellaneous
1433 723 114 26 Works/
1578 724 31 24 In
1621 724 44 25 the
1676 724 192 33 parliamentary

1280 757 99 25 debates
1392 756 84 26 which
1487 756 42 26 led
1543 760 27 22 to
1581 757 42 25 the
1642 757 188 26 establishment
1842 757 30 26 of

1280 799 15 16 a
1308 790 72 33 penal
1392 790 143 25 settlement
1551 793 26 22 at
1596 790 67 25 New
1679 789 81 26 South
1773 791 93 31 Wales,

1282 823 64 25 New
1357 823 109 25 Zealand
1475 832 51 16 was
1533 824 145 24 mentioned
1686 832 27 17 as
1724 832 16 17 a
1747 824 121 26 desirable

1280 857 72 32 place
1370 856 39 25 for
1429 857 42 24 the
1491 857 162 33 experiment,
1660 876 5 3 -
1673 857 52 25 and
1742 857 126 33 narrowly

1280 890 107 33 escaped
1404 890 112 33 through
1532 890 44 24 the
1593 895 82 20 terror
1684 890 46 26 'of,
1736 890 31 25 its
1785 891 83 24 canni-

1279 922 97 25 balism.
1412 923 137 25 Attention
1560 931 52 16 was
1623 923 99 25 further
1740 924 86 24 drawn
1844 928 24 21 to

1280 956 54 24 that
1352 959 56 30 part
1426 956 30 24 of
1468 956 44 24 the
1531 956 80 24 world
1626 956 37 33 by
1679 956 43 26 the
1740 957 128 25 establish-

1280 992 70 21 ment
1367 989 29 25 of
1409 989 114 25 missions
1540 989 27 24 in
1585 989 41 25 the
1646 989 102 33 Society
1760 989 107 32 Islands,

1280 1023 77 24 about
1369 1022 42 25 the
1422 1031 60 24 year
1498 1023 73 29 1795,
1585 1024 34 31 by
1630 1022 43 26 the
1687 1022 105 26 London
1806 1024 62 24 Mis-

1280 1056 101 32 sionary
1395 1055 103 33 Society
1505 1065 7 21 ;
1532 1056 51 25 and
1591 1057 25 24 in
1626 1056 44 25 the
1682 1065 61 25 year
1755 1058 63 23 1814
1828 1057 41 25 the

1282 1088 64 26 Rev.
1369 1088 101 26 Samuel
1492 1089 129 30 Marsden,
1646 1089 31 25 of
1703 1089 64 25 New
1791 1090 79 25 South

1282 1121 92 31 Wales,
1388 1122 51 25 laid
1451 1122 44 25 the
1507 1123 147 24 foundation
1670 1122 29 26 of
1711 1123 42 25 the
1766 1123 103 26 Church

1281 1154 29 26 of
1318 1155 121 34 England
1447 1156 109 25 Mission
1566 1160 26 20 at
1601 1156 45 25 the
1654 1156 59 32 Bay
1723 1156 29 25 of
1760 1156 108 26 Islands.

1282 1188 150 34 Previously
1439 1192 25 22 to
1472 1189 58 30 this,
1539 1189 126 31 however,
1674 1189 57 26 Col.
1740 1190 126 31 Foveaux,

1280 1224 28 23 of
1322 1222 42 25 the
1382 1222 63 25 New
1459 1222 82 26 South
1552 1222 87 26 Wales
1654 1223 92 33 Corps,
1765 1223 51 25 had
1832 1232 36 16 re-

1281 1256 163 25 commended
1456 1255 66 26 New
1535 1256 111 25 Zealand
1657 1260 27 21 to
1693 1257 44 25 the
1748 1265 122 26 governor

1281 1288 30 25 of
1325 1288 105 34 Sydney
1448 1297 27 17 as
1494 1299 15 15 a
1526 1290 73 33 penal
1617 1290 150 30 settlement,
1785 1299 33 15 on
1828 1290 41 26 the

1280 1321 59 34 plan
1345 1322 144 25 afterwards
1498 1323 108 33 adopted
1614 1326 26 21 at
1648 1323 110 26 Norfolk
1767 1323 100 33 Island;

1281 1356 51 24 and
1343 1356 158 34 suggestions
1513 1365 64 16 were
1588 1356 77 25 made
1677 1358 34 31 by
1721 1356 57 26 Col.
1789 1357 79 25 Jack-

1281 1397 44 16 son
1344 1389 49 25 and
1410 1389 82 25 others
1511 1393 25 22 to
1553 1389 61 25 take
1632 1391 139 33 possession
1784 1391 30 24 of
1827 1391 41 25 the

1281 1427 107 28 country
1405 1423 35 32 by
1458 1431 15 16 a
1489 1423 112 32 military
1618 1422 69 26 force
1698 1423 66 25 from
1783 1424 84 25 India.

1280 1455 54 25 The
1352 1455 55 26 first
1423 1456 100 34 regular
1534 1457 166 33 proceedings
1712 1466 65 16 were
1793 1458 75 24 taken

1280 1488 26 25 in
1319 1489 44 25 the
1373 1497 68 25 year-
1448 1492 41 22 181
1496 1493 25 29 4,
1532 1490 64 24 with
1607 1498 16 16 a
1635 1490 65 25 view
1717 1494 26 22 to
1760 1490 42 26 the
1813 1500 55 25 pro-

1280 1523 94 24 tection
1402 1523 31 24 of
1455 1523 43 25 the
1524 1523 169 25 missionaries
1720 1524 50 25 and
1796 1525 72 24 other

1281 1556 99 24 British
1389 1556 102 31 settlers,
1503 1557 50 25 and
1562 1557 79 25 under
1649 1557 42 25 the
1700 1565 67 17 same
1779 1558 88 25 autho-

1280 1589 50 32 rity
1348 1589 84 25 which
1449 1590 107 25 enabled
1574 1590 42 25 the
1638 1591 105 33 Sydney
1753 1600 3 5 •
1760 1599 107 28 govern-

1277 1626 71 21 ment
1357 1627 24 21 to
1392 1623 57 25 take
1459 1623 140 33 possession
1607 1623 30 25 of
1646 1623 111 25 Norfolk
1769 1625 96 30 Island,

1278 1656 26 24 in
1322 1655 43 26 the
1386 1665 68 16 same
1474 1657 135 34 longitude,
1632 1671 35 5 —
1684 1657 109 33 namely,
1826 1658 41 25 the

1278 1689 114 34 priority,
1403 1690 29 24 of
1445 1690 143 33 discovery,
1606 1690 44 25 the
1664 1695 103 21 consent
1784 1691 30 25 of
1826 1692 41 25 the

1278 1723 106 29 natives,
1398 1724 50 24 and
1458 1723 44 26 the
1514 1724 160 25 commission
1685 1724 30 24 of
1726 1725 41 24 the
1778 1733 89 25 gover-

1278 1765 47 15 nor
1338 1756 30 25 of
1376 1756 103 33 Sydney
1488 1757 81 25 under
1581 1766 32 16 an
1624 1761 44 21 act
1674 1756 30 26 of
1710 1758 155 33 parliament,

1280 1790 136 34 extending
1451 1790 39 24 his
1524 1789 163 33 jurisdiction
1716 1799 60 16 over
1803 1791 64 27 New

1280 1822 112 26 Zealand
1403 1823 49 25 and
1468 1823 73 25 other
1552 1822 95 25 islands
1659 1824 30 24 of
1701 1823 43 25 the
1756 1823 109 26 Pacific.

1314 1855 80 26 There
1402 1864 40 17 are
1452 1856 147 33 diplomatic
1609 1856 113 34 grounds
1733 1858 138 25 connected

1280 1888 66 25 with-
1355 1889 91 25 certain
1458 1889 145 33 European.
1606 1890 100 24 treaties
1717 1889 85 25 which
1813 1891 58 33 give

1279 1922 156 32 importance
1452 1925 27 22 to
1497 1922 42 25 the
1556 1922 56 25 date
1624 1921 31 25 of
1666 1922 51 25 this
1728 1923 140 33 proclama-

1278 1955 62 29 tion,
1353 1955 84 25 which
1450 1955 29 28 is,
1501 1955 70 25 Nov.
1585 1954 53 31 9th,
1646 1956 82 24 <1814.
1764 1956 104 34 Among

1279 1987 71 26 other
1361 1988 84 34 things
1458 1988 43 25 the
1509 1996 78 26 paper
1599 1992 83 27 states,
1684 2003 34 5 —
1752 1989 50 25 His
1815 1989 51 25 Ex-

1279 2021 113 33 cellency
1399 2022 76 32 being
1484 2021 101 33 equally
1594 2021 132 26 solicitous
1734 2026 32 22 to.
1769 2027 99 28 protect

1280 2054 42 25 the
1332 2055 96 25 natives
1440 2055 30 25 of
1484 2055 65 25 New
1562 2054 113 26 Zealand
1686 2055 49 25 and
1752 2055 43 26 the
1810 2056 58 34 Bay

1281 2088 30 25 of
1332 2087 109 32 Islands,
1463 2088 28 25 in
1510 2088 35 25 all
1564 2088 64 25 their
1642 2088 56 34 just
1717 2089 81 34 rights
1820 2090 48 24 and

1281 2121 141 33 privileges,
1442 2130 26 17 as
1487 2121 72 25 those
1572 2121 31 25 of
1614 2130 73 26 every
1704 2123 69 25 other
1783 2122 85 34 depen-

1282 2154 77 34 dency
1368 2154 32 35 of
1405 2155 38 24 the
1452 2156 119 32 territory
1578 2156 31 33 of
1611 2155 68 26 Nero
1685 2154 81 27 South
1777 2156 90 32 Wales,

1282 2188 94 33 hereby
1383 2189 86 25 orders
1477 2189 52 25 and
1671 2189 47 25 &c.
1726 2189 52 27 &c.
1785 2199 7 22 ;
1809 2191 59 24 then

1283 2222 119 33 proceeds
1419 2226 26 21 to
1459 2222 105 33 appoint
1580 2222 44 25 Mr
1636 2222 110 26 Thomas
1757 2222 115 27 Kendall

1315 2255 107 25 resident
1449 2255 146 34 magistrate
1624 2259 27 22 at
1683 2255 43 26 the
1757 2256 59 33 Bay
1845 2257 30 25 of

1439 2289 104 25 extends
1570 2289 44 26 the
1640 2289 155 34 regulations
1817 2290 54 26 laid

1283 2322 76 24 down
1370 2322 39 25 for
1421 2322 65 26 New
1499 2321 110 27 Zealand
1623 2326 28 21 to
1699 2323 44 25 the
1755 2323 117 34 adjacent

1388 2356 51 25 and
1454 2364 85 17 names
1591 2356 136 30 Duaterra,
1748 2356 122 33 Shunghi,

1284 2389 51 24 and
1359 2389 174 25 Korra-korra
1757 2391 27 23 in
1808 2391 64 25 New

1285 2422 120 33 Zealand,
1418 2422 39 26 for
1473 2422 44 26 the
1532 2431 121 26 purposes
1670 2422 31 26 of
1713 2423 44 25 the
1773 2424 98 33 procla-

1284 2455 105 25 mation.

1319 2488 69 26 Such
1416 2497 50 17 was
1495 2489 43 26 the
1564 2488 57 27 first,
1646 2490 174 26 introduction
1847 2491 30 25 of

1285 2522 134 33 European
1430 2522 97 26 settlers
1538 2523 52 25 into
1600 2522 66 26 New
1676 2523 112 26 Zealand
1795 2533 8 22 ;
1823 2525 49 24 and

1284 2564 28 16 so
1332 2555 40 26 far
1390 2556 66 25 from
1478 2556 168 25 colonization
1666 2557 77 34 being
1760 2557 59 25 then
1837 2567 35 17 re-

1285 2589 97 33 garded
1401 2589 62 25 with
1483 2589 137 34 suspicion,
1641 2590 22 25 it
1680 2599 53 17 was
1750 2591 43 25 the
1811 2591 61 33 only

1285 2622 67 25 form
1363 2622 55 25 that
1426 2623 151 33 missionary
1585 2623 90 26 labour
1682 2633 51 16 was
1741 2625 132 33 permitted

1284 2659 26 21 to
1322 2664 106 17 assume.
1461 2656 27 24 It
1500 2665 51 16 was
1570 2656 43 26 the
1630 2657 135 26 deliberate
1779 2659 93 24 resolu-

1284 2689 53 25 tion
1349 2690 30 24 of
1391 2690 44 24 the
1446 2689 106 26 Church
1564 2690 156 34 Missionary
1734 2692 102 33 Society
1847 2696 25 21 to

1284 2723 59 33 give
1355 2723 42 25 the
1409 2723 111 31 mission,
1540 2723 27 25 in
1584 2723 42 25 the
1644 2723 57 26 first
1718 2725 121 31 instance,
1858 2734 15 17 a

1284 2756 99 25 secular
1400 2757 49 24 and
1468 2756 98 33 merely
1585 2757 130 34 civilizing
1735 2758 137 26 character.

1285 2789 43 25 No
1341 2789 119 26 ordained
1468 2789 146 35 clergyman
1624 2799 51 17 was
1684 2796 54 20 sent
1746 2796 44 21 out
1797 2802 8 22 ;
1825 2793 48 24 and

1284 2823 41 24 the
1353 2823 171 26 missionaries
1548 2832 64 17 were
1633 2824 124 33 officially
1777 2826 97 24 termed

1317 2856 42 25 the
1387 2857 116 32 society's
1531 2857 93 25 settlers
1650 2862 26 20 at
1699 2857 44 26 the
1766 2858 60 33 Bay
1848 2859 30 24 of

1436 2890 49 25 We
1493 2899 61 24 may
1563 2890 93 25 indeed
1664 2895 105 21 venture
1781 2895 26 21 to
1818 2901 53 23 say,

1284 2931 33 16 on
1340 2923 90 25 behalf
1447 2923 31 25 of
1496 2923 71 25 those
1590 2923 127 26 laborious
1738 2932 58 17 men
1816 2925 56 25 who

1283 2956 76 25 made
1371 2956 41 25 the
1420 2956 57 25 first
1487 2956 139 25 successful
1637 2956 91 26 inroad
1736 2966 68 25 upon
1816 2958 56 25 bar-

1284 2989 102 31 barism,
1400 2989 56 25 that
1466 2990 21 24 it
1499 2990 21 24 is
1532 2990 87 33 unjust
1630 2990 28 24 in
1667 2990 66 25 their
1742 2991 93 25 friends
1846 2995 26 21 to

1282 3026 62 21 turn
1363 3023 82 24 round
1463 3031 69 25 upon
1548 3023 69 24 them
1635 3023 41 25 for
1692 3027 41 21 too
1744 3024 128 33 faithfully

1284 3056 124 33 adhering
1418 3059 27 21 to
1457 3056 44 25 the
1512 3056 121 33 principle
1646 3056 30 25 of
1689 3053 66 29 their
1772 3057 100 26 institu-

1282 3089 63 29 tion,
1365 3090 34 32 by
1412 3089 148 34 continuing
1578 3093 26 21 to
1621 3089 32 24 be
1671 3098 16 16 a
1703 3090 92 33 colony
1808 3090 64 26 after

1282 3122 43 24 the
1333 3122 153 25 subscribers
1494 3126 28 21 at
1531 3122 75 25 home
1616 3122 52 25 had
1681 3122 117 35 changed
1806 3124 66 25 their

1281 3155 85 25 minds
1379 3155 49 25 and
1439 3155 116 26 resolved
1572 3160 28 20 to
1619 3156 132 32 patronize
1764 3157 108 34 nothing

1280 3188 45 24 but
1344 3189 122 25 missions.
1505 3188 54 25 The
1571 3188 62 25 slow
1646 3189 47 25 but
1703 3198 57 16 sure
1771 3198 99 18 success

1280 3221 30 24 of
1313 3221 69 25 what
1390 3221 118 34 DrLang
1515 3221 63 26 calls
1663 3221 148 35 missionary
1816 3232 54 17 car-

1278 3259 98 28 penter,
1388 3255 178 31 boat-builder,
1583 3255 166 31 blacksmith,
1762 3256 107 35 plough-

1279 3296 69 22 man,
1367 3289 181 33 rope-spinner,
1644 3289 76 25 made
1730 3289 95 26 known
1844 3290 25 25 in

1278 3320 116 34 monthly
1413 3323 50 23 and
1481 3321 100 34 weekly
1596 3326 100 31 reports
1714 3322 154 35 throughout

1279 3354 132 34 England,,
1427 3355 68 24 drew
1508 3356 122 25 attention
1651 3359 28 22 to
1697 3356 55 27 the*
1758 3360 56 21 vast
1832 3365 36 17 re-

1278 3395 100 17 sources
1390 3387 29 25 of
1431 3388 41 25 the
1489 3392 110 30 country
1607 3399 7 22 ;
1633 3389 56 25 awd
1705 3389 43 25 the
1766 3388 104 28 Church

1278 3420 153 34 Missionary
1444 3421 102 33 Society
1555 3430 28 17 so
1592 3422 149 33 effectually
1748 3423 120 33 .perform-

1278 3454 32 24 ed
1327 3454 32 24 its
1376 3454 71 25 work
1464 3454 27 25 in
1508 3456 134 34 preparing
1657 3458 48 24 tho
1723 3464 57 25 way
1798 3457 41 25 for
1855 3466 15 16 a

1277 3487 101 33 colony,
1392 3487 54 25 that
1456 3487 90 26 within
1559 3497 15 16 a
1585 3498 61 24 very
1657 3491 48 25 few
1722 3498 74 24 years
1803 3491 67 25 .after

1277 3520 43 25 the
1331 3520 139 26 settlement
1480 3530 52 17 was
1543 3521 115 27 founded
1668 3528 28 22 at
1706 3523 51 27 the
1774 3523 59 34 Bay
1846 3524 29 25 of

1278 3553 110 33 Islands,
1408 3554 42 25 the
1468 3559 136 29 secretary,
1624 3556 43 26 the
1687 3558 51 27 Re\
1740 3565 10 10 T
1753 3575 6 6 .
1780 3556 90 28 Josiah

1278 3586 85 31 Pratt,
1505 3588 55 25 that
1570 3589 27 24 in
1610 3598 47 17 one
1668 3591 31 25 of
1710 3592 47 27 the
1769 3592 101 32 provin-

1278 3619 49 26 cial
1338 3624 79 21 towns
1429 3621 30 25 of
1467 3621 119 34 England
1598 3623 31 25 he
1639 3623 77 27 knew
1727 3626 31 26 of
1773 3632 17 16 a
1800 3625 69 34 large
1879 3638 2 11 i

1277 3654 107 25 number
1400 3654 30 25 of
1442 3654 107 26 families
1566 3656 77 33 ready
1655 3662 29 22 to
1701 3660 129 31 emigrate
1846 3661 24 22 to
1878 3658 3 26 I

1280 3687 64 26 New
1365 3687 117 28 Zealand.
1519 3689 53 25 The
1592 3691 122 34 bug-bear
1733 3694 31 24 of
1776 3691 94 29 canni-

56 69 24 23 4

686 193 24 20 fo
719 192 130 21 Nicholson's
858 193 100 25 Harbour,
971 194 73 20 Cook's

825 220 77 24 Straits,

686 246 55 20 From
750 246 93 27 England
911 259 10 4 -

710 287 15 10 „
753 273 63 20 South
825 273 105 21 Australia
948 278 3 4 '
973 286 10 5 -

709 313 15 11 „
755 299 50 20 Port
813 300 69 27 Philip
910 312 8 4 -

711 341 15 9 „
755 327 127 20 Launceston
910 338 8 4 -

710 367 16 12 „
755 354 77 19 Hobart
841 353 65 21 Towa

709 394 16 10 „
754 380 79 27 Sydney
845 390 11 5 -

1084 192 69 22 Miles.
1168 193 3 22 I

1084 246 28 21 13
1119 247 40 21 200

1098 274 61 23 2,450

1099 301 61 23 1,700

1100 327 59 23 1,600

1099 355 61 23 1,600

1099 380 61 24 1,350

1179 193 65 27 Days.

1186 248 41 20 120

1204 275 26 19 15

1204 302 25 19 12

1202 329 25 19 11

1202 355 24 19 11

1203 381 25 20 10

794 417 37 22 To.
835 416 102 27 England,

686 443 59 20 From
755 443 130 21 Nicholson's
897 444 96 20 Harbour

711 484 14 10 „
753 470 79 27 Sydney
845 482 13 5 -

711 511 15 11 „
755 498 127 19 Launceston
910 509 8 5 -

711 538 13 10 „
753 524 64 21 South
826 524 105 21 Australia

1087 444 73 23 14,000

1086 471 74 23 15,350

1085 498 75 23 15,600

1087 524 75 23 16,450

1188 444 40 20 100

1188 498 43 19 nar

1188 525 40 19 116

710 561 59 20 From
779 561 133 20 Nicholson's
920 561 101 24 Harbour,

686 588 26 20 Fo
722 589 57 20 New.
784 587 112 22 Caledonia
910 598 8 5 -

692 631 16 9 
722 614 95 27 Friendly
825 614 81 21 Islands

691 657 15 10 „
722 642 51 20 New
784 642 80 20 Guinea
910 653 10 5 -

692 683 16 10 
723 668 108 21 Sandwich
839 667 83 21 Islands

691 710 17 11 
722 696 52 20 Java
844 705 11 5 -

692 737 15 11 „
722 723 68 27 Japan
843 733 11 5 -

691 764 16 10 „
723 749 79 20 Canton
842 759 12 6 -

692 792 14 9 „
716 776 43 21 Isle
767 775 22 20 of
797 776 78 19 France
910 787 10 5 -

691 817 15 11 „
720 803 84 20 Madras
843 814 11 4 -

691 844 15 11 „
722 828 93 22 Mexico'
844 841 12 6 -

692 870 16 11 „
723 857 59 20 Lima

692 898 14 10 „
723 884 118 27 Valparaiso
910 892 10 5 -

692 924 14 11 „
722 910 56 28 Cape
787 910 57 20 Horn
908 921 10 4 -

692 952 17 10 
718 936 56 28 Cape
784 937 21 20 of
814 935 60 22 Good
883 936 62 26 Hope
974 947 7 4 •

1101 587 59 22 1,500

1099 614 60 23 1,500

1098 641 62 22 2,700

1099 668 62 21 4,000

1098 694 61 23 4,200

1098 721 61 24 4,800

1098 748 61 23 5,000

1098 775 61 22 6,000

1099 802 60 23 6,300

1098 829 61 23 5,600

1098 856 61 23 5,800

1098 882 61 21 5,800

1099 910 60 22 6,100

1099 936 61 25 8,300

1202 588 25 20 10

1202 615 25 19 10

1202 642 24 19 18

1200 668 27 20 35

1201 696 25 19 35

1201 722 27 19 50

1201 748 26 20 40

1202 776 26 19 50

1202 802 26 19 60

1202 829 26 19 50

1202 856 26 19 50

1201 882 26 20 50

1201 909 26 20 60

1201 936 27 19 60
