2540 3799
677 139 50 16 was
739 131 27 24 in
778 129 147 34 advocating
943 129 42 25 the
997 130 111 32 peculiar
1119 131 137 33 principles

676 163 30 25 of
720 161 165 31 colonization,
899 162 30 24 of
945 162 84 26 which
1046 163 34 25 he
1091 171 51 17 was
1157 164 45 24 the
1213 172 43 16 au-

675 195 66 31 thor,
765 194 44 25 ani
828 202 68 25 upon
915 195 87 26 which
1020 196 33 25 he
1072 196 53 25 had
1142 196 114 33 recently

675 227 130 26 succeeded
814 226 25 26 in
847 227 126 34 founding
981 229 45 25 the
1037 229 91 33 colony
1138 230 32 24 of
1175 229 82 25 South

677 259 132 32 Australia,
831 260 54 26 that
906 261 46 25 Mr
965 262 144 26 Wakefield
1127 262 69 25 drew
1214 262 43 25 the

676 293 117 25 attention
800 293 31 24 of
839 293 45 26 Mr
898 294 98 35 Baring
1007 299 27 21 to
1046 296 45 25 the
1101 296 106 33 subject,
1220 304 37 16 we

675 326 65 25 need
768 326 105 33 scarcely
897 327 51 26 add
975 329 57 24 that
1059 329 33 24 he
1119 328 138 34 proceeded

675 359 149 33 throughout
850 369 33 16 on
905 360 41 26 Ms
969 369 58 17 own
1051 365 102 30 system.
1191 362 66 25 That

676 396 95 29 system
787 393 13 24 is
817 396 41 22 too
870 393 59 25 well
943 394 95 25 known
1054 399 27 21 to
1097 395 34 24 all
1141 395 58 24 who
1216 402 41 17 are

676 426 114 33 engaged
801 426 27 25 in
847 426 145 35 colonizing
1009 423 151 38 operations,
1179 432 28 21 to
1218 436 38 17 re-

677 458 70 33 quire
757 458 88 26 farther
856 460 86 26 notice
952 460 68 26 here.

712 498 100 35 Having
828 500 118 25 matured
964 500 40 25 his
1016 500 69 33 plan,
1106 500 45 26 Mr
1164 501 93 25 Wake-

677 531 62 25 field
762 533 195 25 communicated
979 533 21 26 it
1023 537 27 22 to
1073 542 68 17 some
1164 534 95 33 private

677 564 104 31 friends,
791 565 81 25 before
883 566 44 25 the
939 567 67 25 close
1018 566 29 26 of
1053 567 43 25 the
1106 575 63 25 year
1184 568 71 24 18.36.

678 597 80 33 Early
771 598 20 25 in
800 598 44 26 the
854 599 132 34 following
997 600 97 34 spring,
1105 609 69 16 some
1186 600 71 25 addi-

678 630 79 25 tional
769 636 162 29 co-operators
948 633 97 34 having
1055 634 61 25 been
1129 633 127 30 obtained,

677 663 42 26 the
727 664 63 25 New
794 665 112 26 Zealand
910 667 162 24 Association
1078 675 51 16 was
1136 666 120 31 founded,

678 696 30 25 of
721 697 78 26 which,
817 698 50 25 the-
878 699 58 25 first
953 700 114 34 meeting
1084 708 50 17 was
1153 700 59 24 held
1226 708 31 16 on

679 729 116 35 Monday,
814 731 44 25 the
870 732 69 25 22nd
950 733 29 24 of
993 733 76 33 May,
1078 734 84 30 '1837,
1176 736 25 21 at
1214 733 42 24 No

677 764 33 23 20
728 764 81 25 Adam
826 768 84 27 street,
930 766 122 33 Adelphi,
1073 766 84 25 where
1174 774 83 17 rooms

677 805 65 16 were
759 797 65 25 hired
836 797 39 26 for
884 798 43 25 the
941 807 44 16 use
997 799 29 25 of
1044 799 43 25 the
1098 799 156 25 association.

678 829 45 25 Mr
735 830 138 26 Wakefield
884 832 116 33 presided
1015 840 27 16 as
1059 832 137 31 chairman,
1210 833 48 24 and

677 863 139 26 resolutions
828 872 65 17 were
909 866 91 32 passed
1011 865 123 35 founding
1146 874 33 17 an
1191 874 67 17 asso-

678 896 101 31 ciation,
788 898 136 34 consisting
936 898 29 26 of
972 903 52 21 two
1037 899 90 25 classes
1139 899 32 25 of
1179 907 78 17 mem-

677 930 56 25 bers
734 945 34 4 —
769 931 61 24 those
847 931 134 35 intending
999 936 27 21 to
1045 933 132 34 emigrate,
1199 932 57 25 who

677 963 135 25 undertook
832 968 26 21 to
877 973 54 26 pay
950 965 35 25 all
1002 965 43 26 the
1066 974 120 25 expenses
1209 966 48 31 (al-

678 996 98 34 though
791 997 59 33 they
876 998 144 33 ultimately
1048 999 43 25 fell
1115 1007 70 25 upon
1213 999 45 24 Mr

677 1029 138 26 Wakefield
827 1031 51 25 and
894 1032 42 24 Dr
948 1032 103 24 Evans*
1062 1032 94 34 alone),
1169 1032 51 25 and
1235 1032 29 25 of

677 1063 87 33 public
780 1072 49 17 men
842 1064 66 31 who,
928 1065 109 25 without
1054 1074 51 24 any
1122 1066 136 33 pecuniary

677 1096 102 26 interest
786 1105 26 16 or
824 1098 65 24 view
905 1102 27 21 to
949 1098 87 33 profit,
1055 1100 50 24 and
1123 1107 33 16 on
1174 1098 85 34 public

678 1130 108 33 grounds
794 1130 81 31 alone,
898 1140 27 16 as
945 1132 60 32 they
1025 1132 94 33 clearly
1138 1131 52 26 and
1209 1132 49 25 dis-

678 1163 93 32 tinctly
781 1164 75 24 stated
873 1164 28 24 in
919 1173 78 24 every
1009 1165 166 33 publication,
1195 1174 64 25 gave

678 1204 34 24 up
723 1196 124 26 theirtime
856 1197 50 25 and
912 1197 90 25 labour
1012 1202 25 20 to
1049 1199 44 24 the
1101 1199 158 33 prosecution

678 1230 31 24 of
715 1237 15 17 a
741 1238 55 25 very
807 1231 110 25 arduous
930 1230 112 26 national
1053 1232 179 32 undertaking.

713 1269 53 26 The
778 1270 135 26 committee
927 1272 124 25 consisted
1068 1272 155 33 exclusively
1236 1271 29 25 of

677 1303 43 25 the
732 1303 68 25 latter
810 1303 74 32 class,
906 1308 27 21 to
945 1305 85 25 whom
1042 1306 21 24 it
1073 1314 52 16 was
1135 1305 126 34 proposed

678 1340 25 21 to
722 1336 94 26 confide
833 1337 44 25 the
896 1338 134 25 execution
1040 1338 44 28 ,of
1096 1339 49 24 the
1156 1338 59 33 plan
1234 1338 25 24 in

679 1369 121 35 England,
813 1371 51 24 and
871 1380 54 16 was
934 1375 26 20 at
972 1371 56 25 first
1037 1372 136 34 composed
1182 1371 29 25 of
1220 1371 41 26 the

678 1402 123 35 following
812 1404 143 33 gentlemen
965 1414 6 15 :
974 1419 33 4 —

712 1442 54 25 The
788 1443 71 25 Hon.
888 1444 106 26 Francis
1025 1444 106 35 Baring,
1165 1444 39 26 M.
1216 1444 43 32 P.,

747 1475 140 32 Chairman,

713 1509 54 25 The
778 1510 76 30 Right
867 1510 72 25 Hon.
954 1510 69 26 Lord
1035 1511 87 31 Petre,

713 1542 91 26 Walter
816 1543 28 25 F.
859 1543 143 35 Campbell,
1015 1544 74 33 Esq.,
1103 1545 89 30 M.P.,

713 1575 90 27 Robert
814 1576 139 35 Ferguson,
967 1577 73 34 Esq.,
1054 1578 89 30 M.P.,

713 1609 129 34 Benjamin
856 1610 104 31 Hawes,
977 1610 74 34 Esq.,
1065 1611 90 32 M.P.,

714 1642 82 35 Philip
807 1643 124 31 Howard,
945 1644 73 33 Esq.,
1034 1644 88 31 M.P.,

713 1675 108 26 William
833 1677 80 32 Hutt,
927 1677 73 33 Esq.,
1015 1677 89 32 M.P.,

715 1709 41 25 Sir
769 1709 61 26 ?m.
844 1710 177 32 Molesworth,
1033 1711 84 31 Bart.,
1130 1710 86 33 M.P.,

715 1742 41 24 Sir
768 1742 56 26 Geo.
838 1743 120 31 Sinclair,
971 1743 74 30 Bart,
1057 1743 85 32 M.P.,

715 1775 85 32 Henry
813 1775 102 34 George
926 1776 92 32 Ward,
1032 1776 73 33 Esq.,
1120 1777 88 31 M.P.,

715 1807 43 25 W.
771 1808 134 33 Wblryche
916 1809 151 32 Whitmore,
1081 1811 61 32 Esq.

714 1846 27 25 It
750 1856 44 16 was
805 1848 94 34 during
908 1848 43 24 the
963 1849 87 24 month
1061 1848 29 25 of
1097 1849 66 33 July
1173 1850 26 24 in
1211 1850 48 24 this

679 1888 61 24 year
762 1880 48 25 that
831 1884 50 21 two
906 1881 66 25 New
993 1881 161 32 Zealanders,
1176 1883 85 24 whose

680 1921 85 16 names
774 1922 37 16 are
819 1914 111 24 familiar
939 1917 26 21 to
978 1914 43 25 the
1032 1914 94 34 public,
1139 1915 44 25 the
1192 1916 68 24 Ran-

679 1945 91 58 fitira,
780 1947 36 24 Te
831 1947 81 30 Naiti,
931 1947 51 24 and
993 1947 35 24 Te
1042 1947 108 32 Hiakai,
1167 1948 92 25 visited

701 1987 77 17 ranee,
784 2006 3 4 ,
822 1980 44 24 Mr
883 1980 155 32 Wakefield,
1068 1980 106 35 hearing
1187 2004 4 3 .
1198 1982 60 32 they

679 2020 64 17 were
755 2015 21 22 at
785 2012 99 33 Havre,
903 2013 135 33 employed
1049 2022 16 16 a
1075 2022 89 24 person
1182 2018 26 22 at
1220 2015 38 24 his

679 2054 99 25 expense
788 2050 26 20 to
826 2046 76 34 bring
913 2046 72 26 them
999 2050 27 22 to
1041 2046 51 26 this
1103 2048 154 33 metropolis,

678 2078 25 25 if
715 2079 122 34 agreeable
847 2084 28 21 to
885 2079 79 26 them.
1001 2079 53 26 The
1072 2089 113 25 younger
1202 2090 55 22 one,

680 2111 99 33 Hiakai,
789 2112 101 25 resided
898 2112 39 26 for
948 2114 78 24 about
1038 2113 70 34 eight
1119 2115 102 24 months
1232 2114 27 25 in

679 2145 42 25 the
732 2145 80 33 family
824 2145 30 25 of
868 2146 42 25 Dr
922 2146 96 32 Evans,
1034 2147 66 24 until
1116 2147 34 26 he
1163 2147 60 26 died
1233 2148 28 25 of

679 2179 175 33 consumption,
872 2180 87 25 which
980 2180 28 25 in
1028 2180 49 25 this
1101 2184 111 30 country
1230 2189 28 17 so

680 2211 68 26 often
765 2221 83 25 proves
868 2212 62 25 fatal
948 2216 28 21 to
997 2213 42 26 the
1056 2213 98 26 natives
1172 2215 32 24 of
1217 2214 42 25 the

678 2245 64 26 mild
764 2245 92 35 regions
877 2246 31 25 of
934 2246 44 25 the
997 2246 110 26 Pacific.
1154 2247 104 35 During

678 2278 39 25 his
736 2278 105 32 lifetime,
861 2279 32 25 he
911 2280 103 25 snowed
1031 2288 15 17 a
1064 2280 148 34 disposition
1232 2281 28 25 of

678 2312 42 25 the
810 2312 107 25 amiable
925 2313 74 31 kind,
1020 2313 52 25 and
1083 2322 16 16 a
1107 2314 118 33 capacity
1233 2314 27 25 of

678 2345 44 25 the
732 2354 56 24 very
798 2345 56 26 first
865 2346 81 25 order.
961 2364 3 5 .
983 2347 26 24 It
1025 2355 52 16 was
1094 2347 45 25 the
1156 2347 103 33 opinion

678 2378 30 25 of
724 2378 41 25 the
771 2379 143 34 gentleman
925 2380 63 25 with
999 2379 85 26 whom
1101 2380 33 25 he
1151 2381 106 30 resided,

679 2411 55 26 that
747 2411 31 26 his
791 2413 108 25 abilities
910 2413 87 25 would
1011 2413 66 25 have
1088 2413 106 25 enabled
1204 2414 54 25 him

678 2448 24 21 to
714 2449 86 22 master
811 2453 50 26 any
870 2446 31 25 of
907 2446 41 25 the
960 2447 111 24 abstract
1078 2447 119 31 sciences,
1209 2448 49 24 and

677 2481 26 21 to
722 2478 56 26 ha-ve
797 2479 186 39 distinguished
1000 2479 109 26 himself.
1146 2479 43 26 He
1205 2489 53 16 was

677 2511 43 25 the
741 2512 95 25 brother
858 2512 31 25 of
911 2512 50 25 Iwi
986 2513 70 31 Kau,
1078 2514 42 24 the
1145 2513 69 25 chief
1232 2514 27 24 of

678 2544 103 26 Banks's
799 2545 147 26 Peninsula.
984 2546 43 26 He
1047 2555 51 17 was
1122 2547 87 25 buried
1230 2547 26 25 in

678 2577 134 34 Brompton
824 2578 164 34 churchyard
996 2589 7 22 ;
1018 2580 51 25 and
1080 2580 19 25 it
1110 2589 52 16 was
1174 2584 26 21 to
1212 2580 43 25 the

677 2611 79 25 credit
765 2611 25 25 of
804 2611 39 25 his
854 2613 152 32 companion
1019 2613 72 25 Naiti
1103 2613 63 30 that,
1187 2613 69 26 three

677 2644 82 25 weeks
774 2644 64 25 after
860 2646 43 24 the
923 2645 105 31 funeral,
1050 2646 32 25 he
1104 2655 53 16 was
1164 2658 4 4 •
1178 2646 78 26 found

677 2676 80 31 alone,
764 2678 107 34 weeping
883 2687 60 17 over
951 2679 44 25 the
1005 2687 86 25 grave.
1126 2679 38 25 Te
1172 2679 78 31 Naiti,

677 2710 92 25 resided
786 2711 93 35 during
891 2711 38 26 his
945 2716 51 21 two
1011 2721 72 23 years
1096 2716 56 30 stay
1164 2712 26 25 in
1205 2712 50 26 En-

676 2742 86 35 gland,
773 2744 79 24 under
870 2744 43 25 the
927 2745 59 25 roof
999 2744 31 25 of
1044 2745 43 25 Mr
1096 2746 155 31 Wakefield,

675 2776 57 25 who
744 2777 85 33 always
845 2779 96 24 treated
951 2778 55 24 him
1018 2787 27 16 as
1058 2787 14 16 a
1082 2778 92 25 friend.
1212 2779 42 26 He

675 2809 21 25 is
708 2819 16 15 a
737 2819 80 25 young
832 2819 60 17 man
905 2811 29 25 of
948 2811 63 34 high
1021 2811 92 35 feeling
1125 2812 51 24 and
1188 2817 66 21 most

674 2844 166 33 gentlemanly
860 2845 168 33 deportment.
1066 2845 39 24 He
1123 2845 22 25 is
1166 2845 87 33 nearly

673 2876 91 26 related
778 2881 26 21 to
823 2877 43 25 the
884 2881 66 21 most
960 2878 124 33 powerful
1095 2878 120 25 chieftain
1226 2879 26 25 in

674 2909 66 26 New
753 2910 110 30 Zealand,
874 2911 43 25 the
929 2911 143 34 Rangatiza
1079 2911 36 25 Te
1123 2911 128 34 Raupora,

673 2942 85 26 whose
764 2944 139 24 dominions
920 2944 99 34 happen
1030 2949 28 21 to
1069 2945 101 25 include
1181 2945 71 25 those

673 2977 129 24 territories
815 2986 33 15 on
856 2977 64 25 both
931 2978 64 25 sides
1007 2978 30 25 of
1042 2977 94 26 Cook's
1150 2978 99 32 Straits,

672 3010 85 24 which
766 3010 20 25 it
805 3010 53 25 will
874 3011 40 25 be'
924 3015 68 21 most
1009 3011 130 25 desirable-
1150 3012 40 24 for
1210 3011 42 26 the

673 3051 118 26 company
809 3046 26 23 to
852 3044 133 33 purchase.
1022 3045 36 24 Te
1072 3045 78 29 Naiti,
1170 3045 80 24 there-

671 3077 63 30 fore,
744 3076 39 25 has
790 3078 181 33 accompanied
977 3078 45 25 the
1033 3078 57 26 first
1097 3078 153 33 expedition,

672 3118 25 15 as
713 3110 145 34 interpreter,
877 3111 39 24 for
926 3111 86 25 which
1028 3111 70 26 office
1115 3111 33 25 he
1163 3111 22 24 is
1196 3120 55 24 pre-

671 3143 130 32 eminently
813 3144 132 33 qualified,
967 3145 32 32 by
1013 3144 41 26 his
1064 3144 151 34 knowledge
1225 3145 30 25 of

670 3175 42 26 the
723 3177 98 33 English
834 3177 135 35 language,
980 3178 39 24 his
1032 3178 63 25 rank
1108 3186 94 26 among
1211 3177 38 26 his

671 3213 164 30 countrymen,
859 3211 45 25 the
925 3211 146 25 favourable
1087 3212 159 33 impressions

670 3243 74 24 made
755 3252 60 24 upon
824 3243 41 25 his
876 3244 73 25 mind
960 3244 26 25 in
998 3244 129 34 England,
1148 3245 51 24 and
1210 3244 39 25 his

670 3276 90 32 perfect
771 3276 150 34 knowledge
939 3277 31 25 of
985 3278 44 24 the
1045 3278 51 24 real
1113 3277 136 34 principles

670 3309 50 25 and
729 3309 108 26 ultimate
849 3310 101 34 designs
962 3311 29 24 of
997 3311 43 25 the
1052 3319 133 25 company.
1215 3310 33 25 In

669 3341 49 25 this
729 3350 50 25 wajr
790 3342 71 26 there
872 3352 48 16 can
931 3344 30 24 be
972 3353 33 16 no
1023 3344 83 30 fraud,
1125 3353 34 16 no
1176 3352 71 17 snam

671 3375 140 26 convention
823 3375 30 26 of
868 3377 42 25 the
925 3378 98 24 natives
1040 3381 25 21 to
1084 3381 37 22 set
1132 3386 34 25 up
1179 3386 15 16 a
1204 3386 43 24 go-

670 3414 123 19 vernment
804 3410 141 33 nominally
957 3410 95 31 native,
1072 3410 81 33 really
1165 3410 82 25 Euro-

670 3447 70 24 pean.
763 3441 42 25 He
813 3442 98 32 knows,
924 3444 53 24 and
988 3444 21 24 is
1018 3448 27 21 to
1058 3444 101 34 explain
1169 3447 26 22 to
1207 3443 39 26 his

670 3476 164 30 countrymen,
846 3475 57 26 that
918 3476 23 25 if
954 3476 61 33 they
1027 3477 60 25 cede
1099 3477 66 25 their
1175 3476 71 26 terri-

669 3505 98 32 torysfor
778 3508 41 24 the
834 3516 121 26 purposes
967 3510 30 25 of
1011 3510 43 25 the
1071 3510 103 33 colony,
1185 3510 61 32 they

669 3541 69 21 must
748 3539 85 26 submit
848 3545 28 21 to
888 3542 43 25 the
941 3542 61 26 laws
1016 3543 31 25 of
1060 3542 127 35 England,
1200 3544 46 24 but

694 3611 14 12 •
720 3610 38 20 The
772 3610 119 26 gentleman
904 3615 23 18 to
936 3614 69 19 whom
1022 3615 36 20 Mr
1068 3615 117 21 Wakefield
1199 3615 45 21 first

666 3636 157 21 communicated
832 3637 33 20 his
874 3638 55 25 plan,
943 3640 51 19 after
1003 3641 107 27 maturing
1119 3641 18 21 it
1146 3642 51 20 with
1207 3643 37 19 Mr

667 3664 79 26 Baring
753 3664 36 20 and
798 3664 33 20 his
845 3665 93 25 brother,
955 3666 60 26 Capt,
1028 3668 80 20 Arthur
1119 3669 122 25 Wakefield,

666 3690 59 22 R.N.
1005 3701 2 5 ■
1249 3697 2 16 ;

64 130 134 34 glishmen.
210 130 101 25 Ardent
320 129 93 34 spirits,
423 131 162 33 gunpowder,
596 131 49 24 and

63 163 116 27 virulent,
184 163 107 25 diseases
301 171 67 17 were
380 163 164 25 -introduced.
580 163 66 25 Ruf-

64 195 66 26 fians
146 196 56 25 who
219 195 51 26 had
287 197 108 32 escaped
410 197 65 24 from
493 196 44 26 the
560 197 85 25 chain-

64 237 81 26 gangs
157 228 27 25 of
194 228 65 25 New
268 228 82 26 South
358 229 94 31 Wales,
468 239 28 15 or
507 230 60 25 who
579 230 66 24 from

63 263 99 24 various
174 270 86 17 causes
270 270 66 17 were
346 263 119 24 ashamed
475 263 30 25 of
509 263 137 34 appearing

64 295 26 24 in
99 294 100 25 convict
205 295 106 32 society,
319 296 104 25 flocked
429 300 25 21 to
465 296 65 26 New
537 295 109 26 Zealand

66 327 52 25 and
129 327 132 26 furnished
271 329 44 25 the
331 329 98 26 natives
439 330 62 25 with
520 327 125 28 corrosive

64 360 152 32 sublimates,
240 361 138 26 laudanum
390 363 50 25 and
453 363 70 25 other
533 362 112 33 poisons,

62 397 28 21 to
99 393 101 33 destroy
207 395 63 25 each
276 396 74 25 other
357 396 64 25 with
428 406 7 22 ;
449 395 50 26 and
504 395 44 24 the
556 393 89 33 neigh-

61 427 134 26 bourhood
214 428 32 25 of
261 428 43 25 the
322 429 148 32 missionary
490 426 156 26 settlements

61 468 63 18 soon
135 461 102 25 became
245 462 44 25 the
297 467 66 20 most
372 460 165 27 demoralized
545 459 27 25 in
581 458 65 26 New

62 493 121 26 Zealand.

98 526 129 34 Repeated
254 527 206 35 representations
484 534 66 16 were
572 526 75 24 made

62 563 29 22 to
120 560 42 25 the
185 565 163 29 government
370 560 27 25 in
420 559 121 34 England
564 562 27 21 to
614 559 33 24 do

63 592 57 26 that
143 594 83 26 which
251 593 90 26 should
362 600 95 25 repress
483 592 69 24 these
576 592 69 31 evils,

63 625 48 26 but
130 627 108 25 without
254 627 42 25 the
312 626 63 25 least
393 625 82 25 effect.
511 625 54 25 The
583 633 64 16 mer-

65 659 87 26 chants
171 660 30 25 of
223 660 106 24 London
351 658 90 34 joined
464 658 27 25 in
515 667 15 17 a
552 667 95 16 memo-

64 692 58 32 rial,
149 693 88 34 signed
260 693 34 31 by
320 691 42 25 the
384 691 77 25 heads
489 691 30 25 of
544 691 34 25 all
605 691 43 26 the

63 726 124 33 principal
208 726 89 24 houses
317 725 116 34 engaged
449 724 27 25 in
497 724 45 26 the
562 726 83 24 south-

64 767 43 16 sea
116 759 77 24 trade.
230 758 26 25 A
270 757 114 33 petition,
397 757 26 26 in
438 759 73 29 1834,
524 767 52 16 was
593 762 54 21 sent

62 791 75 25 home
148 792 34 31 by
196 790 43 25 the
256 794 67 22 most
334 791 152 33 respectable
497 791 31 25 of
544 790 44 26 the
599 796 48 20 set-

60 824 59 25 tlers
130 823 26 25 in
169 823 64 26 New
246 824 119 30 Zealand,
374 824 85 25 which
467 833 53 16 was
531 825 116 33 repeated

61 857 29 24 in
106 858 70 29 1836,
189 858 51 24 and
251 857 90 34 signed
358 858 35 33 by
405 858 33 24 all
450 858 42 25 the
504 858 143 25 influential

62 890 123 25 members
192 890 31 25 of
226 890 40 25 the
273 891 104 24 mission
383 890 71 26 itself
456 900 7 22 ;
471 892 56 26 but,
535 891 112 35 through

64 931 68 17 some
144 923 123 25 influence
283 928 27 21 at
320 924 43 25 the
376 924 117 26 Colonial
505 924 91 31 Office,
614 924 33 26 all

63 955 172 35 applications,
243 957 62 25 both
314 957 86 33 public
409 958 50 25 and
466 958 108 33 private,
583 966 64 17 were

62 990 165 33 disregarded
235 1000 7 22 ;
255 991 51 24 and
314 992 22 23 it
344 991 98 25 seemed
453 992 40 24 the
501 991 69 25 fixed
581 999 56 17 reso

61 1022 83 26 lution
154 1023 29 25 of
189 1024 44 25 the
245 1028 171 30 government,
426 1024 127 26 whatever
561 1025 86 24 incon-
656 1023 2 30 j

62 1056 121 25 venience
193 1065 30 17 or
233 1056 124 35 suffering
367 1058 82 34 might
459 1058 31 24 be
498 1058 150 24 occasioned

64 1089 37 33 by
109 1089 28 31 it,
149 1094 27 20 to
186 1089 70 26 leave
267 1091 166 25 undisturbed
442 1091 43 24 the
494 1091 155 32 experiment

64 1122 33 25 of
103 1123 110 34 training
223 1133 34 24 up
270 1132 14 16 a
294 1124 86 26 native
396 1124 123 24 Levitical
536 1124 112 33 republic

64 1155 82 26 under
168 1157 149 33 missionary
337 1157 105 30 control,
467 1157 116 25 directed
599 1158 50 32 pri-

65 1189 92 32 marily
169 1190 34 31 by
216 1198 14 16 a
241 1190 43 33 lay
296 1194 125 29 secretary
432 1190 25 25 in
471 1190 129 35 England.

101 1221 68 27 Such
181 1231 50 17 was
250 1223 42 25 the
310 1227 64 21 state
385 1224 31 24 of
428 1223 88 34 things
535 1224 27 24 in
583 1224 66 25 New

66 1255 111 26 Zealand
187 1256 72 25 when
271 1264 32 17 an
320 1257 114 25 incident
445 1265 63 26 gave
520 1257 91 33 reality
623 1262 26 20 to

65 1296 17 17 a
92 1289 96 33 project
198 1289 84 25 which
294 1289 52 25 had
356 1290 62 34 long
428 1290 61 25 been
501 1290 110 25 familiar
622 1295 26 20 to

64 1321 45 25 the
125 1322 84 25 minds
221 1322 31 25 of
264 1323 33 24 its
315 1324 98 24 author.
447 1323 31 25 In
495 1332 16 16 a
522 1324 73 24 work
606 1333 43 16 en-

63 1354 74 26 titled
150 1358 6 13 <
166 1355 120 34 England
297 1357 51 24 and
358 1355 138 32 America,'
510 1357 65 25 New
588 1357 61 26 Zea-

64 1387 63 26 land
143 1389 52 24 had
212 1390 61 24 been
290 1390 104 33 pointed
411 1393 43 22 out
465 1399 26 16 as
504 1399 49 16 one
564 1390 31 25 of
607 1391 42 25 the

66 1420 77 26 finest
151 1422 73 25 fields
235 1422 39 25 for
286 1423 175 25 colonization.
497 1424 28 24 A
534 1424 115 25 commit-

65 1458 40 21 tee
114 1455 29 24 of
149 1455 40 24 the
203 1455 88 25 House
301 1456 29 25 of
337 1456 147 31 Commons,
527 1465 69 25 upon
607 1458 42 24 the

66 1487 111 39 disposal
188 1488 31 25 of
230 1493 78 21 waste
318 1489 73 25 lands
403 1490 25 24 in
440 1489 42 26 the
494 1490 102 26 British
607 1500 41 16 co-

186 1530 52 17 was
249 1522 88 35 sitting
355 1532 33 16 on
403 1523 42 25 the
456 1523 64 25 27th
531 1524 31 25 of
569 1524 78 30 June,

67 1555 13 23 1
85 1556 56 27 836,
148 1555 73 25 when
226 1555 44 25 the
275 1556 131 33 following
412 1565 97 16 answer
515 1566 52 16 was
574 1557 75 33 given

65 1587 36 33 ij
120 1587 45 25 Mr
176 1588 112 25 Edward
310 1589 101 25 Gibbon
423 1590 147 26 Wakefield
588 1594 26 21 to
635 1600 15 16 a

67 1621 114 32 question
191 1622 34 31 by
236 1622 42 25 the
290 1622 136 31 chairman,
441 1623 45 25 Mr
495 1623 84 25 Ward
587 1634 6 14 :
595 1639 35 4 —

127 1655 44 23 961
178 1672 6 7 .
195 1655 53 25 Are
261 1655 69 26 there
342 1664 50 25 any
401 1660 69 30 parts
482 1656 30 25 of
518 1657 44 25 the
571 1658 80 25 world

67 1686 97 34 subject
181 1691 28 22 to
228 1697 45 16 our
292 1689 127 25 domiuion
438 1698 67 22 now,
524 1690 27 24 in
566 1691 84 25 which

66 1728 53 24 you
130 1720 111 34 imagine
256 1721 57 26 that
329 1731 56 16 new
397 1723 109 25 colonies
520 1724 84 33 might
621 1725 30 24 be

64 1752 113 26 founded
193 1755 218 34 advantageously
427 1756 83 24 under
525 1756 52 25 this
593 1766 58 23 pro-

64 1786 80 37 posed
155 1791 94 28 system
256 1788 11 24 ?
268 1803 35 3 —
303 1788 92 32 Many.
431 1788 14 24 I
464 1789 117 26 consider
597 1790 55 25 that

66 1827 27 16 in
103 1819 137 31 Australia,
253 1824 27 21 at
290 1825 108 29 present,
408 1821 68 25 there
487 1830 43 16 are
539 1830 32 17 no
584 1823 67 25 colo-

66 1852 54 25 nies
127 1862 8 21 ;
149 1853 15 24 I
176 1853 60 24 look
247 1862 67 25 upon
327 1854 42 25 the
380 1854 154 25 settlements
547 1855 25 24 in
585 1855 66 25 New

68 1884 81 25 South
160 1885 85 25 Wales
257 1887 52 24 and
320 1886 59 25 Van
395 1887 130 25 Diemen's
539 1888 73 24 Land
624 1897 27 16 as

66 1926 68 17 mere
145 1918 71 34 gaols
226 1919 31 25 of
265 1928 15 15 a
290 1920 112 32 peculiar
412 1920 72 25 kind.
517 1921 73 32 They
602 1922 49 24 call

64 1950 45 26 the
137 1952 91 32 keeper
258 1952 57 26 'his
344 1953 163 33 excellency,'
530 1954 53 25 and
607 1954 44 26 the

65 1984 117 33 chaplain
207 1985 84 33 'right
310 1987 121 24 reverend
437 1986 27 32 ;'•
473 1987 46 24 but
537 1987 43 25 the
599 1988 52 25 real

63 2018 73 24 truth
146 2018 30 30 is,
194 2018 61 33 they
267 2027 43 17 are
324 2019 108 33 nothing
448 2020 51 24 else
515 2020 47 25 but
572 2021 78 34 gaols.

65 2050 72 26 Then
149 2051 82 25 South
243 2051 130 26 Australia
382 2053 21 24 is
414 2057 45 20 not
469 2057 45 28 yet
528 2053 119 26 founded.

64 2084 83 25 There
165 2084 108 25 remains
285 2093 15 16 a
310 2085 71 34 large
399 2089 81 21 extent
498 2086 31 24 of
543 2091 106 28 country

64 2116 114 27 between
197 2117 81 26 South
289 2118 129 26 Australia
430 2119 51 25 and
499 2119 56 26 that
565 2120 84 26 which

63 2150 24 26 is
105 2150 81 25 called
202 2151 118 26 Western
330 2151 131 26 Australia
470 2161 7 16 :
496 2152 71 26 there
584 2154 21 24 is
623 2155 26 24 in

64 2183 83 25 Extra
151 2184 131 33 -Tropical
304 2184 133 26 Australia
459 2194 14 16 a
496 2186 100 26 district
623 2187 31 26 of

64 2217 103 33 ground
175 2225 63 26 open
250 2221 26 22 to
289 2218 174 31 colonization,
475 2218 30 25 of
511 2220 85 25 which
607 2221 42 25 the

65 2250 95 25 outline
168 2251 110 25 touched
285 2252 35 32 by
329 2251 43 26 the
383 2256 123 22 sea-coast
518 2257 93 21 cannot
619 2255 30 24 be

62 2282 49 27 less
123 2283 62 26 than
196 2286 76 29 4,000
281 2285 81 25 miles.
398 2285 69 33 Very
475 2295 61 16 near
547 2290 25 22 to
581 2288 66 24 Aus-

64 2316 75 25 tralia
153 2317 70 25 there
238 2318 21 24 is
268 2326 18 16 a
298 2321 116 30 country,
431 2318 86 26 Avhich
532 2319 33 26 all
579 2321 70 25 testi-

64 2357 80 25 mony
156 2359 105 16 concurs
276 2351 27 24 in
319 2351 142 34 describing
477 2360 28 17 as
516 2353 43 25 the
570 2353 81 26 fittest

64 2386 108 30 country
184 2384 26 24 in
222 2384 43 24 the
276 2384 83 25 world
369 2384 47 26 for..
419 2385 167 26 colonization
594 2396 7 22 ;
621 2396 27 16 as

63 2415 45 25 the
115 2420 64 21 most
188 2417 123 24 beautiful
323 2421 114 29 country,
448 2417 63 26 with
522 2419 42 26 the
576 2419 74 27 finest

65 2448 101 25 climate
184 2450 51 24 and
252 2450 45 24 the
314 2454 66 21 most
395 2450 147 31 productive
553 2453 61 32 soil;
633 2453 15 25 I

64 2490 73 17 mean
151 2482 66 25 New
228 2483 118 25 Zealand.
383 2483 27 26 It
421 2484 53 25 will
484 2485 31 25 be
526 2486 57 25 said
593 2486 56 26 that

64 2514 67 26 New
139 2515 110 26 Zealand
254 2516 60 26 does
318 2521 45 21 not
369 2517 92 34 belong
467 2521 27 21 to
501 2518 43 24 the
551 2518 98 27 British

64 2556 94 22 crown,
171 2549 52 25 and
234 2549 56 25 that
301 2550 22 25 is
336 2554 55 21 true
398 2560 7 22 ;
425 2551 45 25 but
480 2551 167 33 Englishmen

62 2589 44 17 are
122 2582 138 34 beginning
277 2587 26 21 to
320 2584 108 26 colonize
446 2584 67 26 New
525 2585 120 27 Zealand.

64 2613 65 26 New
146 2615 111 26 Zealand
268 2616 21 25 is
301 2617 102 35 coming
418 2618 81 25 under
513 2618 44 26 the
568 2619 80 26 domi-

62 2648 61 24 nion
134 2648 31 25 of
179 2650 42 24 the
233 2649 98 26 British
343 2659 93 17 crown.
471 2652 181 26 Adventurers'

64 2689 33 25 go
108 2681 64 26 from
184 2683 66 24 New
263 2682 81 27 South
355 2684 85 25 Wales
452 2685 52 24 and
515 2685 58 25 Van
586 2686 61 25 Die-

62 2714 81 25 men's
155 2715 74 25 Land
239 2716 50 25 and
301 2718 76 24 make
389 2726 14 16 a
414 2721 81 30 treaty
503 2718 63 25 with
577 2727 15 17 a
603 2728 44 17 na-

63 2747 52 25 tive
127 2748 97 25 chief—
225 2758 14 16 a
250 2753 83 29 treaty
343 2751 27 24 in
381 2751 137 33 duplicate,
533 2752 43 25 the
584 2761 63 24 poor

64 2780 70 25 chief
151 2787 44 19 not
215 2783 200 35 understanding
437 2792 15 17 a
471 2785 82 34 single
575 2787 72 25 word

63 2813 76 25 about
150 2815 20 24 it
207 2816 44 24 but
267 2816 63 34 they
341 2817 74 25 make
426 2826 14 16 a
452 2822 115 22 contract
577 2828 67 25 upon

61 2846 149 32 parchment
220 2849 60 25 with
289 2858 15 16 a
312 2854 72 30 great
395 2850 59 32 seal,
464 2852 52 24 and
527 2851 40 27 for
574 2861 15 17 a
597 2853 48 25 few-

61 2879 108 27 trinkets
177 2882 51 24 and
235 2891 15 16 a
257 2883 65 24 little
331 2885 153 33 gunpowder
490 2885 62 33 they
559 2886 86 25 obtain

61 2911 69 26 land.
166 2914 74 26 After
252 2924 14 16 a
278 2916 59 25 time
357 2917 27 25 in
400 2918 71 25 these
489 2926 76 23 cases,
581 2919 63 26 after

62 2953 69 17 some
138 2954 101 25 persons
247 2949 65 25 have
318 2951 99 30 settled,
426 2951 44 25 the
478 2958 168 28 government

62 2981 28 22 at
100 2978 74 25 home
183 2982 86 32 begins
280 2986 27 22 to
318 2984 96 25 receive
427 2984 69 25 hints
506 2986 58 25 that
574 2986 71 26 there

62 3010 21 26 is
96 3019 15 17 a
126 3012 100 33 regular
235 3015 140 26 settlement
392 3017 30 25 of
435 3017 110 34 English
557 3020 87 33 people

62 3043 100 26 formed
173 3045 27 24 in
210 3047 63 24 such
283 3056 15 17 a
308 3049 71 32 place
387 3059 6 22 ;
412 3051 49 25 and
470 3052 59 25 then
543 3052 42 26 the
598 3062 46 25 go-

61 3082 132 21 vernment
203 3082 26 21 at
240 3079 73 27 home
328 3083 128 33 generally
470 3085 47 25 has
529 3085 61 26 been
602 3095 41 16 ac-

61 3111 88 25 tuated
166 3111 36 33 by
214 3120 15 16 a
238 3112 64 25 wish
318 3118 26 21 to
362 3116 100 33 appoint
479 3126 17 16 a
506 3127 134 25 governor,

62 3144 51 25 and
124 3153 67 24 says,
204 3146 8 13 '
220 3145 61 25 This
292 3151 56 28 spot
358 3148 103 35 belongs
469 3155 27 21 to
509 3152 131 34 England;

60 3185 39 18 we
111 3178 51 25 will
179 3178 62 25 send
259 3182 45 22 out
319 3188 15 16 a
353 3184 141 30 governor.'
530 3185 53 26 The
600 3191 42 21 act

61 3210 31 25 of
105 3211 105 34 sending
228 3217 45 20 out
290 3221 16 17 a
321 3222 124 25 governor
462 3218 136 35 according
615 3223 27 22 to

61 3252 47 16 our
119 3245 172 31 constitution,
303 3255 27 16 or
341 3247 56 30 law,
410 3255 28 16 or
449 3251 118 31 practice,
583 3260 47 17 con

57 3276 98 27 stitutes
170 3279 42 24 the
228 3279 72 33 place
316 3283 28 21 to
356 3280 83 24 which
450 3289 15 16 a
476 3290 124 24 governor
612 3286 22 25 is

60 3314 55 21 sent
126 3320 15 15 a
153 3311 98 26 British
261 3313 129 33 province.
400 3314 3 6 '
410 3313 49 26 We
470 3323 51 21 are,
534 3316 15 23 I
558 3318 82 32 think,

59 3343 78 34 going
154 3348 26 21 to
198 3344 112 27 colonize
327 3346 66 26 New
404 3346 121 32 Zealand,
544 3349 98 35 though

59 3384 38 17 we
114 3385 41 17 are
165 3377 78 36 doing
254 3387 29 16 so
300 3379 27 25 in
345 3389 15 16 a
377 3384 65 21 most
453 3381 123 34 slovenly,
591 3384 51 24 and

59 3410 161 35 scrambling,
232 3412 51 25 and
296 3413 153 35 disgraceful

94 3442 55 26 The'
153 3447 132 23 statement
296 3447 59 24 here
366 3447 93 33 quoted
469 3448 43 25 led
524 3452 25 21 to
558 3457 16 16 a
583 3457 59 17 con-

59 3476 125 26 versation
203 3478 112 26 between
327 3488 15 17 a
353 3481 110 25 member
477 3481 31 25 of
515 3481 42 26 the
572 3490 69 17 com-

59 3508 94 31 mittee,
163 3509 43 26 the
218 3510 71 28 Hon.
299 3513 104 26 Francis
416 3514 108 35 Baring,
538 3515 49 25 and
598 3516 42 25 the

59 3541 110 31 witness,
188 3544 48 24 and
252 3548 26 22 to
295 3546 43 25 the
356 3546 135 27 formation
502 3548 31 26 of
546 3557 16 17 a
579 3549 60 33 plan

57 3574 86 25 ■which
153 3583 52 17 was
217 3577 97 34 shortly
325 3579 63 26 after
403 3581 134 26 embodied
553 3582 27 25 in
597 3582 42 26 the

56 3607 67 26 draft
134 3607 30 26 of
171 3616 15 17 a
195 3608 54 33 bill,
259 3610 119 28 intituled
390 3617 17 12 «
417 3614 26 24 A
454 3614 56 26 Bill
520 3619 26 21 to
560 3615 78 26 facili-

54 3643 55 23 tate
127 3641 50 25 and
194 3642 110 33 regulate
320 3645 44 26 the
376 3646 148 27 Settlement
534 3648 31 25 of
577 3649 60 27 Bri-

52 3673 54 28 tish
125 3674 117 35 Subjects
259 3675 26 26 in
304 3677 66 27 New
558 3681 39 27 As
615 3687 22 24 it

1931 137 54 25 The
2008 136 69 24 Hon.
2103 135 118 25 Francis
2244 134 120 32 Babing,
2389 137 89 32 M.P.,

1996 169 147 26 Chairman.

1931 201 53 25 The
1995 202 81 33 Right
2088 201 72 25 Hon.
2171 201 44 25 the
2226 201 65 25 Earl
2302 202 30 24 of
2340 202 126 26 Durham.
2477 219 3 4 •

1931 234 53 25 The
1995 235 83 33 Right
2091 234 71 25 Hon.
2176 234 71 25 Lord
2260 234 84 25 Petre.

1933 266 71 26 Hon.
2017 268 43 25 W.
2074 268 34 25 B.
2122 268 107 33 Baring,
2241 267 77 25 M.P.

1931 299 97 27 Walter
2041 301 29 25 F.
2079 300 141 34 Campbell,
2233 300 72 34 Esq.,
2319 301 76 26 M.P.

1933 332 104 27 Charles
2049 334 130 33 Enderby,
2194 333 60 34 Esq.

1933 365 95 27 Robert
2040 367 136 34 Ferguson,
2190 366 73 34 Esq.,
2277 366 76 26 M.P.

1933 398 52 25 The
1997 399 64 26 Rev.
2072 400 101 25 Samuel
2186 400 95 32 Hinds,
2295 400 75 25 D.D.

1933 431 136 33 Benjamin
2082 433 103 30 Hawes,
2199 433 69 33 Esq.,
2282 433 77 25 M.P.

1933 464 87 34 Philip
2033 465 122 31 Howard,
2168 466 73 34 Esq.,
2255 466 79 25 M.P.

1933 497 114 26 William
2060 498 77 31 Hutt,
2151 500 70 33 Esq.,
2236 500 77 25 M.P.

1934 530 101 34 George
2047 531 83 33 Lyall,
2140 532 60 34 Esq.

1934 563 108 26 Thomas
2054 564 160 33 Mackenzie,
2227 566 74 33 Esq.,
2315 566 79 26 M.P.

1934 596 42 25 Sir
1987 597 114 25 William
2113 597 174 32 Molesworth,
2302 599 87 31 Bart.,
2403 599 76 26 M.P.
2495 619 1 6 ,

1936 630 40 24 Sir
1988 630 100 35 George
2101 630 115 32 Sinclair,
2231 632 84 31 Bart.,
2330 633 76 25 M.P.

1934 663 108 33 Captain
2056 664 41 25 Sir
2106 663 114 26 William
2234 663 134 35 Symonds,
2383 666 74 26 R.N.

1935 696 92 33 Henry
2039 696 101 35 George
2151 696 89 31 Ward,
2256 698 69 33 Esq.,
2338 699 77 25 M.P.

1934 729 44 25 W.
1988 729 140 34 Wolryche
2139 729 150 31 Whitmore,
2303 731 61 33 Esq.

1935 762 83 26 When
2051 763 151 34 parliament
2235 764 147 31 assembled,
2414 765 69 25 Lord

1903 795 151 26 Melbourne
2077 805 52 16 was
2152 796 132 26 reminded
2300 797 29 25 of
2343 798 69 25 what
2433 798 62 25 had.

1901 829 91 34 passed
2018 829 103 32 before;
2152 830 49 24 and
2218 839 32 15 an
2279 830 130 26 interview
2431 839 51 17 was

1901 863 133 33 requested
2051 863 39 24 for
2111 863 43 25 the
2177 871 108 26 purpose
2300 863 37 28 .of
2354 865 131 33 obtaining
2497 886 2 5 ,

1903 895 42 26 the
1976 894 64 26 final
2065 896 114 25 sanction
2207 896 30 25 of
2267 901 165 29 government
2456 901 27 21 to

1902 929 43 25 the
1956 937 121 17 measure.
2115 929 70 26 Lord
2195 929 151 26 Melbourne
2352 931 50 24 and
2415 931 70 25 Lord

1905 961 108 35 Glenelg
2030 962 95 33 jointly
2136 963 113 25 received
2265 963 43 25 the
2328 964 154 33 deputation,

1902 995 93 31 which,
2019 995 124 32 however,
2160 997 53 24 had
2232 997 112 33 scarcely
2364 997 62 25 been
2439 997 45 26 ad-

1902 1028 91 26 mitted
2004 1032 26 21 to
2050 1029 43 25 the
2111 1037 116 25 presence
2244 1030 31 24 of
2291 1029 44 25 the
2348 1030 134 33 ministers,

1903 1061 72 25 when
1996 1061 60 34 they
2067 1063 104 25 evinced
2190 1067 138 29 symptoms
2349 1063 30 25 of
2392 1063 93 26 official

1901 1094 115 34 hostility
2024 1098 25 23 to
2057 1096 43 25 the
2108 1096 106 25 scheme.
2249 1096 27 25 A
2282 1096 120 33 powerful
2408 1105 76 25 oppo-

1902 1128 74 25 sition
1994 1133 26 21 to
2032 1128 20 26 it
2063 1129 51 25 had
2124 1128 128 33 evidently
2263 1138 87 25 grown
2369 1138 35 25 up
2425 1131 58 24 dur-

1901 1162 44 33 ing
1956 1162 44 25 the
2009 1170 89 17 recess,
2110 1162 30 25 of
2154 1162 157 33 parliament.
2347 1162 137 27 Whatever

1902 1194 69 26 Lord
1995 1195 150 25 Melbourne
2166 1195 83 34 might
2270 1195 94 32 intend,
2389 1196 21 25 it
2432 1206 52 17 was

1901 1228 67 33 plain
1980 1228 54 25 that
2044 1228 42 25 the
2096 1228 115 26 Colonial
2219 1228 81 25 Office
2308 1229 51 25 bad
2369 1230 115 26 resolved

1901 1265 26 21 to
1940 1262 74 25 crush
2025 1262 42 25 the
2078 1262 179 34 undertaking.

1935 1295 32 24 In
1980 1295 73 25 order
2065 1298 26 22 to
2107 1295 113 26 discover
2237 1296 45 24 the
2293 1295 82 34 origin
2389 1296 31 25 of
2432 1296 52 25 this

1903 1328 96 34 change
2011 1328 30 25 of
2056 1328 92 34 feeling
2165 1329 27 24 in
2209 1329 42 25 the
2269 1333 174 29 government,
2463 1330 28 24 it,

1903 1361 84 25 would
2008 1362 31 24 be
2060 1370 132 25 necessary
2209 1366 27 21 to
2260 1371 33 25 go
2315 1362 66 25 back
2404 1366 26 22 to
2453 1371 32 16 an

1903 1395 87 25 earlier
2000 1394 96 33 period,
2110 1395 72 25 when
2194 1404 14 16 a
2216 1395 157 33 deputation,
2382 1396 111 25 consist-

1903 1428 44 34 ing
1954 1427 30 26 of
1991 1428 41 25 the
2044 1428 77 27 Hon;,
2129 1428 106 32 Captain
2244 1428 145 34 Wellesley,
2399 1429 72 26 R.N.
2475 1447 13 13 y
2489 1451 3 3 .

1904 1460 105 35 Captain
2028 1462 99 24 Arthur
2148 1462 153 30 Wakefield,
2331 1462 80 31 R.N.,
2435 1463 51 25 and

1905 1494 41 25 Dr
1962 1494 98 30 (Evans,
2079 1495 94 24 waited
2190 1503 66 25 upon
2281 1495 45 25 Mr
2345 1495 139 26 Dandeson

1905 1526 99 31 Coates,
2025 1528 41 24 the
2077 1532 126 29 secretary
2215 1528 29 25 of
2251 1528 43 26 the
2305 1529 106 25 Church
2420 1529 71 26 Mis-

1905 1561 101 33 sionary
2151 1562 28 24 in
2201 1562 47 25 the.
2259 1562 89 25 month
2362 1562 30 25 of
2406 1562 86 31 June,..

1907 1595 8 22 1
1922 1595 56 30 837,
1997 1598 27 20 to
2039 1598 101 30 present
2156 1599 27 21 to
2200 1595 56 25 that
2267 1596 99 32 society,
2373 1595 44 26 the
2429 1596 57 25 first

1904 1627 129 33 pamphlet
2044 1627 29 25 of
2078 1628 44 25 the
2129 1628 159 30 association,
2298 1629 51 25 and
2355 1632 25 22 to
2389 1632 98 30 request

1905 1660 64 25 their
1986 1660 86 26 advice
2091 1661 51 25 and
2157 1662 179 33 co-operation.
2371 1662 54 25 The
2442 1671 43 16 an-

1905 1702 62 17 swer
1978 1694 76 34 given
2066 1695 34 31 by
2113 1694 44 25 Mr
2169 1694 91 26 Coates
2271 1699 25 20 to
2307 1696 71 25 those
2389 1695 95 34 gentle-

1905 1735 56 17 men
1979 1735 60 22 was,
2058 1728 55 24 that
2157 1728 32 24 he
2200 1728 53 24 had
2264 1736 32 16 no
2314 1729 80 25 doubt
2406 1728 29 26 of
2443 1729 44 25 the
2495 1750 3 7 ,

1905 1760 184 37 respectability
2101 1760 30 25 of
2138 1761 41 25 the
2190 1761 142 34 gentlemen
2338 1762 148 34 composing

1903 1792 42 26 the
1957 1794 92 24 associ.i
2063 1794 51 29 ion,
2128 1802 27 16 or
2164 1794 29 25 of
2200 1794 42 25 the
2249 1796 86 32 purity
2342 1795 29 25 of
2375 1795 66 25 their
2448 1796 44 24 in-

1904 1826 117 31 tentions,
2041 1827 45 24 but
2098 1827 54 25 that
2162 1827 32 25 he
2206 1836 52 17 was
2270 1829 111 33 opposed
2395 1832 28 22 to
2440 1829 44 25 the

1905 1860 164 25 colonization
2091 1860 30 25 of
2137 1861 62 25 New
2220 1861 111 25 Zealand
2347 1870 69 25 upon
2435 1870 51 26 any

1903 1892 68 33 plan,
1996 1893 51 25 and
2066 1894 81 24 mould
2160 1895 91 24 thmart
2271 1895 64 24 them
2350 1897 31 32 by
2399 1896 35 25 all
2448 1897 38 24 the

1903 1934 83 16 means
1996 1928 28 22 in
2034 1927 37 24 his
2227 1927 105 34 Shortly
2350 1929 65 24 after
2435 1929 49 25 this

1902 1959 127 25 interview
2048 1959 44 25 the
2110 1960 57 25 Rev
2183 1960 40 25 Dr
2242 1960 96 32 Hinds,
2363 1961 71 26 vicar
2459 1962 31 25 of

1903 1991 124 34 Yardley,
2045 2001 15 16 a
2072 1994 113 24 member
2201 1994 30 24 of
2239 1994 44 25 the
2299 1995 143 25 committee
2460 1996 30 26 of

1901 2025 42 25 the
1955 2025 157 32 association,
2125 2027 137 25 addressed
2270 2036 33 16 an
2312 2028 92 25 official
2412 2029 73 25 letter

1902 2061 25 22 to
1935 2058 43 25 the
1984 2059 144 25 committee
2136 2060 29 25 of
2168 2060 42 25 the
2217 2060 107 26 Church
2331 2061 155 34 Missionary

1903 2091 110 33 Society,
2032 2094 146 34 expressing
2194 2093 42 25 the
2255 2094 93 25 sincere
2364 2095 81 26 desire
2458 2096 31 25 of

1901 2124 43 26 the
1962 2126 150 25 association
2129 2130 26 21 to
2176 2126 84 33 adopt,
2269 2135 51 26 any
2340 2129 145 25 reasonable

1901 2159 157 33 suggestions
2069 2159 55 25 that
2133 2159 81 34 might
2224 2161 32 24 be
2267 2161 75 25 made
2348 2162 35 32 by
2392 2162 44 25 the
2445 2171 39 17 so-

1902 2192 66 32 ciety
1980 2192 26 25 in
2018 2192 115 31 London,
2152 2194 51 24 and
2213 2196 27 22 to
2252 2194 96 33 uphold
2364 2194 45 27 the
2423 2196 59 26 mis-

1900 2224 120 27 sionaries
2038 2226 26 24 in
2083 2226 44 25 the
2144 2226 100 34 colony.
2282 2227 40 25 Of
2331 2227 50 26 this
2399 2228 83 34 letter,

1900 2258 101 35 coming
2013 2259 120 33 officially
2143 2260 66 25 from
2220 2269 16 15 a
2246 2260 95 34 society
2352 2261 31 25 of
2396 2262 86 26 noble-

1900 2300 57 16 men
1965 2292 51 25 and
2025 2292 148 34 gentlemen,
2193 2293 51 25 and
2253 2294 100 25 written
2359 2295 35 33 by
2404 2304 16 17 a
2430 2296 51 26 dis-

1900 2324 142 35 tinguished
2053 2326 155 34 clergyman,
2225 2336 35 16 no
2274 2336 104 17 manner
2396 2328 31 26 of
2436 2338 45 17 no-

1900 2358 50 26 tice
1960 2367 51 17 was
2030 2359 84 25 taken.
2150 2360 47 25 We
2215 2359 66 27 have
2300 2370 87 17 reason
2400 2366 26 21 to
2438 2363 42 26 be-

1898 2391 63 26 lieve
1973 2392 54 25 that
2039 2392 45 25 Mr
2096 2392 91 26 Coates
2204 2394 47 24 did
2268 2398 44 21 not
2326 2403 63 17 even
2404 2396 75 26 think

1900 2424 31 26 fit
1945 2429 27 21 to
1993 2425 44 33 lay
2051 2425 20 25 it
2088 2425 84 26 before
2190 2426 40 25 his
2250 2436 57 16 own
2319 2429 139 33 employers
2469 2439 8 23 ;

1899 2458 51 25 and
1968 2459 55 24 that
2035 2458 42 26 the
2098 2464 71 29 great
2180 2460 64 25 bulk
2256 2460 30 25 of
2301 2461 43 25 the
2354 2463 125 25 members
2488 2476 11 14 -.

1898 2491 29 25 of
1941 2491 42 26 the
1998 2491 102 26 Church
2122 2492 156 34 Missionary
2290 2494 103 34 Society
2411 2496 64 26 have
2495 2511 4 10 >

1898 2525 61 25 been
1977 2526 61 32 kept
2055 2526 26 24 in
2100 2526 42 25 the
2163 2526 64 25 dark
2247 2527 63 25 with
2324 2533 98 29 respect
2432 2533 45 22 not

1898 2558 94 33 merely
2016 2563 26 20 to
2067 2559 45 25 the
2135 2564 128 21 overtures
2286 2560 31 25 of
2335 2561 41 26 the
2399 2563 80 25 Asso-

1900 2591 99 31 ciation,
2019 2592 44 25 but
2081 2596 26 21 to
2119 2592 41 25 the
2178 2593 161 34 proceedings
2351 2595 51 25 and
2420 2604 59 17 con-

1898 2624 78 26 dition
2000 2625 28 25 of
2048 2625 41 25 the
2107 2625 107 26 Mission
2232 2626 27 25 in
2277 2627 62 25 New
2357 2628 120 27 Zealand.

1897 2657 73 31 That,
1988 2658 126 31 however,
2132 2659 20 25 is
2165 2660 154 33 exclusively
2338 2662 66 24 their
2419 2671 57 17 own

1896 2690 80 26 affair.
2012 2692 53 24 The
2086 2692 86 34 public
2194 2702 41 16 are
2255 2693 59 33 only
2342 2695 135 26 interested
2493 2710 2 3 ■

1894 2723 27 25 in
1932 2724 121 35 knowing
2063 2725 56 25 that
2134 2734 76 25 every
2227 2727 108 32 possible
2355 2730 121 24 attention
2491 2743 5 15 .-

1894 2758 51 24 and
1956 2763 96 29 respect
2062 2767 53 16 was
2126 2759 59 33 paid
2197 2764 26 20 to
2234 2760 45 26 the
2289 2760 103 27 Church
2411 2762 65 26 Mis-

1894 2790 101 34 sionary
2009 2791 110 34 Society,
2137 2792 51 25 and
2199 2792 57 27 that
2267 2802 76 25 every
2361 2799 119 22 overture-

1894 2832 51 17 was
1956 2826 111 32 rejected
2077 2825 61 25 with
2156 2826 125 33 incivility
2298 2828 50 25 and
2364 2829 109 25 disdain.

1896 2856 48 27 We
1963 2866 47 17 can
2029 2862 65 22 state
2114 2867 67 25 upon
2203 2860 138 33 authority,
2359 2861 56 26 that
2432 2862 42 26 the

1894 2891 150 25 association
2062 2900 65 17 were
2141 2893 105 25 anxious
2263 2897 25 21 to
2301 2894 70 33 place
2382 2904 92 26 among

1893 2923 43 26 the
1945 2925 199 25 commissioners
2151 2926 39 25 for
2195 2926 126 35 founding
2329 2927 42 26 the
2380 2929 92 34 colony

1893 2965 68 17 some
1971 2958 103 33 leading
2084 2959 122 25 members
2218 2959 31 25 of
2256 2959 43 26 the
2319 2960 154 36 Missionary

1894 2989 108 35 Society,
2023 2993 51 24 and
2084 2996 27 21 to
2122 2992 80 26 revise
2213 2992 44 26 the
2267 2993 46 26 bill
2324 2994 59 25 with
2394 2996 76 31 them,

1892 3023 83 26 clause
1994 3025 34 32 by
2048 3024 92 33 clause,
2159 3026 122 34 adopting
2300 3035 50 24 any
2368 3036 102 26 sugges-

1891 3057 65 25 tions
1978 3057 57 25 that
2056 3059 82 33 might
2159 3059 35 24 be,
2212 3061 148 32 reasonably
2387 3062 82 30 made,
2479 3076 10 6 -

1890 3090 62 25 with
1959 3099 15 16 a
1981 3091 63 25 view
2051 3095 28 21 to
2086 3096 95 29 protect
2192 3092 43 26 the
2242 3093 174 27 missionaries'
2420 3096 49 25 and

1890 3126 26 21 to
1927 3124 94 25 benefit
2032 3125 43 24 the
2086 3126 148 33 aborigines.
2272 3126 102 27 Instead
2382 3128 31 25 of
2425 3128 43 26 the

1890 3158 133 24 courtesies
2034 3158 85 25 which
2130 3159 42 25 the
2183 3160 151 25 demeanour
2345 3160 77 26 of-the
2430 3170 38 17 as-

1889 3190 122 25 sociation
2035 3192 99 25 seemed
2162 3196 25 21 to
2211 3193 86 29 invite,
2316 3193 43 25 Mr
2376 3193 94 27 Coates

1889 3223 94 34 replied
1990 3225 35 32 by
2035 3225 150 34 pamphlets,
2204 3226 26 24 in
2242 3226 90 25 which'
2336 3227 41 25 the
2389 3236 78 18 mem-

1887 3256 56 25 bers
1954 3257 30 24 of
1990 3257 42 26 the
2044 3258 148 25 association
2205 3267 65 17 were
2281 3259 111 35 charged
2402 3261 65 26 with

1886 3288 57 27 love
1954 3290 30 25 of
1990 3290 70 26 lucre
2069 3292 51 24 and
2124 3292 79 25 wilful
2209 3292 130 33 deception
2344 3311 6 6 .
2387 3293 80 27 These

1886 3331 64 17 were
1962 3325 126 24 answered
2098 3325 35 32 by
2145 3325 45 24 Mr
2199 3325 144 25 Wakefield
2361 3328 51 25 and
2424 3328 41 25 Dr

1887 3355 94 27 Hinds.
2017 3357 36 25 To
2063 3359 102 32 analyse
2173 3358 42 25 the
2220 3357 81 26 whole
2312 3358 30 24 of
2349 3359 43 25 the
2405 3370 58 16 con-

1886 3392 115 32 troversy
2011 3391 85 26 would
2107 3392 29 24 be
2148 3390 143 34 impossible
2306 3400 32 17 on
2355 3393 49 26 this
2420 3403 42 16 oc-

1886 3423 92 26 casion.

1919 3456 52 25 The
1987 3457 94 25 altered
2098 3461 58 21 tone
2172 3456 30 25 of
2217 3455 71 27 Lord
2311 3457 149 29 Melbourne

1884 3497 59 23 was,
1961 3490 125 30 however,
2105 3494 118 28 apparent
2235 3495 25 21 at
2272 3490 43 26 the
2331 3492 129 26 interview

1880 3522 53 33 just
1943 3523 151 30 mentioned,
2112 3522 72 26 when
2196 3523 32 25 he
2240 3524 51 25 and
2308 3524 82 25 Lord-
2399 3525 60 26 Gle-

1881 3556 65 34 nelg,
1966 3556 44 25 but
2025 3554 134 34 especially
2175 3556 43 26 the
2239 3557 82 31 latter,
2345 3558 120 34 objected,

1881 3594 45 20 not
1941 3588 93 32 merely
2046 3593 25 19 lo
2082 3588 42 25 the
2135 3589 100 26 details,
2237 3590 30 25 of
2281 3590 42 25 the
2336 3591 59 33 plan
2411 3593 45 25 but
2473 3607 5 2 -

1880 3626 25 21 to
1924 3630 74 24 every
2016 3621 119 34 principle
2154 3622 36 26 of,
2196 3622 41 25 the
2260 3623 53 31 bill,
2332 3625 50 24 and
2394 3633 61 17 even

1880 3659 23 20 to
1924 3654 34 25 all
1979 3654 95 26 further
2090 3655 161 26 colonization
2275 3656 34 33 by

1969 3692 107 29 country
2088 3688 50 27 had
2147 3688 108 27 colonies
2264 3691 114 32 enough,-
2384 3700 69 17 more

1285 132 56 27 that
1360 134 62 25 both
1440 143 71 17 races
1532 143 42 17 are
1595 139 26 21 to
1640 136 32 24 be
1689 143 32 16 on
1741 143 15 16 a
1775 135 95 34 perfect

1285 167 119 32 equality.
1441 167 44 25 He
1501 167 23 25 is
1543 168 128 25 confident
1681 168 55 25 that
1752 167 42 26 the
1813 176 57 24 pro-

1285 199 72 33 posal
1370 200 53 27 wjll
1432 201 32 24 be
1475 201 136 25 embraced
1621 201 61 25 with
1694 209 130 30 eagerness
1835 202 35 31 by

1285 231 39 25 his
1340 236 173 30 countrymen,
1526 234 51 25 and
1589 234 39 25 his
1646 233 120 26 ambition
1781 235 22 24 is
1816 237 9 12 l
1828 237 7 12 i
1842 238 28 21 to

1285 272 41 17 see
1336 273 16 17 a
1362 270 68 21 town
1441 266 27 25 in
1479 266 40 25 his
1538 271 116 29 country,
1675 267 81 25 where
1773 266 33 25 he
1823 275 47 17 can

1284 297 52 26 live
1357 298 52 26 like
1431 308 33 16 an
1715 299 35 26 So
1766 299 71 34 large
1855 308 15 16 a

1286 331 74 25 circle
1380 332 27 24 in
1427 332 43 25 the
1481 332 147 34 metropolis
1640 333 114 26 received
1772 332 55 25 him
1838 342 32 16 on

1286 367 76 22 terms
1383 364 30 26 of
1430 365 123 33 equality,
1578 366 50 25 and
1649 366 74 26 knew
1740 366 54 25 him
1812 366 59 25 inti-

1285 397 102 34 mately,
1395 397 56 26 that
1457 407 37 16 we
1500 398 65 25 have
1576 402 45 21 not
1630 399 122 25 hesitated
1760 402 25 21 to
1792 400 78 32 speak

1286 430 34 25 in*
1326 430 40 26 the
1378 435 127 30 strongest
1516 435 78 21 terms
1607 432 29 24 of
1642 432 44 25 the
1697 432 139 33 gentleness
1846 432 29 25 of

1286 463 39 25 his
1334 464 155 34 disposition,
1500 465 52 24 and
1559 465 43 24 the
1608 465 127 33 urbanity,
1743 473 38 16 we
1787 465 85 34 might

1286 505 45 24 say
1341 497 125 39 elegance,
1476 497 30 25 of
1513 497 39 25 his
1562 506 124 17 manners.
1715 497 43 26 On
1769 502 103 30 parting

1286 530 62 25 with
1367 531 40 24 his
1426 531 108 34 English
1553 530 96 26 friends
1667 535 26 20 at
1713 530 157 31 Gravesend,

1286 562 32 26 he
1340 564 77 24 could
1437 569 46 21 not
1506 564 100 26 control
1625 564 39 24 his
1684 564 117 32 emotion,
1827 565 45 24 but

1285 596 71 25 burst
1367 597 54 25 into
1432 601 73 26 tears,
1526 597 51 25 and
1588 601 66 21 went
1672 597 106 33 sobbing
1789 602 27 21 to
1829 598 43 25 the

1286 629 65 33 ship,
1360 630 83 26 where
1451 630 31 25 he
1494 630 129 25 remained
1631 630 71 25 alone
1713 630 28 25 in
1749 630 39 26 his
1799 631 74 25 cabin

1285 662 40 25 for
1336 663 43 25 the
1390 667 51 22 rest
1452 663 29 25 of
1488 663 44 26 the
1544 664 61 32 day.

1320 707 37 24 To
1369 711 85 22 return
1465 708 68 25 from
1545 707 50 26 this
1609 708 110 34 episode,
1738 709 75 25 about
1830 709 43 25 the

1286 747 68 18 same
1376 741 90 33 period
1493 741 30 25 of
1546 741 85 25 which
1658 750 38 17 we
1721 741 64 26 have
1811 742 62 25 been

1286 773 123 34 speaking
1420 774 53 33 (the
1485 783 112 16 summer
1609 775 30 24 of
1649 774 85 33 1837),
1745 784 15 16 a
1767 776 107 33 pamph-

1286 805 35 26 let
1344 815 51 17 was
1420 807 88 25 drawn
1529 816 35 24 up
1589 809 50 24 and
1664 800 142 42 published,
1831 818 43 16 ex-

1285 839 114 35 plaining
1421 840 45 25 the
1490 840 135 34 principles
1654 842 51 25 and
1731 842 95 32 objects
1849 842 30 25 of

1284 872 43 26 the
1360 874 150 25 association
1522 884 8 21 ;
1568 875 51 24 and
1646 875 152 33 application
1823 884 52 16 was

1285 906 84 25 made,
1388 910 28 22 to
1444 907 42 26 the
1519 907 81 33 prime
1628 908 113 25 minister
1774 908 40 25 for
1842 917 32 16 an

1285 938 136 28 interview.
1459 941 71 25 Lord
1553 940 152 26 Melbourne
1727 943 148 32 apparently

1286 971 110 27 inclined
1411 978 27 21 to
1454 974 91 25 favour
1562 974 45 25 the
1624 975 180 34 undertaking,
1824 976 50 25 and

1286 1005 170 35 immediately
1474 1008 109 33 granted
1601 1016 31 16 an
1653 1008 118 25 audience
1787 1013 26 20 to
1831 1009 43 25 the

1286 1040 151 25 committee.
1463 1041 37 25 At
1507 1041 52 25 this
1566 1041 111 34 meeting
1685 1041 69 28 Lord
1761 1041 113 26 Howick

1286 1081 51 16 was
1355 1074 42 24 the
1414 1074 61 32 only
1486 1074 117 25 minister
1613 1080 99 27 present
1723 1075 96 25 besides
1832 1075 42 26 the

1286 1107 117 31 premier,
1416 1107 150 33 apparently
1585 1115 26 17 as
1629 1108 43 24 the
1689 1116 79 26 organ
1786 1108 30 25 of
1829 1109 44 25 the

1287 1138 116 26 Colonial
1411 1140 89 26 Office.
1522 1140 68 25 That
1597 1141 73 25 noble
1678 1141 65 31 lord,
1754 1144 26 22 to
1788 1141 86 27 whom
1879 1146 2 4 '

1287 1172 44 25 the
1342 1173 57 33 plan
1409 1182 52 16 was
1472 1173 113 26 referred
1593 1174 35 32 by
1635 1174 68 25 Lord
1713 1174 159 34 Melbourne,

1287 1206 51 24 and
1349 1206 57 25 who
1420 1207 46 25 has
1477 1207 76 25 taken
1573 1208 107 32 especial
1691 1208 70 33 pains
1773 1212 26 21 to
1812 1216 60 18 con-

1286 1243 58 21 nect
1362 1240 38 25 his
1422 1248 75 17 name
1513 1240 63 25 with
1595 1241 44 24 the
1659 1241 166 26 colonization
1848 1242 30 25 of

1288 1272 66 25 New
1372 1273 119 32 Zealand,
1510 1274 135 25 examined
1662 1274 41 24 the
1721 1274 110 35 draught
1849 1275 30 25 of

1287 1305 43 26 the
1336 1306 45 25 bill
1388 1306 134 33 minutely,
1531 1307 129 33 professed
1666 1316 15 16 a
1687 1315 78 17 warm
1772 1308 102 26 interest

1287 1339 27 24 in
1332 1339 43 25 the
1395 1340 105 33 project,
1522 1341 51 24 and
1591 1341 117 25 returned
1726 1341 41 25 the
1784 1350 90 25 papers

1287 1373 64 24 with
1365 1382 14 15 a
1390 1382 61 24 very
1466 1373 48 25 full
1526 1378 182 29 commentary,
1727 1376 148 33 suggesting

1287 1406 101 25 various
1399 1406 154 26 alterations.
1584 1407 30 24 In
1625 1408 174 24 conversation
1813 1409 61 25 with

1288 1439 102 26 various
1409 1441 124 24 members
1552 1440 31 25 of
1602 1440 42 25 the
1664 1441 157 32 association,
1843 1442 32 25 he

1289 1480 64 25 gave
1374 1472 96 26 further
1492 1482 89 16 reason
1602 1477 25 21 to
1648 1477 88 30 expect
1755 1474 57 25 that
1834 1475 42 25 the

1289 1514 113 17 measure
1412 1507 86 24 would
1506 1507 65 25 have
1582 1506 43 25 the
1635 1507 55 24 best
1701 1508 136 25 assistance
1849 1509 30 24 of

1289 1538 43 25 the
1348 1543 174 30 government.
1559 1540 102 26 Several
1673 1540 29 24 of
1709 1541 78 32 them,
1795 1542 82 24 there-

1289 1571 63 32 fore,
1360 1573 148 25 abandoned
1517 1573 163 33 professional
1687 1579 188 29 engagements,

1290 1604 55 26 sold
1355 1610 120 30 property
1488 1615 32 16 on
1533 1607 42 25 the
1592 1606 65 25 faith
1668 1606 30 25 of
1705 1607 42 25 the
1759 1612 117 29 expecta-

1290 1639 54 24 tion
1356 1639 121 33 virtually
1489 1639 60 26 held
1560 1644 44 21 oat
1614 1644 27 20 to
1651 1639 78 33 them,
1741 1642 51 24 and
1803 1642 75 25 made

1290 1673 170 32 preparations
1477 1674 40 24 for
1534 1673 157 34 emigrating.
1727 1674 27 24 A
1765 1683 56 16 new
1833 1674 45 25 bill

1291 1714 50 16 was
1353 1706 94 30 drawn,
1461 1707 156 33 embodying
1627 1715 75 24 every
1712 1715 47 16 one
1769 1707 30 25 of
1807 1707 70 26 Lord

1292 1738 133 26 Howick's
1443 1740 168 33 suggestions,
1632 1744 26 20 to
1670 1748 68 17 some
1750 1740 29 25 of
1791 1741 87 25 which

1292 1772 42 25 the
1346 1773 149 24 association
1506 1773 54 24 had
1576 1772 145 34 objections,
1733 1774 47 25 but
1791 1774 86 25 which

1290 1805 61 32 they
1363 1806 97 24 waived
1475 1806 26 24 in
1513 1805 185 26 consideration
1710 1806 29 24 of
1746 1808 129 33 receiving

1289 1837 40 25 his
1337 1837 135 35 lordship's
1483 1839 125 33 powerful
1618 1838 125 27 influence
1755 1840 52 25 and
1818 1849 59 25 sup-

1289 1874 64 29 port.

1323 1910 53 25 The
1387 1910 76 26 death
1474 1910 30 25 of
1517 1911 40 24 his
1576 1911 118 34 Majesty,
1708 1912 113 25 William
1834 1912 43 26 the

1289 1942 106 31 Fourth,
1404 1948 26 21 at
1437 1943 50 26 this
1489 1944 130 33 juncture,
1630 1946 104 32 stopped
1740 1945 34 25 all
1780 1945 97 26 further

1289 1977 170 34 proceedings.
1497 1977 157 26 Parliament
1668 1987 52 16 was
1739 1979 134 30 dissolved,

1288 2010 50 24 and
1348 2010 42 25 the
1402 2010 155 30 committee,
1571 2011 63 25 with
1651 2011 71 25 Lord
1740 2010 135 27 Howick's

1287 2043 99 26 written
1398 2044 216 25 communication
1620 2045 85 25 before
1713 2044 79 32 them,
1804 2053 70 17 came

1287 2079 26 22 to
1325 2076 42 26 the
1379 2076 132 34 following
1522 2077 136 26 resolution
1667 2088 6 16 :
1675 2091 35 6 —

1321 2130 128 26 Resolved
1449 2145 34 5 —
1513 2131 67 25 That
1597 2131 50 25 this
1665 2131 146 26 committee
1832 2140 42 17 are

1287 2163 113 26 satisfied
1411 2164 62 25 with
1484 2163 44 26 the
1546 2173 116 26 progress
1682 2165 57 25 that
1753 2165 46 25 has
1810 2165 64 25 been

1286 2197 74 25 made
1371 2197 27 25 in
1408 2197 165 35 negociating
1583 2197 39 26 for
1628 2199 44 25 the
1679 2203 105 21 consent
1792 2198 31 25 of
1829 2199 45 25 her

1287 2229 130 35 Majesty's
1429 2234 166 31 government
1605 2231 39 26 for
1651 2232 42 25 the
1699 2231 175 26 introduction

1287 2264 30 24 of
1324 2272 16 16 a
1350 2264 46 24 bill
1405 2264 41 25 for
1458 2264 90 34 giving
1560 2264 74 26 effect
1647 2269 26 21 to
1692 2265 41 25 the
1749 2265 79 25 views
1846 2265 29 25 of

1286 2297 41 24 the
1339 2297 150 26 association
1501 2307 8 21 ;
1531 2298 51 25 and
1603 2298 57 25 that
1680 2298 61 33 they
1758 2298 53 25 will
1828 2307 44 17 use

1286 2330 64 25 their
1371 2331 55 25 best
1449 2331 155 25 endeavours
1626 2335 26 21 to
1670 2340 105 25 procure
1787 2340 31 16 an
1820 2339 3 6 1
1831 2336 41 22 act

1286 2363 38 25 for
1336 2364 54 25 that
1398 2373 107 25 purpose
1517 2364 93 35 during
1621 2365 44 25 the
1676 2369 58 21 next
1741 2365 94 26 session
1847 2365 30 25 of

1285 2396 157 34 parliament.
1494 2398 67 25 That
1590 2398 19 25 it
1637 2398 20 25 is
1685 2398 135 34 expedient
1845 2403 26 21 to

1286 2431 144 34 strengthen
1440 2431 42 25 the
1494 2431 150 26 association
1661 2432 35 32 by
1707 2432 89 33 laying
1809 2432 63 25 their

1285 2464 75 25 views
1372 2464 84 26 before
1472 2465 44 25 the
1536 2465 95 33 public,
1653 2465 50 25 and
1724 2465 98 34 adding
1843 2470 28 21 to

1285 2497 64 25 their

1319 2544 77 25 From
1407 2544 51 26 this
1470 2545 89 33 period
1569 2552 27 18 to
1616 2545 43 25 the
1674 2545 153 34 assembling
1845 2545 31 25 of

1284 2578 43 25 the
1337 2587 56 16 new
1413 2578 159 34 parliament,
1594 2579 93 25 several
1705 2579 123 25 members
1845 2579 30 25 of

1284 2611 41 25 the
1348 2612 149 24 association
1520 2620 77 16 never
1621 2612 99 25 relaxed
1748 2612 28 24 in
1804 2612 66 25 their

1284 2645 148 24 attendance
1444 2653 28 17 or
1491 2645 67 25 their
1575 2645 110 30 labours,
1703 2645 38 25 for
1757 2653 16 16 a
1790 2646 80 33 single

1284 2678 59 32 day.
1379 2678 171 25 Information
1565 2678 107 34 relating
1688 2682 28 21 to
1728 2678 66 25 New
1806 2678 62 26 Zea-

1284 2710 59 25 land
1355 2719 49 17 was
1417 2711 122 26 collected
1557 2712 65 24 from
1640 2712 33 25 all
1684 2715 122 29 quarters.
1842 2712 26 25 A

1284 2744 99 25 volume
1395 2753 52 16 was
1458 2744 128 34 compiled
1598 2746 51 24 and
1660 2744 142 35 published,
1816 2746 52 24 and

1283 2781 44 29 put
1348 2778 54 25 into
1425 2777 148 26 circulation
1596 2778 27 25 in
1646 2779 34 24 all
1699 2782 67 29 parts
1783 2778 29 24 of
1825 2778 42 25 tKe

1282 2810 131 35 kingdom.
1449 2811 45 25 Mr
1513 2812 121 24 Burford-
1647 2820 49 16 was
1711 2811 110 25 induced
1837 2815 27 21 to

1282 2845 71 31 paint
1364 2853 15 16 a
1381 2855 2 4 1
1390 2853 137 25 panorama
1538 2845 30 24 of
1581 2845 42 25 the
1642 2845 58 32 Bay
1712 2844 29 25 of
1754 2844 111 31 Islands,

1280 2876 66 26 from
1355 2878 126 34 drawings
1487 2878 124 33 procured
1618 2878 35 32 by
1666 2878 41 24 the
1715 2878 151 25 association

1280 2909 65 26 from
1364 2911 45 24 Mr
1423 2911 135 34 Augustus
1576 2911 85 29 Earle,
1682 2911 183 33 draughtsman

1280 2946 25 22 to
1317 2944 45 25 her
1384 2944 136 34 Majesty's
1543 2944 57 33 ship
1623 2944 102 33 Beagle,
1750 2944 50 24 and
1822 2944 46 25 the'

1279 2977 88 25 author
1390 2977 31 25 of
1438 2986 31 17 an
1489 2977 148 34 interesting
1653 2977 71 24 work
1747 2985 33 16 on
1799 2977 65 26 New

1280 3010 120 26 Zealand.
1436 3012 27 24 A
1474 3011 76 25 series
1562 3010 30 26 of
1604 3010 169 34 lithographic
1783 3011 81 32 prints

1278 3042 66 26 from
1367 3044 126 34 drawings
1515 3045 36 32 by
1566 3044 44 25 the
1630 3052 67 17 same
1714 3043 82 32 artist,
1814 3045 51 24 and

1278 3078 123 24 executed
1412 3078 27 24 in
1450 3086 15 16 a
1481 3077 121 25 beautiful
1620 3076 74 33 style,
1710 3085 50 17 was
1778 3077 85 34 begun

1279 3114 26 21 at
1315 3110 43 25 the
1369 3111 113 25 instance
1493 3111 52 24 and
1561 3110 81 25 under
1653 3110 42 25 the
1707 3109 113 34 auspices
1837 3111 30 25 of

1278 3143 41 25 the
1339 3145 157 25 association.
1533 3144 111 25 Articles
1667 3143 125 34 appeared
1809 3143 52 26 also

1277 3176 26 25 in
1317 3180 7 12 '
1334 3177 180 26 Blackwood's
1527 3177 153 34 Magazine/
1693 3177 50 24 and
1754 3175 27 26 in
1791 3177 71 25 other

1277 3210 173 32 publications,
1463 3210 92 35 highly
1560 3209 147 26 favourable
1717 3213 26 21 to
1749 3209 44 25 the
1803 3219 58 24 pro-

1272 3244 63 32 ject.
1371 3244 27 25 A
1419 3244 70 34 large
1512 3243 128 26 accession
1662 3251 51 16 was
1735 3242 77 25 made
1834 3247 26 21 to

1277 3276 43 26 the
1338 3278 151 33 emigrating
1512 3277 124 25 members
1651 3276 28 25 of
1691 3276 43 24 the
1752 3276 106 33 society,

1277 3310 50 25 and
1339 3319 14 16 a
1360 3311 120 33 junction
1491 3310 108 25 effected
1608 3309 63 26 with
1684 3309 41 25 the
1734 3309 126 26 members

1275 3342 31 25 of
1312 3342 43 26 the
1367 3343 44 26 old
1423 3352 125 25 company
1560 3343 31 25 of
1605 3344 70 29 1825,
1677 3356 35 5 —
1713 3351 14 16 a
1738 3346 66 21 most
1816 3351 42 26 op-

1274 3381 106 26 portune
1392 3381 80 27 event,
1492 3377 52 25 and
1561 3376 83 33 owing
1661 3375 106 33 entirely
1776 3379 27 21 to
1814 3376 44 26 the

1275 3410 67 32 good
1353 3410 85 26 offices
1448 3410 31 25 of
1493 3410 71 24 Lord
1587 3408 126 30 Durham,
1736 3408 59 25 who
1813 3409 45 26 has

1273 3451 76 17 never
1371 3443 149 25 abandoned
1541 3443 43 24 the
1611 3441 83 34 public
1716 3441 84 34 object
1827 3444 32 24 of

1274 3476 142 35 colonizing
1423 3476 17 26 '
1440 3476 53 26 New
1508 3476 120 29 Zealand,
1647 3474 99 40 though
1762 3475 32 26 he
1811 3476 45 25 has

1273 3517 56 18 ever
1350 3509 61 25 been
1434 3509 79 33 ready
1534 3513 27 21 to
1583 3508 85 33 forego
1696 3508 38 25 his
1757 3509 99 33 private

1272 3542 104 25 interest
1386 3542 27 25 in
1421 3542 44 26 the
1473 3542 82 30 work,
1565 3541 39 26 for
1611 3541 43 25 the
1663 3541 59 26 sake
1731 3541 31 25 of
1770 3551 84 24 agree-
1861 3551 2 5 •

1272 3579 69 21 ment
1352 3575 27 25 in
1396 3575 44 26 the
1459 3575 100 35 pursuit
1580 3574 29 25 of
1622 3582 15 17 a
1654 3579 70 29 great
1740 3576 115 25 national

1272 3609 92 33 object.

1304 3654 52 26 The
1370 3655 131 33 following
1519 3655 143 25 committee
1684 3663 50 17 was
1758 3656 94 33 agreed

1268 3697 66 26 upon
1345 3688 61 27 after
1417 3688 43 26 the
1471 3688 79 25 union
1563 3688 30 25 of
1599 3688 42 25 the
1653 3688 126 27 societies':
1781 3703 36 6 —

911 65 95 31 THE
1035 65 113 32 NEW
1178 65 214 34 ZEALAND
1421 69 230 31 GAZETTE.

2477 103 2 2 5
