2540 3799
901 46 91 30 THE
1021 45 112 31 NEW
1162 43 215 32 ZEALAND
1407 42 229 32 GAZETTE.

673 114 40 25 the
724 113 92 34 degree
834 112 27 24 in
877 111 83 25 which
972 119 13 16 a
993 110 110 26 demand
1113 118 52 17 was
1181 110 75 24 made

673 155 68 26 upon
759 146 43 24 the
820 145 90 24 labour
920 143 96 26 market
1017 158 33 4 —
1050 143 57 25 that
1124 143 99 38 modey
1228 151 28 16 or

673 181 42 24 the
731 179 77 25 mode
829 176 86 26 which
933 177 21 25 is
973 176 39 26 the
1028 180 102 21 nearest
1146 181 32 20 to'
1194 176 28 30 it,
1235 176 21 24 is

675 212 91 33 selling
776 211 43 25 the
830 209 62 26 land
900 209 50 26 and
961 209 120 34 devoting
1093 209 36 26 its'
1136 210 122 33 proceeds

677 245 25 25 in
720 245 44 24 the
781 252 105 16 manner
903 243 109 33 pursued
1034 243 34 32 by
1090 242 81 26 South
1192 243 66 24 Aus-

675 277 75 26 tralia
755 277 52 24 and
814 276 42 25 the
863 285 54 16 new
929 276 90 32 colony
1028 276 30 25 of
1067 276 62 25 New
1137 275 121 26 Zealand.

1891 111 70 22 twenty
1970 106 84 20 isolated
2064 109 66 23 points
2140 105 19 20 in
2172 104 33 20 the
2213 109 39 16 two
2261 104 82 21 islands..
2371 106 39 19 Let
2419 107 53 21 them

1891 134 44 20 look
1951 137 20 16 to
1986 132 69 21 Swan.
2063 131 72 24 River,,
2150 131 56 20 and..
2206 132 42 20 the.
2256 137 86 21 expense
2343 144 27 5 —
2371 132 10 20 I
2398 132 76 22 believe

1891 160 68 26 nearly
1975 158 117 24 30,000/.—
2094 158 65 20 which
2177 158 42 19 that
2238 158 115 20 settlement
2366 159 23 20 of
2405 159 67 21 fifteen

1893 187 89 20 hundred
1990 191 85 22 persons
2084 184 72 20 entails
2171 191 53 20 upon
2242 185 34 19 the
2291 188 84 23 country
2382 193 8 17 ;
2403 189 20 17 to
2440 187 34 20 the

1893 214 85 20 chances
1987 213 23 20 of
2021 210 105 23 collisions
2135 210 46 21 with
2197 210 34 21 the
2245 210 84 25 natives,
2342 212 66 20 which
2419 214 55 20 weak

1895 240 35 19 and
1948 238 117 21 ill-ordered
2074 237 144 23 .communities
2232 237 48 27 only
2290 243 56 15 serve
2360 243 20 15 to
2396 237 61 22 invite
2465 249 7 15 ;

1895 269 18 16 to
1922 266 34 20 the
1966 266 96 26 irregular
2070 265 98 27 purchase
2177 264 39 20 and
2224 263 88 27 disposal
2321 265 23 19 of
2352 264 58 21 lands
2418 273 6 17 ;
2434 268 42 19 and

1895 296 19 16 to
1923 293 34 20 the
1973 292 101 21 thousand
2084 292 50 19 evils
2148 294 123 24 consequent
2286 297 62 20 upon,
2354 292 50 19 their
2411 292 65 21 disse-

1895 318 102 20 mination.
2027 320 21 19 It
2056 325 47 20 may
2113 319 24 19 be
2146 317 91 27 objected
2251 322 20 15 to
2280 323 32 18 us,
2326 318 44 20 that
2378 318 33 20 the
2420 325 59 16 same

1896 345 115 20 difficulties
2020 346 40 19 will
2071 345 68 20 attend
2149 351 37 13 our
2194 348 53 17 entei
2251 344 58 27 prise;
2321 344 40 21 and
2368 345 44 20 that
2418 347 60 20 small

1896 372 138 20 communities
2048 372 66 19 would
2126 371 68 28 spring
2206 377 28 19 up
2246 370 63 21 which
2324 378 31 13 we
2363 372 62 20 could
2441 377 38 17 not

1896 398 84 20 control.
2013 399 44 20 Our
2073 405 76 13 answer
2164 397 18 20 is
2197 398 80 25 simple.
2316 398 54 20 Such
2389 405 90 15 commu-

1897 424 60 21 nities
1966 425 68 20 would
2043 428 35 17 not
2088 426 24 19 be
2126 424 129 21 established.
2285 423 26 21 In
2328 424 32 21 the
2374 424 105 23 formation

1898 452 21 19 of
1930 458 12 13 a
1950 456 56 22 great
2015 452 106 26 European
2130 449 83 29 society,'
2226 457 29 14 we
2265 450 73 21 should
2349 452 50 19 have
2407 452 29 21 all
2446 453 35 20 the

1898 478 121 26 advantages
2030 478 22 19 of
2065 478 47 26 high
2123 484 71 21 wages,
2209 477 113 27 increasing
2331 478 58 20 value
2402 478 23 21 of
2435 486 51 20 pro-

1898 508 65 23 perty,
1973 504 46 23 and,
2029 504 63 20 above
2101 505 34 24 all,
2149 505 111 27 protection
2270 508 19 16 to
2295 504 57 21 those
2360 505 45 20 who
2410 505 72 27 joined

1898 532 22 19 it.
1944 531 116 20 Commerce
2069 532 67 19 would
2145 536 66 15 centre
2218 536 22 15 at
2250 531 33 22 the
2293 531 58 27 point
2357 532 67 20 where
2432 540 49 21 sup-

1900 558 34 27 ply
1943 557 40 20 and
1996 557 140 27 consumption
2151 564 33 14 are
2198 561 54 17 most
2266 557 76 21 certain
2351 566 5 18 ;
2371 559 40 19 and
2427 560 56 21 there

1900 584 66 20 would
1976 584 23 20 be
2009 590 27 14 no
2051 583 129 21 inducement
2196 588 20 16 to
2231 591 40 20 any
2281 591 38 14 one
2331 588 21 17 to
2368 585 66 27 resign
2449 586 34 21 the

1899 610 74 21 certain
1981 611 122 26 advantages
2113 610 22 20 of
2147 617 10 13 a
2166 610 91 21 civilized
2271 611 40 20 and
2324 612 91 27 growing
2429 619 54 14 com-

1902 637 81 26 munity,
1999 642 21 15 to
2030 638 46 19 seek
2090 643 12 13 a
2115 637 109 26 dangerous
2240 639 40 19 and
2295 639 113 26 precarious
2417 638 67 22 liveli-

1900 664 52 20 hood
1961 663 64 21 where
2038 664 55 20 there
2101 663 60 21 could
2172 664 25 20 be
2207 670 25 15 no
2250 665 85 27 security
2347 666 21 20 of
2379 665 106 29 obtaining

1900 691 34 20 the
1943 694 124 17 commonest
2077 689 118 21 necessaries
2204 691 22 19 of
2238 690 40 21 life.
2307 692 40 23 Sir,
2361 692 10 20 I
2382 693 72 27 appeal
2464 697 20 16 to

1900 718 33 19 the
1954 718 61 19 house
2030 717 80 26 against
2126 717 32 19 the
2175 717 89 20 decision
2284 718 23 19 of
2323 718 34 21 her
2377 719 108 28 Majesty's

1900 743 107 24 ministers,
2017 743 49 20 with
2081 750 12 13 a
2102 743 38 21 full
2152 743 51 27 hope
2212 744 44 20 that
2267 750 29 14 we
2305 744 53 21 shall
2368 749 36 16 not
2413 747 71 27 appeal

1899 771 21 20 in
1933 771 45 19 vain
1991 771 22 19 in
2030 770 69 20 favour
2110 771 21 19 of
2144 776 13 13 a
2171 770 78 27 project
2258 771 79 26 fraught
2347 772 47 19 with
2408 774 76 19 advan-

1900 802 56 22 tages
1972 802 22 14 so
2011 797 109 27 important
2130 796 40 20 and
2179 803 22 13 so
2217 797 75 20 certain
2300 802 21 15 to
2331 798 33 21 the
2376 799 75 27 empire
2465 804 21 17 at

1935 894 61 24 The
2008 894 195 24 Preliminary
2222 892 179 26 Expedition,
2402 908 31 4 —
2435 896 53 24 The

1912 922 77 36 Tory,
2007 935 15 15 a
2032 927 47 23 fine
2091 926 52 31 ship
2154 926 30 24 of
2189 927 51 23 400
2248 931 60 24 tons,
2326 927 42 24 left
2375 928 42 23 the
2425 929 63 25 river

1903 960 65 31 early
1989 960 26 23 in
2036 958 66 32 May,
2120 958 46 24 and
2182 958 82 33 finally
2276 959 74 24 sailed
2359 960 64 24 from
2430 961 60 33 Ply-

1903 992 84 24 mouth
2004 1000 32 16 on
2051 991 42 24 the
2112 991 64 28 12th,
2201 991 57 25 with
2281 991 52 25 Col.
2350 992 139 31 Wakefield,

1905 1024 112 33 principal
2035 1024 80 23 officer
2131 1023 26 25 of
2170 1024 41 23 the
2227 1032 123 25 company,
2366 1033 31 16 on
2410 1026 80 30 board,

1905 1058 79 24 bound
1995 1061 25 20 to
2030 1056 60 24 New
2098 1056 110 29 .Zealand,
2225 1061 26 19 to
2262 1057 57 24 take
2325 1059 133 30 possession
2466 1059 27 25 of

1905 1091 66 30 large
1980 1092 75 21 tracts
2067 1089 28 24 of
2109 1089 55 24 land
2180 1089 95 33 already
2291 1091 137 30 purchased,
2436 1092 55 26 .and

1905 1127 26 19 to
1945 1126 63 20 treat
2019 1122 57 24 with
2087 1121 40 25 the
2138 1122 89 24 natives
2239 1122 39 24 for
2293 1131 32 15 an
2337 1124 121 24 extension
2467 1125 28 24 of

1906 1155 41 24 the
1959 1153 134 33 company's
2103 1155 118 31 territory.
2254 1154 27 24 A
2291 1155 70 24 letter
2371 1156 44 24 has
2430 1157 62 24 been

1907 1187 108 25 received
2030 1187 65 24 from
2112 1187 40 24 the
2176 1186 75 33 Tory,
2268 1188 71 24 dated
2354 1188 63 25 June
2439 1190 60 29 3rd,,

1907 1221 26 23 in
1941 1220 41 24 lat.
1994 1221 16 23 5
2023 1217 96 35 deg/30
2130 1228 31 15 m.
2171 1221 79 28 north,
2267 1220 48 24 and
2324 1221 65 31 long.
2394 1222 34 23 23
2439 1223 54 31 deg.

1910 1254 29 23 17
1952 1261 31 15 m.
1994 1256 65 24 west,
2060 1265 33 5 —
2095 1253 88 31 stating
2192 1252 32 24 all
2235 1256 26 21 to
2271 1253 30 24 be
2312 1254 52 24 well
2375 1262 31 16 on
2413 1255 80 24 board.
2498 1274 2 3 .

1909 1286 36 24 As
1957 1285 68 25 there
2037 1293 43 16 can
2092 1285 29 24 be
2132 1285 60 24 little
2211 1285 73 25 doubt
2303 1286 42 24 the
2364 1285 70 35 Tory
2450 1288 44 24 has

1908 1319 93 24 arrived
2020 1319 24 22 in
2066 1316 87 26 Cook's
2166 1318 84 24 Straits
2262 1319 31 31 by
2304 1319 48 24 this
2363 1319 68 29 date,.
2441 1320 53 25 des>-

1907 1350 96 33 patches
2014 1351 63 23 from
2088 1350 85 24 thence
2184 1358 54 25 may
2248 1352 30 23 be
2286 1352 113 31 expected
2410 1353 34 32 by
2452 1353 42 24 the

1909 1383 59 24 15th
1978 1384 29 23 of
2016 1382 136 25 December
2161 1386 65 21 next.

1942 1433 61 25 The
2021 1433 160 25 Surveying
2197 1433 111 26 Vessel.
2308 1449 36 5 —
2344 1435 52 24 The
2411 1436 82 30 Cuba,

1909 1467 67 31 Capt.
1987 1466 151 30 Newcombe,
2155 1475 15 16 a
2177 1466 60 25 hark
2246 1468 26 23 of
2277 1468 51 23 270
2335 1472 61 24 tons,
2404 1469 44 25 left
2453 1471 42 24 the

1907 1500 63 23 river
1980 1504 25 20 at
2016 1499 41 24 the
2069 1500 47 24 end
2126 1499 28 25 of
2159 1499 63 32 July,
2236 1500 45 24 and
2291 1501 86 31 passed
2389 1501 62 26 Deal
2464 1511 31 16 on

1907 1533 42 23 the
1957 1533 50 24 2nd
2014 1531 105 33 August.
2145 1532 68 32 Capt.
2222 1532 84 29 Smith,
2316 1533 73 30 R.A.,
2398 1543 98 26 survey-

1908 1565 135 32 or-general
2058 1568 25 21 to
2103 1566 40 23 the
2156 1563 62 26 New
2229 1564 102 26 Zealand
2343 1566 69 25 Land
2424 1568 72 24 Com-

1907 1606 69 24 pany,
1986 1598 57 24 with
2055 1597 59 24 such
2121 1606 15 16 a
2144 1606 66 24 corps
2220 1606 26 17 as
2255 1599 47 23 this
2308 1599 133 32 intelligent
2448 1602 49 23 and

1907 1631 120 31 energetic
2039 1631 80 23 officer
2131 1630 96 25 deemed
2235 1631 116 24 sufficient
2361 1635 26 21 to
2395 1634 101 31 proceed

1907 1663 92 32 rapidly
2018 1663 57 24 with
2091 1663 40 24 the
2154 1672 106 24 surveys,
2276 1672 62 16 were
2349 1665 40 24 the
2399 1673 97 24 passen-

1907 1704 63 23 gers.
2013 1694 73 26 After
2103 1696 97 31 landing
2215 1697 68 23 these
2299 1698 136 30 gentlemen
2454 1699 42 25 the

1910 1728 72 25 Cuba
1994 1729 47 23 will
2051 1729 30 23 be
2093 1729 110 31 occupied
2213 1729 26 24 in
2255 1729 97 33 making
2368 1731 127 31 purchases

1908 1761 27 24 of
1943 1761 57 24 land
2008 1761 49 24 and
2068 1762 216 31 coast-surveying.'
2302 1774 4 6 •

1933 1827 35 5 —
1975 1813 54 24 The
2034 1813 96 29 Druid,
2139 1811 187 35 44,Capt.Lord
2334 1814 23 25 J.
2363 1815 129 32 Churchill,

1907 1846 47 24 will
1959 1846 91 31 shortly
2055 1846 100 31 proceed
2161 1846 57 24 with
2224 1846 69 32 Capt.
2301 1847 110 30 Hobson,
2420 1847 72 32 R.N.,

1905 1883 25 20 to
1943 1878 60 24 New
2015 1877 109 30 Zealand,
2140 1882 26 20 to
2183 1879 77 24 which
2276 1879 31 24 he
2326 1880 21 24 is
2366 1882 127 31 appointed

1906 1911 82 25 consul
2011 1911 47 24 and
2074 1911 267 32 lieutenant-governor.
2341 1927 34 5 —
2378 1914 118 26 Colonial

1910 1945 115 24 Gazette.

110 127 272 26 PRELIMINARY
407 125 185 26 SECTIONS.

63 172 245 26 Advertisements
319 170 66 25 have
399 169 125 39 appeared
541 168 106 32 offering

65 205 118 26 .sections,
193 203 40 25 for
237 203 66 31 .sale,
322 203 52 25 and
388 203 103 33 stating,
505 211 30 16 as
557 211 33 17 an
610 202 38 24 in-

66 238 136 25 ducement
211 240 33 21 <to
261 236 131 34 purchase,
418 236 57 25 that
491 236 100 33 buyers'
607 242 42 17 are

66 270 107 26 -entitled
190 274 28 20 to
235 269 51 26 free
308 269 75 25 cabin
402 277 118 26 passages
539 273 27 21 to
586 268 63 25 New

68 303 120 26 .Zealand.
225 303 63 25 Had
303 303 44 25 the
365 303 155 24 advertisers,
530 302 60 25 read
608 299 42 26 the

71 340 77 22 ier-ms
155 336 85 25 airtder
252 336 87 26 which
353 336 43 26 the
416 336 63 26 sales
498 343 63 18 were
579 331 72 27 made

68 369 38 33 by
122 369 44 26 the
183 378 134 25 company,
327 369 62 33 they
398 374 70 21 must
477 369 64 25 have
557 368 94 24 known

68 401 57 26 that
138 402 48 25 .the
202 403 122 34 privilege
343 402 75 26 could
435 406 45 22 not
496 402 30 24 be
543 396 110 28 asserted

73 435 64 26 after
159 435 43 26 the
221 436 63 25 25th
301 436 75 41 July.
412 436 53 24 Nor
482 442 46 17 can
546 440 15 17 a
578 433 74 31 party

72 468 59 26 who
149 469 47 25 has
211 470 109 25 asserted
341 470 44 24 the
402 468 76 26 claim
496 465 104 25 transfer
613 462 41 26 the

70 501 55 26 free
140 510 106 27 passage
265 511 33 18 on
317 503 91 33 selling
426 501 42 24 the
489 498 69 25 land.
594 495 60 27 This

72 535 74 29 point
168 536 48 26 has
234 537 61 25 been
316 535 88 30 raised,
424 533 51 25 and
493 539 28 17 so
539 529 115 27 decided.

75 570 76 24 Were
158 569 55 30 this.,
219 569 120 33 privilege
346 565 155 33 continually
507 568 26 21 to
538 563 86 27 attach
630 565 26 21 to

68 600 47 26 the
125 602 124 33 purchase
263 602 29 25 of
305 601 70 29 land,
386 599 43 25 the
438 605 125 26 company
571 595 86 26 would

73 638 46 22 not
129 637 33 24 be
179 635 54 26 safe
244 636 26 24 in
289 633 118 34 granting
420 640 19 16 a
449 631 81 33 single
539 630 51 25 free
600 636 56 27 pas-

77 676 61 27 sage
150 673 26 21 to
193 677 50 24 any
259 675 46 17 one
321 665 31 25 of
364 665 42 25 the
421 664 134 33 labouring
574 663 64 25 class
647 670 8 22 ;

73 700 42 27 for
132 702 61 32 they
204 701 81 33 might
301 703 27 21 at
342 707 50 25 any
402 701 113 21 moment
531 697 30 25 be
578 694 80 27 called

76 743 70 25 upon
168 739 26 20 to
211 732 95 34 expend
319 740 68 25 upon
404 731 45 25 the
466 738 89 26 person
573 729 30 26 of
615 727 43 26 the

76 768 142 34 proprietor
228 766 52 25 that
290 765 63 25 fund
363 764 87 25 which
459 764 23 24 is
496 763 96 32 mainly
605 761 54 26 des-

74 800 71 25 rtined
164 804 26 20 to
208 798 86 26 enable
305 798 43 25 the
357 798 137 28 labourers,
506 794 153 30 mechanics,

77 833 51 25 and
140 832 65 25 their
213 832 87 30 wives,
318 835 27 21 to
364 831 107 33 proceed
482 834 26 21 to
522 830 64 25 New
599 828 61 25 Zea-

73 865 72 26 land.
198 864 52 26 The
277 865 138 33 important
437 863 124 34 principle
592 869 69 27 upon

77 899 86 25 which
172 899 44 25 the
226 898 165 26 colonization
401 896 32 26 of
439 896 83 26 South
533 894 129 27 Australia

78 933 51 24 and
146 932 67 25 New
230 931 113 26 Zealand
361 932 22 24 is
400 930 79 25 based
501 933 68 22 must
585 936 76 18 never

77 965 32 25 be
119 965 52 25 lost
181 964 67 34 sight
259 965 30 25 of
300 964 39 25 for
356 973 16 16 a
382 967 121 21 moment.
538 962 54 25 The
602 969 58 26 pur-

77 1007 61 24 pose
150 998 31 25 of
193 998 89 33 selling
298 998 42 25 the
352 997 60 26 land
422 1000 29 22 at
463 997 31 24 11.
507 1005 44 25 per
563 1003 57 17 acre
639 994 21 24 is

74 1035 29 21 to
115 1031 86 26 obtain
213 1040 15 16 a
238 1031 63 25 fund
308 1031 60 25 with
379 1030 86 25 which
475 1034 27 21 to
513 1038 98 24 convey
618 1026 43 26 the

77 1065 157 25 industrious
245 1065 91 24 classes
344 1065 69 24 there
421 1063 26 24 in
456 1063 123 25 sufficient
586 1069 74 18 num-

78 1098 65 25 bers.
179 1098 71 33 They
261 1102 93 21 cannot
363 1101 42 30 get
415 1097 71 25 there
495 1096 85 25 unless
597 1094 64 26 their

77 1139 119 26 passages
207 1139 42 17 are
259 1131 125 34 provided
400 1130 39 25 for
457 1129 79 31 them,
554 1129 50 24 and
619 1127 42 26 the

78 1164 63 26 land
164 1165 21 25 is
204 1164 122 26 valueless
344 1163 107 25 without
466 1162 44 26 the
527 1160 134 27 combined

77 1198 109 25 services
203 1198 30 25 of
239 1198 87 25 labour
337 1197 50 24 and
398 1196 102 33 capital.
535 1195 54 25 The
595 1194 67 35 price

80 1231 32 25 of
121 1233 8 23 1
136 1232 16 24 1.
160 1232 22 24 is
191 1231 122 33 supposed
324 1233 28 22 to
363 1230 70 33 yield
444 1238 16 16 a
470 1228 63 26 fund
543 1228 56 25 that
609 1226 53 26 will

76 1272 100 25 convey
195 1264 57 24 four
270 1271 102 25 persons
392 1263 41 24 for
454 1271 76 23 every
548 1261 115 26 hundred

77 1306 71 16 acres
166 1297 64 25 sold.
266 1297 52 25 The
329 1296 71 31 fund,
421 1296 99 33 though
538 1294 125 26 sufficient

77 1331 41 25 for
130 1331 56 24 that
205 1338 117 26 purpose,
334 1330 22 25 is
366 1333 46 21 not
430 1329 123 25 sufficient
571 1332 27 21 to
609 1336 54 26 per-

77 1364 68 25 form
154 1364 20 24 it
185 1364 49 24 and
244 1368 26 20 to
280 1372 75 24 carry
366 1366 44 21 out
419 1362 136 35 capitalists
567 1371 29 15 or
613 1369 50 16 em-

78 1397 100 33 ployers
185 1406 8 22 j
213 1397 49 24 and
273 1397 25 24 if
310 1396 62 33 they
383 1396 76 25 claim
478 1395 50 25 free
546 1402 117 27 passages

78 1434 28 22 to
118 1430 55 25 that
190 1433 82 22 extent
282 1430 60 32 they
354 1428 120 26 diminish
480 1428 44 25 the
534 1428 92 34 supply
639 1426 29 25 of

78 1463 98 26 labour.
219 1463 29 25 If
261 1463 61 33 they
344 1463 118 33 dissipate
479 1462 43 25 the
538 1461 65 26 fund
622 1461 41 24 be-

78 1497 72 32 yond
162 1505 16 17 a
195 1497 92 25 certain
305 1500 95 26 extent,
418 1496 62 24 then
496 1495 89 25 labour
603 1502 60 24 may

77 1531 81 24 attain
167 1534 27 21 to
207 1538 15 16 a
235 1530 68 34 price
313 1529 86 25 which
409 1529 53 24 will
478 1528 74 25 make
564 1528 42 25 the
623 1534 40 18 co-

78 1562 64 34 lony
162 1572 16 16 a
195 1563 70 34 place
282 1562 29 26 of
329 1562 169 33 unprofitable
515 1562 150 25 investment

79 1599 27 22 to
124 1597 42 24 the
190 1596 130 34 capitalist.
361 1596 52 25 The
432 1595 52 26 evil
500 1595 84 25 would
606 1602 58 17 cure

78 1629 79 31 itself,
175 1630 129 25 doubtless
304 1644 34 4 —
338 1630 46 24 but
400 1632 27 21 at
448 1628 43 26 the
512 1636 105 25 expense
639 1626 31 26 of

77 1662 45 26 the
132 1663 142 33 prosperity
285 1663 29 24 of
322 1663 44 24 the
376 1663 101 32 colony.

113 1700 80 26 There
211 1701 51 25 will
279 1710 77 16 never
375 1701 31 25 be
425 1708 49 25 any
496 1700 120 33 difficulty
638 1699 26 24 in

80 1734 117 33 securing
213 1737 26 22 to
256 1734 42 25 the
310 1734 109 25 colonies
430 1741 17 17 a
456 1733 125 25 sufficient
592 1740 72 18 num-

79 1766 45 26 ber
132 1767 31 25 of
169 1767 44 25 the
219 1767 145 33 employing
371 1767 63 24 class
438 1785 6 5 .
479 1766 57 24 The
540 1765 125 32 difficulty

79 1799 97 33 always
186 1800 46 25 has
240 1801 70 29 been,
319 1800 51 25 and
376 1804 68 20 must
448 1800 43 29 be,
504 1799 25 24 in
533 1799 133 33 'obtaining

68 1832 28 26 Ha
106 1833 124 25 sufficient
239 1833 107 25 number
358 1832 30 26 of
399 1832 45 24 the
454 1832 64 25 class
529 1836 27 20 to
573 1832 30 25 be
614 1840 51 16 em-

79 1865 104 33 ployed,
197 1870 26 21 to
235 1875 74 16 cause
320 1874 16 17 a
347 1869 65 22 state
432 1865 30 25 of
474 1865 95 33 society
580 1868 85 21 mutu-

80 1898 53 33 ally
153 1900 141 24 beneficial.
320 1902 11 19 '.
342 1899 53 24 The
413 1898 109 24 creation
543 1899 50 23 and
608 1905 56 24 pre-

78 1931 127 26 servation
229 1931 30 25 of
273 1931 49 25 this
341 1932 49 24 due
408 1931 145 33 proportion
572 1931 21 24 is
621 1930 43 25 the

77 1964 111 35 striking
198 1964 95 26 feature
298 1964 113 33 peculiar
418 1967 26 21 to
452 1963 108 26 colonies
569 1962 95 35 having

77 2006 18 16 a
117 2001 96 29 system
233 1998 29 25 of
279 1997 61 25 land
362 1997 100 34 selling,
473 2003 4 4 '
486 1997 142 32 furnishing
649 2005 15 16 a

76 2030 67 26 fund
153 2031 63 24 with
226 2031 85 25 which
322 2034 27 22 to
361 2034 74 31 grant
446 2030 50 25 free
506 2037 118 27 passages
636 2032 26 22 to

78 2072 16 17 a
111 2064 124 25 sufficient
245 2067 93 27 extent,
357 2064 51 25 and
422 2063 72 26 those
504 2063 85 25 which
599 2063 64 25 have

76 2098 22 24 it
117 2101 56 27 not,
186 2106 30 16 or
232 2101 46 21 not
289 2098 26 24 in
328 2106 16 16 a
352 2096 123 26 sufficient
492 2097 87 34 degree
579 2111 34 5 —
613 2096 51 25 and

77 2130 127 25 hereafter
222 2131 18 24 it
252 2131 53 24 will
320 2131 32 24 be
369 2130 79 25 found
461 2134 28 21 to
499 2131 30 24 be
540 2130 43 25 the
593 2133 70 31 great

77 2172 75 18 cause
163 2164 30 24 of
199 2164 67 25 their
275 2164 111 33 superior
397 2163 150 34 prosperity.

112 2204 106 25 Instead
229 2204 29 26 of
263 2204 124 34 invading
396 2204 51 25 this
457 2204 72 30 fund,
539 2204 45 24 the
595 2202 66 27 colo-

75 2237 75 31 nists,
167 2237 25 25 if
204 2237 64 26 alive
284 2242 26 21 to
327 2238 66 25 their
411 2246 55 16 own
487 2237 111 31 interest,
609 2236 52 25 will

75 2270 90 26 hasten
176 2275 27 21 to
215 2272 83 25 devise
313 2280 87 16 means
418 2271 34 32 by
463 2270 85 26 which
566 2271 19 25 it
601 2279 59 24 may

75 2304 33 25 he
119 2305 139 26 increased.
287 2304 78 26 Were
371 2305 43 24 the
424 2304 82 25 South
514 2303 146 26 Australian

75 2338 88 33 people
182 2341 28 22 to
226 2338 92 34 regard
328 2338 65 24 their
404 2346 57 16 own
472 2338 109 30 interest,
600 2336 60 33 they

75 2371 87 26 would
182 2372 98 25 further
302 2375 121 30 augment
445 2371 42 24 the
510 2370 149 35 emigration

75 2403 66 26 fund
151 2406 35 32 by
197 2413 33 17 an
240 2404 94 25 annual
343 2404 94 33 impost
447 2404 30 24 of
484 2404 43 24 6d.
539 2412 46 25 per
595 2404 65 24 head

77 2445 34 17 on
122 2438 85 33 sheep,
221 2438 51 24 and
287 2439 34 23 Is.
340 2445 46 25 per
398 2437 67 25 head
481 2445 68 27 upon
573 2436 85 27 cattle.

77 2470 141 26 Whatever
234 2471 21 24 is
272 2470 64 25 done
355 2473 26 22 to
399 2469 92 34 supply
501 2470 87 25 labour
603 2469 26 26 in
646 2478 14 17 a

76 2503 127 26 sufficient
220 2503 117 33 quantity
356 2506 26 22 to
402 2503 44 25 the
466 2502 100 34 colony,
586 2507 27 21 to
630 2503 30 25 be

77 2536 66 26 done
155 2536 171 33 successfully,
339 2540 68 21 must
414 2536 32 25 be
452 2536 71 32 done,
528 2544 68 25 upon
607 2544 53 24 sys-

75 2573 61 22 tem.
174 2570 26 26 It
212 2574 67 21 must
289 2573 45 22 not
344 2571 30 24 be
382 2569 135 33 voluntary
519 2584 33 4 —
552 2569 32 25 all
594 2573 67 21 must

75 2604 146 25 contribute
231 2604 26 24 in
269 2612 15 16 a
294 2603 52 25 like
357 2603 100 34 degree,
468 2611 30 16 or
505 2602 43 26 the
557 2606 104 30 attempt

75 2641 68 21 must
160 2637 31 25 be
207 2637 78 25 futile.
321 2636 54 25 The
393 2636 59 34 plan
470 2636 30 25 of
514 2636 114 33 deriving
646 2644 15 16 a

75 2669 66 26 fund
159 2670 31 25 of
202 2670 42 25 the
261 2670 66 25 kind
346 2669 113 34 through
475 2669 43 25 the
536 2669 56 26 first
609 2668 51 25 sale

74 2703 70 33 price
155 2704 31 24 of
197 2704 61 25 land
269 2703 45 25 has
326 2703 51 25 this
390 2711 26 17 as
428 2703 31 25 its
475 2702 74 26 basis.
586 2702 74 26 Some

76 2744 60 25 may
159 2741 72 27 state,
254 2745 66 17 were
339 2736 43 25 the
396 2736 65 25 fund
478 2736 116 33 required
615 2739 45 21 not

78 2771 158 24 contributed
252 2770 28 24 in
291 2769 42 25 the
344 2769 114 25 nominal
468 2769 68 34 price
552 2769 29 25 of
588 2768 70 31 land,

75 2802 21 25 it
108 2803 82 34 might
207 2804 29 25 be
252 2804 131 32 expended
400 2803 27 24 in
447 2811 32 16 an
494 2802 166 34 independent

75 2843 105 18 manner
196 2837 34 32 by
242 2837 61 25 each
322 2837 148 33 proprietor.
506 2836 54 25 But
579 2836 23 24 if
616 2835 45 25 left

75 2872 26 20 to
112 2869 43 25 the
165 2878 70 17 sense
252 2870 30 25 of
296 2870 94 33 justice
405 2869 31 25 of
448 2869 43 25 the
507 2869 150 30 individual,

75 2902 85 26 would
173 2902 49 26 this
230 2903 167 25 contribution
409 2907 28 21 to
447 2903 44 25 the
499 2902 90 26 labour
597 2901 61 27 fund

72 2934 34 25 be
117 2936 74 25 made
197 2936 11 25 ?
241 2936 98 25 Would
355 2940 47 21 not
419 2936 62 25 each
498 2936 64 33 hope
577 2940 27 21 to
616 2935 42 25 de-

75 2968 55 24 rive
140 2969 88 28 labpur
239 2974 26 21 at
283 2970 43 25 the
338 2973 55 22 cost
411 2970 37 33 of,
449 2969 41 25 his
501 2970 156 33 neighbour?

75 2999 58 26 Has
144 3002 54 35 thaj;
207 3008 42 20 not
260 3003 122 25 occurred
389 3003 27 24 in
429 3011 15 17 a
455 3003 127 25 thousand
591 3010 67 17 cases

73 3033 105 33 already
195 3044 27 16 in
238 3036 43 25 the
301 3036 126 25 colonies?
463 3036 30 24 If
505 3036 71 25 there
592 3044 66 16 were

73 3075 35 16 no
124 3071 94 29 system
233 3069 33 31 by
278 3069 86 25 which
374 3069 35 25 all
425 3077 66 17 were
511 3069 100 34 obliged
630 3072 25 21 to

75 3100 143 25 contribute
233 3105 26 19 to
275 3102 42 24 the
332 3110 159 25 conveyance
512 3102 29 25 of
559 3103 95 30 labour,

71 3133 36 26 in.
112 3133 44 26 the
167 3134 90 32 degree
268 3133 27 24 in
305 3135 85 25 which
405 3135 61 33 they
476 3136 102 25 became
596 3144 58 25 pur-

73 3166 102 26 chasers
198 3166 29 25 of
242 3166 70 30 land,
331 3176 68 16 some
418 3168 85 26 would
519 3169 31 25 be
563 3168 91 26 foolish

73 3200 101 35 enough
186 3203 27 22 to
225 3208 95 24 convey
332 3204 120 28 servants,
462 3210 28 15 as
501 3210 77 25 many
590 3203 64 24 have

73 3233 75 31 done,
160 3237 28 21 to
199 3233 121 25 America
331 3234 50 24 and
399 3233 42 24 the
457 3234 44 25 old
511 3234 142 26 Australian

72 3266 116 31 colonies,
217 3271 25 20 at
273 3265 65 26 their
369 3265 143 26 individual
538 3276 112 26 expense,

70 3301 111 33 trusting
192 3304 26 20 to
228 3300 43 24 the
286 3299 125 34 gratitude
422 3299 51 24 and
484 3308 67 17 sense
561 3302 31 24 of
600 3301 53 32 jus-

71 3333 49 25 tice
139 3334 30 25 of
188 3333 72 26 those
277 3332 84 26 whose
378 3331 128 26 condition
525 3333 68 33 they,
600 3333 53 26 had

68 3365 108 34 thereby
188 3375 28 17 so
226 3366 77 25 much
313 3364 140 35 improved.
490 3364 69 33 They
569 3366 85 25 would

68 3398 41 31 ihe,
134 3408 27 17 as
185 3400 83 25 others
288 3399 67 26 have
376 3399 71 30 been,
473 3398 179 33 disappointed.

70 3431 83 27 Hhose
163 3433 58 24 who
232 3432 52 26 had
294 3437 47 21 not
355 3432 120 25 incurred
487 3431 45 24 the
550 3439 104 26 expense

70 3464 31 25 of
112 3467 146 34 conveying
268 3466 42 25 the
321 3465 129 26 labourers
462 3469 26 21 to
504 3464 43 26 the
562 3465 91 32 colony

66 3505 46 17 •are
122 3498 47 27 tifee
187 3508 100 25 persons
298 3499 60 26 who
369 3498 76 26 could
462 3497 81 26 afford
559 3501 27 22 to
603 3505 50 25 pay

70 3530 43 26 the
136 3531 100 34 highest
252 3541 93 25 wages.
381 3532 71 33 They
470 3531 86 26 would
578 3530 75 26 make

64 3563 81 26 <offers
153 3565 85 26 \wiich
249 3566 87 25 would
352 3566 31 25 be
400 3565 126 34 accepted,
547 3565 50 25 and
608 3563 44 26 the

61 3597 85 26 aresuit
153 3598 88 26 -srould
251 3599 31 25 be
293 3599 56 25 that
366 3599 98 33 disgust
473 3598 84 26 which
567 3597 84 26 would

62 3634 51 23 mat
125 3631 65 24 arise
196 3632 28 25 af
235 3632 35 33 by
283 3640 16 17 a
318 3636 94 29 system
422 3632 35 25 all
472 3639 67 18 were
550 3631 99 33 obliged

61 3664 33 26 tte
120 3664 146 26 contribute
293 3669 29 21 to
341 3665 42 26 the
409 3665 90 27 labour
526 3664 73 32 fund,
622 3664 26 26 in

1907 2030 120 21 OUTFIT
2042 2032 42 19 OF
2102 2032 175 22 EMIGRANT
2290 2034 203 24 LABOURERS.

2150 2073 95 14 FEMALE.
2284 2074 4 6 '
2431 2077 3 4 •

1931 2098 15 19 2
1954 2105 79 19 gowns,
2044 2098 27 21 18
2085 2100 61 24 yards
2161 2100 25 20 of
2198 2101 85 25 printed
2291 2105 79 22 cotton,
2439 2104 10 13 s
2450 2112 5 6 -
2472 2098 23 20 <*-

1959 2124 27 28 @
1997 2125 33 20 6d.
2102 2139 10 4 -
2164 2138 12 5 -
2230 2138 11 6 -
2295 2140 10 5 -
2337 2136 3 4 •
2359 2142 10 5 -
2398 2130 34 20 0•
2440 2131 17 21 £
2481 2131 16 21 0

1930 2152 15 19 2
1961 2152 118 25 petticoats,
2103 2154 13 20 6
2142 2153 61 26 yards
2225 2155 26 19 of
2270 2155 100 21 coloured

1959 2178 71 25 calico,
2040 2179 70 28 @6d.
2166 2192 11 5 -
2230 2193 10 5 -
2297 2193 8 6 -
2359 2183 137 23 -080

1930 2205 16 20 2
1955 2205 61 24 ditto,
2025 2206 84 25 flannel,
2119 2207 13 20 6
2142 2206 66 26 yards,
2219 2208 29 27 @
2258 2209 28 20 Is.
2357 2222 10 5 -
2397 2211 15 20 0
2439 2213 14 19 6
2480 2212 16 20 O

1931 2232 28 20 12
1967 2233 67 23 shifts,
2049 2233 28 20 80
2086 2234 67 24 yards,
2161 2234 52 26 long
2223 2236 64 24 cloth,
2297 2235 29 28 @
2333 2237 33 21 6d.
2396 2237 56 22 015
2479 2239 16 20 0

1894 2277 1 7 ,
1930 2259 14 20 6
1954 2266 53 18 caps,
2017 2260 15 20 3
2039 2260 63 26 yards
2112 2261 23 20 of
2141 2261 84 25 muslin,
2236 2261 28 28 @
2272 2263 29 20 Is.
2343 2274 4 3 •
2358 2275 10 6 -
2396 2265 15 20 0
2438 2266 15 20 3
2479 2265 17 21 0

1930 2286 14 20 6
1954 2293 82 19 aprons,
2044 2287 14 20 6
2067 2288 62 24 yards
2138 2288 24 19 of
2168 2288 71 25 calico,
2250 2289 27 28 @
2286 2289 35 22 6d.
2357 2303 9 5 -
2395 2291 15 21 0
2438 2293 16 20 3
2479 2293 16 20 0

1930 2313 14 20 6
1953 2314 164 24 handkerchiefs,
2128 2314 28 27 @
2165 2315 34 20 6d.
2228 2328 10 4 -
2292 2328 11 6 -
2357 2330 10 5 -
2395 2319 16 20 0
2438 2320 15 20 3
2480 2319 15 21 0

1930 2340 14 20 6
1954 2341 148 24 neckerchiefs,
2112 2341 26 28 @
2145 2342 35 20 9d.
2229 2355 10 5 -
2293 2355 11 6 -
2358 2357 10 4 -
2396 2345 15 21 0
2438 2347 15 19 4
2481 2347 14 21 6

1929 2367 14 20 6
1953 2368 79 23 towels,
2042 2368 28 27 @
2080 2368 39 20 6d.'
2162 2381 11 4 -
2227 2381 10 6 -
2293 2382 10 5 -
2357 2383 11 5 -
2396 2373 15 20 0
2438 2373 15 21 3
2479 2373 17 21 0

1931 2393 10 20 1
1952 2393 46 26 pair
2008 2394 25 21 of
2041 2398 63 22 stays,
2114 2395 27 27 @
2150 2395 30 21 ss.
2229 2408 10 5 -
2293 2409 10 5 -
2357 2399 53 21 -0
2437 2400 64 20 50-

1930 2420 13 21 6
1957 2420 56 26 pairs
2030 2422 24 19 of
2070 2422 61 20 black
2145 2423 91 21 worsted
2253 2425 114 26 stockings,

1957 2448 26 27 @
1995 2448 28 20 Is.
2035 2448 27 20 3d
2395 2453 14 20 0
2438 2455 13 19 7
2479 2455 21 19 6'

1893 2495 2 5 ,
1928 2474 15 20 2
1953 2474 56 26 pairs
2018 2475 25 20 of
2048 2476 66 24 shoes,
2124 2475 28 28 @
2160 2476 30 20 4s.
2226 2489 11 6 -
2291 2489 11 6 -
2356 2480 53 20 -0
2436 2481 62 20 80-

1930 2500 11 21 1
1952 2502 84 24 bonnet,
2046 2502 67 27 (g)Ss.
2163 2515 10 4 -
2226 2515 10 5 -
2291 2516 10 5 -
2356 2507 136 21 -030

1930 2528 97 24 Needles,
2035 2529 54 25 pins,
2102 2533 64 22 tapes,
2176 2530 36 20 &c.
2224 2531 41 20 &c.'
2290 2543 10 6 -
2356 2533 135 22 -050

1927 2554 15 20 2
1950 2555 32 19 lbs
1992 2555 24 20 of
2029 2562 56 19 soap,
2095 2556 28 28 @
2132 2556 43 25 6d.,
2184 2557 15 20 2
2206 2557 34 21 lbs
2253 2558 24 20 of
2289 2560 76 23 starch,

1954 2582 64 27 @6d
2392 2587 15 20 0
2434 2588 15 20 2
2475 2588 15 21 0

2361 2641 45 20 £4
2431 2642 16 20 0
2473 2642 16 20 0

2154 2721 67 15 MAKE.
2384 2719 22 21 £
2425 2727 11 13 s
2438 2734 5 6 .
2464 2721 19 20 d.

1926 2745 14 20 2
1949 2745 77 20 fustian
2033 2746 87 23 jackets,
2131 2747 26 28 @
2169 2748 28 20 7s.
2210 2747 34 22 6d.
2287 2761 10 5 -
2353 2763 9 5 -
2390 2751 56 20 015
2473 2752 15 20 0

1924 2771 15 21 2
1948 2771 55 26 pairs
2013 2772 24 20 of
2043 2772 55 20 ditto
2107 2776 96 22 trousers,
2213 2775 32 24 (©'
2252 2776 29 20 6s.
2352 2789 9 5 -
2391 2777 55 22 012
2473 2778 15 21 0

1924 2798 16 20 2
1948 2798 55 25 pairs
2012 2799 25 20 of
2048 2799 57 21 duck
2114 2800 60 23 ditto,
2184 2801 28 26 @
2220 2801 30 21 2s.
2262 2802 33 20 6d.
2352 2816 9 5 -
2390 2804 56 21 05
2472 2805 15 20 0

1924 2825 14 20 2
1948 2826 67 20 round
2026 2826 76 24 frocks,
2112 2827 26 28 @
2148 2827 29 20 2s.
2189 2827 34 22 6d.
2288 2841 9 5 -
2352 2843 9 5 -
2390 2831 56 21 05
2472 2832 15 21 0

1925 2852 27 20 12
1961 2856 72 17 cotton
2042 2853 69 24 shirts,
2122 2853 27 28 @
2156 2854 29 20 2s.
2197 2855 35 21 3d.
2288 2869 10 4 -
2352 2870 10 4 -
2391 2858 11 20 1
2432 2860 14 19 7
2472 2859 15 20 0

1924 2879 13 20 6
1947 2879 54 26 pairs
2008 2881 24 19 of
2036 2881 88 19 worsted
2131 2881 114 28 stockings,
2253 2882 28 28 @
2288 2883 29 20 Is.
2327 2884 34 21 6d.
2389 2885 15 20 0
2430 2886 14 20 9
2472 2886 15 20 0

1925 2906 14 20 2
1950 2907 77 19 Scotch
2037 2914 55 18 caps,
2103 2907 27 28 @
2137 2908 28 20 Is.
2177 2908 33 21 6d.
2288 2923 9 4 -
2352 2923 9 5 -
2389 2912 15 20 0
2431 2913 15 20 3
2472 2912 16 21 0

1924 2933 14 19 6
1947 2933 166 26 handkerchiefs,
2124 2935 26 27 @
2160 2935 33 20 6d.
2287 2949 9 5 -
2352 2949 9 5 -
2389 2938 57 21 03
2472 2939 14 21 0

1924 2959 13 21 6
1947 2967 70 13 coarse
2027 2961 79 24 towels,
2116 2962 28 27 @
2152 2961 34 21 6d.
2222 2975 10 4 -
2287 2976 10 4 -
2352 2977 9 5 -
2390 2965 14 20 0
2431 2967 15 20 3
2472 2966 15 20 0

1925 2986 10 20 1
1947 2986 46 26 pair
2002 2987 25 20 of
2036 2989 68 22 boots,
2113 2990 31 26 @
2150 2988 42 20 10s.
2222 3001 10 5 -
2287 3003 10 4 -
2352 3004 9 4 -
2389 2992 57 21 010
2472 2993 14 20 0

1924 3013 11 20 1
1947 3013 45 25 pair
2001 3014 25 20 of
2034 3015 68 23 shoes,
2113 3015 28 27 @
2150 3015 28 20 6s.
2222 3028 10 4 -
2287 3029 10 5 -
2352 3030 9 5 -
2389 3019 15 20 0
2430 3020 15 20 6
2472 3020 16 20 0

1923 3040 14 20 4
1945 3040 32 20 lbs
1987 3041 24 19 of
2017 3047 58 19 soap,
2087 3041 27 28 @
2124 3041 32 21 6d.
2221 3054 10 5 -
2286 3057 9 4 -
2351 3057 9 5 -
2388 3046 56 21 02
2471 3046 17 20 0

2360 3099 43 21 £5
2430 3100 14 20 0
2471 3100 13 20 0

2060 3121 84 21 Female
2157 3134 10 6 -
2222 3135 10 5 -
2286 3136 10 5 -
2352 3138 9 4 -
2388 3127 16 19 4
2429 3127 15 20 0
2470 3126 14 21 0

1923 3146 10 20 1
1945 3147 46 25 pair
2000 3147 25 21 of
2030 3148 105 25 blankets,
2144 3149 28 28 @
2178 3149 42 22 10s.
2260 3163 9 4 -
2308 3151 27 21 10
2360 3153 15 20 0

1921 3173 14 19 2
1944 3173 46 26 pair
1999 3175 26 19 of
2030 3175 75 25 sheets,
2114 3175 28 28 @
2150 3176 30 21 ss.
2260 3190 9 4 -
2307 3178 28 21 10
2359 3179 16 20 0

2286 3217 2 4 ■
2386 3206 55 21 10
2468 3206 15 21 0

1928 3254 52 20 Sura
1992 3255 99 27 required
2104 3258 22 18 to
2138 3257 25 20 fit
2175 3260 38 17 out
2225 3265 13 13 a
2251 3258 82 26 couple,
2345 3258 54 21 £10
2425 3260 15 20 0
2467 3260 16 21 0

1921 3321 101 26 Calicoes,
2042 3323 103 26 Holland,
2167 3326 83 23 camlet,
2267 3325 43 19 fine
2329 3331 91 18 canvass,
2439 3328 48 19 and'

1892 3349 60 19 other
1961 3349 83 21 articles
2057 3351 26 19 of
2096 3352 35 19 the
2140 3351 94 26 clothing
2248 3351 57 24 kind,
2316 3352 42 20 will
2367 3353 79 27 always
2455 3356 26 19 be

1890 3376 66 20 found
1965 3380 55 17 most
2030 3377 96 21 valuable
2140 3382 23 16 to
2172 3379 58 19 those
2240 3378 46 20 who
2295 3385 40 14 can
2342 3380 50 19 take
2402 3387 12 12 a
2423 3381 56 20 little

1891 3405 58 17 extra
1958 3404 67 20 stock.
2027 3415 26 5 —
2055 3405 102 26 Stephen's
2170 3404 62 21 South
2242 3406 113 25 Australia,
2361 3413 21 19 p.
2396 3407 45 21 193.

1928 3457 89 14 CHARGE
2027 3458 41 14 FOB.
2079 3458 91 14 PERSONS
2177 3458 82 14 PAYING
2268 3459 67 15 THEIB
2343 3461 98 15 PASSAGE.

2368 3495 29 21 £.
2416 3502 16 14 s.
2455 3497 20 20 d.

1971 3518 58 20 First
2038 3518 52 20 class
2100 3519 58 19 cabin
2191 3531 10 4 -
2229 3532 85 5 ...
2369 3522 27 20 75
2421 3523 15 20 0
2463 3521 15 23 0

1971 3544 81 21 Second
2062 3545 50 19 class
2122 3544 60 21 cabin
2232 3559 83 6 ...
2366 3549 28 20 50
2420 3549 16 21 0
2462 3550 16 20 0

1970 3571 99 26 Steerage
2366 3575 28 21 18
2408 3576 28 20 15
2462 3577 15 19 0

1918 3613 121 21 Allowance
2049 3613 25 20 of
2079 3614 100 27 baggage,
2192 3615 45 22 free
2250 3617 24 21 of
2279 3624 96 19 expense,
2384 3620 34 20 for,
2425 3620 51 19 each

1889 3646 131 21 passenger—
2025 3643 43 17 two
2077 3643 47 18 tons
2140 3642 20 20 if
2170 3643 22 20 in
2206 3645 37 19 the
2251 3644 45 20 first
2306 3651 24 14 or
2338 3645 76 21 second
2423 3646 52 21 class

1890 3667 67 25 cabin,
1970 3666 41 21 and
2020 3667 49 20 half
2073 3674 13 14 a
2095 3671 38 18 ton
2142 3669 22 20 in
2173 3670 40 20 the'
2218 3674 98 23 steerage.

682 379 131 20 DEBATE
829 379 36 19 IN
880 379 65 21 THE
966 378 153 21 COMMONS
1135 378 45 20 ON
1195 377 64 21 THE

805 412 70 19 NEW
893 412 153 19 ZEALAND
1056 412 82 19 BILL.

706 451 36 20 Mr
748 450 85 21 Francis
842 450 83 27 Baring,
940 456 27 14 on
978 450 52 21 June
1041 451 32 21 19,
1081 450 61 24 1838,
1150 449 71 21 moved
1230 450 35 21 the

682 478 75 20 second
768 478 83 24 reading
861 477 23 19 of
890 477 33 20 the
933 477 37 19 bill
998 477 32 20 for
1038 477 34 20 the
1082 477 127 20 Provisional
1220 477 41 20 Go-

681 509 104 16 vernment
797 504 23 21 of
835 504 77 20 British
928 503 124 21 Settlements
1067 504 22 19 in
1103 503 35 20 the
1152 503 82 20 Islands
1244 504 23 20 of

683 532 51 19 New
887 531 33 20 He
935 529 125 22 commenced
1079 530 32 20 his
1125 530 71 28 speech
1211 530 27 27 by
1252 537 13 13 a

682 562 107 16 statement
797 558 23 20 of
826 558 34 21 the
874 557 63 27 origin
948 557 23 20 of
979 557 30 20 the
1020 557 82 27 project,
1113 557 41 20 and
1162 557 33 20 the
1205 557 61 20 bitter

682 584 41 21 and
737 584 109 21 interested
861 584 105 26 animosity
976 584 22 26 by
1010 582 63 22 which
1090 583 17 21 it
1122 584 40 20 had
1172 584 50 20 been
1233 590 32 14 as-

680 611 64 20 sailed
744 624 29 4 —

735 638 22 20 It
764 637 17 21 is
797 644 44 14 now
851 637 69 27 nearly
929 642 40 15 two
983 643 57 21 years
1054 637 56 20 since
1122 644 12 13 a
1147 637 84 20 number
1244 637 24 20 of

684 664 122 28 gentlemen,
822 663 125 27 encouraged
961 664 23 26 by
1001 664 34 20 the
1053 663 113 27 increasing
1183 664 83 20 interest

684 691 64 20 which
764 691 35 20 the
816 691 71 27 public
900 691 47 20 took
962 690 19 21 in
996 691 35 20 the
1044 694 77 21 matter,
1136 689 41 21 and
1192 690 25 26 by
1230 690 35 21 the

684 717 118 27 knowledge
811 718 23 19 of
846 718 153 20 circumstances
1008 717 66 20 which
1084 717 38 20 had
1131 723 57 14 come
1202 717 63 21 under

685 744 51 21 their
742 744 132 25 observation,
882 744 75 21 formed
967 743 115 21 themselves
1089 743 41 21 into
1140 750 27 14 an
1176 744 87 20 associa-

684 772 42 19 tion
736 771 31 20 for
775 772 34 20 the
820 777 85 21 purpose
914 772 21 19 of
941 771 131 26 establishing
1080 777 13 13 a
1102 771 75 20 British
1192 771 73 27 colony

684 798 22 20 in
717 798 52 20 New
778 798 96 21 Zealand.
902 798 57 26 They
967 796 35 21 had
1009 797 112 20 assembled
1130 804 14 13 a
1152 797 56 27 large
1213 804 54 13 mass

685 825 21 20 of
715 824 42 21 oral
766 825 42 20 and
817 825 142 26 documentary
968 823 92 21 evidence
1072 830 54 21 upon
1136 824 34 20 the
1178 824 86 27 subject.

685 852 57 26 They
752 851 39 20 had
808 851 74 27 sought
897 852 34 19 the
945 850 94 21 evidence
1052 851 22 19 of
1088 850 29 20 all
1124 851 66 24 ithose
1199 852 67 19 whose

686 878 81 27 opinion
781 885 44 13 was
839 878 64 20 worth
925 877 120 27 consulting,
1064 877 65 21 either
1145 877 51 20 from
1214 877 52 21 local

686 905 118 27 knowledge
817 911 23 14 or
856 904 50 21 from
916 903 110 22 connexion
1036 904 22 20 in
1072 910 39 21 any
1121 911 44 20 way
1174 904 47 20 with
1232 904 33 21 the

687 932 76 19 distant
776 932 103 20 countries
892 929 48 23 into'
944 931 64 20 which
1024 931 47 26 they
1081 937 50 14 were
1146 931 86 20 anxious
1246 936 19 15 to

687 958 105 21 introduce
801 965 37 14 our
846 958 92 27 religion,
947 964 34 14 our
993 962 96 19 customs,
1099 958 40 20 and
1150 964 38 14 our
1201 957 48 21 laws
1260 967 5 16 ;

687 986 41 19 and
734 986 33 19 the
773 986 65 20 result
842 985 49 27 they
897 985 76 20 arrived
978 988 19 16 at
1002 991 49 17 was,
1057 984 43 20 that
1107 985 17 19 it
1129 991 42 13 was
1176 988 35 16 not
1218 986 47 26 only

688 1012 107 27 expedient
804 1019 24 13 as
837 1012 30 19 far
877 1019 21 13 as
910 1012 32 19 the
948 1011 80 21 interest
1037 1011 23 20 of
1066 1011 51 20 their
1126 1018 45 13 own
1181 1015 84 24 country

687 1039 19 20 is
715 1039 113 20 concerned
836 1040 43 19 that
889 1038 49 21 their
946 1037 97 21 intention
1053 1038 73 20 should
1136 1038 24 20 be
1169 1037 96 28 persisted
1273 1044 2 14 ;

687 1066 29 23 in,
726 1066 37 20 but
772 1066 46 20 that
831 1066 46 26 they
887 1065 55 21 owed
952 1066 16 19 it
976 1069 18 16 to
1002 1065 35 20 the
1046 1064 76 21 natives
1136 1071 22 13 as
1168 1071 12 13 a
1189 1071 76 14 correc-

687 1093 43 20 tion
740 1093 22 20 of
769 1094 35 19 the
813 1092 51 21 evils
872 1092 66 21 which
948 1091 49 21 their
1006 1091 168 21 communication
1183 1091 48 20 with
1242 1099 25 13 us

689 1119 39 20 had
738 1120 80 26 already
828 1119 88 20 entailed
930 1125 51 21 upon
995 1119 63 20 them.
1085 1118 57 27 They
1151 1118 63 20 found
1223 1118 44 21 that

687 1146 55 21 these
749 1146 86 25 islands,
844 1146 74 23 which,
929 1145 103 27 according
1041 1148 20 17 to
1068 1145 33 20 the
1110 1145 108 27 principles
1227 1146 38 19 fol-

688 1171 64 22 lowed
761 1173 27 27 by
798 1173 56 20 other
863 1172 106 23 countries,
979 1172 37 20 had
1027 1173 48 19 been
1093 1172 94 26 acquired
1196 1172 27 26 by
1233 1172 34 21 the

689 1200 75 20 British
775 1200 74 21 Crown
860 1200 26 26 by
896 1200 57 19 those
966 1198 57 21 forms
1036 1199 23 20 of
1069 1198 71 27 taking
1153 1199 115 26 possession

688 1226 66 21 which
763 1227 52 20 have
824 1232 46 14 ever
879 1227 49 19 been
937 1225 82 21 allowed
1033 1228 21 17 to
1068 1225 109 20 constitute
1187 1232 12 13 a
1208 1226 60 20 claim

689 1254 80 26 against
781 1254 58 19 other
851 1252 90 21 civilized
958 1251 83 25 nations,
1057 1258 51 14 were
1120 1252 88 21 situated
1218 1252 21 21 in
1257 1259 11 13 a

689 1284 107 24 temperate
812 1280 93 23 latitude,
920 1279 49 20 with
976 1285 11 14 a
995 1279 39 20 soil
1044 1280 22 19 of
1079 1279 123 20 remarkable
1214 1280 55 20 ferti-

690 1307 44 27 lity,
743 1314 13 13 a
764 1307 83 20 climate
856 1306 98 27 perfectly
963 1306 62 20 suited
1040 1309 20 16 to
1074 1305 35 20 the
1125 1306 144 21 constitutions

690 1334 23 20 of
720 1334 86 26 English
816 1332 115 27 emigrants,
949 1332 36 20 and
1001 1332 130 28 productions
1145 1336 36 16 not
1189 1333 48 26 only
1250 1334 24 19 ef

691 1364 54 23 great
762 1361 60 19 value
835 1359 152 26 commercially,
1002 1361 38 18 but
1055 1359 22 20 of
1089 1359 86 27 especial
1189 1359 83 28 import-

689 1393 51 15 ance
750 1393 22 14 as
781 1386 106 27 rendering
895 1392 24 15 us
928 1386 132 28 independent
1067 1386 22 20 of
1102 1386 59 20 other
1171 1386 101 21 countries

691 1414 29 19 for
734 1420 54 14 som?
806 1414 23 19 of
845 1412 34 21 the
893 1417 52 16 most
963 1412 104 27 important
1082 1412 22 20 of
1118 1413 51 20 their
1186 1414 86 26 produc-

691 1440 60 21 tions.
787 1440 58 27 They
860 1440 61 20 found
946 1440 41 19 that
1006 1439 52 20 their
1075 1440 87 26 position
1178 1440 95 21 rendered

691 1468 54 19 them
755 1467 21 20 of
787 1474 23 13 so
822 1466 60 21 much
898 1468 118 26 importance
1031 1470 20 16 to
1061 1473 35 13 our
1105 1466 90 27 growing
1204 1467 69 20 settle-

691 1498 65 16 ments
768 1494 22 20 in
806 1493 109 24 Australia,
932 1494 43 19 that
981 1493 34 20 the
1025 1493 112 27 possession
1147 1493 23 20 of
1182 1493 53 20 them
1246 1494 26 26 by

691 1527 38 21 any
740 1521 78 27 foreign
833 1527 65 21 power
908 1520 65 19 would
986 1520 101 26 endanger
1103 1520 35 20 the
1154 1520 88 27 stability
1253 1521 21 20 of

691 1555 36 12 our
736 1548 75 27 empire
821 1547 20 20 in
849 1547 44 20 that
901 1551 44 23 part
954 1547 20 20 of
980 1546 33 21 the
1021 1546 63 21 world
1092 1555 5 18 ;
1112 1546 41 21 and
1162 1547 64 20 above
1236 1548 36 24 all,

692 1574 51 20 their
759 1574 115 21 researches
892 1574 33 20 led
943 1574 50 19 them
1011 1577 20 16 to
1046 1573 33 20 the
1101 1573 113 21 conviction
1230 1574 44 20 that

690 1601 55 20 there
755 1602 40 19 had
807 1600 73 23 arisen,
896 1602 48 19 from
955 1600 30 21 the
994 1600 113 21 settlement
1116 1607 25 13 on
1152 1600 35 21 the
1196 1600 77 21 islands

691 1628 22 20 of
727 1635 13 13 a
748 1628 81 20 lawless
837 1627 40 20 and
885 1627 95 27 degraded
989 1627 125 27 population,
1120 1633 25 14 an
1155 1628 89 20 obstacle
1253 1632 21 16 to

691 1661 40 20 any
740 1655 64 20 moral
818 1654 143 27 improvement
976 1654 19 19 in
1009 1656 35 18 the
1061 1654 83 24 natives,
1154 1654 67 21 which
1230 1661 43 14 was

691 1688 58 20 every
764 1688 49 20 year
831 1682 103 26 assuming
952 1687 12 14 a
978 1687 53 14 more
1049 1680 75 21 serious
1141 1685 75 23 aspect,
1234 1682 40 20 and

691 1708 66 20 which
769 1715 14 14 a
790 1714 49 20 very
847 1708 56 20 short
915 1708 58 25 delay
980 1708 64 26 might
1059 1708 57 20 make
1132 1707 16 20 it
1156 1708 118 27 impossible

691 1739 20 16 to
719 1741 85 14 remove.
832 1734 57 27 They
900 1734 73 21 trusted
980 1738 21 16 to
1011 1735 40 19 this
1061 1734 59 20 latter
1127 1734 146 22 circumstance

691 1762 30 19 for
727 1761 34 20 the
768 1761 106 26 obtaining
880 1761 33 20 the
919 1761 89 20 sanction
1014 1762 23 19 of
1041 1761 33 20 tl.e
1081 1760 118 28 missionary
1205 1762 53 26 body
1267 1771 6 16 ;

692 1788 38 19 and
748 1788 47 26 they
804 1787 91 21 confided
911 1787 21 20 in
949 1788 31 20 the
995 1788 81 26 anxiety
1087 1788 31 19 for
1134 1788 34 20 the
1184 1790 89 19 material

693 1814 78 20 welfare
781 1814 152 26 ofthecountty
943 1814 60 20 which
1013 1818 128 23 government
1146 1815 18 19 is
1173 1816 100 26 supposed

693 1844 20 16 to
719 1841 107 23 entertain,
841 1841 31 19 for
878 1840 33 21 the
920 1841 92 26 ensuring
1022 1840 50 21 their
1082 1845 83 23 support
1174 1846 20 15 to
1204 1848 11 13 a
1224 1843 49 26 plan

691 1867 21 20 in
722 1868 33 19 the
765 1874 87 13 success-
859 1868 23 19 of
889 1867 65 20 which
964 1867 43 27 they
1016 1867 105 20 conceived
1133 1868 43 20 that
1185 1868 33 19 the
1231 1874 41 15 sta-

692 1894 58 26 bility
760 1894 23 20 of
797 1900 36 14 our
842 1894 113 20 dominions
964 1893 17 21 in
992 1894 57 20 those
1063 1900 44 13 seas
1114 1901 43 13 was
1171 1894 103 22 involved.

691 1920 56 27 They
756 1920 129 27 accordingly
894 1920 84 26 brought
985 1919 22 21 in
1016 1927 12 13 a

717 1953 54 20 Here
781 1954 37 19 Mr
827 1952 76 28 Baring
910 1952 67 27 briefly
987 1953 65 20 stated
1065 1953 35 20 the
1112 1954 99 27 principal
1227 1961 47 21 pro-

690 1979 76 20 visions
781 1980 23 20 of
819 1979 33 21 the
868 1979 44 24 bill,
927 1979 47 20 with
982 1980 64 20 which
1061 1980 34 21 the
1110 1981 79 20 readers
1206 1981 22 20 of
1239 1983 35 19 the

691 2006 100 26 Spectator
809 2013 33 13 are
861 2006 80 27 already
954 2006 124 27 acquainted.
1107 2007 45 21 The
1166 2014 68 14 names
1253 2009 21 19 of

689 2033 34 20 the
733 2033 160 20 commissioners
907 2033 75 27 printed
990 2033 22 20 in
1021 2033 35 20 the
1069 2034 38 20 bill
1116 2041 51 13 were
1182 2034 57 22 those
1253 2036 21 20 of

689 2060 35 20 the
733 2060 114 21 committee
856 2060 23 20 of
886 2061 33 20 the
929 2060 49 20 New
988 2060 88 21 Zealand
1084 2061 128 20 Association
1218 2070 6 17 ;
1235 2063 38 19 but

690 2087 34 20 Mr
733 2087 78 27 Baring
826 2086 68 21 would
910 2090 36 17 not
960 2086 56 21 insist
1032 2094 27 13 on
1068 2087 55 21 these
1142 2094 75 18 names,
1234 2089 38 21 but

689 2114 57 20 leave
755 2113 34 21 the
799 2113 125 21 nomination
934 2117 21 16 to
964 2113 96 21 ministers
1068 2114 42 20 and
1119 2115 35 19 the
1169 2115 71 21 House
1249 2116 23 20 in

689 2147 13 13 a
711 2140 66 21 future
787 2144 55 23 stage
852 2140 23 20 of
881 2140 34 21 the
925 2140 132 28 proceedings.
1087 2141 32 21 He
1128 2141 112 28 proceeded
1250 2147 20 17 to

688 2168 86 19 unmask
784 2168 35 20 the
827 2168 102 20 character
938 2168 22 19 of
971 2168 31 20 the
1009 2168 113 27 opposition
1131 2172 21 16 to
1162 2168 34 20 the
1204 2169 38 21 bill

717 2203 14 11 '•
745 2201 32 20 To
786 2201 41 20 this
835 2200 39 21 bill
889 2202 55 19 there
957 2207 54 14 arose
1023 2208 27 13 an
1062 2202 113 27 opposition
1185 2202 56 25 .from
1258 2211 12 14 a

688 2231 80 24 quarter
777 2228 82 20 whence
868 2234 30 14 we
907 2228 52 20 least
966 2228 92 27 expected
1067 2228 24 21 it.
1115 2230 21 19 It
1143 2232 128 19 commenced

687 2255 27 26 by
723 2261 12 14 a
752 2255 61 20 series
827 2255 24 20 of
862 2255 111 27 pamphlets
982 2255 110 20 circulated
1107 2256 22 20 in
1141 2256 34 20 the
1185 2256 48 21 dark
1242 2258 28 27 by

687 2282 33 19 the
729 2286 98 23 secretary
837 2281 23 20 of
867 2282 34 21 the
910 2282 100 21 Christian
1017 2281 123 29 Missionary
1150 2283 88 28 Society,
1248 2284 22 21 ia

687 2308 66 21 which
763 2315 37 14 our
815 2308 85 21 motives
908 2315 51 14 were
973 2308 114 28 impugned,
1101 2310 40 20 and
1155 2310 35 20 the
1207 2312 62 20 exist-

686 2341 51 14 ence
746 2335 119 27 questioned
875 2336 22 19 of
910 2336 30 19 all
958 2335 53 20 those
1021 2336 84 26 feelings
1114 2337 27 26 by
1150 2336 68 22 which
1233 2338 34 21 ho-

687 2362 98 21 nourable
797 2368 47 14 men
861 2362 73 20 should
950 2363 23 19 be
987 2362 120 21 influenced.
1135 2364 22 19 It
1172 2371 41 13 was
1231 2372 37 13 an-

686 2389 94 22 nounced
794 2389 44 20 that
846 2395 31 14 we
887 2395 51 14 were
950 2389 98 27 recurring
1056 2393 21 16 to
1087 2389 34 21 the
1129 2390 35 20 old
1173 2395 94 23 pretence

686 2416 23 19 of
722 2415 122 21 civilization
859 2416 41 21 and
915 2416 142 21 advancement
1070 2417 23 19 of
1107 2416 90 26 religion,
1208 2419 60 21 while

687 2442 54 20 there
750 2449 41 14 was
804 2449 56 21 upon
868 2442 34 21 the
911 2443 44 20 face
970 2442 20 21 of
1004 2450 37 13 our
1049 2443 49 27 plan
1108 2444 99 20 sufficient
1215 2446 54 20 indi-

686 2469 66 20 cation
767 2470 24 19 of
806 2476 12 13 a
832 2469 71 27 design
919 2474 19 15 to
954 2474 64 23 repeat
1027 2473 20 17 at
1058 2470 32 19 the
1098 2477 88 21 expense
1195 2472 23 19 of
1234 2474 34 19 the

686 2496 76 20 natives
771 2496 46 21 that
830 2496 122 28 oppression,
969 2497 37 20 and
1016 2497 56 20 those
1078 2503 92 15 excesses
1178 2499 23 19 of
1214 2500 53 20 arbi-

686 2526 53 24 trary
748 2529 75 20 power,
837 2523 66 20 which
919 2528 22 15 at
957 2523 25 20 all
994 2523 66 25 times,
1077 2525 40 20 and
1129 2524 21 20 in
1167 2525 29 20 all
1211 2526 57 21 other

686 2550 108 23 countries,
809 2550 40 20 had
859 2550 81 20 marked
949 2550 29 21 the
987 2557 92 21 progress
1087 2552 23 19 of
1117 2552 33 20 the
1161 2552 106 28 European

686 2575 87 25 invader,
783 2577 42 19 and
833 2583 50 14 even
893 2576 95 27 degraded
999 2578 32 19 the
1037 2584 59 13 name
1101 2579 24 19 of
1132 2578 119 22 civilization
1260 2589 6 12 :

686 2602 45 20 that
740 2602 34 21 the
783 2603 126 27 sovereignty
919 2604 22 19 of
955 2604 30 19 the
995 2604 66 21 native
1071 2604 69 26 tribes,
1150 2605 64 21 which
1225 2614 41 13 was

686 2629 92 20 inherent
787 2630 20 19 in
816 2630 62 25 them,
887 2630 47 23 and,
945 2630 16 20 if
969 2630 13 21 it
989 2631 78 20 wanted
1074 2632 144 24 confirmation,
1227 2634 39 21 had

686 2656 50 20 been
746 2656 82 20 assured
837 2658 26 25 by
874 2663 10 13 a
894 2656 71 21 formal
971 2657 122 27 recognition
1107 2659 26 26 by
1143 2658 35 21 the
1190 2659 76 22 British

686 2682 95 25 resident,
797 2689 42 14 was
858 2687 20 16 to
896 2684 26 20 be
940 2684 61 20 called
1020 2686 21 18 in
1060 2686 93 25 question
1161 2693 6 12 :
1184 2686 42 21 that
1236 2695 30 13 we

686 2716 51 13 were
752 2716 25 13 an
793 2709 119 21 association
931 2711 23 19 of
961 2710 86 26 jobbers,
1058 2712 66 21 whose
1143 2713 47 27 only
1201 2714 67 27 object

687 2742 41 13 was
738 2736 80 27 tiading
827 2736 20 20 in
857 2736 55 24 land,
913 2748 28 4 —
941 2737 62 20 which
1019 2738 28 20 all
1063 2738 52 21 their
1125 2744 95 16 accounts
1235 2747 21 14 re

687 2763 104 26 presented
811 2770 22 13 as
847 2763 115 27 impossible
976 2768 19 15 to
1011 2765 25 20 be
1053 2765 92 21 obtained
1155 2774 6 16 ;
1174 2766 39 20 and
1222 2768 45 20 that

688 2795 29 14 we
726 2790 74 19 should
806 2790 26 19 be
841 2790 34 19 the
884 2796 69 14 means
966 2790 19 20 of
996 2791 100 27 impeding
1105 2792 34 20 the
1148 2796 56 24 great
1213 2796 54 19 work

686 2815 23 20 of
715 2816 92 27 religion,
819 2816 40 20 and
868 2816 122 23 civilization,
1001 2818 73 23 which,
1082 2818 63 21 under
1154 2819 34 20 the
1197 2826 70 22 super-

686 2842 120 21 intendence
816 2844 21 19 of
850 2844 34 19 the
892 2844 114 27 missionary
1016 2844 60 27 body,
1086 2851 40 14 was
1138 2846 78 27 rapidly
1227 2848 40 21 and

686 2869 122 27 unfailingly
823 2870 61 27 going
898 2877 33 13 on.
963 2869 34 22 We
1014 2872 61 19 could
1084 2877 36 14 not
1133 2873 38 20 but
1180 2880 86 22 suppose

686 2896 44 20 that
745 2896 59 21 when
823 2903 37 13 our
876 2897 82 20 motives
973 2904 50 14 were
1041 2898 114 27 explained,
1175 2901 39 20 and
1233 2902 34 20 the

686 2923 66 27 object
760 2924 23 19 of
795 2930 36 13 our
840 2923 37 20 bill
886 2924 50 26 fully
946 2924 55 21 made
1009 2926 78 22 known,
1103 2925 40 20 this
1154 2928 112 25 opposition

686 2949 94 26 founded,
797 2957 23 13 as
827 2956 30 14 we
872 2950 47 21 then
930 2952 97 26 supposed
1036 2952 17 19 it
1061 2955 20 17 to
1090 2952 32 25 be,
1138 2953 64 27 solely
1211 2961 54 21 upon

685 2977 84 20 motives
781 2978 23 19 of
816 2978 105 26 sympathy
932 2978 29 19 for
969 2978 32 20 the
1010 2979 84 24 natives,
1109 2980 40 20 and
1163 2980 62 21 alarm
1239 2988 26 13 on

686 3003 33 20 the
734 3008 45 23 part
788 3004 23 19 of
824 3005 56 19 those
896 3005 44 20 who
956 3004 36 21 had
1008 3006 121 20 constituted
1146 3006 120 23 themselves

684 3030 50 20 their
753 3031 79 20 natural
847 3030 113 27 guardians,
969 3032 65 20 would
1052 3032 45 27 give
1111 3040 44 20 way
1169 3034 65 21 before
1253 3042 12 13 a

684 3057 52 20 calm
745 3057 135 20 examination
889 3058 22 21 of
919 3058 34 21 the
960 3059 108 26 provisions
1078 3059 22 20 of
1107 3060 34 20 the
1150 3060 44 21 bill.
1224 3062 39 20 We

684 3090 50 14 were
747 3084 108 20 conscious
865 3084 22 21 of
900 3085 69 27 having
982 3086 59 26 given
1056 3092 58 22 every
1123 3088 111 26 protection
1242 3089 23 20 in

683 3117 36 13 our
734 3117 67 21 power
820 3115 20 16 to
858 3112 33 19 the
910 3112 81 20 tribes—
995 3113 23 20 of
1037 3112 73 28 having
1129 3114 72 21 fenced
1223 3116 40 20 and

682 3138 88 26 guarded
785 3138 52 20 their
849 3138 82 21 interest
940 3139 43 20 with
994 3145 15 14 a
1015 3140 122 20 minuteness
1148 3142 23 18 of
1182 3141 80 27 jealous

682 3171 45 14 care
736 3165 66 20 winch
819 3164 21 21 in
856 3171 53 14 some
926 3172 86 14 measme
1025 3166 129 28 complicated
1172 3174 36 14 our
1217 3169 44 23 bill,

682 3192 40 19 and
731 3191 133 20 encumbered
873 3192 16 20 it
899 3192 46 20 with
953 3193 105 27 provisions
1065 3194 66 21 which
1140 3194 122 22 constituted

682 3218 72 19 almost
763 3218 35 20 the
814 3218 47 28 only
872 3218 95 28 difficulty
975 3220 23 19 of
1009 3221 113 20 execution.
1150 3222 44 19 But
1202 3223 58 20 when

682 3250 28 14 we
724 3245 62 20 found
797 3251 57 21 every
867 3250 90 16 overture
968 3246 91 28 rejected,
1074 3254 29 14 we
1117 3248 36 20 did
1169 3248 58 26 begin
1240 3253 21 17 to

680 3276 81 22 suspect
771 3272 34 19 the
814 3272 101 21 existence
928 3273 24 20 of
963 3280 50 14 some
1023 3273 84 22 motives
1116 3275 79 27 beyond
1205 3276 56 21 those

680 3298 65 20 which
761 3298 36 20 Mr
809 3299 73 20 Coates
899 3299 39 21 had
954 3299 85 28 thought
1052 3302 107 26 expedient
1167 3306 20 16 to
1197 3309 63 15 avow.

683 3323 39 25 Sir,
733 3325 57 21 those
800 3326 112 27 suspicions
921 3326 48 21 have
974 3327 51 20 been
1032 3334 52 13 more
1089 3328 49 21 than
1145 3329 114 20 confirmed.

680 3351 61 26 Upon
758 3358 13 13 a
790 3352 54 21 close
860 3353 40 20 and
915 3353 102 27 searching
1031 3354 87 28 inquiry,
1134 3362 30 13 we
1181 3356 80 21 became

679 3378 111 21 convinced
799 3379 43 20 that
850 3379 17 20 it
877 3386 38 14 was
931 3380 38 21 less
983 3381 49 20 from
1050 3388 12 13 a
1077 3382 63 21 desire
1155 3386 20 17 to
1180 3389 80 21 .expose

680 3410 40 14 our.
724 3405 84 21 motives
818 3406 49 20 than
876 3410 20 17 to
902 3407 77 20 conceal
987 3408 51 20 their
1047 3415 44 13 own
1101 3417 6 18 ;
1122 3412 36 17 not
1166 3415 22 14 so
1198 3410 60 20 much

680 3436 13 13 a
701 3431 64 20 desire
780 3436 20 16 to
817 3436 77 23 protect
907 3434 34 20 the
954 3434 49 21 New
1013 3435 108 22 Zealander
1130 3436 49 20 from
1188 3443 71 14 excess

680 3457 23 18 of
715 3464 66 19 power
789 3465 27 14 on
830 3466 37 13 our
880 3464 49 23 part,
943 3467 21 14 as
978 3464 19 18 to
1011 3462 96 21 maintain
1116 3463 34 20 the
1159 3462 99 22 influence

680 3481 72 26 which,
767 3485 50 20 from
826 3486 83 21 motives
918 3487 63 21 which
996 3495 73 20 appear
1079 3490 64 20 rather
1154 3489 103 25 lessTthan

680 3509 98 26 spiritual,
792 3511 47 27 they
851 3512 39 21 had
900 3513 49 21 been
962 3514 88 28 engaged
1061 3515 23 20 in
1096 3516 104 28 founding,
1211 3517 48 20 that

679 3538 8 16 1
689 3541 24 14 ne
712 3535 48 32 J*fe?
762 3536 13 20 d
784 3538 65 20 raised
859 3544 25 15 an
896 3540 107 27 opposition
1014 3542 64 20 which
1087 3542 23 21 in
1119 3543 26 20 its
1157 3546 47 17 tone
1217 3544 40 19 and

679 3561 99 31 language
788 3563 7 19 i
796 3570 10 13 s
815 3565 52 19 little
875 3564 22 22 in
906 3568 118 22 accordance,
1033 3568 49 21 with
1091 3570 57 20 those
1157 3570 100 21 doctrines

677 3588 24 20 of
710 3589 76 26 justice
795 3591 41 19 and
845 3589 75 31 charity
929 3594 62 21 which,
1005 3595 46 27 they
1060 3601 22 14 so
1093 3596 70 27 loudly
1173 3598 82 26 profess.

677 3615 39 24 Sir,
733 3621 55 15 some
794 3618 80 20 curious
884 3620 50 19 facts
944 3620 46 20 have
999 3628 57 14 come
1068 3626 35 17 out
1112 3623 22 20 in
1144 3624 34 19 the
1186 3630 70 15 course

676 3642 22 20 of
705 3641 40 21 this
753 3641 89 29 inquiry.
870 3645 43 21 The
919 3646 94 28 difficulty
1021 3648 22 20 of
1049 3648 105 29 obtaining
1162 3650 48 21 land
1219 3651 37 20 has

675 3669 51 20 been
811 3670 26 26 by
846 3669 34 22 the
886 3672 135 22 missionaries'

1312 110 52 20 Here
1374 109 118 26 Mr-Baring
1496 109 83 20 showed
1584 108 43 21 that
1634 108 47 19 land
1689 111 20 16 to
1719 114 13 13 a
1738 108 49 24 large
1794 111 68 16 extent

1284 136 40 19 had
1333 137 51 19 been
1394 135 113 27 purchased
1515 135 25 27 by
1545 136 97 20 members
1651 134 22 20 of
1681 135 33 21 the
1723 134 76 21 Church
1810 134 60 22 Mis-,

1285 163 78 26 sionary
1373 163 86 26 Society,
1471 169 24 13 on
1505 162 50 19 their
1564 168 44 14 own
1619 164 85 17 account
1712 169 6 16 ;
1732 160 34 19 and
1775 160 43 20 that
1824 167 38 13 one

1286 189 21 19 of
1319 189 61 23 them,
1401 189 34 20 Mr
1452 188 67 27 Henry
1531 188 108 23 Williams,
1655 188 43 19 sold
1708 187 33 20 the
1751 186 82 27 produce
1843 187 22 20 of

1288 215 29 20 his
1326 219 74 17 estates
1408 219 20 16 to
1439 216 33 19 the
1481 214 83 21 mission
1573 215 22 20 of
1602 214 68 19 which*
1679 214 24 19 he
1712 219 38 14 was
1757 212 33 21 the
1799 213 63 20 chair-

1288 248 53 15 man.
1369 242 65 20 AMr
1444 242 98 20 Fairburn
1552 241 40 20 had
1607 241 76 25 bought
1696 247 13 13 a
1723 243 47 17 tract
1779 240 24 20 of
1816 240 48 19 land

1288 268 59 28 thirty
1358 268 59 20 miles
1435 268 21 20 in
1474 268 75 26 length.
1578 268 75 20 Messrs
1667 268 66 26 Hemp
1747 266 36 24 find
1801 266 64 20 Davis

1288 294 40 20 had
1343 294 48 21 each
1408 295 45 20 four
1468 301 23 14 or
1507 296 36 18 five
1559 293 97 22 thousand
1672 299 62 17 acres,
1743 293 61 20 which
1819 293 46 26 they

1289 318 77 23 farmed
1375 321 118 20 themselves
1500 329 7 14 ;
1517 327 22 13 so
1550 318 40 23 had
1598 322 32 18 Mr
1640 320 60 20 Clark
1709 319 39 20 and
1753 320 32 19 Mr
1793 320 73 23 Baker,

1289 348 41 19 and
1338 348 77 20 several
1423 348 56 19 other
1486 347 98 20 members
1597 347 23 20 of
1632 346 35 21 the
1685 346 111 26 missionary
1806 346 59 26 body.

1289 375 60 20 Some
1364 374 22 20 of
1402 374 34 19 Mr
1451 374 115 20 Fairburu's
1581 373 47 21 land
1638 379 40 14 was
1688 377 44 23 part
1742 372 17 21 of
1764 385 4 8 r
1775 373 34 20 the
1819 377 49 15 tract

1289 400 45 21 sold
1352 404 20 17 to
1388 407 27 13 an
1434 400 84 26 English
1537 406 98 21 company
1644 399 22 20 in
1682 400 59 23 1825,
1752 398 64 22 which
1834 398 35 21 the

1291 428 77 20 natives
1385 426 42 21 had
1444 427 73 25 always
1536 426 48 21 held
1598 426 76 24 sacred,
1689 426 39 19 and
1742 426 76 26 against
1836 426 33 20 the

1291 454 42 21 sale
1342 455 22 19 of
1378 454 67 19 which
1456 457 21 16 to
1493 453 35 20 Mr
1544 453 97 20 Fairburn
1656 459 54 13 some
1726 451 21 22 of
1756 452 53 21 them
1824 459 36 21 pro

1292 480 69 24 tested,
1375 480 22 20 in
1406 485 137 22 consequence
1553 480 23 19 of
1589 479 32 20 the
1632 479 92 27 previous
1735 478 84 20 transfer.
1849 479 21 20 It

1291 507 99 27 appeared
1405 507 45 20 that
1464 511 34 16 the
1515 506 86 24 Church,
1614 506 120 25 Missionary
1744 505 76 27 Society
1830 511 40 14 was

1293 535 26 25 by
1329 541 26 14 no
1365 540 69 14 means
1444 541 22 13 so
1475 533 112 20 successful
1595 532 21 19 in
1627 532 34 20 the
1670 532 53 19 work
1729 531 20 20 of
1754 532 116 21 conversion

1293 567 22 13 as
1331 561 32 20 the
1373 560 128 28 Wesleyans.
1529 559 44 20 The
1583 558 63 21 whole
1656 558 83 20 number
1749 558 18 20 of
1782 565 89 13 commu-

1294 587 78 21 nicants
1381 587 110 27 belonging
1500 590 19 16 to
1530 586 34 21 the
1571 586 71 20 former
1652 591 41 14 was
1702 585 45 26 only
1753 585 46 22 180,
1808 589 20 16 to
1838 583 34 22 the

1292 613 59 21 latter
1361 614 61 23 1,000
1432 622 5 15 ;
1452 613 96 26 although
1557 613 33 20 the
1597 611 73 21 church
1679 611 130 20 missionaries
1818 618 52 13 were

1293 640 36 20 five
1339 640 59 20 times
1407 647 23 13 as
1441 645 106 15 numerous
1555 645 23 14 as
1587 639 33 20 the
1629 638 123 26 Wesleyans,
1766 638 41 20 and
1821 638 52 20 their

1292 673 99 21 expenses
1401 667 59 20 much
1472 670 76 24 greater
1564 666 21 20 in
1598 665 114 27 proportion
1722 668 22 19 .to
1754 664 50 21 their
1814 671 57 14 num-

1294 694 54 21 bers.
1375 694 37 20 Mr
1422 693 76 26 Baring
1507 692 109 21 continued
1616 703 26 4 —

1385 734 17 19 it
1418 737 21 16 to
1454 734 26 19 be
1496 733 99 27 supposed
1605 732 43 21 that
1656 732 33 21 the
1698 732 78 26 worldly
1787 732 84 20 circum-

1292 764 79 17 stances
1380 760 52 21 have
1442 767 26 13 no
1482 760 100 20 influence
1596 765 46 14 over
1656 759 34 20 the
1704 763 48 16 state
1766 759 24 20 of
1804 759 68 26 things

1293 787 91 27 spiritual
1390 788 10 19 ?
1428 787 34 20 Do
1472 793 30 13 we
1515 791 37 15 not
1566 787 59 19 know
1636 786 43 20 that
1692 786 34 19 the
1735 786 94 20 churches
1839 792 33 13 are

1293 821 54 13 more
1360 814 97 23 deserted,
1472 814 43 19 that
1530 812 34 21 the
1583 812 77 21 schools
1676 819 33 14 are
1724 812 34 20 less
1771 812 102 26 earnestly

1293 840 107 28 supported
1406 841 13 18 ?>
1432 841 10 18 I
1451 840 63 26 might
1522 840 58 19 make
1589 843 114 16 statements
1714 845 47 20 upon
1771 839 41 20 this
1824 839 48 20 sub-

1290 868 44 26 ject
1343 868 47 19 with
1401 867 40 20 less
1450 866 72 21 hazard
1532 866 50 20 than
1595 866 34 19 Mr
1637 866 74 19 Coates
1719 865 88 20 incurred
1816 866 57 19 when

1295 896 24 18 he
1334 893 99 22 collected
1445 893 130 28 imputations
1585 892 77 27 against
1675 893 34 20 the
1718 892 79 21 motives
1808 892 21 20 of
1840 892 34 19 the

1294 921 120 20 association
1428 920 47 20 with
1491 920 65 19 which
1570 920 52 19 lam
1632 919 109 20 connected
1747 926 5 15 ;
1764 919 42 20 and
1818 919 11 20 I
1839 925 37 21 say

1294 955 21 12 so
1326 949 46 20 with
1383 948 40 19 less
1435 946 114 24 hesitation,
1564 946 30 20 for
1604 946 11 20 I
1624 946 72 20 should
1713 950 34 15 not
1757 950 56 16 want
1825 946 51 19 facts

1284 981 31 19 i>or
1330 974 105 26 testimony
1451 978 20 16 to
1488 977 82 23 support
1583 973 59 20 them.
1677 973 50 25 But,
1740 972 35 26 Sir,
1790 972 18 20 is
1821 972 56 21 there

1293 1002 83 26 nothing
1386 1005 21 16 to
1423 1000 51 21 alter
1488 1000 34 20 Mr
1531 1000 91 20 Coates's
1629 1000 67 23 views,
1713 999 21 20 in
1742 999 29 20 the
1780 999 97 20 evidence

1293 1034 22 13 as
1325 1031 20 18 to
1354 1028 34 20 the
1397 1031 52 16 state
1461 1028 22 19 of
1490 1027 34 20 the
1534 1031 91 22 country,
1639 1026 66 21 which
1719 1026 17 19 is
1744 1026 102 20 contained
1856 1026 21 19 in

1295 1054 33 21 the
1342 1054 116 28 dispatches
1473 1053 61 27 lately
1550 1053 89 20 received
1655 1054 47 19 from
1716 1053 31 20 Mr
1756 1053 77 27 Busby,
1844 1053 34 20 the

1294 1082 75 20 British
1380 1081 95 24 resident,
1489 1081 40 19 and
1539 1080 86 27 Captain
1636 1080 90 23 Hobson,
1734 1079 40 20 who
1783 1086 42 13 was
1834 1084 46 15 sent

1295 1108 26 27 by
1331 1109 34 20 the
1382 1108 104 20 Governor
1494 1106 22 21 of
1529 1107 53 20 New
1590 1106 63 21 South
1663 1107 70 20 Wales
1745 1113 22 13 on
1783 1112 12 13 a
1804 1106 74 27 special

1296 1136 80 19 mission
1393 1138 25 17 to.
1432 1138 66 23 report
1514 1140 26 13 on
1559 1134 33 19 the
1609 1136 45 24 spot
1660 1135 8 18 1
1702 1133 38 20 His
1750 1133 129 20 well-known

1294 1162 122 20 connection
1425 1161 48 20 with
1483 1167 54 14 some
1547 1160 21 21 of
1577 1160 33 20 the
1617 1166 81 21 persons
1704 1160 100 26 employed
1815 1160 21 19 in
1846 1160 33 19 the

1295 1188 93 21 Colonial
1399 1188 69 23 Office,
1478 1187 56 20 leads
1544 1193 32 14 me
1585 1191 20 16 to
1616 1193 85 21 suppose
1710 1186 16 20 it
1738 1190 17 16 to
1766 1188 24 18 be
1796 1186 87 21 difficult

1295 1214 45 21 that
1348 1216 25 19 he
1388 1214 73 20 should
1469 1218 36 16 not
1517 1214 51 20 have
1584 1214 49 20 been
1648 1212 101 28 cognizant
1758 1214 23 19 of
1792 1219 56 14 some
1861 1213 24 20 of'

1295 1242 58 20 those
1362 1241 114 27 dispatches
1485 1247 48 14 even
1543 1240 67 21 before
1622 1240 24 20 he
1655 1240 59 20 made
1728 1240 26 19 his
1763 1240 43 20 first
1819 1243 62 17 state-

1296 1272 68 22 ment;
1378 1268 38 21 but
1426 1268 11 20 I
1448 1268 42 20 will
1499 1268 59 19 allow
1569 1267 47 24 him,
1626 1267 29 19 for
1665 1267 33 20 the
1706 1267 43 20 sake
1757 1268 23 19 of
1792 1266 31 20 his
1832 1267 49 20 cha-

1301 1299 65 17 racter
1375 1295 30 20 for
1414 1294 100 27 sincerity,
1533 1294 35 20 the
1577 1294 73 20 benefit
1658 1294 21 19 of
1693 1294 101 26 ignorance
1804 1300 26 13 on
1839 1294 42 19 this
1884 1308 2 5 ,

1298 1322 102 20 occasion.
1423 1321 43 20 But
1473 1321 53 20 what
1534 1321 18 20 is
1562 1321 33 20 the
1601 1324 51 16 state
1660 1320 22 20 of
1689 1320 68 26 society
1767 1320 66 20 which
1844 1320 37 19 has
1884 1330 2 6 ■

1303 1355 66 20 grown
1377 1355 29 21 up
1415 1348 62 20 under
1486 1348 35 19 the
1525 1348 51 19 mild
1583 1351 129 23 government
1717 1347 22 20 of
1745 1347 30 20 the
1782 1346 84 21 mission
1872 1348 9 18 1

1299 1376 42 20 Are
1357 1379 37 16 not
1408 1381 57 16 wars,
1477 1374 98 25 murders,
1589 1374 38 19 and
1642 1379 58 21 every
1714 1373 83 27 possible
1810 1380 70 13 excess

1299 1402 36 21 rife
1344 1402 22 20 in
1379 1402 28 19 all
1418 1406 54 22 parts
1482 1402 23 19 of
1515 1401 35 20 the
1559 1400 64 21 island
1630 1401 9 19 ?
1654 1400 50 20 have
1719 1400 40 27 they
1769 1400 112 21 succeeded

1299 1428 22 21 in
1337 1429 81 27 putting
1428 1435 25 13 an
1468 1428 41 21 end
1523 1432 21 15 to
1560 1428 32 19 the
1609 1430 72 24 system
1696 1427 23 20 of
1730 1426 74 28 slavery
1813 1427 67 20 which

1299 1456 126 26 everywhere
1441 1454 62 21 exists
1510 1461 7 18 ;
1532 1454 51 20 have
1597 1454 47 26 they
1653 1453 94 20 ventured
1760 1457 21 16 to
1797 1458 84 22 attempt

1299 1482 17 19 it
1324 1489 6 17 ;
1353 1489 34 14 are
1402 1482 47 26 they
1459 1482 22 19 in
1495 1488 14 13 a
1520 1481 86 27 position
1621 1485 21 15 to
1656 1484 110 17 counteract
1780 1480 34 20 the
1830 1487 49 20 gan-

1300 1515 86 19 grenous
1400 1508 110 21 influences
1520 1508 22 19 of
1550 1508 33 19 the
1598 1507 75 27 society
1682 1508 21 19 of
1712 1513 87 21 runaway
1809 1508 74 19 sailors

1302 1536 40 19 and
1350 1535 87 27 escaped
1445 1536 98 23 convicts,
1554 1534 64 20 which
1627 1534 19 19 is
1654 1534 55 26 daily
1719 1534 126 26 augmenting
1859 1534 22 20 in

1301 1568 13 13 a
1331 1562 90 27 frightful
1434 1562 115 27 proportion
1557 1569 5 17 ;
1578 1567 36 14 can
1625 1561 44 26 they
1680 1567 69 20 oppose
1757 1567 40 20 any
1806 1560 75 21 barrier

1300 1592 21 17 to
1336 1590 33 20 the
1387 1589 76 20 vicious
1484 1588 92 27 example
1590 1587 80 27 against
1690 1587 59 20 which
1769 1587 52 20 their
1834 1583 42 31 pre*

1300 1621 55 22 cepts
1366 1620 54 16 must
1428 1616 88 26 struggle
1526 1615 21 20 in
1558 1614 51 25 vain,
1616 1621 22 13 or
1648 1618 30 17 set
1686 1621 40 19 any
1733 1614 73 19 bounds
1817 1618 20 16 to
1847 1614 33 21 the

1300 1643 109 27 profligacy
1423 1642 40 20 and
1477 1648 92 14 excesses
1579 1641 65 20 which
1660 1647 33 14 are
1703 1640 123 27 introducing
1840 1641 40 20 dis-

1300 1675 47 14 ease
1363 1670 40 19 and
1416 1673 112 23 premature
1541 1668 100 26 mortality
1651 1668 42 19 into
1709 1668 27 19 all
1746 1668 31 19 the
1791 1668 89 19 districts

1302 1696 49 20 with
1363 1696 65 20 which
1439 1696 46 26 they
1495 1702 33 13 are
1537 1695 22 20 in
1568 1695 92 20 contact?
1681 1694 42 20 Are
1733 1701 23 13 we
1764 1698 36 16 not
1808 1701 71 18 aware,

1299 1723 36 25 sir,
1355 1724 44 19 that
1415 1723 28 19 all
1461 1724 34 19 the
1510 1726 55 23 great
1582 1721 93 27 religious
1695 1722 97 19 reformers
1807 1728 74 20 among

1300 1749 109 21 barbarous
1425 1749 79 21 nations
1521 1750 49 19 have
1584 1748 122 21 established
1722 1748 45 19 their
1775 1749 68 19 creeds
1854 1749 25 26 by

1300 1777 123 25 connecting
1432 1776 26 20 its
1470 1779 91 24 precepts
1570 1775 47 20 with
1628 1775 32 20 the
1669 1774 86 21 material
1768 1776 111 26 prosperity

1300 1804 22 19 of
1335 1804 57 19 those
1410 1803 64 20 whom
1490 1803 46 25 they
1547 1802 75 20 wished
1636 1806 20 15 to
1671 1802 95 19 influence
1773 1810 6 17 ;
1796 1802 47 23 and,
1857 1802 22 20 in

1300 1836 55 14 some
1369 1836 66 15 cases,
1454 1830 28 26 by
1498 1829 82 27 making
1595 1828 79 21 articles
1690 1829 22 19 of
1724 1828 44 19 faith
1783 1835 61 19 many
1858 1829 23 19 of

1300 1856 56 21 those
1368 1856 121 26 regulations
1502 1855 94 21 Tendered
1610 1861 104 20 necessary
1724 1856 23 25 by
1759 1855 34 20 the
1805 1854 74 26 habits,

1300 1883 122 26 prejudices,
1431 1882 39 20 and
1484 1889 49 14 even
1544 1882 34 20 the
1591 1881 79 20 climate
1680 1882 22 19 of
1711 1882 31 19 the
1754 1886 85 22 country
1858 1886 20 15 to

1301 1910 65 19 which
1376 1910 48 25 they
1434 1915 32 14 are
1481 1908 94 27 adapted,
1589 1908 38 20 and
1636 1908 64 19 which
1710 1908 42 20 with
1768 1915 36 13 our
1820 1915 60 20 purer

1300 1935 83 27 religion
1394 1935 41 20 and
1444 1942 54 14 more
1507 1935 83 20 rational
1599 1935 93 26 morality
1704 1941 29 14 we
1742 1935 69 20 should
1822 1936 56 20 leave

1300 1964 21 17 to
1332 1963 24 20 be
1366 1962 96 27 provided
1471 1963 31 19 for
1509 1962 26 26 by
1545 1962 73 20 human
1628 1961 119 20 institutions
1754 1962 9 20 ?
1779 1962 44 20 Can
1830 1962 47 26 they

1300 1995 85 21 suppose
1395 1989 44 20 that
1447 1988 57 21 these
1510 1995 50 21 poor
1568 1995 82 19 savages
1660 1988 42 20 will
1712 1992 32 16 not
1750 1992 86 22 cpnnect
1844 1988 33 21 the

1300 2016 40 19 evil
1348 2016 74 26 doings
1431 2016 22 19 of
1464 2016 57 19 these
1529 2015 101 27 supposed
1645 2015 101 20 adherents
1754 2016 23 18 of
1788 2015 35 19 the
1832 2021 45 14 new

1298 2042 86 27 religion
1393 2042 49 20 with
1456 2043 34 19 the
1505 2045 64 17 tenets
1585 2042 22 19 of
1618 2041 51 20 their
1682 2041 87 26 religion,
1784 2042 41 19 and
1832 2042 45 19 that

1300 2068 22 21 in
1331 2076 61 20 many
1400 2075 57 14 cases
1466 2069 34 20 the
1508 2068 92 27 example
1609 2067 42 20 will
1661 2072 35 16 not
1708 2068 25 20 be
1740 2075 50 13 more
1800 2075 76 21 power-

1298 2096 30 19 ful
1338 2096 50 20 than
1396 2096 35 20 the
1439 2096 93 27 precept?
1561 2096 50 19 lam
1620 2098 36 17 not
1663 2094 58 21 blind
1734 2098 15 16 to
1757 2095 42 20 -the
1814 2096 62 19 sacri-

1298 2122 47 21 fices
1354 2122 41 21 and
1408 2123 98 20 exertions
1513 2122 23 20 of
1549 2122 33 20 the
1590 2121 117 27 missionary
1717 2122 49 26 body
1775 2130 6 16 ;
1795 2128 27 14 no
1838 2129 38 14 one

1297 2150 18 19 is
1331 2157 55 14 more
1404 2150 59 26 ready
1480 2153 20 16 to
1518 2148 141 26 acknowledge
1674 2148 61 21 them.
1767 2149 109 20 Whatever

1298 2176 52 26 good
1363 2177 19 20 is
1397 2176 97 21 achieved
1509 2176 22 19 in
1547 2176 54 20 these
1615 2175 83 25 islands,
1714 2175 41 27 they
1764 2175 44 20 will
1824 2176 52 20 have

1298 2204 52 20 been
1359 2204 35 20 the
1407 2203 88 28 primary
1503 2209 59 14 cause
1577 2202 22 21 of
1605 2210 6 18 ;
1630 2202 41 21 and
1689 2202 34 20 the
1737 2202 40 20 best
1792 2202 60 27 proof
1863 2203 12 20 I

1297 2236 39 15 can
1345 2230 46 27 give
1401 2231 22 20 of
1435 2230 52 28 good
1497 2230 74 26 feeling
1579 2228 84 21 towards
1674 2229 61 24 them,
1742 2228 14 21 is
1765 2236 36 20 my
1809 2229 65 20 readi-

1296 2263 47 15 ness
1352 2261 20 16 to
1382 2261 91 23 separate
1481 2257 54 20 them
1547 2257 48 19 from
1604 2256 34 20 the
1648 2262 70 20 person
1730 2256 40 20 who
1781 2257 35 19 has
1825 2263 49 14 con-

1296 2284 84 21 stituted
1389 2284 81 21 himself
1478 2284 51 20 their
1538 2289 60 21 organ
1608 2282 52 25 here,
1666 2286 20 17 to
1694 2282 89 21 attribute
1792 2286 21 17 to
1820 2283 54 20 them

1295 2317 60 20 purer
1362 2311 83 20 motives
1460 2310 41 21 and
1511 2317 14 13 a
1541 2316 53 15 more
1609 2309 133 21 disinterested
1755 2310 49 20 zeal.
1832 2310 43 20 But

1296 2338 34 20 the
1340 2338 48 21 time
1397 2338 37 20 has
1441 2344 55 15 come
1503 2337 57 20 when
1566 2336 51 21 their
1623 2336 99 21 exertions
1729 2343 34 14 can
1771 2343 28 14 no
1804 2337 72 26 longer

1295 2364 67 28 singly
1372 2365 53 20 avail
1433 2372 5 18 ;
1452 2365 41 20 and
1507 2370 31 14 we
1554 2363 38 21 had
1607 2363 65 27 hoped
1687 2364 43 19 that
1742 2363 18 20 in
1776 2364 34 20 the
1825 2364 49 27 plan

1296 2397 30 14 we
1336 2392 39 20 had
1386 2392 101 26 produced
1500 2391 46 26 they
1560 2390 67 21 would
1643 2390 48 20 have
1709 2390 56 21 found
1781 2390 34 21 the
1832 2392 44 19 best

1296 2419 139 27 co-operation
1445 2418 49 21 with
1503 2418 51 20 their
1562 2418 87 23 labours,
1665 2417 41 20 and
1714 2417 29 20 the
1752 2422 65 15 surest
1831 2424 44 14 cor-

1295 2446 73 20 rective
1385 2446 23 19 of
1425 2445 33 21 the
1472 2444 50 22 evils
1538 2444 78 27 against
1634 2443 73 25 which,
1722 2444 90 24 unaided,
1827 2445 48 26 they

1294 2477 75 16 cannot
1387 2472 95 28 struggle,
1497 2471 20 20 in
1534 2471 35 20 the
1583 2472 91 26 example
1688 2471 24 20 of
1730 2477 10 14 a
1754 2472 63 19 moral
1834 2472 40 19 and

1294 2500 140 20 well-ordered

1321 2538 43 20 The
1373 2542 50 16 next
1431 2537 74 21 branch
1514 2537 23 20 of
1548 2537 34 20 Mr
1591 2536 93 27 Baring's
1690 2536 69 28 speech
1768 2543 41 14 was
1817 2543 13 14 a
1839 2537 34 20 de-

1294 2564 36 21 tail
1347 2566 22 19 of
1384 2565 34 20 the
1434 2564 122 28 negotiation
1572 2563 47 20 with
1634 2563 35 20 the
1684 2568 129 22 government,
1833 2564 40 20 and

1294 2591 113 21 interviews
1426 2592 49 19 with
1491 2590 64 21 Lords
1575 2590 127 24 Melbourne,
1721 2590 87 23 Howick,
1832 2591 40 20 and

1295 2618 94 27 Glenelg,
1405 2618 73 28 during
1494 2618 33 20 the
1543 2618 39 19 last
1590 2616 145 21 twelvemonth.
1761 2617 59 20 From
1830 2617 41 20 this

1293 2645 17 20 it
1326 2646 107 27 appeared,
1453 2647 45 18 that
1514 2648 22 16 at
1547 2644 50 20 'first
1615 2644 63 19 Lords
1696 2644 117 21 Melbourne
1831 2644 41 21 and

1293 2672 87 21 Howick
1396 2672 40 21 had
1451 2672 58 26 given
1525 2670 84 25 decided
1624 2674 163 22 encouragement
1804 2676 18 15 to
1838 2671 34 21 the

1293 2699 76 27 project
1377 2707 6 17 ;
1398 2699 48 20 then
1462 2698 97 21 thwarted
1573 2698 16 19 it
1596 2705 6 16 ;
1618 2697 40 20 and
1674 2703 21 14 so
1712 2703 30 18 on,
1755 2698 115 20 backwards

1293 2728 40 18 and
1343 2726 103 24 forwards,
1461 2726 33 19 till
1503 2729 22 16 at
1533 2724 41 21 last
1580 2724 53 20 Lord
1642 2724 94 26 Glenelg,
1746 2724 78 27 finding
1838 2725 34 20 the

1293 2753 124 20 association
1427 2753 59 26 ready
1496 2756 19 16 to
1524 2755 34 17 act
1567 2758 54 20 upon
1632 2757 59 20 every
1698 2751 113 20 reasonable
1823 2758 47 20 sug-

1293 2780 77 26 gestion
1387 2780 21 19 of
1424 2780 34 19 the
1473 2782 135 24 government,
1628 2777 31 20 hit
1676 2784 53 20 upon
1743 2783 13 14 a
1769 2778 102 20 condition

1293 2806 65 21 winch
1369 2806 25 20 he
1404 2807 56 19 knew
1467 2805 59 21 could
1536 2809 35 16 not
1578 2806 23 19 be
1608 2804 99 28 complied
1714 2804 41 19 with
1757 2816 25 3 —
1783 2805 88 26 namely,

1294 2832 43 21 that
1346 2834 46 26 they
1403 2833 73 20 should
1485 2834 81 18 become
1575 2839 12 13 a
1593 2831 58 27 joint-
1656 2831 56 20 stock
1718 2837 98 21 company.
1837 2832 35 19 Mr

1293 2859 77 28 Baring
1387 2860 79 20 showed
1480 2859 43 20 that
1539 2859 34 20 the
1588 2858 97 27 principle
1696 2865 26 12 on
1731 2858 61 20 which
1805 2858 16 20 it
1830 2865 41 13 was

1293 2887 97 27 proposed
1401 2891 19 15 to
1429 2886 88 21 colonize
1531 2886 52 19 New
1592 2884 85 21 Zealand
1687 2884 54 20 could
1750 2890 37 14 not
1801 2885 24 20 be
1835 2889 37 23 put

1292 2913 43 20 into
1350 2914 112 19 successful
1484 2912 101 28 operation
1601 2912 27 26 by
1643 2918 23 13 a.
1674 2911 72 26 trading
1763 2918 106 20 company,

1292 2940 67 21 whose
1368 2941 43 19 first
1419 2940 65 27 object
1495 2943 53 16 must
1555 2940 26 19 be
1593 2939 33 19 the
1636 2938 96 26 purchase
1741 2938 39 19 and
1792 2938 43 20 sale
1850 2939 22 20 of

1291 2966 49 21 land
1357 2968 49 19 with
1424 2973 11 14 a
1444 2967 51 20 view
1503 2970 21 15 to
1543 2966 63 27 profit.
1635 2965 21 20 It
1672 2971 41 13 was
1731 2964 76 21 curious
1827 2965 44 20 that

1293 2994 59 19 while
1365 2994 77 19 Messrs
1457 2993 73 21 Coates
1540 2992 40 20 and
1594 2991 108 23 Beecham,
1717 2990 19 20 in
1749 2991 50 20 their
1813 2998 57 20 pam-

1291 3020 73 26 phlets,
1379 3020 74 20 vilified
1463 3020 35 20 the
1505 3018 120 21 association
1639 3024 22 13 as
1670 3024 12 13 a
1689 3017 115 27 joint-stock
1815 3025 54 14 com-

1291 3053 61 21 pany,
1366 3047 35 20 the
1418 3050 129 23 government
1558 3044 88 28 opposed
1660 3044 33 21 the
1710 3044 32 20 bill
1757 3045 85 20 because
1853 3046 17 19 it

1290 3073 35 20 did
1340 3077 35 16 not
1395 3073 107 20 constitute
1517 3079 12 13 a
1543 3072 119 27 joint-stock
1676 3077 100 21 company.
1806 3072 64 20 What

1291 3100 67 21 would
1367 3100 34 21 the
1406 3103 128 24 government
1542 3100 26 19 do
1576 3098 22 21 of
1609 3098 67 20 itself?

1343 3137 83 26 Having
1439 3137 58 20 made
1512 3135 40 21 this
1570 3138 105 18 statement
1690 3135 24 20 of
1729 3133 50 23 what
1794 3135 75 27 passed

1290 3164 88 20 between
1394 3164 36 20 her
1438 3163 106 27 Majesty's
1554 3165 127 24 government
1689 3161 39 21 and
1738 3161 32 21 the
1779 3162 88 20 associa-

1289 3190 50 25 tion,
1354 3192 54 21 I/am
1418 3190 31 21 led
1460 3194 20 17 to
1490 3189 78 26 inquire
1576 3189 52 21 what
1643 3189 78 26 remedy
1730 3195 18 13 or
1757 3188 54 20 what
1822 3189 45 27 pal-

1288 3217 69 21 liative
1370 3218 43 19 will
1429 3217 39 20 this
1483 3219 128 24 government
1625 3215 22 21 of
1665 3215 113 27 expedients
1796 3217 23 18 be
1836 3216 31 20 in-

1288 3244 66 21 duced
1364 3248 21 17 to
1399 3244 60 28 adopt
1465 3245 9 19 ?
1500 3244 11 19 I
1521 3250 38 13 can
1568 3243 69 26 hardly
1645 3243 57 19 think
1709 3242 38 20 that
1757 3242 35 20 the
1801 3242 66 21 native

1288 3277 100 21 congress,
1409 3271 153 20 recommended
1582 3270 24 26 by
1622 3270 34 19 Mr
1674 3269 72 26 Busby,
1768 3268 48 20 with
1832 3269 34 21 the

1288 3298 95 27 adoption
1397 3298 23 19 of
1431 3297 104 22 collateral
1549 3302 106 17 measures,
1669 3296 48 20 such
1731 3301 25 18 as.
1764 3295 34 20 the
1813 3299 54 17 esta-

1288 3324 120 21 blishments
1424 3326 22 19 of
1456 3328 75 19 courts,
1545 3324 38 20 &c.
1583 3335 28 3 —
1611 3329 51 14 none
1677 3323 23 19 of
1712 3321 58 21 which
1785 3328 38 14 can
1840 3323 25 21 be

1288 3352 96 20 admitted
1403 3351 83 20 without
1508 3351 103 26 assuming
1630 3349 33 21 the
1681 3349 120 26 sovereignty
1817 3349 48 28 they

1287 3378 60 21 affect
1355 3382 21 16 to
1394 3378 90 21 disclaim
1485 3389 26 5 —
1512 3384 38 14 can
1564 3377 25 20 be
1605 3377 21 19 in
1639 3375 50 21 their
1703 3375 160 27 contemplation.

1287 3405 57 27 They
1353 3408 55 17 must
1417 3405 57 20 know
1484 3404 45 21 that
1538 3411 26 13 no
1575 3403 84 21 number
1673 3403 22 19 of
1707 3402 111 27 Europeans
1830 3409 34 14 are

1287 3432 61 26 likely
1357 3435 21 17 to
1388 3432 77 20 submit
1477 3435 20 16 to
1511 3437 13 13 a
1540 3430 111 27 legislative
1666 3429 95 26 assembly
1771 3432 21 16 at
1808 3429 55 21 Wai-

1286 3464 66 20 mate;
1367 3458 41 20 and
1424 3458 44 20 that
1481 3459 26 26 by
1518 3457 33 21 the
1560 3458 46 19 time
1622 3455 34 21 the
1671 3455 129 21 missionaries
1812 3456 51 20 have

1288 3486 57 20 made
1355 3485 33 20 the
1397 3485 42 20 first
1449 3489 44 22 step
1501 3484 21 20 in
1534 3483 50 21 their
1593 3481 145 23 constitutional
1747 3483 115 24 education,

1286 3512 45 20 half
1344 3513 34 19 the
1387 3511 114 27 population
1512 3510 104 20 will^have
1626 3508 131 28 disappeared,
1775 3509 40 21 and
1829 3510 34 20 the

1286 3539 61 20 white
1359 3538 82 20 invader
1450 3538 42 20 will
1507 3537 50 20 have
1571 3536 101 20 increased
1682 3536 129 26 twenty-fold.
1841 3537 24 19 If

1286 3566 47 26 they
1343 3571 60 14 mean
1408 3568 25 21 .to
1441 3565 58 27 plant
1508 3563 97 25 factories,
1612 3565 21 17 at
1644 3563 33 19 the
1688 3563 71 19 bottom
1770 3563 29 25 of,
1803 3569 59 22 every

1286 3593 38 25 bay
1334 3592 65 20 where
1411 3592 116 26 Europeans
1542 3592 71 22 resort,,
1622 3589 12 21 I
1644 3589 66 21 would
1726 3589 31 20 aak
1773 3590 55 20 them,
1841 3594 21 16 to

1285 3618 92 21 estimate
1386 3618 34 20 the
1429 3617 95 29 probable
1532 3622 137 21 consequence
1678 3617 23 19 of
1707 3616 53 20 small
1770 3622 91 15 commu-

1285 3645 66 20 nities:
1357 3645 84 20 without
1448 3650 118 17 commerce,
1580 3643 83 20 without
1672 3643 100 20 combined
1782 3644 78 24 labour,

1285 3676 47 19 arts,
1345 3671 131 26 institutions,
1485 3670 40 20 and
1533 3669 90 28 religion,
1637 3670 61 27 being
1707 3669 83 28 grouped
1797 3671 65 19 round

2467 66 2 4 7
