2540 3799
680 108 67 21 duced
756 109 82 24 disease,
849 111 41 19 and
898 110 54 21 done
960 111 29 19 its
1002 113 60 19 usual
1076 112 124 22 destructive
1213 115 58 20 work

667 156 3 5 ,
678 135 22 20 in
707 136 55 25 spite
771 137 24 19 of
802 137 35 19 the
844 137 89 21 climate.
1133 146 20 19 p.
1166 139 33 21 12.

707 169 36 20 Mr
763 170 109 26 Mathews,
893 178 12 13 a
927 176 71 15 recent
1017 172 76 23 writer,
1111 172 99 22 discusses
1232 175 37 20 the

678 196 70 20 effects
768 197 24 19 of
812 196 36 21 the
867 198 53 19 New
935 197 90 21 Zealand
1044 199 83 20 climate
1149 207 26 13 on
1194 200 75 21 female

677 223 87 24 beauty:

726 249 47 20 The
782 256 48 19 rosy
837 250 58 26 tinge
903 250 25 21 of
934 250 36 20 the
1079 253 26 19 he
1113 254 100 22 observes,
1251 254 16 20 is

678 276 35 19 the
730 275 66 22 direct
810 283 149 20 consequences
978 278 25 20 of
1018 278 60 21 moist
1092 280 37 22 air,
1147 280 24 20 of
1181 287 13 13 a
1211 281 54 20 fresh

677 302 131 27 stimulating
817 303 97 20 coolness.
945 304 46 20 The
1007 304 79 21 British
1103 306 39 20 fair
1156 313 48 19 may
1220 308 45 25 rely

676 329 45 19 that
732 329 116 27 England's
857 337 43 13 rose
906 330 41 20 will
958 335 37 16 not
1004 332 37 19 fail
1050 336 22 16 to
1081 332 87 21 blossom
1179 334 22 19 in
1211 334 54 20 New

677 355 90 21 Zealand
776 356 22 20 in
808 356 28 20 all
850 356 26 20 its
884 358 84 19 natural
984 358 96 24 richness,
1097 360 73 26 giving
1180 361 35 19 the
1225 367 39 13 un-

676 383 95 19 matched
778 383 58 26 tinge
844 383 25 20 of
874 384 35 19 the
923 384 71 21 flower
994 396 26 4 —
1021 386 77 26 beauty
1106 388 41 17 and
1156 387 107 20 freshness.

677 408 49 20 The.
731 409 79 27 danger
820 410 17 20 is
846 411 45 19 that
907 411 18 20 it
943 417 49 21 may
1002 419 49 13 even
1062 413 67 19 throw
1144 414 44 19 that
1198 414 25 19 of
1229 414 35 19 the

676 436 81 19 mother
764 440 88 23 country
859 437 46 20 into
914 438 63 20 shade
984 446 6 16 ;
1006 438 100 26 although
1116 439 28 20 its
1152 440 65 23 sister,
1228 441 36 19 the

674 463 105 25 vegetable
787 470 52 16 rose,
854 464 36 19 has
904 471 62 13 never
982 466 50 19 been
1048 472 48 13 seen
1107 465 124 27 indigenous
1240 468 22 18 in

674 488 35 20 the
718 490 99 20 southern
836 491 135 26 hemisphere,
990 492 68 20 whilst
1075 492 18 19 it
1105 493 113 20 surrounds
1227 494 36 19 the

672 514 63 27 globe
744 516 23 20 in
776 517 37 20 the
827 518 97 19 northern
934 518 52 20 with
995 525 13 12 a
1016 518 84 26 flowery
1109 519 82 25 chaplet
1211 533 5 6 .
1233 534 6 6 .
1257 535 5 6 .

673 543 25 19 In
707 543 58 20 other
773 547 92 23 respects,
875 544 53 20 from
945 545 27 20 its
988 546 39 19 soft
1036 546 63 19 moist
1108 546 89 23 climate,
1209 546 53 20 New

674 568 97 24 Zealand,
781 569 44 21 like
843 571 70 26 Sicily,
928 578 49 19 may
987 573 26 18 be
1029 572 98 25 expected
1137 576 22 16 to
1168 574 26 18 be
1203 579 57 19 espe-

672 594 61 27 cially
743 597 116 25 propitious
874 602 23 15 to
912 604 87 15 women.
1030 598 45 20 The
1093 604 104 20 prospects
1214 606 47 13 now

672 622 70 20 before
754 624 57 20 them
821 628 55 16 must
884 631 61 14 cause
955 625 35 19 tbe
1000 625 70 26 bright
1080 626 62 19 blood
1151 630 20 16 to
1182 628 78 19 mantle

672 655 27 13 on
710 650 35 18 the
755 650 63 20 cheek
828 650 23 20 of
863 652 35 19 the
909 651 78 20 British

700 675 26 20 In
736 677 63 24 short,
810 678 49 19 both
874 678 36 19 the
925 678 39 20 soil
975 678 40 19 and
1024 678 83 20 climate
1115 679 25 19 of
1146 679 53 20 New
1210 680 49 19 Zea-

672 702 47 20 land
729 709 43 19 are,
778 704 22 20 in
808 704 36 20 the
852 704 80 25 highest
938 704 80 27 degree,
1028 705 117 20 favourable
1153 710 20 15 to
1181 707 76 20 animal

670 729 41 20 and
730 730 107 26 vegetable
853 731 139 24 existence,—
1011 732 35 19 the
1065 732 60 20 finest
1140 732 88 25 samples
1237 735 25 18 of

672 756 34 19 the
716 756 78 21 human
805 764 45 13 race
858 764 35 13 are
901 760 58 17 therp
968 762 22 15 to
1008 759 26 19 be
1042 759 72 25 found,
1133 760 35 19 the
1183 760 75 26 largest

671 782 40 20 and
726 783 60 20 finest
803 784 74 20 timber
894 791 75 19 grows,
984 785 40 20 and
1039 792 61 19 every
1109 787 105 24 vegetable
1224 791 35 20 yet

671 809 83 24 planted
891 812 127 26 Comparing
1027 813 37 18 the
1072 812 87 20 latitude
1168 814 24 19 of
1205 814 53 19 New

671 835 92 21 Zealand
781 838 51 19 with
851 838 45 20 that
912 839 24 19 of
952 838 37 20 tbe
1006 840 99 19 southern
1123 840 105 20 countries
1236 842 25 19 of

671 862 92 26 Europe,
778 864 59 20 there
851 864 16 20 is
883 871 28 14 no
921 864 66 21 doubt
995 866 39 19 but
1043 866 36 19 the
1088 866 52 24 vine,
1151 867 35 19 the
1196 866 61 26 olive,

670 889 35 19 the
714 891 113 26 mulberry,
837 891 40 20 and
893 892 60 19 other
970 892 135 25 productions
1114 893 25 19 of
1152 893 56 27 Italy
1217 894 41 20 and

669 916 36 19 the
713 918 62 19 south
782 918 24 20 of
813 917 78 21 France
899 918 41 20 and
950 918 112 26 Germany,
1068 918 44 21 will
1122 920 66 19 thrive
1198 920 45 20 well
1249 929 6 16 ;

669 943 37 19 but
722 944 51 26 they
782 948 56 16 must
853 946 26 18 be
895 944 123 21 introduced
1035 946 28 26 by
1077 952 84 19 persons
1170 947 46 20 well
1225 954 33 13 ac-

669 969 98 26 quainted
778 971 52 19 with
840 971 54 20 their
902 972 88 20 culture.
1203 980 3 5 -
1252 986 13 13 +

696 997 96 20 Another
801 997 148 22 circumstance
965 998 67 21 which
1049 999 83 20 renders
1137 1000 58 19 -New
1206 1000 52 21 Zea-

667 1023 49 20 land
731 1030 12 12 a
760 1024 74 26 highly
846 1025 83 26 eligible
938 1025 49 20 field
996 1026 32 19 for
1037 1026 141 24 colonization,
1194 1028 18 19 is
1220 1028 37 20 the

667 1050 96 25 superior
776 1051 131 26 intelligence
917 1052 24 20 of
955 1053 37 19 the
1002 1053 133 26 Aborigines,
1151 1054 40 19 and
1201 1054 56 21 their

665 1077 92 24 peculiar
781 1079 91 26 capacity
891 1079 32 20 for
941 1079 131 20 civilization.
1111 1080 45 19 The
1171 1080 80 27 facility

666 1103 51 20 with
736 1105 68 19 which
823 1106 50 25 they
890 1105 64 26 adopt
971 1107 36 19 the
1025 1107 125 20 mechanical
1171 1112 44 15 arts
1234 1108 24 20 of

668 1130 89 26 Europe,
768 1131 17 20 is
802 1132 118 26 something
928 1132 61 27 quite
997 1134 135 23 remarkable,
1151 1134 40 20 and
1201 1136 54 19 their

666 1157 66 19 desire
738 1158 32 20 for
775 1158 121 27 knowledge
903 1160 17 19 is
928 1166 23 13 so
959 1164 65 21 great,
1029 1161 45 20 that
1080 1162 57 18 there
1145 1161 16 19 is
1166 1161 89 27 scarcely

665 1190 13 14 a
693 1190 50 19 year
752 1192 68 18 passes
829 1186 45 19 that
881 1193 12 12 a
901 1186 53 20 New
964 1186 113 21 Zealander
1086 1186 47 21 does
1140 1191 42 20 not,
1192 1188 25 19 of
1224 1189 31 20 his

665 1218 47 12 own
728 1212 82 25 accord,
824 1212 57 20 work
896 1213 31 20 his
936 1219 84 21 passage
1033 1217 23 16 to
1070 1213 98 27 England
1177 1214 34 20 for
1220 1216 35 19 the

665 1244 55 13 mere
731 1245 89 20 purpose
829 1240 24 19 of
857 1240 86 26 gaining
952 1240 127 27 knowledge.
1098 1241 58 25 They
1163 1247 35 14 are
1206 1249 48 12 con-

664 1265 79 26 stantly
751 1266 109 25 employed
869 1273 28 12 on
907 1266 64 21 board
981 1268 35 19 the
1023 1267 92 27 whaling
1124 1268 56 24 ships
1189 1270 65 18 which

665 1292 98 25 frequent
772 1294 35 19 the
820 1294 99 19 southern
928 1300 50 17 seas,
994 1294 39 19 and
1048 1297 49 23 they
1107 1301 34 13 are
1151 1295 104 20 described

665 1319 26 24 by
703 1319 127 20 Lieutenant
848 1320 76 19 Breton
938 1327 22 14 as
975 1321 116 26 exhibiting
1107 1323 99 25 strength,
1222 1329 33 12 ac-

665 1345 69 26 tivity,
743 1346 40 20 and
792 1347 136 25 intelligence.

695 1372 31 19 Dr
738 1372 61 27 Lang
812 1380 76 13 assures
903 1381 25 12 us
942 1374 45 19 that
1001 1375 34 19 the
1043 1375 46 19 best
1098 1374 113 21 helmsman
1227 1382 26 13 on

664 1399 63 19 board
738 1406 12 12 a
759 1400 64 20 vessel
838 1402 25 24 by
879 1401 68 19 which
963 1402 25 18 be
997 1408 51 13 once
1057 1402 96 19 returned
1163 1406 21 15 to
1195 1402 57 26 Eng-

665 1425 54 24 land,
735 1433 41 13 was
791 1427 63 25 Toki,
868 1434 12 12 a
897 1428 53 19 New
968 1428 117 20 Zealander.

664 1459 45 19 says
726 1452 33 21 Dr
773 1454 67 25 Lang,
874 1454 61 20 could
952 1454 67 20 divert
1036 1456 33 18 his
1081 1456 102 19 attention
1200 1456 51 19 from

665 1480 34 18 the
709 1486 100 19 compass,
817 1487 24 13 or
850 1481 34 19 the
890 1481 56 24 sails,
956 1488 23 13 or
989 1482 35 19 the
1036 1488 45 17 sea;
1096 1482 41 19 and
1145 1483 107 19 whenever

665 1506 13 20 I
687 1512 41 13 saw
739 1507 43 20 him
791 1512 22 15 at
823 1508 35 19 the
869 1508 61 22 holm,
939 1508 41 19 and
990 1508 108 26 especially
1107 1509 21 19 in
1138 1513 112 21 tempestu-

665 1539 37 13 ous
712 1534 90 19 weather
811 1539 21 14 at
842 1535 65 25 night,
919 1535 11 19 I
939 1535 62 19 could
1011 1540 37 15 not
1058 1536 47 24 help
1115 1536 110 26 regarding
1236 1536 15 19 it

663 1566 22 13 as
694 1566 12 12 a
715 1565 55 15 most
783 1560 120 28 interesting
917 1561 41 20 and
973 1562 84 24 hopeful
1072 1562 148 20 circumstance
1230 1563 20 19 in

665 1587 33 19 the
709 1586 78 27 history
797 1588 25 19 of
836 1595 54 16 man,
908 1590 44 17 that
970 1595 12 12 a
999 1589 78 19 British
1095 1590 62 19 vessel
1170 1590 24 19 of
1204 1589 48 20 four

663 1613 94 20 hundred
777 1618 53 21 tons,
851 1615 122 26 containing
990 1622 13 12 a
1020 1616 93 19 valuable
1131 1623 61 18 cargo
1211 1616 40 19 and

663 1646 61 19 many
734 1641 56 19 souls
800 1642 24 19 of
832 1642 126 24 Europeans,
972 1642 76 19 should
1065 1645 24 16 be
1098 1642 77 20 steered
1185 1649 67 14 across

663 1668 35 18 the
707 1664 112 24 boundless
834 1668 82 23 Pacific,
933 1670 21 17 in
974 1670 36 18 the
1026 1669 63 20 midst
1104 1669 24 19 of
1138 1673 63 16 storm
1212 1670 39 19 and

663 1694 105 23 darkness,
780 1696 26 24 by
816 1701 13 13 a
843 1701 49 18 poor
905 1695 53 20 New
970 1695 120 25 Zealander,
1100 1696 68 19 whose
1177 1697 75 18 fathers

662 1720 45 23 bad,
717 1720 54 21 from
780 1722 50 19 time
839 1722 141 23 immemorial,
989 1723 50 19 been
1046 1728 66 14 eaters
1121 1723 24 19 of
1152 1724 70 19 men.''
1223 1735 28 5 —

662 1748 142 24 Information,
814 1748 37 28 B[c.
861 1755 19 18 p.
891 1748 35 21 40.

691 1774 45 19 The
746 1776 48 19 bare
804 1776 92 19 mention
911 1776 24 19 of
949 1780 66 15 eaters
1025 1776 24 19 of
1055 1783 56 15 men,
1120 1776 91 19 reminds
1225 1783 25 13 us

663 1801 44 19 that
715 1800 18 20 it
742 1802 18 19 is
771 1808 103 19 necessary
889 1806 21 15 to
926 1808 37 19 say
978 1809 12 12 a
1007 1803 39 19 few
1060 1803 66 19 words
1136 1803 115 26 respecting

662 1828 144 20 cannibalism.
836 1828 55 21 John
904 1828 57 24 Bull,
971 1835 31 13 we
1011 1829 68 25 know,
1089 1830 18 19 is
1122 1831 69 18 rather
1206 1836 44 18 pre-

663 1854 94 25 disposed
768 1859 21 16 to
799 1857 24 18 be
833 1856 124 26 frightened,
973 1856 79 26 though
1063 1863 30 12 we
1103 1863 35 12 are
1147 1860 36 15 not
1194 1858 57 24 quite

662 1887 47 14 sure
718 1882 46 19 that
773 1883 36 18 the
818 1882 74 19 chance
902 1883 24 19 of
932 1882 105 26 affording
1045 1890 13 12 a
1067 1882 52 20 meal
1134 1887 22 15 to
1163 1884 88 18 another

663 1908 68 19 would
744 1908 64 20 alarm
818 1908 43 19 him
872 1910 61 18 much
947 1915 58 12 more
1022 1910 49 17 than
1081 1911 35 18 the
1125 1914 94 20 prospect
1229 1910 25 18 of

664 1934 66 26 losing
740 1941 12 13 a
761 1936 53 19 meal
823 1936 25 19 of
854 1935 31 19 his
893 1941 52 14 own.
976 1935 30 20 Be
1016 1936 46 19 that
1069 1942 23 13 as
1102 1936 17 19 it
1130 1942 53 19 may,
1194 1937 56 18 how-

663 1967 51 18 ever,
724 1962 19 19 it
751 1968 48 19 may
809 1963 25 19 be
843 1962 46 19 well
899 1966 22 15 to
933 1961 94 20 mention
1037 1964 46 17 that
1091 1964 36 17 the
1138 1962 52 19 New
1200 1962 50 19 Zea-
1259 1980 3 5 ,

663 1988 47 19 land
719 1990 91 19 colonist
819 1995 48 13 runs
877 1995 27 13 no
913 1988 44 20 risk
973 1989 26 18 of
1008 1988 108 26 incurring
1125 1989 67 19 either
1203 1989 47 19 mis-

662 2016 81 18 chance.
775 2017 47 18 The
830 2015 82 20 natural
924 2014 168 27 productiveness
1101 2016 24 19 of
1138 2015 52 20 New
1201 2015 50 20 Zea-

663 2041 54 24 land,
730 2048 23 13 as
762 2049 31 13 we
802 2043 51 18 have
862 2048 54 17 seen,
931 2042 18 19 is
964 2043 51 18 such
1029 2049 22 12 as
1067 2047 23 15 to
1098 2042 79 20 furnish
1189 2042 63 20 meals

663 2072 22 15 to
694 2068 92 20 millions
792 2076 7 17 ;
815 2068 40 20 and
866 2075 21 13 as
905 2073 23 15 to
942 2068 142 25 cannibalism,
1098 2070 18 19 it
1132 2069 19 20 is
1164 2075 47 13 now
1220 2075 32 13 re-

662 2094 65 20 duced
738 2099 22 16 to
775 2103 12 12 a
801 2101 42 14 war
852 2096 51 19 feast
916 2095 30 26 (if
963 2100 36 15 not
1008 2096 76 25 always
1093 2094 40 28 so),
1142 2096 39 19 and
1191 2102 59 17 even,

662 2128 21 13 as
692 2122 60 24 such,
762 2122 18 20 is
790 2122 72 26 falling
870 2122 46 19 into
923 2122 75 19 disuse.
1030 2124 20 18 A
1059 2129 46 13 race
1114 2123 24 20 of
1145 2123 105 19 cannibals

662 2155 50 13 once
721 2148 55 21 lived
790 2150 67 19 where
870 2149 93 25 thriving
982 2149 111 26 Glasgow*
1112 2156 46 13 now
1174 2149 77 24 stands,

662 2174 41 20 and
712 2176 22 19 in
751 2176 44 19 like
804 2182 86 13 manner
899 2182 113 13 numerous
1023 2176 121 25 Europeans
1154 2183 46 12 now
1211 2176 40 19 live

662 2209 72 12 secure
752 2203 22 19 in
794 2203 54 20 New
867 2202 98 25 Zealand,
980 2204 90 19 without
1085 2204 36 19 the
1135 2203 114 25 protection

663 2228 68 21 which
749 2236 13 13 a
780 2230 83 26 regular
880 2234 137 21 government
1034 2230 44 19 will
1095 2230 73 21 afford.
1208 2229 45 20 The

665 2256 109 19 Reverend
789 2257 36 20 Mr
836 2256 69 20 White
915 2263 46 19 says
967 2264 36 12 :—

712 2282 45 21 But
767 2284 58 19 there
836 2283 15 20 is
860 2284 87 19 another
957 2283 53 20 view
1019 2283 24 20 of
1054 2284 36 19 the
1098 2283 79 24 subject
1195 2288 23 15 to
1227 2285 25 18 be

662 2309 69 24 taken,
742 2310 41 19 and
790 2312 46 17 that
843 2310 50 20 view
902 2310 123 26 exclusively
1034 2316 98 14 concerns
1142 2311 58 19 those
1206 2312 47 17 who

662 2337 139 25 contemplate
811 2338 36 19 the
856 2337 174 25 transplantation
1044 2338 24 19 of
1082 2338 121 19 themselves
1212 2337 39 19 and

663 2363 89 20 families
770 2368 22 15 to
806 2364 35 19 the
850 2364 69 19 shores
933 2364 25 19 of
970 2364 53 19 New
1038 2363 96 20 Zealand.
1165 2364 12 19 I
1192 2370 59 13 mean

663 2390 54 19 their
725 2390 97 25 personal
830 2391 70 25 safety.
919 2390 58 24 This,
989 2390 12 20 I
1008 2391 69 24 think,
1088 2391 16 18 is
1111 2390 140 26 satisfactorily

663 2418 104 19 answered
777 2420 26 23 by
813 2418 35 19 the
862 2418 48 23 fact,
929 2418 46 19 that
991 2418 54 19 since
1055 2418 35 19 the
1100 2417 44 20 first
1153 2418 99 19 residents

663 2444 50 20 took
723 2451 29 17 up
762 2446 55 18 their
823 2444 64 20 abode
895 2445 22 18 in
929 2444 53 20 New
993 2444 90 20 Zealand
1092 2445 21 18 in
1124 2444 58 22 1814,
1194 2451 28 18 up
1232 2449 21 14 to

665 2472 35 18 the
707 2472 72 24 period
790 2472 12 19 I
811 2472 79 19 leltthe
900 2471 65 20 island
975 2476 21 15 to
1003 2476 71 15 return
1081 2476 21 15 to
1109 2472 40 18 this
1159 2477 96 20 country,

665 2502 35 14 not
710 2504 40 13 one
759 2498 67 26 single
842 2498 91 20 instance
954 2498 66 19 which
1036 2498 11 20 I
1066 2505 38 13 can
1119 2498 102 25 recollect,
1229 2505 24 12 or

665 2526 49 18 have
729 2525 62 20 heard
806 2525 27 23 of,
851 2526 34 18 has
900 2525 100 20 occurred
1016 2525 23 20 of
1050 2531 39 19 any
1101 2524 119 26 European,
1230 2532 23 12 or

664 2557 39 19 any
713 2553 61 18 other
784 2552 78 25 foreign
881 2552 77 23 settler,
973 2552 76 26 having
1066 2552 40 19 lost
1124 2552 32 19 his
1170 2552 57 19 life.''
1227 2564 27 5 —

665 2580 147 24 Information,
822 2578 35 28 $-c.
869 2585 21 19 p.
899 2578 35 21 45.

695 2605 38 19 We
745 2606 61 19 could
819 2606 96 24 multiply
924 2609 126 22 quotations,
1060 2606 38 19 but
1106 2606 35 19 the
1151 2605 71 25 length
1233 2609 22 16 to

667 2632 66 19 which
745 2639 38 13 our
801 2632 90 20 remarks
910 2632 40 19 and
969 2637 89 15 extracts
1067 2633 52 18 have
1128 2632 82 26 already
1220 2638 34 13 ex-

666 2658 82 24 tended,
758 2666 55 13 warn
829 2666 24 13 us
868 2660 46 19 that
931 2665 30 14 we
977 2660 51 19 have
1044 2663 37 23 yet
1097 2662 22 17 to
1138 2659 68 20 notice
1215 2659 40 19 and

665 2686 59 26 glean
733 2686 55 19 from
801 2686 33 20 Dr
844 2686 76 26 Lang's
930 2686 66 19 work.
1013 2688 9 10 *

695 2712 40 20 We
744 2713 52 20 have
805 2713 81 25 already
895 2713 44 20 said
949 2714 46 18 that
1010 2713 33 19 Dr
1053 2712 61 27 Lang
1128 2714 57 19 bears
1199 2712 59 21 testi-

668 2745 63 19 mony
740 2743 24 16 to
775 2741 34 18 the
818 2739 112 27 eligibility
939 2740 25 19 of
976 2740 52 19 New
1043 2740 90 19 Zealand
1142 2746 22 13 as
1181 2746 13 13 a
1210 2739 47 20 field

668 2768 30 18 for
710 2766 80 19 British
801 2766 148 24 colonization;
977 2768 38 18 but
1024 2767 26 19 he
1059 2773 50 20 goes
1118 2766 81 26 beyond
1210 2766 47 24 this,

668 2792 41 21 and
717 2794 68 19 shows
795 2795 36 18 the
839 2794 39 19 evil
889 2794 103 19 influence
1003 2794 22 19 of
1031 2794 36 19 the
1076 2794 113 24 systemless
1201 2793 56 20 colo-

668 2820 91 19 nization
776 2820 67 20 which
857 2821 40 22 ,has
912 2821 52 25 long
979 2822 51 18 been
1044 2820 65 26 going
1123 2827 34 17 on,
1170 2820 42 20 and
1222 2822 36 17 the

669 2851 125 21 paramount
803 2847 53 25 duty
863 2846 93 26 imposed
966 2853 27 13 on
1006 2847 64 20 Great
1086 2847 89 24 Britain,
1189 2853 23 14 as
1222 2848 36 19 the

669 2878 57 22 great
735 2874 118 26 colonizing
861 2874 79 24 nation,
949 2877 22 16 to
980 2874 48 20 take
1038 2875 36 19 the
1082 2878 75 15 matter
1167 2875 46 19 into
1223 2875 37 18 her

669 2907 46 14 own
724 2900 73 20 hands.

698 2927 45 20 The
753 2931 83 22 present
844 2927 79 20 settlers
930 2928 21 19 in
963 2927 54 20 New
1027 2928 91 19 Zealand
1123 2934 35 14 are
1168 2928 35 19 the
1212 2931 46 16 out-

669 2959 52 15 casts
728 2955 24 19 of
754 2961 25 13 an
784 2958 80 16 outcast
869 2954 130 26 population.
1011 2954 94 26 Escaped
1111 2955 90 20 convicts
1205 2955 53 19 from

670 2982 34 19 the
710 2982 62 24 penal
777 2981 134 25 settlements,
917 2987 98 20 runaway
1020 2982 71 19 sailors
1098 2982 53 19 from
1157 2983 35 18 the
1196 2981 62 20 whal-

671 3009 36 25 ing
713 3008 63 25 ships,
786 3008 66 26 needy
859 3008 133 20 adventurers
1002 3009 67 18 whose
1077 3008 25 20 ill
1111 3008 88 20 conduct
1208 3009 50 18 bath

671 3034 59 20 made
739 3036 58 19 them
808 3041 47 14 men
865 3036 23 19 of
898 3042 29 13 no
936 3039 96 22 country,
1042 3036 50 19 with
1109 3042 12 13 a
1138 3035 59 20 small
1206 3035 53 19 mix-

672 3066 45 15 ture
727 3062 25 19 of
759 3063 82 25 worthy
850 3062 38 20 and
896 3062 104 25 enorgetic
1008 3068 56 18 men,
1073 3063 50 18 such
1133 3069 22 12 as
1164 3062 44 19 will
1217 3061 43 20 find

672 3088 53 20 their
735 3095 47 19 way
795 3093 22 16 to
831 3088 29 20 all
860 3102 7 10 v
877 3088 83 26 eligible
974 3088 65 24 fields,
1052 3090 107 22 but'who,
1172 3090 22 18 in
1205 3088 54 20 New

674 3115 98 25 Zealand,
789 3116 54 19 form
860 3119 35 16 too
913 3114 163 21 inconsiderable
1093 3121 13 13 a
1124 3115 101 24 minority
1239 3119 21 16 to

672 3144 50 18 curb
729 3143 37 19 the
775 3142 41 20 evil
825 3143 91 25 passions
924 3142 42 19 and
975 3142 113 20 neutralize
1102 3142 36 19 the
1147 3142 40 20 evil
1196 3142 64 20 influ-

695 3204 10 10 *
716 3204 17 16 A
740 3203 72 17 valiant
820 3203 47 17 tribe
876 3203 19 16 of
902 3203 109 21 Caledonia,
1019 3203 32 17 the
1059 3203 88 17 Attacotti
1156 3203 28 21 (or
1192 3203 75 21 Scots),,

673 3225 33 16 the
715 3224 85 17 enemies
808 3225 40 16 and
855 3225 109 16 afterwards
977 3225 33 16 the
1022 3224 77 17 soldiers
1107 3224 20 16 of
1133 3224 131 20 Valentiniau,

675 3250 32 12 are
712 3246 84 19 accused,
804 3246 25 20 by
842 3250 24 12 an
874 3245 127 20 eye-witness,
1009 3245 21 17 of
1035 3244 105 22 delighting
1147 3245 20 17 in
1175 3245 34 17 the
1217 3246 47 16 taste

674 3266 21 17 of
698 3267 73 16 human
780 3267 52 16 flesh.
856 3266 62 17 When
931 3266 46 20 they
985 3266 70 17 hunted
1062 3267 33 15 the
1104 3266 60 17 woods
1172 3266 29 17 for
1208 3271 56 16 prey,

673 3288 16 16 it
696 3287 16 17 is
720 3288 43 16 said
771 3288 41 16 that
815 3287 45 21 they
869 3286 86 18 attacked
961 3288 34 16 the
1003 3286 95 22 shepherd
1105 3287 63 16 rather
1177 3287 47 16 than
1231 3286 34 18 the

674 3308 57 17 flocks
738 3313 6 15 ;
761 3309 37 16 and
806 3308 42 17 that
862 3308 45 20 they
915 3307 98 21 anxiously
1021 3308 82 16 selected
1114 3307 34 17 the
1159 3310 49 14 most
1216 3307 47 17 deli-

675 3331 40 15 cate
724 3329 39 16 and
770 3329 79 20 brawny
856 3330 57 20 parts,
921 3328 43 17 both
973 3328 21 17 of
999 3329 58 16 males
1065 3328 40 17 and
1112 3328 85 21 females,
1202 3328 62 17 which

675 3351 45 20 they
729 3350 94 21 prepared
830 3350 28 16 for
869 3349 50 17 their
930 3349 66 17 horrid
1003 3351 79 19 repasts.
1104 3349 19 17 If
1129 3349 20 16 in
1157 3349 33 16 the
1198 3349 67 21 neigh-

676 3371 94 16 bourhood
773 3371 21 16 of
800 3371 32 16 the
841 3370 116 17 commercial
964 3371 39 15 and
1009 3370 79 21 literary
1093 3371 52 15 town
1151 3370 20 16 of
1177 3370 88 21 Glasgow

677 3397 12 11 a
696 3396 44 12 race
754 3392 21 16 of
786 3391 97 17 cannibals
890 3391 34 17 has
933 3391 62 20 really
1002 3391 81 20 existed,
1097 3395 29 12 we
1133 3395 44 16 may
1185 3393 82 14 contem-

677 3413 51 20 plate
735 3412 22 17 in
764 3412 39 17 this
813 3413 65 21 period
887 3413 20 16 of
920 3411 84 18 Scottish
1011 3412 80 20 history,
1099 3411 32 17 tbe
1142 3411 84 21 opposite
1234 3416 34 12 ex-

677 3436 72 14 tremes
765 3433 21 17 of
794 3438 67 16 savage
877 3434 39 16 and
932 3432 85 17 civilized
1032 3432 41 17 life.
1104 3432 50 17 Such
1163 3432 104 17 reflections

679 3455 42 15 tend
730 3455 20 15 to
760 3454 78 22 enlarge
846 3455 32 16 the
884 3453 56 18 circle
948 3453 22 16 of
980 3457 35 12 our
1022 3453 58 19 ideas,
1089 3453 37 16 and
1136 3455 18 14 to
1163 3457 104 17 encourage

679 3474 32 16 the
727 3474 86 22 pleasing
827 3476 49 21 hope
889 3475 42 16 that
944 3474 50 17 New
1003 3474 83 17 Zealand
1099 3478 44 16 may
1151 3474 88 21 produce,
1246 3478 21 12 in

680 3499 50 12 some
736 3495 65 16 future
808 3500 42 16 age,
862 3497 32 15 the
906 3495 62 17 Hume
977 3495 20 16 of
1009 3495 32 17 the
1048 3495 88 17 southern
1143 3495 126 21 hemisphere.

680 3515 104 20 —Gibbon,
792 3517 40 16 Bto.
838 3516 46 17 edit.
891 3516 37 17 vol.
937 3516 26 19 iv,
970 3512 64 25 p?feO7,
1043 3516 48 17 1613.

702 3536 48 16 Cum
762 3536 41 21 ipse
816 3537 149 17 adolescentulus
979 3535 22 18 in
1012 3537 62 16 Gallia
1080 3535 79 18 viderim
1166 3536 103 18 Attacottos

681 3557 40 20 (aut
730 3557 78 21 Scotos),
816 3557 452 21 gentemßrittanicamhumanisvescicaraibus;

681 3579 20 15 et
714 3582 43 12 cum
776 3582 37 17 per
825 3578 56 17 silvas
896 3583 99 17 porcorum
1013 3583 74 16 greges,
1104 3580 19 14 et
1142 3580 125 15 armentorum

681 3599 129 21 pecudnmque
823 3599 103 21 reperiant,
939 3601 95 20 pastorum
1050 3600 57 16 nates
1119 3601 20 14 et
1150 3599 118 18 femenarum

680 3620 88 21 papillas
776 3619 60 18 golere
847 3619 112 20 abscindere,
973 3623 19 14 et
1004 3620 35 16 lias
1046 3620 48 17 solas
1102 3620 80 17 ciborum
1192 3619 77 18 delicias

682 3639 92 18 arbitrari.
795 3639 50 18 Such
853 3640 16 17 is
877 3641 33 16 the
919 3642 89 16 evidence
1015 3641 20 17 of
1039 3640 75 18 Jerome
1120 3641 51 21 (torn.
1178 3642 18 20 2,
1203 3645 21 18 p.
1232 3642 38 20 75),

683 3660 64 18 whose
755 3661 86 21 veracity
850 3660 10 18 I
867 3661 40 17 find
915 3666 25 12 no
950 3666 67 13 reason
1025 3664 19 15 to
1052 3662 63 17 doubt,

1925 2909 9 9 *
1941 2908 56 16 Since
2006 2908 33 16 the
2050 2908 59 16 above
2119 2913 39 12 was
2167 2909 22 16 in
2198 2910 45 19 type
2252 2912 31 13 we
2292 2909 48 17 have
2351 2912 39 14 met
2401 2910 47 16 with
2456 2911 34 17 the

1901 2928 95 21 following
2008 2933 82 16 passage,
2104 2930 47 15 from
2162 2935 11 11 a
2184 2930 55 17 letter
2248 2930 75 20 printed
2334 2931 21 15 in
2365 2932 32 15 tbe
2406 2930 84 19 Colonial

1903 2949 85 20 Gazette,
2002 2950 56 16 dated
2079 2950 122 17 Matukaraka
2215 2950 32 20 (on
2260 2950 34 17 the
2308 2950 99 21 Hokianga
2424 2951 65 23 River)

1903 2970 50 17 New
1970 2970 89 20 Zealand,
2075 2971 46 25 lOtlj,
2136 2971 72 18 March,
2224 2972 47 18 1839,
2292 2971 62 18 which
2370 2972 120 23 abuadantly

1902 2990 100 18 illustrates
2010 2992 51 16 what
2067 2996 30 12 we
2105 2992 48 16 have
2161 2992 58 17 above
2226 2994 26 14 set
2262 2992 62 16 down.
2347 3006 3 5 ,
2410 3002 3 6 .

1993 3012 124 17 missionaries
2132 3017 31 12 are
2177 3013 107 20 engrossing
2294 3014 32 16 the
2336 3009 77 25 greater'
2421 3016 43 18 part
2471 3015 21 17 of

1902 3033 32 16 the
1943 3034 47 19 good
1996 3032 44 18 land
2046 3037 6 16 ;
2063 3034 38 16 and
2109 3033 97 18 whatever
2213 3038 43 16 may
2267 3034 23 16 be
2300 3034 51 17 their
2358 3034 104 17 estimation
2470 3037 20 16 at

1902 3053 63 19 home,
1972 3053 9 17 I
1989 3058 35 12 can
2032 3054 56 21 safely
2097 3058 35 17 say
2139 3055 42 16 that
2189 3055 47 16 here
2244 3055 44 20 they
2297 3055 52 17 show
2354 3055 45 17 such,
2405 3059 11 12 a
2422 3060 67 17 grasp-

1902 3074 34 21 ing
1944 3074 108 22 disposition
2061 3077 18 14 to
2086 3076 65 15 enrich
2158 3076 116 18 themselves,
2283 3076 37 16 and
2328 3081 21 12 so
2356 3076 47 17 little
2412 3076 78 18 interest

1902 3095 21 16 in
1937 3095 33 17 the
1983 3095 76 17 welfare
2071 3096 20 16 of
2105 3097 62 16 either
2182 3097 33 17 the
2225 3097 56 16 white
2290 3102 45 11 man
2342 3101 20 12 or
2369 3096 71 21 native,
2448 3098 42 17 that

1904 3116 46 21 they
1958 3117 54 16 stand
2019 3117 121 21 exceedingly
2148 3117 37 17 low
2193 3117 45 17 with
2246 3122 37 12 me.
2303 3118 25 16 At
2335 3122 35 13 one
2379 3117 113 23 missionary

1903 3138 68 15 station
1979 3137 53 17 there
2042 3142 32 12 are
2088 3140 33 14 not
2135 3138 37 17 less
2183 3138 47 18 than
2240 3140 31 15 600
2283 3143 50 12 acres
2343 3138 20 17 of
2371 3138 46 17 land
2428 3140 62 16 under

1903 3157 109 18 cultivation
2021 3157 20 18 of
2047 3159 62 17 wheat
2115 3164 5 15 ;
2126 3161 44 15 .and
2177 3161 34 16 the
2219 3164 41 12 sons
2271 3159 20 16 of
2299 3159 54 17 these,
2363 3159 127 19 missionaries

1903 3183 74 13 assume
1997 3183 20 12 as
2029 3180 57 16 much
2103 3184 126 17 consequence
2242 3184 20 13 as
2274 3184 47 15 your
2330 3179 22 18 St
2360 3180 78 16 James's
2445 3180 45 17 aris-

1902 3201 77 16 tocrats.
2000 3199 8 17 I
2017 3199 47 17 hare
2081 3205 25 12 no
2121 3201 84 21 patience
2220 3201 45 17 -with
2278 3200 59 20 them,
2351 3201 37 16 and
2402 3205 32 12 am
2445 3201 45 22 only

1904 3220 97 21 surprised
2017 3221 42 16 that
2073 3221 52 18 their
2143 3222 93 17 bountiful
2251 3221 135 23 subscriptions,
2399 3223 20 14 at
2434 3222 56 17 home

1906 3241 66 17 should
1980 3241 93 17 continue.
2095 3243 23 16 In
2130 3243 37 17 this
2180 3243 51 17 river
2239 3246 28 11 we
2277 3241 49 17 have
2336 3241 43 21 only
2388 3241 104 23 Wesleyau

1907 3262 131 19 missionaries,
2045 3263 41 16 who
2095 3264 92 20 certainly
2196 3267 31 12 are
2236 3264 32 14 not
2277 3267 20 11 ao
2307 3262 87 21 w.orldly,
2404 3267 37 13 nor
2450 3264 41 17 will

1906 3283 50 17 their
1968 3287 65 13 means
2045 3284 58 17 admit
2115 3284 22 18 of
2145 3286 30 15 tbe
2187 3283 101 20 splendour
2301 3284 36 16 and
2345 3288 56 16 pomp
2412 3284 21 17 of
2441 3284 51 18 their

1906 3304 153 21 contemporaries
2065 3305 33 17 the
2112 3305 74 18 Church
2193 3303 75 17 Mission
2274 3308 5 14 ;
2290 3304 40 21 but)
2339 3307 85 18 amongst
2431 3306 60 20 these,

1904 3324 55 18 there
1973 3326 17 16 is
2001 3328 53 18 great
2067 3331 51 12 room
2133 3326 27 16 for
2169 3326 149 19 improvements,
2330 3325 39 19 and,
2375 3326 16 16 it
2398 3326 35 17 has
2442 3326 50 18 been

1906 3350 12 12 a
1925 3347 69 16 matter
2001 3346 21 17 of
2031 3345 81 22 surprise
2121 3348 18 15 to
2146 3351 30 12 me
2184 3346 42 17 that
2232 3345 30 16 the
2271 3344 73 22 Society
2352 3348 19 15 at
2379 3347 54 16 home
2441 3347 50 17 have

1906 3369 33 15 not
1957 3368 53 16 made
2027 3372 11 12 a
2050 3367 62 21 point.
2116 3367 21 17 of
2149 3365 79 21 sending
2241 3370 48 12 some
2303 3366 69 18 liberal
2387 3368 37 16 and
2441 3368 51 17 well-

1906 3387 93 18 informed
2013 3392 43 12 men
2067 3392 21 12 as
2100 3387 102 17 ministers.
2227 3386 39 18 Tlie
2283 3391 46 17 very
2345 3392 76 13 reverse
2431 3388 17 16 is
2458 3389 34 17 the

1906 3413 52 13 case.
1981 3410 39 16 Our
2036 3408 80 17 Catholic
2130 3408 72 21 bishop,
2217 3411 19 13 as
2249 3408 29 16 far
2288 3412 21 12 as
2318 3408 88 21 example
2413 3413 50 16 goes,
2471 3410 19 17 is

1906 3430 86 20 showing:
1998 3429 50 17 them
2060 3429 33 17 the
2106 3433 43 17 way
2161 3431 19 14 to
2194 3428 54 16 make
2257 3431 87 15 converts
2354 3429 42 17 both
2404 3433 88 18 amongst

1907 3450 107 22 Europeans
2028 3450 37 17 and
2078 3450 80 17 natives.
2181 3448 31 18 He
2224 3449 31 16 has
2269 3452 33 13 not
2314 3450 50 16 been
2377 3450 44 17 here
2437 3455 54 14 more

1906 3472 45 16 than
1964 3471 82 20 eighteen
2064 3471 72 15 months
2143 3476 5 14 ;
2165 3469 38 17 and
2215 3468 9 18 I
2237 3474 30 12 am,
2275 3474 43 12 sure
2327 3471 40 17 that
2375 3472 88 19 upwards
2471 3472 22 16 of

1906 3492 102 17 two.thirds
2023 3491 20 17 of
2054 3491 32 16 the
2102 3491 58 16 white
2177 3490 109 22 population
2302 3491 65 18 attend
2388 3491 47 21 him,
2453 3493 39 17 and

1906 3517 47 16 very
1958 3516 58 17 many

1300 121 58 14 ences
1368 116 24 18 of
1406 116 36 20 the
1458 116 101 25 majority,
1575 118 52 19 form
1637 118 35 19 the
1681 121 84 22 present
1775 117 112 27 European

1300 141 121 26 population
1431 142 25 20 of
1463 142 53 21 New
1528 143 94 20 Zealand.

1349 168 31 20 Of
1385 169 37 19 the
1431 170 102 19 character
1547 171 25 19 of
1584 170 41 20 this
1635 170 114 26 European
1757 170 128 26 population,

1298 201 47 14 now
1354 196 142 25 permanently
1504 196 74 21 settled
1587 197 23 20 in
1620 197 52 20 New
1799 204 45 19 says
1853 197 32 20 Dr

1299 221 66 25 Lang,
1438 222 18 20 is
1475 224 88 25 scarcely
1578 230 106 20 necessary
1699 228 24 16 to
1741 224 76 20 inform
1831 230 54 20 your

1298 247 110 26 Lordship.
1440 248 57 20 With
1514 256 12 13 a
1542 250 40 19 few
1591 251 126 20 honourable
1727 251 126 25 exceptions,
1867 252 17 19 it

1296 275 85 19 consists
1387 275 23 19 of
1418 275 35 19 the
1462 276 73 20 veriest
1545 276 66 21 refuse
1618 278 22 19 of
1647 277 95 20 civilized
1749 278 85 26 society,
1862 278 24 20 of

1295 307 99 20 runaway
1403 301 78 26 sailors,
1494 303 24 19 of
1532 309 96 20 runaway
1641 304 98 23 convicts,
1753 305 25 19 of
1792 305 89 20 convicts

1295 329 45 19 who
1351 329 50 19 have
1417 325 69 23 served
1495 332 37 17 out
1547 330 54 20 their
1610 335 51 15 term
1671 330 23 20 of
1704 330 94 27 bondage
1811 332 21 19 in
1842 338 39 13 one

1293 361 24 13 or
1326 355 59 20 other
1400 355 24 19 of
1436 356 35 18 the
1486 358 42 17 two
1542 356 60 25 penal
1617 356 95 24 colonies,
1727 358 24 19 of
1763 357 118 21 fraudulent

1293 380 83 20 debtors
1385 382 47 19 who
1446 382 51 19 have
1512 383 85 25 escaped
1612 383 53 20 from
1682 384 55 20 their
1746 384 98 21 creditors
1858 385 20 20 in

1294 407 83 26 Sydney
1385 414 24 14 or
1420 408 82 20 Hobart
1512 409 72 23 Town,
1591 409 41 20 and
1640 410 25 20 of
1671 410 66 26 needy
1746 410 133 22 adventurers

1293 434 52 20 from
1356 436 36 18 the
1399 439 41 15 two
1449 434 96 25 colonies,
1554 436 74 20 almost
1637 436 83 27 equally
1726 438 151 25 unprincipled.

1293 460 25 20 In
1329 461 131 26 conjunction
1472 461 49 20 with
1535 463 37 19 the
1582 463 83 20 whalers
1683 464 46 19 that
1743 464 135 26 occasionally

1291 487 47 21 visit
1349 488 35 19 the
1393 492 61 19 coast,
1464 488 35 19 the
1509 489 101 20 influence
1619 490 23 20 of
1650 490 56 20 these
1714 490 127 21 individuals
1850 498 26 13 on

1291 515 35 19 the
1336 514 77 20 natives
1422 515 18 19 is
1453 513 147 29 demoralizing
1609 516 21 20 in
1639 517 35 19 the
1684 521 98 16 extreme.
1814 518 64 19 Their

1291 541 58 19 usual
1359 541 82 19 articles
1450 541 23 20 of
1479 542 69 20 barter
1557 549 33 13 are
1598 543 65 19 either
1672 543 93 20 muskets
1773 544 42 19 and
1824 551 52 20 gun-

1291 567 88 25 powder,
1395 574 24 13 or
1436 568 83 20 tobacco
1528 569 40 19 and
1578 576 53 13 rum.
1662 570 57 20 Most
1733 570 25 20 of
1768 572 58 19 them
1836 572 38 19 live

1290 594 21 19 in
1334 600 53 19 open
1411 595 142 25 concubinage
1575 602 24 14 or
1619 595 93 26 adultery
1733 597 51 19 with
1809 598 67 19 native

1291 628 86 16 women,
1387 621 40 19 and
1437 622 35 18 the
1479 628 70 14 scenes
1556 623 24 19 of
1586 626 125 23 outrageous
1719 623 157 21 licentiousness

1290 647 40 20 and
1339 647 128 26 debauchery
1477 648 46 20 that
1535 655 36 13 are
1588 655 46 14 ever
1647 650 41 19 and
1704 656 55 14 anon
1768 652 108 25 occurring

1290 680 26 14 on
1326 674 56 20 their
1390 675 104 24 premises,
1513 681 35 13 are
1564 677 56 19 often
1638 677 126 25 sufficiently
1773 678 103 25 revolting

1290 704 21 16 to
1320 701 67 19 excite
1396 702 36 19 the
1441 702 131 23 reprobation
1582 702 40 20 and
1632 702 80 27 disgust
1721 704 25 19 of
1751 704 36 19 the
1794 704 79 20 natives

1449 728 77 27 -Lang,
1535 735 35 20 pp.
1582 729 20 23 7,
1610 729 20 21 8.

1317 761 46 20 One
1370 762 25 19 of
1401 762 35 19 the
1446 761 100 25 principal
1553 762 50 20 evils
1612 762 65 20 which
1685 763 52 20 have
1746 764 66 19 arisen
1822 764 51 20 from

1288 788 35 19 the
1340 787 105 20 residence
1464 788 24 19 of
1503 788 42 20 this
1562 788 77 21 lawless
1655 790 129 25 population,
1803 790 17 20 is
1839 792 34 19 the

1288 814 103 20 extensive
1400 814 97 26 cheating
1504 815 24 20 of
1531 816 35 19 the
1575 816 77 20 natives
1662 821 36 15 out
1708 817 26 19 of
1743 817 56 20 their
1815 817 54 21 land.

1289 841 66 26 Largo
1363 845 64 16 tracts
1436 842 23 19 of
1465 841 48 20 land
1522 849 35 13 are
1568 842 73 26 parted
1651 843 49 20 with
1711 844 28 26 by
1751 845 35 18 the
1795 845 78 19 natives

1291 868 30 19 for
1330 875 12 12 a
1351 868 142 25 camp-kettle,
1503 875 24 13 or
1538 876 13 13 a
1559 870 39 19 few
1607 870 88 19 trinkets
1704 877 7 17 ;
1726 870 42 19 and
1777 877 50 14 even
1839 872 35 19 the

1288 894 142 25 missionaries,
1439 895 40 20 and
1489 896 109 26 especially
1608 897 35 19 the
1657 896 184 26 lay-missionaries,
1850 904 22 14 as

1287 921 76 20 certain
1374 922 133 19 non-clerical
1521 923 123 25 hangers-on
1654 924 25 19 of
1689 924 36 19 the
1735 924 94 19 missions
1838 931 33 13 are

1286 948 71 23 called,
1367 948 51 20 have
1427 949 71 20 shown
1507 950 121 19 themselves
1636 953 37 16 not
1686 950 40 20 less
1740 954 73 22 expert
1822 952 48 19 than

1288 975 33 19 the
1330 979 43 16 rest
1382 976 24 19 of
1417 976 34 19 the
1461 975 121 25 population
1592 976 21 19 in
1627 976 42 20 this
1681 976 78 26 species
1768 978 24 19 of
1802 978 69 19 cheat-

1287 1002 41 24 ing.
1361 1002 31 19 Dr
1408 1002 59 26 Lang
1484 1002 46 20 tells
1547 1002 56 20 Lord
1621 1002 95 21 Durham
1733 1004 47 19 that
1853 1004 18 20 is

1285 1028 114 26 absolutely
1409 1028 119 27 distressing
1541 1032 23 17 to
1576 1031 83 18 observe
1671 1031 34 18 the
1719 1030 71 20 effects
1804 1031 65 20 which

1286 1055 40 20 this
1344 1058 78 23 system
1439 1056 24 19 of
1481 1056 146 26 unprincipled
1646 1057 93 25 rapacity
1756 1057 17 20 is
1788 1057 82 26 already

1285 1082 116 26 producing
1416 1089 56 18 upon
1490 1083 35 19 the
1541 1083 57 25 truly
1612 1083 137 20 unfortunate
1758 1084 78 20 natives
1850 1084 24 20 of

1286 1108 52 20 New
1358 1108 97 25 Zealand,
1480 1109 22 20 in
1526 1110 134 24 conjunction
1684 1110 53 19 with
1756 1111 36 19 the
1811 1112 59 19 other

1284 1142 82 14 sources
1377 1136 23 19 of
1410 1136 168 20 demoralization
1599 1150 6 5 .
1624 1150 7 7 .
1651 1150 8 7 .
1679 1137 54 20 Like
1742 1143 56 14 mere
1806 1138 65 19 child-

1285 1169 41 17 ren,
1342 1163 50 25 they
1406 1162 43 21 will
1463 1163 48 25 give
1524 1163 27 20 all
1565 1164 50 25 they
1627 1170 35 13 are
1676 1164 67 19 worth
1758 1164 72 26 to-day
1839 1164 32 20 for

1284 1190 35 19 the
1328 1189 79 20 trinket
1416 1196 24 13 or
1450 1196 101 20 gew-gaw
1561 1190 67 21 which
1638 1191 48 25 they
1695 1190 45 20 will
1749 1191 37 19 sell
1794 1190 33 21 for
1835 1192 35 19 the

1285 1216 73 19 veriest
1373 1216 54 20 trifle
1438 1221 128 16 to-morrow.
1596 1216 95 25 Pomare,
1704 1224 27 13 an
1751 1217 120 25 intelligent

1286 1243 66 18 native
1367 1243 57 20 chief
1436 1244 47 19 who
1498 1244 74 24 speaks
1587 1244 100 26 tolerably
1699 1244 57 26 good
1772 1244 96 26 English,

1285 1270 37 18 but
1331 1270 48 19 who
1389 1271 35 18 has
1433 1270 83 25 already
1529 1270 101 20 alienated
1646 1272 34 18 the
1693 1276 83 20 greater
1791 1275 45 21 part
1848 1270 24 21 of

1286 1296 29 19 his
1324 1296 95 20 valuable
1429 1298 47 19 land
1486 1297 20 18 i:i
1518 1299 35 18 the
1563 1298 171 26 neighbourhood
1744 1298 24 22 of,
1778 1299 35 18 the
1826 1298 43 24 Bay

1284 1323 23 19 of
1319 1322 87 24 Islands,
1418 1324 96 20 observed
1525 1329 21 14 to
1555 1331 39 13 one
1605 1324 22 19 of
1638 1331 38 13 our
1684 1324 70 20 fellow
1764 1331 104 20 voyagers,

1284 1352 6 9 '
1298 1350 138 25 Englishmen
1451 1350 47 27 give
1514 1357 23 13 us
1554 1351 97 23 blankets,
1666 1351 90 25 powder,
1770 1352 42 19 and
1824 1352 43 19 iron

1284 1380 44 21 pots
1338 1376 39 19 'for
1392 1384 39 13 our
1448 1377 58 23 land;
1533 1378 37 19 but
1587 1384 30 13 we
1632 1385 50 12 soon
1697 1378 55 19 blow
1766 1385 58 19 away
1834 1379 35 18 the

1284 1403 88 24 powder,
1382 1404 35 19 the
1425 1404 44 19 iron
1482 1407 46 21 pots
1537 1409 35 21 get
1580 1404 85 24 broken,
1674 1405 41 19 and
1730 1406 35 18 the
1775 1406 94 19 blankets

1284 1437 52 12 wear
1345 1435 44 17 out,
1399 1432 38 18 but
1447 1432 34 18 the
1490 1430 48 20 land
1549 1438 61 13 never
1619 1432 63 19 blows
1694 1438 59 19 away
1767 1439 24 12 or
1806 1438 63 13 wears

1283 1456 69 20 out.'"
1353 1467 27 5 —
1382 1458 32 19 Dr
1429 1458 66 27 Lang,
1508 1465 19 17 p.
1541 1458 32 21 16.

1309 1490 22 20 It
1341 1491 48 19 thus
1397 1492 100 23 becomes,
1505 1498 22 13 as
1538 1492 33 19 Dr
1585 1491 60 27 Lang
1659 1491 76 26 clearly
1746 1492 69 25 points
1824 1496 43 19 out,

1281 1524 12 12 a
1307 1517 96 20 bounden
1420 1519 51 25 duty
1486 1524 26 14 on
1528 1520 35 18 the
1577 1524 45 19 part
1636 1519 24 19 of
1671 1525 60 19 every
1747 1519 120 20 benevolent

1284 1544 136 25 Englishman
1436 1549 22 16 to
1472 1551 96 19 promote
1583 1546 34 19 the
1631 1545 134 20 colonization
1780 1546 25 19 of
1818 1546 49 20 New

1283 1571 88 19 Zealand
1388 1578 27 13 on
1431 1578 11 13 a
1458 1573 117 24 systematic
1590 1572 56 25 plan,
1660 1572 112 20 calculated
1786 1577 21 15 to
1818 1579 49 13 neu-

1283 1597 69 19 tralise
1370 1598 34 19 the
1423 1599 69 19 effects
1507 1600 23 18 of
1542 1605 20 13 ~a
1579 1599 135 19 colonization
1732 1599 24 19 of
1771 1599 35 20 the
1820 1606 47 19 very

1283 1628 60 16 worst
1358 1625 57 20 kind.
1448 1625 111 20 Colonized
1576 1628 35 17 tiie
1624 1630 86 21 country
1729 1625 41 20 will
1787 1627 30 22 be,
1842 1633 26 13 no

1282 1651 79 25 earthly
1378 1658 70 18 power
1463 1652 41 19 will
1519 1658 86 17 prevent
1618 1653 34 19 the
1666 1653 123 24 occupation
1798 1653 24 19 of
1833 1654 34 18 the

1283 1677 45 20 land
1344 1679 26 24 by
1386 1678 139 27 Englishmen
1539 1679 41 19 and
1590 1679 54 20 their
1653 1679 143 21 descendants.
1824 1680 44 20 The

1281 1705 47 24 only
1338 1705 97 26 question
1450 1705 66 20 which
1531 1706 88 19 remains
1632 1706 51 23 is,.—
1684 1705 53 19 shall
1747 1706 35 20 the
1792 1706 75 25 princi-

1283 1731 40 24 ples
1340 1738 55 18 upon
1412 1732 67 20 which
1497 1733 45 18 that
1559 1732 134 20 colonization
1712 1733 18 19 is
1747 1737 23 14 to
1784 1734 26 18 be
1819 1740 48 12 con-

1281 1757 82 23 ducted,
1373 1759 24 19 be
1406 1759 60 19 those
1476 1759 25 19 of
1511 1759 54 25 good
1582 1765 23 13 or
1622 1760 57 18 those
1690 1759 24 19 of
1727 1759 40 19 evil
1773 1759 10 19 ?
1813 1760 55 18 That

1283 1785 33 19 the
1325 1784 112 25 principles
1446 1792 56 18 upon
1512 1786 68 19 which
1594 1786 35 18 the
1639 1785 51 19 New
1706 1785 93 20 Zealand
1810 1786 57 19 Land

1284 1811 108 25 Company
1410 1811 18 19 is
1446 1811 124 26 proceeding
1591 1818 34 13 are
1641 1811 85 26 fraught
1742 1811 50 20 with
1815 1812 52 26 good

1282 1837 58 26 only,
1355 1837 41 20 will
1413 1844 75 19 appear
1497 1839 54 19 from
1568 1839 47 22 this,
1618 1851 24 4 —
1643 1840 45 18 that
1703 1839 23 19 in
1743 1838 92 20 addition
1847 1843 21 15 to

1281 1864 27 19 all
1326 1865 47 18 that
1392 1863 148 28 distinguishes
1559 1866 36 18 the
1643 1865 78 19 British
1848 1866 25 19 of

1281 1890 146 24 colonization,
1443 1898 22 13 as
1479 1891 110 25 explained
1603 1892 114 22 elsewhere,
1728 1892 35 18 the
1772 1892 67 25 rights
1848 1893 23 18 of

1282 1917 36 19 the
1327 1917 79 19 natives
1413 1924 35 13 are
1461 1918 100 25 solemnly
1572 1917 123 26 recognized,
1705 1917 42 20 and
1757 1919 55 18 their
1820 1924 47 19 pro-

1281 1943 76 20 tection
1368 1943 40 21 and
1418 1944 152 25 improvement
1585 1951 34 13 are
1632 1944 59 20 made
1704 1951 26 13 an
1742 1945 126 25 inseparable

1284 1974 45 20 part
1345 1970 24 19 of
1386 1972 36 18 the
1438 1973 117 22 company's
1571 1971 122 25 operations.
1724 1971 46 19 The
1786 1971 83 19 earliest

1283 1997 158 19 determination
1452 1997 22 20 of
1486 1998 36 18 the
1531 2004 101 19 company
1645 2004 42 13 was
1696 2001 22 15 to
1726 1997 86 26 acquire
1822 1997 45 20 land

1282 2024 27 25 by
1318 2023 39 19 fair
1367 2025 105 23 purchase.
1504 2024 56 20 That
1570 2025 48 19 wise
1631 2024 40 19 and
1685 2024 108 26 equitable
1803 2024 66 20 deter-

1282 2050 102 19 mination
1394 2051 37 19 has
1439 2052 61 23 been,
1514 2051 42 19 and
1565 2051 42 19 still
1621 2051 107 19 continues
1738 2053 23 17 to
1770 2052 33 22 be,
1812 2058 55 12 scru-

1282 2077 98 26 pulously
1394 2077 98 20 observed
1499 2085 6 16 ;
1526 2077 41 20 and
1585 2078 17 20 it
1619 2078 17 18 is
1653 2082 22 15 to
1693 2078 26 19 be
1738 2078 68 24 hoped
1825 2079 44 18 that

1283 2105 58 18 when
1351 2110 136 19 government
1501 2104 41 20 and
1557 2106 36 18 the
1605 2104 118 26 legislature
1735 2104 28 19 do
1772 2105 97 19 interfere

1283 2131 19 18 in
1318 2131 34 19 the
1363 2137 97 15 concerns
1469 2131 24 19 of
1504 2132 35 18 the
1554 2131 84 25 colony,,
1647 2138 56 12 some
1719 2137 93 13 measure
1827 2131 42 19 will

1283 2158 24 18 be
1316 2157 88 24 adopted
1419 2162 22 16 to
1452 2157 74 21 render
1540 2159 45 19 null
1598 2153 41 24 and
1651 2157 47 20 void
1712 2157 30 20 all
1751 2157 118 20 fraudulent

1283 2184 95 26 bargains
1396 2185 50 19 with
1464 2185 35 19 the
1518 2185 78 19 natives
1615 2185 30 18 for
1664 2184 55 21 land.
1759 2185 32 19 Dr
1810 2185 59 25 Lang

1282 2215 95 22 suggests
1386 2212 46 18 that
1441 2213 34 18 the
1485 2218 93 13 measure
1588 2211 73 21 should
1674 2213 24 18 be
1707 2212 146 24 retrospective
1861 2219 6 15 ;

1283 2239 44 18 that
1340 2237 29 19 all
1382 2238 96 25 previous
1492 2239 97 25 bargains
1601 2237 75 20 should
1690 2239 26 19 be.
1730 2238 80 20 revised
1820 2239 28 24 by
1858 2244 12 13 a

1283 2264 96 26 properly
1396 2265 127 19 constituted
1540 2265 113 25 authority,
1667 2265 38 19 and
1726 2266 70 18 where
1814 2265 56 19 there

1283 2292 35 18 has
1329 2293 51 17 been
1389 2291 122 21 undoubted
1519 2292 65 22 fraud,
1594 2292 45 19 that
1646 2292 35 18 the
1690 2291 97 26 bargains
1796 2291 73 21 should

1284 2319 24 18 be
1326 2317 109 21 cancelled.
1476 2319 31 19 As
1525 2325 12 13 a
1556 2325 70 13 means
1643 2318 27 19 of
1684 2318 127 26 facilitating
1829 2319 42 19 this

1284 2345 72 23 object,
1365 2352 45 19 says
1424 2346 30 19 Dr
1464 2345 67 26 Lang,
1532 2358 28 4 —

1309 2371 62 20 ''Let
1391 2373 41 19 this
1450 2378 101 20 company
1569 2371 49 21 lend
1636 2371 54 21 their
1707 2371 105 21 influence
1830 2371 39 20 and

1283 2402 86 21 support
1378 2399 89 20 towards
1481 2399 35 19 the
1526 2399 142 19 maintenance
1682 2399 23 19 of
1717 2399 38 19 her
1768 2399 103 25 Majesty's

1284 2425 119 20 undoubted
1417 2427 57 25 right
1488 2426 24 20 of
1524 2426 136 24 pre-emption
1676 2426 21 18 in
1712 2425 27 19 all
1749 2432 61 17 cases,
1820 2425 49 20 both

1283 2456 45 20 past
1344 2452 41 19 and
1399 2453 76 19 future.
1507 2453 45 19 The
1566 2452 153 20 establishment
1734 2452 22 20 of
1765 2452 41 20 this
1815 2453 56 24 prin-

1283 2478 52 25 ciple
1350 2479 42 19 will
1403 2480 24 18 be
1437 2481 24 18 of
1472 2479 135 20 incalculable
1617 2479 111 26 advantage
1739 2483 22 14 to
1772 2479 34 19 the
1819 2479 50 19 Nuw

1284 2505 122 20 Zealanders
1413 2514 6 15 ;
1436 2505 39 21 and
1485 2511 37 15 not
1533 2506 50 26 only
1598 2511 21 14 to
1632 2507 35 18 the
1678 2506 52 19 New
1741 2505 128 24 Zealanders,

1284 2535 37 17 but
1335 2536 22 15 to
1371 2532 28 20 all
1413 2539 84 18 persons
1507 2534 124 18 whatsoever
1641 2533 21 19 in
1672 2533 42 19 this
1724 2537 89 21 country
1825 2534 45 18 who

1284 2566 34 13 are
1339 2560 64 18 about
1424 2564 22 15 to
1466 2560 85 19 embark
1566 2560 21 18 in
1608 2566 39 19 any
1664 2566 43 19 way
1726 2560 21 18 iv
1765 2560 36 18 tho
1819 2559 52 20 New

1287 2586 91 19 Zealand
1387 2586 135 20 colonization

1335 2613 42 19 For
1391 2614 41 18 this
1446 2620 89 18 purpose
1549 2615 28 17 let
1587 2615 34 17 the
1634 2619 101 19 company
1745 2613 61 19 make
1816 2619 12 13 a
1837 2620 34 12 vo-

1284 2639 84 26 luntary
1378 2640 40 19 and
1432 2639 65 21 entire
1511 2639 109 21 surrender
1629 2640 24 19 of
1664 2640 54 19 their
1732 2639 70 20 native
1817 2639 55 20 titles

1286 2670 21 16 to
1321 2668 38 18 her
1375 2667 108 26 Majesty's
1499 2670 143 23 government,
1657 2670 23 16 to
1697 2667 24 19 be
1740 2665 132 25 adjudicated

1285 2700 57 19 upon
1352 2693 138 26 individually
1500 2695 27 24 by
1541 2700 12 13 a
1567 2696 117 23 temporary
1698 2693 73 23 board,
1784 2693 44 19 like
1838 2694 34 19 the

1290 2721 64 19 Court
1373 2720 25 20 of
1419 2721 77 19 Claims
1514 2721 22 19 in
1556 2721 54 19 New
1630 2721 64 19 South
1713 2720 78 26 Wales,
1808 2724 23 16 to
1849 2721 25 19 be

1287 2747 112 25 appointed
1412 2748 33 19 for
1459 2747 36 20 the
1507 2754 89 19 purpose
1610 2748 26 25 by
1648 2748 37 18 the
1693 2751 145 21 government,
1847 2753 27 13 on

1288 2775 33 19 the
1331 2773 164 27 understanding
1504 2774 39 20 and
1553 2780 58 19 upon
1622 2775 33 18 the
1665 2773 107 21 condition
1783 2775 46 19 that
1839 2775 35 18 the

1286 2807 103 19 company
1397 2801 53 19 shall
1459 2802 50 19 have
1518 2802 36 18 the
1568 2801 57 26 right
1636 2801 24 19 of
1671 2801 141 24 pre-emption
1820 2801 54 19 from

1287 2829 35 18 the
1336 2832 137 21 government
1487 2831 22 16 at
1525 2829 35 19 the
1574 2828 111 20 minimum
1699 2827 57 26 price
1769 2827 25 19 of
1805 2834 68 12 crown

1286 2854 49 20 land
1345 2858 22 16 to
1376 2855 25 19 be
1410 2854 123 21 established
1542 2855 23 19 in
1579 2855 36 19 the
1627 2854 73 23 island,
1714 2853 116 27 deducting
1840 2855 35 18 the

1286 2881 38 20 full
1332 2886 87 15 amount
1427 2883 34 18 tho
1467 2887 101 20 company
1577 2888 47 18 may
1631 2881 52 19 have
1688 2881 85 24 already
1782 2881 49 24 paid
1841 2882 32 18 for

1288 2908 54 20 their
1348 2908 65 23 lands,
1421 2909 66 19 either
1495 2912 21 15 to
1525 2909 34 18 the
1566 2908 105 27 natiyesor
1678 2912 21 15 to
1706 2907 116 20 individual
1830 2907 44 19 Eu-

1288 2941 92 20 ropeans.
1411 2935 46 19 The
1472 2935 64 19 moral
1545 2935 101 19 influance
1653 2934 25 20 of
1683 2935 49 18 such
1743 2940 25 12 an
1779 2933 94 25 example

1290 2961 68 21 would
1373 2962 26 19 be
1409 2962 96 25 'salutary
1521 2961 23 19 in
1559 2962 35 19 the
1606 2961 84 25 highest
1704 2960 75 26 degree
1788 2961 22 19 in
1820 2960 53 20 New

1290 2987 97 24 Zealand,
1396 2995 22 13 as
1427 2989 31 19 far
1471 2994 22 14 as
1506 2988 37 19 the
1552 2987 68 21 actual
1633 2988 113 24 European
1754 2987 120 25 population

1288 3022 34 12 are
1331 3015 122 23 concerned,
1462 3014 41 20 and
1512 3015 70 19 would
1596 3015 118 25 strengthen
1730 3014 37 19 the
1780 3013 66 21 hands
1855 3014 24 19 of

1289 3043 35 19 the
1333 3046 136 21 government
1483 3041 141 26 exceedingly,
1638 3046 21 14 at
1673 3042 34 18 the
1723 3044 69 16 outset
1806 3041 23 19 of
1841 3041 35 19 the

1288 3069 80 25 colony,
1378 3068 21 20 in
1409 3068 96 26 carrying
1515 3072 37 15 out
1561 3069 36 18 the
1606 3067 73 26 simple
1688 3069 38 18 but
1737 3070 54 16 most
1798 3067 76 25 impor-

1289 3099 44 16 tant
1343 3094 102 26 principle
1459 3095 24 19 of
1492 3095 38 19 her
1544 3094 108 26 Majesty's
1665 3093 58 27 right
1737 3093 24 20 of
1771 3100 103 19 pre-emp-

1290 3123 42 19 tion
1342 3123 23 18 iv
1375 3121 28 20 all
1411 3128 54 14 cases
1474 3128 23 13 as
1505 3121 84 26 regards
1598 3121 34 19 the

1317 3152 13 10 '«
1337 3148 129 27 Downright
1481 3149 84 26 honesty
1582 3147 24 20 of
1624 3147 40 19 this
1768 3147 108 20 continues

1293 3176 31 19 Dr
1333 3175 68 26 Lang,
1437 3174 41 20 will
1486 3174 107 25 decidedly
1606 3173 26 20 be
1645 3174 33 20 the
1695 3175 42 19 best
1745 3174 73 27 ■policy,
1827 3174 48 23 also,

1291 3203 65 19 which
1366 3202 37 20 the
1413 3201 53 21 New
1476 3201 91 20 Zealand
1580 3199 59 21 Land
1656 3201 109 24 Company
1778 3207 38 13 can
1828 3207 49 19 pur-

1291 3236 35 13 sue
1382 3243 6 5 .
1418 3243 6 5 .
1455 3242 5 6 .
1490 3228 31 19 for
1532 3228 22 19 in
1569 3228 50 20 such
1633 3234 12 12 a
1654 3233 45 14 case
1735 3227 35 19 the
1784 3227 48 20 field
1846 3228 32 19 for

1292 3255 112 24 enterprise
1415 3255 43 19 will
1467 3255 25 20 be
1505 3254 66 20 found
1580 3261 21 13 as
1616 3255 104 19 extensive
1733 3253 41 20 and
1788 3254 90 26 inviting

1292 3290 22 12 as
1322 3283 36 19 the
1366 3285 56 17 most
1431 3281 74 20 ardent
1513 3284 118 23 supporters
1641 3281 23 19 of
1670 3281 137 19 colonization
1817 3281 60 20 could

1292 3309 66 20 desire
1365 3316 6 16 ;
1388 3309 60 19 while
1457 3309 35 19 the
1501 3314 69 14 career
1578 3307 23 21 of
1613 3307 34 20 the
1660 3307 71 21 future
1745 3307 74 27 colony
1829 3307 49 25 will,

1293 3336 21 20 in
1324 3335 28 21 all
1361 3335 133 26 probability,
1502 3336 26 18 be
1542 3334 137 25 unexampled
1692 3335 22 19 in
1724 3335 37 19 the
1769 3334 79 27 history
1857 3335 24 20 of

1294 3364 34 18 the

1321 3390 33 19 Dr
1368 3389 62 26 Lang
1443 3389 49 19 then
1507 3387 109 21 concludes
1629 3387 33 19 his
1676 3387 70 21 fourth
1758 3387 62 21 letter
1829 3388 50 20 with

1294 3417 35 19 the
1344 3415 109 25 following
1467 3415 113 26 testimony
1596 3415 23 19 in
1633 3414 72 20 favour
1718 3415 26 19 of
1761 3414 52 20 New
1829 3415 49 20 Zea-

1295 3443 48 19 land
1361 3448 23 14 as
1401 3448 12 14 a
1434 3441 47 20 field
1502 3441 25 21 of
1545 3441 133 21 colonization
1697 3441 94 26 superior
1809 3445 23 17 to
1851 3442 26 20 all

1295 3471 76 23 others,
1371 3480 27 4 —
1399 3476 12 12 a
1427 3468 111 26 testimony
1554 3469 37 19 the
1605 3474 57 14 more
1678 3469 115 26 gratifying
1806 3472 23 16 to
1842 3471 37 18 the

1294 3496 43 20 first
1352 3495 104 23 colonists,
1471 3495 90 26 coming,
1577 3502 21 13 as
1613 3495 18 19 it
1645 3495 53 24 does,
1712 3495 56 19 from
1780 3502 12 13 a
1801 3502 48 14 man
1859 3497 23 19 of

1296 3522 85 20 marked
1396 3522 140 27 intelligence,
1554 3521 24 21 of
1594 3522 170 26 unquestionable
1781 3522 97 26 sincerity

1296 3549 39 21 and
1352 3549 135 20 benevolence
1503 3549 24 19 of
1542 3555 95 20 purpose,
1652 3549 41 19 and
1709 3549 49 19 who
1773 3555 106 15 moreover

1297 3577 40 23 has,
1361 3576 129 26 throughout
1514 3575 33 20 his
1572 3575 68 20 useful
1662 3582 75 17 career,
1763 3576 116 26 studiously

1295 3602 85 21 avoided
1391 3603 33 19 the
1434 3602 40 20 evil
1483 3601 104 21 influence
1600 3603 24 19 of
1634 3603 128 25 speculation
1775 3603 42 20 and
1831 3603 48 20 land

1293 3629 94 27 jobbing,
1396 3629 68 21 which
1472 3635 23 13 so
1504 3635 62 20 many
1575 3629 24 21 of
1605 3629 33 19 the
1648 3629 68 28 clergy
1725 3630 24 20 of
1754 3630 28 20 all
1787 3629 92 21 denomi-

1297 3656 81 21 nations
1392 3657 84 27 (except
1485 3656 36 20 the
1533 3655 102 28 Catholic)
1645 3663 74 20 appear
1727 3660 24 18 to
1758 3657 52 21 have
1818 3657 61 21 fallen

1906 3579 90 17 London:
2007 3578 78 17 Printed
2098 3580 25 19 by
2137 3578 90 18 Charles
2236 3578 101 21 Heyneli,
2353 3583 21 15 at
2384 3580 32 18 bit
2427 3580 68 19 Office*

1926 3603 21 14 16
1958 3599 53 18 Little
2026 3599 93 21 Pulteney
2127 3602 63 18 street,
2205 3599 19 17 in
2240 3600 30 17 the
2287 3600 64 18 Parish
2360 3602 19 16 of
2391 3601 22 17 St
2421 3601 76 18 James*

1928 3620 134 19 Westminster,
2073 3622 37 16 and
2120 3620 103 18 Published
2237 3621 23 21 by
2276 3620 84 19 Sam'oel
2371 3622 88 20 Abvans,
2473 3624 24 16 at

1926 3642 38 17 No.
1973 3643 7 15 1
1993 3641 55 17 Adam
2056 3643 66 18 street,
2130 3641 88 22 Adelpbi,
2228 3641 20 17 in
2254 3641 34 17 the
2299 3642 73 22 County
2380 3643 21 17 of
2413 3643 86 21 Atitfdle-

1926 3669 60 14 sex,—
1987 3662 75 21 Friday,
2070 3662 110 22 September
2184 3662 40 21 Bth,
2231 3664 48 17 1839.

61 106 20 21 1.
96 108 135 23 Information
241 106 79 21 relative,
336 111 21 16 to
366 106 52 22 New
429 108 97 23 Zealand,
537 109 32 23 for
575 109 33 20 the
618 115 34 14 use

88 135 27 25 of
129 134 101 19 Colonists.
267 132 97 22 London.
394 134 87 21 Parker.
515 134 61 21 1839.
605 135 46 21 Bvo.

87 166 37 19 pp.
133 158 36 22 BQ.

60 193 19 19 2.
95 195 52 19 New
158 192 88 20 Zealand
263 195 21 19 in
304 193 59 24 1839,
382 194 22 20 in
416 194 53 25 four
484 194 82 21 Letters
584 198 20 16 to
619 196 31 20 the

87 221 65 24 Sight
158 220 126 20 Honourable
293 220 51 20 Earl
351 221 100 23 Durham,
460 223 43 22 %c,
516 228 26 13 on
551 221 32 20 the
592 223 58 19 Colo-

87 247 93 20 nization
190 246 25 25 of
223 247 43 20 that
278 246 74 24 Island,
368 249 32 24 $c.
433 247 32 26 By
476 247 55 20 John
542 247 108 21 Dunmore

85 273 70 26 Lang,
173 271 71 25 D.D.,
260 273 105 25 Principal
382 274 24 19 of
418 274 36 19 the
470 274 119 20 Australian
602 276 47 20 Col-

83 299 55 27 lege,
152 299 36 19 &c.
219 299 96 21 London.
345 299 66 21 Smith
427 299 41 20 and
484 300 72 21 Elder.
587 301 60 22 1839.

83 326 48 20 Bvo.
142 332 34 19 pp.
190 325 48 21 120.

58 359 49 20 The
117 361 63 18 above
189 359 68 20 works
265 359 61 20 differ
333 360 112 19 somewhat
455 360 22 19 in
491 361 106 20 character
606 362 40 19 and

55 386 24 20 in
89 387 37 19 the
135 386 159 20 circumstances
302 386 67 19 which
379 388 51 18 have
437 386 61 23 given
508 388 56 19 them
574 388 57 20 birth
639 395 7 17 ;

55 417 43 22 yet,
116 414 23 19 in
155 418 40 14 one
211 417 85 21 respect,
320 413 49 26 they
387 413 82 20 exhibit
487 421 13 12 a
517 415 130 20 remarkable

55 443 133 23 agreement;
204 440 89 26 namely,
307 439 21 20 in
338 440 37 19 the
389 439 95 20 evidence
492 441 50 25 they
550 440 67 21 afford
626 441 23 20 of

54 467 38 19 the
101 465 136 21 suitableness
246 467 22 19 of
277 466 52 20 New
340 466 90 20 Zealand
439 473 23 12 as
470 473 12 14 a
491 468 49 19 field
549 468 31 19 for
590 468 54 19 colo-

54 492 102 21 nization.
176 492 31 20 Of
213 493 36 19 the
254 492 110 25 principles
371 499 26 14 on
404 493 67 20 which
480 495 34 19 the
520 501 46 13 new
571 494 75 26 colony

55 519 20 20 is
84 520 64 19 about
157 524 22 13 to
195 520 27 18 be
237 519 124 20 established
362 532 26 4 —
389 520 24 19 of
448 520 35 20 the
500 527 45 14 new
563 521 81 19 British

54 551 79 20 system
142 546 24 20 of
347 553 14 12 a
374 546 56 20 brief
442 548 114 24 exposition
566 547 45 20 will
620 548 25 19 be

53 573 67 20 found
129 574 22 19 in
161 573 87 19 another
253 576 47 22 part
306 572 23 20 of
345 572 42 21 this
404 574 72 24 sheet;
490 574 41 19 and
541 580 28 17 as,
578 581 63 12 more,

53 606 55 17 over,
124 601 36 18 the
178 598 72 21 reader
263 600 17 19 is
299 599 109 21 elsewhere
424 600 90 20 referred
531 604 22 16 to
573 600 68 21 works

53 626 85 20 ■whence
157 626 25 19 he
201 632 47 18 may
265 626 70 20 obtain
359 633 58 14 more
435 628 68 23 ample
522 627 122 26 knowledge

51 653 89 23 thereof,
154 658 30 13 we
194 652 52 20 shall
260 653 80 20 confine
351 654 103 19 ourselves
461 653 21 19 in
489 654 41 19 this
538 654 72 19 article
620 659 23 15 to

54 680 36 19 the
98 679 164 27 distinguishing
270 680 79 19 feature
364 684 23 16 to
402 680 67 19 which
479 687 31 13 we
518 681 51 19 have
578 682 65 19 above

52 706 93 22 alluded.

81 740 47 20 The
136 740 44 20 first
189 739 26 19 of
220 739 35 21 the
262 740 66 19 above
335 739 67 20 works
416 739 18 20 is
449 746 22 13 as
484 740 47 20 well
540 741 101 26 arranged

51 767 43 19 and
108 765 85 22 faithful
206 772 106 19 summary
327 766 23 19 of
363 767 36 19 the
412 766 112 27 testimony
542 767 24 20 of
577 774 63 20 many

51 795 106 19 witnesses
170 793 118 26 respecting
296 793 35 19 the
340 793 47 24 soil,
399 793 89 24 climate,
498 793 42 21 and
549 795 91 24 physical

51 826 106 14 resources
165 819 23 19 of
195 820 36 19 tbe
242 819 53 20 New
305 819 89 20 Zealand
403 826 75 21 group.
509 821 46 19 The
565 821 76 20 second

50 847 19 20 is
79 848 35 19 the
122 845 97 28 personal
232 846 101 20 narrative
349 846 25 20 of
386 853 13 13 a
414 847 147 25 high-minded
575 849 66 24 perci-

50 873 60 26 pient
129 873 90 23 witness,
235 873 131 26 confirming,
390 873 21 20 in
434 873 28 20 all
482 874 94 20 essential
596 882 46 18 par-

51 900 92 25 ticulars,
154 901 34 18 the
197 904 99 16 accounts
304 899 24 20 of
339 901 76 23 others,
429 900 41 20 and
486 901 108 26 throwing
602 904 37 17 out

44 933 63 14 .some
115 926 68 22 useful
190 927 98 24 practical
296 927 135 26 suggestions,
440 930 23 16 to
469 927 67 21 which
546 934 31 14 we
586 929 54 20 shall

48 955 107 26 presently
162 960 58 13 more
228 953 133 26 particularly
370 953 77 20 advert.

77 986 68 20 '♦The
161 985 52 19 New
230 985 91 20 Zealand
446 991 47 19 says
509 986 36 19 the
561 986 22 19 in
584 987 37 20 tell
623 987 15 19 i«

48 1016 52 22 gent
110 1012 75 21 author
194 1011 25 20 of
225 1012 35 19 the
277 1014 5 11 '
291 1011 144 24 Information,
444 1012 44 25 &c,'
524 1013 85 20 consists
619 1014 22 19 of

42 1042 49 17 .two
100 1040 57 26 large
166 1038 77 20 islands
250 1038 65 20 called
323 1038 35 20 the
367 1038 105 20 Northern
479 1039 41 20 and
527 1040 110 24 Southern,

48 1072 13 13 a
70 1066 84 21 smaller
166 1065 67 20 island
247 1065 65 20 called
329 1065 110 25 Stewart's,
456 1069 21 16 to
496 1067 35 19 the
547 1071 92 16 extreme

48 1094 69 23 south,
134 1091 39 22 and
189 1092 76 20 several
275 1091 94 27 adjacent
378 1092 64 21 islets.
472 1092 46 21 The
526 1099 68 20 group
604 1101 33 13 ex-

49 1120 60 19 tends
116 1120 23 20 in
149 1119 72 26 length
235 1119 53 20 from
296 1119 60 20 north
368 1123 21 16 to
402 1120 63 19 south
479 1120 53 19 from
543 1121 35 19 the
586 1120 51 21 34th

48 1150 24 16 to
93 1148 36 19 the
147 1145 50 21 48th
216 1145 85 27 degrees
323 1146 24 19 of
362 1147 63 19 south
443 1146 95 23 latitude,
556 1148 41 19 and
617 1148 20 20 in

48 1173 88 20 breadth
147 1172 54 21 from
211 1177 44 16 east
271 1178 23 15 to
308 1176 51 16 west
373 1174 54 19 from
435 1174 42 19 'the
493 1172 37 21 160
530 1172 25 21 th
571 1178 23 16 to
603 1176 35 19 the

42 1199 46 21 .179
88 1199 24 21 th
133 1200 73 25 degree
223 1200 25 19 of
265 1202 45 17 east
326 1199 115 27 longitude.
481 1200 46 20 The
545 1205 92 16 extreme

45 1226 76 27 length
131 1225 84 22 exceeds
223 1226 41 21 800
274 1226 64 24 miles,
354 1226 42 21 and
406 1228 35 19 the
449 1233 86 20 average
543 1228 94 24 breadth,

45 1254 70 20 which
131 1254 17 20 is
164 1259 49 20 very
222 1253 97 24 variable,
333 1253 19 19 is
367 1254 63 19 about
445 1253 41 21 100
495 1254 64 20 miles.
592 1255 45 20 The

44 1281 83 20 surface
136 1280 24 21 of
170 1280 36 19 the
215 1280 67 20 island
291 1280 17 19 is
317 1280 108 20 estimated
436 1284 22 16 to
467 1282 83 19 contain
559 1281 78 24 95,000

44 1313 76 21 square
134 1306 66 24 miles,
217 1313 24 14 or
255 1308 64 19 about
333 1306 123 26 60,000,000
469 1314 62 18 acres,
547 1309 63 25 being
626 1316 10 13 a

43 1334 104 26 territory
155 1333 72 26 nearly
232 1340 21 13 as
262 1334 57 26 large
328 1340 22 13 as
359 1334 64 20 Great
433 1334 89 23 Britain,
532 1336 24 19 of
563 1336 73 24 which,

44 1361 54 20 after
107 1360 99 26 allowing
216 1361 32 19 for
260 1361 149 20 mountainous
419 1360 90 21 districts
516 1361 41 20 and
567 1367 70 17 water,

43 1388 19 19 it
72 1388 16 19 is
98 1386 92 22 believed
207 1388 43 19 that
256 1392 21 15 at
284 1388 51 19 least
343 1388 119 19 two-thirds
471 1395 34 12 are
514 1390 122 24 susceptible

43 1415 25 20 of
82 1414 104 21 beneficial
336 1427 28 4 —
365 1415 142 24 Information,
519 1418 33 23 §c.
564 1423 21 18 p.
600 1416 19 20 I.

74 1449 54 20 New
138 1447 90 22 Zealand
237 1448 18 20 is
263 1449 50 19 thus
322 1449 145 26 emphatically
495 1456 27 13 on
532 1451 36 18 the
577 1450 60 19 other

44 1475 44 21 side
96 1477 38 19 the
238 1475 22 20 It
269 1476 18 20 is
297 1476 35 18 the
341 1479 81 17 nearest
432 1475 47 20 land
488 1480 21 16 to
521 1476 115 25 England's

43 1503 116 25 antipodes,
169 1502 40 20 and
218 1502 23 19 in
251 1509 38 13 our
299 1509 78 19 voyage
386 1503 79 19 thither
474 1503 17 19 it
505 1503 19 19 is
539 1503 76 19 almost
625 1510 11 12 a

43 1534 78 16 matter
130 1529 24 21 of
160 1529 132 19 indifference
299 1530 92 19 whether
399 1536 30 12 we
438 1533 50 16 turn
502 1533 23 16 to
533 1531 36 18 the
578 1531 58 25 right

45 1563 24 13 or
79 1558 35 18 the
123 1556 43 25 left,
167 1566 27 5 —
195 1556 35 19 the
239 1560 43 15 east
292 1562 23 13 or
325 1556 34 19 the
369 1561 56 16 west,
436 1556 32 20 for
477 1557 17 19 it
509 1557 17 19 is
540 1557 75 19 within
624 1564 12 13 a

41 1583 43 20 few
94 1584 61 20 miles
174 1583 22 19 of
209 1583 113 19 where-the
332 1582 125 27 longitudes,
472 1588 44 15 east
525 1583 39 19 and
575 1588 57 19 west,

43 1611 102 21 coincide.
175 1609 24 19 If
212 1616 30 12 we
260 1609 62 21 could
335 1611 54 23 push
405 1611 18 19 it
439 1616 57 13 some
509 1611 80 19 sixteen
599 1611 35 19 de-

43 1644 59 19 grees
118 1643 71 14 nearer
203 1637 36 19 the
253 1637 57 22 Pole,
312 1647 25 5 —
338 1644 12 11 a
359 1637 91 24 freezing
460 1643 87 18 process,
561 1638 26 24 by
599 1639 35 18 the

44 1670 53 19 way,
106 1665 81 25 against
196 1663 68 19 which
275 1670 39 12 our
322 1663 67 20 fellow
399 1663 97 21 colonists
505 1663 70 20 would
584 1665 50 19 have

42 1691 56 26 good
106 1696 72 14 reason
187 1694 22 15 to
218 1693 84 21 protest,
303 1703 28 3 —
332 1696 39 14 our
380 1690 47 20 land
435 1690 25 19 of
468 1691 89 24 promise
567 1691 68 26 might

42 1718 46 19 well
99 1719 25 18 be
134 1716 63 22 called
209 1717 86 19 Austral
307 1717 80 19 Britain
396 1725 5 16 ;
417 1719 39 17 but
472 1724 29 13 we
515 1718 53 18 have
579 1717 55 20 lived

42 1748 37 16 too
88 1745 51 26 long
148 1745 21 19 in
185 1744 35 19 the
231 1743 64 20 world
311 1748 21 15 to
345 1750 47 14 care
404 1745 63 19 much
475 1745 63 19 about
548 1750 71 14 names
627 1752 6 17 ;

44 1772 37 19 the
89 1772 51 19 land
150 1771 16 20 is
181 1777 13 12 a
203 1770 55 25 good
268 1771 54 21 land,
332 1771 41 19 and
389 1771 24 19 of
425 1771 42 19 this
476 1772 34 18 the
521 1771 68 25 proofs
599 1778 34 13 are

43 1799 109 19 abundant
161 1797 40 19 and
211 1797 136 26 irrefragable.

74 1830 31 20 Of
115 1832 36 18 the
161 1828 88 26 fertility
260 1830 24 19 of
295 1830 35 19 the
339 1828 37 20 soil
388 1829 23 19 of
425 1828 53 20 New
494 1828 98 23 Zealand,
607 1835 27 14 no

43 1856 67 21 doubt
117 1863 39 14 can
170 1857 25 18 be
205 1855 128 20 entertained
342 1856 29 25 by
381 1862 40 20 any
438 1861 39 14 one
492 1857 47 18 who
556 1856 38 19 has
603 1860 30 15 at-

42 1884 84 23 tended,
137 1884 20 19 in
168 1883 36 18 the
213 1882 92 21 smallest
319 1882 81 26 degree,
419 1886 22 16 to
459 1882 34 19 the
503 1882 89 21 features
603 1883 31 19 in-

42 1911 93 26 variably
143 1908 106 22 exhibited
259 1910 27 24 by
296 1910 147 19 mountainous
453 1909 111 20 countries.
580 1909 54 20 New

44 1938 92 19 Zealand
152 1938 35 19 has
203 1943 13 12 a
232 1937 51 20 bach
294 1936 46 21 bone
355 1936 25 19 of
394 1936 100 25 towering
507 1937 127 22 mountains,

42 1971 58 14 some
119 1965 25 20 of
155 1962 70 21 which
243 1964 60 19 reach
323 1964 34 18 the
377 1963 72 25 height
467 1963 24 19 of
502 1962 75 24 14,000
586 1964 50 23 feet,

42 1992 57 19 their
114 1990 99 21 summits
227 1990 63 27 being
300 1989 83 20 covered
392 1990 51 19 with
453 1989 106 25 perpetual
568 1996 66 18 snow,

42 2018 43 20 and
94 2018 55 20 their
157 2017 68 25 slopes
234 2017 49 20 with
300 2016 71 20 forests
389 2016 22 19 of
425 2022 110 14 enormous
543 2017 89 25 growth.

44 2046 36 19 No
85 2052 15 12 v
108 2046 52 19 such
169 2043 89 20 features
273 2047 75 17 cannot
366 2043 52 20 exist
434 2046 59 22 apart
502 2043 54 20 from
565 2042 69 21 fertile

43 2072 43 20 and
95 2072 46 21 well
150 2070 91 21 watered
248 2071 83 25 valleys,
345 2069 141 27 accordingly,

94 2105 46 19 The
149 2103 37 21 soil
195 2103 19 20 is
223 2103 79 25 spoken
318 2102 24 20 of
353 2103 29 25 by
390 2101 27 20 all
427 2102 36 19 the
472 2101 80 20 writers
561 2100 22 20 in
599 2101 35 20 the

42 2134 56 18 most
106 2130 117 22 favourable
240 2133 70 20 terms,
325 2129 53 19 from
390 2128 87 26 Captain
489 2128 59 20 Cook
562 2128 70 19 down-

42 2158 73 21 wards.
146 2157 60 21 After
216 2155 117 26 describing
341 2156 36 18 the
387 2155 87 25 fertility
482 2155 24 19 of
517 2161 63 19 many
587 2161 47 19 par-

42 2185 77 21 ticular
128 2188 62 23 spots,
207 2183 58 21 Cook
275 2189 57 14 sums
343 2188 31 19 up
383 2182 32 20 his
425 2185 89 16 account
523 2183 27 25 by
559 2182 75 25 saying

42 2213 47 19 that
99 2213 36 19 the
145 2211 47 21 bills
199 2210 42 20 and
247 2209 120 21 mountains
373 2216 34 12 are
411 2208 87 21 covered
507 2209 49 19 with
568 2209 66 23 wood,

42 2239 42 20 and
93 2246 62 19 every
164 2237 66 26 valley
239 2237 37 20 has
286 2243 12 13 a
307 2235 74 21 rivulet
390 2236 24 20 of
425 2239 63 16 water
496 2242 6 17 ;
519 2236 36 19 the
562 2235 42 20 soil
612 2235 22 20 in

41 2267 59 19 these
115 2266 83 25 valleys,
213 2264 42 20 and
263 2264 23 20 in
296 2263 35 20 the
341 2262 72 26 plains,
423 2262 24 20 of
455 2263 66 19 which
531 2263 59 19 there
600 2268 34 14 are

41 2300 65 19 many
116 2294 46 19 that
178 2298 35 13 are
228 2295 38 16 not
282 2296 119 19 overgrown
419 2289 51 19 with
491 2289 65 23 wood,
573 2289 19 19 is
611 2289 23 19 in

42 2320 84 25 general
136 2319 55 26 light
200 2319 40 19 but
246 2317 69 21 fertile
321 2324 6 16 ;
342 2317 48 23 and,
399 2316 21 20 in
430 2317 37 19 the
472 2316 86 25 opinion
567 2315 25 20 of
599 2316 35 20 Mr

43 2347 73 19 Banks
126 2345 40 21 and
177 2345 33 19 Dr
222 2343 105 25 Solander,
340 2350 22 12 as
378 2343 47 19 well
434 2350 21 12 as
470 2343 23 19 of
503 2349 61 20 every
575 2343 61 19 other

42 2375 120 25 gentleman
171 2378 27 13 on
208 2371 72 24 board,
288 2377 59 18 every
356 2369 51 21 kind
414 2370 24 20 of
445 2369 112 26 European
566 2369 68 26 grain,

41 2401 66 23 plant,
117 2400 42 20 and
171 2399 58 22 fruit,
239 2397 70 21 would
318 2397 84 20 flourish
416 2398 51 18 here
479 2397 21 19 in
510 2397 36 19 the
555 2401 80 15 utmost

41 2428 130 19 luxuriance.
206 2425 60 21 From
285 2425 36 19 the
338 2425 115 25 vegetables
463 2430 30 13 we
502 2423 64 20 found
576 2424 56 22 here,

43 2455 59 19 there
119 2455 19 19 is
153 2459 72 14 reason
242 2456 21 16 to
281 2451 99 21 conclude
396 2452 45 18 that
456 2451 35 19 the
509 2451 83 19 v/inters
603 2457 33 12 are

43 2482 75 19 milder
128 2482 52 19 than
194 2480 59 18 those
268 2479 21 19 in
307 2477 104 26 England,
430 2477 41 20 and
482 2484 30 12 we
522 2477 67 20 found
601 2478 34 18 the

43 2515 93 13 summer
154 2509 36 18 not
199 2507 75 22 hotter,
294 2505 80 26 though
393 2505 16 19 it
427 2511 42 13 was
486 2510 57 14 more
553 2503 82 26 equally

43 2542 64 12 •warm
115 2542 7 18 ;
144 2540 22 14 so
176 2534 45 18 that
232 2533 18 19 if
260 2533 41 19 this
310 2536 87 21 country
407 2530 74 21 should
491 2532 25 18 be
524 2530 75 20 settled
609 2532 26 24 by

44 2562 74 25 people
129 2562 52 19 from
192 2559 94 26 Europe,
302 2560 48 23 they
360 2557 76 24 would,
450 2558 52 19 with
512 2564 12 12 a
534 2557 54 19 little
603 2557 33 20 in-

46 2589 80 25 dustry,
143 2590 24 18 be
183 2594 48 17 very
242 2593 49 13 soon
307 2585 94 25 supplied
420 2589 38 15 not
472 2585 47 24 only
535 2584 50 19 with
603 2585 34 19 the

46 2609 130 28 neeei'saries,
187 2615 37 18 but
235 2614 33 18 the
277 2613 92 20 luxuries
379 2613 23 18 of
413 2612 36 19 life
458 2613 22 18 in
490 2615 58 23 great
557 2611 79 19 abund-

150 2641 143 26 Information,
303 2647 33 17 pp.
347 2638 31 23 12,
388 2639 31 19 13.

75 2667 144 26 Immediately
230 2667 105 24 following
342 2667 35 18 the
386 2667 63 18 above
459 2669 85 19 extract,
555 2671 31 13 we
595 2664 42 20 find

45 2703 13 13 a
68 2701 59 15 «»reat
143 2701 52 14 mass
213 2694 25 19 of
253 2698 123 15 concurrent
393 2692 112 25 testimony
521 2698 21 13 as
561 2694 22 17 to
603 2693 35 18 the

46 2724 92 19 richness
147 2722 23 20 of
178 2723 34 17 the
222 2721 52 19 New
285 2719 90 21 Zealand
383 2719 37 20 soil
431 2726 7 17 ;
451 2719 45 23 but,
512 2725 21 13 as
543 2725 30 13 we
582 2719 55 19 have

48 2751 69 19 before
127 2747 50 22 said,
188 2748 36 19 the
234 2746 113 27 geological
363 2747 106 19 character
484 2745 25 20 of
524 2746 35 19 the
572 2745 67 20 island

47 2777 77 25 utterly
136 2774 77 22 forbids
220 2781 12 12 a
241 2773 66 21 doubt
317 2780 56 16 upon
382 2774 34 18 the
425 2773 68 24 point.

77 2804 31 20 As
118 2808 23 15 to
150 2802 82 21 climate
232 2812 28 4 —
263 2801 52 19 New
324 2799 97 27 Zealand,
430 2799 23 19 in
460 2800 102 19 reference
572 2803 23 15 to
605 2799 34 19 the

48 2836 95 20 equator,
152 2835 46 19 may
206 2829 26 19 be
241 2827 44 20 said
291 2831 22 16 to
322 2827 60 26 begin
391 2828 66 18 where
469 2825 96 27 England
573 2825 52 20 ends
632 2834 5 12 :

50 2859 46 18 that
104 2858 27 25 is,
149 2857 34 20 the
202 2855 74 20 coldest
292 2854 111 26 extremity
416 2853 25 20 of
457 2853 53 19 New
524 2852 91 20 Zealand
623 2853 17 19 is

48 2888 44 17 two
107 2884 85 26 degrees
206 2888 71 13 nearer
290 2882 36 19 the
341 2886 86 21 equator
444 2881 49 18 than
504 2880 35 19 the
549 2883 92 17 warmest

48 2911 113 25 extremity
171 2909 23 19 of
205 2907 100 27 England
305 2920 26 5 —
332 2908 34 19 the
376 2907 152 20 southernmost
538 2906 101 27 (coldest)

50 2939 60 24 point
124 2938 25 19 of
164 2936 51 20 New
225 2935 90 20 Zealand
324 2935 63 24 being
397 2935 20 18 in
432 2933 28 20 48
478 2933 83 26 degrees
577 2935 62 18 south

49 2964 98 25 latitude,
156 2963 39 20 and
205 2963 36 19 the
250 2965 57 17 coast
315 2961 23 20 of
347 2961 73 19 Devon
430 2960 64 27 being
502 2961 22 19 in
532 2960 27 20 50
569 2961 69 19 north.

53 2992 39 19 We
100 2992 62 19 make
178 2996 37 13 use
232 2989 23 20 of
267 2990 36 18 the
317 2992 63 16 terms
397 2992 96 16 warmest
505 2987 40 19 and
556 2987 85 23 coldest,

50 3020 89 19 because
162 3023 38 13 our
223 3015 131 21 associations
378 3020 33 14 are
435 3015 113 19 somewhat
566 3015 75 24 partial

51 3045 118 25 respecting
180 3043 69 19 North
260 3042 42 20 and
312 3042 73 23 South,
403 3048 22 13 as
434 3041 48 19 well
491 3047 21 13 as
526 3041 116 26 respecting

50 3072 58 21 June
118 3072 42 19 and
171 3070 115 20 December
293 3077 6 15 ;
315 3069 57 20 June
385 3068 42 20 and
446 3067 66 20 South
522 3067 63 26 being
594 3067 47 20 cold

51 3100 24 19 in
85 3099 51 19 time
145 3096 40 21 and
197 3097 65 25 place,
279 3096 116 20 December
404 3094 41 20 and
456 3095 69 19 North
535 3101 71 16 warm,
619 3094 23 20 in

52 3128 37 17 the
103 3126 61 19 other
176 3123 138 25 hemisphere.
343 3121 47 21 The
408 3121 84 21 climate
509 3121 25 24 is,
552 3121 22 19 in
594 3121 49 24 fact,

53 3157 54 16 most
116 3150 105 22 beautiful
237 3150 42 20 and
293 3149 121 22 salubrious,
428 3148 41 20 and
483 3148 70 20 health
568 3147 76 21 almost

53 3179 104 20 universal
166 3177 18 19 is
194 3177 36 19 the
239 3177 71 20 result.

104 3206 26 20 In
140 3203 101 28 speaking
256 3203 23 20 of
293 3204 36 18 the
344 3202 84 20 climate
437 3208 32 13 we
477 3201 75 21 should
561 3201 83 21 remark

54 3234 47 19 that
110 3234 59 19 there
178 3236 35 14 are
221 3236 28 14 no
258 3230 86 20 diseases
352 3229 92 26 peculiar
460 3234 24 14 to
495 3230 36 18 the
541 3233 90 22 country
637 3236 6 16 ;

54 3260 25 19 in
88 3260 47 23 fact,
144 3264 55 15 none
209 3257 25 20 of
247 3262 39 21 any
296 3257 127 24 importance
437 3256 39 19 but
491 3257 50 19 such
556 3262 22 13 as
595 3256 51 19 have

55 3288 52 18 been
124 3283 122 23 introduced
262 3284 28 25 by
300 3283 127 24 Europeans.
459 3283 58 19 Cook
532 3289 53 19 says,
601 3283 45 19 *As

56 3314 58 18 there
137 3313 18 20 is
172 3318 34 15 no,
215 3317 73 14 source
305 3309 24 20 of
343 3309 84 24 disease,
445 3309 67 20 either
529 3309 79 21 critical
623 3316 24 13 or

57 3340 91 23 chronic,
166 3338 38 20 but
222 3338 153 24 intemperance
392 3335 40 21 and
454 3336 115 26 inactivity,
589 3337 57 18 these

58 3366 75 26 people
147 3366 59 25 enjoy
216 3364 78 26 perfect
303 3363 40 19 and
351 3362 159 25 uninterrupted
518 3363 71 19 health
590 3373 28 5 —
618 3369 30 13 we

60 3399 63 14 never
133 3398 40 13 saw
183 3398 39 19 any
232 3396 75 21 person
316 3393 95 22 amongst
420 3389 57 19 them
489 3390 47 19 who
547 3389 101 26 appeared

60 3424 23 15 to
101 3420 53 18 have
174 3423 40 20 any
232 3418 70 25 bodily
321 3416 127 25 complaint.'
482 3415 65 20 Their
563 3415 87 21 wounds

60 3445 75 21 healed
148 3443 48 21 with
213 3450 28 14 an
249 3443 129 26 astonishing
387 3441 85 26 facility,
482 3442 41 20 and
537 3444 6 10 '
549 3448 12 14 a
569 3443 82 19 further

60 3472 64 26 proof
131 3472 45 19 that
185 3470 77 20 human
268 3474 74 16 nature
349 3471 18 18 is
377 3470 48 19 here
434 3468 109 20 untainted
550 3469 50 19 with
610 3469 40 19 dis-

63 3506 51 13 ease,
125 3499 20 19 is
154 3497 35 20 tha
197 3499 59 22 great
265 3498 87 19 number
361 3497 24 19 of
399 3495 35 21 old
448 3502 49 14 men
506 3496 46 20 that
562 3502 31 13 we
603 3502 49 18 saw,

63 3533 65 18 many
138 3525 23 19 of
168 3523 75 23 whom,
253 3523 28 25 by
291 3523 34 19 the
333 3523 42 21 loss
383 3523 25 20 of
413 3523 56 19 their
477 3523 46 19 hair
531 3521 42 21 and
589 3523 62 22 teeth,

64 3550 103 28 appeared
176 3553 21 16 to
209 3550 27 18 be
245 3555 49 19 very
301 3550 86 23 ancient,
395 3554 35 22 yet
439 3556 55 13 none
502 3549 25 20 of
533 3550 58 19 them
599 3555 53 13 were

65 3578 100 27 decrepit,
180 3575 42 20 and
241 3575 80 26 though
337 3580 38 16 not
389 3576 61 27 equal
467 3580 21 16 to
503 3577 37 19 the
549 3581 73 20 young
632 3575 20 19 in

65 3606 106 20 muscular
181 3603 101 25 strength,
291 3607 53 13 were
352 3606 37 15 not
398 3610 11 12 a
419 3603 52 19 whit
481 3603 76 20 behind
567 3603 58 19 them
632 3601 20 21 in

66 3632 137 20 cheerfulness
212 3629 41 19 and
260 3627 102 26 vivacity.'
391 3628 128 28 Unhappily,
528 3629 46 21 half
585 3635 13 14 a
606 3635 46 14 cen-

67 3665 49 20 tury
126 3658 24 21 of
164 3655 101 28 irregular
274 3655 111 26 European
401 3655 125 23 intercourse
542 3657 36 20 has
588 3656 64 20 intro-

901 46 95 30 THE
1025 45 113 32 NEW
1166 49 217 31 ZEALAND
1414 49 229 32 GAZETTE.

1918 119 66 24 into,*
1998 120 41 19 and
2047 121 47 20 who
2108 122 36 19 has
2158 122 82 25 thereby
2251 121 49 25 kept
2310 121 32 19 his
2351 120 119 28 testimony,
2478 122 25 21 in

1918 146 35 19 the
1963 146 82 26 highest
2053 146 81 28 degree,
2144 148 143 20 disinterested
2293 155 4 12 :
2300 160 28 4 —

1967 172 176 27 Unquestionable
2157 181 22 14 as
2193 181 33 14 are
2235 175 36 19 the
2280 174 93 20 facilities
2382 173 32 20 for
2421 174 80 21 coloni-

1914 199 68 20 zation
1999 200 20 19 in
2038 200 101 21 Southern
2156 201 111 24 Australia,
2284 207 21 14 as
2318 200 44 21 well
2379 207 22 12 as
2414 201 22 19 in
2447 201 54 22 New

1915 226 67 19 South
1998 226 74 24 Wales,
2090 228 49 25 they
2153 233 36 14 are
2203 231 35 16 nol
2255 231 22 17 to
2293 228 26 19 be
2328 226 110 26 compared
2447 228 53 20 with,

1914 253 59 19 those
1988 252 66 20 which
2071 254 52 20 New
2134 254 88 20 Zealand
2231 254 83 20 affords.
2345 254 24 19 In
2384 260 40 13 one
2434 254 67 25 word,

1913 279 102 20 whatever
2024 286 47 19 may
2088 281 26 19 be
2130 282 34 19 the
2180 280 97 21 destinies
2290 282 24 19 of
2326 281 35 19 the
2376 280 123 21 Australian

1911 306 98 24 colonies,
2021 306 10 19 I
2041 313 32 12 am
2083 307 104 20 confident
2196 308 50 24 that,
2256 308 20 19 if
2288 306 105 21 colonized
2402 313 27 13 on
2440 308 57 26 right

1911 332 117 25 principles,
2038 332 52 20 New
2101 333 90 21 Zealand
2200 334 37 20 will
2248 341 39 13 one
2297 334 40 25 day
2347 335 23 18 be
2380 334 35 19 the
2433 335 64 20 Great

1913 360 80 19 Britain
2012 358 24 21 of
2059 360 36 19 the
2114 361 99 20 southern
2231 361 136 23 hemisphere.
2394 372 28 5 —
2430 362 66 20 Lane.

1909 392 21 18 p.
1945 386 44 21 115.
2472 371 17 17 *

2076 453 253 26 EMIGRATION.

1941 495 52 23 The
2003 494 122 33 following
2134 495 71 25 letter
2215 495 41 23 has
2273 497 61 23 been
2345 494 107 26 received
2462 495 33 31 by

1907 526 44 25 Mr
1963 527 77 29 Stunt,
2052 528 29 23 of
2097 527 163 28 Southerham,
2271 529 63 24 from
2344 537 16 15 a
2368 527 127 32 labouring

1905 567 56 16 man
1972 560 52 24 who
2035 560 97 25 worked
2142 569 31 16 on
2191 560 36 24 his
2246 560 68 28 farm,
2332 560 47 25 and
2389 560 45 24 left
2444 559 49 25 this

1905 596 100 28 country
2015 593 37 23 for
2072 593 96 33 Sydney
2186 593 26 24 in
2231 592 59 32 May
2307 593 46 24 last
2372 600 64 25 year,
2448 592 45 25 but

1904 624 43 25 has
1959 626 63 23 since
2033 626 111 24 removed
2154 631 25 20 to
2193 625 59 25 New
2262 625 103 24 Zealand
2372 633 7 16 :
2381 639 33 5 —

2121 658 53 20 New
2186 657 95 24 Zealand,
2298 657 51 20 Dec.
2361 657 32 23 15,
2405 656 60 22 1838.

1933 683 45 24 Sir,
1979 696 27 4 —
2007 684 12 19 I
2028 684 50 20 hare
2088 685 61 19 taken
2166 687 36 18 tbe
2217 684 136 26 opportunity
2367 684 23 20 of
2404 684 89 26 sending

1904 709 35 20 the
1954 710 60 20 letter
2027 711 27 26 by
2064 712 36 19 the
2111 711 134 21 Coromandel
2262 711 85 26 loading
2356 711 49 20 with
2416 711 76 20 timber

1903 736 56 24 here,
1968 737 38 20 but
2015 742 73 20 expect
2100 737 16 21 it
2132 739 43 19 will
2190 739 25 19 be
2231 739 71 19 March
2314 737 68 20 before
2393 737 36 20 she
2434 737 56 20 sails.

1906 762 39 24 Sir,
1955 771 31 12 we
1995 764 53 24 hope
2056 764 68 26 please
2136 765 48 21 God
2197 768 22 17 to
2235 765 41 19 find
2294 772 49 19 you,
2361 764 79 19 friends
2448 764 43 20 and

1903 790 105 23 relations,
2024 791 22 18 in
2060 791 54 26 good
2132 792 69 20 health
2217 798 19 13 as
2254 792 17 19 it
2280 791 66 20 leaves
2354 798 25 13 us
2389 790 101 26 perfectly

1903 816 53 20 well.
1993 816 38 24 Sir,
2047 824 30 13 we
2091 824 35 13 are
2140 819 23 19 in
2178 825 13 13 a
2203 818 98 20 beautiful
2316 818 89 22 climate,
2421 817 69 21 which

1901 849 70 19 agrees
1981 845 148 25 uncommonly
2139 845 48 20 well
2194 852 6 16 ;
2214 851 57 13 more
2279 845 42 19 like
2331 844 98 26 England
2439 845 52 19 than

1903 869 90 27 Sydney,
2010 870 52 20 little
2077 878 93 16 warmer,
2189 871 60 20 black
2263 871 44 22 soil,
2325 871 44 25 clay
2385 871 86 20 beneath
2480 878 7 16 ;

1902 897 61 18 much
1980 897 67 19 before
2058 898 82 25 Sydney
2149 901 23 17 to
2191 904 35 19 my
2238 898 107 26 thinking,
2364 897 69 20 which
2446 904 44 19 you

1900 929 47 18 may
1951 929 34 14 see
1989 923 21 19 in
2020 924 34 19 the
2062 925 84 19 natives.
2164 924 46 21 The
2220 924 76 20 natives
2305 925 49 19 here
2364 929 33 14 are
2405 927 83 24 strong-

1900 948 87 28 looking
1994 950 78 25 people,
2083 952 70 19 brown
2163 950 104 24 coloured,
2276 951 42 20 and
2333 951 34 20 the
2377 951 79 20 natives
2465 955 23 16 at

1900 976 84 26 Sydney
1992 983 34 13 are
2034 978 67 22 black,
2116 978 53 24 thin,
2185 978 79 26 hagged
2278 978 78 24 people.
2387 978 40 19 We
2436 978 52 20 have

1898 1002 73 27 plenty
1981 1003 24 20 of
2015 1004 51 26 hogs
2074 1004 58 24 wild,
2151 1005 36 20 the
2206 1005 77 19 natives
2293 1005 57 20 catch
2366 1004 57 19 them
2433 1004 54 21 with,

1899 1029 52 27 dogs
1958 1038 6 16 ;
1980 1037 42 19 you
2031 1037 46 20 may
2087 1032 51 19 have
2147 1038 13 13 a
2168 1032 58 25 large
2239 1032 42 26 hog
2292 1031 29 20 for
2331 1038 13 13 a
2353 1031 83 20 blanket
2445 1037 24 14 or
2476 1037 12 14 a

1899 1056 54 21 little
1968 1058 90 23 tobacco,
2073 1059 38 19 but
2133 1065 32 13 we
2182 1059 50 19 have
2249 1065 61 18 every
2330 1059 60 23 thing
2408 1058 25 19 of
2447 1065 41 13 our

1900 1087 84 17 masters
1994 1085 34 18 the
2036 1084 45 21 first
2095 1091 55 19 year.
2182 1084 55 21 Pork
2254 1084 33 21 4d.
2299 1092 36 17 per
2345 1084 77 26 pound,
2433 1084 55 21 flour

1897 1110 43 24 4d.,
1949 1117 63 20 sugar
2018 1111 42 24 6d.,
2068 1115 32 16 tea
2109 1111 38 25 35.,
2153 1114 92 23 potatoes
2254 1111 29 20 2s.
2297 1112 38 20 100
2344 1112 35 19 lbs.
2409 1112 79 20 Goose*

1898 1137 77 20 berries
1984 1144 29 13 we
2022 1139 73 25 gather
2104 1139 50 19 wild
2163 1139 44 20 like
2215 1138 80 24 nettles;
2305 1140 36 18 the
2347 1138 141 26 gooseberries

1898 1169 58 19 grow
1962 1164 22 20 in
1994 1164 75 21 shucks
2078 1172 21 13 as
2108 1165 85 22 filberts
2210 1166 47 24 they
2267 1172 33 13 are
2316 1165 119 25 something
2444 1164 44 21 like

1899 1196 12 13 a
1917 1197 63 19 green
1989 1191 71 26 cherry
2067 1200 6 16 ;
2088 1199 32 13 we
2134 1193 52 20 have
2198 1192 91 26 peaches,
2299 1198 91 20 oranges,
2401 1191 86 23 melons,

1899 1216 87 28 lemons,
1994 1218 79 24 onions,
2084 1220 96 26 cabbage,
2196 1218 28 21 all
2232 1220 61 24 good.
2322 1219 24 20 If
2359 1219 67 25 please
2439 1218 48 21 God

1899 1249 30 13 we
1937 1244 43 21 live
1993 1246 86 19 another
2088 1252 56 20 year,
2154 1253 32 13 we
2195 1246 48 19 shall
2255 1252 26 19 go
2292 1252 26 13 on
2334 1246 21 19 in
2366 1252 12 13 a
2388 1245 99 20 different

1899 1276 52 20 way.
1981 1271 39 19 We
2029 1276 35 21 got
2074 1272 47 20 land
2132 1279 31 13 set
2172 1277 38 15 out
2225 1273 31 19 for
2270 1279 24 13 us
2304 1277 21 15 to
2334 1279 42 13 sow
2387 1273 67 18 wheat
2464 1276 22 15 to

1898 1296 53 26 keep
1959 1304 31 17 us,
2000 1299 40 19 and
2055 1298 12 20 I
2079 1299 53 19 shall
2142 1301 25 18 be
2177 1299 32 21 for
2217 1299 142 25 breeding'my
2368 1306 47 13 own
2426 1299 59 25 hogs.

1901 1324 46 19 Our
1956 1330 83 15 masters
2057 1331 37 21 got
2113 1327 50 25 hogs
2180 1325 23 21 in
2217 1325 127 24 'abundance,
2360 1325 40 20 and
2419 1329 67 21 goats,

1899 1351 71 23 ducks,
1985 1358 63 19 geese,
2068 1353 65 23 fowls,
2152 1359 60 14 cows,
2230 1359 11 12 a
2261 1352 49 23 bull,
2330 1358 40 14 two
2389 1359 26 12 or
2426 1352 60 20 three

1899 1378 76 21 horses.
1998 1379 36 18 We
2045 1379 50 20 have
2105 1385 36 14 not
2151 1385 36 19 yet
2194 1385 36 20 got
2238 1386 39 13 our
2284 1379 73 20 houses
2367 1379 59 21 built,
2436 1379 52 26 they

1898 1411 34 12 are
1942 1405 74 20 almost
2029 1409 36 16 cut
2073 1411 37 15 out
2120 1406 39 19 and
2169 1407 68 25 begun
2247 1410 22 15 to
2279 1406 63 22 build,
2353 1412 21 13 so
2385 1405 41 20 will
2434 1412 53 13 soon

1898 1432 25 19 be
1929 1439 36 17 up.
1984 1432 59 26 Mary
2050 1432 49 20 does
2109 1438 36 14 not
2150 1433 42 19 like
2203 1433 33 19 the
2243 1437 83 21 cottage
2333 1439 30 13 we
2372 1439 34 13 are
2415 1432 29 22 in,
2455 1439 32 13 we

1898 1465 34 12 are
1942 1465 23 13 so
1973 1458 65 24 thick,
2048 1460 58 19 three
2116 1459 94 20 families.
2241 1459 11 20 I
2262 1459 61 20 think
2334 1466 29 13 we
2372 1459 52 19 shall
2434 1459 51 20 have

1897 1491 12 12 a
1918 1491 50 19 very
1973 1486 133 20 comfortable
2116 1487 71 25 house;
2198 1493 33 18 my
2241 1489 54 17 mate
2304 1493 40 13 one
2353 1486 46 22 end,
2410 1493 30 12 we
2450 1486 37 19 the

1897 1512 66 20 other.
1982 1512 66 20 There
2057 1513 17 19 is
2085 1520 26 13 no
2122 1514 41 19 fear
2172 1513 24 20 of
2205 1513 74 25 having
2289 1518 20 15 to
2320 1514 41 24 buy
2372 1513 37 20 fire
2419 1512 66 24 wood,

1898 1539 65 20 there'
1970 1539 16 20 is
1995 1539 71 27 plenty
2074 1540 55 20 close
2140 1545 21 15 «o
2173 1546 40 14 our
2222 1541 70 18 house.
2321 1539 39 20 We
2370 1543 37 16 cut
2421 1539 65 20 board

1897 1565 33 20 for
1939 1567 107 23 ourselves,
2057 1567 34 19 fell
2103 1568 54 18 what
2165 1573 31 13 we
2207 1566 40 20 like
2258 1567 23 19 of
2285 1573 40 18 any
2334 1571 43 15 sort
2387 1566 58 19 there
2454 1566 31 20 is:

1899 1599 29 12 we
1939 1593 58 20 made
2006 1595 47 18 each
2064 1600 11 13 a
2086 1594 56 20 table
2149 1594 24 19 of
2180 1593 54 27 pine,
2247 1593 41 20 and
2299 1594 7 19 I
2320 1594 69 25 begun
2396 1599 12 13 a
2419 1593 68 25 chair,

1897 1620 38 18 but
1954 1619 10 20 I
1982 1623 34 21 got
2030 1626 62 20 many
2104 1621 47 23 jobs
2160 1628 5 16 ;
2188 1620 34 19 the
2231 1626 49 13 saw-
2283 1620 31 25 pit
2327 1626 30 13 we
2370 1620 56 20 work
2436 1619 22 20 in
2467 1620 19 19 is

1896 1646 25 19 31
1933 1646 41 20 feet
1984 1646 49 27 long
2041 1654 6 17 ;
2070 1654 58 13 some
2137 1647 75 19 timber
2222 1647 16 19 is
2245 1647 33 19 six
2289 1647 39 19 feet
2342 1646 59 26 deep,
2417 1646 41 20 and
2467 1647 20 19 it

1897 1679 66 13 seem;
1972 1680 12 13 a
1993 1673 43 26 pity
2046 1678 23 15 to
2078 1675 52 19 burn
2140 1675 51 19 such
2200 1674 52 26 good
2269 1674 77 19 timber
2354 1680 21 13 as
2384 1680 31 13 we
2431 1674 56 20 burn

1898 1700 68 22 down,
1977 1700 87 20 counted
2075 1708 22 12 as
2104 1702 64 18 worth
2177 1700 93 23 nothing.

1928 1726 50 21 Flo.
1989 1726 42 20 3rd.
2035 1738 27 3 —
2064 1727 38 20 We
2112 1734 34 13 are
2158 1729 64 19 about
2231 1726 28 21 20
2269 1727 59 20 miles
2337 1734 29 18 up
2376 1727 37 19 the
2422 1726 65 21 river.

1900 1753 46 19 The
1965 1757 48 16 next
2031 1753 57 25 place
2105 1757 22 17 to
2146 1760 24 14 us
2190 1753 17 20 is
2222 1753 104 25 Wymath,
2343 1753 25 21 12
2377 1753 68 25 miles,
2460 1753 26 20 in

1897 1779 134 26 cultivation^
2046 1780 101 20 beautiful
2165 1781 31 19 for
2205 1786 48 14 com
2262 1780 41 19 and
2311 1780 66 20 flocks
2385 1781 25 18 of
2422 1781 63 25 sheep

1899 1806 114 25 belonging
2023 1810 20 15 to
2060 1807 35 19 the
2112 1807 77 20 church
2207 1806 149 24 missionaries;
2376 1807 60 20 there
2451 1813 36 14 are

1900 1832 125 26 Wesleyans*
2056 1833 46 20 The
2109 1837 50 16 next
2168 1833 65 26 place,
2241 1833 35 20 the
2287 1833 45 25 Bay
2342 1834 23 19 of
2372 1833 87 23 Islands,
2468 1833 19 20 is

1897 1865 14 12 a
1924 1865 51 20 very
1989 1859 93 20 drunkea
2098 1860 128 26 blackguard
2240 1859 63 25 place,
2318 1860 28 20 30
2361 1860 60 20 miles
2431 1860 57 19 from.

1899 1891 29 13 us.
1961 1886 67 20 There
2041 1887 18 18 is
2075 1893 27 13 no
2118 1887 57 25 place
2190 1886 22 19 in
2229 1887 35 18 tlie
2279 1887 65 20 world
2353 1893 67 14 scarce
2436 1887 51 20 with

1897 1912 52 19 such
1958 1912 74 19 timber
2040 1913 33 19 for
2082 1917 64 16 masts
2161 1914 32 19 for
2211 1913 55 24 ships
2283 1914 40 18 and
2339 1915 59 17 other
2414 1912 74 27 things

1898 1945 21 12 as
1927 1940 55 19 here.
2014 1939 45 20 Our
2069 1944 77 15 master
2155 1940 27 24 by
2191 1940 33 18 the
2232 1939 134 20 Caromandel
2374 1939 42 20 will
2426 1938 62 25 clear,

1899 1965 26 25 by
1934 1965 29 19 all
1973 1972 30 12 we
2012 1972 36 13 can
2057 1966 41 20 find
2106 1970 44 19 out,
2160 1965 74 23 7,000/.
2241 1972 22 13 or
2269 1966 76 22 8,000/.
2354 1973 5 17 j
2375 1967 37 19 the
2419 1966 69 21 whole

1899 1992 59 19 value
1968 1992 14 20 I
1991 1999 33 12 am
2038 1992 44 19 told
2099 1993 19 19 is
2126 1992 90 22 24,000/.
2227 1999 22 13 or
2264 1992 101 26 25,000/.,
2379 1992 42 20 and
2437 1993 51 26 they

1898 2018 52 19 have
1959 2018 18 20 it
1986 2021 36 18 cut
2031 2025 28 19 up
2069 2020 31 19 for
2110 2020 74 19 almost
2200 2019 88 26 nothing
2295 2027 5 15 ;
2317 2021 37 18 but
2365 2020 50 25 they
2423 2019 64 27 begin

1898 2049 23 15 to
1940 2049 35 21 get
1992 2052 56 13 more
2066 2046 78 19 awake.
2173 2046 59 25 They
2241 2046 44 19 will
2294 2053 41 12 saw
2345 2053 27 13 no
2387 2052 60 14 more
2455 2046 33 21 for

1899 2072 56 19 their
1965 2072 29 21 4s.
2004 2079 13 12 a
2026 2072 55 19 week
2089 2079 8 19 ;
2106 2074 50 25 they
2162 2072 59 21 work
2229 2073 21 19 in
2262 2072 40 20 this
2312 2080 44 18 way
2363 2073 44 20 3or
2414 2072 15 21 4
2435 2072 53 26 pair,

1898 2105 23 12 so
1939 2099 52 25 keep
2007 2105 12 13 a
2029 2100 111 25 European
2157 2103 22 16 to
2196 2100 59 24 sharp
2271 2099 42 20 and
2328 2100 42 20 line
2382 2100 41 19 and
2438 2100 51 20 look

1898 2126 53 19 after
1961 2126 63 19 them.

1928 2157 52 20 Fob.
1991 2156 53 21 10th.
2047 2168 28 5 —
2077 2158 45 20 The
2132 2158 88 25 Captain
2227 2157 49 21 died
2282 2157 39 21 last
2328 2159 65 22 week,
2399 2158 42 20 and
2447 2164 41 15 was

1899 2184 74 19 buried
1991 2184 21 19 in
2028 2185 35 19 the
2079 2186 71 23 chape)
2162 2185 57 25 yard.
2248 2184 13 20 I
2273 2185 71 20 intend
2354 2185 89 26 sending
2450 2188 40 18 not

1899 2217 40 13 one
1950 2211 55 20 word
2015 2218 70 19 wrong
2095 2211 19 19 if
2123 2211 11 20 I
2144 2212 62 20 know
2215 2211 27 19 it:
2254 2218 60 19 many
2326 2211 69 21 would
2402 2217 38 14 not
2445 2211 44 21 like

1899 2238 36 18 the
1942 2242 94 21 country,
2044 2244 22 13 as
2074 2239 58 19 there
2142 2237 70 22 would
2220 2238 24 19 be
2252 2244 36 14 not
2294 2245 100 19 company
2404 2240 86 25 enough

1899 2264 32 20 for
1941 2265 58 19 them
2008 2268 72 21 except
2091 2265 84 24 natives,
2193 2265 40 19 and
2243 2271 26 13 no
2279 2265 69 26 liquor
2358 2266 23 19 of
2387 2271 41 19 any
2436 2265 53 21 kind

1900 2295 22 15 to
1940 2292 26 19 bo
1986 2296 36 21 got
2036 2295 21 16 at
2077 2291 115 27 Hukianga
2210 2292 35 19 but
2262 2292 85 20 seldom.
2377 2293 48 19 The
2438 2291 52 28 only

1900 2318 62 26 thing
1977 2319 43 19 that
2034 2324 65 14 seems
2109 2324 112 15 venomous
2235 2319 15 19 is
2270 2319 35 18 the
2322 2318 68 20 lizard.
2421 2319 69 27 Many

1900 2344 25 20 of
1930 2345 57 20 them
1996 2352 33 12 aro
2040 2346 63 18 about
2111 2346 35 18 the
2155 2350 60 18 trees,
2224 2345 40 19 and
2274 2352 40 18 you
2322 2345 62 20 know
2394 2346 50 25 they
2453 2352 36 14 are

1900 2371 99 21 harmless
2003 2373 90 25 enough.
2111 2372 334 26 Thewintersarecoldandrainy,
2450 2373 40 20 but

1901 2398 57 20 little
1965 2399 51 19 frost
2025 2399 39 19 and
2081 2406 28 12 no
2122 2405 65 15 snow.
2219 2398 10 20 I
2240 2399 50 19 have
2299 2406 12 12 a
2320 2399 100 20 beautiful
2431 2399 59 26 place

1902 2432 35 19 my
1946 2426 40 20 end
1996 2426 31 20 for
2035 2432 13 13 a
2056 2425 83 26 garden,
2156 2427 37 19 the
2203 2427 88 18 weather
2303 2426 42 20 and
2356 2432 38 14 sun
2404 2427 86 26 coming

1901 2451 22 20 in
1935 2453 56 19 front
2004 2453 28 19 all
2048 2460 59 18 open.
2140 2453 11 19 I
2161 2455 66 24 began
2243 2456 21 16 to
2275 2453 59 19 make
2344 2460 12 12 a
2365 2452 74 26 hedge,
2453 2453 37 20 the

1900 2479 44 19 first
1954 2486 46 13 ever
2008 2479 65 24 made,
2086 2480 11 19 I
2106 2486 95 19 suppose,
2211 2479 20 20 in
2243 2479 51 19 New
2303 2479 96 24 Zealand,
2405 2479 42 20 and
2454 2486 36 14 am
2497 2498 1 3 .

1900 2507 65 25 going
1980 2512 21 14 to
2019 2513 41 13 sow
2070 2513 57 13 some
2139 2507 81 24 turnips
2238 2506 40 19 and
2294 2507 57 24 plant
2360 2508 69 18 beans.
2460 2506 28 21 In

1900 2533 43 19 this
1960 2538 87 21 country
2060 2533 75 19 almost
2151 2539 42 20 any
2210 2533 49 18 time
2281 2533 44 19 will
2340 2533 34 21 do.
2405 2533 34 25 By
2453 2533 37 21 the

1902 2565 49 14 next
1961 2561 49 19 time
2021 2561 11 19 1
2041 2560 51 19 send
2104 2560 11 19 I
2125 2560 50 19 shall
2185 2561 25 18 be
2219 2559 44 19 able
2274 2564 21 14 to
2309 2560 37 18 tell
2360 2566 41 18 you
2410 2566 12 12 a
2433 2559 55 21 little

1901 2587 67 19 better
1978 2587 62 19 about
2050 2587 54 19 what
2115 2587 76 19 chance
2202 2587 55 18 there
2266 2586 16 18 is
2293 2587 47 18 here
2351 2587 57 18 when
2419 2585 11 20 I
2438 2587 51 19 have

1891 2611 2 12 1
1900 2620 47 12 seen
1959 2620 56 13 more
2021 2615 62 18 about
2095 2614 23 19 it.
2149 2614 19 18 A
2178 2618 70 20 person
2259 2618 57 14 came
2327 2613 52 19 from
2388 2612 102 27 England

1901 2640 50 20 with
1962 2647 25 13 us
1994 2641 26 24 by
2026 2641 33 19 the
2066 2646 60 13 name
2135 2640 25 19 of
2163 2639 59 21 Josh-
2233 2639 105 26 England,
2347 2639 40 20 and
2395 2639 17 19 is
2421 2640 67 27 living

1900 2667 50 19 with
1968 2667 135 20 missionaries
2119 2670 22 15 at
2156 2666 108 27 Wymath,
2280 2670 45 21 gets
2342 2666 41 20 12s.
2400 2672 14 14 a
2424 2667 65 24 week,

1900 2693 117 26 provisions
2024 2694 31 20 for
2064 2693 45 23 self,
2118 2693 55 23 wife,
2183 2693 58 21 three
2250 2693 102 24 children,
2361 2693 54 26 good
2423 2694 67 20 house

1902 2721 48 23 free,
1969 2724 69 20 water,
2057 2719 61 21 wood
2133 2720 93 26 brought
2241 2721 26 24 by
2278 2721 35 18 the
2330 2721 78 19 natives
2425 2724 22 16 to
2455 2721 36 20 his

1902 2747 57 23 door,
1968 2747 49 26 only
2026 2754 21 12 as
2054 2749 81 17 servant
2148 2751 39 15 out
2206 2745 60 21 doors
2284 2751 22 15 to
2318 2748 37 23 job
2371 2748 64 19 about
2450 2748 39 20 the

1900 2778 73 16 stores.
2003 2774 36 19 He
2047 2774 17 19 is
2074 2780 12 13 a
2095 2773 122 20 shoemaker
2226 2774 25 25 by
2259 2774 64 20 trade.
2434 2775 57 26 t&M

1903 2808 27 19 So
1940 2815 28 12 no
1977 2813 56 14 more
2041 2811 20 16 at
2071 2810 83 22 present
2163 2807 54 20 from
2226 2813 52 19 your
2292 2808 83 19 humble
2384 2811 91 19 servant,

2324 2841 23 21 C.
2361 2841 98 21 SHAW.

83 66 2 5 8
