2550 4010
1889 124 132 31 legislating
2033 123 34 23 for
2079 123 58 25 such
2148 132 14 15 a
2175 123 90 31 Colony
2286 131 25 16 as
2330 123 55 24 New
2404 122 77 24 South

1888 167 79 23 Wales
1980 167 19 22 is
2012 170 40 19 not
2063 174 25 15 so
2100 165 60 32 light
2173 165 43 24 and
2228 174 55 23 easy
2295 174 13 15 a
2326 170 81 19 matter
2420 172 26 16 as
2457 170 24 19 to

1889 210 64 23 allow
1966 209 39 23 the
2027 208 132 31 legislature
2184 209 26 22 of
2229 208 51 23 that
2300 208 87 30 Colony
2411 206 71 24 much

1889 252 92 28 leisure,
1994 259 42 16 nor
2048 259 38 16 are
2098 259 34 16 we
2145 251 25 24 of
2180 251 116 24 sufficient
2307 252 140 30 importance
2458 254 24 19 t:>

1890 295 27 23 be
1929 302 53 15 sure
1995 294 26 22 of
2030 294 160 30 commanding
2202 294 39 22 the
2260 294 112 24 attention
2390 299 57 17 even
2459 292 27 24 of

1891 337 57 23 their
1971 336 83 24 leisure
2078 341 123 18 moments.
2239 335 26 23 If
2285 334 38 24 the
2342 334 90 24 settlers
2458 339 24 19 at

1892 380 56 23 Port
1967 378 86 32 Philip,
2076 377 51 26 who
2151 379 18 23 it
2180 378 20 24 is
2212 377 75 26 stated
2305 384 44 25 pay
2368 378 114 27 £50,000

1891 431 39 23 per
1942 429 86 16 annum
2040 422 46 22 into
2100 421 38 23 the
2150 421 104 24 Colonial
2267 426 111 25 treasury,
2386 419 58 24 have
2457 424 24 18 to

1892 464 113 32 complain
2023 463 50 24 that
2094 463 61 24 their
2174 464 107 22 interests
2301 471 38 16 are
2357 461 125 31 habitually

1892 506 154 32 disregarded,
2057 513 41 22 we,
2112 506 59 23 from
2183 505 73 24 whom
2270 505 49 24 that
2330 510 104 25 treasury
2440 504 45 23 has

1891 551 97 31 nothing
2000 555 23 19 to
2035 550 66 32 hope,
2117 557 42 15 can
2175 548 93 31 indulge
2281 556 29 16 no
2322 548 161 31 anticipations

1892 594 25 23 of
1935 601 46 23 any
2000 600 54 24 very
2072 592 108 24 watchful
2199 599 51 16 care
2270 591 26 23 of
2312 599 41 16 our
2367 592 115 22 interests.

1892 636 64 23 With
1971 636 92 32 Sydney
2074 643 34 18 we
2119 635 58 25 have
2188 642 30 15 no
2237 635 92 23 natural
2347 633 135 25 connexion.

1894 679 50 24 Our
1954 680 177 24 circumstances
2150 685 37 16 are
2201 677 132 31 essentially
2352 675 132 26 dissimilar.

1894 722 50 23 The
1965 722 72 23 frame
2051 721 64 23 work
2135 721 24 23 of
2176 721 84 30 society
2282 720 19 23 is
2313 718 138 25 constituted
2463 718 26 23 of

1893 764 104 24 different
2009 764 124 29 materials,
2145 763 45 24 and
2205 771 41 16 our
2267 762 136 24 economical
2421 762 65 31 posi-

1893 808 47 22 tion
1964 806 108 24 demands
2094 807 106 24 different
2218 807 152 23 institutions.
2413 804 73 32 Upon

1893 858 67 23 every
1973 849 96 32 ground,
2081 849 121 28 therefore,
2211 849 26 23 of
2249 849 86 30 justice
2347 847 43 24 and
2401 846 85 33 policy,

1893 901 32 15 we
1944 892 59 23 have
2022 900 14 15 a
2054 892 63 31 right
2138 896 21 19 to
2179 891 98 24 demand
2295 891 128 31 separation
2442 889 46 24 and

1894 934 178 33 independence.

1927 979 30 23 In
1970 978 76 24 whose
2058 977 74 25 hands
2142 977 38 24 the
2191 977 129 31 legislative
2331 984 74 25 power
2423 977 21 22 is
2463 980 25 19 to

1893 1023 27 23 be
1931 1021 82 33 placed
2024 1022 19 23 is
2056 1030 13 14 a
2080 1026 91 24 matter,
2181 1025 40 19 not
2229 1020 81 25 indeed
2322 1021 166 30 unimportant,

1893 1065 41 24 but
1946 1065 48 24 still
2005 1073 14 14 a
2030 1064 125 33 secondary
2167 1063 174 25 consideration.
2378 1062 43 24 We
2435 1062 53 29 call,

1894 1108 120 28 therefore,
2027 1115 60 24 upou
2101 1108 98 31 Captain
2208 1106 107 30 Hobson,
2328 1112 24 19 to
2363 1105 74 24 whom
2449 1105 40 24 the

1894 1151 128 31 prosperity
2036 1150 25 23 of
2075 1150 40 24 the
2128 1150 143 24 settlements
2286 1148 116 25 entrusted
2415 1153 23 19 to
2451 1148 37 24 his

1894 1197 159 28 management
2065 1197 83 19 cannot
2161 1193 39 23 fail
2214 1197 24 19 to
2252 1192 30 24 be
2300 1193 61 28 dear,
2381 1196 23 19 to
2423 1197 66 19 exert

1894 1236 96 24 himself
2011 1240 23 19 to
2052 1237 72 22 attain
2141 1243 13 15 a
2172 1235 128 31 legislative
2319 1233 170 33 independence

1894 1280 34 23 for
1948 1279 39 24 the
2004 1279 96 31 Colony.
2144 1277 44 24 We
2207 1277 45 24 feel
2274 1277 95 24 assured
2386 1277 51 24 that
2455 1284 34 17 we

1894 1331 53 22 may
1958 1322 100 31 promise
2070 1321 48 24 him
2136 1321 38 24 the
2193 1320 86 25 cordial
2298 1324 93 28 support
2410 1320 26 24 of
2458 1319 31 24 all

1896 1356 37 23 the
1945 1355 139 26 inhabitants
2096 1355 26 23 of
2138 1354 45 25 this
2198 1354 90 25 district
2305 1355 25 23 in
2349 1353 34 24 his
2402 1353 86 24 endea-

1896 1397 77 15 vours.

1929 1422 38 24 To
1981 1421 80 25 enable
2079 1421 40 25 the
2139 1421 115 25 Colonists
2275 1425 22 18 to
2316 1424 94 28 support
2429 1419 60 23 their

1897 1455 120 24 Governor
2028 1454 54 24 with
2094 1454 73 28 effect,
2178 1454 18 23 it
2207 1454 20 22 is
2239 1461 122 23 necessary
2373 1452 48 25 that
2434 1452 55 31 they

1896 1488 82 25 should
1997 1487 57 24 have
2074 1495 29 16 an
2122 1492 68 27 agent
2209 1487 23 23 in
2256 1486 110 31 England
2386 1486 103 31 publicly

1896 1521 133 25 authorized
2047 1525 23 20 to
2088 1528 94 24 express
2202 1520 59 23 their
2282 1520 141 28 sentiments,
2444 1519 44 26 and.

1896 1554 125 25 instructed
2034 1559 22 20 to
2068 1554 73 24 watch
2155 1560 54 18 over
2220 1553 60 23 their
2291 1553 113 23 interests.
2442 1552 47 24 For

1897 1588 55 23 such
1966 1596 29 15 an
2007 1587 63 24 office
2083 1595 30 16 no
2126 1595 42 16 one
2180 1587 20 22 is
2213 1586 76 23 better
2307 1586 106 32 qualified
2432 1586 56 23 than

1898 1621 47 24 Mr.
1962 1620 99 24 Edward
2073 1621 93 23 Gibbon
2176 1619 138 24 Wakefield.
2352 1619 45 24 His
2406 1619 82 23 know-,

1896 1654 66 32 ledge
1974 1654 26 24 of
2015 1654 38 23 the
2065 1654 89 31 subject
2161 1654 19 23 is
2188 1653 174 31 unquestioned.
2399 1652 38 24 No
2445 1660 44 15 one

1898 1696 41 16 can
1952 1687 53 24 take
2018 1695 13 15 a
2042 1695 95 17 warmer
2148 1688 96 24 interest
2256 1687 23 22 in
2292 1686 38 23 the
2340 1686 94 31 Colony,
2444 1685 45 25 and

1897 1729 28 16 no
1938 1729 43 16 one
1994 1721 41 23 has
2047 1729 13 14 a
2070 1726 91 26 greater
2173 1720 66 23 claim
2246 1727 62 23 upon
2317 1719 37 24 the
2363 1719 125 24 Colonists.

1897 1755 43 23 We
1952 1754 75 24 would
2039 1753 111 25 therefore
2162 1758 95 25 suggest
2278 1752 48 24 that
2345 1760 24 16 as
2388 1760 56 15 soon
2463 1760 26 14 as

1898 1788 37 23 the
1947 1788 106 24 business
2073 1788 25 23 of
2122 1787 108 31 selecting
2249 1786 40 23 the
2307 1791 61 18 town
2385 1793 64 15 acres
2468 1786 21 22 is

1898 1821 131 28 concluded,
2042 1825 171 26 arrangements
2226 1819 83 25 should
2326 1820 29 22 be
2373 1819 65 23 made
2455 1819 36 23 for

1898 1854 85 31 calling
1994 1863 13 14 a
2019 1854 76 32 public
2107 1854 100 30 meeting
2226 1853 25 23 of
2267 1853 37 23 the
2319 1853 122 27 Colonists,
2454 1852 35 23 for

1898 1887 37 24 the
1947 1895 99 24 purpose
2059 1888 25 22 of
2098 1887 136 32 expressing
2246 1886 58 23 their
2312 1886 104 31 opinions
2429 1893 61 23 upon

1898 1921 38 24 the
1948 1921 90 31 subject
2049 1920 25 24 of
2089 1920 59 24 their
2166 1924 93 28 present
2278 1919 105 31 position,
2403 1919 46 22 and
2467 1919 26 22 of

1898 1955 134 32 appointing
2043 1962 29 15 an
2083 1959 69 25 agent
2164 1959 21 17 to
2201 1960 55 23 urge
2269 1952 59 24 their
2340 1952 151 31 clairas'upon

1898 1987 37 21 the
1948 1987 112 21 attention
2114 1986 38 21 the
2165 1985 101 28 English
2279 1985 164 22 Government.

867 2002 96 19 LATEST
978 2002 98 19 DATES.

672 2029 125 26 London.,
990 2029 117 32 February
1120 2031 39 26 23,
1181 2032 71 21 1840.

671 2062 93 31 Sydney
989 2062 59 23 June
1061 2064 40 27 20,
1117 2065 70 21 1840.

674 2095 89 24 Ilobart
775 2096 73 23 Town
992 2095 57 30 May
1061 2097 40 27 29,
1117 2098 71 22 1840.

671 2161 87 1 New
787 2161 204 1 Zealand
1020 2160 233 2 Gazette.

797 2214 132 26 Saturday,
944 2214 61 22 July
1019 2216 34 24 25,
1070 2216 59 20 1840.

1898 2049 18 11 **
1925 2049 94 21 Colonel
2036 2047 126 23 Wakefield
2172 2047 69 21 sailed
2258 2054 30 14 on
2305 2046 92 28 Sunday
2414 2046 43 22 last
2467 2046 24 22 in

1900 2075 37 22 the
1955 2076 14 11 '*
2141 2075 34 21 for
2184 2074 37 22 the
2234 2074 47 27 Bay
2292 2074 25 24 of
2333 2074 92 26 Islands,
2437 2074 54 22 with

1900 2103 37 21 the
1948 2103 91 21 address
2050 2106 21 17 to
2082 2102 44 22 His
2136 2101 136 27 Excellency
2283 2101 93 27 Captain
2386 2100 105 27 Hobson,

1900 2129 67 27 R.N.,
1980 2129 66 21 voted
2053 2129 29 30 by
2091 2129 38 21 the
2139 2128 110 22 Colonists
2260 2128 25 20 of
2297 2128 53 21 Port
2359 2127 132 22 Nicholson.

1900 2157 73 21 When
1985 2159 22 19 at
2014 2156 37 21 the
2059 2156 55 27 Bay,
2124 2155 47 22 Col.
2177 2154 124 22 Wakefield
2313 2154 44 22 will
2364 2154 75 21 obtain
2449 2154 44 21 His

1901 2183 156 27 Excellency's
2068 2183 79 21 wishes
2156 2181 127 28 respecting
2289 2181 39 22 the
2336 2181 157 22 Government

1901 2211 85 26 House,
1995 2209 72 22 which
2075 2210 42 21 has
2124 2209 87 22 arrived
2221 2209 53 21 here
2282 2209 23 21 in
2315 2208 37 22 the

1900 2237 57 22 from
1969 2237 101 22 London.

1988 2270 136 28 publication
2136 2270 42 21 ofa
2185 2269 57 22 New
2249 2268 101 23 Zealand
2358 2268 136 28 vocabulary

1901 2298 101 22 hasbeen
2009 2296 135 24 announced
2149 2297 24 21 in
2180 2304 40 13 our
2226 2303 70 21 paper
2301 2297 34 21 for
2342 2303 60 14 some
2411 2296 82 22 weeks.

1902 2326 36 21 On
1949 2324 134 28 proceeding
2093 2328 23 17 to
2126 2327 40 28 put
2176 2322 37 23 the
2223 2322 61 22 work
2295 2323 22 22 in
2328 2327 58 23 type,
2401 2330 34 14 we
2445 2322 49 23 find

1901 2352 37 22 the
1948 2352 111 26 language
2069 2352 100 25 requires
2178 2357 24 14 so
2219 2357 70 19 many
2305 2354 90 18 accents
2411 2349 45 22 and
2467 2357 25 14 so

1901 2387 69 19 many
1981 2378 26 22 of
2018 2378 120 28 particular
2152 2376 81 28 capital
2248 2376 77 22 letters
2341 2376 47 22 that
2404 2383 33 15 we
2455 2383 38 15 are

1901 2406 83 21 unable
1995 2409 22 18 to
2027 2405 65 27 bring
2103 2408 38 19 out
2151 2404 43 23 this
2205 2403 62 22 work
2274 2411 4 14 :
2294 2403 81 22 indeed
2382 2411 33 14 we
2423 2402 71 23 doubt

1901 2434 20 21 if
1927 2433 18 22 it
1955 2432 68 23 could
2032 2432 26 22 be
2068 2431 90 29 printed
2167 2431 29 27 by
2212 2437 46 21 any
2274 2430 104 27 ordinary
2396 2430 97 27 English

1902 2460 100 28 printing
2010 2458 175 23 establishment.
2211 2457 41 21 We
2260 2463 74 21 regret
2341 2456 150 28 thisinabilty,

1902 2495 23 14 as
1937 2487 37 22 the
1985 2486 61 22 work
2055 2486 67 21 could
2133 2489 39 18 not
2180 2484 39 22 fail
2230 2488 23 17 to
2263 2484 58 22 have
2331 2484 56 21 been
2398 2484 96 21 exceed-

1902 2514 63 26 ingly
1974 2513 73 22 useful
2056 2512 54 23 both
2121 2517 22 17 to
2159 2512 38 21 the
2213 2511 76 22 native
2304 2511 46 22 and
2366 2511 128 27 European.

1928 2547 50 21 The
1990 2547 146 27 Storekeeper
2146 2545 97 23 General
2253 2545 42 22 has
2305 2544 73 23 issued
2388 2552 13 14 a
2417 2545 77 21 notice

1902 2575 85 26 stating
1995 2573 50 24 that
2062 2573 114 25 the^New
2194 2571 102 25 Zealand
2315 2573 115 26 Company
2449 2571 46 23 will

1903 2601 81 27 supply
2002 2600 137 22 individuals
2158 2599 52 21 with
2231 2599 115 21 moderate
2365 2598 128 28 quantities,

1903 2628 35 21 for
1947 2627 86 28 private
2043 2634 46 19 use,
2101 2627 28 22 of
2133 2625 54 23 beef
2194 2625 45 22 and
2248 2625 56 28 pork
2320 2629 23 18 at
2358 2625 35 22 6d.
2404 2632 41 21 per
2453 2625 41 27 lb.,

1903 2654 59 22 flour
1971 2658 23 17 at
2002 2653 36 22 sd.
2049 2661 40 20 per
2097 2653 32 22 lb.
2145 2652 44 22 and
2207 2651 84 23 biscuit
2308 2656 24 18 at
2348 2652 34 22 3d.
2402 2659 42 20 per
2462 2651 32 24 lb.

1903 2681 48 21 The
1962 2681 79 24 bakers
2051 2688 37 14 are
2098 2684 24 17 to
2133 2679 26 22 be
2169 2679 103 27 supplied
2288 2679 53 21 with
2357 2679 57 22 flour
2422 2682 25 18 at
2456 2679 39 21 the

1904 2715 62 17 same
1975 2707 69 28 price,
2054 2707 44 21 arid
2117 2714 32 14 we
2166 2706 57 22 have
2242 2712 15 14 a
2265 2705 61 27 right
2344 2705 111 23 therefore
2472 2709 24 19 to

1904 2735 89 27 require
2004 2734 61 22 them
2075 2738 22 18 to
2108 2733 40 22 sell
2162 2740 13 14 a
2184 2736 44 18 two
2244 2733 78 26 pound
2338 2732 49 22 loaf
2402 2737 24 17 at
2445 2732 50 23 lOd.

1905 2761 41 22 We
1957 2761 47 21 find
2014 2761 56 21 flour
2080 2760 84 28 quoted
2174 2763 23 18 at
2212 2759 48 22 £45
2272 2763 22 17 to
2305 2760 47 22 £48
2366 2767 38 20 per
2421 2763 40 19 ton
2472 2763 24 18 at

1905 2788 50 21 Van
1967 2788 115 22 Dieman's
2093 2787 72 26 Land,
2177 2786 45 22 and
2239 2786 69 22 bread
2316 2790 23 18 at
2355 2786 34 22 7d.
2410 2786 37 22 for
2456 2785 39 23 the

1905 2818 42 18 two
1958 2815 77 26 pound
2044 2815 57 26 loaf;
2118 2813 64 24 while
2199 2813 54 22 with
2272 2813 58 23 flour
2349 2817 22 18 at
2388 2813 49 23 £50
2456 2813 39 22 the

1904 2843 80 26 people
1994 2841 52 22 here
2057 2841 58 22 have
2129 2841 57 23 been
2205 2840 85 28 paying
2308 2842 30 20 Is.
2350 2840 33 22 Id.
2403 2840 36 22 for
2457 2839 39 23 the

1905 2872 43 19 two
1960 2869 75 27 pound
2045 2869 52 21 loaf.
2129 2868 23 22 If
2165 2867 69 23 bread
2243 2867 19 21 is
2272 2871 42 18 not
2322 2867 47 22 sold
2379 2870 23 18 at
2411 2874 14 14 a
2435 2867 61 27 price

1904 2896 23 21 in
1938 2896 129 27 proportion
2079 2899 22 18 to
2113 2895 37 22 the
2161 2898 46 18 rate
2218 2895 27 21 of
2251 2894 65 27 flour,
2334 2894 35 22 the
2383 2893 113 23 Colonists

1905 2923 71 27 ought
1987 2926 21 18 to
2018 2922 56 23 bake
2084 2923 35 22 for
2127 2921 142 27 themselves,
2280 2921 71 22 which
2360 2920 72 23 would
2441 2928 55 15 soon

1905 2957 53 15 cure
1968 2949 38 22 the
2017 2949 50 22 evil.

1897 2982 21 12 '■"
1932 2983 85 21 Birth.
2018 2995 30 4 —
2050 2982 37 22 On
2095 2981 52 22 loth
2157 2981 61 27 July,
2230 2980 27 22 of
2263 2987 13 14 a
2286 2987 48 20 son,
2347 2980 54 23 Mrs.
2413 2980 85 28 Spack-

1905 3017 61 19 man,
1984 3010 50 21 wife
2051 3008 26 22 of
2095 3009 45 21 Mr.
2157 3008 88 26 George
2264 3006 132 28 Spackman,
2413 3007 45 22 late
2475 3007 26 22 of

1906 3036 81 21 Essex.
2118 3044 4 7 '

2066 3088 129 24 POLICE
2214 3087 129 25 COURT.

1906 3140 83 24 Before
2001 3139 149 31 Willoughby
2162 3138 132 30 Shortland,
2303 3140 68 31 Esq.,
2379 3139 66 29 J.P.,
2453 3139 46 24 and

2037 3173 33 23 H.
2082 3173 33 24 D.
2131 3173 83 28 Smart,
2228 3172 70 32 Esq.,
2312 3173 54 24 J.P.

1932 3212 62 22 July
2004 3213 33 26 13,
2049 3213 61 22 1840.
2112 3225 30 4 —
2143 3212 80 25 Queen
2233 3219 23 15 v.
2271 3212 94 25 Newell.
2366 3224 29 5 —
2397 3211 101 28 Assault,

1905 3239 45 23 and
1961 3239 81 23 breach
2054 3239 26 23 of
2091 3239 39 24 the
2139 3246 75 21 peace,
2244 3239 57 24 Fine
2310 3241 33 20 ss.

1933 3274 33 21 16.
1968 3285 31 5 —
2000 3273 79 25 Queen
2094 3281 22 16 v,
2135 3272 156 23 Davis.-t-For
2308 3272 84 26 having
2411 3279 30 15 on
2460 3272 38 23 the

1905 3300 99 22 uniform
2015 3300 25 21 of
2051 3300 38 23 the
2098 3300 53 23 80th
2163 3300 128 27 Regiment.
2321 3299 71 22 Fined
2401 3299 41 22 £5.

1933 3335 34 21 20.
1969 3345 30 5 —
2002 3334 82 22 Gomm
2102 3342 22 14 v.
2140 3333 75 27 Allen,
2236 3332 128 27 Anderson,
2385 3340 48 15 sen.
2453 3331 46 24 and

1902 3361 61 27 jun.,
1974 3361 143 26 Sutherland,
2133 3360 43 22 and
2193 3360 86 22 Brown.
2281 3371 32 6 —
2314 3359 99 23 Assault.
2443 3359 56 23 Case

1906 3387 124 23 dismissed.
2032 3400 29 4 —
2064 3388 127 24 Anderson,
2207 3394 48 14 sen.
2271 3387 45 21 and
2331 3387 57 26 jun.,
2407 3386 92 22 Suther-

1906 3414 55 22 land
1978 3415 45 22 and
2039 3415 88 26 Brown,
2143 3422 21 17 v,
2182 3413 97 23 Gomm.'
2279 3425 26 5 —
2307 3413 81 23 Bound
2404 3420 56 16 over
2476 3416 23 18 to

1906 3440 58 30 keep
1974 3442 38 22 the
2021 3449 75 21 peaoe.

683 2270 74 25 'The
775 2270 55 31 plan
850 2270 25 23 of
894 2270 38 23 the
950 2275 67 24 town,
1037 2279 24 15 as
1080 2272 131 23 announced
1228 2279 28 16 on

674 2311 119 34 Saturday,
808 2318 46 16 was
866 2311 116 24 exhibited
994 2319 29 16 on
1035 2312 103 31 Monday
1150 2312 49 29 last,
1214 2312 43 24 and

672 2352 41 23 has
725 2352 57 23 been
795 2359 57 24 open
865 2356 22 18 to
903 2352 126 31 inspection
1042 2352 83 31 during
1136 2352 37 24 the
1186 2353 69 23 week.

673 2392 43 23 We
725 2392 86 23 believe
823 2392 19 23 it
852 2392 64 31 gives
931 2400 53 23 very
1004 2393 90 30 general
1111 2394 144 25 satisfaction.

673 2432 35 23 To
719 2441 28 15 us
758 2433 18 23 it
787 2440 95 24 appears
895 2432 37 24 the
946 2434 44 22 site
1004 2432 41 24 has
1063 2433 57 23 been
1139 2434 63 24 made
1220 2434 37 24 the

673 2477 59 18 most
744 2473 18 22 it
772 2473 19 22 is
805 2472 92 31 capable
910 2472 29 29 of,
957 2473 45 23 and
1012 2473 51 25 that
1074 2473 37 23 the
1124 2473 133 32 advantages

674 2520 36 15 are
723 2521 25 15 as
755 2512 117 32 generally
880 2512 134 24 distributed
1023 2522 24 15 as
1054 2514 107 31 possible.
1191 2515 67 23 Some

674 2553 25 23 of
714 2562 40 14 our
766 2554 74 23 fellow
853 2554 116 24 Colonists
981 2555 57 23 have
1056 2555 97 31 thought
1163 2556 49 23 that
1222 2557 36 23 the

674 2601 80 24 survey
767 2594 40 23 has
824 2595 124 31 proceeded
967 2596 77 31 slowly
1054 2604 5 20 ;
1079 2596 41 22 but
1132 2603 35 16 we
1179 2601 80 19 cannot

675 2642 65 23 agree
752 2635 23 25 in
787 2634 46 24 this
845 2636 98 29 opinion,
957 2636 65 23 when
1033 2644 33 15 we
1077 2636 54 23 bear
1150 2637 22 23 in
1190 2637 68 28 mind,

675 2674 47 24 that
730 2676 38 24 the
776 2683 82 24 survey
866 2683 45 16 was
920 2677 143 23 commenced
1072 2681 22 19 at
1105 2676 38 24 the
1150 2678 108 31 approach

675 2715 25 23 of
715 2716 43 22 and
771 2716 41 23 has
823 2716 57 24 been
894 2717 86 23 carried
992 2725 28 15 on
1040 2717 99 31 through
1158 2723 41 20 wet
1217 2719 41 23 and

675 2755 49 23 cold
736 2756 106 29 weather,
845 2769 28 4 —
878 2756 48 24 that
934 2757 38 24 the
981 2757 226 32 Surveyor-General
1219 2759 40 23 has

675 2795 52 32 only
748 2796 63 24 three
831 2797 127 29 assistants,
962 2811 28 3 —
996 2797 48 24 that
1065 2798 38 23 the
1124 2798 41 24 site
1187 2803 23 19 to
1232 2799 26 23 be

675 2836 109 31 surveyed
796 2837 20 23 is
828 2837 116 31 decidedly
957 2837 95 24 difficult
1070 2843 21 18 to
1104 2837 49 24 deal
1165 2839 60 28 with,
1231 2852 25 3 —

675 2876 43 22 and
730 2876 48 22 that
790 2880 39 27 yet
841 2876 44 23 this
901 2884 81 23 survey
1004 2877 38 23 has
1061 2877 57 23 been
1138 2879 121 31 completed

675 2916 22 22 in
710 2916 62 23 three
784 2916 100 24 months.
920 2916 44 24 We
976 2917 57 31 fully
1051 2918 137 31 sympathise
1208 2919 50 24 with

675 2963 40 16 our
733 2956 74 24 fellow
827 2956 114 24 Colonists
960 2958 24 23 in
1007 2957 57 24 their
1082 2959 92 31 anxiety
1191 2964 23 19 to
1232 2960 26 23 be

674 2998 77 31 placed
764 2999 22 23 in
798 2999 131 31 possession
948 3000 26 23 of
996 3000 58 23 their
1072 3006 106 26 property
1188 3011 5 19 ;
1219 3002 39 23 but

673 3046 33 17 we
724 3039 43 24 feel
786 3039 124 26 convinced
927 3041 19 23 if
968 3041 50 31 they
1033 3042 94 30 enquire
1151 3043 45 23 into
1223 3042 36 27 the,

674 3084 56 19 state
743 3080 25 24 of
776 3079 79 32 things
866 3081 24 22 in
902 3081 168 31 neighbouring
1090 3082 98 24 colonies
1209 3083 49 30 they

673 3119 45 24 will
736 3124 40 19 not
793 3120 30 23 be
842 3119 156 25 discontented
1017 3121 54 23 with
1092 3130 41 15 our
1146 3130 110 24 progress.

674 3159 40 24 All
726 3168 38 15 are
775 3159 135 32 acquainted
922 3161 54 26 with
989 3161 38 26 the
1046 3161 78 31 delays
1145 3163 22 23 in
1186 3162 73 25 South

675 3199 123 29 Australia,
837 3199 43 26 We
901 3208 36 19 are.
948 3201 49 26 told
1008 3201 49 26 that
1070 3201 47 24 the-
1126 3210 92 24 surveys
1237 3203 21 23 in

675 3241 50 24 Van
739 3242 120 24 Dieman's
873 3243 65 24 Land
951 3252 40 15 are
1002 3249 38 23 not
1052 3244 24 23 in
1087 3252 14 15 a
1119 3245 139 31 satisfactory

675 3280 56 18 state
739 3285 5 19 ;
758 3276 45 23 and
816 3283 33 16 we
863 3276 57 24 have
937 3277 79 23 before
1035 3285 28 16 us
1080 3285 30 16 an
1128 3277 48 25 able
1195 3279 64 27 letter

674 3309 22 22 in
710 3317 12 15 a
735 3309 93 31 Sydney
840 3317 77 23 paper,
929 3310 59 24 from
1005 3311 39 23 the
1060 3319 45 23 pen
1117 3311 26 23 of
1158 3319 28 16 an
1205 3312 54 24 emi-

674 3347 74 25 grant,
761 3344 154 29 complaining
926 3344 25 23 of
960 3344 86 31 having
1058 3349 22 17 to
1088 3345 60 27 wait,
1156 3344 22 24 in
1188 3353 27 15 an
1224 3345 35 23 old

675 3375 79 34 colony
767 3375 55 27 with
830 3384 14 15 a
854 3376 63 30 large
929 3377 45 23 and
986 3377 144 31 enormously
1141 3379 118 31 expensive

675 3409 123 30 surveying
810 3408 150 31 department,
981 3410 63 23 three
1061 3418 66 23 years
1147 3410 33 24 for
1198 3411 60 24 laud.

677 3441 48 23 Nor
738 3441 53 23 does
804 3441 38 24 the
855 3441 81 24 Editor
948 3443 26 22 of
983 3443 39 23 the
1033 3450 70 24 paper
1110 3443 24 23 in
1142 3443 72 25 which
1225 3444 34 24 the

675 3473 82 32 charge
769 3481 95 24 appears
877 3474 58 31 deny
948 3474 38 28 the
1000 3480 120 22 statement
1132 3484 24 16 or
1167 3482 92 27 attempt

676 3511 22 18 to
711 3507 89 31 explain
814 3507 19 23 it
844 3515 71 23 away.

710 3540 38 23 On
762 3540 102 31 Monday
877 3540 38 24 the
928 3540 64 25 work
1004 3541 25 24 of
1038 3543 167 30 appropriation
1216 3543 44 25 will

677 3579 135 22 commence,
823 3573 44 23 and
878 3581 33 15 we
923 3573 58 32 hope
994 3574 55 24 with
1061 3575 38 23 the
1111 3576 60 24 close
1184 3577 25 23 of
1224 3577 36 23 the

676 3605 63 24 week
756 3606 46 23 will
820 3606 29 23 be
868 3606 135 32 completed.
1039 3607 29 24 In
1087 3608 93 24 another
1198 3609 62 24 week

677 3638 36 23 the
725 3638 63 23 work
802 3638 25 24 of
837 3640 100 29 erecting
948 3645 133 25 permanent
1093 3641 118 33 dwellings
1218 3643 43 23 will

676 3670 75 31 begin,
765 3671 45 23 and
821 3671 77 23 before
910 3677 55 18 next
977 3673 79 23 winter
1070 3681 31 16 we
1113 3682 39 16 are
1164 3683 52 16 sure
1223 3680 38 19 not

677 3703 52 35 only
741 3704 45 22 will
798 3703 31 24 all
841 3704 50 27 who
901 3712 36 16 are
951 3705 54 24 here
1014 3713 50 16 now
1077 3706 26 24 be
1111 3707 49 23 well
1169 3708 90 29 housed,

676 3736 41 24 but
729 3736 73 32 ample
814 3737 85 27 shelter
911 3739 44 22 will
973 3739 29 22 he
1021 3739 106 31 provided
1147 3741 32 24 for
1198 3742 63 24 those

677 3769 72 25 whom
762 3778 32 15 we
807 3777 52 29 may
873 3776 80 25 expect
964 3772 58 23 from
1031 3772 39 23 the
1078 3777 67 19 sister
1157 3774 104 24 Colonies

677 3803 43 23 and
732 3803 57 23 from
803 3802 117 32 England.
956 3804 44 24 We
1016 3805 67 25 know
1103 3807 83 24 several
1206 3815 55 23 gen-

678 3835 82 24 tlemen
783 3836 57 30 who.
856 3836 47 24 will
922 3845 129 17 commenoe
1071 3839 151 32 immediately
1240 3845 21 19 to

676 3868 64 24 build
753 3877 29 15 on
794 3869 149 32 speculation,
957 3871 45 23 and
1014 3871 49 26 that
1080 3872 87 24 several
1183 3878 78 26 agents

677 3902 159 30 representing
867 3904 139 29 proprietors
1035 3905 24 22 in
1089 3904 107 31 England
1226 3914 35 15 are

677 3933 129 26 authorised
819 3938 23 20 to
855 3936 89 28 expend
955 3936 64 30 large
1031 3941 105 22 amounts
1148 3938 22 25 in
1187 3938 72 23 build.

1312 530 51 23 The
1375 530 114 32 authority
1503 531 24 22 of
1542 530 38 23 the
1600 530 88 23 British
1708 530 155 23 Government

1276 573 71 31 being
1358 577 23 18 at
1391 573 79 31 length
1482 572 137 26 established
1630 577 23 20 at
1662 572 56 25 Port
1729 572 133 29 Nicholson,

1278 616 18 22 it
1313 616 105 23 becomes
1436 624 28 15 us
1482 623 26 15 as
1526 615 116 25 Colonists
1663 619 22 21 to
1704 614 103 26 consider
1826 614 37 24 the

1277 659 100 30 position
1399 659 24 23 in
1445 658 73 24 which
1536 666 32 16 we
1590 666 37 16 are
1649 657 87 32 placed,
1759 657 43 23 and
1826 657 37 24 the

1277 701 101 31 political
1390 702 130 23 necessities
1527 701 86 30 arising
1620 706 39 20 out
1667 701 25 23 of
1698 701 52 24 that
1756 701 107 31 position.

1311 751 45 24 We
1367 751 56 24 have
1436 760 30 18 no
1479 752 109 23 intention
1607 757 23 19 at
1648 752 39 24 the
1705 756 92 27 present
1815 759 49 15 mo-

1277 799 64 18 ment
1352 799 23 18 to
1385 800 64 18 enter
1461 796 47 22 into
1518 802 42 23 any
1573 796 104 30 question
1689 803 25 18 as
1726 800 22 18 to
1760 795 38 23 the
1806 795 58 22 form

1277 838 27 23 of
1318 838 158 24 Government
1487 838 71 23 which
1570 838 72 30 ought
1653 843 23 18 to
1688 838 27 23 be
1727 837 103 24 awarded
1842 842 23 19 to

1277 882 39 22 the
1338 882 86 22 British
1445 881 100 32 subjects
1563 882 24 22 in
1606 880 45 24 this
1672 881 94 30 Colony.
1803 880 62 23 That

1277 925 31 30 by
1327 925 138 30 emigrating
1481 924 57 26 from
1560 923 72 25 Great
1651 924 90 23 Britain
1759 927 22 19 to
1801 923 64 24 these

1279 967 91 24 Islands
1386 975 33 16 we
1439 967 57 24 have
1513 967 57 23 done
1589 967 97 31 nothing
1704 971 22 19 to
1745 967 76 23 forfeit
1840 974 26 16 or

1277 1012 82 30 impair
1372 1019 40 16 our
1423 1011 147 34 prescriptive
1583 1010 43 25 and
1645 1010 128 34 hereditary
1791 1009 74 31 rights

1277 1059 24 18 to
1312 1054 48 23 free
1373 1054 140 23 institutions
1526 1053 43 24 and
1581 1061 14 16 a
1609 1053 140 31 responsible
1766 1060 99 24 govern-

1277 1101 71 24 ment,
1369 1105 94 23 appears
1482 1101 23 19 to
1522 1104 28 15 us
1567 1096 207 23 incontrovertible.
1819 1096 47 23 But

1277 1140 39 23 the
1328 1145 93 26 present
1432 1141 20 24 is
1464 1145 40 21 not
1517 1139 36 26 the
1566 1139 77 32 fitting
1653 1139 79 31 period
1741 1139 34 25 for
1783 1139 84 31 urging

1278 1182 66 23 those
1355 1183 82 30 rights.
1473 1182 125 23 Occasions
1605 1190 52 22 may
1665 1182 57 23 arise
1730 1180 137 32 demanding

1277 1225 61 24 their
1350 1226 118 28 assertion,
1482 1225 43 24 and
1536 1232 33 16 we
1581 1230 59 18 trust
1651 1225 49 25 that
1712 1232 33 15 we
1757 1224 59 25 shall
1827 1230 40 18 not

1277 1268 57 24 then
1345 1268 28 23 be
1386 1268 72 24 found
1474 1269 108 30 wanting.
1618 1268 66 28 Now,
1702 1267 112 29 however,
1834 1275 33 16 we

1278 1311 69 23 stand
1358 1312 22 22 in
1394 1311 58 23 need
1464 1311 25 23 of
1503 1319 14 15 a
1528 1310 157 24 Government
1693 1320 6 19 ;
1719 1310 44 24 and
1782 1310 46 23 this
1847 1312 20 22 is

1278 1362 42 16 our
1333 1355 50 22 first
1395 1353 44 25 and
1451 1358 60 19 most
1526 1354 106 31 pressing
1650 1358 67 19 want.
1756 1353 34 24 Its
1813 1361 54 16 con-

1280 1398 105 23 stitution
1403 1399 20 22 is
1442 1406 14 15 a
1477 1402 82 21 matter
1578 1397 25 24 of
1624 1397 58 23 after
1698 1402 168 26 arrangement.

1278 1439 126 25 Whatever
1416 1447 52 24 may
1481 1440 27 23 be
1519 1440 38 23 the
1576 1439 134 31 disposition
1728 1439 26 26 of
1769 1439 97 33 Captain

1281 1483 98 25 Hobson
1392 1484 97 24 towards
1501 1491 34 21 us,
1548 1482 103 26 however
1663 1484 87 23 sincere
1768 1490 53 23 may
1839 1482 29 24 be

1279 1526 38 23 his
1329 1526 74 24 desire
1421 1531 23 19 to
1463 1530 100 29 promote
1583 1524 37 26 the
1636 1526 127 33 prosperity
1782 1526 26 22 of
1830 1525 38 24 the

1280 1569 142 24 settlements
1439 1569 122 31 nominally
1578 1568 118 25 entrusted
1713 1573 23 19 to
1755 1568 35 23 his
1808 1576 59 20 care,

1280 1612 30 23 he
1322 1612 42 23 has
1376 1620 28 15 no
1416 1620 75 24 power
1503 1616 22 19 to
1538 1611 53 24 take
1604 1620 12 15 a
1630 1611 73 31 single
1722 1616 50 26 step
1792 1611 76 23 calcu-

1279 1654 62 24 lated
1353 1660 22 18 to
1387 1655 99 24 advance
1498 1663 40 15 our
1550 1655 114 28 interests,
1684 1662 25 15 or
1722 1661 91 16 remove
1825 1654 42 23 im-

1279 1698 130 31 pediments
1421 1703 23 18 to
1457 1705 41 15 our
1509 1705 112 24 progress.
1659 1696 44 24 We
1719 1701 60 19 want
1792 1696 76 29 roads,

1282 1741 99 32 bridges,
1405 1741 91 28 wharfs,
1522 1740 97 29 schools,
1644 1743 172 28 arrangements
1834 1740 35 23 for

1280 1785 100 31 lighting
1392 1785 44 23 and
1447 1785 84 31 paving
1541 1792 42 15 our
1602 1788 68 24 town,
1689 1783 45 23 and
1754 1783 24 23 in
1796 1783 72 29 short,

1282 1828 31 23 all
1325 1828 64 25 those
1404 1828 109 25 elements
1532 1827 25 24 of
1579 1827 137 24 civilization
1734 1825 73 24 which
1830 1825 38 24 de-

1282 1870 70 24 mand
1365 1871 35 23 the
1412 1870 118 24 combined
1545 1869 137 34 application
1700 1869 26 23 of
1741 1868 38 24 the
1798 1868 72 25 whole

1282 1922 75 25 power
1369 1914 24 24 of
1409 1914 38 24 the
1459 1914 138 30 community
1609 1913 34 23 for
1663 1913 36 23 the
1718 1911 151 32 accomplish-

1282 1962 64 19 ment
1365 1957 24 24 of
1411 1966 14 15 a
1444 1964 102 16 common
1565 1956 82 31 object.
1691 1955 46 24 For
1756 1955 30 23 all
1806 1955 64 23 these

1283 2004 72 17 wants
1367 1999 38 22 the
1418 1999 114 22 Colonists
1546 1997 67 23 could
1623 1997 93 30 provide
1728 1997 72 21 either
1811 1995 59 25 from

1283 2047 118 16 resources
1421 2039 78 23 within
1518 2039 36 22 the
1578 2038 95 30 Colony,
1698 2046 26 15 or
1742 2038 30 30 by
1791 2045 79 15 means

1284 2082 74 25 which
1375 2082 53 33 they
1447 2082 73 30 might
1538 2081 120 24 command
1675 2081 58 22 from
1752 2080 117 31 England.

1284 2127 48 23 But
1345 2134 28 15 no
1384 2134 76 23 power
1472 2126 69 22 exists
1554 2129 23 18 to
1596 2125 43 23 call
1658 2124 59 25 forth
1736 2124 45 23 and
1802 2124 68 32 apply

1284 2170 64 24 these
1360 2177 125 20 resources,
1498 2168 33 24 for
1543 2168 58 24 New
1613 2168 100 24 Zealand
1729 2168 53 23 does
1794 2173 41 17 not
1846 2176 24 15 as

1284 2218 38 25 yet
1333 2220 92 23 possess
1437 2221 14 14 a
1462 2212 57 23 local
1529 2211 140 31 legislature.

1318 2256 37 23 Of
1371 2256 43 23 this
1426 2260 61 22 w_ant
1503 2255 54 23 both
1574 2255 38 23 the
1633 2257 119 21 viovernor
1770 2255 46 22 and
1835 2254 37 25 the

1286 2300 116 24 Colonists
1421 2300 57 22 have
1499 2307 14 15 a
1533 2298 62 31 right
1616 2303 23 18 to
1658 2298 120 31 complain.
1822 2297 51 24 The

1285 2343 91 28 former,
1395 2343 96 23 because
1506 2341 35 24 his
1555 2348 87 25 powers
1654 2341 26 23 of
1694 2341 129 23 usefulness
1835 2348 38 17 are

1284 2385 87 24 limited
1381 2394 5 20 ;
1401 2385 38 24 the
1451 2385 73 29 latter,
1536 2385 97 23 because
1645 2384 60 24 their
1715 2388 61 20 most
1786 2385 86 32 impor-

1285 2434 51 19 tant
1346 2429 107 23 interests
1465 2437 37 15 are
1508 2427 98 33 exposed
1613 2428 123 31 inevitably
1744 2432 22 18 to
1775 2427 97 31 neglect.

1285 2472 42 24 All
1340 2472 116 23 Colonists
1467 2472 74 28 know,
1554 2470 46 24 and
1611 2479 58 16 none
1681 2471 72 24 better
1766 2470 55 27 than
1833 2479 40 16 our

1286 2515 86 24 friends
1385 2515 23 23 in
1421 2515 100 30 Sydney,
1533 2515 51 23 how
1595 2514 95 24 difficult
1696 2515 19 23 it
1722 2515 19 23 is
1750 2519 21 19 to
1780 2514 93 24 awaken

1287 2559 38 23 the
1349 2560 111 22 attention
1483 2558 25 23 of
1532 2566 14 15 a
1573 2558 86 24 distant
1684 2557 145 32 Legislature
1852 2563 23 19 to

1288 2601 104 24 Colouial
1410 2606 102 20 matters.
1547 2601 48 24 But
1613 2601 33 24 for
1666 2609 27 15 us
1712 2601 48 26 who
1780 2609 39 16 are
1837 2601 38 24 the

1289 2646 88 30 Colony
1386 2645 26 24 of
1427 2653 13 15 a
1452 2645 86 31 Colony
1542 2657 30 4 —
1574 2644 49 23 who
1638 2649 62 19 must
1711 2645 49 22 first
1772 2644 68 32 apply
1853 2649 22 18 to

1289 2689 36 23 the
1352 2688 92 31 Sydney
1470 2687 151 32 Legislature,
1648 2687 45 23 and
1715 2687 59 23 from
1795 2687 80 24 thence

1288 2731 81 32 appeal
1392 2736 22 19 to
1439 2730 38 24 the
1501 2730 103 24 Colonial
1623 2730 74 24 Office
1715 2731 25 22 in
1759 2729 116 32 England,

1289 2775 45 23 this
1346 2775 110 31 difficulty
1468 2775 20 22 is
1505 2773 114 24 increased
1639 2774 24 22 in
1682 2782 28 14 an
1729 2773 147 24 incalculable

1287 2818 139 31 proportion.
1463 2817 26 24 If
1504 2825 39 15 our
1555 2816 77 24 affairs
1644 2824 38 16 are
1700 2824 52 16 ever
1770 2816 107 25 attended

1288 2867 29 23 to,
1332 2862 18 22 it
1360 2860 45 24 will
1417 2862 28 23 be
1456 2861 31 31 by
1494 2860 98 28 chance;
1607 2860 18 23 if
1631 2861 53 22 wise
1692 2860 140 31 regulations
1839 2868 37 16 are

1289 2905 85 23 framed
1386 2905 33 23 for
1433 2913 40 15 our
1485 2910 156 25 government,
1659 2905 18 22 it
1688 2903 45 24 will
1745 2903 28 24 be
1785 2903 42 24 but
1839 2904 37 24 the

1288 2949 127 31 exception.
1464 2947 96 31 Neglect
1581 2947 42 23 ami
1646 2955 62 16 error
1727 2947 46 25 will
1791 2947 29 26 be
1839 2947 38 24 the

1288 2991 61 28 rule;
1371 2991 45 23 and
1434 2991 34 23 for
1492 2990 44 24 this
1560 2997 42 16 our
1624 2989 92 32 remedy
1736 2995 61 18 must
1816 2990 28 23 be
1864 2999 13 15 a

1287 3034 95 31 petition
1395 3040 21 18 to
1430 3034 36 23 the
1480 3034 63 23 office
1555 3034 24 23 in
1595 3033 205 31 Downing-street,
1814 3038 23 19 to
1849 3034 27 24 be

1287 3077 125 24 forwarded
1424 3077 97 31 through
1533 3077 39 23 the
1592 3077 92 30 Sydney
1705 3076 157 24 Government
1870 3078 4 22 !

1289 3120 50 24 Our
1352 3121 90 23 readers
1454 3128 52 24 may
1520 3120 72 31 judge
1604 3119 35 25 for
1649 3119 136 25 themselves
1797 3119 27 24 of
1839 3120 38 24 the

1287 3163 136 32 probability
1436 3163 26 24 of
1477 3163 116 31 obtaining
1614 3163 90 24 redress
1722 3162 72 25 under
1814 3162 63 24 these

1288 3207 185 22 circumstances.

1321 3249 45 25 We
1388 3257 42 16 can
1447 3250 97 29 imagine
1562 3257 30 15 no
1611 3250 83 23 motive
1710 3248 36 26 for
1764 3248 39 26 the
1822 3255 54 16 con-

1289 3293 53 23 duct
1354 3292 25 27 of
1388 3293 38 24 the
1439 3291 99 32 English
1551 3291 157 24 Government
1727 3291 22 23 in
1769 3291 108 32 adopting

1289 3336 57 23 such
1358 3344 13 15 a
1383 3335 130 34 procedure,
1534 3342 25 16 or
1571 3340 24 18 at
1606 3335 58 23 least
1677 3342 41 16 one
1737 3333 76 24 which
1824 3333 53 25 does

1289 3384 40 19 not
1339 3378 105 32 impeach
1465 3378 57 23 their
1541 3378 103 31 capacity
1663 3384 25 16 as
1707 3381 133 25 statesmen,
1853 3385 25 16 or

1290 3422 58 24 their
1371 3422 108 30 integrity
1503 3429 23 15 as
1545 3428 61 17 men.
1643 3420 47 24 But
1708 3420 113 24 whatever
1840 3422 38 23 the

1289 3465 91 27 motive,
1393 3472 30 16 no
1430 3471 102 17 measure
1540 3463 67 24 could
1614 3463 28 23 be
1648 3471 63 16 more
1717 3468 161 27 preposterous

1289 3514 24 15 or
1326 3513 62 17 more
1400 3506 87 31 unjust.
1524 3505 23 23 It
1559 3505 19 23 is
1591 3505 77 31 surely
1680 3513 30 15 no
1721 3505 156 26 uncharitable

1290 3549 97 24 surmise
1400 3556 30 16 on
1441 3556 41 16 our
1493 3552 51 28 part
1555 3552 23 19 to
1585 3556 98 26 suppose
1691 3548 50 25 that
1748 3549 37 27 the
1793 3549 84 31 Legis-

1290 3592 69 23 lative
1374 3591 96 24 Council
1482 3591 26 23 of
1517 3591 99 31 Sydney,
1630 3592 108 31 occupied
1750 3600 24 17 as
1786 3592 20 24 it
1818 3598 60 19 must

1291 3634 27 24 be
1332 3634 25 24 of
1376 3634 114 34 necessity
1505 3634 28 30 by
1546 3634 38 26 the
1597 3633 77 24 affairs
1686 3634 24 23 of
1719 3634 49 24 that
1781 3635 96 32 Colony,

1291 3678 45 24 and
1359 3678 121 33 regarding
1498 3676 53 24 with
1570 3685 63 18 some
1652 3677 95 27 distrust
1764 3678 47 24 this
1830 3687 48 17 new

1291 3722 64 23 scion
1367 3720 118 32 engrafted
1496 3727 61 25 upon
1569 3719 58 26 their
1640 3720 73 30 stook,
1726 3721 45 24 will
1783 3729 46 24 pay
1838 3722 42 24 but

1292 3764 57 23 little
1372 3764 112 23 attention
1506 3768 22 18 to
1552 3771 41 16 our
1615 3763 60 24 local
1697 3770 180 26 arrangements.

1292 3808 50 23 Nor
1354 3807 20 23 is
1386 3807 18 24 it
1415 3815 44 23 any
1471 3806 167 32 impeachment
1650 3807 25 24 of
1684 3806 38 26 the
1734 3808 108 31 integrity
1855 3817 25 15 or

1291 3850 94 26 wisdom
1397 3850 25 24 of
1432 3850 49 28 that
1491 3850 59 31 body
1562 3854 24 22 to
1596 3857 90 19 assume
1694 3850 49 25 that
1750 3850 64 24 these
1822 3850 58 24 local

1291 3897 172 26 arrangements
1475 3892 73 31 might
1558 3893 29 23 be
1599 3900 62 16 more
1674 3893 134 32 adequately
1826 3901 53 24 pro-

1291 3934 68 24 vided
1369 3934 36 24 for
1416 3934 30 27 by
1459 3941 13 15 a
1484 3933 57 23 local
1552 3933 140 28 legislature.
1729 3935 51 22 The
1792 3935 53 23 task
1858 3937 22 22 of

1948 3504 92 25 Union
2060 3497 81 31 withT
2148 3504 88 22 South
2257 3502 159 28 Australia.
2418 3516 35 4 —
2453 3502 45 24 We

1906 3538 108 23 advocate
2037 3537 38 26 the
2094 3537 76 33 policy
2188 3536 26 24 of
2229 3544 31 15 an
2279 3536 176 31 amalgamation
2474 3535 26 25 of

1907 3572 107 23 interests
2037 3571 54 23 with
2113 3570 38 25 the
2169 3569 110 23 colonists
2298 3570 26 23 of
2340 3570 73 23 South
2432 3568 65 25 AuVt

1907 3605 74 27 tralia,
1993 3604 96 23 because
2103 3611 33 16 we
2147 3603 87 23 believe
2246 3602 50 23 that
2310 3603 56 23 such
2377 3611 30 16 an
2427 3603 69 23 union

1907 3638 75 24 would
2000 3638 28 22 be
2050 3636 120 24 beneficial
2194 3640 22 19 to
2239 3636 57 22 both
2320 3636 108 28 colonies,
2452 3635 46 24 and

1907 3671 83 31 chiefly
2001 3678 26 15 so
2039 3674 21 20 to.
2074 3671 58 24 Port
2150 3669 85 31 Philip,
2256 3669 97 24 because
2371 3669 45 24 this
2435 3672 63 21 must

1907 3703 128 31 eventually
2047 3703 28 25 be
2094 3702 65 24 fixed
2169 3710 61 23 upon
2239 3710 27 16 as
2282 3702 39 25 the
2340 3707 47 21 seat
2406 3702 26 24 of
2447 3702 50 24 Go-

1908 3742 126 19 vernment.
2081 3736 46 23 We
2155 3735 82 29 would,
2270 3735 110 30 however,
2406 3735 91 32 equally

1908 3770 86 31 readily
2006 3769 52 24 lend
2070 3777 42 16 our
2124 3773 94 28 support
2230 3774 24 18 to
2267 3777 45 26 any
2324 3769 89 24 scheme
2426 3768 72 31 likely

1908 3808 22 19 to
1943 3803 83 26 relieve
2038 3811 27 15 us
2072 3803 60 23 from
2145 3803 37 23 the
2201 3802 113 25 thraldom
2333 3803 25 23 in
2375 3801 74 25 which
2464 3808 34 17 we

1908 3845 38 15 are
1957 3836 57 32 kept
2024 3836 30 31 by
2067 3836 38 24 the
2119 3836 91 31 Sydney
2232 3835 164 25 Government.
2435 3834 30 25 In
2484 3841 14 16 a

1909 3871 76 23 future
2015 3869 96 24 number
2134 3877 33 16 we
2189 3876 100 25 purpose
2313 3869 102 31 showing
2437 3868 62 23 what

1908 3911 65 15 sums
1987 3902 37 24 the
2036 3902 109 24 colonists
2157 3902 24 24 of
2198 3902 59 24 Port
2268 3902 79 31 Philip
2365 3902 57 23 have
2442 3907 54 18 con-

1908 3936 101 23 tributed
2020 3940 23 18 to
2055 3935 38 24 the
2101 3935 54 24 land
2166 3935 44 24 and
2228 3935 107 30 ordinary
2354 3942 110 19 revenues
2476 3933 25 26 of

731 47 130 31 THE
904 45 143 32 NEW
1092 43 317 33 ZEALAND
1454 42 329 33 GAZETTE.

1274 127 47 29 ing,
1345 127 20 24 if
1381 126 53 31 they
1454 126 101 23 consider
1566 127 19 22 it
1597 126 20 23 is
1634 126 36 23 for
1689 125 59 25 their
1765 126 96 22 interest

1274 164 24 18 to
1310 159 28 25 do
1350 166 34 16 bo.
1672 181 3 4 ,
1701 172 3 7 •

1310 191 52 25 The
1385 191 229 32 Surveyor-General
1638 191 47 23 will
1696 189 165 32 .immediately

1275 231 87 24 occupy
1369 225 96 23 himself
1473 226 24 21 in
1509 225 152 30 ascertaining
1673 223 38 24 the
1723 224 104 30 quantity
1840 224 21 22 of

1275 257 54 23 land
1341 258 23 22 in
1383 258 45 23 this
1441 258 95 28 district,
1559 258 25 22 in
1606 257 66 23 order
1691 256 49 24 that
1758 256 28 23 he
1809 263 51 24 may

1275 290 125 24 determine
1413 290 38 24 the
1463 290 50 23 best
1519 290 70 25 .mode
1602 290 25 23 of
1644 290 29 23 its
1692 290 69 30 being
1778 296 82 23 appro-

1276 323 96 31 priated.
1408 323 55 26 And
1474 331 34 15 we
1519 331 36 17 are
1573 322 47 24 safe
1639 323 24 23 in
1682 327 113 25 asserting
1813 321 48 23 that

1275 356 40 23 the
1327 356 117 23 Colonists
1456 356 45 23 will
1512 356 27 23 be
1547 356 23 23 in
1580 356 130 30 possession
1719 356 25 22 of
1749 355 112 23 sufficient

1277 388 53 24 land
1351 390 78 22 within
1465 390 62 22 three
1552 388 92 26 months
1670 393 22 19 to
1719 388 58 23 raise
1799 395 62 17 more

1276 422 100 30 produce
1385 423 54 24 than
1451 422 45 23 will
1508 421 28 24 be
1546 421 105 31 required
1670 421 34 23 for
1726 420 59 26 local
1807 428 54 15 con-

1277 456 124 29 sumption,
1412 456 35 22 for
1459 463 67 22 many
1537 462 66 23 years
1615 459 22 19 to
1650 462 71 16 come.

724 831 170 24 SHIPPING
915 831 271 24 INTELLIGENCE.

882 880 152 22 ARRIVED.

693 1148 33 26 24,
735 1148 110 23 schooner
978 1146 115 28 Williams,
1101 1147 57 22 from
1166 1148 83 28 Cloudy

666 1174 55 26 Bay.

693 907 53 28 July
755 909 31 25 19,
795 907 111 22 schooner
1080 908 33 26 28,
1124 906 123 28 M'Gregor,

666 933 125 29 Wanganui
799 943 5 18 ;
828 936 10 20 1
859 938 37 17 ton
913 934 63 27 pork,
990 936 29 19 50
1032 934 55 27 pigs,
1103 934 47 21 and
1162 936 25 20 10
1200 938 49 18 tons

665 965 107 23 potatoes.

692 988 33 26 20,
743 987 110 22 schooner
1073 988 33 26 70,
1129 987 118 26 Cummins,

668 1014 102 21 Hawke's
782 1014 47 27 Bay
837 1022 5 18 ;
857 1015 13 20 2
881 1018 50 17 tons
940 1014 64 27 pork,
1014 1016 26 20 70
1050 1014 54 28 pigs,
1116 1014 44 23 and
1168 1016 25 20 10
1201 1019 48 17 tons

665 1045 106 22 potatoes.

693 1069 33 25 22,
736 1068 49 26 brig
965 1068 49 25 221,
1024 1066 103 28 Sydney;
1145 1068 103 22 sundries.

693 1106 20 4 —
715 1110 5 9 ,
736 1094 111 22 schooner
1032 1096 34 24 90,
1086 1094 91 27 Barker,
1194 1095 55 22 from

668 1119 36 22 the
715 1120 76 22 South.

901 1219 121 21 SAILED.

694 1246 54 28 July
763 1247 33 26 19,
815 1247 85 26 barque
1120 1245 129 28 Kettlewell,

668 1273 45 26 Bay
725 1273 26 21 of
762 1272 31 23 Isl
800 1273 57 21 mds.

694 1301 33 26 22,
753 1300 110 21 schooner
1069 1299 126 28 M'Gregor,
1219 1300 31 22 for

668 1325 132 27 Wanganui.

897 1372 29 16 IN
944 1372 85 16 PORT.

695 1400 76 19 Cutter
809 1400 108 21 Hamett.
922 1400 11 5 "'

695 1423 86 28 Barque
946 1423 143 34 Wyoherley.

955 1450 98 22 Rhodes.

797 1477 107 26 ''Cuba,"
920 1477 144 27 Newcombe,

695 1503 53 28 Brig
786 1503 63 28 Lady

696 1557 114 22 Schooner
1011 1557 119 24 Cummins,

695 1595 6 6 *
988 1584 91 22 Barker.

775 1621 29 7 —
945 1611 116 21 Williams.

840 1673 245 18 THERMOMETER.

725 1706 67 20 Week
808 1706 85 23 ending
907 1706 88 23 Friday,
1014 1706 54 23 July
1084 1706 34 23 24,
1134 1706 57 22 1840.

777 1751 60 17 Morn.

887 1751 56 16 Even.

1006 1750 5 8 r
1011 1751 37 16 ind.

1118 1751 88 18 Weather.

670 1792 81 19 5at.......

670 1813 43 16 Sun.
734 1824 17 8 .

671 1834 49 16 Mon.
733 1845 18 5 ...

670 1855 54 16 Tues.
734 1866 18 5 ...

671 1875 49 16 Wed.
734 1887 18 4 ...

671 1896 81 16 Thurs...

671 1917 28 16 Fri

798 1793 21 17 $0

797 1813 22 16 42

797 1834 21 16 40

798 1855 21 15 38

798 1876 19 15 51

797 1896 19 16 51

797 1917 22 15 49

905 1792 20 16 57

905 1813 20 16 57

905 1834 22 15 54

904 1855 21 15 56

905 1876 20 15 56

904 1896 22 15 54

905 1917 21 15 58

1002 1792 50 16 N.W.

1002 1813 50 16 N.W.

1002 1834 51 16 N.W.

1002 1855 50 16 N.W.

1002 1876 51 18 N.W.

1002 1896 50 16 N.W.

1001 1917 51 16 N.W.

1080 1794 65 19 Strong
1151 1794 34 16 and
1193 1792 48 21 fineT'

1080 1813 54 21 Light
1165 1815 14 16 &
1193 1815 40 18 fine.

1080 1834 55 21 Light
1165 1836 14 15 &
1193 1836 40 16 fine.

1082 1855 52 21 Light
1165 1857 14 15 &
1194 1857 39 15 fine.

1081 1876 54 20 Light
1165 1878 14 17 &
1193 1878 40 17 fine.

1080 1897 59 20 Light,
1166 1898 15 16 &
1194 1898 40 16 fine.

1080 1918 54 19 Light
1165 1919 14 16 &
1186 1919 68 21 cloudy.

692 1958 61 19 Mean,

795 1958 56 19 «.85.

905 1959 27 18 56,

132 135 156 24 WANTED
301 134 42 21 TO
359 132 192 23 PURCHASE.

48 159 93 50 OflE
162 161 85 21 HALF
266 161 38 21 OF
323 160 20 21 A
363 158 89 26 TOWN
466 158 88 26 ACRE,
572 160 22 18 to
604 156 29 22 be

130 188 98 24 selected
245 195 59 20 upon
323 194 14 14 a
355 185 75 25 choice
449 184 71 25 under
540 183 93 22 number

48 215 66 29 gjxty,
127 214 71 21 which
205 214 18 21 it
233 214 17 22 is
258 212 109 28 supposed
375 212 42 21 will
426 211 78 22 enable
511 210 39 27 the
556 210 75 21 holdei

48 243 24 19 to
92 241 68 21 select
178 247 13 15 a
205 243 63 18 watei
290 240 108 25 frontage,
413 241 23 18 to
450 236 37 23 the
506 236 92 27 making
611 237 22 20 of

48 266 73 23 which
137 266 37 22 the
189 266 119 31 purchaser
324 265 73 21 would
406 263 77 28 pledge
499 264 37 21 the
545 268 87 21 present

48 293 80 22 holder
142 293 27 21 of
181 293 38 21 the
235 292 74 22 choice
347 292 43 21 For
404 290 85 25 further
503 289 131 28 particulars

48 320 90 23 address
148 323 22 18 to
180 319 35 22 W.
229 319 23 21 B.
263 320 26 20 R.
322 318 94 23 Gazette
448 316 78 25 Office,

76 346 53 25 Port
137 346 129 25 Nicholson,
277 345 54 27 July
341 346 32 24 11,
385 345 59 20 1840.

135 390 183 21 BLANKETS
328 389 4 20 !
348 388 184 25 PLANKETS
541 387 5 15 r

245 414 183 22 BLANKETS
437 414 5 20 !

49 443 93 49 JUST
154 442 135 26 LANDED,
299 449 28 14 ex
337 441 37 22 the
523 444 42 17 two
573 439 60 22 bales

115 471 50 20 10-4
174 469 108 24 blankets,

219 525 23 4 _
467 492 34 23 W.
515 492 90 25 LYON.

101 541 21 21 N
138 540 84 25 SALE,
242 547 26 14 ex
283 539 99 22 SALLY
393 538 74 26 ANN,
486 537 90 26 HOPE,
588 536 45 21 and

128 566 169 23 PORTENIA:

43 610 5 4 .
76 593 47 21 Salt
132 593 54 22 beef
191 593 22 21 in
224 593 90 26 barrels,

78 620 73 26 Flour,
163 621 40 20 Ist.
217 620 44 21 and
271 619 51 22 2nd.

76 646 79 22 Butter
163 647 23 21 in
197 646 78 22 firkins
284 645 45 22 and
337 645 62 26 kegs,

80 673 95 21 Manilla
184 680 72 19 sugar,

78 699 68 21 Black
157 704 35 16 tea
202 700 21 20 in
235 699 56 21 291b.
301 699 76 26 boxes,

77 725 61 27 Rice,

78 753 111 26 Currants,

77 779 85 27 Pepper
172 778 44 22 and
226 778 47 27 salt,

76 805 108 26 Tobacco,
195 805 127 27 negrohead
333 804 44 22 and
388 802 130 28 Cavendish,

78 831 49 25 Tin,
138 840 29 18 pa
175 837 42 20 nts,
231 832 43 22 and
285 832 37 23 oil,

75 858 86 26 Yellow
171 866 60 20 soap,

75 885 68 27 Naild,
157 886 86 24 various
253 885 62 27 sizes,

78 912 70 27 Camp
158 919 75 19 ovens,

79 938 96 27 Powder,
188 939 45 21 and
243 938 54 27 shot,

77 965 69 27 Slops,
160 966 40 20 viz.
209 965 93 27 jackets,
315 964 62 22 frock
388 967 67 23 coats,

79 991 69 22 Inner
158 992 73 26 shirts,

77 1018 79 26 Prints,
169 1018 106 22 blenched
285 1018 45 21 and
339 1016 139 23 unbleached
489 1016 78 26 calico,

77 1045 81 26 Twills,

77 1071 81 27 Taylor
167 1071 43 21 and
221 1071 130 21 Trueman's
361 1073 59 18 stout
429 1070 22 21 in
462 1068 65 23 hhds.

78 1098 93 27 Spanish
181 1098 40 21 red
232 1099 62 24 wine,

80 1125 52 21 Port
141 1125 22 21 in
174 1124 87 27 bottles,

80 1152 50 25 Gin,
141 1153 27 19 33
179 1158 39 20 per
230 1155 57 17 cent.
299 1151 26 21 O.
337 1150 25 25 P,

80 1178 65 26 Rum,

78 1205 19 21 A
109 1212 49 14 new
168 1204 96 28 whaling
273 1204 59 26 boat,

80 1232 62 21 Oars.

408 1256 122 22 ROBERT
539 1256 70 21 TOD.

263 1303 165 19 CAUTION.

53 1329 27 47 I
100 1328 63 22 THE
169 1328 161 27 Undersigned,
337 1328 82 27 hereby
424 1327 88 22 caution
521 1327 37 21 the
564 1327 73 27 public

86 1366 11 19 9
119 1356 84 25 against
211 1360 95 22 trusting
313 1363 37 19 my
360 1355 53 21 wifr.
424 1354 112 22 Charlotte
546 1353 90 26 Hough-

52 1386 45 21 ton,
109 1390 24 13 as
142 1382 58 21 after
209 1382 43 21 this
262 1383 72 20 notice
346 1382 10 20 I
365 1390 11 11 v
383 1380 25 26 ill
419 1386 37 16 »ot
465 1381 27 21 be
503 1380 135 22 answerable

50 1409 35 24 for
94 1416 43 18 any
149 1409 61 21 debts
221 1408 38 24 she
269 1416 51 18 may
332 1409 70 23 incur,

329 1435 81 21 JOiiN
424 1433 186 23 HOUGHTON.

81 1461 53 28 July
142 1463 33 24 24,
188 1463 60 20 1840.

257 1508 68 20 FOR
339 1507 95 20 SALE.

53 1535 50 46 A
117 1533 109 27 HOUSE,
247 1534 129 25 containing
389 1533 61 21 three
470 1539 75 15 rooms
563 1531 44 22 and
625 1539 13 14 a

132 1567 98 25 passage,
251 1560 52 21 with
320 1560 112 26 windows,
449 1559 71 26 doors,
537 1559 100 26 flooring,

55 1588 47 25 &c,
114 1587 53 21 with
174 1594 28 14 an
213 1587 124 26 out-house,
347 1586 121 27 consisting
480 1586 26 21 of
516 1593 14 14 a
539 1585 98 26 kitchen,

55 1618 138 22 store-room,
212 1614 46 21 and
274 1614 188 25 servants-room,
474 1613 29 21 all
512 1612 81 21 fenced
607 1613 28 22 in.

54 1640 100 24 Situated
162 1648 28 13 on
198 1640 37 21 the
240 1640 76 27 beach,
326 1640 122 21 Britannia.
471 1639 98 27 Enquire
573 1643 23 17 at
602 1639 36 21 the

76 1667 94 22 Gazette
202 1667 78 22 Office.

102 1721 151 22 TIMBER!
270 1720 151 22 TIMBER!
436 1719 152 22 TIMBER!

56 1748 158 52 MESSRS.
233 1748 182 25 LANCASTER
433 1747 44 21 and
496 1746 142 23 SCANLON

151 1778 58 18 most
233 1774 141 29 respectfully
393 1774 82 21 inform
497 1773 38 22 the
555 1773 83 27 Public,

55 1802 48 21 that
113 1801 52 27 they
174 1801 44 21 will
228 1800 55 23 have
295 1809 12 13 a
313 1804 103 19 constant
426 1800 79 27 supply
514 1800 26 21 of
546 1800 95 27 flooring

54 1828 86 27 boards,
153 1828 96 21 weather
263 1828 114 26 boarding,
389 1829 11 24 J
410 1827 45 21 and
465 1823 10 29 |
487 1827 52 24 inch
553 1827 85 25 boards,

55 1855 53 22 with
119 1855 110 26 scantling
239 1855 25 21 of
274 1862 44 20 any
329 1854 142 26 dimensions,
485 1854 23 21 in
520 1854 57 21 their
585 1854 55 26 yard

55 1886 23 19 at
82 1882 37 21 the
125 1882 56 21 baok
186 1882 26 21 of
217 1881 37 22 the
259 1881 146 22 Commercial
413 1881 95 26 Tavern,
516 1880 122 22 Britannia.

84 1909 39 24 All
133 1908 75 22 orders
218 1908 130 28 punctually
358 1907 106 22 attended
473 1911 30 18 to.

95 1962 140 25 JOINER,
250 1962 155 21 CABINET
421 1961 54 20 and
489 1960 114 21 CHAIR

278 1989 138 20 MAKER.

63 2015 115 22 TAMES
192 2014 121 21 WILSON
333 2013 143 26 respectfully
492 2013 94 21 informs
604 2013 38 20 the

55 2035 28 29 O
120 2041 137 22 inhabitants
267 2041 25 20 of
300 2041 52 20 Port
362 2039 130 26 Nicholson,
506 2039 49 21 that
564 2039 28 21 he
602 2038 40 22 has

58 2067 144 24 commenced
226 2067 106 26 business,
356 2067 24 20 in
399 2066 37 21 the
455 2066 70 21 above
544 2065 51 26 line,
620 2068 23 18 at

57 2095 43 22 No.
126 2096 20 24 6,
172 2093 171 28 Clyde-terrace,
369 2093 122 26 Britannia,
515 2092 73 22 where
613 2092 29 27 by

53 2122 62 21 strict
137 2121 110 21 attention
273 2124 23 17 to
323 2120 106 25 business,
454 2119 45 22 and
526 2119 114 21 moderate

56 2149 99 26 charges,
170 2147 28 22 he
208 2147 70 27 hopes
292 2151 23 17 to
324 2147 28 21 be
363 2146 115 23 honoured
487 2145 54 23 with
556 2153 13 14 a
578 2145 64 22 share

56 2176 26 21 of
89 2175 75 27 public
174 2178 128 23 patronage.

83 2202 20 21 J.
115 2201 35 22 W.
165 2201 54 27 begs
236 2204 21 18 to
268 2204 55 18 state
337 2200 51 21 that
400 2199 28 22 he
442 2199 40 22 has
493 2207 14 14 a
515 2199 96 21 number
620 2198 26 21 of

55 2228 65 50 Jilans
135 2228 96 21 suitable
248 2228 34 21 for
297 2231 99 23 cottages
405 2227 48 26 &c,
471 2226 46 22 also
534 2225 109 26 drawings

65 2263 25 14 or
99 2262 66 20 every
175 2254 54 22 kind
238 2254 24 21 of
269 2254 89 21 cabinet
367 2253 43 22 and
421 2253 61 21 chair
492 2253 67 26 work,
570 2251 72 22 which

55 2282 30 22 he
92 2282 42 21 will
142 2281 43 22 feel
196 2281 74 27 happy
278 2285 23 17 to
308 2281 60 21 show
378 2284 23 17 to
411 2279 63 22 those
483 2279 49 22 who
543 2286 50 20 may
601 2279 42 21 call

57 2316 29 15 on
95 2309 53 22 him.

57 2362 71 49 ON
153 2362 56 26 Sale,
229 2366 22 17 at
269 2361 152 22 COGLAN'S
438 2360 113 22 Waterloo
561 2361 82 20 Stores'

141 2389 123 27 Britannia,
282 2392 23 19 at
320 2395 54 21 very
392 2387 98 22 reduced
508 2387 78 28 prices,
607 2385 37 22 the

55 2416 114 27 following
178 2415 88 23 articles
273 2423 4 14 :

85 2443 61 26 Rice,
156 2450 39 20 per
203 2443 51 26 bag,
265 2442 36 26 3d,
311 2449 40 20 per
360 2441 31 22 lb.

83 2470 76 27 Sugar,
169 2469 35 22 4d.
215 2476 39 24 per
263 2470 38 26 lb.,
312 2476 60 20 soap,
382 2475 39 21 per
426 2468 52 26 box,
486 2467 50 29 B|d.

85 2496 108 22 Hollands
202 2503 47 20 gin,
266 2498 45 21 5Qs.
330 2497 21 25 4,
372 2495 44 22 and
431 2496 45 20 245.
494 2496 13 19 2
517 2494 43 27 gal.
576 2500 67 15 cases.

84 2524 87 21 Tuscan
187 2523 102 27 bonnets,
307 2523 89 21 various
403 2522 62 26 sizes,
477 2522 58 21 from
553 2522 44 21 10s.
608 2520 35 22 6d.

57 2550 110 28 upwards.

85 2577 46 21 Salt
139 2576 55 21 beef
200 2580 24 17 at
232 2576 48 25 3|d.
290 2583 39 20 per
337 2575 32 22 lb.
379 2582 39 20 per
428 2575 75 24 tierce,

87 2603 57 22 Pork
153 2603 35 21 6d.
200 2610 40 20 per
250 2604 27 21 lb.
289 2609 38 21 per
337 2602 75 21 tierce.

113 2630 54 27 July
177 2631 32 25 17,
222 2631 59 20 1840.

283 2683 138 22 NOTICE.

59 2711 90 50 ALL
163 2717 90 21 persons
266 2710 105 22 indebted
381 2714 22 17 to
414 2709 43 22 Mr.
472 2709 27 22 G.
512 2709 31 22 H.
554 2709 91 27 Coglan,

139 2738 111 21 Waterloo
258 2738 79 26 Stores,
346 2744 38 14 are
388 2737 117 27 requested
511 2742 24 15 to
543 2743 40 20 pay
590 2736 57 21 their

59 2765 120 27 respective
205 2768 106 17 accounts
343 2764 76 21 before
442 2763 36 21 the
529 2763 96 22 Eleanor

59 2792 73 21 leaves
140 2792 51 21 Port
201 2791 129 25 Nicholson,
343 2790 70 21 which
421 2790 42 21 will
474 2790 27 21 be
510 2790 22 21 in
544 2790 101 21 fourteen

60 2818 54 32 days
120 2818 56 22 from
187 2818 44 21 this
241 2818 49 21 date
298 2825 4 19 ;
315 2817 45 21 and
370 2817 29 21 all
407 2824 91 20 persons
509 2817 82 26 having
602 2823 43 20 any

60 2845 75 22 claims
152 2848 87 24 against
256 2845 41 20 Mr.
315 2844 27 21 G.
360 2844 29 21 H.
402 2844 90 26 Coglan,
510 2844 45 21 will
569 2844 76 26 please

60 2872 56 22 send
130 2873 22 20 in
165 2872 56 21 their
236 2876 112 22 accounts,
367 2870 47 22 that
429 2871 36 21 the
480 2878 62 15 same
557 2877 52 21 may
619 2870 26 21 be

59 2898 119 23 examined
188 2898 45 21 and
243 2898 57 26 paid.

88 2924 111 22 Waterloo
210 2925 80 26 Stores,
302 2924 53 27 July
367 2926 31 24 13,
409 2926 61 19 1840.

141 2978 144 27 QUEEN'S
299 2978 98 23 HEAD
412 2978 155 21 TAVERN.

59 3006 36 49 J
130 3004 110 23 HOWES
264 3005 54 26 begs
328 3010 23 20 tp
365 3005 79 21 inform
461 3004 32 23 his
504 3004 83 23 friends
601 3005 44 22 and

101 3043 10 11 •
142 3032 37 21 the
189 3031 83 28 public,
289 3031 47 23 that
350 3031 38 24 the
399 3031 69 22 above
482 3032 69 22 house
562 3032 18 23 is
595 3039 50 14 now

59 3067 64 20 open,
141 3065 55 15 near
210 3058 38 21 the
268 3058 73 22 Police
360 3058 76 26 Office,
447 3058 130 27 Thorndon,
598 3059 45 22 and

59 3093 91 21 persons
169 3085 117 27 favouring
304 3085 46 22 him
372 3084 50 22 with
443 3084 56 23 their
524 3090 121 23 patronage

59 3112 45 23 will
114 3112 48 23 find
170 3119 67 19 every
249 3112 197 23 accommodation.

87 3138 83 27 Wines,
186 3138 80 28 spirits,
282 3139 45 23 and
340 3138 83 26 bottled,
433 3138 35 22 ale
478 3138 44 26 a.nd
537 3142 75 24 porter
621 3139 26 22 of

59 3166 99 27 superior
169 3165 91 27 quality.

89 3192 54 21 Cold
150 3193 70 26 joints
230 3192 80 26 always
320 3191 75 28 ready.

60 3246 122 54 JAMES
201 3245 123 22 BURTON
344 3246 44 21 and
403 3246 80 26 SONS,
506 3246 139 28 Millwrights

125 3272 44 21 and
184 3272 129 26 Engineers,
329 3272 25 21 of
366 3272 78 21 John's
456 3273 73 27 Place,
545 3273 100 22 Holland

60 3302 77 22 Street,
151 3299 68 21 South
224 3299 63 25 wark,
301 3295 100 31 London,
413 3300 42 26 beg
462 3300 63 21 leave
534 3305 21 16 to
563 3300 81 22 inform

60 3326 120 28 capitalists
190 3325 45 21 and
246 3325 36 21 the
297 3325 86 22 settlers
394 3333 21 14 m
426 3327 97 26 general,
536 3327 47 21 that
593 3326 51 28 they

61 3361 39 14 can
119 3354 26 20 be
163 3351 101 28 supplied
279 3359 27 13 on
322 3351 111 22 moderate
449 3357 67 18 terms
533 3354 44 21 and
594 3358 23 17 at
632 3361 14 14 a

60 3380 62 22 short
130 3379 83 25 notice,
225 3378 50 21 with
291 3383 69 16 steam
374 3379 90 26 engines
474 3380 25 21 of
510 3387 45 20 any
564 3387 80 20 power,

60 3407 64 22 horse
135 3406 44 21 and
190 3409 67 17 water
264 3404 87 31 wheels,
363 3405 56 21 wind
431 3406 63 26 mills,
508 3413 43 14 saw
562 3407 45 21 and
617 3407 29 22 oil

61 3434 64 24 mills,
144 3432 44 22 and
205 3438 66 26 every
287 3431 54 21 kind
352 3432 25 24 pf
384 3432 46 21 mill
447 3434 43 19 and
508 3434 137 27 machinery,

61 3460 72 21 wharf
146 3458 43 23 and
200 3458 223 27 warehouse-cranes,
439 3459 92 22 suitable
543 3464 20 17 to
574 3467 14 14 a
597 3467 50 14 new

60 3487 128 22 settlement
196 3494 4 17 ;
223 3485 69 20 either
309 3485 115 28 complete,
443 3492 24 13 or
483 3486 38 21 the
538 3487 47 21 iron
602 3486 45 22 and

59 3514 62 21 brass
131 3512 67 31 work,
217 3512 37 21 &c.
268 3511 59 27 only,
338 3511 67 28 ready
417 3516 21 16 to
449 3511 30 21 fix
494 3516 22 17 to
527 3512 36 22 the
574 3513 71 27 wood,

60 3540 52 22 with
130 3539 101 26 working
246 3537 116 27 drawings,
379 3542 22 16 to
416 3545 13 13 a
445 3538 65 27 scale,
529 3540 116 26 complete,

60 3567 45 22 and
115 3573 66 25 every
193 3565 66 22 detail
275 3565 44 20 and
329 3564 106 21 direction
450 3565 66 26 given
533 3569 21 17 to
567 3566 80 22 enable

61 3594 36 21 the
114 3593 119 28 purchaser
244 3595 22 18 to
276 3591 57 22 avail
348 3591 92 22 himself
447 3591 25 21 of
483 3592 37 21 the
535 3592 77 22 labour
626 3598 21 16 to

60 3621 28 21 be
94 3617 70 25 found
175 3626 28 14 on
212 3618 37 22 the
257 3622 56 23 spot,
325 3617 54 21 both
386 3617 33 21 for
428 3617 92 28 making
528 3615 35 24 the
572 3625 75 15 neces-

61 3655 50 19 sary
118 3646 103 26 framing,
233 3652 44 14 ana
285 3645 33 20 for
324 3644 71 27 fixing
403 3643 37 22 the
450 3644 141 27 machinery;
603 3646 45 21 and

60 3674 22 21 if
96 3672 109 28 required,
222 3672 41 22 full
278 3671 143 21 instructions
436 3670 43 22 will
496 3671 27 21 be
543 3672 65 30 gfiven
626 3675 22 18 to

60 3700 79 22 enable
155 3699 36 21 the
202 3698 123 28 proprietor
334 3701 23 17 to
368 3697 58 21 work
436 3697 37 21 the
483 3698 129 28 machinery
626 3702 22 17 to

61 3727 36 22 the
108 3727 49 21 best
165 3725 132 27 advantage.
327 3723 62 22 Each
404 3728 48 28 part
461 3724 43 21 will
516 3725 27 20 be
553 3732 23 13 so
588 3732 59 14 care-

60 3750 57 30 fully
126 3752 93 23 marked
235 3751 47 25 th#t
296 3751 62 21 there
369 3750 43 21 will
425 3750 27 22 be
464 3758 28 14 no
506 3751 108 28 difficulty
624 3752 23 21 in

59 3780 90 28 putting
165 3779 62 21 them
244 3777 107 28 together,
369 3777 44 21 and
430 3777 37 21 the
480 3777 71 22 whole
562 3772 47 33 wilf
620 3778 28 21 be

61 3806 101 28 securely
172 3804 87 28 packed
273 3804 45 21 and
331 3803 99 27 marked,
447 3811 23 13 so
485 3812 23 13 as
519 3807 22 18 to
555 3809 94 22 prevent

62 3831 44 29 jiny
115 3832 102 23 accident
222 3838 25 15 or
253 3830 93 24 mistake
353 3837 28 18 pn
389 3830 36 22 the
432 3837 84 21 voyage
522 3838 5 19 ;
537 3831 112 22 delivered

62 3864 25 18 at
94 3867 44 20 any
148 3858 74 23 wharf
228 3858 22 21 in
262 3857 101 22 London.

90 3886 42 22 For
142 3886 114 21 reference
269 3883 44 23 and
329 3888 67 17 terms
410 3883 66 28 apply
487 3886 22 18 to
520 3891 39 14 our
574 3887 73 24 agent,

61 3914 45 26 ]Vfr.
118 3914 30 21 H.
165 3912 94 28 Boyton,
276 3911 113 26 Engineer
403 3913 22 18 to
451 3909 90 23 Messrs.
556 3910 94 28 Hopper

61 3940 45 22 and
116 3940 47 27 Co.,
175 3939 54 21 Port
238 3937 129 23 Nicholson,
379 3936 56 22 New
445 3936 105 22 Zealand.

793 129 70 20 FOR
878 127 139 21 CLOUDY
1032 127 83 22 BAY.
1153 141 4 4 .

696 164 66 24 a£fe.
774 160 45 28 rp
823 158 43 23 HE
889 158 108 22 schooner
1025 156 89 28 JANE,
1143 156 44 22 late
1209 155 37 24 the

781 179 29 28 A
850 184 112 27 OCEAN,
976 183 117 27 Williams,
1105 187 88 22 master,
1202 182 44 23 will

663 211 151 25 g£ss3i*sail
833 212 34 21 for
883 210 37 23 the
936 211 71 21 above
1025 210 63 27 place
1103 217 29 14 on
1148 209 98 27 Monday

664 242 59 17 next.
753 238 43 21 For
805 237 83 27 freight
898 243 26 16 or
932 243 92 21 passage
1035 236 66 28 apply
1111 240 23 17 to
1145 236 36 21 the
1188 243 59 14 com-

663 264 92 21 mander
765 271 30 15 on
804 264 78 26 board,
893 271 25 14 or
928 267 22 18 to

823 296 85 22 JOHN
924 296 66 22 AND
1007 295 127 23 GEORGE
1148 294 98 22 WADE.

690 323 128 27 Thorndon,
830 323 54 27 July
894 324 35 26 24,
941 324 61 24 1840,

751 378 114 21 JETTY
880 378 49 20 AT
943 377 213 21 BRITANNIA.

664 412 132 47 PLANS,
803 411 175 28 Specifications,
986 410 45 22 and
1036 410 119 24 Estimates
1162 409 86 22 wanted

734 439 35 21 for
779 446 13 14 a
802 438 126 26 Floating,
943 445 24 16 or
984 437 150 23 Pile-driven
1153 436 54 22 Pier
1225 443 24 14 or

663 465 80 26 Jetty,
763 465 100 27 opposite
884 464 37 21 the
942 464 122 26 Exchange
1075 471 5 18 ;
1105 466 22 18 to
1153 463 55 22 have
1226 466 23 18 at

663 491 55 22 least
727 491 50 22 four
785 491 47 22 feet
841 490 69 28 depth
920 490 25 21 of
957 494 74 22 water,
1043 493 23 18 at
1076 489 37 22 the
1124 490 123 27 extremity,

663 521 24 17 at
695 517 37 22 the
741 518 78 21 lowest
828 517 52 27 tide,
897 517 44 22 and
955 521 24 17 to
988 517 28 21 be
1026 517 28 20 of
1062 516 111 21 sufficient
1183 516 64 21 width

663 544 44 21 and
717 544 100 27 strength
828 544 35 21 for
872 543 105 28 shipping
993 543 44 22 and
1054 542 94 27 landing
1160 550 88 20 persons

663 570 44 22 and
716 571 75 27 goods.
821 570 47 21 The
880 574 47 17 cost
936 574 22 17 to
967 570 29 21 be
1009 570 56 21 from
1081 569 48 22 £50
1145 572 22 18 to
1182 570 65 26 £100,

664 602 39 17 not
714 597 124 27 exceeding
848 597 37 22 the
895 597 66 22 latter
969 604 58 14 sum.

691 631 101 27 Security
802 631 46 21 will
857 631 28 21 be
895 630 104 27 required
1009 630 33 21 for
1048 628 38 22 the
1094 628 44 25 due
1146 630 103 26 perform-

664 664 54 15 ance
729 658 27 21 of
765 657 39 22 the
817 661 107 23 contract,
941 656 45 22 and
1001 663 81 20 money
1098 655 114 23 advanced
1226 664 23 13 as

664 684 37 21 the
711 684 60 22 work
781 691 127 24 progresses
917 683 163 27 satisfactorily-

690 717 99 22 Tenders
799 721 22 18 to
835 718 27 21 be
876 717 41 22 left
932 720 23 19 at
969 716 39 22 the
1045 715 93 22 Gazette
1173 717 74 26 Office,

663 743 118 23 addressed
827 744 88 21 Tender
932 744 33 22 for
1090 750 29 14 on
1137 750 24 14 or
1177 743 72 22 before

664 771 114 27 Saturday,
790 771 38 21 the
837 770 52 21 25th
899 771 91 24 instant.
