2550 4010
681 126 24 24 in
718 134 14 16 a
744 126 111 24 condition
878 131 24 19 to
925 128 59 23 raise
1008 135 45 23 any
1076 129 112 29 question,
1206 134 67 21 more,

681 159 121 32 especially
813 167 25 16 as
849 160 19 22 it
876 167 53 16 now
942 160 106 31 pretends
1060 164 22 19 to
1101 160 69 32 adopt
1186 161 34 23 for

681 199 49 15 own
744 192 123 31 advantage
879 193 39 23 the
931 200 79 16 course
1023 192 74 24 which
1109 194 18 22 it
1139 194 128 23 denounces

680 232 26 15 as
719 224 77 32 illegal
805 226 22 22 in
840 224 86 25 others.
962 225 54 24 Ido
1028 231 41 19 not
1080 226 48 23 find
1144 226 49 24 that
1212 228 19 21 it
1247 226 20 23 is

680 264 44 24 any
737 258 71 23 where
819 258 47 23 laid
885 258 65 24 down
971 258 50 24 that
1039 267 14 15 a
1071 259 87 23 British
1180 259 89 31 subject

680 298 52 22 may
744 296 41 17 not
796 291 97 31 lawfully
905 291 112 31 purchase
1029 292 44 23 and
1090 292 55 23 hold
1160 292 65 24 lands
1245 292 22 23 in

680 330 13 16 a
704 324 89 30 foreign
803 329 66 23 state,
883 325 24 22 in
926 325 70 30 amity
1016 324 53 24 with
1087 325 73 23 Great
1171 325 95 27 Britain,

680 363 25 15 or
719 355 50 24 that
780 356 35 23 the
827 357 126 30 allegiance
964 358 76 23 which
1052 358 20 23 is
1092 358 42 23 due
1153 358 59 23 from
1231 357 37 24 the

680 389 90 30 subject
783 395 19 17 to
810 389 38 23 the
867 390 83 26 Queen
962 391 19 22 is
989 390 104 24 forfeited
1104 391 31 30 by
1149 398 28 16 so
1190 391 75 30 doing.

681 420 12 24 I
707 421 59 24 shall
781 422 109 24 therefore
911 430 90 17 assume
1020 424 50 23 that
1088 424 37 23 the
1142 431 62 16 mere
1222 423 46 23 fact

680 454 27 23 of
721 456 130 30 possessing
863 456 53 23 land
929 457 23 22 in
970 456 60 24 New
1049 457 101 23 Zealand
1167 456 100 24 involves

679 494 30 16 no
721 487 80 24 breach
824 489 25 23 of
864 489 125 30 allegiance
1012 498 26 15 or
1067 490 51 23 law.
1163 489 50 24 Can
1230 489 37 24 the

680 520 155 23 Government
857 529 50 15 now
931 530 74 16 annex
1029 531 45 22 any
1099 522 127 24 conditions
1245 527 21 18 to

680 553 38 23 the
730 553 88 23 holders
831 554 26 23 of
867 554 58 24 such
937 555 54 23 land
1009 555 31 31 by
1059 556 38 23 the
1115 556 152 23 introduction

679 586 27 23 of
732 586 85 24 British
843 587 47 23 law
916 588 47 23 into
982 588 59 23 New
1059 589 109 29 Zealand,
1187 593 80 26 except

679 618 58 23 such
750 628 25 14 as
787 627 35 15 are
834 621 75 23 raised
919 621 30 31 by
963 621 49 23 that
1031 621 44 23 law
1095 622 43 23 and
1160 629 107 24 preroga-

679 652 46 23 tive
744 652 26 23 of
792 652 34 24 the
845 653 90 29 Queen,
1029 654 58 23 head
1105 655 45 23 and
1169 654 62 24 chief
1246 654 24 23 of

679 684 39 23 the
738 686 194 28 commonwealth,
956 687 44 23 and
1017 687 116 23 entrusted
1153 688 54 23 with
1230 687 37 23 the

679 719 118 22 execution
809 719 25 22 of
850 719 38 24 the
901 719 55 23 laws
1017 720 12 23 1
1048 720 66 23 think
1138 726 46 19 not.
1233 720 33 23 To

679 750 62 23 what
753 755 76 19 extent
839 752 56 23 then
906 752 53 24 does
972 753 38 23 the
1029 755 141 30 prerogative
1190 753 25 24 of
1231 753 36 23 the

680 783 83 25 Queen
776 784 63 23 affect
852 785 37 23 the
902 786 105 30 question
1015 786 10 24 ?
1040 786 46 24 She
1099 788 19 21 is
1130 787 98 23 entitled
1238 786 28 31 by

679 818 73 22 virtue
778 817 22 23 of
822 818 39 23 h^r
885 819 143 31 prerogative
1127 828 12 15 a
1159 820 63 31 right
1246 819 23 24 of

679 850 113 23 universal
802 858 138 24 occupancy,
954 860 28 15 on
996 853 37 23 the
1045 854 160 30 presumption
1219 853 48 22 that

679 883 30 23 all
732 889 104 26 property
862 893 46 15 was
928 887 57 28 origi
995 886 53 30 tally
1067 887 23 22 in
1110 887 38 23 the
1173 886 91 24 Crown,

679 916 41 23 but
733 924 45 15 was
789 918 135 30 partitioned
943 924 38 18 out
1000 920 24 23 in
1041 919 61 31 large
1123 919 99 24 districts
1245 923 21 19 to

679 949 39 23 the
728 955 65 25 great
802 957 53 16 men
867 951 51 23 who
930 951 43 23 had
986 952 109 24 deserved
1108 953 48 23 well
1170 953 21 22 in
1201 959 47 15 war
1258 961 6 19 ;

679 981 71 23 hence
764 983 34 22 the
811 983 82 24 Queen
913 984 55 23 hath
987 985 73 23 direct
1080 985 114 24 dominion
1213 992 53 16 over

678 1015 31 22 all
728 1014 71 30 lands,
820 1016 45 23 and
884 1017 30 22 all
933 1017 65 23 lauds
1022 1026 38 14 are
1083 1018 82 24 holden
1189 1019 26 23 of
1230 1018 36 23 the

799 1048 73 29 Cosit,
889 1052 10 21 1
914 1049 65 32 Dyer
1004 1053 30 21 15
1044 1054 17 20 t.
1116 1051 57 24 This
1186 1059 79 24 prero-

678 1081 76 31 gative
766 1082 101 23 however
879 1089 62 18 must
953 1084 26 23 be
993 1085 33 22 for
1039 1084 37 24 the
1089 1084 124 31 advantage
1223 1084 43 24 and

678 1113 59 32 good
751 1115 25 22 of
791 1114 35 24 the
838 1116 88 31 people,
941 1124 24 16 or
977 1118 17 22 it
1006 1118 20 22 is
1045 1123 40 18 not
1127 1117 138 24 sustainable

679 1148 24 22 in
794 1148 80 24 Moore
888 1152 58 22 t>/~2.
959 1153 14 20 4
995 1151 54 23 Uac.
1070 1151 59 24 Abr.
1146 1153 54 22 149.
1238 1150 26 24 In

679 1181 38 23 the
727 1181 93 23 absence
834 1182 25 23 of
874 1183 72 23 direct
954 1183 65 24 fraud
1031 1192 27 15 or
1069 1185 108 30 illegality
1193 1186 22 21 in
1229 1183 36 24 the

679 1214 133 31 acquisition
824 1215 26 23 of
865 1216 37 23 the
916 1216 59 29 land,
992 1217 9 23 I
1023 1217 27 23 do
1070 1223 40 17 not
1130 1218 67 23 think
1217 1217 49 23 that

679 1247 38 23 the
730 1253 75 17 extent
817 1249 25 22 of
857 1248 39 24 the
908 1256 67 23 grant
988 1250 58 24 from
1059 1251 36 23 the
1104 1251 70 23 chiefs
1184 1250 81 24 affords

679 1288 43 23 any
735 1280 57 32 legal
801 1282 89 30 ground
902 1283 35 23 for
950 1284 148 23 interference
1111 1292 29 15 on
1159 1284 37 23 the
1216 1288 50 27 part

680 1315 21 21 ot
719 1313 39 23 the
772 1314 161 25 Government.
975 1316 37 31 By
1031 1317 117 31 illegality,
1169 1317 12 23 I
1201 1324 64 16 mean

679 1347 109 31 illegality
809 1348 23 22 in
855 1348 38 24 the
918 1351 151 22 transactions
1096 1350 102 23 between
1229 1350 36 23 the

679 1380 97 23 vendors
788 1381 43 23 and
841 1381 136 31 purchasers
991 1383 52 23 with
1057 1383 112 24 reference
1189 1388 22 19 to
1229 1383 37 23 the

679 1413 54 23 laws
746 1414 26 22 of
788 1414 53 23 New
854 1414 102 25 Zealand
968 1421 23 18 at
1004 1416 38 23 the
1055 1417 53 23 time
1123 1417 26 23 of
1164 1416 37 24 the
1210 1425 43 22 pur

680 1447 81 22 chases
771 1456 5 19 ;
789 1447 42 23 and
846 1447 10 23 I
870 1449 28 22 do
911 1454 39 18 not
962 1449 67 23 think
1043 1449 49 24 that
1110 1450 39 23 the
1168 1458 96 23 convey-

679 1488 68 15 ances
760 1480 66 31 being
836 1481 24 22 in
873 1481 39 24 the
925 1482 57 23 form
994 1482 130 32 prescribed
1135 1484 29 30 by
1180 1484 84 23 British

679 1513 42 23 law
734 1513 76 23 affects
820 1514 37 23 the
871 1516 104 30 question
987 1523 26 15 so
1024 1515 56 32 long
1090 1524 26 15 as
1135 1516 37 23 the
1191 1517 74 22 inten-

679 1547 60 22 tions
751 1547 25 22 of
790 1547 36 23 the
839 1548 97 23 vendors
953 1556 57 15 were
1030 1549 86 24 carried
1134 1550 48 23 into
1202 1549 64 23 effect

679 1580 44 22 and
735 1587 30 15 no
777 1588 66 16 more.
883 1581 22 23 It
916 1590 73 16 seems
1003 1587 22 18 to
1037 1590 37 16 me
1086 1583 48 23 that
1146 1583 29 30 by
1188 1590 76 23 recog-

680 1614 77 30 nising
769 1613 34 22 the
815 1613 73 31 rights
902 1615 25 22 of
942 1616 38 23 the
1001 1615 56 24 New
1076 1616 101 24 Zealand
1195 1615 70 24 chiefs

680 1651 22 18 to
714 1654 84 23 convey
816 1648 59 22 their
893 1648 61 29 land,
974 1648 39 24 the
1033 1649 48 23 title
1105 1650 25 23 of
1146 1650 58 23 bona
1222 1649 43 23 fide

679 1679 133 31 purchasers
836 1681 108 31 claiming
966 1682 74 23 under
1064 1682 64 24 those
1154 1682 72 24 chiefs
1245 1684 19 21 is

680 1713 105 30 virtually
810 1715 141 30 recognised.
1000 1715 30 28 If,
1050 1715 110 29 however,
1180 1716 28 31 by
1222 1723 42 23 any
1272 1723 2 16 i

679 1747 110 29 arbitrary
812 1748 68 23 views
904 1748 26 23 of
956 1748 37 23 the
1025 1748 164 29 Government,
1221 1748 44 24 thid

679 1780 82 23 should
782 1780 23 22 be
831 1781 144 29 overlooked,
1003 1782 12 23 I
1036 1782 80 24 should
1141 1791 41 22 say
1208 1783 56 27 that,
1272 1786 2 30 j

679 1813 58 23 from
751 1813 35 22 the
796 1820 102 17 moment
911 1815 47 23 that
979 1815 87 24 British
1084 1816 42 23 law
1146 1823 45 16 was
1212 1823 52 24 pro-

679 1846 96 24 claimed
786 1855 41 22 any
841 1848 160 31 investigation
1019 1853 61 19 must
1097 1849 29 23 be
1139 1850 29 30 by
1179 1850 85 23 consti-
1272 1844 2 33 J

680 1880 95 23 tutioual
786 1880 43 23 and
841 1881 59 31 legal
914 1889 85 20 means,
1013 1890 25 15 as
1050 1882 29 31 by
1092 1883 50 23 trial
1156 1883 30 31 by
1199 1882 63 31 Jury.

681 1914 11 22 1
705 1914 28 22 do
744 1918 39 18 not
792 1913 68 23 think
873 1914 50 23 that
935 1915 37 23 the
980 1915 115 32 authority
1103 1917 25 22 of
1138 1917 37 22 the
1184 1916 80 26 Queen

679 1948 20 22 is
711 1952 178 18 commensurate
902 1948 54 23 with
967 1948 39 23 the
1020 1954 70 18 terms
1109 1949 46 24 and
1176 1950 88 30 procla-

679 1980 86 22 mation
782 1980 23 22 of
825 1980 41 22 her
885 1982 178 27 representative
1080 1982 62 27 here,
1154 1990 25 14 as
1191 1983 19 21 it
1222 1983 18 20 is
1253 1990 12 13 a

678 2019 118 23 necessary
804 2012 129 30 ingredient
940 2013 49 23 that
996 2013 175 30 proclamations
1184 2013 81 23 should

679 2045 27 22 be
728 2045 113 27 grounded
859 2052 29 15 on
900 2044 37 24 the
949 2045 56 23 laws
1017 2046 26 23 of
1058 2046 37 23 the
1116 2046 69 23 realm
1194 2055 7 19 ;
1222 2046 43 23 and

679 2077 107 28 although
805 2077 53 23 with
879 2077 80 31 regard
979 2082 22 19 to
1020 2079 136 30 purchasers
1173 2079 26 23 of
1212 2079 53 23 land

679 2110 110 24 hereafter
802 2111 59 23 from
881 2113 38 21 the
939 2111 165 29 Government,
1124 2112 37 23 the
1182 2112 82 25 Queen

679 2152 53 22 may
750 2145 82 30 impose
851 2144 58 23 such
927 2144 140 31 regulations
1088 2153 25 15 as
1132 2153 52 23 may
1203 2154 60 15 seem

679 2177 126 31 expedient,
829 2177 55 28 still,
906 2176 12 24 I
935 2178 27 23 do
977 2171 49 30 *not
1050 2178 66 23 think
1137 2179 49 23 that
1210 2179 54 23 such

679 2211 172 30 proclamations
876 2218 42 16 can
942 2211 56 24 have
1022 2213 162 30 retrospective
1200 2212 65 24 effect

679 2246 25 21 in
726 2244 68 23 direct
823 2243 109 25 violation
953 2244 26 23 of
997 2245 39 23 the
1061 2245 88 31 Magna
1172 2246 92 28 Charta,

679 2277 74 23 which
765 2278 85 23 insures
869 2283 24 17 to
911 2286 66 23 every
989 2286 44 16 one
1051 2279 35 23 his
1106 2279 101 32 lawfully
1226 2287 38 16 ac-

679 2310 80 32 quired
771 2316 104 26 property
887 2310 45 24 and
943 2312 110 31 privilege
1066 2312 24 23 of
1099 2312 53 23 trial
1160 2312 31 31 by
1200 2312 63 32 Jury.

681 2347 28 21 It
725 2345 42 23 Co.
784 2346 40 24 87.
847 2347 30 21 12
904 2344 42 24 Co.
966 2346 41 24 75.
1052 2345 50 25 The
1121 2347 105 30 question
1243 2345 25 24 of

678 2378 52 23 how
741 2378 34 23 far
786 2377 37 24 the
836 2385 80 16 course
932 2385 50 16 now
1003 2378 97 32 adopted
1118 2387 52 23 may
1187 2380 30 23 be
1236 2387 28 15 an

678 2411 148 31 infringment
838 2410 24 24 of
878 2411 38 23 the
927 2411 55 23 laws
995 2412 26 24 of
1036 2413 90 23 nations
1145 2413 20 22 is
1182 2420 42 16 one
1243 2412 24 24 of

679 2449 65 27 great
756 2444 115 30 difficulty,
885 2444 45 23 and
941 2445 57 24 need
1011 2450 40 19 not
1069 2446 54 24 here
1142 2446 28 23 be
1190 2450 75 19 enter-

679 2478 84 24 tained.
798 2478 24 23 It
835 2477 74 24 would
921 2486 83 23 appear
1015 2479 59 23 from
1092 2479 38 24 the
1153 2479 112 31 language

679 2511 73 24 which
766 2512 37 23 has
815 2511 58 24 been
886 2512 65 23 made
963 2520 42 16 use
1029 2512 24 23 of
1075 2513 24 22 in
1119 2512 37 25 the
1175 2512 89 32 procla-

679 2545 93 26 mation,
794 2545 45 23 and
864 2545 39 23 the
922 2545 193 32 correspondence
1133 2545 74 24 which
1224 2545 40 24 has

678 2578 69 24 taken
761 2578 61 31 place
834 2578 103 24 between
954 2579 38 23 the
1013 2578 105 25 Colonial
1138 2580 126 30 Secretary,

678 2612 64 24 Lord
759 2611 140 32 Normanby,
921 2612 45 24 and
983 2613 40 23 the
1043 2612 117 24 Governor
1180 2613 25 23 of
1220 2612 46 23 this

676 2646 98 30 Colony,
786 2645 50 24 that
856 2645 63 24 there
942 2646 19 23 is
981 2654 30 15 an
1033 2646 165 31 apprehension
1219 2645 47 24 that

678 2679 38 23 the
729 2679 99 25 Queen's
840 2680 142 29 prerogative
994 2679 103 23 includes
1110 2680 38 23 the
1167 2679 61 32 right
1245 2679 24 23 of

678 2712 150 32 pre-emption
841 2712 26 23 of
882 2712 65 23 lands
966 2712 59 24 from
1046 2713 37 23 the
1101 2714 76 23 native
1196 2712 70 24 chiefs

678 2747 22 22 in
719 2746 56 23 New
792 2745 110 28 Zealand,
921 2746 96 31 thereby
1038 2747 66 30 again
1122 2746 145 31 recognising

677 2779 60 23 their
744 2779 45 23 title
798 2784 22 19 to
829 2787 94 22 convey,
932 2779 45 24 and
984 2780 93 30 putting
1085 2779 52 24 Her
1146 2779 119 31 Majesty's

678 2812 67 24 claim
759 2820 25 15 on
797 2820 13 16 a
822 2812 91 23 district
924 2813 89 30 ground
1026 2813 57 23 from
1103 2813 42 25 her
1163 2813 63 30 right
1245 2812 23 23 of

678 2846 110 23 universal
803 2853 138 23 occupancy.
979 2846 38 23 No
1031 2846 54 23 such
1099 2846 61 31 right
1173 2846 25 23 of
1213 2853 52 23 pre-

678 2879 98 29 emption
786 2878 113 27 however,
913 2879 81 26 exists,
1012 2879 45 23 and
1077 2879 38 23 the
1133 2879 53 31 only
1207 2879 59 30 right

677 2911 26 23 of
717 2912 152 30 pre-emption
891 2911 73 23 which
984 2919 54 16 ever
1056 2912 37 23 did
1114 2913 59 23 exist
1192 2921 45 14 was
1253 2921 13 14 a

676 2944 108 31 privilege
815 2944 96 23 allowed
934 2944 38 24 the
993 2945 86 31 King's
1108 2953 112 24 purveyor
1243 2951 22 17 to

678 2985 56 15 nave
758 2977 34 22 tlie
813 2977 89 31 buying
926 2978 24 23 of
965 2985 55 16 corn
1044 2978 43 23 and
1105 2978 64 24 other
1189 2980 76 30 provi-

677 3011 63 22 sions
752 3010 74 24 before
839 3011 77 23 others
933 3011 24 23 of
975 3010 37 24 the
1026 3010 85 32 King's
1129 3012 80 27 house,
1222 3012 42 23 and

676 3043 50 24 that
749 3043 85 31 trifling
857 3044 109 31 privilege
988 3053 46 15 was
1059 3045 22 22 in
1104 3045 38 23 the
1166 3046 53 22 time
1243 3045 24 24 of

678 3077 94 23 Charles
794 3077 47 23 2nd
861 3078 105 22 declared
988 3079 211 28 unconstitutional,
1222 3078 44 24 and

676 3111 70 23 taken
758 3118 59 24 away
826 3111 31 30 by
874 3112 28 21 12
917 3111 53 23 Car.
984 3113 24 22 2.
1024 3119 19 17 c,
1066 3113 40 22 24.
1151 3111 13 24 I
1184 3112 82 23 should

674 3144 59 23 have
745 3144 54 23 been
815 3143 62 31 glad,
899 3144 19 22 if
933 3152 29 15 an
980 3145 146 31 opportunity
1144 3144 46 24 had
1208 3145 56 23 been

675 3177 98 24 afforded
784 3182 23 19 to
819 3185 37 16 me
876 3182 24 18 to
921 3177 56 24 have
996 3179 66 30 given
1082 3186 63 15 more
1164 3179 54 22 time
1242 3183 22 18 to

675 3211 38 23 the
725 3210 163 24 consideration
902 3210 25 23 of
943 3211 65 23 these
1026 3212 123 29 questions.
1195 3212 69 23 From

675 3244 57 23 such
745 3243 138 28 authorities,
896 3243 111 30 however,
1021 3252 25 15 as
1066 3244 12 23 I
1096 3244 57 24 have
1173 3245 44 23 had
1236 3253 28 15 an

674 3278 145 31 opportunity
838 3277 26 23 of
879 3278 140 31 consulting,
1042 3278 10 23 I
1074 3285 37 17 am
1131 3278 25 23 of
1172 3279 91 30 opinion

674 3311 50 23 that
737 3311 36 23 the
784 3311 50 23 title
855 3315 24 19 to
899 3311 66 23 lands
983 3311 24 23 in
1029 3311 56 24 New
1105 3311 102 24 Zealand
1225 3319 38 15 ac-

674 3344 80 31 quired
776 3344 60 24 bona
855 3344 44 23 fide
923 3344 123 29 according
1065 3349 22 19 to
1106 3345 39 23 the
1164 3345 54 23 laws
1241 3344 25 24 of

674 3377 50 23 that
736 3382 93 26 couutry
839 3377 32 31 by
889 3377 86 24 British
996 3377 101 31 subjects
1116 3379 106 29 previous
1241 3382 21 19 to

673 3410 39 23 the
724 3410 147 24 interference
883 3411 27 23 of
931 3411 38 23 the
990 3411 88 23 British
1098 3410 163 28 Government,

673 3451 39 16 are
724 3443 55 31 good
792 3444 24 23 in
827 3443 42 24 law
882 3443 45 24 and
939 3445 86 30 equity.

958 3478 23 23 J.
1002 3478 29 23 B.
1052 3476 174 25 DARVALL.

709 3509 98 31 Sydney,
820 3509 61 24 June
895 3512 40 27 11,
949 3513 76 22 1840.

709 3582 91 25 Query
822 3585 22 22 1.
881 3584 113 24 Whether
1013 3584 38 24 the
1069 3591 63 17 mere
1149 3583 112 31 purchase

673 3615 45 23 and
741 3617 131 30 occupation
895 3617 24 24 in
938 3626 13 15 a
980 3617 102 31 Foreign
1107 3618 65 23 State
1195 3617 29 30 by
1248 3624 13 15 a

674 3648 87 24 British
770 3649 89 31 subject
871 3650 20 23 is
904 3650 75 31 illegal
987 3651 10 23 ?

707 3681 23 23 A
742 3690 50 22 very
803 3683 73 23 broad
888 3683 89 30 ground
989 3683 74 30 might
1073 3683 29 23 be
1115 3681 108 32 occupied
1231 3681 29 31 by

672 3714 39 23 the
723 3714 123 24 discussion
860 3716 26 23 of
902 3716 44 23 this
959 3716 113 31 question,
1085 3716 35 23 for
1140 3715 38 23 the
1198 3714 62 23 solu-

672 3748 47 22 tion
733 3747 26 23 of
771 3747 74 25 which
859 3749 12 23 I
883 3756 36 16 am
931 3753 41 19 not
984 3757 73 17 aware
1076 3749 51 23 that
1145 3754 44 24 any
1207 3754 52 24 pre-

672 3780 80 24 cedent
768 3788 41 15 can
835 3781 29 24 be
883 3781 79 24 found.
1008 3782 68 23 Prim
1080 3789 15 15 a
1119 3787 83 21 facie,
1222 3779 38 24 the

671 3821 62 16 mere
746 3818 33 19 act
791 3814 25 22 of
830 3814 112 31 purchase
956 3814 76 23 would
1047 3821 61 15 seem
1128 3818 32 18 tOs
1170 3811 89 25 involve

671 3855 28 15 no
712 3847 107 30 illegality
829 3855 5 18 ;
849 3846 45 23 and
908 3847 11 22 I
937 3855 42 14 can
998 3847 110 26 discover,
1130 3845 12 24 I
1153 3845 104 24 -confess,

669 3880 96 31 nothing
772 3880 24 23 in
808 3880 38 24 the
859 3880 124 31 principles
996 3880 26 22 of
1038 3880 36 23 the
1089 3878 88 25 British
1198 3879 61 24 Con-

669 3914 110 28 stitution,
792 3913 93 31 leading
897 3918 22 19 to
932 3921 13 16 a
965 3918 105 26 contrary
1083 3912 139 25 conclusion.

704 3947 50 24 The
770 3947 54 29 only
842 3951 53 25 part
913 3946 24 25 of
953 3954 14 16 a
986 3946 110 29 subject's
1120 3946 58 30 duty
1201 3946 54 24 with

1937 686 35 24 As
1985 685 63 25 these
2062 686 90 24 Islands
2164 687 46 23 will
2221 687 111 32 probably
2344 696 54 14 soon
2410 691 81 19 attract

1909 719 69 31 public
1998 720 117 28 attention,
2136 728 27 15 on
2183 726 96 17 account
2292 722 25 21 of
2334 721 57 23 their
2410 720 80 30 neigh-

1909 752 107 24 bourhood
2023 757 24 19 to
2057 753 56 23 Port
2121 753 131 28 Nicholson,
2261 753 44 23 and
2311 754 37 23 the
2354 753 136 30 advantages

1909 785 46 31 they
1968 793 36 16 are
2023 786 69 30 likely
2106 791 23 18 to
2141 786 54 23 offer
2214 792 22 17 to
2249 795 14 14 a
2280 787 84 31 speedy
2377 786 112 24 coloniza-

1909 818 48 29 tion,
1973 818 10 24 I
1996 818 79 24 hasten
2089 824 21 18 to
2123 820 163 23 communicate
2297 828 13 14 a
2318 819 136 32 description
2468 819 23 23 of

1909 851 63 28 them,
1990 851 69 31 being
2071 852 38 23 the
2122 853 71 22 result
2204 853 25 22 of
2241 861 68 23 many
2322 853 131 23 excursions
2466 853 23 22 in

1909 884 23 23 all
1951 888 61 27 parts
2025 885 25 23 of
2068 885 37 23 the
2125 884 84 32 largest
2231 886 76 23 Island
2321 886 25 22 of
2358 886 37 23 the
2408 893 81 23 group,

1908 917 76 31 during
2002 926 12 15 a
2031 923 51 26 stay
2094 919 26 22 of
2135 919 75 31 nearly
2227 919 63 23 three
2309 919 90 24 months
2411 918 26 22 of
2452 919 38 23 the

1928 950 65 24 Cuba
2033 959 28 15 on
2081 952 29 22 its
2130 957 81 23 coasts,
2231 953 45 22 and
2289 953 24 22 of
2329 952 58 23 what
2403 950 12 24 I
2436 950 54 24 have

1908 984 132 23 ascertained
2069 985 59 22 from
2153 985 151 31 experienced
2328 985 94 23 whalers
2446 984 44 23 and

1907 1017 79 23 sealers
1998 1018 48 22 well
2064 1018 132 31 acquainted
2213 1018 53 24 with
2286 1018 44 24 this
2348 1023 50 26 part
2410 1018 27 22 of
2452 1018 37 23 the

1908 1050 99 23 southern
2019 1058 78 15 ocean.

1936 1090 12 24 I
1968 1099 34 15 am
2021 1096 41 18 not
2073 1100 79 19 aware,
2172 1091 49 24 that
2239 1100 45 23 any
2298 1092 64 31 thing
2378 1093 41 22 has
2433 1091 56 24 been

1908 1124 118 31 previously
2049 1126 87 22 written
2154 1125 69 23 about
2242 1126 61 23 them
2313 1134 6 20 ;
2343 1126 42 23 and
2406 1124 11 23 I
2438 1126 52 29 only

1908 1157 49 24 have
1970 1157 67 24 found
2050 1158 38 23 the
2101 1158 113 30 following
2227 1160 73 22 notice
2313 1160 22 21 in
2348 1167 13 14 a
2374 1158 115 23 collection

1908 1191 19 22 of
1948 1192 101 22 martime
2069 1191 143 23 discoveries.
2276 1192 51 23 The
2347 1193 5 10 '
2363 1191 112 24 Chatham
2483 1191 5 9 '

1907 1224 63 30 being
1981 1224 118 31 separated
2118 1225 22 22 in
2156 1232 14 15 a
2189 1225 50 30 gale
2254 1225 24 23 of
2297 1225 59 22 wind
2375 1225 56 23 from
2451 1225 38 22 the

1908 1259 3 10 '
1919 1257 140 32 Discovery,'
2073 1258 39 23 fell
2125 1259 22 21 in
2155 1258 54 22 with
2222 1266 28 14 an
2264 1258 87 28 Island,
2364 1257 73 23 which
2446 1265 44 15 was

1907 1291 75 23 named
1995 1291 112 23 Chatham
2128 1291 84 28 Island,
2231 1292 45 23 and
2289 1291 67 31 along
2370 1291 37 23 the
2421 1290 68 24 north

1908 1323 42 24 side
1963 1324 25 23 of
2003 1324 72 23 which
2094 1324 40 23 she
2151 1324 72 24 sailed
2242 1324 33 24 for
2291 1325 78 23 twelve
2388 1324 100 30 leagues.

1908 1357 30 23 Its
1950 1357 139 24 inhabitants
2101 1357 66 24 much
2181 1357 126 24 resembled
2319 1358 37 23 the
2370 1357 86 24 natives
2468 1357 25 23 of

1908 1390 51 23 Mew
1972 1390 106 28 Zealand,
2099 1390 43 24 and
2154 1391 17 22 it
2184 1398 44 16 was
2247 1391 99 23 situated
2357 1391 22 23 in
2397 1390 93 23 latitude

1907 1425 27 22 43
1954 1423 49 31 deg.
2023 1426 33 21 48
2073 1425 55 22 mm.
2148 1424 75 28 south,
2243 1424 46 23 and
2308 1422 115 32 longitude
2444 1425 46 22 133

1907 1456 46 32 deg.
1967 1459 31 22 30
2010 1458 55 23 mm.
2188 1457 50 24 The
2421 1463 45 16 was
2477 1464 14 15 a

1907 1490 151 24 Government
2069 1496 60 18 store
2141 1491 59 31 ship,
2213 1491 45 23 and
2268 1490 81 24 visited
2362 1489 62 25 these
2439 1497 51 16 seas

1907 1524 18 23 in
1938 1524 37 23 the
1988 1531 53 21 year
2057 1525 72 24 1791.

1937 1563 56 24 This
2006 1571 72 24 group
2092 1564 97 24 consists
2201 1564 51 23 first
2264 1563 26 24 of
2304 1571 14 16 a
2329 1563 62 31 large
2403 1561 88 29 Island,

1906 1595 68 25 called
1982 1596 146 25 Warrekauri
2137 1597 29 31 by
2175 1596 37 24 the
2221 1597 95 28 natives,
2325 1596 45 24 ami
2377 1595 113 25 Chatham

1908 1629 74 25 Island
1993 1630 29 31 by
2035 1630 38 24 the
2085 1630 136 31 Europeans
2229 1638 6 15 :
2252 1630 115 31 secondly,
2379 1628 26 25 of
2414 1636 42 17 one
2468 1629 26 24 of

1906 1663 66 24 lesser
1995 1668 84 24 extent,
2105 1663 36 24 die
2164 1663 77 24 native
2266 1671 66 16 name
2345 1663 25 23 of
2386 1661 73 25 which
2471 1663 21 22 is

1908 1696 145 32 Rangihaude
2062 1705 25 15 or
2102 1696 67 24 Pitt's
2182 1696 79 25 Island
2271 1705 6 19 ;
2292 1696 44 23 and
2348 1705 12 14 a
2369 1695 59 24 third
2440 1703 50 21 one,

1908 1729 120 32 Itangatira
2045 1738 26 15 or
2086 1729 72 25 South
2177 1729 59 24 East
2256 1729 87 24 Island.
2381 1728 26 24 In
2426 1736 64 16 some

1906 1763 71 24 charts
1990 1771 24 15 or
2030 1762 77 25 rather
2125 1762 114 29 sketches,
2261 1771 29 15 an
2309 1762 78 24 Island
2406 1762 20 22 is
2445 1761 45 24 laid

1906 1796 68 28 down,
1993 1796 71 24 called
2076 1795 154 25 Cornwallis's
2251 1796 86 28 Island,
2356 1795 40 24 but
2408 1795 13 23 I
2434 1794 57 24 h-ive

1906 1837 76 16 reason
2000 1835 22 18 to
2042 1830 94 28 believe,
2155 1829 50 23 that
2222 1829 46 23 this
2289 1828 78 25 Island
2379 1828 54 24 does
2451 1833 41 19 not

1906 1863 63 28 exist,
1990 1863 43 23 and
2052 1863 48 23 that
2115 1870 12 16 a
2141 1862 63 27 rock,
2224 1862 73 24 called
2316 1863 37 23 the
2372 1862 118 30 Pyramid,

1905 1895 53 24 from
1971 1897 29 22 its
2018 1896 79 31 shape,
2118 1896 42 23 and
2172 1895 75 24 which
2265 1896 43 23 lies
2320 1896 77 30 nearly
2410 1898 23 20 at
2454 1895 38 23 the

1906 1929 34 30 pla
1955 1938 11 15 c
1986 1929 104 31 assigned
2109 1933 22 20 to
2149 1929 155 24 Cornwallis's
2324 1927 87 29 Island,
2431 1933 62 19 must

1905 1962 54 23 have
1970 1962 56 23 been
2038 1962 115 24 mistaken
2166 1962 34 23 for
2212 1963 25 22 it.

1916 2022 4 3 .
1937 2001 35 23 Of
1990 2001 71 24 lesser
2084 2002 117 30 importan-
2210 2009 20 20 c,
2260 2001 45 24 and
2329 2001 52 31 ouly
2404 2004 24 20 to
2453 2001 39 23 tht

1905 2034 119 31 navigator,
2044 2042 38 16 are
2101 2034 36 24 the
2150 2034 64 23 other
2226 2034 65 24 islets
2304 2034 25 24 of
2343 2034 38 24 the
2397 2041 94 24 groups,

1907 2067 136 31 Rangitutai,
2058 2076 24 15 or
2094 2067 38 24 the
2144 2067 92 27 Sisters,
2252 2068 38 23 the
2302 2070 32 21 44
2343 2068 50 30 deg.
2403 2067 87 29 Island,

1904 2102 42 22 and
1963 2109 60 15 some
2039 2100 67 29 reefs,
2118 2100 73 24 which
2203 2100 13 24 I
2228 2100 60 24 shall
2305 2101 101 23 describe
2424 2100 67 24 heie-

1904 2142 11 14 a
1925 2138 42 19 ter.

1935 2173 148 24 Warrekauri
2106 2182 25 15 or
2150 2173 114 24 Chatham
2289 2173 80 24 Island
2390 2173 43 24 has
2452 2173 38 24 the

1905 2207 53 23 form
1967 2208 24 22 of
2000 2216 14 15 a
2025 2207 122 24 horseshoe
2160 2215 24 15 or
2197 2207 76 24 rather
2285 2206 106 25 indented
2399 2215 90 23 square,

1904 2241 37 23 the
1955 2242 123 30 respective
2091 2240 58 24 sides
2162 2241 25 22 of
2196 2240 74 23 whuih
2289 2249 37 15 are
2339 2240 98 24 directed
2455 2246 36 17 to-

1904 2274 70 24 wards
1986 2274 36 23 the
2031 2274 51 23 four
2089 2273 108 32 principle
2210 2274 76 31 points
2294 2275 25 22 of
2328 2274 37 23 the
2376 2281 113 23 compass.

1905 2307 27 23 In
1950 2307 153 33 approaching
2120 2308 17 22 it
2148 2307 58 23 from
2223 2307 38 24 the
2274 2306 122 29 westward,
2416 2307 74 24 where

1904 2341 69 31 ships,
1993 2342 91 29 coming
2095 2340 56 24 from
2165 2340 56 23 New
2233 2340 108 28 Zealand,
2361 2340 44 23 will
2419 2347 71 23 gene-

1904 2373 55 31 rally
1972 2374 48 23 first
2039 2373 67 24 make
2125 2373 38 24 the
2175 2373 61 28 land,
2251 2374 38 23 the
2301 2373 66 24 latter
2379 2373 112 24 stretches

1905 2407 20 23 in
1939 2415 12 15 a
1959 2407 123 24 semicircle
2091 2407 55 23 from
2159 2406 67 24 S.W.
2241 2411 23 19 to
2278 2406 81 29 N.W.,
2367 2406 45 24 and
2419 2407 72 23 forms

1904 2441 23 22 in
1946 2441 47 22 that
2012 2448 94 15 manner
2118 2448 14 15 a
2142 2440 56 30 deep
2216 2439 73 31 bight,
2310 2439 71 24 which
2401 2440 19 22 is
2432 2448 59 23 open

1904 2474 93 23 towards
2009 2474 39 23 the
2060 2473 66 24 S.W.
2163 2472 23 24 It
2198 2481 96 23 appears
2307 2473 26 24 of
2341 2481 27 16 an
2382 2472 108 25 undulat-

1904 2507 38 31 ing
1960 2507 88 23 surface
2060 2507 24 23 of
2101 2506 56 24 little
2169 2506 120 29 elevation,
2310 2507 44 23 and
2371 2508 20 22 is
2410 2510 23 19 to
2452 2506 39 24 the

1904 2540 64 24 north
1981 2540 43 23 and
2036 2540 141 27 north-west,
2193 2540 163 24 over-reached
2368 2540 29 31 by
2410 2539 81 31 higher

1904 2573 59 29 hills,
1982 2573 72 24 which
2073 2581 38 15 are
2123 2572 71 24 either
2207 2573 24 23 of
2249 2582 54 23 very
2313 2573 90 31 regular
2422 2580 68 24 pyra-

1903 2606 88 24 midical
1998 2607 78 27 forms,
2090 2614 24 15 or
2126 2606 55 23 have
2190 2614 13 15 a
2210 2606 73 31 bulky
2291 2607 109 30 irregular
2409 2606 78 31 shape.

1904 2639 61 24 With
1989 2640 36 23 the
2049 2639 116 31 exception
2179 2639 24 23 of
2224 2644 44 18 two
2290 2639 97 25 hillocks
2410 2644 23 18 at
2451 2639 39 25 the

1904 2674 132 23 south-west
2049 2673 63 31 point
2121 2672 24 23 of
2155 2671 37 24 the
2205 2672 88 28 Island,
2306 2672 73 24 which
2391 2672 30 23 lie
2429 2672 61 24 close

1904 2706 107 32 together,
2030 2705 45 23 and
2087 2705 72 23 which
2174 2705 38 23 the
2229 2707 89 23 natives
2337 2713 64 16 name
2414 2705 75 24 Wak-

1904 2739 108 28 kakaiwa,
2033 2747 29 14 no
2082 2738 52 23 hills
2146 2738 27 23 of
2186 2747 43 23 any
2243 2738 56 24 kind
2318 2747 38 15 are
2367 2738 80 24 visible
2467 2744 23 18 to

1904 2772 36 24 the
1951 2772 63 24 south
2024 2771 44 24 and
2076 2771 143 29 south-west,
2233 2772 41 23 but
2285 2772 37 24 the
2334 2771 52 25 land
2394 2772 96 23 ascends

1903 2806 76 27 slowly
1988 2806 57 23 from
2057 2805 38 23 the
2108 2813 38 15 sea
2157 2804 74 27 shore,
2245 2805 73 24 which
2330 2806 20 23 is
2361 2804 70 31 rocky
2444 2805 46 24 and

1902 2838 89 24 wooded
2014 2843 21 19 to
2060 2838 38 23 the
2116 2839 89 23 water's
2224 2839 65 30 edge,
2310 2838 120 32 spreading
2449 2843 40 19 out

1903 2872 70 23 either
1994 2872 48 24 into
2062 2872 60 27 flats,
2146 2879 26 15 or
2195 2872 48 23 into
2264 2872 153 23 undulations.
2462 2871 27 24 In

1902 2905 101 30 entering
2021 2905 48 22 into
2090 2904 38 24 the
2146 2904 68 31 depth
2228 2905 26 23 of
2271 2905 37 23 the
2327 2905 70 30 bight,
2418 2912 12 14 a
2450 2905 39 23 red

1902 2938 49 23 cliff
1966 2945 23 16 or
2012 2937 77 24 rather
2106 2938 59 23 bluff
2181 2938 105 24 becomes
2306 2938 85 28 visible,
2415 2937 74 24 which

1902 2972 68 22 forms
1982 2971 37 25 the
2029 2971 107 24 southern
2151 2970 111 24 headland
2275 2972 25 24 of
2309 2980 13 14 a
2334 2971 90 23 smaller
2433 2971 56 23 inlet

1902 3005 46 22 into
1956 3004 35 25 the
1997 3005 75 30 larger
2079 3004 73 30 bight,
2160 3003 38 26 the
2207 3005 107 23 northern
2322 3003 57 25 head
2385 3004 25 22 of
2416 3004 72 24 which

1901 3038 19 22 is
1932 3045 13 17 a
1957 3037 57 23 bluff
2029 3038 26 23 of
2070 3037 38 23 *he
2120 3045 62 16 same
2195 3038 144 30 description.
2377 3036 49 24 The
2440 3037 48 23 dis-

1901 3074 64 20 tance
1977 3070 99 23 between
2089 3070 54 23 both
2153 3069 67 24 bluffs
2233 3071 19 22 is
2266 3071 63 23 three
2339 3070 72 23 miles.
2437 3069 52 24 The

1901 3103 68 23 beach
1981 3103 100 23 between
2094 3103 59 24 them
2166 3103 20 23 is
2198 3104 80 30 sandy,
2292 3104 44 23 and
2346 3104 19 22 is
2379 3102 107 24 bordered

1900 3136 29 30 by
1942 3137 40 22 low
1995 3137 61 24 hills.
2094 3136 57 23 This
2165 3136 57 23 inlet
2234 3137 20 22 is
2268 3138 24 21 of
2307 3145 14 16 a
2332 3144 52 23 very
2398 3137 91 30 regular

1900 3170 151 23 semicircular
2071 3169 65 28 form,
2162 3170 44 22 a\id
2223 3170 71 24 forms
2317 3170 38 25 the
2377 3170 111 31 principal

1901 3203 102 28 harbour,
2012 3203 73 23 called
2092 3202 124 31 Waitangi.
2254 3204 72 23 From,
2336 3203 37 25 the
2382 3203 107 23 northern

1899 3236 59 24 bluff
1967 3236 36 23 the
2015 3236 72 23 beacli
2099 3236 65 30 again
2177 3236 106 26 becomes
2296 3237 69 30 sandy
2379 3236 34 23 for
2425 3243 62 16 some

1900 3269 71 26 miles,
1984 3269 44 23 and
2040 3269 130 23 afterwards
2189 3269 80 31 rocky,
2282 3270 72 23 which
2367 3269 122 24 formation

1899 3302 17 23 it
1928 3303 82 22 retains
2023 3307 22 18 to
2054 3302 38 23 the
2104 3302 136 24 north-west
2252 3304 64 31 point
2323 3304 25 22 of
2355 3303 35 23 the
2401 3302 86 28 Island,

1898 3335 78 31 giving
1987 3337 44 21 rise
2040 3339 22 19 to
2071 3335 50 24 four
2132 3343 89 16 narrow
2233 3336 64 32 bays,
2311 3336 61 23 three
2381 3335 24 23 of
2416 3335 71 24 which

1898 3376 37 16 are
1948 3368 57 25 close
2024 3368 103 31 together
2137 3378 6 18 ;
2164 3368 38 25 the
2214 3369 76 24 fourth
2304 3370 19 23 is
2342 3377 52 15 near
2414 3373 21 18 to
2449 3368 39 23 the

1899 3401 133 23 north-west
2047 3403 73 28 point.
2156 3401 78 25 These
2254 3403 54 31 bays
2322 3410 55 23 open
2390 3407 22 17 to
2425 3401 60 25 S.E,

1898 3434 29 30 by
1939 3434 39 28 E.,
1991 3434 45 24 and
2049 3439 42 18 two
2105 3435 24 22 of
2139 3434 61 25 thorn
2214 3443 38 16 are
2265 3436 58 30 good
2334 3435 117 23 harbours.

1931 3475 48 23 The
1997 3475 100 32 straight
2108 3476 101 23 distance
2223 3476 57 23 from
2300 3477 37 22 the
2352 3474 134 25 south-west

1897 3514 22 17 to
1932 3508 37 24 the
1976 3509 137 24 north-west
2125 3510 64 30 point
2196 3510 26 22 of
2233 3510 37 22 the
2284 3509 77 23 Islan/1
2374 3509 19 21 is
2401 3513 84 26 twenty

1897 3542 42 23 five
1951 3542 65 24 mites
2024 3551 6 19 ;
2050 3542 120 24 measured
2185 3542 69 31 along
2273 3542 37 23 the
2329 3540 69 25 beach
2417 3541 69 23 about

1897 3575 58 33 forty
1967 3575 73 28 miles,
2059 3575 58 23 from
2137 3575 74 23 which
2232 3576 17 23 it
2268 3582 94 25 appears
2381 3573 49 25 that
2448 3573 37 25 the.

1896 3608 64 30 bight
1971 3608 71 24 forms
2059 3617 13 14 a
2084 3608 55 30 deep
2153 3616 78 15 curve.

1930 3648 49 23 The
1993 3647 109 24 northern
2121 3648 47 23 side
2188 3648 26 24 of.
2236 3648 39 24 the
2295 3647 74 24 island
2388 3653 54 16 runs
2461 3647 24 23 in

1895 3681 54 31 long
1962 3681 69 31 slight
2043 3688 80 16 curves
2134 3689 26 15 or
2171 3681 78 30 bights
2262 3680 77 31 uearly
2358 3680 58 24 from
2428 3685 57 18 west

1896 3719 24 18 to
1932 3718 47 19 east
1987 3723 6 19 ;
2015 3714 96 23 towards
2122 3714 38 24 the
2173 3718 55 20 west
2240 3713 38 24 the
2290 3713 78 25 shores
2386 3720 38 16 are
2436 3713 49 27 flat,

1896 3746 37 24 the
1946 3746 53 24 ends
2012 3747 26 23 of
2049 3747 38 23 the
2099 3746 76 31 bights
2187 3747 103 29 running.
2307 3751 39 20 ouj
2365 3746 46 22 into
2430 3745 55 30 long

1896 3779 90 25 wooded
2007 3784 95 26 tongues
2122 3780 24 24 of
2163 3779 61 24 land.
2268 3779 79 25 About
2364 3782 37 20 ten
2419 3778 66 23 miles

1895 3813 59 23 from
1967 3812 36 23 the
2016 3812 135 24 north-west
2163 3813 67 29 point
2239 3820 13 15 a
2264 3820 72 23 group
2344 3812 25 24 of
2375 3811 110 31 irregular

1895 3845 53 24 bills
1962 3845 18 23 is
1992 3845 107 28 situated,
2116 3844 73 24 which
2208 3844 63 24 show
2290 3853 13 16 a
2321 3845 70 30 rocky
2410 3846 70 29 preci-

1895 3878 50 32 pice
1957 3878 97 24 towards
2066 3878 40 24 the
2116 3886 46 20 sea,
2181 3878 59 23 from
2254 3878 37 23 the
2304 3878 46 24 foot
2369 3877 25 24 of
2412 3877 73 25 which,

1895 3921 14 15 a
1921 3911 98 33 landspit
2031 3919 56 18 runs
2100 3916 39 19 out
2150 3911 56 24 with
2226 3911 40 24 flat
2285 3911 86 26 shores.
2409 3910 77 27 These

1895 3945 56 25 hills
1963 3953 37 16 are
2013 3944 73 24 called
2099 3945 103 29 Maunga
2216 3945 41 23 nui
2275 3942 51 32 (the
2337 3943 55 31 high
2404 3951 83 17 raun

1295 126 73 24 which
1380 127 60 24 such
1448 136 14 15 a
1471 128 112 30 purchase
1594 128 75 30 might
1687 127 28 24 be
1728 127 114 32 supposed
1860 132 22 19 to

1295 160 61 23 clash
1369 161 20 22 is
1400 160 36 23 his
1448 160 123 30 allegiance
1583 165 24 19 to
1618 161 38 23 the
1669 160 126 31 Sovereign
1807 161 26 23 of
1845 160 37 24 his

1295 200 48 16 own
1356 193 73 23 State.
1466 193 66 28 This,
1544 193 18 23 it
1574 194 19 22 is
1607 197 55 24 true,
1690 198 82 19 cannot
1835 193 47 24 dis-

1295 226 77 23 solved
1382 226 42 23 but
1435 226 29 31 by
1477 233 63 16 some
1553 226 56 23 such
1627 226 87 23 mutual
1731 231 48 19 acts
1799 234 25 15 as
1843 235 39 14 oc-

1295 258 80 24 curred
1393 263 23 19 at
1490 263 71 26 treaty
1581 259 101 23 between
1702 259 72 23 Great
1793 259 89 23 Britain

1295 291 44 23 and
1348 291 38 24 the
1405 291 89 24 United
1513 292 85 29 States,
1626 291 123 31 declaring'
1760 292 38 23 the
1817 292 64 23 inde-

1294 324 115 31 pendence
1421 325 26 23 of
1461 324 38 24 the
1509 325 76 23 latter.
1622 324 23 24 It
1657 332 46 16 was
1714 324 54 24 held
1780 325 23 23 in
1810 325 72 23 refer-

1295 364 54 16 ence
1361 361 23 19 to
1403 362 71 26 treaty
1499 358 24 22 in
1546 364 59 17 doe.
1631 365 64 16 dem.
1720 357 111 24 Thomas
1855 365 24 16 v.

1295 389 119 29 Acklam,
1428 392 14 22 2
1456 391 19 22 B
1488 390 22 23 &
1525 390 35 28 C,
1575 391 56 27 779,
1653 390 48 23 that
1719 398 14 15 a
1751 390 89 31 subject
1858 391 24 23 of

1295 422 36 23 the
1345 423 88 23 United
1445 424 84 28 States,
1548 423 87 30 though
1652 423 130 31 previously
1802 427 22 19 to
1843 423 37 23 the

1295 459 73 27 treaty
1379 464 14 15 a
1403 456 160 23 natural-born
1576 456 86 23 British
1675 456 96 31 subject,
1780 456 99 28 became,

1294 488 57 24 after
1370 489 57 23 such
1448 493 80 27 treaty,
1553 496 29 16 an
1605 489 58 23 alien
1687 489 52 23 with
1759 489 81 31 regard
1858 494 22 18 to

1295 520 72 25 Great
1378 522 97 23 Britain.
1513 522 58 23 This
1589 529 45 16 was
1653 522 94 23 decided
1763 528 60 25 upon
1842 522 38 23 the

1295 558 68 20 terms
1376 555 25 23 of
1417 554 37 24 the
1466 558 82 27 treaty,
1560 554 42 24 but
1617 555 18 23 it
1653 562 46 16 was
1719 558 23 20 at
1761 555 37 23 the
1819 562 61 16 same

1294 586 53 25 time
1360 588 48 23 said
1421 588 29 31 by
1463 588 37 23 the
1511 588 79 28 Court,
1610 587 49 24 that
1678 588 21 23 if
1713 587 38 24 the
1768 588 112 30 language

1294 620 25 22 of
1334 620 38 24 the
1385 626 72 25 treaty
1468 620 46 24 had
1527 621 55 23 been
1601 619 110 30 doubtfnl,
1731 620 38 24 the
1788 628 92 16 incon-

1294 660 132 17 venience
1446 654 86 30 arising
1547 653 59 24 from
1623 654 95 23 citizens
1737 653 68 31 being
1826 654 53 23 sub-

1291 685 59 32 jects
1363 687 25 23 of
1403 692 43 18 two
1462 686 93 24 distinct
1578 686 45 24 and
1640 686 152 31 independent
1810 692 70 18 states

1294 723 22 18 at
1327 719 39 23 the
1379 727 62 16 same
1453 720 62 28 time,
1529 720 74 23 would
1614 719 57 24 have
1690 720 57 23 been
1767 719 113 24 sufficient

1295 759 78 16 reason
1381 753 35 23 for
1428 753 29 23 its
1469 754 91 28 coming
1571 758 23 18 to
1607 752 37 24 the
1656 760 62 16 same
1731 752 107 24 decision.

1327 785 51 23 The
1395 793 211 16 inconvenience
1627 786 24 23 of
1666 793 14 16 a
1688 787 4 3 '
1699 786 80 23 double
1799 786 80 31 allegi-

1294 825 54 16 ance
1361 826 45 16 was
1419 818 52 24 here
1483 818 91 24 alluded
1586 825 30 21 to,
1629 819 42 23 but
1682 819 18 22 it
1711 819 91 23 seemed
1814 824 22 18 to
1853 819 27 23 be

1294 851 109 24 admitted
1415 852 48 23 that
1474 852 57 23 such
1543 859 28 16 an
1584 851 132 31 allegiance,
1730 852 150 30 abstractedly

1294 884 137 28 considered,
1446 893 43 15 was
1502 885 97 30 nothing
1617 893 62 15 more
1699 884 54 24 than
1774 886 106 22 inconve-

1293 918 70 27 nient,
1381 917 44 24 and
1436 919 23 22 in
1472 918 38 23 the
1522 924 130 24 arguments
1665 922 23 18 at
1699 917 38 24 the
1758 918 39 23 bar
1815 926 63 15 seve-

1294 950 30 23 ral
1334 951 132 23 authorities
1479 959 57 15 were
1549 950 58 24 cited
1620 956 21 18 to
1654 950 62 24 show
1730 951 47 23 that
1794 959 14 15 a
1827 959 51 15 man

1294 984 72 30 might
1383 985 27 22 be
1516 992 80 15 fidem
1621 992 134 17 utuusque

1293 1014 93 32 (Calvin
1410 1025 57 21 case,
1487 1020 23 26 7,
1525 1018 40 23 Co.
1583 1021 21 21 1.
1648 1018 66 23 Craw
1734 1025 19 16 v.
1768 1018 109 30 Ramsay,

1293 1049 86 31 Vaug.,
1393 1053 56 26 274,
1462 1059 84 23 among
1557 1051 98 30 others.)
1699 1051 139 23 Blackstone
1858 1051 20 23 is

1294 1087 21 18 to
1327 1084 38 23 the
1374 1092 61 15 same
1447 1084 74 23 effect.
1558 1084 86 23 Indeed
1664 1084 63 23 there
1746 1084 19 23 is
1783 1084 97 30 nothing

1294 1123 170 18 necessarily
1478 1122 128 27 repugnant
1618 1117 23 23 in
1654 1117 150 30 maintaining
1822 1117 56 23 alle-

1292 1150 78 30 giance
1394 1155 22 18 to
1436 1156 41 18 two
1496 1156 79 23 states,
1602 1150 74 23 whilst
1696 1150 57 23 their
1773 1151 105 23 interests

1292 1190 36 16 are
1347 1188 39 19 not
1405 1184 144 30 conflicting;
1570 1191 61 23 upon
1650 1183 38 23 the
1706 1183 121 31 becoming
1845 1192 33 19 so,

1293 1215 35 24 the
1342 1218 56 29 peril
1417 1218 26 22 of
1464 1217 38 23 the
1522 1218 108 22 situation
1650 1218 19 22 is
1689 1221 23 19 at
1730 1216 38 24 the
1788 1216 48 24 risk
1856 1217 25 23 of

1292 1249 46 23 him
1351 1249 49 23 who
1412 1250 42 22 has
1465 1250 83 22 chosen
1561 1256 23 16 to
1597 1251 63 21 incur
1673 1250 24 22 it.

1325 1283 54 29 But,
1391 1284 28 23 be
1433 1284 43 23 this
1495 1292 26 15 as
1540 1284 18 22 it
1576 1291 60 23 may,
1659 1282 10 24 I
1692 1291 35 15 am
1746 1283 26 23 of
1787 1284 91 30 opinion

1293 1314 47 25 that
1360 1315 36 25 the
1415 1317 112 30 purchase
1546 1317 24 23 of
1594 1316 53 24 land
1667 1317 28 30 by
1717 1317 87 23 British
1824 1317 54 23 sub-

1289 1348 59 31 jects
1361 1350 24 23 in
1397 1358 13 15 a
1423 1350 98 31 Foreign
1534 1354 58 19 state
1603 1350 20 23 is
1635 1355 48 23 not,
1701 1357 50 16 per
1770 1357 38 20 se,
1829 1350 49 23 ille-

1292 1383 36 29 gal
1338 1392 6 18 ;
1365 1383 43 23 and
1421 1391 24 15 as
1461 1388 22 18 to
1509 1383 37 23 the
1558 1383 110 30 illegality
1681 1383 24 23 of
1719 1383 124 31 purchases
1855 1384 23 22 in

1294 1415 55 24 New
1373 1416 107 28 Zealand,
1506 1417 12 23 I
1541 1425 36 15 am
1607 1416 103 31 strougly
1737 1416 98 23 inclined
1856 1421 22 18 to

1294 1448 64 24 think
1372 1450 48 23 that
1432 1450 36 23 the
1481 1454 70 20 terms
1570 1449 26 24 of
1611 1451 37 21 the
1669 1449 102 25 Queen's
1789 1449 89 31 procla-

1293 1483 82 23 mation
1384 1483 124 31 expressly,
1516 1482 108 32 although
1633 1482 159 31 conditionally
1801 1490 77 23 recog-

1292 1516 76 31 nising
1387 1516 64 24 those
1466 1516 132 31 purchases,
1619 1521 92 18 amount
1730 1520 22 18 to
1772 1524 14 14 a
1805 1515 73 24 decla-

1293 1550 72 22 ration
1386 1550 25 23 of
1426 1550 57 23 their
1501 1550 92 30 legality
1603 1558 6 19 ;
1630 1557 25 16 so
1675 1549 34 23 far
1728 1554 23 18 at
1769 1549 65 29 least,
1854 1557 24 15 as

1292 1581 123 31 allegiance
1427 1583 19 23 is
1458 1583 112 23 involved.

1326 1616 94 25 Query
1433 1618 22 21 2.
1494 1616 34 24 As
1542 1621 20 18 to
1576 1616 45 23 this
1635 1623 78 24 queiy,
1730 1623 38 23 my
1786 1616 92 31 opinion

1293 1649 18 22 is
1328 1650 25 22 in
1372 1649 38 23 the
1429 1649 141 24 affirmative.
1614 1649 111 30 Treating
1745 1649 57 23 New
1821 1649 57 23 Zea-

1292 1681 52 24 land
1367 1691 25 15 as
1419 1691 28 15 an
1470 1683 152 31 independent
1641 1687 57 18 state
1721 1682 106 31 acquired
1849 1682 31 31 by

1293 1716 95 27 cession,
1412 1715 9 23 I
1441 1716 131 31 apprehend
1591 1715 48 23 that
1657 1714 90 31 (unless
1760 1715 118 24 otherwise

1293 1748 132 32 stipulated)
1449 1749 37 23 the
1510 1750 53 22 laws
1596 1748 152 30 immediately
1772 1749 23 22 in
1819 1749 60 24 force

1293 1782 72 23 would
1382 1783 28 22 be
1429 1783 37 23 the
1490 1782 54 23 laws
1563 1782 26 23 of
1612 1783 36 22 the
1672 1787 96 25 country
1793 1787 23 18 at
1840 1782 38 24 the

1294 1815 52 25 ti/ne
1358 1816 25 22 of
1398 1816 29 23 its
1448 1816 96 23 cession.
1581 1815 66 23 Even
1725 1815 37 23 the
1782 1823 51 15 case
1855 1817 25 22 of

1292 1856 28 16 an
1332 1849 78 23 infidel
1550 1857 25 15 as
1588 1856 45 16 was
1651 1848 48 23 said
1718 1849 23 22 in
1762 1848 116 24 Blankar.l

1294 1889 19 16 v.
1325 1882 87 30 Guldy,
1431 1884 14 21 2
1457 1882 67 23 Salk.
1545 1884 57 26 411,
1646 1882 59 22 their
1716 1882 54 23 laws
1784 1882 29 30 by
1825 1889 53 16 con-

1293 1920 65 25 quest
1370 1916 27 22 do
1417 1920 39 18 not
1476 1915 96 31 entirely
1592 1922 71 20 cease,
1684 1915 41 23 but
1748 1915 54 30 only
1823 1915 56 23 such

1292 1956 24 15 as
1330 1956 37 15 are
1380 1949 88 29 against
1487 1949 38 22 the
1543 1948 54 23 laws
1611 1949 25 22 of
1652 1948 69 23 God.'
1723 1948 5 9 1
1777 1948 26 23 If
1818 1948 62 24 there

1283 1976 37 30 ;*&
1337 1988 28 14 no
1384 1982 50 22 law.
1453 1982 38 21 the
1511 1981 47 22 rule
1577 1981 26 22 of
1617 1980 88 23 natural
1726 1981 79 30 equity
1822 1982 18 21 is
1857 1985 23 19 to

1292 2013 92 28 prevail.
1421 2013 43 23 See
1476 2015 16 21 4
1506 2013 69 23 Mod.
1590 2013 64 23 Rep.
1664 2014 75 27 22-2,2
1748 2013 28 23 P.
1788 2013 36 23 W.
1839 2015 39 26 75,

1292 2045 44 23 and
1355 2045 142 24 Campbell
1522 2053 21 15 v.
1565 2045 82 27 Hall,
1680 2045 120 24 Cowper.
1821 2048 56 22 209.

1326 2078 94 25 Query
1434 2081 21 21 3.
1493 2078 35 24 As
1541 2083 22 19 to
1584 2079 37 22 the
1638 2078 66 24 effect
1723 2077 24 24 of
1770 2079 37 23 the
1826 2087 53 23 pro-

1292 2111 127 27 clamation,
1434 2112 42 23 &c.
1519 2112 11 23 I
1549 2112 132 31 apprehend
1697 2112 19 23 it
1735 2112 86 31 applies
1840 2117 40 19 not

1288 2145 57 30 -only
1359 2149 22 19 to
1394 2145 30 23 all
1441 2145 67 23 lands
1527 2153 51 15 now
1596 2145 53 23 held
1667 2145 30 31 by
1718 2145 87 23 British
1823 2145 56 23 sub-

1289 2176 59 32 jects
1372 2180 23 21 in
1422 2178 53 24 New
1499 2178 108 28 Zealand,
1627 2178 42 23 but
1688 2178 74 23 which
1780 2186 53 23 may
1850 2179 29 24 be

1292 2211 106 32 acquired
1413 2211 23 23 in
1459 2219 45 24 any
1518 2217 49 26 part
1584 2211 24 23 of
1631 2211 56 24 New
1707 2211 101 24 Zealand
1827 2220 53 16 over

1292 2244 73 24 which
1384 2245 38 23 the
1448 2253 75 16 crown
1541 2253 52 23 may
1612 2246 90 30 acquire
1721 2244 38 24 the
1777 2245 62 31 right
1857 2246 24 23 of

1292 2279 158 31 sovereignly,
1464 2279 45 23 and
1521 2279 20 23 if
1556 2279 37 23 the
1605 2279 162 30 proclamation
1779 2278 42 24 has
1835 2286 45 23 any

1292 2310 59 24 force
1363 2312 23 23 in
1400 2312 81 30 regard
1492 2317 23 18 to
1535 2311 37 24 the
1591 2312 53 23 land
1662 2311 93 31 already
1774 2312 106 31 acquired

1292 2343 52 31 (but
1356 2345 73 23 which
1441 2345 92 27 denied)
1546 2352 16 17 A
1581 2352 120 17 fortieri
1720 2345 45 23 will
1789 2345 18 23 it
1826 2353 53 24 ope-

1292 2383 47 18 rate
1351 2386 26 15 as
1390 2383 22 18 to
1425 2378 53 24 land
1496 2378 107 32 acquired
1618 2378 163 32 subsequently
1801 2383 21 19 to
1842 2378 38 25 the

1292 2411 50 23 date
1355 2411 26 24 of
1396 2411 38 24 the
1446 2412 172 29 proclamation.

1332 2444 94 26 Query
1446 2448 23 21 4.
1508 2446 132 31 Supposing
1657 2444 38 24 the
1714 2444 123 32 purchases
1857 2450 22 19 to

1291 2477 27 23 be
1330 2477 68 32 legal,
1414 2479 10 23 I
1443 2486 37 16 am
1502 2479 24 23 of
1548 2479 92 31 opinion
1659 2478 49 24 that
1727 2478 54 32 they
1799 2484 80 18 cannot

1291 2510 29 24 be
1333 2512 136 23 invalidated
1481 2512 30 31 by
1528 2512 38 23 the
1586 2512 102 25 Queen's
1706 2512 172 31 proclamation.

1292 2544 104 32 Nothing
1409 2546 19 22 is
1447 2554 63 15 more
1527 2545 59 25 clear
1606 2545 55 23 than
1679 2545 49 23 that
1740 2545 37 23 the
1790 2545 89 31 procla-

1292 2578 85 23 mation
1401 2578 25 24 of
1447 2579 38 23 the
1516 2579 117 30 sovereign
1658 2579 20 22 is
1698 2582 40 19 not
1760 2578 50 29 law,
1835 2579 44 23 and

1292 2617 83 18 cannot
1385 2611 67 25 make
1464 2613 52 22 law.
1552 2612 51 24 Tiie
1615 2611 131 32 legislature
1754 2611 65 25 alone
1835 2619 44 16 can

1294 2643 26 24 do
1335 2644 54 23 this.

1327 2677 94 26 Query
1434 2681 22 21 5.
1494 2679 35 23 As
1546 2683 22 19 to
1589 2678 38 24 the
1645 2677 68 25 effect
1730 2678 25 23 of
1770 2677 38 25 the
1826 2686 53 23 pro-

1293 2711 119 24 clamation
1431 2713 22 22 in
1479 2712 123 32 legalizing
1620 2712 38 23 the
1677 2716 36 18 act
1735 2712 25 23 of
1781 2711 98 31 purcha-

1292 2744 52 31 sing
1354 2745 54 23 land
1419 2746 23 22 in
1456 2745 57 23 New
1530 2745 108 23 Zealand.
1683 2745 11 23 I
1714 2744 57 24 have
1790 2745 89 31 already

1292 2778 122 30 expressed
1426 2787 37 21 my
1476 2779 90 29 opinion
1581 2778 47 23 that
1637 2779 18 22 it
1668 2785 48 16 has
1730 2778 55 23 such
1805 2778 73 23 effect.

1327 2810 11 24 I
1353 2818 36 16 am
1403 2812 24 22 of
1442 2813 92 30 opinion
1552 2812 48 23 also
1619 2811 49 23 that
1685 2811 38 23 the
1745 2811 94 32 passing
1858 2811 24 24 of

1292 2851 26 16 an
1332 2848 36 21 act
1380 2849 22 20 to
1416 2845 87 23 declare
1514 2846 63 22 ihese
1594 2845 125 32 purchases
1730 2845 51 23 void
1794 2845 18 22 is
1825 2852 54 15 con-

1292 2881 61 27 trary
1367 2883 21 17 to
1401 2878 87 24 British
1502 2879 48 28 law,
1565 2878 43 24 and
1619 2883 22 18 to
1660 2878 37 23 the
1716 2878 122 31 principles
1857 2878 25 23 of

1292 2909 36 24 the
1340 2911 87 23 British
1440 2912 155 23 constitution.
1632 2911 50 24 The
1701 2911 138 30 deprivation
1857 2911 25 22 of

1292 2951 12 14 a
1315 2944 74 22 man's
1402 2944 38 24 life
1452 2953 24 15 or
1488 2951 108 24 property
1607 2944 30 31 by
1655 2952 44 23 any
1719 2945 63 22 other
1802 2952 77 15 means

1292 2976 52 23 than
1368 2977 37 23 the
1424 2978 113 30 judgnent
1561 2978 25 21 of
1609 2977 35 22 his
1668 2984 64 23 peers
1768 2978 23 21 in
1815 2977 64 22 other

1292 3010 79 28 words,
1384 3011 30 28 by
1427 3019 13 14 a
1448 3011 54 30 jury
1516 3010 25 22 of
1555 3010 36 22 his
1605 3015 94 25 country
1734 3010 19 22 is
1762 3010 116 31 expressly

1290 3043 108 30 provided
1417 3044 95 30 against,
1530 3043 28 29 by
1582 3042 88 31 Magna
1693 3043 93 22 Charta.
1823 3042 24 23 It
1858 3043 20 22 is

1290 3081 129 18 monstrous
1429 3082 22 18 to
1464 3076 97 23 contend
1574 3076 48 25 tint
1633 3084 14 15 a
1666 3075 94 24 colonial
1781 3075 97 24 Council

1290 3109 130 23 nominated
1431 3110 29 30 by
1473 3109 38 23 the
1526 3109 81 23 Crown
1620 3117 42 15 can
1674 3108 83 34 legally
1775 3116 54 24 pass
1849 3117 27 15 an

1290 3147 36 18 act
1339 3146 21 19 to
1371 3143 96 30 .deprive
1487 3151 14 14 a
1518 3142 89 30 subject
1626 3142 25 23 of
1672 3141 36 24 his
1728 3147 107 28 property
1854 3142 23 23 in

1290 3175 37 23 the
1339 3175 106 24 colonies.
1481 3175 51 24 The
1546 3175 86 26 British
1652 3175 135 33 parliament
1805 3175 73 31 might

1290 3213 93 19 venture
1407 3217 59 24 upon
1486 3209 39 23 the
1549 3210 96 30 passing
1664 3210 24 21 of
1706 3209 54 22 such
1781 3216 27 16 an
1833 3213 43 23 act,

1290 3242 40 23 but
1342 3250 55 15 even
1410 3248 23 18 at
1451 3242 59 25 their
1532 3241 74 26 hands
1629 3243 18 23 it
1669 3241 73 24 would
1764 3242 29 23 be
1817 3246 60 19 most

1290 3275 85 30 unjust.

1340 3308 70 31 Upon
1440 3309 38 23 the
1506 3316 62 16 same
1595 3308 111 32 principle
1734 3307 17 23 it
1781 3315 95 24 appears

1289 3341 89 31 equally
1409 3342 203 23 unconstitutional
1643 3341 48 23 that
1723 3340 37 23 the
1794 3340 81 24 Crown

1290 3374 80 24 should
1381 3375 28 23 be
1421 3375 29 23 its
1463 3383 50 15 own
1523 3375 84 23 arbiter
1619 3383 25 15 as
1657 3380 21 17 to
1699 3373 38 24 the
1757 3379 78 18 extent
1854 3374 23 22 of

1289 3407 24 23 of
1328 3406 54 25 land
1395 3408 70 23 which
1478 3409 19 22 it
1509 3408 44 23 will
1573 3408 82 31 permit
1675 3412 20 19 to
1721 3407 27 24 be
1770 3406 52 24 held
1844 3407 31 32 by

1289 3441 28 22 its
1329 3440 108 31 subjects,
1450 3441 59 24 after
1525 3449 44 24 any
1588 3445 78 19 extent
1683 3441 42 23 has
1744 3441 56 22 been
1820 3448 55 16 once

1288 3473 82 31 legally
1382 3474 114 32 acquired.
1532 3474 132 30 Admitting
1675 3474 49 23 that
1739 3474 37 23 the
1790 3473 83 24 Crown

1288 3506 40 24 has
1340 3514 75 23 power
1432 3513 22 17 to
1473 3507 75 24 lessen
1567 3507 56 23 such
1641 3511 78 19 extent
1737 3512 23 18 at
1783 3506 37 29 all,
1845 3514 28 16 on

1289 3539 36 23 the
1351 3544 104 26 pretence
1472 3542 27 21 of
1520 3540 126 31 advancing
1671 3540 37 23 the
1726 3540 107 23 interests
1851 3540 26 22 of

1289 3572 36 23 the
1354 3575 148 29 community,
1526 3581 13 15 a
1565 3573 54 32 jury
1648 3573 58 23 from
1735 3573 49 23 that
1811 3580 62 16 com-

1288 3605 95 31 munity,
1414 3607 42 22 aud
1469 3612 40 18 not
1521 3607 25 22 of
1567 3606 37 23 the
1618 3607 83 22 Crown
1713 3606 68 28 itself,
1802 3606 72 30 ought

1288 3643 20 18 to
1334 3638 27 23 be
1384 3638 38 24 the
1447 3639 84 32 judges
1555 3640 25 23 of
1605 3640 39 22 the
1668 3640 63 30 point
1749 3643 23 19 to
1800 3639 73 23 which

1288 3671 54 24 such
1362 3671 143 30 diminution,
1523 3673 19 22 if
1557 3680 51 22 any,
1622 3673 72 29 ought
1702 3677 23 18 to
1737 3672 28 23 be
1778 3672 93 23 carried.

1320 3711 84 28 These,
1423 3712 111 28 however,
1555 3713 44 23 and
1622 3720 68 24 many
1713 3712 64 25 other
1795 3713 78 22 obser-

1288 3744 86 23 vations
1393 3745 47 23 that
1459 3746 73 31 might
1556 3746 28 22 be
1607 3746 72 28 made,
1704 3753 37 15 are
1762 3746 46 23 less
1831 3753 42 15 ex-

1289 3777 99 31 pressive
1400 3778 26 23 of
1440 3786 38 22 my
1491 3779 91 31 opinion
1594 3786 28 15 on
1635 3787 13 16 a
1659 3778 123 30 particular
1800 3779 71 32 point,

1288 3810 53 24 than
1365 3810 26 23 of
1417 3811 37 22 the
1479 3815 132 26 arguments
1640 3811 73 23 which
1743 3810 73 31 might
1845 3810 28 23 be

1287 3843 100 24 adduced
1410 3843 31 23 in.
1457 3848 96 27 support
1575 3844 26 22 of
1615 3852 14 15 a
1652 3843 91 31 general
1771 3844 56 23 view
1850 3845 23 21 of

1288 3877 36 24 the
1346 3876 102 31 question
1485 3885 13 15 a
1527 3877 104 30 question
1662 3876 88 29 indeed,
1777 3876 25 24 of
1835 3876 38 24 the

1287 3909 92 32 deepest
1390 3910 146 32 importance,
1557 3909 53 25 both
1629 3918 26 16 as
1675 3909 92 32 regards
1787 3911 86 31 private

1287 3943 43 25 and
1347 3942 78 31 public
1442 3942 69 31 right,
1531 3943 45 24 and
1593 3943 74 25 which
1684 3949 91 23 cannot,
1795 3944 78 24 within

95 2516 50 24 The
157 2516 115 30 following
284 2517 111 25 opinions,
534 2516 57 22 from
612 2516 37 23 the

255 2557 24 23 of
298 2557 60 23 June
382 2556 53 26 20.)
455 2556 94 24 relative
570 2561 22 18 to
613 2556 36 23 the

60 2596 60 23 titles
133 2601 22 19 to
164 2596 53 24 land
229 2597 109 30 purchase
342 2597 12 23 \
361 2596 59 24 from
432 2597 39 23 the
485 2597 76 23 native
570 2596 78 24 Chiefs

61 2636 25 22 of
100 2636 57 23 New
170 2636 105 28 Zealand,
288 2637 46 23 will
345 2637 29 23 be
394 2637 56 23 read
461 2637 53 23 with
534 2642 64 23 great
615 2637 34 23 in-

61 2679 68 21 terest
145 2677 30 30 by
187 2686 94 21 persons
294 2677 123 24 connected
430 2677 52 23 with
496 2677 46 23 this
559 2677 87 30 colony.

95 2715 28 25 In
140 2718 108 29 perusing
270 2718 39 24 the
335 2718 133 23 documents
493 2718 73 22 which
591 2717 57 24 have

60 2747 56 25 been
135 2750 121 24 submitted
273 2755 24 19 to
314 2759 37 15 me
368 2752 23 22 in
409 2750 47 24 this
469 2759 60 15 case.
566 2751 13 23 T
592 2751 56 24 have

60 2781 56 25 been
126 2784 66 23 much
205 2784 114 31 surprise!
328 2789 24 18 at
363 2784 38 23 the
413 2784 179 24 inconsistences
601 2784 47 24 dis-

60 2815 78 31 played
157 2817 22 23 in
197 2817 40 23 the
254 2818 114 27 language
387 2817 43 23 and
449 2817 96 26 conduct
565 2817 25 26 of
611 2818 37 23 the

62 2847 74 26 Home
149 2850 163 28 Government,
324 2850 73 23 which
412 2850 12 22 T
438 2858 41 15 can
492 2850 53 25 only
552 2857 96 18 account

61 2881 32 24 for
102 2883 31 31 by
142 2884 125 27 supposing
274 2884 49 23 that
333 2883 38 23 the
380 2891 78 15 fmrse
467 2883 107 24 intended
586 2888 23 18 to
620 2884 28 23 he

59 2916 98 29 pursued
167 2916 29 31 by
210 2916 38 24 the
262 2921 93 19 nresent
367 2916 121 24 Ministers
500 2916 98 24 towarls
611 2917 37 24 the

60 2948 136 26 inhabitants
208 2949 43 24 and
262 2949 141 24 landowners
411 2950 27 22 of
448 2949 57 23 New
518 2949 99 24 Zea^nd
627 2951 21 22 is

60 2985 21 19 at
91 2984 103 23 variance
206 2983 52 23 with
276 2983 38 24 the
331 2982 124 29 principles
469 2984 25 22 of
509 2982 38 24 the
560 2984 86 23 British

60 3017 150 26 constitution,
224 3017 44 22 and
281 3020 129 28 repugnant
422 3020 23 19 to
456 3024 103 16 common
573 3024 73 19 sense,

59 3048 42 23 and
113 3049 48 23 that
177 3058 30 14 no
219 3051 105 26 specious
335 3050 58 23 form
406 3050 27 22 of
448 3050 73 23 words
533 3058 41 16 can
593 3058 54 16 con-

60 3081 43 23 ceal
116 3083 29 22 its
157 3083 113 26 iniustice.
307 3083 52 24 The
371 3083 87 26 ground
471 3083 63 23 work
547 3084 26 23 of
589 3083 58 24 their

60 3116 124 27 operations
191 3116 20 23 is
224 3117 107 23 admitted
343 3117 32 31 by
382 3117 61 23 thm
453 3121 22 19 to
486 3117 30 23 be
524 3117 38 24 the
574 3116 72 24 indis-

59 3148 89 29 putable
160 3149 48 24 title
215 3150 26 23 of
250 3150 38 23 the
301 3151 58 22 New
371 3150 101 25 Zealand
485 3150 80 24 Chiefs
573 3156 23 17 to
609 3151 37 24 the

60 3182 139 31 sovereignty
211 3183 25 22 of
246 3184 58 22 their
316 3191 50 15 own
380 3183 42 23 soil
429 3193 6 13 :
454 3192 29 15 on
495 3184 73 23 which
580 3192 66 16 sove-

60 3214 93 31 reignty,
171 3216 159 28 accompanied
347 3216 32 31 by
391 3224 13 15 a
415 3216 42 23 full
472 3217 44 23 and
535 3217 111 30 complete

60 3246 59 30 right
135 3248 25 24 of
175 3249 129 29 alienation,
322 3249 39 23 the
383 3249 86 23 British
490 3250 157 25 Government

59 3278 95 33 depends
161 3281 32 25 for
201 3290 14 16 a
222 3283 87 23 cession
318 3282 27 24 of
349 3283 106 30 territory
461 3284 23 22 in
492 3283 60 24 their
559 3284 86 29 favour,

60 3319 24 16 or
93 3314 75 24 rather
185 3323 14 16 a
211 3316 47 23 sale
270 3316 25 23 of
310 3315 39 24 ths
363 3315 54 24 laud
436 3316 43 23 and
497 3325 14 15 a
523 3318 87 22 cession
623 3319 25 22 of

59 3345 35 24 the
112 3347 72 30 rights
198 3349 26 23 of
239 3349 145 30 sovereignty
397 3348 101 24 hitherto
516 3351 130 23 excercised

58 3377 29 31 by
94 3379 63 25 those
166 3382 78 24 Chiefs
255 3390 52 16 over
315 3382 40 23 the
362 3382 62 23 land.
455 3382 37 31 By
500 3382 45 24 this
552 3391 93 19 process

60 3411 49 25 Her
126 3413 121 32 Majesty's
258 3415 180 29 representative
455 3417 21 22 is
493 3420 24 18 to
530 3417 90 30 acquire
631 3426 15 14 a

60 3451 73 19 locus
142 3455 91 18 standi
241 3450 23 23 in
274 3448 56 24 New
340 3448 108 25 Zealanl.
478 3448 52 24 The
541 3450 104 30 question

58 3477 51 25 then
128 3481 77 28 arises,
225 3482 60 24 what
305 3482 63 31 right
386 3482 26 24 of
435 3482 150 24 interference
606 3490 39 16 ras

58 3511 37 24 the
108 3513 84 25 British
206 3514 156 25 Government
373 3514 56 25 with
441 3515 87 23 British
544 3515 101 24 snbiects

58 3543 23 24 in
91 3544 73 26 lawful
177 3549 129 30 possession
319 3549 26 23 of
359 3548 66 24 lands
438 3549 22 23 in
474 3548 58 24 New
545 3548 99 24 Zealand

58 3575 28 32 by
97 3579 109 29 purchase
224 3580 58 27 from
301 3582 38 24 the
355 3581 81 25 Chiefs
443 3582 10 23 ?
490 3580 29 25 In
538 3582 67 23 order
621 3586 24 19 to

59 3617 84 19 answer
154 3613 45 26 this
211 3622 32 16 we
262 3620 61 19 must
333 3623 29 23 go
374 3615 89 25 further
472 3615 61 23 back
545 3615 45 23 and
603 3623 40 16 en-

59 3644 68 29 quire,
145 3645 106 30 whether,
269 3648 31 30 by
311 3657 82 15 reason
405 3649 27 24 of
446 3648 60 24 their
521 3648 124 26 allegiance

58 3679 22 20 to
90 3676 59 26 their
159 3681 125 28 sovereign,
298 3689 25 16 or
333 3682 32 29 by
376 3682 51 26 law,
441 3681 88 24 British
542 3681 101 30 subjects

58 3716 35 16 are
100 3712 124 24 restrained
229 3713 57 24 from
295 3714 95 29 making
396 3715 57 24 such
461 3715 131 31 purchases,
599 3715 44 23 and

57 3741 59 26 what
130 3746 167 26 constitutional
305 3752 62 27 steps
377 3748 39 24 the
432 3748 158 24 Government
601 3756 42 16 can

58 3781 48 17 now
117 3777 53 24 take
182 3779 22 23 in
222 3779 29 24 its
262 3785 93 25 present
368 3782 99 30 position
479 3786 24 19 to
514 3781 129 26 dispossess

57 3807 60 26 them
123 3809 10 24 ?
160 3810 65 25 With
236 3819 90 24 respect
337 3818 23 19 to
372 3814 38 24 the
421 3815 63 30 right
496 3815 27 23 of
537 3815 38 23 the
587 3822 54 23 pur-

58 3840 87 26 chasers
157 3845 44 22 and
212 3845 95 24 vendors
319 3854 25 15 as
356 3847 101 24 between
469 3847 137 24 themselves
619 3853 22 18 to

58 3881 83 24 convey
158 3878 45 23 and
224 3878 118 31 purchase,
358 3880 11 24 I
387 3880 28 24 do
439 3885 40 19 not
501 3881 68 24 think
592 3881 50 24 that

57 3906 36 26 the
114 3907 155 28 Government
290 3912 30 30 by
338 3913 32 23 its
396 3921 50 16 own
465 3913 111 37 showing,
596 3915 43 24 and

57 3939 67 32 being
133 3942 24 24 in
168 3951 30 16 no
208 3951 50 23 way
269 3946 66 29 privy
351 3949 23 21 to
391 3946 66 25 these
475 3936 123 40 contracts,
619 3949 20 24 is

757 43 127 32 THE
928 43 141 32 NEW
1125 40 311 35 ZEALAND
1481 42 326 33 GAZETTE.

1911 125 31 25 the
1964 133 68 25 scope
2050 127 27 23 of
2097 134 15 16 a
2135 134 60 16 mere
2217 127 150 31 professional
2390 127 100 31 opinion,

1911 160 78 23 receive
2002 159 29 23 all
2042 159 39 24 the
2094 160 165 23 consideration
2268 160 73 24 which
2348 162 18 22 it
2376 160 112 24 deserves.

1913 191 35 32 My
1960 192 90 31 opinion
2062 200 29 15 on
2104 192 37 24 the
2153 193 75 30 points
2245 198 43 26 put
2306 197 23 20 to
2347 201 36 16 me
2402 191 12 25 I
2433 192 71 24 have-

1910 224 73 31 briefly
2007 224 80 27 stated,
2116 225 40 23 but
2179 225 38 23 the
2238 233 94 16 reasons
2355 226 43 24 and
2422 233 70 23 argu-.
2500 247 5 4 .

1911 262 68 19 ments
1989 258 23 22 in
2029 263 96 25 support
2143 258 25 22 of
2183 258 148 31 thatopin.on
2366 258 124 31 involving,
2494 271 5 3 -

1910 297 20 16 as
1947 290 53 30 they
2017 290 35 28 do,
2077 291 38 22 the
2145 291 166 23 consideration
2340 291 25 24 of
2391 291 117 26 abstracts

1909 323 115 31 principles
2050 324 89 30 applied
2165 327 22 19 to
2206 331 30 15 no
2254 331 55 24 very
2327 324 97 27 defined,
2433 324 58 23 state
2504 339 3 4 -

1910 355 19 23 of
1950 357 57 22 facts
2041 361 61 18 must
2127 356 28 23 be
2179 357 120 30 obviously
2324 362 37 18 too
2381 357 109 24 manifold

1909 388 39 24 and
1972 388 112 24 elaborate
2113 394 22 18 to
2160 389 28 23 be
2206 389 107 31 required
2339 398 24 15 or
2381 390 109 30 expected

1910 421 18 24 in
1940 421 44 23 this
1996 421 72 31 place.

2109 454 160 24 WILLIAM
2287 454 203 26 A'BECKETT.

1909 486 53 24 June
1977 489 37 26 11,
2029 489 73 22 1840.

2120 593 156 25 ISLANDS.

1984 633 32 17 BY
2030 633 101 16 ERNEST
2144 633 192 20 DIEFFENBACH,
2353 635 53 16 M.D.

1910 558 229 26 DESCRIPTION
2158 560 44 24 OF
2222 560 74 24 THE
2315 559 173 25 CHATHAM

66 129 39 24 the
117 129 87 31 colony,
217 130 44 23 and
271 129 63 24 what
345 137 65 16 sums
421 135 33 16 we
472 127 59 23 have
547 127 104 24 received

65 162 32 31 by
108 169 49 23 way
170 164 25 22 of
210 171 13 15 a
243 170 49 16 per
304 169 101 17 contra
413 171 7 19 ;
439 162 43 22 but
500 167 41 16 our
559 165 92 26 present

67 195 75 31 object
149 196 28 28 is,
191 196 20 23 if
218 196 108 31 possible,
338 200 23 19 to
380 195 42 23 stir
441 202 31 23 up
485 201 40 15 our
538 192 113 31 apathetic

66 227 91 24 settlers
170 234 22 18 to
204 237 13 15 a
229 236 66 17 sense
314 229 24 23 of
353 228 60 23 what
431 226 20 24 is
471 226 43 23 due
533 230 23 19 to
577 225 74 24 them-

66 260 82 29 selves,
161 261 30 31 by
204 263 135 29 convincing
356 261 62 23 them
438 259 48 23 that
498 264 23 18 to
532 266 119 23 persevere

65 294 25 23 in
107 293 59 24 their
184 299 92 27 present
293 301 79 17 course
391 293 25 23 of
438 291 104 31 sluggish
561 291 90 24 indiffe-

66 333 74 22 rence,
166 328 135 30 submitting
323 326 94 24 without
434 329 171 19 remonstrance
627 332 24 15 or

64 360 125 23 resistance
207 365 23 19 to
248 360 38 24 the
309 360 59 31 yoke
392 359 25 23 of
431 358 39 24 the
492 357 158 28 task-master,

65 392 53 30 they
131 393 77 32 tacitly
220 394 70 23 invite
301 393 62 23 fresh
376 391 112 25 additions
498 396 21 18 to
528 390 38 24 the
578 390 73 31 heavy

64 425 87 24 burden
164 426 53 32 they
230 426 89 31 already
331 426 57 23 have
400 430 22 19 to
434 426 62 22 bear.
544 423 43 23 We
600 431 51 23 may

67 466 51 23 very
138 460 72 31 safely
227 464 94 19 venture
339 464 24 18 to
382 463 73 19 assert
474 458 48 23 that
544 456 64 24 there
632 458 19 22 is

65 496 41 19 not
117 501 29 16 on
159 492 77 24 record
246 501 28 15 an
287 493 102 22 instance
402 491 25 23 of
442 499 13 15 a
467 491 79 29 colony
560 491 91 30 spring-

64 525 41 30 ing
126 527 49 22 into
196 527 113 22 existence
333 525 53 23 with
412 524 57 23 such
495 523 104 31 rapidity,
627 531 24 15 or

64 559 113 30 attaining
187 564 23 19 to
222 558 56 24 such
290 567 14 14 a
318 558 55 31 high
394 558 91 26 station,
504 555 72 24 under
596 556 55 23 such

65 590 173 32 disadvantages
261 600 25 15 as
309 591 118 23 Australia
458 590 76 24 Felix.
589 588 61 24 Four

65 632 65 22 yeaTs
155 633 41 22 ago
216 625 38 24 the
271 625 88 24 natives
378 625 25 22 of
418 623 39 24 the
479 623 43 22 soil
545 622 46 23 and
614 625 37 20 the

62 656 78 25 beasts
152 659 26 23 of
192 658 38 24 the
243 659 69 23 forest
323 657 52 24 held
386 656 122 24 undivided
520 655 45 24 and
573 655 75 24 undis-

64 691 81 23 turbed
158 692 128 30 possession
300 692 24 22 of
338 691 39 23 the
389 690 53 23 land
451 699 6 18 ;
477 689 83 24 behold
573 689 16 23 it
602 696 48 16 now

64 732 13 15 a
88 724 135 31 flourishing
234 729 67 22 town,
314 724 38 23 the
359 731 64 23 germ
436 723 26 23 of
476 731 14 15 a
500 722 89 30 mighty
597 722 52 30 city,

64 757 45 24 and
119 766 15 15 a
153 762 94 26 country
269 756 90 31 already
382 757 101 29 teeming
502 755 55 23 with
578 755 72 23 flocks

64 790 45 24 and
128 790 77 24 herds.
249 790 53 28 But,
322 790 66 23 while
407 789 38 23 the
465 793 125 19 townsman
609 788 41 23 has

64 823 55 24 been
142 825 23 22 in
189 823 38 24 the
249 825 89 30 pursuit
362 823 25 23 of
403 822 89 27 wealth,
515 821 89 32 buying
627 829 23 15 or

64 856 83 32 selling
170 861 59 19 town
258 857 138 28 allotments,
427 863 26 16 or
476 855 116 31 following
614 854 36 23 his

63 889 106 25 business
182 898 24 16 or
217 890 90 31 calling,
321 889 44 24 and
377 889 66 24 while
456 889 38 23 the
512 888 80 24 settler
609 887 41 24 has

63 922 57 24 been
134 924 107 31 occupied
253 924 23 22 in
293 923 94 30 tending
404 923 36 22 his
460 922 73 23 flocks
552 921 45 23 and
615 920 35 24 his

63 955 67 25 herds
143 957 22 23 in
178 957 37 23 the
227 956 67 28 bush,
305 956 38 23 the
359 955 92 23 labours
471 954 26 24 of
511 953 54 24 both
585 953 65 24 tend-

63 990 41 30 ing
114 993 24 19 to
150 990 37 23 the
200 997 61 16 same
269 988 44 24 end
347 996 29 15 an
384 989 102 22 increase
495 987 25 23 of
535 992 113 26 property,

62 1030 14 15 a
88 1022 92 31 subject-
187 1022 26 24 of
228 1022 53 24 vital
294 1023 139 29 importance
446 1025 23 19 to
481 1020 38 28 all,
539 1020 42 22 has
592 1020 58 22 been

64 1056 111 30 forgotten
187 1064 25 15 or
225 1054 126 31 neglected.
388 1054 51 23 The
452 1057 93 20 amount
553 1052 98 23 realized

62 1089 57 23 from
132 1089 39 23 the
184 1089 46 23 sale
243 1088 24 24 of
284 1088 80 24 Crown
377 1087 66 23 lands
456 1087 23 23 in
497 1086 46 24 this
563 1086 87 23 district

63 1121 42 24 has
115 1121 58 24 been
185 1121 118 24 furnished
315 1120 90 32 chiefly,
424 1120 21 23 if
460 1124 40 19 not
517 1119 92 30 wholly,
620 1119 30 31 by

64 1155 38 23 the
114 1155 90 24 settlers
216 1155 45 23 and
279 1154 139 24 inhabitants
438 1153 26 24 of
478 1152 38 24 the
535 1153 113 30 province,

64 1188 43 23 and
130 1188 118 31 assuredly
270 1188 54 30 they
342 1187 57 24 have
417 1195 13 14 a
441 1186 62 31 right
522 1190 23 19 to
565 1185 85 24 control

64 1221 38 24 the
126 1221 148 32 expenditure
295 1222 26 22 of
335 1221 39 23 the
391 1220 69 26 funds
478 1219 54 30 they
551 1218 97 24 furnish.

64 1254 57 24 This
134 1254 62 32 right
206 1256 19 23 it
236 1254 42 25 has
289 1254 56 24 been
359 1254 39 23 the
409 1253 76 31 policy
502 1253 26 22 of
542 1251 38 24 the
601 1251 49 24 Go-

63 1293 118 19 vernment
203 1293 23 19 to
247 1287 117 28 withhold,
388 1286 45 24 and
457 1294 25 15 as
505 1290 39 26 yet
562 1284 88 24 neither

63 1326 123 19 townsman
206 1329 42 16 nor
266 1321 78 23 settler
361 1320 42 23 has
421 1319 85 23 offered
517 1319 133 28 resistance,

64 1362 24 16 or
109 1354 123 33 attempted
260 1359 23 20 to
313 1357 151 20 remonstrate
493 1353 91 30 against
613 1352 37 22 the

64 1394 100 23 grossest
185 1387 181 32 misapplication
396 1386 24 23 of
443 1386 38 23 the
504 1385 68 24 funds
598 1385 53 31 they

63 1421 55 23 have
143 1421 135 23 themselves
302 1419 151 25 contributed.
498 1419 67 28 Now,
591 1418 19 23 it
631 1419 19 22 is

64 1454 88 23 evident
171 1455 48 23 that
231 1461 24 16 so
267 1454 55 29 long
332 1461 26 16 as
377 1453 44 23 this
440 1453 111 29 damning
567 1451 83 31 apathy

64 1492 22 18 to
98 1495 40 15 our
150 1488 98 31 political
267 1487 107 30 standing
392 1487 19 22 is
432 1486 100 27 evinced,
554 1493 24 15 so
598 1484 53 30 long

64 1520 57 23 shall
133 1528 33 17 we
177 1522 85 23 remain
271 1519 123 24 unnoticed
401 1519 45 24 and
454 1518 133 31 deservedly
596 1526 54 23 neg-

63 1554 80 24 lected.
178 1554 44 24 We
235 1559 83 18 cannot
329 1557 82 27 expect
422 1553 50 23 that
485 1553 19 23 if
519 1559 33 15 we
566 1552 84 30 tamely

64 1587 84 23 submit
166 1591 22 20 to
206 1587 28 24 be
251 1587 92 28 fleeced,
368 1587 47 23 Sir
438 1586 109 23 George
572 1585 78 23 Gipps

64 1620 43 23 will
131 1621 28 23 be
182 1621 23 23 in
224 1628 12 16 a
255 1621 71 30 hurry
350 1625 23 18 to
395 1619 115 23 withdraw
532 1618 36 23 his
590 1618 59 23 hand

64 1654 57 23 from
134 1661 41 16 our
185 1661 76 23 purse,
276 1662 24 15 or
313 1653 49 24 that
380 1653 28 23 he
425 1652 47 23 will
489 1652 29 23 be
537 1660 55 22 very
604 1651 46 24 cla-

64 1695 90 15 morous
166 1688 97 30 inviting
281 1695 28 15 us
327 1691 24 19 to
368 1694 63 16 come
451 1685 44 23 and
511 1686 30 22 be
552 1681 99 27 relieved

63 1720 56 23 from
138 1720 37 24 the
194 1721 72 30 heavy
284 1720 89 23 burden
392 1720 54 22 with
465 1718 75 24 which
559 1726 33 16 we
612 1726 38 16 are

62 1752 73 26 laden.
171 1754 37 24 No
218 1754 5 24 !
238 1754 57 24 Port
307 1753 162 30 Phillippians,

406 1792 58 16 Know
470 1795 35 16 you
512 1792 33 14 not

63 1812 43 17 Who
117 1813 60 17 would
188 1814 22 16 be
222 1813 42 19 free,
278 1812 109 18 themselves
400 1814 51 15 must
462 1812 57 16 strike
530 1812 31 16 the
572 1811 77 19 blow;

62 1844 52 24 take
135 1852 14 16 a
168 1844 77 27 lesson
267 1845 58 23 from
349 1844 108 23 Dwiel
476 1843 31 24 O'
526 1843 124 24 Cornell

62 1877 99 28 himself,
197 1879 83 25 agitate
316 1879 83 27 agitate
435 1878 91 29 agitate,
536 1876 45 24 aud
588 1876 62 23 there

62 1919 50 23 may
124 1911 30 24 be
171 1919 60 16 some
250 1912 59 26 hope
327 1911 50 23 that
395 1918 44 24 you
464 1910 45 23 will
522 1909 128 31 eventually

63 1945 89 23 suceed.
188 1945 76 28 Again
277 1944 44 24 and
332 1945 67 25 again
411 1951 34 15 we
462 1943 59 23 have
538 1942 72 24 heard
629 1943 21 23 of

63 1978 111 25 meejtines
187 1983 21 18 to
219 1978 53 23 take
284 1978 63 29 place
359 1982 23 17 to
398 1977 96 29 petition
505 1977 91 27 against
612 1976 37 22 the

62 2009 135 29 application
211 2010 25 22 of
257 2010 38 22 the
314 2008 53 23 land
384 2016 99 15 revenue
499 2013 24 17 to
539 2015 111 22 purposes

64 2041 23 21 in
100 2048 29 14 no
143 2048 47 23 way
206 2041 118 22 'beneficial
345 2044 23 18 to
387 2040 38 22 the
444 2041 107 29 province
560 2049 6 14 ;
580 2040 42 22 but
632 2041 18 21 it

63 2073 75 23 would
151 2081 59 16 seem
223 2074 49 22 that
283 2073 20 23 if
318 2073 38 23 the
374 2073 51 22 ilea
444 2074 42 21 has
504 2077 41 18 not
563 2072 87 27 altoge-

62 2105 50 24 ther
136 2107 56 22 been
212 2106 139 25 abandoned,
369 2107 37 22 the
426 2114 107 23 progress
552 2105 98 23 towarls

63 2140 30 22 its
114 2140 201 29 acoompMshment
332 2140 21 23 is
371 2139 63 24 slow.
480 2139 107 24 Contrast
606 2138 44 23 this

62 2173 85 31 apathy
158 2173 53 23 with
224 2173 38 24 the
275 2173 136 23 excitement
429 2172 115 32 produced
562 2172 32 30 by
613 2171 37 24 the

62 2206 56 23 rival
142 2206 97 24 Auction
265 2206 145 24 Companies,
434 2205 45 24 and
498 2213 33 16 we
552 2206 48 23 fear
618 2213 32 16 we

62 2244 61 19 must
134 2248 62 15 come
218 2244 23 19 to
257 2239 39 24 the
315 2239 131 23 conclusion
466 2239 50 23 that
534 2239 38 23 the
591 2243 59 19 most

62 2272 75 31 paltry
149 2273 69 26 affair,
233 2274 22 22 in
267 2272 73 24 which
354 2272 37 23 the
410 2272 104 31 question
527 2272 26 23 of
599 2280 18 15 s.
627 2272 21 23 d.

62 2306 20 23 is
93 2306 110 29 involved,
217 2307 20 23 is
248 2305 130 25 considered
387 2305 25 23 of
427 2313 62 16 more
502 2306 147 30 importance,

62 2339 42 23 and
117 2340 20 22 is
149 2347 61 16 more
222 2339 90 28 eagerly
320 2339 125 24 contested,
454 2339 55 23 than
521 2347 14 15 a
546 2339 102 31 question

63 2373 113 30 involving
199 2378 39 19 not
257 2373 54 30 only
330 2380 40 16 our
389 2372 100 31 political
509 2377 81 23 status,
610 2371 40 25 but

62 2406 47 23 also
131 2406 38 23 the
192 2406 76 24 future
286 2406 89 23 welfare
395 2406 25 23 of
443 2406 38 23 the
498 2406 117 31 province.

63 2439 70 24 Port
145 2440 108 23 Phillip
274 2439 122 27 Herat.d,
420 2439 84 24 A^ril
518 2441 41 25 24,
575 2441 73 22 1840.
