3330 4340
1168 569 87 16 BIRTH.

996 614 102 18 FOX—At
1115 614 52 18 Bluff
1182 614 95 21 Harbour,
1296 620 24 11 on
1336 613 92 23 Tuesday,

1019 639 32 15 the
1060 638 32 17 sth
1101 639 51 19 inst.,
1162 639 33 16 the
1203 637 44 19 wife
1255 637 20 19 of
1278 637 92 19 JamesE.
1381 637 47 19 Fox,

996 661 20 18 of
1024 668 11 9 u
1043 661 100 22 (laughter.

1113 719 123 17 VISITORS'
1251 718 61 17 LIST.

1133 765 73 18 GrBAND
1214 765 77 16 Hotel.

1019 789 66 16 Priuco
1098 788 57 22 Luigi
1172 788 20 17 of
1209 786 75 24 Savoie;
1299 786 70 18 Lieuts.
1381 786 32 17 Um-

995 812 53 17 bcrto
1060 812 66 23 Cagni,
1143 811 68 17 Ettore
1227 810 90 21 Frigcrio,
1335 809 94 18 Lodovico

995 835 28 17 Do
1032 835 69 22 Filippi
1111 832 3 25 ;
1129 834 117 17 sub-Lieuts.
1264 832 83 18 Guberto
1356 832 58 17 Amou-

995 858 52 20 bene,
1065 858 56 17 Carlo
1137 857 62 18 Fenzi,
1218 856 94 17 H.I.M.S.
1322 855 104 18 Cristoforo

995 878 100 24 Colombo;
1110 880 68 22 Signor
1187 880 21 16 P.
1223 878 61 21 Corte,
1300 878 69 17 Italian
1378 878 37 17 Con-

995 904 120 17 sul-General
1124 904 19 16 of
1152 902 115 17 Australasia
1275 901 4 23 ;
1290 901 48 22 Capt
1348 901 79 23 Meryon

995 927 70 17 H.M.s.
1083 924 118 21 Katoomba;
1215 925 69 16 Messrs
1302 924 123 21 Richardson,

994 950 97 20 Marshall,
1107 950 38 16 and
1161 948 69 20 Houlo,
1253 947 90 20 London;
1357 948 31 16 Mr
1406 948 21 17 F.

994 973 36 17 and
1040 973 46 17 Miss
1094 973 79 18 Burton,
1181 971 89 17 Dunodin
1278 971 3 20 ;
1292 971 69 16 Messrs
1370 971 42 16 Hud-

994 996 47 19 dart,
1052 995 75 22 Sydney
1134 993 4 24 ;
1153 995 70 19 Currie,
1241 993 100 23 Ponsonby
1348 993 4 24 ;
1368 993 57 21 lloth,

994 1019 124 22 Wellington;
1133 1018 66 20 Howe,
1210 1017 105 17 Auckland.

1016 1064 81 18 Geyser
1106 1064 77 20 Hotel,
1194 1064 208 17 Whakarewakewa.

1015 1094 69 17 Messrs
1101 1094 86 16 Bertram
1206 1092 116 17 Richardson
1336 1092 37 16 and
1392 1092 22 17 Al-

992 1117 70 22 bright,
1070 1116 37 22 Mr,
1115 1117 40 16 Mrs
1164 1115 38 17 and
1211 1115 45 17 Miss
1264 1115 67 20 White,
1339 1115 39 17 Mrs
1388 1115 39 17 and

992 1140 46 16 Miss
1046 1139 92 17 Turnbull
1147 1138 38 18 and
1191 1139 47 16 Miss
1244 1138 75 20 Wilkes,
1329 1138 95 22 England;

992 1163 31 16 Mr
1030 1163 38 16 and
1077 1163 39 16 Mrs
1126 1162 108 17 McDonald
1242 1161 37 17 and
1295 1161 68 17 Messrs
1378 1162 36 16 Gra-

992 1186 49 20 ham,
1051 1186 89 22 Monday,
1151 1181 65 23 Hosie,
1226 1185 90 17 Hnddart
1328 1185 37 17 and
1375 1185 38 16 Has-

992 1209 85 21 tingdon,
1086 1209 75 22 Sydney
1168 1207 4 24 ;
1187 1209 28 16 W.
1222 1209 26 16 H.
1254 1207 82 18 Verekor
1343 1207 80 22 Bindon,

992 1230 115 24 Wanganui;
1122 1233 32 16 Mr
1161 1231 38 18 and
1209 1232 39 16 Mrs
1260 1230 68 23 Ripley
1343 1231 37 16 and
1394 1231 32 17 Mr

991 1255 60 20 Allen,
1062 1254 122 21 Melbourne;;
1199 1254 31 17 Mr
1235 1254 37 17 and
1281 1254 47 17 Miss
1345 1254 78 20 Burton,

991 1278 37 17 and
1041 1278 31 17 Mr
1092 1278 54 21 Bain,
1168 1277 88 19 Dunedin
1265 1277 3 22 ;
1282 1277 32 18 Mr
1331 1277 37 17 and
1385 1277 40 17 Mrs

991 1301 73 23 Ziegler
1072 1301 38 17 and
1119 1302 31 16 Mr
1158 1301 79 20 Wilcox,
1248 1301 46 16 New
1306 1300 51 17 York
1366 1300 3 24 ;
1384 1301 40 16 Mrs

990 1325 47 16 Miss
1053 1324 38 17 and
1107 1325 72 16 Master
1195 1324 87 19 Lundon,
1301 1324 37 16 and
1355 1324 69 17 Messrs

990 1347 64 21 Elliot,
1072 1348 47 19 Bell,
1138 1347 38 18 and
1192 1347 22 17 A.
1232 1346 64 21 Davis,
1312 1346 98 18 Auckland
1419 1346 3 22 ;

990 1371 46 17 Miss
1045 1371 111 21 Callaghan,
1171 1370 90 17 Okoroiro
1268 1369 3 23 ;
1290 1370 31 16 Mr
1332 1369 18 18 S.
1365 1370 59 22 Percy

990 1394 67 21 Smith,
1065 1394 123 22 Wellington.

1087 1440 58 18 Lake
1162 1439 72 19 House
1247 1438 75 20 Hotel.

1013 1469 40 17 Mrs
1061 1470 100 21 Hayhurst
1170 1468 37 17 and
1214 1469 45 16 Miss
1268 1468 74 20 Brown,
1354 1469 55 16 Temu-

989 1492 34 21 ka;
1042 1492 69 18 Messrs
1127 1492 56 20 Trail,
1198 1492 69 20 Evans,
1286 1492 136 20 Sumnicrfiehl,

989 1515 97 21 Edwards,
1101 1515 90 23 Spooner,
1214 1514 115 23 Inglc.vood,
1348 1515 74 21 Dwyer.

989 1538 38 17 and
1043 1539 71 20 Foster,
1129 1538 112 21 Auckland;
1262 1538 39 17 The
1317 1538 106 17 Mackenzie

990 1561 78 18 Concert
1077 1562 98 22 Company
1185 1561 33 23 ((5).

1054 1608 87 17 Bkext's
1155 1608 111 17 Bathgate
1278 1607 77 18 House.

1012 1639 29 17 Mr
1049 1640 38 16 and
1095 1639 38 18 Mrs
1142 1639 95 22 McCurdy
1246 1639 36 17 and
1292 1639 27 17 Dr
1328 1640 59 21 Barry
1401 1640 20 16 T.

988 1662 79 22 Russell,
1078 1661 87 25 Sydney;
1180 1663 29 16 Mr
1223 1663 25 17 N.
1262 1662 22 17 E.
1300 1662 64 20 Gibbs,
1375 1661 36 19 Mel-

988 1686 82 22 bourne;
1086 1686 116 21 Mrßeaney,
1218 1686 103 22 Pahiatua:
1344 1687 37 15 Mrs
1395 1686 26 16 H.

988 1708 100 20 Johnston,
1099 1709 28 18 Mr
1136 1709 38 17 and
1183 1708 38 18 Mrs
1230 1708 25 18 H.
1265 1708 24 18 X.
1300 1708 69 20 Abbot,
1384 1708 38 18 Mrs

988 1733 37 16 and
1035 1733 44 17 Miss
1087 1733 47 17 Hill,
1148 1732 39 18 Mrs
1200 1731 95 23 Lyridsay,
1310 1731 99 17 Auckland
1416 1731 4 23 ;

988 1755 44 17 Miss
1041 1755 74 21 Brown,
1126 1755 98 21 Tai'anaki;
1237 1757 28 14 Mr
1270 1755 37 16 and
1318 1756 36 15 Mrs
1362 1755 60 17 Thorn

988 1777 103 20 Kuaotunu
1098 1777 3 22 ;
1117 1781 37 14 Mrs
1163 1778 37 17 and
1211 1778 43 17 Miss
1268 1778 85 20 Roberts,
1363 1778 44 19 Wan-

988 1802 67 20 ganui;
1070 1802 45 16 Rev.
1128 1802 27 17 Mr
1171 1801 97 22 Warboys,
1284 1801 86 22 Opotiki;
1395 1803 28 15 Mr

988 1825 37 16 and
1037 1827 35 14 Mrs
1082 1825 22 17 G.
1114 1825 22 17 V.
1153 1825 96 17 Robinson
1264 1824 37 17 and
1317 1825 28 15 Mr
1357 1824 19 17 J.
1392 1825 29 16 W.

987 1847 59 21 Todd,
1061 1847 116 23 Wellington
1185 1847 3 23 ;
1213 1847 29 17 Mr
1258 1848 88 22 Cropper,
1362 1847 48 18 Goul-

987 1870 55 18 burn.

1121 1918 43 17 The
1177 1917 110 17 Langham.

1010 1948 63 22 Judge
1082 1949 77 20 Wilson,
1171 1948 28 18 Mr
1208 1949 37 17 and
1254 1949 37 17 Mrs
1306 1949 78 18 Waters,
1393 1948 28 18 Dr

987 1972 38 16 and
1034 1973 36 16 Mrs
1081 1973 77 18 Kinder,
1168 1972 111 20 Auckland;
1294 1972 63 17 Misses
1365 1973 55 19 Yule,

987 1995 111 20 Southland;
1114 1996 45 19 Fox,
1166 1995 105 23 Tauranga;
1286 1996 66 17 Messrs
1362 1996 47 16 Tara-

987 2018 59 20 whiti,
1067 2018 86 23 Huutly;
1180 2018 97 19 Sheridan,
1300 2018 119 23 Wanganui;

987 2042 81 22 Goggin,
1079 2041 85 24 Gympie;
1175 2042 75 19 Brown,
1260 2042 83 19 Warren;
1358 2042 62 19 Hone,

987 2065 97 22 Waverloy
1097 2065 4 22 ;
1128 2065 68 19 Cottle,
1216 2065 70 22 Napier
1297 2065 3 22 ;
1332 2065 87 20 Flowers,

987 2088 105 21 Tauranga.

987 2146 56 24 THE
1065 2145 56 25 HOT
1140 2145 92 25 LAKES
1251 2145 166 25 CHRONICLE

1174 2182 57 13 AND

1088 2211 108 20 Tourists'
1214 2211 100 24 Journal.

986 2266 169 20 WEDNESDAY,
1168 2266 145 18 NOVEMBER
1329 2268 28 18 27,
1369 2268 48 16 1895.

986 2328 93 19 Various
1087 2335 71 12 causes
1168 2335 54 12 seem
1232 2330 19 17 to
1261 2329 52 19 liave
1321 2330 99 24 operated

987 2355 19 18 in
1017 2354 103 25 deterring
1131 2361 40 17 any
1181 2355 21 18 of
1213 2354 34 19 tho
1257 2354 91 25 banking
1362 2356 49 19 insti-

987 2380 76 19 tutions
1072 2380 21 19 of
1103 2381 35 18 the
1148 2380 77 26 Colony
1241 2381 52 18 from
1311 2381 99 19 establish-

987 2406 36 25 ing
1040 2413 11 12 a
1066 2406 77 19 branch
1160 2406 93 19 business
1277 2407 21 18 in
1321 2406 97 21 Rotorua.

987 2432 111 20 Whatever
1108 2439 46 18 may
1164 2432 52 20 have
1225 2432 52 19 been
1291 2434 35 17 tho
1338 2439 82 13 reasons

987 2458 20 18 in
1023 2458 34 19 the
1075 2462 51 21 past,
1145 2459 99 23 however,
1263 2458 21 20 in
1301 2459 117 26 neglecting

987 2486 35 17 the
1033 2485 68 19 claims
1112 2485 21 19 of
1147 2486 87 18 Kotorua
1246 2485 21 19 in
1283 2485 41 19 this
1340 2489 78 22 respect

987 2511 48 24 they
1061 2518 26 12 no
1110 2511 71 25 longer
1204 2511 57 23 exist,
1293 2512 40 19 and
1361 2514 58 23 apart

987 2537 52 19 from
1049 2537 34 19 the
1094 2540 58 18 great
1163 2537 54 19 boon
1227 2537 65 19 which
1309 2538 67 19 would
1393 2538 25 18 be

987 2563 104 19 conferred
1101 2570 54 18 upon
1166 2563 93 19 business
1274 2564 71 24 people
1362 2564 54 23 here,

987 2588 34 19 the
1032 2589 71 19 banks'
1114 2596 45 12 own
1171 2589 95 19 interests
1275 2590 40 18 and
1324 2590 56 19 those
1399 2590 21 18 of

988 2614 53 19 their
1061 2615 72 19 clients
1152 2615 88 19 demand
1257 2615 46 19 that
1322 2616 35 19 the
1376 2618 44 23 step

988 2640 72 20 should
1070 2647 44 12 now
1133 2641 24 19 be
1176 2641 70 19 taken.
1283 2641 59 20 Some
1361 2648 59 18 years

988 2672 37 18 ago
1035 2673 37 13 one
1082 2668 21 17 of
1113 2668 34 18 the
1164 2667 71 19 Banks
1250 2667 22 19 of
1287 2668 41 18 this
1343 2667 76 25 Colony

988 2693 112 25 purchased
1112 2700 10 12 a
1133 2693 38 19 site
1180 2693 22 19 of
1211 2693 48 19 land
1268 2693 31 19 for
1315 2694 35 18 the
1366 2700 44 13 erec-

988 2719 42 18 tion
1039 2720 21 18 of
1070 2726 12 12 a
1092 2719 100 25 building,
1205 2719 38 19 but
1253 2720 34 19 the
1297 2720 93 25 eruption
1399 2720 21 19 of

991 2746 48 17 1886
1049 2752 62 16 came,
1123 2745 40 19 and
1173 2752 22 12 as
1205 2746 45 19 that
1260 2748 41 17 sort
1312 2747 21 18 of
1343 2746 65 25 pheno-

989 2778 58 12 mena
1057 2772 17 18 is
1084 2774 35 16 not
1136 2771 81 25 usually
1237 2772 61 19 taken
1315 2772 42 19 into
1373 2779 36 12 con-

989 2797 108 19 sideration
1109 2797 27 25 by
1145 2797 95 19 financial
1256 2798 127 19 institutions
1399 2799 21 18 in

988 2823 124 25 calculating
1118 2824 34 18 the
1158 2823 142 25 probabilities
1307 2824 20 19 of
1335 2831 83 17 success,

989 2849 34 19 the
1033 2850 78 24 project
1120 2849 36 18 fell
1166 2852 20 16 to
1196 2850 35 19 the
1242 2850 79 24 ground
1333 2850 41 19 and
1383 2850 38 19 has

989 2876 102 18 remained
1102 2876 21 17 in
1133 2875 102 25 abeyance
1248 2882 47 12 ever
1310 2876 59 19 since.
1400 2877 20 18 It

990 2904 53 15 must
1051 2901 21 18 of
1081 2907 69 13 course
1168 2902 26 18 be
1209 2901 94 25 candidly
1321 2902 99 19 admitted

990 2927 44 19 that
1047 2933 28 12 we
1085 2927 52 19 have
1147 2934 26 12 110
1192 2928 90 25 gigantic
1301 2929 121 24 enterprises

990 2953 48 19 here
1047 2953 20 19 in
1079 2953 33 19 tho
1123 2960 44 18 way
1177 2954 21 18 of
1209 2954 35 25 big
1251 2954 62 19 farms
1322 2961 23 12 or
1359 2955 61 25 sheep

990 2979 85 19 stations
1087 2980 63 18 which
1161 2980 51 18 need
1219 2980 33 18 the
1261 2980 99 25 fostering
1376 2987 46 13 care

991 3012 21 12 so
1037 3006 194 25 accommodatingly
1249 3006 103 19 bestowed
1367 3013 55 18 upon

990 3031 56 19 them
1056 3031 26 24 by
1092 3032 35 18 tho
1138 3032 65 18 banks
1213 3032 109 25 generally,
1340 3033 36 19 but
1393 3040 29 12 we

990 3064 37 12 can
1037 3057 98 20 certainlv
1154 3057 58 25 point
1227 3060 21 16 to
1265 3058 34 19 the
1318 3059 58 24 rapid
1387 3059 24 19 ad-

992 3085 118 18 vancement
1129 3084 21 18 of
1160 3084 34 18 the
1209 3086 54 17 town
1279 3084 40 19 and
1338 3085 84 23 district,

991 3109 37 19 and
1040 3111 20 17 to
1070 3116 12 12 a
1091 3116 49 17 very
1150 3110 138 25 encouraging
1296 3111 68 18 future
1378 3113 34 17 out-

991 3135 53 19 look.
1072 3135 26 19 In
1119 3136 35 18 the
1170 3135 34 19 old
1221 3136 98 25 coaching
1340 3137 50 24 days
1408 3137 16 19 it

993 3160 66 20 would
1068 3161 53 19 have
1136 3162 49 18 been
1196 3168 105 18 necessary
1309 3165 20 16 to
1340 3165 84 21 appoint

992 3193 12 12 a
1011 3187 89 19 resident
1109 3194 98 18 manager
1216 3189 106 18 otherwise
1333 3191 52 16 most
1403 3191 22 16 of

992 3213 45 18 that
1053 3214 146 24 functionary's
1218 3214 48 19 time
1286 3214 67 19 would
1372 3215 53 18 have

994 3239 50 18 been
1063 3240 96 24 occupied
1175 3240 22 18 in
1217 3240 109 25 travelling
1344 3242 21 17 to
1384 3241 41 18 and

993 3265 51 18 from
1054 3265 34 18 the
1098 3272 58 12 scene
1166 3266 21 18 of
1197 3266 31 18 his
1238 3266 74 19 labors.
1333 3266 25 19 In
1368 3266 57 19 those

994 3290 54 25 days,
1059 3290 99 23 however,
1174 3292 49 17 with
1238 3292 55 18 what
1308 3292 17 19 is
1341 3292 73 24 equiva-

994 3316 41 19 lent
1045 3319 20 16 to
1075 3323 12 12 a
1096 3317 56 24 daily
1160 3317 38 18 trai
1208 3324 6 11 l
1221 3320 21 15 to
1249 3318 40 19 and
1296 3318 50 19 from
1357 3318 56 19 Auck-

994 3342 48 19 land
1052 3349 25 12 an
1087 3343 73 18 official
1170 3343 66 24 might
1249 3344 25 17 be
1284 3344 72 24 spared
1375 3344 52 19 from

994 3374 37 12 one
1042 3369 20 17 of
1072 3368 35 19 the
1117 3368 99 21 branches
1225 3375 23 12 or
1254 3370 94 24 agencies
1366 3370 61 24 along

995 3393 33 19 the
1048 3394 41 18 line
1107 3396 20 18 to
1147 3401 39 18 pay
1208 3401 12 13 a
1239 3395 76 24 weekly
1340 3396 47 18 visit
1407 3401 20 13 to

995 3419 141 20 Rotorua—as
1145 3421 17 18 is
1173 3421 35 18 the
1217 3424 76 16 custom
1305 3421 47 19 with
1361 3421 66 24 places

995 3445 21 18 of
1026 3445 39 19 less
1075 3446 131 25 importance.
1221 3446 43 19 The
1274 3447 153 19 establishment

995 3471 21 18 of
1027 3478 11 11 a
1048 3471 76 19 branch
1136 3472 55 19 bank
1202 3472 20 18 in
1232 3472 90 19 Rotorua
1331 3473 65 19 would
1404 3473 23 19 be

995 3497 21 18 of
1026 3497 115 26 advantage
1159 3501 20 15 to
1198 3497 35 19 the
1250 3499 125 24 corporation
1393 3506 23 12 en-

996 3523 78 25 gaging
1091 3523 22 19 in
1131 3523 22 24 it,
1171 3530 49 12 even
1242 3524 16 18 if
1276 3525 15 17 it
1310 3531 51 12 were
1381 3525 46 24 only

995 3548 73 20 looked
1078 3555 55 19 upon
1143 3550 21 18 in
1175 3550 35 18 the
1220 3549 54 26 light
1283 3549 21 20 of
1314 3556 26 12 an
1357 3551 59 18 adver-

995 3574 100 20 tisement.

1110 3632 16 17 A
1139 3632 88 17 ROYAL
1241 3632 74 17 VISIT.

996 3663 96 17 Amoxgst
1109 3663 32 18 the
1154 3664 64 17 future
1231 3664 118 22 possibilities
1364 3665 20 16 of
1396 3665 33 17 the

996 3686 41 17 Hot
1045 3686 64 21 Lakes,
1114 3687 79 17 District
1201 3693 11 10 a
1221 3687 43 16 visit
1273 3688 47 16 from
1329 3688 30 17 the
1367 3688 51 22 graci-

996 3714 33 12 ous
1045 3714 104 18 personage
1169 3710 43 16 who
1232 3710 82 22 presides
1337 3716 44 11 over
1396 3711 33 17 the

996 3732 58 17 realm
1062 3732 33 17 has
1108 3734 34 15 not
1155 3733 47 17 been
1217 3733 91 17 reckoned
1323 3739 24 11 on
1362 3733 38 17 and
1414 3734 15 16 it

996 3755 63 17 would
1067 3756 81 20 scarcely
1156 3756 24 16 be
1188 3756 62 17 worth
1260 3756 119 22 mentioning
1386 3762 43 11 now

996 3783 47 12 were
1051 3778 16 17 it
1075 3780 34 15 not
1123 3778 43 18 that
1180 3778 33 17 the
1226 3778 78 17 London
1319 3784 99 17 correspon-

996 3799 46 19 dent
1057 3801 20 16 of
1092 3801 33 17 the
1142 3801 100 17 Auckland
1257 3801 73 17 Herald
1346 3802 83 22 recently

996 3823 101 22 suggested
1102 3824 16 16 it
1123 3830 20 11 as
1149 3824 105 22 preferable
1262 3825 20 16 to
1289 3824 33 17 the
1327 3825 102 21 periodical

996 3846 53 21 royal
1057 3846 77 23 sojourn
1143 3848 20 15 at
1172 3852 35 11 one
1216 3848 19 15 of
1243 3847 32 16 the
1289 3847 81 17 German
1379 3853 49 17 spas.

996 3869 19 15 It
1031 3869 39 20 has,
1089 3869 97 22 certainly,
1201 3869 48 18 been
1262 3870 108 18 observable
1387 3872 42 16 that

996 3897 51 12 more
1059 3892 47 17 than
1120 3892 90 22 ordinary
1223 3892 98 18 solicitude
1335 3893 34 17 has
1382 3894 47 17 been

996 3914 94 18 exercised
1105 3915 20 17 in
1141 3915 33 17 the
1190 3917 111 21 sumptuous
1321 3917 108 22 furnishing

995 3937 39 18 and
1042 3937 107 18 decoration
1165 3938 21 18 of
1198 3938 31 17 the
1245 3938 63 18 Grand
1324 3940 65 20 Hotel,
1404 3940 25 23 by

996 3961 61 17 which
1065 3961 43 17 that
1116 3961 78 22 palatial
1203 3961 65 18 edifice
1278 3962 34 17 has
1325 3963 47 16 been
1386 3969 33 11 ren-

996 3983 56 18 dered
1060 3990 51 11 more
1120 3985 22 16 fit
1151 3985 30 16 for
1189 3990 11 11 a
1209 3985 52 21 royal
1275 3985 94 18 residence
1383 3987 46 16 than

996 4007 32 16 the
1036 4013 50 11 mere
1094 4008 109 22 temporary
1215 4008 135 22 resting-place
1363 4009 21 16 of
1398 4010 31 16 the

996 4036 79 17 average
1083 4030 141 22 globe-trotter.
1250 4031 38 17 The
1294 4031 60 17 lavish
1360 4037 58 17 expen-

996 4052 61 18 diture
1065 4053 20 17 in
1093 4053 39 17 this
1140 4055 74 21 respect
1221 4054 87 17 however
1316 4054 15 17 is
1341 4055 48 21 fully
1398 4061 21 11 ac-

996 4076 80 17 counted
1085 4076 30 17 for
1122 4077 20 16 in
1148 4077 33 16 the
1189 4083 42 11 new
1246 4077 50 22 light
1310 4077 85 18 afforded
1408 4084 21 11 us

995 4098 26 23 by
1029 4099 32 17 the
1069 4099 73 17 Herald
1151 4100 150 22 correspondent,
1312 4100 39 17 and
1359 4107 28 10 we
1395 4107 34 11 can

996 4127 46 11 even
1048 4121 77 23 conjure
1133 4128 26 16 up
1167 4129 12 10 a
1187 4123 60 17 vision
1261 4123 19 17 of
1297 4123 33 17 her
1343 4124 86 21 gracious

996 4145 83 22 Majesty
1087 4146 69 21 gazing
1165 4146 20 17 at
1194 4145 32 18 the
1235 4152 75 15 geysers
1318 4147 21 16 of
1348 4147 68 17 Whaka-

1452 145 99 11 rewarewa
1560 140 48 16 from
1617 140 32 16 the
1658 140 95 18 Hinemoa
1769 140 63 18 Street
1844 141 31 17 bal-

1453 168 54 16 ccuy.
1532 162 20 17 It
1560 163 15 16 is
1584 165 41 14 true
1633 165 43 15 tliat
1689 163 33 18 the
1734 163 74 18 Herald
1823 164 62 17 writer

1473 191 89 16 supposes
1570 185 16 17 it
1593 186 15 17 is
1614 187 34 16 not
1656 187 20 16 to
1682 186 113 23 bethought
1804 188 20 16 of
1852 188 33 16 but

1452 209 38 17 tliis
1499 209 15 17 is
1522 209 46 22 only
1575 214 25 11 an
1608 209 122 21 euphemistic
1736 210 108 22 expression
1853 210 22 17 de-

1452 231 66 23 signed
1532 232 21 16 to
1567 232 61 17 soften
1640 232 52 17 what
1706 235 49 15 must
1773 233 23 16 be
1805 239 11 10 a
1825 238 60 12 severe

1452 254 50 17 blow
1518 255 20 16 to
1554 254 33 17 the
1605 255 204 23 sauer-kraut-eating,
1823 256 52 22 lager-

1452 276 136 23 beer-swilling
1604 277 87 18 denizens
1711 279 20 17 of
1752 279 32 17 the
1805 278 80 18 German

1452 300 165 22 watering-places
1631 301 43 17 who
1687 301 43 17 look
1747 308 49 15 upon
1810 302 32 16 the
1852 308 22 10 an-

1452 323 44 17 nual
1505 323 44 17 visit
1557 323 20 17 of
1585 329 11 12 a
1603 323 54 23 large
1665 325 76 21 portion
1755 325 19 17 of
1791 325 32 16 the
1832 325 40 21 Eng-

1452 346 35 17 lish
1497 347 59 16 Court
1564 352 20 10 as
1592 347 58 16 theirs
1657 346 27 23 by
1691 348 123 21 prescriptive
1827 348 58 22 right.

1454 370 18 16 It
1487 369 40 17 also
1543 369 85 22 explains
1644 370 20 16 to
1680 376 10 10 a
1704 371 55 22 great
1772 372 65 15 extent
1854 370 31 18 the

1452 392 55 22 delay
1515 398 24 11 on
1548 393 33 16 the
1588 394 44 20 part
1645 393 20 16 of
1677 393 33 17 the
1724 393 128 17 Government
1866 394 19 16 in

1452 416 73 21 stating
1532 416 50 16 their
1592 415 103 18 intentions
1709 422 20 11 as
1743 417 20 16 to
1777 416 52 17 what
1841 417 44 21 they

1452 435 89 21 intended
1558 440 19 16 to
1594 438 24 17 do
1635 438 19 17 in
1671 439 120 17 furtherance
1812 440 20 16 of
1854 440 31 16 the

1452 461 92 17 beautiful
1565 462 73 16 scheme
1658 462 124 21 propounded
1803 463 26 21 by
1854 463 31 16 the

1452 485 88 17 Premier.
1566 484 19 17 It
1593 484 15 18 is
1617 490 44 16 easy
1677 486 20 16 to
1711 485 117 18 understand
1844 485 41 17 that

1452 508 69 22 during
1541 513 35 12 ono
1591 508 19 17 of
1626 507 33 17 the
1679 508 107 17 interviews
1801 508 84 18 between

1453 530 39 18 Her
1504 530 84 23 Majesty
1600 530 36 18 and
1652 531 31 16 Mr
1696 531 57 17 Ward
1768 531 32 17 the
1817 532 68 16 former

1452 554 68 21 would,
1536 560 21 11 as
1565 554 16 16 is
1597 554 32 16 the
1643 554 54 17 habit
1710 555 46 16 with
1772 555 24 16 all
1815 554 70 23 elderly

1451 576 65 22 ladies,
1534 577 55 17 dwell
1605 578 21 15 at
1638 583 50 11 some
1703 577 67 22 length
1789 583 50 17 upon
1854 577 31 17 the

1452 602 54 15 acute
1521 600 105 17 rheumatic
1642 600 54 22 pains
1712 601 50 16 from
1776 600 62 17 which
1853 600 32 17 she

1452 623 71 20 suffers,
1532 623 38 17 and
1583 623 43 17 that
1638 623 34 17 the
1685 624 85 17 Colonial
1787 624 98 16 Treasurer

1452 646 68 17 should
1528 648 79 20 .suggest
1623 652 11 11 a
1648 652 63 11 course
1725 647 21 16 of
1758 646 34 18 the
1809 647 76 17 Rachel,

1452 670 60 16 Priest
1518 666 38 21 and
1562 669 83 23 Sulphur
1650 670 59 17 Baths
1715 676 20 11 as
1742 676 11 11 a
1762 666 3 26 '
1769 670 116 22 'sovereign"

1451 692 82 22 remedy,
1545 694 21 15 to
1582 697 32 12 use
1631 692 31 17 the
1676 692 162 23 correspondent's
1852 699 22 11 ex-

1451 716 89 21 pression.
1566 715 30 17 No
1604 715 60 17 doubt
1669 717 143 21 arrangements
1819 717 30 15 for
1854 716 31 16 the

1450 738 54 22 royal
1513 738 43 17 visit
1564 738 39 17 will
1611 738 23 17 be
1643 738 54 17 made
1706 738 25 22 by
1738 739 32 17 Mr
1777 739 58 17 Ward
1840 739 34 16 dur-

1450 760 35 23 ing
1494 762 31 15 the
1534 767 59 11 recess
1601 760 38 17 and
1647 761 73 18 instead
1728 762 21 17 of
1759 762 33 17 the
1801 762 84 17 Colonial

1450 784 106 22 exchequer
1580 784 58 22 being
1662 784 90 18 trenched
1777 790 52 17 upon
1854 785 31 16 the

1451 806 60 22 Royal
1520 812 55 17 purse
1592 807 38 17 will
1643 809 51 15 meet
1709 808 32 16 the
1758 807 71 23 outlay.
1876 808 9 16 I

1450 830 88 22 honestly
1645 836 42 16 says
1696 830 32 17 the
1737 831 73 16 Herald
1815 837 60 11 corres-

1450 852 89 23 pondent,
1571 853 41 17 that
1621 859 12 11 a
1641 853 44 17 visit
1693 854 20 16 to
1723 853 85 18 Rotorua
1814 854 39 17 will
1861 854 24 16 do

1450 881 51 12 more
1515 877 19 16 to
1547 876 84 22 improve
1647 876 33 17 the
1696 877 54 22 royal
1767 877 66 17 health
1849 876 36 17 and

1450 899 81 22 prolong
1539 899 32 17 the
1580 899 53 22 royal
1642 899 33 17 life
1682 899 48 18 than
1739 900 96 22 anything
1848 900 37 17 else

1449 922 19 16 in
1478 922 32 17 the
1623 922 43 17 And
1675 929 20 10 so
1704 929 34 15 say
1747 923 25 17 all
1780 923 20 17 of
1809 922 32 22 us!

1473 967 69 23 Owing
1551 969 19 15 to
1579 974 86 16 pressure
1680 974 24 11 on
1720 974 35 11 our
1769 968 116 23 advertising

1449 997 55 15 space
1512 991 32 16 the
1556 991 54 17 usual
1624 991 111 18 instalment
1751 991 21 18 of
1805 991 80 18 Ancient

1449 1014 107 17 Maoriland
1584 1014 14 17 is
1607 1014 43 17 held
1660 1020 49 11 over.

1473 1042 143 18 Geyskui.axd.
1639 1042 152 21 Gi.acieki.axd,
1809 1042 63 17 Fiord-

1449 1069 67 13 l.AN'D-
1522 1066 36 16 -An
1564 1064 110 18 Illustrated
1680 1065 62 17 Guide
1747 1067 20 16 to
1773 1066 32 16 the
1812 1066 73 22 Beauty

1448 1087 56 23 Spots
1518 1089 21 15 of
1552 1087 46 18 New
1614 1088 89 18 Zealand.
1738 1089 29 17 On
1777 1089 38 17 sale
1824 1090 20 16 at
1852 1089 33 17 the

1448 1111 118 17 Chronicle
1580 1111 68 17 office.*

1472 1138 20 17 C.
1513 1138 52 17 Birss
1581 1144 45 12 runs
1642 1145 12 10 a
1676 1141 107 21 wagonette
1799 1139 85 17 between

1447 1161 52 17 Lake
1506 1162 65 17 House
1576 1161 38 17 and
1622 1162 33 17 the
1660 1162 65 21 Baths,
1732 1162 95 23 morning,
1835 1163 39 16 fore-

1447 1190 50 12 noon
1506 1185 37 17 and
1553 1185 104 17 afternoon.
1672 1185 62 21 Fares,
1742 1186 24 17 Gd
1775 1186 39 17 and
1819 1185 41 18 !)d.*

1471 1217 17 16 A
1496 1217 75 16 concert
1581 1216 19 17 in
1614 1216 31 17 aid
1661 1217 20 16 of
1695 1217 32 17 the
1745 1217 57 17 funds
1817 1218 20 15 of
1852 1217 32 17 the

1447 1239 86 17 Catholic
1541 1240 75 16 Church
1629 1239 40 17 will
1685 1240 43 17 take
1746 1240 53 22 place
1815 1240 20 17 in
1851 1240 33 17 the

1447 1262 87 18 Pukeroa
1542 1262 46 17 Hull
1596 1268 23 12 on
1629 1263 104 17 December
1742 1265 28 15 20.

1470 1291 39 17 The
1518 1291 57 17 Town
1585 1291 62 17 Board
1655 1291 59 17 invite
1723 1292 75 16 tenders
1808 1292 29 16 for
1851 1292 32 16 the

1447 1314 81 17 erection
1537 1314 20 17 of
1565 1320 11 11 a
1585 1317 48 19 post,
1643 1315 70 21 toprail
1721 1315 37 17 and
1772 1315 45 17 wire
1831 1315 52 17 fence

1446 1337 61 17 round
1516 1338 32 16 the
1563 1337 79 17 football
1656 1343 43 12 area
1713 1344 24 11 on
1751 1338 32 17 the
1797 1338 86 17 Pukeroa

1446 1360 86 18 Reserve.
1569 1360 81 18 Tenders
1664 1362 51 16 must
1732 1361 23 17 be
1771 1360 71 24 lodged
1857 1361 26 23 by

1446 1383 86 22 Tuesday
1541 1385 53 15 next.

1469 1415 115 18 Lieut.-Col.
1595 1415 80 18 Roberts
1683 1416 40 17 will
1731 1416 46 17 hold
1786 1423 11 10 a
1804 1416 53 17 court
1862 1418 21 15 at

1445 1439 65 22 Taupo
1524 1444 24 11 on
1564 1438 102 18 December
1685 1440 26 18 18,
1729 1439 38 17 and
1784 1440 19 16 in
1817 1445 55 11 conse-

1445 1467 71 17 quence
1537 1461 21 17 of
1577 1462 38 17 this
1631 1464 133 20 arrangement
1787 1462 32 17 the
1836 1464 47 16 next

1445 1485 54 17 court
1508 1485 43 17 here
1562 1485 37 16 will
1607 1485 24 16 sit
1640 1491 24 11 on
1678 1485 91 20 Mondav,
1777 1485 105 18 December

1445 1508 52 18 23rd.

1469 1537 39 16 The
1517 1537 46 16 Rev.
1574 1537 19 16 C.
1603 1536 92 23 Worboys
1709 1538 20 16 of
1742 1537 79 23 Opotiki
1836 1544 33 11 con-

1445 1560 69 17 ducted
1523 1560 132 22 Presbyterian
1664 1560 69 18 service
1742 1561 19 16 in
1770 1560 33 18 the
1809 1561 63 17 school-

1444 1589 53 11 room
1506 1583 36 17 last
1552 1583 77 22 Sunday
1641 1583 89 23 morning
1743 1583 38 17 and
1794 1584 87 22 evening.

1445 1607 29 16 He
1483 1606 40 17 will
1531 1606 81 17 officiate
1617 1612 25 11 on
1648 1606 32 17 the
1688 1608 47 16 next
1741 1609 37 15 two
1788 1607 92 23 Sundays.

1468 1634 19 17 It
1495 1633 16 18 is
1519 1633 62 18 stated
1590 1634 42 17 that
1643 1633 51 18 Lord
1702 1633 91 24 Glasgow
1806 1634 76 18 intends

1444 1658 20 15 to
1473 1663 37 16 pay
1527 1663 10 10 a
1550 1656 44 17 visit
1608 1658 21 15 to
1646 1657 32 17 the
1695 1658 89 16 Urewera
1801 1659 80 21 country

1444 1680 51 22 early
1506 1680 19 17 in
1533 1680 66 17 March
1609 1680 38 16 and
1655 1680 39 17 will
1702 1680 20 17 in
1731 1681 24 17 all
1766 1680 116 23 probability

1443 1704 44 16 tour
1496 1703 32 17 the
1537 1703 40 17 Hot
1586 1703 61 17 Lakes
1655 1703 80 17 District
1749 1705 20 15 at
1782 1705 32 16 the
1831 1710 51 11 same

1444 1726 51 17 time.

1468 1755 31 17 Mr
1508 1755 20 17 T.
1539 1755 28 17 W.
1581 1755 102 17 Maunders
1699 1756 19 17 of
1732 1755 33 18 the
1781 1755 100 18 Hamilton

1443 1778 103 17 Furniture
1555 1778 114 17 Warehouse
1682 1779 74 17 notifies
1769 1779 20 16 in
1802 1780 80 16 another

1443 1801 76 17 column
1534 1801 42 17 that
1593 1802 22 16 ho
1632 1801 16 17 is
1664 1802 92 22 prepared
1772 1804 20 15 to
1810 1802 68 23 supply

1445 1824 78 18 wooden
1532 1824 38 17 and
1587 1825 40 15 iron
1642 1825 106 21 bedsteads,
1765 1826 115 20 mattresses,

1443 1847 156 23 paperliangings
1613 1848 39 20 &c.,
1667 1849 20 16 at
1703 1848 127 23 surprisingly
1844 1849 37 17 low

1443 1871 61 22 prices
1513 1871 29 16 for
1551 1871 50 17 cash.

1469 1898 106 22 According
1584 1900 19 15 to
1612 1898 54 17 those
1675 1898 42 17 who
1725 1904 32 11 are
1770 1898 19 17 in
1805 1905 10 10 a
1829 1899 41 21 posi-

1443 1921 39 17 tion
1494 1922 19 16 to
1521 1920 60 23 judge
1590 1921 52 17 there
1650 1921 16 17 is
1675 1927 55 16 every
1745 1922 103 17 likelihood
1861 1922 21 17 of

1443 1951 11 10 a
1462 1945 37 17 rise
1508 1945 18 16 in
1536 1944 32 17 the
1576 1944 51 22 price
1636 1945 19 15 of
1664 1944 47 17 Hour
1723 1950 52 12 soon.
1802 1945 79 17 Advices

1443 1968 49 17 from
1508 1967 95 18 Australia
1619 1967 52 17 show
1688 1968 42 17 that
1747 1968 84 17 Victoria
1843 1969 37 16 and

1443 1991 47 16 Now
1504 1991 61 16 South
1579 1990 61 17 Wales
1655 1990 38 17 will
1709 1991 48 17 have
1774 1993 20 16 to
1811 1992 69 22 import

1443 2014 80 22 largely.
1599 2028 11 11 x

1469 2043 32 17 Mr
1509 2042 49 18 Fred
1568 2042 21 18 V.
1600 2042 67 23 Kirby,
1677 2042 78 18 brother
1763 2043 20 17 of
1796 2044 32 16 the
1842 2044 38 17 late

1443 2066 61 18 editor
1513 2066 20 16 of
1540 2066 32 16 the
1582 2066 70 21 Napier
1665 2065 57 18 News
1737 2067 42 16 who
1796 2067 84 22 recently

1443 2089 44 23 paid
1495 2095 12 10 a
1516 2089 54 17 short
1577 2090 44 16 visit
1630 2091 20 15 to
1659 2091 38 14 tins
1706 2089 80 20 district,
1800 2090 15 17 is
1821 2090 59 17 about

1443 2115 19 14 to
1471 2112 76 22 publish
1556 2118 11 10 a
1575 2112 49 17 book
1638 2117 25 12 on
1678 2112 78 17 African
1769 2112 62 22 Sport,
1848 2114 32 15 the

1443 2136 86 16 outcome
1538 2135 20 17 of
1576 2135 20 16 IS
1612 2134 59 23 years'
1685 2136 110 22 experience
1812 2136 19 16 in
1847 2136 33 17 the

1442 2158 78 17 interior
1528 2159 20 15 of
1557 2157 32 18 the
1617 2158 52 16 Dark

1466 2186 38 17 The
1513 2185 134 18 Cliristchurch
1664 2186 54 18 Press

1443 2209 70 17 Reeves
1528 2209 38 16 will
1578 2208 23 18 be
1615 2209 127 17 remembered
1761 2209 20 18 in
1798 2210 45 17 time
1859 2211 21 16 to

1443 2238 51 11 come
1502 2238 21 11 as
1532 2232 32 17 the
1572 2232 69 17 author
1648 2232 21 17 of
1677 2238 11 10 a
1697 2232 56 17 small
1763 2233 80 17 number
1860 2234 20 16 of

1441 2261 47 17 very
1496 2255 50 22 good
1555 2261 68 16 poems,
1634 2255 38 17 and
1680 2261 11 11 a
1699 2255 54 23 largo
1767 2256 80 18 number
1859 2256 21 17 of

1442 2284 45 16 very
1506 2278 36 18 bad
1654 2278 136 23 Commenting
1808 2285 23 11 oil
1847 2279 33 17 the

1442 2301 59 18 above
1509 2301 33 17 the
1551 2301 24 17 H.
1586 2302 21 16 B.
1621 2301 73 18 Herald
1708 2308 43 16 says
1761 2301 4 23 :
1811 2302 69 17 Would

1442 2325 43 16 that
1493 2324 33 18 the
1534 2324 42 17 bills
1586 2330 47 11 were
1645 2324 62 17 bettor
1715 2325 38 16 and
1767 2325 33 17 the
1814 2331 66 17 poems

1466 2376 38 18 The
1525 2376 126 18 Government
1671 2377 33 17 has
1723 2377 106 22 completed
1849 2383 20 11 ar-

1441 2401 121 20 rangements
1571 2399 29 18 for
1608 2400 96 22 throwing
1713 2406 48 16 open
1773 2401 20 17 10
1799 2401 81 17 sections

1442 2423 20 17 of
1474 2420 46 20 iand
1533 2423 19 16 in
1569 2423 32 17 the
1615 2423 183 18 Maraeroa-Oturoa
1814 2423 64 18 Block.

1441 2446 39 17 The
1488 2446 46 17 land
1542 2446 16 17 is
1567 2448 20 15 at
1595 2448 75 20 present
1676 2446 79 17 covered
1762 2447 47 17 with
1817 2446 63 18 mixed

1441 2470 64 19 forest,
1516 2468 37 18 and
1562 2469 32 17 the
1603 2469 58 17 forest
1667 2470 15 16 is
1689 2469 99 18 described
1795 2476 20 12 as
1830 2470 50 23 light

1441 2492 38 17 and
1487 2492 81 17 suitable
1576 2493 29 16 for
1621 2493 85 22 grazing.
1737 2493 40 17 The
1792 2499 53 11 areas
1859 2494 20 16 of

1441 2515 33 18 the
1482 2515 81 18 sections
1575 2515 39 17 will
1629 2521 47 16 vary
1689 2517 49 16 from
1758 2517 32 16 118
1808 2518 20 15 to
1845 2517 34 16 518

1441 2544 57 12 acres.
1523 2539 39 16 The
1570 2538 44 17 land
1622 2538 40 17 will
1670 2539 23 16 be
1702 2540 41 17 sold
1752 2540 25 21 by
1796 2540 82 17 auction.

1465 2566 31 17 Mr
1505 2566 28 17 W.
1543 2566 78 22 Rogers,
1639 2566 20 17 of
1673 2566 31 17 tin;
1718 2567 96 17 Hinemoa
1823 2568 55 19 store,

1441 2588 61 18 draws
1511 2589 93 17 attention
1613 2589 18 16 in
1649 2595 34 10 our
1699 2589 87 18 business
1795 2590 85 18 columns

1441 2614 20 15 to
1470 2618 24 11 an
1502 2618 56 16 array
1567 2613 20 16 of
1595 2612 104 18 Christmas
1711 2613 98 17 delicacies
1817 2613 63 17 which

1441 2636 23 17 he
1473 2635 34 18 has
1515 2635 91 22 provided
1614 2635 19 17 in
1642 2636 125 22 anticipation
1777 2637 19 16 of
1805 2636 33 17 the
1846 2636 22 17 de-

1442 2658 66 17 mands
1517 2658 62 17 which
1585 2658 37 17 will
1627 2658 24 17 bo
1658 2659 54 16 made
1720 2665 22 10 on
1751 2660 29 16 his
1786 2665 94 12 resources

1441 2681 71 24 during
1520 2682 32 16 the
1561 2682 130 22 approaching
1700 2682 67 18 festive
1784 2688 71 12 season.

1466 2710 66 18 Shoals
1541 2710 20 17 of
1569 2710 34 18 fish
1613 2710 48 18 have
1669 2710 47 18 been
1723 2711 91 17 observed
1822 2712 19 16 in
1848 2712 32 17 the

1442 2734 42 16 lake
1493 2733 26 22 by
1528 2733 70 17 several
1606 2733 67 23 people
1682 2734 20 16 of
1711 2735 44 16 late.
1771 2735 53 21 They
1833 2735 47 17 have

1442 2762 24 12 on
1481 2757 71 17 several
1569 2757 94 17 occasions
1678 2757 47 17 been
1742 2757 77 18 noticed
1833 2764 35 16 pur-

1442 2780 56 22 suing
1506 2780 32 17 the
1546 2780 71 23 inanga
1626 2785 21 11 or
1655 2780 63 17 native
1728 2781 58 16 white
1792 2781 46 18 bait,
1845 2782 35 16 but

1441 2804 16 16 it
1465 2803 34 17 has
1507 2804 34 16 not
1549 2803 47 17 boon
1605 2803 116 17 ascertained
1734 2804 86 17 whether
1836 2804 44 22 they

1442 2832 31 11 are
1482 2826 57 17 white
1549 2826 36 17 fish
1595 2832 20 11 or
1624 2827 59 16 trout.

1467 2858 23 16 In
1500 2863 126 16 consequence
1635 2858 20 16 of
1663 2858 32 17 the
1704 2858 82 23 damage
1798 2858 49 18 done
1861 2860 21 16 to

1443 2880 33 18 the
1486 2886 65 17 young
1560 2882 48 16 trees
1617 2881 26 21 by
1650 2881 65 17 horses
1730 2882 62 16 which
1807 2888 31 11 are
1853 2882 20 16 al-

1442 2903 60 18 lowed
1511 2905 21 16 to
1540 2903 69 23 parade
1622 2904 32 17 the
1668 2905 67 16 streets
1749 2906 21 15 at
1784 2905 26 17 all
1824 2905 58 17 hours

1443 2927 32 16 the
1483 2927 58 16 Town
1550 2926 62 17 Board
1623 2927 48 17 have
1685 2927 88 23 signified
1788 2928 50 17 their
1852 2928 20 17 in-

1443 2950 73 16 tention
1525 2950 20 16 of
1553 2950 122 22 prosecuting
1683 2950 33 18 the
1722 2956 73 13 owners
1803 2951 19 17 of
1829 2952 52 16 such.

1443 2973 106 21 According
1558 2974 19 15 to
1587 2973 31 17 the
1627 2973 63 17 Police
1699 2973 86 19 Offences
1798 2975 38 16 Act
1849 2975 33 16 the

1443 3001 73 12 owners
1523 2996 19 17 of
1551 2996 79 17 animals
1645 3003 21 10 so
1678 2997 88 23 straying
1780 3003 32 12 are
1826 2997 57 18 liable

1445 3020 19 16 to
1474 3025 11 11 a
1493 3019 78 22 penalty
1581 3025 24 17 up
1614 3020 20 16 to
1648 3019 43 17 £lO.

1467 3048 39 16 The
1514 3048 123 17 unfortunate
1645 3054 43 11 man
1699 3048 74 18 O'Shea
1786 3050 42 17 who
1844 3055 39 11 was

1445 3070 74 18 scalded
1535 3072 21 16 to
1569 3070 56 18 death
1641 3072 20 16 at
1675 3072 92 17 Tokaanu
1781 3072 37 18 last
1830 3072 52 17 week

1445 3094 89 22 formerly
1543 3094 75 17 worked
1632 3094 30 17 for
1675 3095 31 16 Mr
1722 3095 73 22 Crosby
1809 3095 38 17 late
1861 3096 20 16 of

1445 3117 32 17 the
1486 3117 84 17 Rotorua
1579 3117 64 18 Hotel.
1658 3117 30 18 He
1696 3117 38 18 had
1741 3119 45 19 also,
1793 3119 87 21 previous

1445 3141 21 16 to
1474 3140 88 23 working
1570 3140 28 17 for
1607 3140 31 17 Mr
1647 3141 65 20 Strew,
1727 3141 48 18 been
1791 3141 88 23 engaged

1446 3163 25 22 by
1480 3163 71 17 Father
1560 3163 83 17 Smeares
1652 3164 19 16 in
1680 3164 32 17 the
1721 3164 82 18 erection
1816 3165 20 17 of
1849 3165 33 17 the

1447 3186 74 17 Roman
1530 3186 85 18 Catholic
1624 3187 75 17 Church
1712 3190 21 14 at
1746 3187 68 21 Waihi,
1822 3188 60 17 about

1447 3210 10 15 2
1466 3210 54 17 miles
1528 3210 58 17 north
1593 3210 21 17 of
1621 3210 96 17 Tokaanu.

1473 3238 31 16 Mr
1510 3237 66 21 Gavin,
1584 3238 31 17 the
1621 3238 96 18 chairman
1724 3239 20 17 of
1749 3239 32 17 the
1790 3239 25 18 Tc
1821 3239 64 18 Arolia

1450 3261 80 17 Domain
1540 3261 67 20 Board,
1617 3262 20 15 in
1652 3262 98 22 objecting
1762 3264 20 15 to
1796 3263 33 17 the
1843 3268 42 16 way

1448 3284 21 16 in
1478 3284 61 17 which
1546 3284 31 16 the
1586 3284 48 18 local
1649 3290 58 17 paper
1721 3285 38 17 had
1773 3285 76 17 alluded
1864 3286 20 16 to

1450 3307 32 16 the
1492 3307 127 17 Government
1628 3307 88 23 favoring
1724 3308 86 18 Rotorua
1817 3309 20 16 in
1850 3314 23 16 op-

1450 3330 82 22 position
1553 3331 19 16 to
1593 3331 25 16 To
1638 3331 70 19 Arolia,
1728 3331 101 23 expressed
1853 3331 32 17 the

1451 3353 76 22 opinion
1536 3354 43 16 that
1587 3353 14 17 if
1610 3354 112 23 everything
1728 3360 49 11 were
1782 3355 58 16 taken
1845 3355 40 16 into

1450 3376 138 17 consideration
1595 3377 26 16 Te
1629 3377 65 17 Arolia
1701 3377 38 17 had
1750 3377 84 17 received
1840 3383 45 11 even

1450 3405 52 11 more
1516 3404 68 17 money
1598 3399 48 17 than
1659 3400 90 17 Rotorua.
1775 3401 32 16 Mr
1821 3400 64 18 James

1450 3422 52 17 Mills
1511 3422 63 17 writes
1582 3424 19 15 to
1611 3422 33 17 the
1652 3423 88 17 Waikato
1755 3423 96 18 Advocate
1865 3425 20 15 to

1450 3445 33 17 the
1492 3451 50 11 same
1551 3445 59 17 effect.

1475 3474 25 16 As
1509 3474 65 21 briefly
1593 3474 106 17 mentioned
1714 3475 19 16 in
1747 3474 37 17 last
1798 3474 49 17 issue
1855 3475 30 16 Mr

1452 3497 79 21 Phillips
1540 3497 34 16 has
1582 3497 105 22 completed
1701 3498 33 16 the
1750 3497 90 17 standard
1849 3498 36 16 and

1450 3519 107 23 alignment
1565 3525 67 17 survey
1641 3520 20 17 of
1669 3520 32 17 the
1708 3521 57 19 town,
1774 3520 73 24 having
1854 3527 20 11 re-

1451 3542 76 22 pegged
1536 3548 55 16 every
1600 3548 65 11 corner
1670 3543 37 16 and
1714 3544 132 22 permanently
1852 3544 22 17 ad-

1450 3566 65 21 justed
1524 3565 32 17 the
1564 3565 87 22 building
1659 3566 43 17 line.
1718 3566 67 18 Levels
1793 3566 48 18 have
1847 3567 38 17 also

1451 3589 46 16 been
1506 3588 57 17 taken
1572 3594 24 10 on
1612 3588 128 22 longitudinal
1756 3590 81 17 sections
1849 3591 36 16 and

1452 3611 25 17 all
1487 3617 50 11 cross
1546 3611 80 17 sections
1634 3610 20 18 of
1662 3611 33 17 the
1703 3618 44 11 area
1762 3613 89 17 included
1867 3614 18 16 in

1452 3634 31 17 the
1493 3635 50 16 town
1552 3634 45 17 belt.
1622 3634 39 17 The
1677 3635 54 21 plans
1741 3636 19 16 of
1776 3636 33 17 the
1823 3636 62 17 whole

1452 3662 67 17 survey
1528 3657 47 16 have
1583 3657 47 17 been
1639 3657 106 18 forwarded
1753 3660 20 16 to
1782 3659 33 17 the
1823 3660 50 16 Auck-

1452 3679 45 18 land
1506 3679 52 18 office
1566 3680 37 17 and
1619 3680 90 17 residents
1727 3681 38 17 will
1781 3683 74 22 shortly
1863 3683 22 17 be

1452 3702 30 17 ble
1495 3704 20 15 to
1530 3702 64 17 obtain
1607 3709 38 16 any
1658 3704 123 18 information
1795 3705 45 23 they
1854 3705 21 18 de-

1452 3726 35 16 sire
1496 3726 19 16 in
1524 3726 92 17 refesence
1629 3726 20 16 to
1662 3726 50 18 their
1723 3727 88 24 building
1823 3728 62 18 levels.

1452 3749 31 16 Mr
1492 3748 80 22 Phillips
1580 3749 33 16 has
1629 3748 91 23 departed
1736 3751 31 17 for
1816 3752 69 19 Arolia,

1453 3771 29 17 for
1490 3777 68 16 survey
1563 3772 52 17 work
1622 3772 20 17 in
1651 3772 43 17 that
1709 3773 84 23 locality.

1476 3799 29 17 On
1515 3799 93 23 Saturday
1624 3801 37 16 last
1675 3808 10 10 a
1699 3803 52 16 team
1765 3803 20 16 of
1800 3803 85 17 bullocks

1452 3822 89 17 attached
1548 3824 20 15 to
1577 3829 11 10 a
1602 3823 47 22 dray
1665 3825 37 16 and
1719 3825 35 17 left
1770 3825 115 18 unattended

1451 3845 65 17 bolted
1525 3845 54 17 down
1589 3846 104 18 Tutanekai
1701 3847 62 18 Street
1772 3848 38 17 and
1821 3849 64 17 before

1452 3869 45 21 they
1506 3874 49 11 were
1563 3869 79 22 stopped
1651 3871 100 17 succeeded
1756 3872 19 16 in
1782 3872 103 22 uprooting

1452 3892 70 17 several
1534 3893 47 16 trees
1589 3892 39 17 and
1655 3893 96 23 knocking
1759 3895 20 16 to
1795 3896 80 16 scattera-

1452 3915 40 17 tion
1519 3914 50 18 their
1577 3915 101 18 attendant
1691 3918 111 21 treeguards
1815 3918 20 16 in
1848 3918 25 16 Tu-

1452 3937 75 17 tanekai
1536 3937 38 17 and
1582 3938 95 23 Haupapa
1682 3939 77 18 Streets.
1786 3940 99 18 Constable

1452 3961 78 21 Murray
1546 3961 83 18 arrested
1645 3962 33 17 the
1693 3963 51 17 team
1765 3963 38 17 and
1819 3963 66 22 placed

1452 3984 15 16 it
1491 3989 18 11 in
1532 3983 32 17 the
1586 3984 79 22 lock-up
1689 3985 48 22 yard
1762 3986 50 17 until
1834 3986 51 17 those

1452 4006 93 23 supposed
1553 4007 20 16 to
1582 4006 23 18 he
1614 4007 19 17 in
1650 4008 70 23 charge
1733 4011 36 20 put
1781 4009 20 16 in
1814 4015 25 11 an
1852 4015 22 16 ap-

1452 4034 96 18 pearance.
1574 4029 38 17 The
1621 4031 50 17 team
1680 4032 68 16 turned
1756 4033 35 16 out
1799 4033 20 16 to
1826 4032 23 17 be
1855 4032 30 17 the

1452 4053 89 21 property
1558 4052 19 17 of
1594 4053 32 16 the
1642 4053 100 19 Horolioro
1759 4055 72 17 natives
1849 4055 36 17 and

1452 4081 38 11 was
1499 4075 59 17 under
1572 4076 31 16 the
1620 4081 41 12 care
1678 4078 19 16 of
1714 4079 37 16 two
1765 4078 42 17 lads
1819 4078 66 17 named

1452 4098 52 16 Hare
1513 4098 58 22 Piripi
1583 4099 36 16 and
1635 4099 94 23 Hemopo.
1762 4101 40 17 The
1817 4101 68 22 parties

1453 4121 39 16 will
1500 4121 23 16 be
1528 4121 103 22 proceeded
1637 4123 76 21 against
1719 4123 60 17 under
1786 4124 31 17 the
1824 4124 61 17 Police

1452 4144 85 15 Offences
1546 4145 42 14 Act.

1932 142 46 18 Miss
1986 144 50 23 Amy
2043 144 97 23 Vaughan
2148 144 38 17 and
2195 144 33 17 her
2243 145 67 22 troupe
2325 146 18 17 of

1908 166 99 22 Amazons,
2014 169 42 15 who
2060 168 48 16 have
2111 168 48 16 been
2165 167 88 22 drawing
2259 169 84 17 crowded

1909 188 67 18 houses
1995 190 21 17 in
2031 191 33 17 the
2080 190 101 18 Auckland
2198 191 42 21 City
2257 191 45 17 Hall
2320 198 23 10 on

1909 210 94 25 Saturday
2010 214 66 22 nights
2085 214 30 17 for
2123 219 51 12 some
2183 214 45 16 time
2241 215 48 20 past,
2305 215 38 16 will

1908 240 70 16 appear
1986 236 19 16 in
2014 236 84 18 Rotorua
2108 236 70 23 during
2186 236 33 18 the
2230 242 43 12 race
2285 238 58 16 week.

1932 261 68 19 Messrs
2008 263 98 23 Wynyard
2118 264 39 17 and
2168 264 89 20 Purchas,
2275 264 57 18 banis-

1908 285 38 16 ters
1962 286 38 16 and
2015 287 98 19 solicitors,
2129 287 47 17 have
2191 287 88 17 removed
2295 288 48 16 from

1909 306 53 23 High
1971 308 67 22 Street,
2049 310 105 20 Auckland,
2165 311 19 16 to
2192 310 55 17 Bank
2264 311 19 16 of
2296 309 47 18 New

1908 330 83 18 Zealand
2002 332 108 22 Chambers,
2127 334 64 18 Queen
2205 333 68 17 Street.
2304 334 39 16 The

1908 352 43 18 firm
1958 354 16 16 is
1982 356 58 21 agent
2049 356 29 16 for
2087 356 43 18 that
2137 356 57 18 block
2203 357 20 16 of
2234 356 46 17 land
2294 362 24 11 on
2332 362 11 11 a

1908 376 75 22 portion
1998 379 19 16 of
2032 379 62 17 which
2107 379 32 17 Mr
2148 379 102 17 Maunders
2259 379 16 17 is
2283 381 50 15 erect-

1908 404 34 17 mg
1948 400 29 17 his
1989 400 94 24 boarding
2098 403 65 20 house,
2178 402 38 18 and
2231 408 28 11 wo
2273 402 59 17 under-

1908 423 56 17 stand
1972 423 43 18 that
2023 424 33 17 the
2069 426 107 23 remaining
2189 426 108 17 allotments
2311 431 32 11 tire

1908 445 34 16 f;tsi
1953 445 59 23 being
2019 447 57 17 taken
2087 454 31 16 up.

1931 472 84 18 Tourists
2023 474 20 16 in
2051 475 65 17 search
2125 476 21 16 of
2159 476 112 23 greenstone
2287 482 44 11 orna-

1908 496 61 16 ments
1977 502 21 10 or
2007 497 54 17 otli('r
2072 499 116 17 mementoes
2201 500 19 16 of
2234 499 49 17 their
2299 499 44 16 visit

1908 519 19 15 to
1937 518 37 17 this
1982 522 77 19 quarter
2068 521 21 16 of
2096 521 33 17 the
2137 522 57 22 globe
2207 522 39 17 will
2261 522 24 17 do
2299 522 42 17 well

1908 543 19 14 to
1937 541 35 17 call
1982 548 23 10 on
2014 543 32 16 Mr
2052 543 22 17 E.
2085 543 82 22 Spencer
2174 551 26 11 on
2208 546 134 18 Queen-street

1909 563 66 21 wharf,
1996 566 86 21 opposite
2103 567 32 17 the
2162 568 76 22 railway
2264 568 76 17 station.

1908 586 62 23 Luge
1978 590 123 17 assortments
2110 591 20 16 of
2138 590 47 17 New
2192 591 83 17 Zetland
2281 591 61 18 curios

1900 610 1 26 j
1908 610 20 16 of
1936 616 55 16 every
2000 610 114 24 description
2122 619 32 11 are
2162 613 46 23 kept
2216 619 24 12 on
2249 614 51 17 hand
2304 614 39 17 and

1900 633 1 26 i
1908 638 24 12 an
1941 633 103 22 inspection
2054 635 20 17 of
2083 635 53 18 these
2149 637 40 16 will
2203 642 57 17 prove
2274 638 20 16 of
2310 638 32 16 the

1908 657 83 21 greatest
2000 657 84 18 interest.

1931 683 69 20 Messrs
2017 686 54 18 Thos.
2090 687 52 17 Cook
2159 687 37 17 and
2211 687 43 22 Sju,
2280 689 62 18 whose

1908 714 64 11 names
1980 715 32 10 are
2021 710 81 16 familiar
2111 717 19 10 as
2139 711 104 18 household
2252 712 61 17 words
2322 713 19 16 in

1908 737 55 16 every
1971 734 78 20 quarter
2056 733 21 17 of
2085 733 32 17 the
2127 734 59 16 world
2197 735 109 21 penetrated
2316 736 25 21 by

1908 755 83 21 tourists,
2007 755 58 18 insert
2073 756 50 16 their
2137 756 85 18 business
2234 764 96 12 announce-

1908 779 52 15 ment
1976 778 19 17 in
2012 778 38 18 this
2066 779 55 17 issue.
2151 780 60 17 Those
2228 780 82 18 desirous
2322 782 21 16 of

1908 801 101 22 travelling
2017 802 25 22 by
2050 802 46 18 land
2109 808 22 11 or
2147 809 31 10 sea
2196 804 43 16 with
2257 810 20 11 as
2294 804 48 17 little

1907 824 87 21 personal
2002 825 74 17 trouble
2085 826 19 16 in
2114 826 32 16 the
2154 828 69 15 matter
2227 826 20 17 of
2252 833 78 17 arrange-

1908 848 61 16 ments
1977 854 20 10 as
2005 848 16 16 is
2036 848 84 22 possible
2130 849 37 16 will
2180 849 39 17 find
2228 850 49 16 their
2293 850 40 17 diffi-

1908 870 65 17 culties
1982 871 98 17 smoothed
2094 877 43 12 over
2152 871 25 23 by
2194 872 114 22 application
2322 875 20 16 at

1908 894 32 16 the
1960 894 99 17 Auckland
2080 894 53 18 office
2158 896 18 15 in
2203 895 137 19 Queen-street.

1908 916 69 17 Messrs
1985 917 51 17 Cook
2045 918 38 16 and
2092 917 38 18 Son
2139 918 38 17 will
2187 924 48 16 ojr-n
2247 925 12 10 a
2271 919 70 17 branch

1908 939 51 18 office
1967 940 45 17 here
2019 943 47 15 next
2074 941 74 17 month.

1930 969 30 16 On
1969 971 79 15 account
2057 970 19 16 of
2085 970 32 16 the
2134 970 132 22 indisposition
2278 971 19 17 of
2306 971 35 17 His

1907 991 67 18 Honor
1982 992 63 23 Judge
2051 993 72 16 Wilson
2130 993 53 17 there
2190 999 37 12 was
2235 994 34 17 no'
2275 995 67 22 sitting

1907 1015 20 16 of
1935 1015 32 17 the
1975 1015 68 18 Native
2056 1016 56 17 Land
2127 1016 59 17 Court
2200 1023 24 10 on
2240 1017 99 22 Saturday.

1906 1038 89 18 Business
2003 1045 43 14 was,
2056 1040 94 19 however,
2159 1040 85 17 resumed
2254 1046 23 11 on
2285 1040 42 18 Mon-

1906 1061 43 23 day.
1982 1061 54 19 Since
2050 1063 33 17 the
2097 1063 84 22 opening
2198 1063 19 16 of
2233 1063 33 17 the
2282 1064 59 18 Court

1906 1084 63 23 Judge
1982 1085 87 18 Wilson's
2086 1085 62 18 labors
2165 1086 47 17 have
2228 1085 48 19 been
2292 1088 49 16 most

1906 1108 117 23 engrossing,
2034 1115 57 16 many
2105 1110 20 15 of
2137 1109 33 17 the
2185 1115 50 11 cases
2244 1110 97 22 requiring

1906 1131 32 17 the
1947 1131 67 18 closest
2023 1132 90 22 scrutiny.
2139 1132 31 17 Mr
2183 1132 110 18 Hammond
2306 1133 35 17 has

1906 1155 39 17 also
1953 1154 38 18 had
2000 1155 20 17 to
2026 1155 45 17 bear
2080 1155 28 17 his
2121 1155 55 17 share
2189 1156 20 16 of
2222 1156 32 16 the
2268 1156 73 18 burden

1906 1178 35 16 but
1948 1178 24 17 he
1980 1178 34 17 has
2023 1178 46 17 been
2083 1178 86 17 affjrded
2181 1184 50 12 some
2245 1179 54 18 relief
2315 1179 25 22 by

1906 1201 32 17 the
1957 1201 133 22 appointment
2109 1202 21 16 of
2150 1207 24 11 an
2195 1202 94 21 assistant,
2310 1203 31 16 Mr

1906 1223 96 21 Sheridan,
2013 1225 42 17 who
2064 1225 74 17 arrived
2147 1230 25 11 on
2181 1225 84 22 Monday
2277 1226 62 22 night.

1928 1256 32 17 Mr
1966 1256 22 17 R.
1998 1256 58 17 Wake
2065 1257 34 16 has
2108 1262 43 11 now
2160 1257 105 21 completed
2271 1258 32 17 the
2311 1258 19 17 al-

1905 1280 90 16 terations
2003 1281 20 15 to
2036 1280 28 16 his
2082 1281 50 15 store
2148 1280 20 16 in
2186 1280 74 18 Fenton
2276 1282 62 17 street,

1905 1303 85 22 opposite
1996 1303 33 17 the
2038 1303 64 17 Grand
2112 1303 64 20 Hotel,
2191 1303 37 17 and
2236 1303 20 17 in
2262 1304 79 17 another

1905 1325 75 18 column
1988 1326 96 22 publishes
2093 1333 10 9 a
2116 1326 64 21 digest
2196 1327 20 16 of
2231 1327 34 16 the
2281 1327 58 23 goods

1904 1348 61 17 which
1974 1349 24 16 he
2006 1349 55 17 offers
2069 1352 20 13 to
2097 1348 32 18 the
2137 1349 70 22 public.
2226 1350 31 16 Mr
2266 1350 74 17 Wake's

1904 1372 53 18 stock
1965 1372 16 17 is
1989 1378 12 11 a
2009 1374 50 16 most
2074 1372 153 23 comprehensive
2243 1379 41 14 one,
2302 1373 37 18 and

1904 1395 80 17 selected
1993 1396 45 16 with
2047 1402 11 10 a
2067 1395 149 17 discrimination
2225 1396 60 17 which
2294 1402 34 12 can-

1904 1419 35 16 not
1946 1419 33 16 fail
1988 1420 20 15 to
2017 1420 71 16 attract
2097 1419 117 21 purchasers.
2240 1420 17 16 A
2264 1420 75 22 perusal

1904 1442 20 17 of
1932 1442 32 17 the
1972 1442 33 16 list
2014 1442 14 16 is
2037 1448 42 11 sure
2089 1444 19 14 to
2116 1442 24 16 be
2150 1442 86 17 followed
2246 1442 24 23 by
2280 1449 10 10 a
2296 1443 43 16 visit

1904 1466 19 16 to
1933 1465 32 17 the
1978 1467 55 16 store.

1927 1494 38 17 The
1982 1494 72 18 Herald
2070 1495 59 17 states
2136 1494 3 23 :
2186 1494 55 18 Some
2258 1495 81 22 surprise

1904 1518 33 16 has
1946 1517 47 17 been
2001 1517 77 18 evinced
2087 1519 21 15 at
2115 1518 34 16 the
2157 1518 32 16 old
2202 1524 43 11 man
2259 1519 80 17 Duncan

1904 1541 97 21 Campbell
2009 1541 59 23 being
2075 1541 101 17 sentenced
2188 1543 21 15 at
2222 1541 84 18 Rotorua
2319 1543 20 16 to

1904 1564 28 17 six
1941 1564 66 17 weeks'
2017 1564 144 22 imprisonment
2169 1564 19 17 in
2204 1565 68 16 Mount
2285 1565 53 17 Eden

1904 1587 49 22 gaol,
1965 1587 30 17 for
2002 1587 73 22 having
2082 1593 26 11 no
2116 1587 66 17 visible
2193 1593 64 12 means
2266 1588 19 17 of
2294 1594 35 17 .sup-

1903 1612 48 20 port,
1962 1610 94 23 although
2064 1610 82 17 without
2154 1611 48 17 hard
2216 1611 73 17 labour,
2320 1612 19 16 it

1903 1639 79 17 appears
1990 1633 43 18 that
2042 1633 22 18 he
2073 1633 34 17 lias
2115 1633 48 18 been
2170 1634 70 17 several
2249 1634 55 18 times
2319 1635 19 16 in

1904 1657 32 16 the
1944 1656 75 23 Costley
2031 1657 68 20 Home,
2116 1657 37 16 but
2169 1656 38 18 had
2223 1657 116 23 voluntarily

1904 1680 72 17 cleared
1984 1682 39 15 out.
2051 1680 29 17 He
2089 1686 38 11 was
2136 1680 64 17 rather
2213 1680 92 18 eccentric
2319 1681 18 17 in

1903 1703 29 17 his
1944 1703 81 17 conduct
2038 1704 58 18 there,
2113 1703 38 17 and
2164 1705 32 21 yet
2210 1703 38 17 had
2262 1710 11 10 a
2289 1704 50 23 good

1903 1726 41 17 deal
1953 1727 20 16 of
1982 1726 76 17 method
2067 1727 19 16 in
2096 1727 29 16 his

1926 1758 39 18 The
1979 1758 191 22 Surveyor-General,
2196 1758 32 18 Mr
2245 1759 18 17 S.
2280 1759 59 23 Percy

1904 1781 66 21 Smith,
1977 1781 73 18 arrived
2056 1783 20 16 at
2083 1781 32 18 the
2121 1781 71 23 Geyser
2199 1782 71 20 House,
2280 1783 44 17 Wha-

1902 1806 130 19 karowarowa,
2050 1805 38 16 last
2096 1804 57 23 night
2161 1805 49 17 after
2224 1811 11 10 a
2248 1811 46 17 very
2300 1806 29 17 dis-

1903 1828 98 23 agreeable
2009 1828 81 22 journey
2099 1828 49 17 from
2156 1828 72 23 Taupo.
2254 1828 30 18 He
2293 1829 44 20 will,

1902 1852 16 16 it
1925 1851 16 17 is
1949 1851 96 22 expected,
2056 1851 70 17 remain
2136 1851 43 17 hero
2190 1852 28 16 for
2227 1858 10 10 a
2243 1852 37 16 few
2285 1852 52 23 days.

1903 1875 40 17 One
1952 1875 20 17 of
1981 1875 31 16 the
2019 1874 73 22 objects
2105 1875 20 16 of
2134 1875 32 16 the
2183 1875 144 22 Surveyor-Gen-

1902 1898 54 17 eral's
1963 1899 76 21 present
2045 1898 44 16 visit
2097 1898 16 16 is
2130 1898 20 16 to
2167 1898 63 22 report
2247 1904 50 16 upon
2306 1899 33 17 the

1903 1922 83 21 sanitary
1999 1920 106 18 conditions
2122 1921 19 17 of
2156 1921 32 17 the
2205 1922 52 16 town
2273 1922 45 17 with
2328 1929 11 10 a

1902 1945 47 16 view
1959 1946 20 15 to
1988 1943 50 18 their
2050 1944 144 22 improvement.
2219 1945 39 16 The
2266 1945 73 17 desired

1902 1967 82 18 increase,
1993 1967 18 17 in
2021 1967 32 17 tin:
2063 1967 48 16 Bath
2130 1967 162 18 accommodation
2301 1968 38 17 and

1902 1991 54 17 other
1966 1991 77 16 matters
2053 1990 38 17 will
2100 1990 39 17 also
2154 1990 70 17 receive
2237 1991 100 18 attention.

1927 2020 14 15 A
1951 2020 55 21 party
2016 2019 19 16 of
2042 2018 71 18 officers
2118 2018 50 17 from
2175 2018 32 17 the
2213 2019 70 17 Italian
2290 2025 36 11 war-

1902 2042 42 22 ship
1952 2047 43 12 now
2003 2042 19 16 in
2032 2042 100 17 Auckland
2140 2042 89 18 harbour,
2239 2042 99 23 including

1902 2065 66 17 Prince
1974 2065 57 22 Luigi
2041 2066 20 16 of
2072 2065 68 22 Savoy,
2151 2065 37 17 and
2198 2065 69 22 Signor
2275 2066 62 20 Corte,

1902 2089 70 17 Italian
1981 2088 64 17 consul
2057 2089 20 16 at
2087 2088 76 22 Sydney
2179 2088 74 18 arrived
2261 2089 44 17 here
2314 2095 24 11 or:

1902 2111 90 22 Monday,
2002 2112 78 21 putting
2089 2117 25 16 up
2123 2112 21 15 at
2153 2111 31 16 the
2200 2111 65 17 Grand
2273 2112 64 17 Hotel.

1902 2134 119 18 Undeterred
2028 2134 26 22 by
2063 2134 33 17 the
2113 2135 59 16 storm
2189 2134 105 23 yesterday,
2304 2136 33 16 the

1901 2159 62 21 party,
1969 2157 60 18 under
2034 2157 32 17 the
2073 2157 118 23 guidanceof
2196 2158 30 16 Mr
2232 2158 104 19 Warbrick,

1901 2181 67 17 visited
1984 2181 98 17 Tarawera
2099 2180 38 17 and
2156 2180 180 19 Whakarewarewa.

1902 2204 25 17 At
1936 2203 55 24 night
2000 2204 64 17 alialra
2070 2204 46 17 took
2125 2204 52 22 place
2184 2204 20 16 in
2210 2204 33 17 the
2250 2204 87 18 Pukeroa

1902 2227 45 17 Hall
1956 2227 61 17 which
2026 2233 38 11 was
2072 2227 102 17 witnessed
2190 2227 26 22 by
2224 2228 33 16 the
2275 2229 51 16 stran-

1902 2256 42 16 gers
1952 2251 45 16 with
2007 2251 56 16 much
2080 2250 85 17 interest.
2190 2251 39 16 The
2238 2252 56 22 party
2302 2251 36 17 loft

1902 2274 29 17 for
1940 2274 99 17 Auckland
2047 2274 38 17 this
2099 2273 97 23 morning.

1925 2305 25 17 At
1958 2312 12 10 a
1984 2306 77 21 general
2075 2305 85 23 meeting
2175 2306 20 16 of
2210 2306 32 17 the
2256 2305 70 24 Presby-

1901 2329 60 16 terian
1982 2329 75 17 Church
2074 2329 136 21 congregation
2226 2329 44 17 held
2289 2329 50 18 after

1901 2352 69 17 service
1979 2358 22 11 on
2012 2352 78 22 Sunday
2099 2352 81 21 evening
2189 2352 37 17 last
2234 2352 32 17 the
2278 2353 60 17 vexed

1901 2375 86 22 question
2002 2376 19 16 of
2035 2381 11 11 a
2063 2374 81 18 suitable
2161 2375 70 17 church
2249 2376 34 17 site
2300 2382 38 12 was

1902 2398 65 22 finally
1982 2398 82 18 decided.
2091 2399 19 16 It
2125 2403 38 12 was
2177 2398 84 18 resolved
2274 2399 26 22 by
2314 2406 23 10 an

1902 2421 147 23 overwhelming
2057 2421 91 22 majority
2157 2423 19 16 to
2188 2421 68 18 adhere
2271 2423 20 16 to
2306 2423 32 16 the

1901 2445 35 16 site
1955 2445 20 16 in
1996 2444 176 21 Pukuatua-stroet,
2195 2445 31 16 the
2248 2445 50 17 lease
2318 2446 21 16 of

1902 2467 60 18 which
1971 2474 38 11 was
2017 2467 77 18 secured
2104 2468 19 16 at
2138 2468 33 16 the
2184 2468 38 17 last
2234 2468 46 18 land
2293 2469 44 17 sale.

1901 2491 39 17 The
1950 2491 70 17 section
2029 2492 20 16 at
2058 2491 32 17 the
2099 2496 42 12 rear
2146 2491 61 17 which
2212 2491 33 17 the
2253 2492 72 17 Govern-

1902 2516 51 15 ment
1962 2520 49 11 were
2024 2514 81 17 induced
2118 2515 20 16 to
2153 2516 35 20 put
2202 2521 26 15 up
2243 2515 30 17 for
2287 2521 38 12 com-

1901 2538 80 22 petition
1995 2539 20 15 at
2031 2537 86 22 Friday's
2135 2538 38 16 sale
2190 2538 38 17 will
2245 2538 93 17 therefore

1902 2562 34 16 not
1943 2561 23 17 be
1975 2561 91 22 required,
2077 2561 63 17 unless
2148 2561 16 17 it
2172 2567 44 16 may
2224 2561 23 17 be
2261 2561 78 18 decided

1902 2585 19 17 to
1930 2590 63 11 secure
2002 2584 15 17 it
2031 2590 19 11 as
2066 2590 12 11 a
2092 2584 80 17 suitable
2183 2584 82 17 location
2282 2585 30 17 for
2328 2592 11 10 a

1902 2613 69 12 manse.

1925 2636 101 17 Reference
2042 2642 38 11 was
2097 2636 85 22 recently
2198 2637 54 16 made
2270 2638 19 16 to
2306 2638 32 16 the

1902 2659 80 17 erection
1992 2660 20 15 of
2020 2659 70 17 certain
2101 2659 55 17 small
2165 2660 85 22 cottages
2264 2660 25 22 by
2306 2660 33 17 the

1902 2682 72 18 natives
1982 2688 25 11 on
2014 2682 32 17 the
2052 2682 121 18 Turoekuroe
2178 2683 70 17 section
2255 2683 69 17 Whaka-

1902 2711 100 11 rewarewa
2010 2706 29 16 for
2047 2705 70 23 letting
2125 2711 98 17 purposes.
2248 2707 18 16 A
2273 2706 66 18 visitor

1902 2728 92 18 describes
2011 2728 53 18 them
2080 2735 20 10 as
2116 2735 13 10 a
2165 2730 96 21 congeries
2277 2730 20 17 of
2310 2730 29 17 tin

2021 2752 39 17 and
2074 2757 54 12 avers
2144 2752 43 17 that
2204 2752 45 23 they
2266 2753 73 16 neither

1902 2775 84 22 improve
1994 2775 32 17 the
2035 2775 102 22 landscape
2151 2781 21 11 or
2186 2775 68 22 appeal
2270 2777 19 15 to
2306 2776 33 17 the

1902 2798 115 22 sympathies
2026 2798 20 17 of
2054 2798 55 17 those
2116 2799 20 16 in
2146 2799 63 16 search
2221 2799 19 16 of
2249 2805 11 10 a
2268 2799 61 17 limita-

1903 2822 46 16 tion.
1975 2821 83 23 Perhaps
2073 2821 33 17 the
2122 2823 76 21 present
2212 2822 44 17 visit
2272 2822 20 17 of
2308 2822 33 17 the

1904 2844 185 23 Surveyor-General
2098 2850 43 16 may
2150 2844 88 23 expedite
2247 2846 33 16 the
2288 2851 39 11 com-

1904 2867 71 22 pletion
1984 2868 20 16 of
2012 2867 33 17 the
2050 2868 129 17 Government
2184 2868 41 16 title
2231 2869 19 16 to
2258 2869 69 17 Whaka-

1904 2896 99 13 rewarewa
2011 2891 55 16 when
2080 2890 52 18 these
2149 2896 119 13 exeresences
2285 2892 54 17 could

1904 2914 23 17 bo
1947 2914 117 17 obliterated.
2096 2914 59 16 There
2173 2919 32 12 are
2223 2915 45 20 also,
2290 2915 16 16 it
2325 2916 16 16 is

1904 2936 120 21 understood,
2035 2942 34 12 one
2078 2942 22 12 or
2108 2938 38 16 two
2155 2937 64 17 native
2226 2937 87 19 interests
2322 2938 18 17 in

1904 2961 32 16 the
1945 2966 41 11 new
1995 2960 95 22 township
2099 2960 106 22 unbouglit.

1927 2989 38 16 The
1974 2989 99 21 following
2082 2988 111 18 alterations
2200 2989 17 17 in
2224 2989 33 17 the
2264 2990 77 23 railway

1904 3012 69 17 service
1993 3011 38 18 will
2052 3011 45 18 take
2117 3011 55 23 place
2193 3013 47 17 from
2255 3013 86 23 Monday

1904 3036 51 19 next,
1963 3035 103 16 December
2075 3034 21 24 2:
2097 3034 55 17 —On
2161 3035 101 23 Tuesdays,
2269 3037 59 16 Thurs-

1904 3058 46 21 days
1959 3058 37 16 and
2010 3057 103 23 Saturdays
2128 3058 33 17 the
2174 3058 99 18 Auckland
2290 3060 50 16 train

1905 3081 37 17 will
1950 3081 60 17 arrive
2019 3081 43 17 here
2071 3082 68 16 at-1.00
2144 3087 54 16 p.m.,
2207 3082 37 17 and
2251 3088 24 11 on
2283 3083 43 17 Mon-

1905 3103 45 23 days
1956 3103 38 18 and
2000 3103 127 23 Wednesdays
2132 3106 22 15 at
2160 3105 42 16 8.40
2207 3110 53 17 p.m.,
2266 3105 75 18 instead

1906 3128 19 16 of
1934 3128 40 16 7.15
1982 3133 46 16 p.m.
2054 3128 40 16 The
2102 3128 48 16 hour
2163 3128 20 17 of
2198 3128 101 22 departure
2311 3130 31 16 for

1906 3150 105 22 Monday's,
2033 3150 134 23 Wednesday's
2193 3151 37 17 and
2256 3151 85 24 Friday's

1905 3173 60 17 trains
1972 3173 81 17 remains
2062 3180 20 10 as
2090 3173 70 19 before,
2170 3174 36 17 but
2213 3180 25 11 on
2246 3175 95 21 Tuesdays

1906 3196 37 17 and
1951 3196 108 22 Thursdays
2068 3198 32 15 tiie
2109 3197 49 17 hour
2165 3197 35 18 has
2208 3197 47 18 been
2270 3198 71 17 altered

1906 3220 49 16 from
1963 3220 41 16 4.45
2013 3225 44 12 a.m.
2067 3221 20 16 to
2097 3220 41 17 7.30
2147 3226 44 11 a.m.
2217 3221 26 16 To
2252 3222 37 16 suit
2304 3222 37 16 this

1906 3244 134 21 arrangement
2050 3243 55 16 mails
2119 3243 40 17 will
2172 3244 23 16 be
2211 3244 94 17 delivered
2322 3245 19 16 at

1906 3265 33 17 the
1947 3265 46 18 Post
2002 3265 57 18 Office
2068 3267 78 16 counter
2155 3272 24 11 on
2188 3267 33 17 the
2231 3267 52 22 early
2292 3267 50 17 train

1906 3288 46 22 days
1961 3290 21 15 at
1991 3290 9 16 7
2009 3288 78 21 o'clock,
2101 3289 38 17 and
2153 3295 24 11 on
2191 3290 32 17 the
2237 3290 39 17 late
2292 3291 50 16 train

1906 3311 65 22 nights
1980 3317 23 11 on
2013 3312 32 17 the
2054 3312 100 23 following
2162 3313 94 22 morning.
2286 3314 56 16 Mails

1907 3335 48 16 close
1964 3336 20 15 at
1993 3335 31 17 the
2033 3335 49 17 local
2091 3335 52 17 office
2158 3342 23 10 on
2195 3336 95 22 Tuesdays
2304 3337 38 16 and

1907 3357 107 23 Thursdays
2028 3359 20 16 at
2063 3359 41 16 6..'10
2121 3357 56 23 a.m.;
2200 3364 24 11 on
2240 3359 33 18 the
2289 3360 54 17 other

1908 3380 45 22 days
1962 3381 33 16 the
2002 3381 49 17 hour
2059 3382 21 16 of
2096 3382 73 22 closing
2181 3382 39 17 will
2236 3383 71 16 remain
2323 3389 20 10 as

1908 3409 47 14 now,
1965 3404 43 20 viz.,
2018 3405 10 15 8
2038 3410 45 12 a.m.

1931 3430 31 16 Mr
1970 3431 26 16 H.
2007 3431 61 22 Piper,
2083 3432 21 16 of
2119 3431 82 22 Akaroa,
2219 3432 123 23 Canterbury,

1909 3453 41 17 who
1959 3453 34 18 has
2001 3453 46 18 been
2056 3455 19 16 in
2085 3455 37 16 this
2137 3455 75 17 district
2221 3455 30 17 for
2259 3456 33 17 the
2299 3458 43 19 past

1908 3476 36 17 few
1953 3476 46 22 days
2007 3477 35 18 has
2049 3477 90 18 returned
2148 3478 48 17 from
2211 3479 85 17 Galatea.
2313 3479 30 17 He

1908 3500 88 22 acquired
2002 3506 12 10 a
2022 3500 52 23 large
2090 3501 80 17 interest
2182 3502 20 15 in
2210 3502 32 17 the
2251 3502 92 17 Waioliau

1908 3522 59 18 Block
1975 3529 51 11 some
2034 3529 55 16 years
2097 3530 42 15 ago,
2150 3524 34 17 but
2193 3524 63 23 owing
2265 3526 20 16 to
2292 3531 50 11 some

1908 3545 141 23 complications
2065 3547 47 16 with
2133 3547 31 17 the
2182 3548 72 16 natives
2271 3548 23 16 he
2310 3549 33 16 has

1908 3574 56 11 never
1970 3569 47 17 been
2026 3570 42 17 able
2076 3571 20 16 to
2113 3570 44 17 take
2172 3571 110 21 possession.
2308 3571 35 17 His

1907 3593 64 16 recent
1979 3592 81 23 journey
2074 3599 37 11 was
2128 3592 117 18 undertaken
2255 3594 46 17 with
2310 3594 33 17 the

1908 3615 47 16 view
1963 3617 20 15 to
1992 3616 55 16 effect
2054 3622 12 10 a
2077 3615 115 22 settlement,
2202 3617 35 16 hut
2244 3617 20 16 in
2273 3617 38 17 this
2320 3617 23 17 he

1908 3643 38 12 was
1955 3638 45 22 only
2014 3639 90 21 partially
2120 3640 107 19 successful,
2253 3640 39 17 The
2300 3646 43 11 area

1909 3661 79 17 claimed
1996 3663 88 16 amounts
2097 3663 20 16 to
2126 3662 54 21 3,500
2199 3669 51 11 acres
2258 3663 62 17 which
2328 3664 15 15 is

1908 3684 43 16 held
1961 3684 60 17 under
2029 3691 11 10 a
2048 3685 46 17 land
2102 3685 82 17 transfer
2193 3686 47 21 title,
2250 3686 54 18 twice
2313 3692 20 11 re-

1909 3707 72 17 moved.
2006 3707 39 17 The
2053 3707 74 18 natives
2133 3708 62 22 allege
2203 3709 42 17 that
2254 3709 32 17 the
2292 3710 41 21 orig-

1908 3730 38 16 inal
1953 3735 64 12 owner
2024 3731 89 16 obtained
2130 3731 33 16 the
2178 3731 45 18 land
2239 3732 26 22 by
2281 3732 61 20 fraud,

1908 3752 38 18 and
1953 3753 49 17 have
2009 3759 57 12 never
2074 3754 81 16 allowed
2169 3754 31 17 Mr
2216 3755 57 22 Piper
2280 3757 20 15 to
2309 3756 34 21 put

1908 3782 11 10 a
1928 3776 41 16 foot
1977 3782 24 10 on
2009 3777 33 17 the
2050 3777 82 22 ground.
2158 3777 59 17 There
2230 3778 15 16 is
2257 3784 11 10 a
2280 3778 63 17 native

1908 3798 108 18 settlement
2027 3805 24 12 on
2064 3800 33 17 the
2113 3799 56 18 other
2183 3801 76 22 portion
2276 3801 20 17 of
2312 3801 31 17 the

1908 3821 61 17 block.
1995 3822 29 17 On
2033 3823 84 22 arriving
2130 3823 53 17 there
2200 3824 36 17 last
2245 3824 98 22 Thursday

1908 3845 36 16 and
1958 3845 58 22 again
2033 3852 24 10 on
2073 3846 79 22 Sunday
2169 3848 55 16 much
2241 3846 102 18 discussion

1908 3867 46 18 took
1961 3868 59 22 place,
2038 3869 32 17 the
2087 3870 87 16 outcome
2190 3870 20 16 of
2226 3870 62 17 which
2304 3876 38 11 was

1908 3891 43 16 that
1958 3892 78 17 matters
2045 3892 68 17 should
2127 3892 72 17 remain
2215 3893 20 16 in
2250 3893 93 22 abeyance

1908 3913 49 17 until
1965 3914 33 16 the
2006 3914 84 18 Premier
2106 3920 52 12 came
2174 3921 26 16 up
2216 3916 19 16 in
2252 3916 90 22 January.

1909 3936 18 16 If
1936 3942 10 10 a
1955 3937 119 22 satisfactory
2085 3939 109 16 settlement
2209 3939 16 17 is
2242 3939 71 17 arrived
2323 3940 20 16 at

1908 3959 46 17 then
1970 3959 32 18 the
2026 3961 73 17 natives
2124 3961 40 18 will
2180 3961 43 23 give
2238 3962 33 17 Mr
2287 3962 56 22 Piper

1908 3982 99 21 peaceable
2015 3984 110 21 possession,
2139 3984 35 17 but
2182 3985 16 16 if
2213 3984 33 17 the
2261 3985 82 17 Premier

1908 4005 64 17 thinks
1981 4005 14 17 it
2004 4006 95 18 advisable
2112 4007 44 17 that
2163 4007 16 17 it
2195 4007 69 17 should
2272 4008 23 17 be
2304 4009 30 16 set-

1909 4027 39 17 tled
1955 4028 26 22 by
1989 4029 33 17 the
2031 4029 89 23 Supreme
2131 4030 59 17 Court
2206 4031 46 22 they
2268 4031 38 16 will
2318 4037 24 16 go

1909 4050 58 15 there.

1996 4074 112 18 WOLFE'S
2121 4076 131 16 SCHNAPPS

1910 4109 80 17 Induces
1998 4116 11 10 a
2017 4110 95 18 healthful
2120 4112 91 17 secretion
2221 4113 19 17 of
2252 4112 35 18 the
2299 4119 33 16 gas-

1910 4131 35 18 tric
1953 4133 56 21 juice,
2019 4139 11 11 a
2038 4134 50 16 chief
2096 4135 59 21 agent
2163 4135 19 16 in
2192 4135 32 17 the
2232 4141 74 16 process
2325 4136 18 17 of

1910 4155 32 17 the
1950 4157 147 17 transmutation
2106 4157 19 17 of
2134 4157 45 17 food
2184 4158 41 16 into
2233 4158 63 16 blood.

2390 148 16 16 A
2415 153 67 16 young
2489 147 63 17 native
2560 148 67 16 named
2633 148 100 22 Ngahuru,
2740 149 60 17 about

2368 171 21 15 i<)
2397 176 54 16 years
2458 171 20 16 of
2483 175 42 17 age,
2532 169 39 18 and
2578 176 34 11 son
2618 172 19 15 of
2644 171 96 19 Koiohiko
2745 172 42 17 Hau-

2365 199 50 17 papa
2423 193 45 17 died
2476 194 21 16 at
2505 193 33 16 tlie
2545 199 25 15 pa
2577 193 45 18 here
2630 194 100 22 yesterday
2737 201 51 11 morn-

2365 216 40 22 ing.
2430 216 103 18 Reference
2546 221 37 12 was
2597 217 54 17 made
2667 220 21 14 to
2704 218 33 17 the
2753 218 47 17 lad's

2365 239 97 17 condition
2474 239 20 16 in
2508 239 33 17 the
2557 237 117 20 CniloxicxE
2690 246 52 12 some
2755 241 45 17 time

2364 267 44 17 ago.
2434 263 19 16 It
2459 268 79 16 appears
2547 261 41 18 that
2597 263 24 17 he
2629 263 34 17 has
2671 263 48 18 been
2734 265 57 16 suffer-

2364 284 35 23 ing
2407 285 49 18 from
2465 291 11 11 a
2484 284 84 17 diseased
2575 285 48 17 knee
2630 286 51 22 joint
2690 286 69 18 caused
2775 287 25 21 by

2364 314 10 9 a
2390 308 44 17 kick
2446 307 85 19 received
2547 308 19 16 at
2584 308 80 18 football
2678 310 53 16 three
2747 313 53 19 year's

2364 336 44 17 ago.
2433 331 37 17 For
2484 331 75 17 months
2571 332 45 22 past
2629 332 24 16 lie
2669 331 35 18 has
2720 333 48 17 been
2782 333 18 17 in

2364 355 55 20 great
2427 354 45 22 pain
2484 354 39 17 and
2537 360 37 11 was
2590 354 85 22 brought
2691 355 44 18 here
2751 357 49 16 from

2356 376 1 27 |
2364 376 33 17 the
2406 376 77 18 Koutou
2492 383 51 11 some
2549 377 46 23 days
2603 383 37 16 ago
2650 380 19 15 to
2674 376 24 19 be
2703 378 82 23 subject*
2789 379 11 17 d

2364 400 20 16 to
2393 400 80 17 medical
2481 402 107 15 treatment.
2614 401 88 22 Nothing
2714 402 86 17 however

2364 423 56 16 could
2428 423 24 17 be
2468 423 49 18 done
2529 424 30 17 for
2571 423 40 18 him
2624 424 38 17 and
2677 424 25 17 he
2715 425 49 19 died,
2781 431 19 11 as

2364 446 68 20 stated,
2450 446 104 23 yesterday.
2591 447 39 17 The
2644 448 56 17 usual
2716 448 55 22 tangi
2784 448 16 17 is

2363 468 59 23 being
2429 469 51 17 held.

2387 498 40 16 The
2446 498 53 23 large
2519 498 66 17 carved
2608 499 61 17 Maori
2696 499 59 17 house
2780 501 20 16 at

2356 519 1 26 !
2364 521 85 20 Maket.il,
2459 521 69 17 known
2535 528 20 10 as
2564 522 87 19 Uenuku,
2661 522 107 23 belonging
2780 526 19 14 to

2356 541 1 25 |
2364 544 33 17 the
2416 550 67 16 young
2503 544 122 22 Ngatipikiao
2650 545 55 20 chief,
2723 546 77 18 Henave

2356 566 1 24 j
2364 566 75 21 Matini,
2450 567 15 16 is
2481 568 59 16 about
2555 568 20 16 to
2591 568 24 17 be
2631 568 115 19 dismantled
2763 569 37 17 and

2356 590 1 26 j
2363 590 106 17 re-erected
2477 592 21 15 at
2510 596 35 12 one
2557 592 21 15 of
2591 591 32 17 the
2641 591 118 18 settlements
2776 598 24 11 on

2356 613 1 22 ]
2364 613 16 17 L
2387 614 29 16 ike
2425 613 77 19 Rotoiti,
2512 619 45 11 near
2565 614 32 16 the
2606 615 93 17 ancestral
2708 615 56 17 home
2780 616 20 16 of

2356 633 1 29 j
2363 637 33 16 the
2405 636 61 22 Ngati
2474 636 158 18 Taniatoatutahi.
2657 637 40 18 Tlie
2711 638 59 17 house
2785 637 15 18 is

2356 658 1 26 j
2364 660 82 17 without
2454 659 60 17 doubt
2523 660 32 16 the
2563 659 41 18 best
2611 660 93 22 specimen
2712 662 20 16 of
2737 662 63 16 native

2356 682 1 20 I
2363 683 126 17 architecture
2497 682 19 17 in
2524 682 47 17 New
2580 683 89 17 Zealand.
2695 684 39 17 The
2746 690 43 11 carv-

2356 704 1 26 |
2363 706 43 22 ings
2423 711 32 11 are
2470 707 50 15 most
2536 705 95 18 elaborate
2647 706 38 18 and
2702 707 48 17 have
2766 709 34 15 not

2356 724 1 30 j
2363 729 81 18 suffered
2453 729 49 16 from
2512 728 106 18 mutilation
2627 729 76 23 though
2718 730 82 22 scarcely

2356 750 1 26 j
2363 752 23 17 fit
2395 753 30 17 for
2432 757 39 17 any
2479 752 33 16 but
2528 757 42 11 men
2583 754 20 14 to
2617 752 52 21 view,
2684 759 22 11 or
2719 753 81 23 perhaps

2356 772 1 26 !
2364 776 32 16 the
2404 782 42 10 new
2455 780 80 12 woman.
2554 775 55 17 Some
2617 781 45 17 very
2670 776 67 18 liberal
2745 776 55 18 offers

2356 796 1 26 |
2363 799 48 17 have
2420 799 46 17 been
2476 797 55 18 made
2540 797 29 18 for
2577 798 33 17 the
2621 799 59 17 house
2692 799 27 22 by
2732 800 58 17 collec-

2363 823 40 16 tors
2411 822 39 17 and
2458 827 100 14 museums,
2568 820 36 17 but
2611 822 33 16 the
2658 827 65 12 owner
2735 823 65 17 thinks

2356 844 1 24 I
2363 845 15 17 it
2387 846 38 16 will
2436 850 59 18 prove
2503 851 11 10 a
2524 844 62 18 better
2603 849 64 13 source
2683 846 21 17 of
2719 851 81 12 revenue

2356 865 1 24 j
2363 869 54 16 when
2439 867 75 19 erected
2533 868 21 16 at
2573 867 78 17 Rotoiti.
2690 869 18 16 It
2728 870 16 16 is
2760 869 40 17 also

2356 891 1 25 j
2363 891 92 18 Henare's
2463 891 94 17 intention
2566 891 20 16 to
2600 891 48 16 raise
2662 891 38 17 and
2717 892 83 18 remodel

2363 914 33 17 the
2404 915 31 16 old
2445 920 38 11 war
2498 919 63 14 canoe,
2577 913 26 17 To
2617 914 65 20 Iroiro,
2697 921 43 11 now
2754 916 34 17 sub-

2356 936 1 24 i
2363 938 77 22 merged
2448 937 19 17 in
2476 937 33 17 the
2522 936 48 18 lake.
2601 936 45 18 This
2658 943 59 12 canoe
2730 938 15 17 is
2759 938 41 18 93ft

2363 961 47 22 long
2417 960 38 18 and
2464 961 29 17 Bft
2500 961 55 17 beam
2564 960 46 16 with
2622 960 97 18 elaborate
2731 961 68 17 carved

2363 983 88 23 topsides,
2470 985 47 16 stem
2533 982 38 19 and
2588 984 51 16 stern
2655 985 59 21 posts.
2749 985 19 16 It
2784 984 15 17 is

2363 1006 90 23 probable
2462 1007 42 16 that
2512 1006 38 17 this
2560 1012 43 16 may
2612 1006 57 17 incite
2678 1013 52 11 some
2738 1008 20 16 of
2766 1008 33 16 the

2363 1030 54 16 other
2425 1029 58 18 tribes
2497 1030 19 16 in
2535 1030 31 16 tlie
2579 1030 145 22 neighborhood
2740 1032 20 15 to
2774 1036 25 16 go

2363 1053 20 16 in
2391 1053 30 17 for
2437 1053 32 17 the
2479 1053 88 21 building
2585 1053 20 17 of
2621 1058 39 12 war
2677 1059 67 11 canoes
2761 1053 38 17 and

2362 1076 43 17 lead
2414 1077 19 16 to
2443 1076 31 17 the
2483 1076 70 17 revival
2561 1076 20 17 of
2589 1081 58 12 canoe
2657 1077 67 22 racing
2732 1083 25 11 on
2766 1077 33 17 the

2362 1098 49 18 lake.

2386 1131 109 23 Travelling
2502 1131 83 17 between
2594 1131 44 18 here
2651 1131 37 18 and
2702 1132 33 17 the
2749 1131 37 18 Ure-

2363 1160 50 11 wcra
2429 1156 78 20 country
2524 1154 34 17 has
2573 1154 48 17 been
2637 1154 92 19 rendered
2742 1155 56 18 much

2362 1183 53 12 more
2422 1183 45 16 easy
2476 1178 19 16 of
2503 1178 38 17 late
2552 1178 65 22 owing-
2630 1179 20 16 to
2663 1178 34 17 the
2710 1184 89 17 progress

2362 1201 21 17 of
2390 1201 33 17 the
2431 1200 56 18 roads
2496 1206 25 17 up
2535 1201 41 17 that
2592 1205 46 18 Way.
2664 1202 40 16 The
2720 1201 79 22 Sunday

2362 1224 64 17 before
2434 1224 38 17 last
2481 1224 31 16 Mr
2521 1224 21 17 R.
2551 1223 59 18 Wake
2618 1224 35 17 left
2664 1225 86 17 Rotorua
2758 1224 20 18 in
2787 1231 10 10 a

2362 1247 51 22 light
2420 1247 73 22 buggy,
2503 1247 74 17 arrived
2585 1249 19 14 at
2613 1248 80 17 Galatea
2701 1248 33 17 the
2747 1253 51 12 same

2361 1270 58 23 night
2427 1270 38 18 and
2474 1271 50 16 went
2532 1276 24 11 on
2564 1271 20 16 to
2601 1269 26 19 Te
2639 1270 72 18 Whaiti
2726 1277 24 12 on
2764 1272 33 16 the

2362 1294 91 22 Monday.
2472 1293 28 17 On
2510 1292 84 23 Tuesday
2603 1294 22 16 he
2634 1294 73 22 packed
2716 1295 47 16 stuff
2768 1295 30 17 for

2362 1317 115 18 Ruatahuna
2486 1322 24 11 on
2516 1316 31 17 the
2554 1322 50 11 same
2610 1317 64 17 horses
2681 1317 38 17 and
2726 1317 71 23 spelled

2361 1341 52 17 them
2422 1347 24 10 on
2456 1338 122 23 Wednesday.
2604 1340 30 17 He
2643 1340 34 17 left
2686 1340 27 17 Te
2725 1340 71 18 Whaiti

2361 1370 24 11 011
2406 1363 99 22 Thursday
2521 1363 87 22 morning
2628 1363 37 17 and
2686 1364 75 18 arrived
2777 1364 20 17 in

2361 1387 85 17 Rotorua
2455 1387 21 16 at
2484 1387 9 15 (i
2511 1385 70 18 o'clock
2595 1386 32 17 the
2641 1392 50 12 same
2708 1387 87 23 evening,

2361 1411 90 21 covering
2459 1417 11 9 a
2479 1409 83 17 distance
2571 1409 19 16 of
2599 1412 21 13 <>,)
2629 1410 53 17 miles
2694 1410 44 18 that
2751 1410 44 22 day.

2361 1434 89 17 Between
2470 1432 44 18 here
2533 1430 38 19 and
2587 1432 32 18 the
2641 1433 107 23 Bungalow
2764 1434 33 17 the

2361 1457 45 17 road
2423 1457 16 17 is
2453 1455 87 23 reported
2557 1461 20 11 as
2592 1455 58 22 being
2665 1458 65 21 pretty
2746 1457 51 22 good

2361 1480 75 24 though
2445 1478 128 22 considerably
2582 1480 33 15 cut
2623 1484 26 17 up
2657 1479 25 22 by
2691 1479 33 18 the
2732 1481 65 17 recent

2361 1504 55 17 rains.
2443 1503 73 16 Thence
2524 1503 20 16 to
2553 1501 79 18 Galatea
2643 1503 15 16 it
2671 1503 15 16 is
2700 1509 45 17 very
2758 1503 38 17 bad

2361 1526 74 23 though
2444 1526 71 22 repairs
2523 1531 31 11 are
2563 1524 60 23 going
2638 1530 31 12 on.
2707 1526 89 18 Between

2361 1550 80 18 Galatea
2448 1549 38 17 and
2495 1549 26 17 Te
2528 1548 71 17 Whaiti
2608 1549 32 17 the
2649 1551 54 16 route
2710 1550 16 16 is
2733 1550 53 18 excel-

2361 1573 38 18 lent
2409 1580 20 11 as
2437 1574 14 16 it
2461 1573 16 16 is
2484 1572 44 22 only
2537 1571 83 23 recently
2629 1572 59 17 made.
2721 1573 29 17 On
2766 1575 20 15 to-

2361 1596 61 18 wards
2430 1596 115 17 Ruatahuna
2553 1594 32 19 the
2594 1595 46 17 road
2654 1595 15 17 is
2686 1596 111 22 practically

2360 1620 80 18 finished
2449 1619 30 18 for
2487 1618 58 18 about
2559 1618 21 16 10
2594 1618 59 21 miles,
2667 1618 36 18 but
2719 1620 30 16 for
2765 1620 32 16 the

2361 1644 54 16 other
2425 1644 21 16 l(i
2455 1643 53 17 miles
2517 1641 31 17 the
2556 1641 33 18 old
2595 1642 60 20 track,
2662 1641 62 19 which
2731 1643 15 17 is
2751 1648 45 17 very

2360 1667 68 22 rough,
2438 1667 34 16 has
2481 1667 19 16 to
2509 1665 22 16 be
2540 1665 51 18 used.

2384 1696 51 22 Only
2444 1700 35 12 one
2488 1700 40 11 ease
2537 1694 88 22 occupied
2634 1695 33 16 the
2676 1695 94 17 attention
2777 1696 20 16 of

2361 1718 115 18 Lieut.-Col.
2486 1718 80 17 Roberts
2574 1718 20 17 at
2603 1718 32 17 the
2651 1718 53 17 usual
2720 1717 77 23 sittings

2361 1743 21 16 of
2389 1742 33 17 the
2430 1740 129 23 Magistrate's
2568 1741 55 17 Court
2635 1741 37 17 last
2678 1741 75 22 Friday,
2761 1742 35 17 but

2360 1765 16 17 it
2385 1771 37 11 was
2431 1765 93 17 sufficient
2531 1766 19 15 to
2564 1764 37 17 last
2616 1764 25 17 all
2657 1765 36 21 day
2705 1765 38 17 and
2756 1765 41 17 into

2361 1789 32 16 the
2401 1788 82 22 evening
2491 1793 20 12 as
2521 1787 46 18 well.
2594 1787 119 18 Whareliuia.
2721 1794 10 11 a
2739 1787 46 18 Gala-

2361 1813 29 16 tea
2399 1811 70 20 native,
2479 1810 102 23 proceeded
2589 1811 76 21 against
2672 1811 28 17 W.
2708 1810 46 18 Bird
2759 1811 37 17 and

2361 1835 74 22 Ropeta
2444 1834 100 18 Haimona,
2554 1833 38 18 also
2606 1832 68 19 known
2689 1840 20 11 as
2724 1834 73 23 Ropeta

2360 1858 25 17 Te
2395 1858 73 18 Ilauiti,
2484 1858 29 16 for
2526 1857 49 18 £IOO
2588 1857 58 19 heinsr
2659 1858 33 16 the
2705 1858 56 16 value
2778 1858 19 17 of

2361 1882 34 16 300
2404 1881 57 22 sheep
2469 1880 74 23 alleged
2552 1882 19 15 to
2580 1881 47 16 have
2636 1880 46 17 been
2700 1880 57 18 killed
2771 1881 26 22 by

2361 1904 47 24 dogs
2416 1904 106 22 belonging
2531 1905 18 16 to
2558 1904 32 17 the
2599 1904 112 17 defendants
2724 1910 21 11 or
2760 1904 37 17 lost

2360 1927 26 22 by
2401 1928 31 17 the
2446 1928 63 17 action
2523 1928 19 16 of
2558 1926 39 18 said
2616 1926 54 21 doafs.
2696 1926 40 19 The
2752 1928 45 21 only

2361 1950 87 18 evidence
2457 1951 19 16 in
2485 1950 67 20 regard
2561 1951 19 15 to
2594 1950 32 17 the
2641 1950 64 18 lanrer
2721 1951 76 21 portion

2360 1975 21 16 of
2389 1974 32 17 the
2430 1974 56 22 sheep
2503 1979 32 12 sue
2542 1973 5 17 1
2561 1973 30 17 for
2604 1979 37 11 was
2655 1973 56 23 given
2725 1973 25 23 by
2765 1975 32 16 the

2360 1997 84 22 plaintiff
2450 1997 38 16 and
2505 1996 28 17 his
2549 1996 48 17 wife.
2625 1997 21 16 In
2663 1997 69 22 regard
2749 1998 20 16 to
2786 2003 11 11 a

2360 2020 67 23 Couple
2436 2019 20 19 of
2464 2020 57 23 shoop
2529 2019 32 18 the
2577 2020 102 22 testimony
2695 2025 37 13 was
2745 2026 52 12 more

2360 2044 50 16 clear
2418 2043 37 17 and
2465 2050 10 10 a.
2488 2043 71 17 verdict
2573 2049 38 11 was
2624 2043 66 17 enterd
2705 2043 30 17 for
2748 2043 50 18 their

2362 2067 60 18 value.
2435 2067 35 17 15s.
2481 2066 38 17 and
2526 2067 48 16 costs
2583 2066 25 17 i'2
2620 2067 35 16 10s.
2676 2065 17 18 It
2702 2066 95 23 appeared

2361 2090 43 17 that
2412 2090 33 17 the
2454 2088 84 24 plaintiff
2545 2095 37 11 vis
2590 2091 33 16 not
2633 2090 32 16 the
2675 2089 45 23 only
2733 2095 65 9 nwnw

2360 2113 20 17 of
2389 2113 32 17 the
2430 2111 57 24 sheep
2495 2112 19 17 in
2523 2112 85 23 question
2620 2112 37 17 and
2671 2111 15 18 it
2704 2119 37 10 was
2757 2112 39 18 also

2360 2137 65 22 pretty
2433 2135 52 23 plain
2499 2136 48 16 from
2556 2135 32 17 t'.e
2597 2135 79 17 absence
2689 2136 20 16 of
2724 2137 32 15 the
2765 2142 21 10 co-

2360 2165 72 11 owners
2443 2159 47 17 from
2500 2159 31 17 the
2542 2159 57 17 Court
2608 2159 43 17 that
2658 2159 47 22 they
2715 2159 33 17 did
2763 2160 34 16 not

2360 2183 96 22 acquiesce
2467 2182 19 17 in
2502 2182 31 17 the
2547 2182 128 22 proceedings.
2708 2182 88 17 Maranui

2360 2205 89 17 Rawena.
2459 2212 36 11 one
2503 2205 20 17 of
2531 2205 32 17 the
2571 2205 102 19 witnesses,
2683 2206 62 16 stated
2754 2206 40 16 that

2360 2228 54 18 small
2424 2229 53 17 mobs
2495 2229 20 16 of
2527 2227 56 23 sheep
2597 2227 107 23 frequently
2721 2228 76 23 strayed

2360 2257 54 16 away
2423 2252 48 17 from
2481 2252 33 17 the
2530 2252 107 17 settlement
2652 2252 64 21 owing
2730 2253 19 16 to
2764 2252 32 17 the

2360 2275 45 17 land
2413 2275 59 22 being
2480 2274 92 18 uufenced
2580 2274 38 18 and
2626 2274 38 18 had
2675 2274 48 18 been
2737 2274 59 18 found

2360 2304 20 11 as
2390 2300 28 16 far
2427 2298 27 18 off
2461 2304 20 11 as
2490 2299 33 16 the
2531 2297 108 22 Kaingaroa
2648 2297 68 22 plains.

2455 2350 108 19 CHURCH
2577 2349 116 19 CONCERT.

2384 2399 29 17 An
2424 2398 90 18 audience
2523 2397 60 17 which
2591 2397 52 17 filled
2652 2402 56 12 ovcrv
2721 2399 44 20 part
2777 2397 21 17 of

2361 2422 32 17 tlie
2411 2421 117 18 schoolroom
2551 2420 103 17 assembled
2679 2426 24 11 on
2727 2420 70 22 Friday

2360 2445 83 21 evening
2451 2445 37 16 hist,
2496 2446 20 15 to
2525 2445 55 16 assist
2587 2443 20 17 in
2616 2444 32 16 the
2657 2445 75 15 concert,
2741 2444 17 20 pi
2761 2449 35 11 von

2360 2474 24 11 on
2391 2467 65 18 behalf
2459 2468 21 17 of
2483 2467 32 17 the
2519 2466 131 21 Presbyterian
2654 2465 74 19 Church
2732 2467 54 17 build-

2360 2491 35 23 ing
2404 2491 54 17 fund.
2483 2491 33 16 Mr
2523 2490 25 17 11.
2558 2489 28 18 AY*.
2602 2489 112 22 Neighbour
2730 2495 38 12 was
2777 2490 19 17 in

2360 2515 33 16 the
2402 2514 52 17 chair
2462 2513 37 18 and
2509 2513 32 18 the
2556 2519 120 16 programme
2693 2512 104 18 submitted

2360 2543 39 12 was
2407 2538 50 17 most
2469 2536 119 22 satisfactory
2608 2536 19 17 in
2644 2541 56 17 every
2716 2537 79 21 respect.

2360 2561 50 17 Msss
2417 2561 63 17 White
2488 2559 85 24 presided
2579 2560 21 16 at
2605 2560 33 16 the
2644 2559 107 22 pianoforte
2759 2559 37 17 and

2360 2584 69 23 played
2447 2584 31 17 the
2492 2583 169 22 accompaniments
2678 2582 119 23 throughout

2361 2607 32 17 the
2410 2607 82 21 evening
2508 2606 44 17 with
2567 2606 55 17 much
2640 2605 156 18 discrimination.

2361 2631 41 17 Her
2414 2632 38 16 two
2466 2630 50 18 solos
2543 2629 49 17 Auld
2608 2628 56 22 Lang
2756 2628 39 18 and

2382 2654 27 17 Le
2417 2654 29 22 jot
2454 2653 56 17 d'eau
2539 2658 47 11 were
2594 2651 107 23 performed
2709 2652 46 16 with
2766 2652 32 16 the

2361 2679 72 15 utmost
2442 2676 92 23 precision
2542 2675 37 18 and
2596 2675 84 22 delicacy
2696 2675 20 17 of
2732 2675 64 17 touch.

2361 2700 81 17 Various
2451 2700 82 17 familiar
2541 2700 43 21 part
2590 2704 57 17 songs
2652 2703 49 12 were
2706 2697 92 18 rendered

2361 2723 26 21 by
2395 2730 12 10 a
2415 2722 112 18 full-voiced
2543 2722 36 16 and
2593 2721 77 22 capable
2683 2721 42 21 glee
2741 2722 57 21 party

2361 2746 71 22 during
2442 2746 32 17 the
2483 2745 85 21 evening,
2581 2745 32 17 the
2622 2745 49 17 most
2680 2744 75 17 tuneful
2764 2744 22 17 be-

2361 2769 35 21 ing
2424 2769 52 18 Here
2492 2769 20 16 in
2528 2768 39 17 cool
2661 2768 38 16 and
2729 2767 69 20 Lausrh

2361 2793 39 17 and
2417 2798 54 17 grow
2570 2791 31 17 Mr
2610 2790 64 23 Lynds
2683 2796 49 17 sang
2760 2791 39 17 The

2476 2816 19 16 in
2512 2815 29 16 his
2558 2814 42 16 best
2620 2819 79 12 manner
2713 2813 38 17 and
2767 2814 33 16 Mr

2361 2839 82 20 Willacy
2451 2837 96 23 acquitted
2556 2837 69 17 hinself
2636 2837 50 17 most
2694 2837 106 21 creditably

2362 2862 20 17 in
2472 2861 52 21 Song
2540 2861 42 17 that
2598 2860 78 17 reached
2690 2866 31 16 my
2730 2860 68 17 Hesrt.

2363 2885 47 18 Miss
2416 2886 46 19 May
2468 2884 88 21 Malfroy,
2563 2884 62 16 wliose
2631 2883 52 17 voice
2688 2883 16 17 is
2709 2883 78 22 develop-

2363 2908 34 22 ing
2405 2907 75 24 rapidly
2488 2907 37 17 and
2534 2907 15 17 is
2558 2906 76 22 capable
2649 2907 20 16 of
2678 2907 37 16 still
2725 2907 75 17 further

2362 2931 144 23 improvement,
2511 2936 47 15 sang
2615 2929 63 17 Banks
2684 2929 38 17 and

2363 2961 45 15 very
2426 2954 83 22 sweetly,
2526 2953 37 17 and
2585 2953 49 16 little
2651 2952 51 17 Elsie
2720 2952 80 22 Murray

2363 2978 82 17 chanted
2454 2983 34 11 one
2498 2977 20 17 of
2526 2976 33 18 her
2572 2975 87 18 infantile
2674 2975 64 19 ditties
2752 2975 48 18 with

2363 3001 100 20 charming
2478 3001 80 16 naivete.
2598 2999 47 17 Miss
2666 2998 80 24 Murray
2762 2999 38 17 and

2363 3025 47 16 Miss
2419 3024 21 17 F.
2450 3023 78 21 Murray
2538 3027 46 12 were
2601 3022 39 17 also
2657 3023 50 16 most
2717 3028 73 11 success-

2364 3048 28 16 ful
2401 3048 19 16 in
2429 3047 50 17 their
2487 3046 93 19 numbers,
2589 3045 33 17 the
2631 3051 49 16 song
2685 3045 38 17 and
2732 3045 68 18 chorus

2365 3070 81 18 "Who's
2450 3070 44 17 that
2611 3068 58 22 being
2676 3068 124 22 particularly

2363 3094 91 16 effective.
2480 3093 39 16 Mrs
2535 3091 71 18 Wilson
2623 3091 86 18 deserves
2727 3092 33 17 the
2768 3093 22 16 ut-

2363 3118 51 16 most
2422 3116 60 18 credit
2495 3115 29 17 for
2539 3114 35 17 her
2589 3114 93 22 exquisite
2699 3114 102 22 rendering

2364 3140 21 17 of
2413 3140 39 16 The
2460 3139 39 17 dim
2513 3138 49 17 Hills
2579 3138 29 16 far
2708 3138 38 16 and
2754 3138 47 17 Miss

2364 3162 63 18 Pattio
2436 3162 85 18 Griffiths
2528 3166 39 12 was
2583 3160 39 17 also
2638 3160 59 17 heard
2712 3162 20 15 to
2746 3162 55 19 great

2364 3185 107 22 advantage
2476 3185 18 17 in
2500 3185 32 15 the
2538 3183 126 22 sympathetic
2670 3189 49 15 song

2437 3210 20 15 to
2471 3207 60 18 which
2547 3207 46 16 Miss
2610 3206 57 23 Selby
2683 3207 70 22 played
2770 3208 31 16 the

2363 3231 167 23 accompaniment.
2565 3230 38 16 The
2612 3230 45 16 duet
2687 3230 62 18 Sweet
2756 3230 45 17 Bird

2365 3256 20 16 of
2458 3255 26 20 by
2490 3254 32 16 the
2530 3253 66 17 Misses
2613 3253 97 17 Robinson
2720 3259 38 11 was
2767 3260 23 10 an-

2364 3278 55 17 other
2427 3277 117 18 meritorious
2551 3276 45 17 item
2603 3276 61 17 which
2674 3282 39 11 was
2718 3276 83 18 received

2364 3302 46 16 with
2417 3300 78 18 marked
2504 3299 122 17 satisfaction.
2652 3300 31 16 Mr
2690 3300 58 17 Roth,
2754 3300 44 16 who

2364 3325 16 17 is
2389 3323 89 19 endowed
2488 3323 45 16 with
2543 3328 11 10 a
2566 3322 87 22 pleasant
2669 3323 58 17 woice
2741 3322 60 18 which

2364 3347 24 17 he
2396 3352 91 17 manages
2494 3345 45 18 with
2553 3345 127 18 considerable
2696 3345 49 20 skill,
2756 3352 34 11 con-

2365 3369 83 18 tributed
2457 3371 38 15 two
2504 3375 63 15 songs,
2577 3368 47 17 Miss
2633 3368 81 17 Ginders
2722 3369 79 22 playing

2365 3394 32 16 the
2405 3392 170 21 accompaniments
2585 3392 49 17 most
2640 3391 123 23 judiciously.
2786 3392 15 16 A

2365 3416 55 18 small
2429 3415 94 18 modicum
2531 3415 20 17 of
2558 3414 32 17 the
2598 3415 60 17 comic
2673 3415 81 17 element
2763 3420 38 12 was

2365 3439 73 17 infused
2448 3439 40 16 into
2497 3439 32 16 the
2537 3438 129 22 performance
2681 3437 27 23 by
2714 3438 32 17 Mr
2754 3437 36 18 Wil-

2365 3463 42 21 lacy
2419 3463 21 16 to
2448 3462 32 16 the
2488 3461 72 16 intense
2567 3460 74 23 delight
2650 3462 20 15 of
2676 3461 32 16 the
2716 3467 85 16 younger

2365 3486 75 22 portion
2449 3485 20 17 of
2478 3484 32 17 the
2519 3483 95 18 audience.
2646 3484 25 17 At
2682 3484 32 17 the
2723 3484 67 17 termin-

2365 3509 52 16 ation
2434 3508 20 17 of
2470 3507 32 17 the
2520 3508 72 16 concert
2610 3514 11 10 a
2636 3507 68 22 hearty
2722 3508 44 16 vote
2782 3507 19 16 of

2365 3531 69 18 thanks
2445 3536 37 11 was
2490 3530 91 17 accorded
2589 3530 52 17 theso
2646 3530 59 17 ladies
2710 3530 38 17 and
2755 3535 35 17 gen-

2365 3555 69 16 tlemen
2444 3553 74 17 outside
2525 3553 32 17 the
2563 3552 134 23 Presbyterian
2701 3553 51 22 body
2758 3553 43 17 who

2365 3578 39 17 had
2412 3576 79 18 assisted
2499 3577 20 16 in
2527 3577 33 16 the
2568 3577 96 20 evening's
2678 3577 123 16 amusement.

2409 3630 53 18 THE
2475 3629 154 18 MACKENZIE
2643 3629 116 18 CONCERT

2537 3652 92 17 PARTY.

2389 3701 25 16 As
2423 3699 53 18 visits
2489 3699 50 17 from
2555 3699 123 22 professional
2695 3699 107 21 companies

2365 3725 20 15 to
2394 3724 84 16 Rotorua
2488 3728 32 11 are
2528 3728 20 11 as
2564 3722 37 17 few
2617 3722 37 17 and
2671 3722 30 17 far
2717 3721 85 18 between

2365 3752 20 11 as
2393 3745 167 18 those-attributed
2569 3746 19 15 to
2598 3745 65 21 angels
2673 3745 14 16 it
2704 3745 16 16 is
2734 3744 68 17 almost

2365 3774 125 16 unnecessary
2498 3770 20 15 to
2527 3774 33 15 say
2568 3768 43 16 that
2619 3768 33 17 the
2661 3768 87 16 I'ukeroa
2755 3767 47 17 Hall

2365 3798 39 12 was
2423 3791 53 18 filled
2496 3792 20 16 to
2535 3791 25 17 its
2580 3792 72 16 utmost
2673 3791 87 21 capacity
2778 3795 24 12 on

2365 3815 95 21 Saturday
2468 3814 56 21 night
2540 3814 51 17 when
2606 3814 32 17 Mr
2653 3813 81 18 William
2748 3813 40 17 Mac-

2365 3838 65 17 kenzie
2438 3838 37 17 and
2487 3836 2 23 I
2493 3838 20 16 lis
2522 3837 83 17 talented
2614 3838 58 21 party
2684 3836 55 18 made
2752 3836 50 17 their

2365 3866 122 18 appearance.
2513 3860 38 17 The
2560 3865 120 17 programme
2689 3865 38 11 was
2735 3866 11 10 a
2753 3860 49 16 most

2365 3884 106 18 diversified
2480 3889 35 11 one
2527 3883 116 23 comprising
2656 3883 65 19 music,
2736 3881 64 21 mirth,

2365 3913 49 17 song
2422 3907 37 18 and
2468 3907 57 21 story,
2536 3906 46 17 with
2591 3912 11 11 a
2618 3906 36 17 few
2668 3906 93 21 saltatory
2767 3910 23 11 ex-

2365 3931 66 16 ercises
2447 3930 75 17 thrown
2536 3930 19 16 in
2568 3929 62 17 which
2644 3928 57 23 spoke
2717 3928 85 17 volumes

2365 3954 31 17 for
2404 3954 32 16 the
2445 3953 68 22 agility
2522 3953 19 17 of
2553 3952 32 17 the.
2600 3952 51 17 scion
2664 3951 20 17 of
2701 3951 32 16 the
2748 3951 40 16 Mac-

2365 3977 65 17 kenzie
2447 3976 40 17 clan
2506 3975 43 17 who
2567 3974 89 18 achieved
2671 3974 58 17 them.
2764 3974 38 17 The

2365 4000 46 17 heat
2418 3999 38 17 and
2464 3998 74 18 burden
2546 3998 19 17 of
2573 3998 32 17 the
2614 3997 82 20 evening
2708 4003 21 11 wt
2739 4003 7 11 s
2762 4002 30 12 cer-

2365 4022 61 22 tainly
2440 4022 59 17 borne
2513 4022 26 21 by
2554 4021 32 17 Mr
2601 4020 109 17 Mackenzie
2727 4019 75 18 himself

2365 4046 36 17 but
2409 4052 20 10 as
2437 4046 24 16 lie
2470 4045 33 16 has
2511 4045 47 16 been
2563 4042 74 19 blessed
2642 4043 45 16 with
2696 4049 10 10 a
2712 4043 90 22 vigorous

2366 4069 59 16 frame
2433 4067 38 18 and
2480 4074 11 10 a
2499 4067 65 17 robust
2580 4066 38 17 and
2631 4066 69 22 highly
2713 4067 89 16 resonant

2365 4092 53 16 voice
2426 4091 23 17 he
2458 4088 137 24 accomplished
2604 4089 32 17 the
2645 4088 43 18 task
2705 4088 47 18 with
2767 4095 24 16 ap-

2365 4114 68 22 parent
2454 4119 47 11 ease.
2539 4113 25 16 As
2585 4118 10 10 a
2618 4111 106 21 raconteur,
2751 4118 51 11 more

2363 4136 103 23 'especially
2475 4136 20 17 of
2503 4135 66 18 stories
2578 4135 20 17 of
2606 4135 32 16 the
2649 4135 83 17 Scottish
2748 4135 54 17 order

2365 4160 23 16 of
2395 4160 129 16 architecture,
2532 4159 25 16 he
2569 4158 16 17 is
2602 4158 106 17 inimitable
2722 4158 38 17 and
2774 4158 28 17 his

2813 152 2 25 I
2824 152 100 20 repertoire
2933 152 21 16 of
2968 152 176 23 mirth-provoking
3158 153 82 17 anecdoti

2812 174 2 25 I
2824 178 59 12 seems
2902 174 146 18 inexhaustible.
3082 176 22 16 In
3120 182 10 3 *■
3138 176 33 17 the
3187 176 65 23 lightej

2824 196 41 17 vein
2902 197 31 16 Mr
2945 198 109 18 Mackenzie
3067 199 16 17 is
3098 199 156 18 inimitable--his

2812 219 1 25 |
2823 219 101 23 rendering
2931 221 21 16 of
2959 221 34 17 the
3023 221 56 18 Laird
3088 222 21 17 of
3118 222 87 22 Ceckjien
3212 223 11 6 "'
3236 230 16 11 oi

2811 241 2 24 j
2844 241 64 18 Simon
2916 243 33 17 the
3074 246 49 16 won]
3130 245 7 17 1
3151 245 68 18 induce
3233 253 21 10 an

2811 265 2 25 I
2822 265 97 17 anchorite
2927 267 20 15 to
2959 267 74 17 forsake
3048 268 28 16 his
3091 268 105 22 hermitage
3209 270 45 16 -and

2811 288 2 26 i
2822 293 19 11 m
2851 288 28 17 his
2888 290 72 17 sterner
2968 293 94 15 moments
3071 291 53 17 when
3133 292 78 22 pealing
3224 296 28 13 out

2811 311 2 25 i
2823 311 32 16 the
2863 311 72 23 inspirit
2938 313 34 23 ing
2980 315 54 16 notes
3039 314 21 17 of
3067 314 33 17 the
3128 315 66 17 March
3201 315 19 16 of
3225 316 29 16 tie

2811 334 2 26 j
2822 334 91 18 Cameron
2997 343 22 10 or
3024 337 106 23 delivering
3134 338 45 16 with
3185 338 51 17 iuten
3249 348 5 3 -

2811 357 2 26 i
2822 357 29 21 ity
2859 358 33 16 the
2900 357 111 24 descriptive
3020 366 49 17 song
3085 361 20 17 of
3138 361 39 17 The
3192 361 50 17 Raft.
3252 357 2 26 '

2811 380 35 21 ihe
2855 380 14 16 is
2876 383 50 15 most
2934 382 114 22 impressive.
3079 383 49 18 Both
3144 384 68 22 phases
3227 391 8 10 a
3248 392 6 10 e

2811 402 1 27 !
2822 403 97 18 exhibited
2927 411 20 10 so
2956 406 74 22 rapidly
3039 406 37 17 and
3091 413 20 10 so
3125 406 100 23 agreeably
3253 402 1 27 i

2811 427 2 24 |
2824 427 31 16 the
2862 427 90 18 audience
2961 428 43 18 that
3012 429 15 17 it
3036 429 62 17 would
3107 430 23 17 be
3144 430 80 17 difficult
3238 433 16 15 to

2811 449 2 21 i
2823 449 54 18 make
2893 456 11 11 a
2918 451 69 17 choose
2999 453 19 15 in
3032 452 33 17 the
3079 453 70 17 matter
3161 453 21 17 of
3195 454 50 16 excel-

2811 470 1 31 j
2822 472 58 18 lenae.
2917 474 32 16 Mr
2964 473 110 20 Mackenzie
3093 476 35 17 has
3145 476 67 17 chosen
3228 477 26 16 his

2822 500 94 18 company
2928 498 45 16 with
2987 503 42 12 rare
3045 498 156 19 discrimination.
3233 500 21 17 In

2822 518 47 17 Miss
2877 517 60 19 Jessie
2945 521 70 17 Glover
3024 527 27 11 we
3060 522 39 17 iind
3107 529 12 10 a
3133 528 66 17 young
3212 522 42 20 lady

2811 541 1 27 j
2843 541 29 17 wi'
2880 548 11 11 a
2899 543 46 22 lang
2953 544 89 22 pedigree
3081 550 20 12 as
3116 546 30 16 far
3159 552 21 10 as
3192 546 55 17 liistri-

2811 565 1 23 i
2822 565 43 17 onic
2872 568 87 20 ancestry
2968 567 14 16 is
2998 573 33 11 con
3041 565 2 23 •
3051 565 2 23 :
3056 568 44 17 med
3115 568 38 17 and
3167 568 87 19 endowed

2811 588 1 30 j
2822 588 47 16 with
2877 589 56 17 much
2942 590 20 16 of
2970 590 33 17 the
3017 590 88 23 personal
3118 592 64 16 charm
3196 592 58 17 which

2811 608 1 27 j
2822 611 54 17 made
2897 612 33 16 her
2946 613 137 22 grandmother
3119 615 33 17 the
3165 615 89 17 beautiful

2811 631 1 29 j
2822 634 40 17 Mrs
2983 636 32 17 the
3031 639 52 16 toast
3103 638 21 16 of
3144 637 32 18 the
3192 643 62 17 young

2824 657 3 26 '
2943 660 21 16 of
2980 660 34 17 her
3030 660 43 22 day.
3098 660 41 17 Her
3152 660 78 23 singing
3242 662 12 16 is

2811 679 1 30 j
2822 680 80 22 piquant
2911 679 37 19 and
2964 682 35 17 her
3011 684 121 21 appropriate
3146 684 64 17 action
3221 684 22 18 im-

2811 703 1 26 |
2822 705 52 19 parts
2883 706 20 15 to
2912 705 33 16 her
2954 711 57 17 songs
3020 712 24 10 an
3057 706 104 18 additional
3176 707 69 17 fascina-

2822 726 46 17 tion.
2894 727 41 17 Her
2946 733 49 17 song
3109 729 75 18 Herriii'
3220 731 34 18 and

2822 750 34 16 her
2864 750 54 18 duets
2927 752 46 16 with
2982 752 32 17 Mr
3021 752 109 17 Mackenzie
3139 759 48 10 were
3192 753 62 22 loudly

2811 773 1 28 |
2822 773 108 22 applauded
2934 774 37 17 and
2977 775 132 18 redenutnded.
3122 776 47 17 Miss
3174 776 80 18 Glover's

2811 794 1 26 I
2822 795 97 19 histrionic
2939 797 73 23 ability,
3036 799 92 20 however,
3151 804 40 12 was
3208 806 46 10 more

2811 819 1 27 j
2823 819 48 22 fully
2891 819 141 20 demonstrated
3057 822 20 17 in
3103 822 32 17 the
3160 822 94 18 recitation

2811 839 1 26 |
2842 842 113 23 Ladybird's
3068 844 94 19 delivered
3184 846 46 17 with
3246 854 8 9 a

2822 865 64 23 purity
2895 867 21 16 of
2923 867 106 17 intonation
3039 868 38 17 and
3086 869 87 22 mobility
3187 870 21 16 of
3223 875 21 11 ex-

2822 889 83 21 pression
2914 890 60 17 which
2984 891 90 22 betrayed
3083 891 71 18 careful
3166 891 88 23 training.

2821 912 47 17 Miss
2877 912 66 23 Aylett
2951 913 15 16 is
2975 914 32 16 the
3020 920 96 16 possessor
3128 916 20 15 of
3161 921 11 10 a
3189 916 65 22 highly

2820 935 87 17 cultured
2914 941 82 16 soprano
3003 938 53 16 voice
3068 938 38 18 and
3120 938 94 23 although
3227 938 18 17 in-

2821 960 73 16 cessant
2905 959 61 17 travel
2980 960 38 17 had
3032 961 93 22 impaired
3138 961 35 17 her
3185 967 69 16 powers

2820 983 21 15 to
2849 989 11 9 a
2877 982 70 17 certain
2961 984 65 16 extent
3039 983 33 18 the
3085 983 94 18 beautiful
3196 985 28 16 air
3238 987 16 15 of

2811 1002 1 27 I
2841 1005 97 17 Killarnev
2968 1011 36 12 was
3013 1007 57 22 given
3076 1007 46 17 with
3128 1008 56 17 much
3189 1009 56 16 sweet
3247 1018 7 3 -

2811 1028 1 23 [
2820 1032 48 13 ness.
2893 1029 39 17 The
2940 1030 172 21 accompaniments
3130 1036 47 12 were
3191 1030 19 18 in
3224 1032 30 16 the

2811 1051 1 26 j
2820 1051 61 18 hands
2890 1051 19 17 of
2918 1052 32 17 Mr
2958 1051 81 24 Hookey
3047 1053 38 17 and
3101 1053 33 17 the
3147 1054 49 16 solos
3211 1060 32 11 con-

2820 1073 84 18 tributed
2921 1074 25 22 by
2963 1075 38 18 him
3018 1076 19 17 in
3053 1077 34 16 the
3103 1083 65 10 course
3188 1077 20 17 of
3224 1077 30 18 tlie

2820 1098 82 22 evening
2914 1098 73 18 formed
3002 1105 12 11 a
3030 1099 119 22 pleasurable
3164 1100 58 17 break
3236 1101 18 17 in

2820 1121 33 16 the
2861 1126 127 17 programme.

2844 1143 29 18 On
2900 1144 77 22 Sunday
2998 1145 83 23 evening
3102 1145 80 18 another
3203 1146 51 23 large

2820 1167 89 17 audience
2918 1168 104 17 assembled
3031 1170 20 16 at
3059 1170 32 16 the
3108 1170 87 17 Pukeroa
3209 1170 45 17 Hall

2811 1190 1 28 |
2820 1190 49 17 after
2877 1190 71 18 church
2956 1191 57 18 hours
3022 1191 55 18 when
3086 1197 11 12 a
3105 1192 65 18 sacred
3182 1196 72 14 concert

2820 1218 38 12 was
2874 1213 62 23 given.
2970 1215 38 17 The
3024 1221 121 16 programme
3158 1216 38 18 had
3208 1217 46 17 been

2819 1237 92 22 carefully
2919 1237 68 18 chosen
2996 1238 38 17 and
3048 1244 24 12 no
3088 1239 98 22 exception
3200 1240 53 17 could

2819 1260 24 16 be
2851 1260 56 17 taken
2916 1262 20 15 to
2945 1267 37 13 any
2989 1261 46 18 item
3041 1261 97 18 rendered.
3163 1262 32 17 Mr
3201 1262 39 19 Mac-

2818 1283 65 17 kenzie
2894 1289 47 16 gave
2971 1284 10 16 I
2991 1284 55 17 stand
3055 1286 20 16 at
3083 1285 33 17 the
3206 1286 47 17 from

2819 1306 32 17 the
2864 1306 81 18 Messiah
2955 1307 47 17 with
3010 1308 69 22 telling
3087 1309 60 20 effect,
3157 1309 37 17 and

2819 1329 52 22 Holy
2881 1330 42 22 City
2954 1336 38 11 was
3001 1330 94 19 delivered
3103 1332 47 17 with
3164 1338 20 11 so
3198 1333 55 17 much

2819 1352 63 18 fervor
2887 1353 43 17 that
2935 1359 11 11 a
2951 1354 101 21 repetition
3058 1360 38 12 was
3102 1355 77 22 eagerly
3185 1356 69 22 sought

2819 1376 29 16 for
2857 1376 37 16 and
2903 1377 62 22 given.
2991 1377 47 18 Miss
3048 1376 72 24 Alyett,
3134 1378 43 17 who
3189 1382 38 14 Was
3234 1379 19 17 in

2818 1399 93 17 excellent
2923 1400 57 18 voice,
2998 1401 121 17 contributed
3137 1403 38 15 two
3192 1401 60 20 items,

2839 1422 37 17 Ora
2882 1428 34 16 pro
3002 1424 39 17 and
3142 1424 111 23 everjbright

2818 1445 38 17 and
2928 1446 21 16 in
2957 1453 11 9 a
2976 1452 79 12 manner
3064 1447 61 18 which
3133 1448 81 17 enlisted
3222 1449 31 16 the

2818 1469 60 16 entire
2887 1469 116 22 sympathies
3012 1471 20 16 of
3040 1471 32 16 the
3081 1471 96 17 audience.
3208 1472 45 16 Miss

2818 1491 59 18 Jessie
2890 1490 69 20 Glover
2972 1498 48 16 sang
3053 1493 78 23 Charity
3164 1494 47 17 with
3225 1501 18 11 re-

2818 1514 98 18 markable
2937 1516 107 22 expression
3065 1517 37 17 and
3123 1517 19 16 in
3162 1517 35 18 her
3216 1519 36 16 two

2818 1538 114 20 recitations,
3010 1540 57 17 Choir
3075 1541 21 16 at
3101 1540 61 17 Amen
3172 1540 80 18 Comei''

2818 1561 39 17 and
2886 1562 38 16 The
2933 1562 125 18 Christ-child
3092 1563 59 23 again
3163 1563 90 24 betrayed

2818 1585 33 16 the
2867 1585 105 21 possession
2987 1586 21 17 of
3020 1584 58 20 much
3091 1587 92 17 dramatic
3198 1587 54 18 force.

2818 1608 32 16 Mr
2858 1606 97 24 Hookey's
2963 1610 172 22 accompaniments
3141 1615 48 12 were
3195 1610 47 18 fault-

2818 1631 37 17 less
2871 1631 38 17 and
2925 1632 29 17 his
2971 1632 49 17 solos
3036 1638 49 12 were
3104 1633 85 17 received
3209 1634 43 17 with

2818 1654 79 17 marked
2905 1655 97 22 approval.
3027 1656 40 16 The
3074 1660 93 19 company
3173 1662 31 11 are
3212 1663 31 11 now-

2818 1678 79 22 touring
2905 1679 33 16 the
2951 1678 80 18 Thames
3046 1679 74 18 district
3134 1679 38 18 and
3186 1681 58 16 ar.tici-

2811 1701 1 23 i
2818 1702 45 21 pate
2871 1701 73 23 paying
2951 1708 11 10 a
2971 1703 65 16 return
3045 1703 43 16 visit
3100 1704 19 16 to
3135 1703 84 18 Rotorua
3234 1704 18 17 in

2818 1724 59 17 about
2887 1731 11 10 a
2907 1725 82 16 month's
2996 1725 51 16 time.

2831 1774 102 17 SCHOOL
2945 1775 153 17 COMMITTEE
3116 1776 116 17 MEETING.

2842 1821 39 17 The
2890 1821 62 17 school
2962 1821 113 19 Committee
3083 1824 40 16 met
3131 1829 25 11 on
3168 1824 83 20 Monday

2818 1843 57 23 night
2883 1844 55 17 wlion
2952 1843 53 19 there
3022 1849 49 13 Were
3085 1847 81 21 present,
3184 1847 67 17 Messrs

2818 1867 82 19 Purcell,
2923 1866 73 24 (chair),
3018 1868 98 22 Williams,
3138 1869 113 23 Fitzgerald,

2818 1890 81 22 Carlylc,
2909 1890 46 18 Hall
2968 1891 37 17 and
3020 1892 117 22 Neighbour,
3154 1894 97 21 secretary.

2820 1914 30 16 Mr
2859 1913 79 18 Webber
2947 1920 38 10 was
2995 1915 39 17 also
3043 1915 19 17 in
3071 1915 119 18 attendance.
3215 1917 36 17 The

2818 1937 88 22 monthly
2922 1939 63 21 report
2999 1938 76 17 showed
3091 1939 33 17 the
3137 1939 80 17 number
3234 1941 17 16 of

2818 1960 63 22 pupils
2887 1965 24 12 on
2918 1960 32 17 the
2956 1960 36 17 roll
2999 1962 19 16 to
3024 1961 24 18 be
3057 1963 31 15 11(>
3093 1961 38 18 and
3137 1962 31 17 the
3175 1968 76 17 average

2818 1983 113 18 attendance
2940 1984 47 19 77*3,
2998 1984 31 17 the
3039 1984 86 18 decrease
3132 1985 59 23 being
3199 1987 44 16 attri-

2818 2007 59 17 buted
2884 2008 20 15 to
2919 2007 33 17 the
2969 2008 33 16 wet
3017 2008 88 18 weather.
3139 2008 39 18 The
3191 2009 60 18 school

2818 2030 129 17 examination
2963 2030 38 17 will
3013 2031 45 17 take
3074 2031 53 23 place
3144 2037 23 12 on
3184 2032 67 23 Friday

2818 2053 61 17 under
2887 2053 32 17 the
2928 2054 117 22 supervision
3054 2054 20 17 of
3082 2054 32 17 Mr
3122 2055 69 21 Petrio,
3206 2056 45 17 chief

2817 2076 101 22 inspector.
2952 2077 20 17 It
2989 2083 37 11 was
3043 2078 102 22 suggested
3163 2078 43 17 that
3222 2080 29 16 the

2818 2101 46 15 Colli
2866 2106 24 10 nil
2893 2107 38 9 llgu
2939 2104 68 12 oiiOttivi
3017 2109 64 8 ueciut?
3089 2109 25 9 iiu
3116 2107 14 10 Vv
3141 2101 32 17 tliO
3188 2101 63 18 uruiilv*

2818 2122 70 22 ing-up
2896 2123 20 16 of
2921 2122 32 17 the
2959 2123 65 18 school
3030 2123 30 17 for
3065 2124 32 17 the
3103 2124 60 17 Xmas
3168 2125 83 23 holidays

2818 2145 68 17 should
2895 2145 22 17 be
2926 2144 108 23 signalised.
3060 2147 31 17 Mr
3097 2146 108 23 Fitzgerald
3210 2155 31 16 pro-

2817 2169 59 21 posed
2884 2169 38 16 and
2930 2169 31 17 Mr
2970 2169 92 18 Williams
3071 2170 91 18 seconded
3171 2171 43 18 that
3222 2172 29 17 the

2818 2191 129 23 breaking-up
2956 2192 68 18 should
3041 2193 45 17 take
3100 2193 33 17 the
3147 2193 49 19 form
3210 2195 19 17 of
3243 2202 8 10 a

2817 2215 62 21 picnic
2888 2217 19 14 to
2916 2215 120 23 Tarukenga.
3066 2216 45 17 This
3126 2222 37 12 was
3176 2218 75 17 carried.

2819 2238 19 17 It
2846 2244 38 11 was
2893 2238 40 18 also
2942 2239 94 22 arranged
3045 2240 43 16 that
3096 2240 32 17 the
3137 2240 57 18 Brass
3200 2241 51 18 Band

2818 2261 23 17 be
2850 2261 57 17 asked
2916 2263 20 15 to
2945 2263 110 21 co-operate
3062 2261 4 23 ;
3080 2262 43 18 that
3131 2263 32 17 Mr
3175 2264 76 18 Webber

2818 2290 80 16 arrange
2908 2285 29 17 for
2945 2292 11 10 a
2965 2287 77 17 concert
3050 2287 19 15 to
3078 2286 44 17 take
3130 2287 53 21 place
3192 2294 23 10 on
3222 2289 29 16 the

2818 2308 57 22 night
2883 2308 64 17 before
2956 2309 33 16 the
2997 2308 71 22 picnic;
3082 2309 43 17 that
3131 2310 32 17 the
3170 2310 81 18 children

2818 2329 68 19 should
2895 2331 67 17 collect
2970 2332 135 22 subscriptions
3114 2333 30 16 for
3152 2334 32 16 the
3194 2337 57 19 sports

2818 2354 38 16 and
2871 2354 42 17 that
2926 2355 70 17 Messrs
3012 2355 92 18 Williams
3121 2356 37 16 and
3175 2356 76 18 Webber

2818 2377 68 18 should
2895 2377 54 18 make
2958 2378 33 17 the
2998 2384 99 16 necessary
3105 2383 146 19 arrangements.

2818 2400 40 17 The
2865 2406 42 12 sum
2917 2402 20 15 of
2945 2402 23 16 £1
2980 2407 38 12 was
3027 2402 57 17 voted
3093 2403 48 16 from
3152 2403 32 16 the
3198 2403 53 18 funds

2818 2424 30 17 for
2868 2424 38 17 this
2926 2429 88 18 purpose.
3051 2425 39 17 The
3110 2426 84 23 meeting
3210 2427 41 17 then

2818 2447 68 16 closed.

2821 2498 426 45 CABLEGRAMS

2843 2585 85 20 London,
2940 2586 108 18 November
3064 2588 28 16 20.
3094 2587 64 17 —The
3174 2588 75 17 Chinese

2819 2608 129 18 Government
2955 2609 16 18 is
2983 2609 121 24 negotiating
3121 2609 46 19 with
3182 2609 67 19 British

2818 2632 39 16 and
2866 2632 81 17 German
2956 2633 99 18 financiers
3064 2634 30 17 for
3111 2640 11 10 a
3130 2634 44 17 loan
3191 2635 21 16 of
3221 2641 28 10 one

2819 2654 73 18 million
2901 2654 52 18 taels.
2980 2656 73 18 French
3070 2656 99 18 financiers
3185 2663 32 12 are
3225 2658 16 16 in-

2819 2678 82 21 dignant
2909 2680 21 16 at
2938 2678 58 23 being
3002 2679 36 17 left
3047 2682 39 15 out.

2843 2700 108 19 Alexander
2957 2703 78 20 Dumas,
3045 2703 86 19 novelist,
3141 2703 15 17 is
3165 2703 84 23 suffering

2821 2724 48 17 from
2879 2724 73 19 abscess
2961 2725 20 17 of
2990 2726 32 16 the
3029 2726 56 17 brain
3094 2726 37 17 and
3141 2727 16 16 is
3165 2726 66 22 dying.

2843 2747 54 19 Jules
2906 2748 122 23 Barthelemy
3043 2748 53 18 Saint
3105 2749 78 20 Hiliare,
3195 2750 54 17 writer

2820 2774 38 14 anTT
2868 2771 95 23 politician
2971 2772 15 16 is
2995 2771 54 18 dead.

2844 2794 39 17 The
2892 2794 66 17 Sultan
2967 2795 19 16 in
2996 2795 91 23 pleading
3094 2795 43 18 that
3150 2795 23 18 he
3181 2796 34 17 has
3223 2796 18 17 be-

2821 2823 40 14 gun
2869 2817 33 17 the
2918 2817 73 18 desired
3007 2819 79 17 reforms
3101 2819 34 16 has
3152 2819 57 18 asked
3226 2820 23 16 the

2821 2841 75 17 Powers
2904 2842 35 15 not
2948 2842 19 16 to
2976 2841 54 17 insist
3039 2848 25 10 011
3072 2841 104 18 additional
3185 2842 54 23 guard-

2821 2863 52 23 ships
2881 2864 19 16 in
2909 2864 33 17 the
2948 2865 109 22 Bosphorus
3069 2871 20 11 as
3097 2865 46 22 they
3160 2871 31 11 are
3200 2865 49 23 likely

2821 2888 20 15 to
2850 2887 60 16 excite
2919 2887 32 16 the
2960 2888 97 15 Moslems.

2825 2940 207 33 AUSTRALIAN
3050 2942 202 32 TELEGRAMS.

2845 3008 82 22 Sydney,
2945 3009 109 18 November
3069 3011 28 16 2<>.
3099 3009 134 19 —Thousands
3238 3011 15 16 of

2822 3030 56 23 sheep
2887 3032 38 16 and
2939 3032 88 17 numbers
3046 3033 20 16 of
3083 3033 57 17 cattle
3156 3034 47 16 have
3217 3034 36 17 died

2821 3060 46 11 near
2875 3055 105 17 Wilcannia
2997 3056 49 16 from
3063 3056 65 21 eating
3135 3056 99 18 bluebush.

2915 3114 237 32 TELEGRAPHIC.

2847 3180 99 17 Auckland
2955 3180 44 17 This
3016 3181 95 21 day.—At
3128 3182 32 17 the
3169 3182 87 17 Criminal

2824 3203 59 17 Court
2915 3205 100 22 yesterday
3047 3204 83 18 Edward
3159 3208 96 15 -Donovon.

2824 3225 82 23 charged
2915 3227 47 16 with
2972 3228 106 21 attempted
3094 3229 138 21 horsestealing
3240 3232 14 12 a!

2824 3249 85 17 Rotorua
2918 3255 37 12 was
2964 3250 98 22 acquitted
3070 3251 38 17 and
3117 3251 118 23 discharged.

2847 3272 46 17 Last
2909 3272 58 23 night
2982 3274 99 17 Detective
3101 3274 60 17 Grace
3177 3274 79 18 arrested

2824 3295 43 16 four
2875 3295 66 17 sailors
2947 3296 94 23 charging
3049 3297 52 17 them
3110 3297 46 17 with
3165 3298 33 17 the
3209 3303 36 12 mur-

2824 3318 33 17 der
2865 3319 20 16 of
2892 3318 48 17 Nod.
2951 3320 87 20 Mateloe,
3048 3326 11 10 a
3068 3321 64 17 native
3140 3321 20 17 of
3169 3321 33 16 the
3210 3321 37 17 Iler-

2824 3347 35 16 vey
2867 3342 71 22 Group,
2948 3343 44 16 who
3000 3342 43 17 died
3057 3344 20 17 of
3090 3343 80 22 injuries
3177 3342 79 19 received

2823 3364 19 16 in
2852 3370 10 10 a
2871 3364 61 18 fracas
2941 3371 23 11 on
2974 3366 33 16 the
3015 3366 62 17 wharf
3085 3366 38 17 late
3132 3373 24 10 011
3166 3367 90 22 Saturday

2823 3387 62 23 night.

2848 3436 69 18 Orders
2927 3438 37 16 will
2973 3438 24 17 bo
3006 3438 83 18 received
3101 3441 19 15 sit
3130 3439 31 17 the
3171 3439 73 18 Chroni-

2825 3463 36 13 cle
2870 3460 53 17 office*
2931 3460 29 17 for
2969 3461 61 17 Lett's
3039 3462 73 17 Diaries
3122 3463 30 16 for
3163 3464 50 16 18))0.

2847 3496 40 17 The
2899 3497 99 24 following
2998 3496 2 26 1
3006 3499 128 22 publications
3145 3506 43 16 may
3197 3500 23 18 be
3226 3499 20 19 ob-

2825 3523 63 17 tained
2903 3525 21 16 at
2938 3525 33 17 the
2991 3526 45 17 Hot
3052 3526 70 18 Lakes
3144 3527 112 18 Chronicle

2825 3551 58 21 office,
2905 3551 37 17 and
2964 3553 64 17 orders
3049 3554 38 17 will
3108 3554 24 18 be
3155 3555 56 17 taken
3232 3556 24 16 for

2825 3577 49 18 their
2882 3578 77 23 regular
2966 3579 175 24 delivery:—Black
3147 3582 38 18 and
3192 3583 64 17 White.

2825 3605 40 17 The
2880 3605 75 22 Sketch,
2976 3606 113 20 Illustrated
3104 3608 79 19 London
3199 3610 57 17 News.

2825 3633 69 17 Strand
2903 3633 106 22 Magazine,
3020 3635 39 17 The
3072 3636 87 21 Minster,
3174 3637 82 17 Windsor

2825 3660 106 22 Magazine,
2941 3661 38 17 The
2988 3662 58 21 Idler,
3056 3663 81 23 English
3152 3664 104 17 Illustrated

2826 3688 104 22 Magazine,
2940 3689 89 24 Ludgate
3038 3692 106 22 Magazine,
3159 3692 97 18 Scribner's

2825 3716 106 22 Magazine,
2953 3718 80 17 Woman
3053 3720 20 16 at
3096 3720 68 20 Home,
3182 3720 64 18 Schild
3253 3716 3 24 -

2825 3742 74 18 Ladies'
2908 3744 98 22 Fashions,
3017 3746 177 24 Scliild'sJMothers'
3204 3747 22 18 H
3235 3748 21 21 Ij>,

2825 3772 72 22 Young
2913 3772 73 19 Ladies'
3007 3774 87 22 Journal,
3117 3775 54 23 (with
3188 3777 68 17 fashion

2825 3799 60 21 plates
2894 3800 37 17 and
2941 3801 93 23 patterns)
3040 3801 71 18 Strand
3117 3803 82 17 Musical
3205 3804 39 16 Mag-

2825 3826 58 19 azine,
2891 3827 38 17 The
2938 3828 70 18 Album
3015 3828 50 23 (new
3070 3830 107 18 illustrated
3182 3830 74 22 weekly'

2826 3855 79 17 Cassells
2921 3856 112 19 Illustrated
3039 3857 75 22 Stories,
3133 3859 50 22 Snap
3199 3859 53 17 Shot.-

2826 3881 73 23 Scraps,
2910 3883 75 18 Detroit
2995 3885 47 17 Free
3049 3885 61 21 Press,
3119 3886 39 20 &e.,

2847 3918 35 17 We
2890 3918 48 18 have
2952 3921 85 17 received
3051 3921 48 18 from
3117 3922 69 17 Messrs
3203 3922 10 18 0
3217 3928 30 11 one-

2825 3940 38 18 and
2876 3941 39 18 Son
2923 3943 20 17 of
2952 3944 107 22 Wanganui
3068 3951 50 10 some
3126 3944 94 19 beautiful
3228 3946 16 16 d<
3253 3940 2 26 •

2825 3963 52 23 signs
2885 3965 20 16 in
2914 3965 104 19 Christinas
3026 3967 55 17 cards
3094 3968 61 16 which
3168 3970 35 16 not
3217 3968 37 18 onl\

2825 3992 71 17 convoy
2912 3988 33 18 the
2960 3989 131 23 compliments
3108 3991 20 17 of
3148 3991 32 17 the
3197 3997 59 12 season

2824 4010 36 17 but
2873 4011 40 16 also
2927 4012 73 17 furnish
3018 4013 71 18 friends
3102 4014 72 17 abroad
3187 4015 45 17 with
3250 4022 6 7 •>

2825 4033 87 22 splendid
2920 4036 150 21 representation
3082 4037 21 17 of
3116 4036 48 18 New
3180 4037 76 18 Zealand

2825 4055 48 18 busli
2882 4057 38 17 and
2928 4059 98 17 mountain
3042 4065 82 16 scenery.
3155 4061 58 17 These
3227 4066 29 12 can

2825 4079 22 17 be
2857 4080 89 18 obtained
2955 4083 20 15 at
2983 4082 33 17 the
3025 4083 118 17 Chronicle
3152 4083 74 18 Office.*

2849 4112 18 16 A
2873 4113 64 18 choice
2942 4115 114 17 assortment
3065 4116 20 16 of
3093 4115 105 19 Christmas
3204 4116 42 18 Card-

2826 4135 46 17 with
2881 4137 138 22 photographic
3028 4137 58 19 views
3094 4139 21 17 of
3122 4139 48 17 New
3179 4139 77 19 Zealand

2825 4163 77 17 scenery
2908 4161 20 16 at
2937 4160 32 17 the
2978 4161 118 18 Chronicle
3105 4162 73 17 Office.*

1207 75 59 20 THE
1293 76 56 20 HOT
1379 76 92 20 LAKES
1500 75 170 26 CHRONICLE,
1698 78 189 24 WEDNESDAY,
1915 79 157 22 NOVEMBER
2101 82 31 22 27,
2151 80 47 20 1896

253 162 30 13 JL>

94 242 98 17 TTNION
204 240 138 17 STEAMSHTP
358 240 115 16 company
492 238 30 16 of

98 256 24 24 U
174 263 57 16 NEW
242 262 115 17 ZEALAND
366 261 80 16 Limited.

155 299 122 15 I'KOI'OSED
289 291 166 22 DEIMRTURES.
514 287 4 27 *

225 330 47 15 I-OK
285 327 100 17 SYDNEY.

88 362 132 20 Manapouri,
230 359 104 21 Thursday,
348 358 48 16 Nov.
410 357 27 19 -'B,
451 361 10 10 o
473 360 46 16 p.m.

167 403 47 16 FOR
226 398 129 19 suUTHKfcN
367 397 77 15 i'OKTS.

89 439 97 15 Takavuna
194 443 51 15 every
254 435 75 20 Monday

89 459 111 16 Mauinapua
207 463 51 15 every
265 456 90 19 Thursday

89 482 121 18 Australia,
217 476 122 23 Wednesday,
346 476 49 17 Nov.
403 476 27 18 27,
440 476 11 16 3
460 481 46 16 p.m.

88 504 53 20 Moa,
151 502 117 21 Wednesday
269 514 8 13 ,_
284 499 101 28 December
392 500 17 19 4,
424 505 9 10 o
440 504 47 16 p.m.

153 544 78 17 Reduced
241 544 44 14 fares
292 548 28 9 am
329 547 38 10 now
376 542 15 14 in
402 541 51 15 force.

89 567 90 17 Auckland
185 565 67 16 Brunch
304 563 105 16 Pulmerstou
421 562 98 17 Buildines.

87 699 160 44 nUDDART,
273 697 111 20 PARKER,
405 696 54 18 AND
480 696 38 17 CO.

249 721 108 23 (limited),

162 769 60 17 NEW
235 768 85 18 STEAM
333 765 108 19 SERVICE

88 802 127 28 Bringing
226 800 61 23 Low
295 800 77 22 Fares
383 799 54 22 into
449 798 68 22 force

109 850 96 23 Splendid,
214 848 162 23 Well-appointed
381 847 92 17 Steamers
480 846 37 17 will

85 874 23 17 he
117 873 114 23 despatched
239 873 50 17 from
296 873 117 17 Auckland,
424 875 20 12 us
458 869 60 17 under

85 897 91 22 (weather
191 896 38 17 and
248 896 53 17 other
317 894 142 17 circumstances
474 897 33 17 per-

85 919 86 21 mitting:)
178 925 28 11 :

85 943 42 17 For
133 941 135 20 GISBORNE,
275 940 103 19 NAriER,
386 938 114 17 WELLING-

108 967 56 19 TON,
176 963 155 20 LYTTELTON,
342 964 13 15 &
365 961 127 20 DUNEDIN,

85 990 113 16 Tasmania.
207 984 14 22 ..
229 988 110 18 .Tuesday,
349 986 44 16 Dec.
408 984 16 21 ;i,
435 990 57 11 noon.

83 1014 100 17 Anglian,
192 1012 101 18 Tuesday,
306 1010 44 16 Dec.
360 1009 26 19 17,
395 1009 21 15 10
423 1013 55 11 noon.

211 1057 50 17 FOR
276 1054 110 20 SYDNEY,

129 1080 115 23 (Returning
256 1080 19 16 to
285 1077 98 18 Auckland
391 1076 79 23 Direct.)

83 1104 93 22 Carrying
195 1103 113 21 Passengers
328 1101 30 17 for
379 1100 135 20 Melbourne,

94 1127 53 17 other
152 1127 132 17 Australian
290 1124 71 20 Ports,
368 1123 38 17 and
411 1123 92 20 Hohart,

82 1155 102 16 Anglian.
193 1153 144 19 .Wednesday,
351 1151 44 17 Dec.
403 1151 17 20 4,
428 1151 10 16 3
445 1157 46 15 p.m.

81 1178 107 17 Tasmania
234 1176 98 20 Monday,
348 1175 45 16 Dec.
408 1175 25 18 10,
444 1176 10 14 4
467 1179 46 17 p.m.

104 1204 79 22 Freight
191 1204 38 17 and
237 1204 91 21 Passages
341 1204 20 15 at
374 1205 79 13 lowest
466 1205 37 13 cur-

81 1232 53 12 rent
146 1231 70 13 RATES.

104 1251 73 17 Return
185 1251 74 17 Tickets
265 1249 92 17 available
363 1249 29 16 for
397 1247 28 18 six
431 1247 82 18 months.

182 1279 22 17 L.
218 1279 23 17 D.
251 1277 107 18 NATHAN
371 1277 15 17 &
399 1277 45 20 CO.,

412 1299 79 23 Agents.

85 1348 74 31 yNST
164 1348 37 30 ED
223 1348 29 30 iN
258 1346 39 31 SU
304 1343 104 33 RANGE
429 1344 82 35 COY.,

230 1383 127 21 LIMITED.

142 1437 150 26 CAPITAL,
309 1435 142 27 £500,000.

180 1489 52 19 risks
240 1489 21 18 of
269 1488 27 18 nil
305 1488 73 18 classes
385 1486 127 20 undertaken

81 1510 29 26 X'
149 1518 20 16 at
179 1516 69 18 lowest
258 1517 80 16 current
347 1516 59 16 rates.

79 1551 75 20 Claims
163 1550 72 19 settled
244 1548 101 26 promptly
355 1548 40 18 and
409 1547 101 25 liberally.

90 1600 47 17 New
146 1599 82 17 Zealand
238 1597 56 18 Head
302 1597 62 20 Office,
374 1597 124 22 Wellington.

113 1626 91 18 Resident
212 1626 46 20 Sec.,
268 1625 66 17 James
343 1625 18 17 S.
375 1625 99 17 Jameson.

203 1654 99 18 Auckland
311 1653 74 23 Agent:

139 1684 21 15 A.
174 1683 108 20 Heatiier,
292 1681 77 18 Custom
379 1679 67 19 Street.

211 1714 83 18 Rotoruu
303 1713 73 22 Agent:

125 1744 21 16 F.
160 1743 21 17 F.
190 1743 68 20 Watt,
271 1743 117 16 Chronicle
398 1741 63 17 Office.

80 1786 287 47 Ehrenfried
386 1785 120 45 Bros

221 1847 144 23 BREWERS,

157 1880 109 20 ALBERT
282 1878 148 25 BREWERY,

101 1910 102 25 QUIiEN•
207 1912 110 23 STREET,
331 1910 158 21 AUCKLAND

98 1965 67 17 WINE
177 1964 50 17 AND
238 1963 82 17 SPIRIT
331 1962 155 20 MERCHANTS,

120 1992 122 17 BOTTLERS
253 1992 51 15 AND
320 1990 145 17 IMPORTERS.

163 2015 26 19 •13,
205 2017 131 13 UUEEN-STREET
351 2016 69 12 WHARF.

169 2066 51 11 PRIZH
231 2065 60 12 MEDAL
301 2065 35 10 AND
348 2063 70 12 AWARDS

78 2089 25 15 At
111 2088 28 15 the
152 2087 90 20 following
258 2086 111 15 Exhibitions
385 2085 26 15 for
421 2089 31 11 our
461 2084 38 16 well-

172 2109 61 15 known
247 2107 44 15 Bulk
301 2107 33 15 and
343 2106 68 15 Bottled

190 2129 48 16 ALE
249 2127 50 16 AND
311 2127 85 18 STOUT:

77 2157 69 20 Sydney
155 2155 124 17 International
287 2154 107 19 Exhibition,
405 2154 49 17 1879.

77 2178 100 16 Melbourne
186 2176 127 17 International
319 2175 109 19 Exhibition,
437 2176 70 14 1880-81

77 2199 43 16 New
127 2198 73 17 Zealand
209 2197 93 17 Industrial
306 2197 108 19 Exhibition,
419 2196 78 20 Welling-

120 2223 36 16 ton,
167 2221 47 15 1885.

77 2242 43 16 New
139 2241 75 16 Zoaland
228 2241 33 15 and
275 2241 54 15 South
341 2240 40 15 Seas
399 2239 108 15 Exhibition.

120 2262 87 17 Dunodin.
219 2262 77 17 1880-90.

79 2285 20 15 In
109 2284 76 16 addition
193 2285 18 14 to
221 2284 51 14 above
280 2283 44 15 have
341 2282 42 16 been
398 2281 80 17 awarded
492 2282 17 14 at

120 2305 105 16 Tasmanian
256 2304 107 19 Exhibition,
391 2303 117 19 Launceaton,

124 2327 78 16 1891-92.

164 2351 57 17 FIVE
232 2350 69 18 FIRST
319 2350 104 16 AWARDS

278 2377 33 11 FOR

88 2395 67 16 BULK
166 2394 109 17 BOTTLED
291 2394 56 15 ALES
365 2392 51 17 AND
435 2392 76 17 STOUT

271 2415 47 17 Also,

167 2436 247 33 OHAMPiONSHiP

109 2475 63 23 Gold
185 2474 86 23 Medal
282 2474 26 22 of
318 2473 166 23 Australasia

185 2509 72 12 AGAINST
267 2508 98 12 ALLCOMERS
375 2508 32 12 FOR

81 2533 88 22 BULK
183 2532 69 23 AND
272 2531 144 23 BOTTLED
432 2531 66 22 ALE

172 2584 73 20 Having
252 2589 10 10 a
270 2583 57 19 Large
336 2582 51 17 Stock
395 2582 17 16 of

191 2609 49 17 ALE
252 2609 50 16 AND
315 2608 81 20 STOUT,

81 2637 68 15 Bottled
157 2635 17 16 in
182 2638 51 18 quart
242 2635 33 15 and
292 2635 37 20 pint
343 2634 67 19 battles,
427 2634 84 21 specially

80 2658 66 16 brewed
155 2657 26 15 for
190 2657 28 15 the
226 2662 73 10 summer
309 2656 53 17 trade,
373 2655 55 15 which
436 2660 28 11 are
472 2660 40 11 now

80 2679 104 19 thoroughly
193 2677 82 18 matured,
289 2682 31 10 can
335 2676 41 16 with
390 2682 50 14 every
456 2677 45 15 confi-

80 2700 51 15 dence
142 2699 105 16 recommend
263 2703 35 10 sum
304 2704 5 5 >
325 2700 16 13 to
356 2702 118 12 connoisseur#
491 2703 19 10 as

81 2721 60 15 second
151 2722 16 14 to
176 2725 43 11 none
228 2721 17 15 in
256 2719 29 16 the
293 2719 72 20 Colony.

173 2763 245 24 MASSAGE.

80 2813 89 43 MISS
186 2813 105 19 FRASER,
308 2811 87 23 qualified
411 2812 101 17 American

155 2837 101 19 Masseuse,
266 2836 82 21 recently
362 2836 49 16 from
423 2835 87 21 London,

79 2860 16 17 is
108 2859 92 24 prepared
212 2861 20 15 to
245 2858 66 18 attend
327 2858 82 23 patients
426 2864 24 11 on
466 2864 46 16 very

79 2883 96 17 moderate
183 2884 63 16 terms.

104 2907 36 16 She
148 2906 35 17 has
190 2905 38 18 had
236 2910 58 17 many
300 2904 59 22 years'
370 2904 108 22 experience
492 2904 20 17 in

79 2929 32 18 the
128 2929 107 20 treatment,
253 2928 38 17 and
310 2928 15 16 is
341 2927 116 23 thoroughly
480 2933 21 10 ac-

80 2952 91 23 quainted
179 2952 46 17 with
233 2951 32 17 the
275 2950 72 23 System
357 2950 20 17 of
386 2950 26 17 Dr
428 2950 18 17 S.
461 2950 51 17 Weir

80 2975 92 20 Mitchell,
183 2975 19 16 of
210 2973 136 23 Philadelphia,
357 2973 29 17 for
394 2973 32 17 the
435 2978 43 12 cure
492 2973 21 17 of

81 2998 79 18 General
169 2997 90 22 Debility,
265 2997 133 19 Nervousness,
407 2996 105 21 Insomnia,

81 3021 110 23 Dyspepsia,
202 3021 38 20 &c.,
251 3021 31 16 &c.

104 3048 87 21 Address,
202 3048 33 21 C/o

174 3070 95 23 Bathgate
281 3070 70 21 House,

174 3095 98 15 Tarawera
285 3093 70 19 House,

137 3123 21 12 or
170 3117 45 17 Hot
223 3116 69 18 Lakes
300 3117 117 16 Ciironiclh
426 3115 63 18 Office.

174 3166 43 14 -V
224 3166 13 9 s
245 3167 10 10 \
262 3164 36 13 ni
303 3164 21 11 T

174 3175 246 34 JNUllUlii.
522 3175 1 34 I

90 3298 194 34 FRANKTON
310 3297 205 33 JUNCTION

251 3340 113 31 HOTEL.

88 3406 204 47 PASSENGERS
306 3406 27 24 by
348 3406 53 19 train
417 3408 20 16 to
452 3404 65 20 Auck'

278 3432 54 19 land.

88 3529 72 19 Trains
182 3530 42 23 Btop
244 3530 76 22 twenty
338 3526 87 19 minutes
444 3528 21 17 at
484 3525 35 19 the

134 3554 105 19 Frankton
248 3553 95 19 Junction
354 3552 31 19 for
395 3552 78 18 dinner.

115 3580 43 19 The
181 3579 134 24 undersigned
343 3578 37 19 has
411 3577 109 19 first-class

89 3606 66 19 Meals
166 3604 61 25 ready
238 3605 39 18 and
287 3604 70 19 served
367 3610 25 12 on
407 3603 73 20 arrival
499 3604 21 18 of

90 3632 27 19 all
128 3631 70 19 trains.

91 3679 215 46 William
318 3678 199 49 Geateh,

147 3740 315 23 PROPRIETOR.

92 3796 147 24 Hancock's
247 3794 97 23 XXXX
350 3794 62 22 Ales
421 3794 99 29 always

222 3828 33 15 on
265 3820 125 28 Draught.

150 3865 113 47 FOR

92 3999 231 32 rpOTARAHOUSE
329 3997 113 20 BLOCKS.
447 3998 75 18 Stiain-

97 4019 25 27 X
157 4034 39 19 ers,
208 4027 40 19 and
258 4026 137 20 Government
405 4024 39 18 size
457 4023 65 23 Posts,

91 4055 21 18 in
124 4061 38 17 any
175 4053 101 25 quantity,
287 4049 101 22 deliverod
398 4052 20 16 to
429 4055 39 18 any
477 4052 46 21 part

91 4081 21 18 of
122 4080 35 19 tlie
168 4077 180 26 -iistrict.—Apply
360 4078 21 17 at
391 4076 35 19 the
437 4075 86 18 Auction

91 4106 62 19 Mait.

273 4135 21 18 J.
312 4133 27 20 H.
353 4132 118 21 TAYLOR.

533 138 3 47 j
571 139 163 22 FIREWOOD!
781 138 165 21 FIREWOOD!

639 192 74 19 RATA
725 197 43 13 axd
782 192 91 19 TAWA.

532 216 2 32 I
544 224 106 19 Delivered
668 223 28 25 by
713 223 86 19 Kusabs
819 223 58 19 Eros,
894 224 21 17 to
934 228 39 17 any

543 252 45 23 part
600 251 21 18 of
631 250 34 18 the
673 249 103 25 township
786 252 21 16 at

614 275 84 19 Lowest
711 275 100 19 Current
823 275 75 18 Rates.

569 301 73 19 Orders
652 301 92 18 received
756 305 20 15 at
786 301 35 18 the
832 300 66 25 yards,
906 299 63 18 Hine-
969 299 3 26 1

543 334 45 12 rnoa
597 328 72 18 iStreet.

543 419 75 44 THE
625 419 127 23 undersigned
765 419 39 16 will
818 418 68 22 supply
899 417 46 17 milk
953 418 21 16 at

605 443 40 17 One
654 442 82 23 Shilling
743 447 34 16 per
787 441 65 23 gallon
865 442 20 16 to
898 440 76 23 regular

541 467 102 17 customers
672 465 118 22 throughout
826 464 33 16 the
888 463 86 17 Summer

541 489 82 17 months.
648 488 66 18 Cream
729 494 35 11 one
777 487 79 22 shilling
867 492 34 16 per
908 487 63 21 quart.

564 511 99 18 Delivered
671 512 54 17 twice
741 510 51 22 daily
805 510 15 17 if
833 509 92 22 required.

679 533 69 18 John
762 532 139 20 Mckenzie,

773 556 62 17 North
837 555 40 17 dale
887 555 62 17 Farm.

569 683 177 18 GOVERNMENT
764 681 173 20 SANATORIUM,

691 706 126 18 ROTORUA.

543 755 8 14 r
555 755 18 19 r
574 754 4 27 ,
582 755 38 19 lIE
634 756 105 25 following
747 755 90 19 Tenders
850 761 34 13 are
894 754 77 19 invited

546 777 21 20 J-
605 783 32 17 for
646 783 90 24 supplies
745 782 32 18 for
784 781 34 19 the
828 788 49 18 year
894 781 76 25 ending

541 807 110 20 December
661 810 30 21 31,
706 809 55 18 1896.

568 835 15 16 1.
600 833 85 20 General
696 834 109 23 Groceries,
816 833 107 25 including
931 833 27 19 Po-

618 862 64 17 tatoes

566 887 17 16 2.
599 885 64 25 Dairy
684 885 209 20 Produce—Whole
911 885 58 24 Milk,

618 912 55 19 fresh
682 912 78 23 Butter,
772 912 56 19 fresh
840 912 63 24 Eggs.

565 938 18 19 3.
598 938 106 19 Butcher's
712 938 62 19 Meat.

569 964 14 17 1.
598 963 72 24 Bread,
681 964 61 19 white
755 964 40 19 and
806 964 78 19 brown.

565 990 18 17 5.
598 990 46 19 Best
656 985 53 24 Rata
725 990 105 19 Firewood
848 990 21 18 in
887 988 81 19 16-inch

618 1016 88 24 lengths.
743 1016 49 19 Best
804 1015 85 26 Taupiri
899 1015 70 19 House

617 1042 54 19 Coal.

565 1070 54 18 Lists
628 1070 21 17 of
659 1068 58 19 items
730 1074 47 18 may
797 1068 26 19 be
837 1074 47 12 seen
899 1069 21 17 at
936 1067 34 18 the

538 1095 135 20 Sanatorium.

564 1122 34 18 All
614 1121 80 19 tenders
715 1122 54 17 must
786 1120 26 19 bo
830 1119 97 19 rendered
949 1118 20 19 in

538 1147 107 25 duplicate.

564 1173 88 19 Tenders
665 1174 53 17 must
731 1172 25 18 be
769 1169 109 21 addressed
889 1173 21 15 to
925 1169 43 19 The

539 1199 87 19 Medical
636 1198 176 25 Superintendent,
826 1197 40 18 and
876 1196 91 19 received

539 1225 25 24 by
573 1225 42 19 him
626 1231 24 12 on
661 1231 21 11 or
692 1224 69 18 before
771 1223 92 25 Tuesday
873 1222 35 19 the
922 1221 45 20 10th

537 1252 21 18 of
568 1251 110 19 Decomber
691 1252 54 16 next.

574 1382 69 15 VRAUK
868 1381 66 13 MARK.
974 1363 1 34 j

687 1497 56 19 ASK
758 1496 56 19 FOR

536 1548 429 47 HANCOCKS'

656 1621 184 20 CELEBRATED

712 1674 86 31 xxxx

642 1733 40 42 A
700 1733 38 42 L
752 1733 38 42 E
811 1733 42 50 S,

662 1798 58 13 MADE
729 1798 55 13 FROM
793 1797 42 14 THE

534 1831 115 31 FINEST
677 1830 87 32 MALT
785 1830 64 31 AND
867 1829 96 37 HOPS,

728 1881 42 13 AND

571 1914 52 13 FREE
635 1913 55 13 FROM
703 1914 39 12 ALL
755 1912 129 14 ANTISEPTICS
897 1913 25 13 OH

637 1945 139 14 DELETERIOUS
795 1945 64 13 ACIDS.

533 2008 138 31 CAPTAIN
694 2008 82 30 COOK
795 2008 167 36 BREWERY,

636 2051 194 19 NEWMARKET.

532 2089 228 51 HfHEMOA
791 2100 170 41 store.

609 2196 77 18 tention
696 2198 21 16 to
725 2196 34 18 the
768 2196 105 24 following
880 2196 51 19 lines
944 2196 21 19 of

532 2281 99 24 Bycroft's
642 2281 110 19 Snowdrift
762 2281 52 19 N.Z-
823 2281 62 20 Flour

532 2306 101 24 Sultanas,
644 2307 99 19 Muscatel
752 2307 41 19 and
801 2307 97 20 Valencia
913 2307 38 19 Rai-

585 2333 46 22 sins,
643 2333 39 19 and
691 2333 98 19 Currants

532 2359 49 24 Figs
589 2359 40 18 and
638 2359 111 19 Preserved
760 2359 82 26 Ginger,
854 2359 70 26 Spices

532 2384 75 19 Lemon
618 2385 40 18 and
668 2385 80 25 Orange
760 2385 49 19 Peel

587 2411 69 18 White
666 2411 112 23 Sugar—A
795 2412 116 25 Speciality.

533 2437 51 19 New
594 2436 90 19 Zoaland
691 2437 62 25 Dairy
761 2437 145 20 Association's
913 2437 52 20 But-

558 2488 60 19 TEA.
637 2465 31 16 tGr
677 2489 112 20 COFFEE.
844 2490 93 19 COCOA.

534 2537 85 20 General
632 2538 126 20 Assortment
775 2539 20 19 of
814 2538 150 26 Storekeeper's

709 2565 74 19 Goods.

594 2681 114 24 Rotorua
723 2682 78 23 Brass
816 2683 80 22 Baud.

548 2733 12 19 A
590 2732 128 21 MEETING
732 2735 21 18 of
763 2734 99 18 members
880 2735 40 19 and
935 2735 20 19 in-

602 2760 84 24 tending
696 2760 100 19 members
812 2761 21 17 of
847 2761 35 18 the
901 2761 65 19 above

533 2785 58 20 Band
602 2785 40 19 will
651 2787 47 18 take
708 2786 56 25 place
781 2789 21 16 at
819 2787 56 18 Lake
893 2786 73 20 House

534 2818 24 12 on
576 2812 106 24 Saturday,
701 2812 116 19 .November
840 2812 53 24 30th,
912 2815 20 16 at
955 2815 10 16 8

534 2838 80 21 o'clock,
628 2838 30 19 for
668 2838 34 19 the
712 2845 87 19 purpose
814 2839 22 18 of
851 2839 104 25 reorganis-

534 2864 35 24 ing
579 2864 34 18 the
624 2864 63 19 Band.

691 2890 21 19 C.
727 2890 25 19 A.
769 2890 118 23 CLARKE,

765 2916 91 20 Member
862 2917 26 19 R.
888 2917 52 19 8.8.

663 2960 176 20 NOTICE.

536 3012 81 45 THE
628 3012 169 20 FOLLOWING
806 3013 73 23 Goods,
890 3013 78 25 freight

603 3038 48 25 paid
660 3042 20 15 to
693 3039 90 19 Rotorua
792 3046 34 12 :

537 3070 80 18 Double
627 3070 93 20 Wooden
729 3070 108 24 Bedstead,
854 3073 35 17 22s

576 3111 11 8 ~
624 3096 48 19 Iron
771 3111 12 9 ~
854 3099 35 17 40s

577 3136 11 10 ~
596 3122 168 20 Brass-mounted
772 3138 11 8 ~
800 3125 42 21 48s,
854 3125 41 21 68s,
907 3125 36 17 80s

538 3147 49 19 Best
598 3147 73 19 double
682 3149 46 18 wire
738 3149 123 23 Mattresses,
874 3151 35 17 23s

599 3187 12 10 ~
674 3173 41 20 flax.
781 3189 12 9 ~
875 3176 35 18 24s

600 3213 12 10 ~
675 3199 75 27 Kapok
761 3201 43 18 Bed
815 3203 35 16 40s

642 3225 55 20 Cash
715 3232 55 13 with
785 3227 80 18 Order.

564 3251 175 26 Papsrhangings,
751 3259 12 12 a
773 3252 57 25 large
841 3253 62 21 stock,
922 3259 48 19 very

538 3277 70 25 cheap,
636 3278 54 19 Send
699 3278 32 19 for
740 3281 98 22 patterns.

557 3312 41 32 T,
621 3312 57 32 ¥.
700 3313 253 37 MAUNDEH,

649 3353 217 20 HAMILTON.

616 3401 154 24 ROTORUA
783 3403 111 23 RACES-

543 3453 48 45 A
597 3453 104 20 PUBLIC
708 3454 90 26 meeting
808 3455 17 19 is
833 3455 101 19 convened
942 3455 31 19 for

618 3480 81 24 Friday,
711 3480 34 19 the
756 3481 49 19 29th
816 3481 54 23 inst.,
884 3483 20 17 at
916 3481 56 19 Lake

542 3505 76 18 House.

567 3530 225 21 Business.—Election
808 3534 21 18 of
846 3534 78 19 officers
942 3534 32 19 for

543 3556 85 23 ensuing
635 3563 54 17 year.

771 3584 22 18 P.
807 3584 87 24 THOM,

835 3610 54 19 Hon.
905 3611 41 19 Sec.

694 3748 122 25 Tenders,

705 3806 34 13 are
747 3800 76 19 invited
835 3800 26 26 by
869 3801 35 19 the
912 3801 61 20 Town

552 3821 22 20 -L
609 3826 66 19 Board
685 3827 32 18 for
726 3826 34 19 the
771 3827 88 18 erection
870 3826 21 20 of
899 3833 13 12 a
920 3830 51 22 post,

543 3852 73 25 toprail
626 3852 39 19 and
670 3852 46 19 wire
726 3852 57 19 fence
790 3852 65 19 round
861 3853 34 18 the
902 3852 60 20 Athle-

544 3878 25 17 tic
588 3878 70 24 Sports
676 3878 84 19 Ground
778 3878 21 19 in
822 3878 36 19 tho
879 3878 95 20 Pukeroa

543 3902 94 20 Reserve.

569 3929 42 19 Tho
621 3929 69 20 lowest
701 3935 23 13 or
734 3935 40 20 any
783 3930 71 19 tender
861 3931 36 18 not
906 3937 68 13 neces<-

544 3955 61 24 sarily
614 3955 99 25 accepted.

569 3981 89 18 Tenders
665 3984 20 16 to
698 3981 25 19 be
738 3981 74 26 lodged
829 3982 27 25 by
872 3982 100 25 Tuesday,

544 4005 35 19 the
589 4006 36 18 3rd
634 4006 117 20 December.

572 4031 147 24 Specincations
729 4035 20 17 to
760 4033 26 19 be
795 4040 49 13 seen
854 4036 21 17 at
884 4034 35 19 the
925 4034 50 20 Post

546 4056 66 20 Office.

813 4085 32 26 By
852 4085 70 20 Order.

571 4108 90 19 Rotorua
670 4108 61 19 Town
744 4109 73 25 Board,

598 4134 114 19 November
721 4135 54 24 25th,
787 4137 56 19 1895.

1009 4233 100 40 Ask
1135 4235 72 40 for
1234 4235 268 42 Hancock's
1531 4239 273 41 Celebrated
1850 4242 187 42 XXXX
2062 4246 114 40 Ales
2202 4249 94 37 and
2320 4248 149 40 Stout.

1135 138 95 19 rrmos.
1253 138 67 18 cook
1341 139 15 18 &
1381 138 48 18 son

997 395 94 21 Intending
1098 400 59 16 passen
1166 400 33 11 -ers
1214 395 60 16 nliould
1289 395 52 21 apply
1355 395 28 16 fur

1016 417 36 16 free
1060 417 29 16 list
1098 418 18 15 of
1124 419 73 14 steamer
1212 417 70 20 mailings
1294 417 34 15 and
1336 417 45 15 fares

1043 442 89 18 COOK'S
1143 442 127 17 SHIPPING
1281 442 99 21 OFFICE,

1071 472 21 17 7()
1102 475 41 14 AND
1153 472 21 16 78
1188 472 163 18 QrEEX-STKEET.

1017 498 133 16 N.B.—Drafts
1158 499 34 15 and
1201 499 76 16 Circular
1286 499 53 15 Notes
1347 499 42 15 i^snc

986 685 443 26 dfasf
