3288 4247
180 121 75 18 MARK
271 119 91 17 TWAIN.

82 172 37 16 The
139 168 54 22 preat
212 166 99 18 American
332 165 99 18 humorist,
456 163 33 16 Mr

63 197 10 15 S
80 193 53 18 iinUfl
142 193 21 15 L.
174 191 90 18 Clemens,
273 189 62 17 Letter
346 188 69 17 known
428 186 61 17 under

62 219 26 17 his
97 221 50 17 pre.-s
160 213 95 21 sobriquet
268 212 20 16 of
303 211 56 17 Mark
371 210 71 19 Twain,
454 208 33 17 has

62 238 69 20 arrived
139 238 19 16 in
167 235 99 19 Auckland
273 234 38 18 and
323 232 103 19 submitted
436 231 41 17 liim-

62 264 33 17 s,.]i'
110 264 19 14 to
145 260 32 16 the
193 258 101 18 inevitable
306 256 122 17 interviewer.
457 254 31 16 He

62 283 78 21 lectured
148 283 53 16 there
213 287 24 11 on
252 280 97 21 Thursday
364 278 38 17 and
418 276 70 22 Friday

61 312 19 15 to
88 305 120 22 overflowing
214 303 99 18 audiences
321 301 37 18 and
369 301 15 17 it
401 301 15 16 is
436 299 52 22 quite

62 338 21 10 on
92 331 31 17 the
132 328 52 18 cards
193 328 43 16 that
243 327 63 17 before
315 325 74 21 leaving
397 323 38 16 this
443 328 33 16 por-

62 356 36 16 tion
107 353 19 16 of
134 352 31 16 the
174 350 94 17 Southern
278 347 116 22 hemisphere
407 346 24 16 he
443 349 45 17 may

62 385 11 13 ~:
74 367 3 31 i
80 383 17 11 v
106 376 82 16 Rotorua
196 379 12 11 a
215 372 49 17 visit.
297 370 98 18 American

62 400 37 18 said
107 398 30 17 Mr
146 396 85 18 Clemens
242 396 20 16 to
274 394 29 17 his
316 392 122 19 interviewer,
454 391 12 8 '•
472 396 16 11 is

63 422 81 18 different
160 418 80 22 entirely
259 419 20 16 to
299 415 78 18 French,
399 414 87 19 German,

62 444 63 20 Scotch
138 442 38 18 and
189 441 81 22 English
403 436 46 18 Had
463 436 24 16 he

63 465 110 20 substituted
191 464 49 17 Irish
257 464 30 16 for
302 461 67 19 Scotch
385 461 24 15 he
424 459 63 17 would

61 494 45 15 have
113 490 46 16 been
167 492 51 12 more
227 486 69 17 correct
305 486 29 15 for
341 484 15 17 it
364 483 16 17 is
389 483 32 17 the
435 482 42 17 simi-

62 515 52 19 lui-ity
131 511 82 21 existing
228 509 85 17 between
331 506 98 17 American
450 504 37 18 and

63 535 62 20 Scotch
134 535 67 17 humor
210 532 59 16 which
278 532 33 16 lias
320 528 88 19 achieved
416 528 30 17 for
456 528 32 16 Mr

63 558 86 20 Clemens'
158 562 43 12 own
209 555 60 17 works
277 553 50 17 their
339 553 73 15 intense
426 556 49 17 popu-

62 584 53 19 larity
123 582 18 16 in
158 577 89 20 Scotland
260 582 43 11 over
317 581 37 16 any
367 575 55 16 other
433 574 41 21 Eng-

62 603 140 23 lish-speaking,
211 607 22 11 or
242 596 246 26 quasi-English-speaking

63 629 75 20 country
146 632 28 11 we
182 623 66 19 should
257 628 38 16 say,
306 621 36 17 and
355 619 88 18 obtained
458 619 30 17 for

94 657 16 11 in
119 648 96 21 Ramsay's
396 643 21 17 of
433 642 43 17 Scot-

63 675 34 17 tish
106 673 41 17 Life
155 671 38 18 and
201 670 100 17 Character
334 673 11 10 a
361 666 53 22 quite
425 671 50 11 unan-

62 695 84 24 ticipated
163 694 38 17 sale
221 693 19 16 in
260 691 89 17 America.
378 689 39 17 The
437 694 50 11 same

65 727 9 3 ••
81 718 101 24 puwkincss
208 716 21 16 of
236 714 106 23 expression
350 712 38 17 and
396 712 92 22 apparent

62 741 159 21 unconsciousness
234 739 19 16 of
266 742 36 16 any
315 737 137 20 extravagance
468 734 20 17 of

62 765 96 20 statement
166 762 48 18 exist
221 761 19 16 in
248 760 53 17 both.

85 791 15 15 A
107 784 143 25 correspondent
258 782 54 19 sends
320 788 21 10 us
349 781 33 17 the
390 781 64 21 report
468 782 18 14 ol

63 819 21 11 an
97 810 71 22 alleged
182 807 94 18 interview
293 805 46 17 with
354 804 32 17 Mr
402 803 85 18 Clemens

62 835 57 17 which
128 830 91 25 appeared
227 830 19 17 in
255 836 11 10 a
275 828 74 22 Sydney
360 832 63 17 paper.
449 826 38 17 The

62 859 48 17 voice
118 857 15 16 is
141 856 33 16 not
183 854 31 17 the
222 852 51 17 voice
282 852 19 16 of
313 850 66 19 Jacob,
394 849 91 19 however,

63 883 32 16 hut
102 880 30 17 the
141 877 50 18 hand
196 878 14 16 is
217 876 31 17 the
254 876 61 20 heavy
319 873 51 17 hand
375 873 20 17 of
400 873 33 16 the
438 871 36 22 Syd-

63 910 33 12 ney
102 906 99 19 pressman.
226 899 38 17 The
272 897 63 18 article
344 896 64 17 affects
417 896 20 16 to
445 894 42 17 deal

64 927 42 17 with
115 926 29 17 ihe
153 922 116 19 Prohibition
283 920 86 23 question
382 918 38 18 and
436 918 20 16 in
472 918 15 16 it

101 949 81 18 Clemens
197 946 71 21 regrets
276 943 42 17 that
330 941 155 23 prohibitionists,

62 974 22 16 dn
92 973 31 17 not
132 969 101 19 remcnibev
238 966 89 18 Edmund
332 964 78 19 Burke's
419 963 66 18 words:

80 994 70 19 Lawful
160 991 109 22 indulgence
278 990 15 17 is
301 990 32 16 the
343 988 45 22 only
396 986 57 18 cheek
462 992 23 11 on

61 1019 51 17 illicit
288 1012 23 17 In
323 1010 68 23 regard
403 1011 20 16 to
438 1009 48 17 local

63 1045 28 19 ~pt
95 1032 60 26 unfile
163 1037 81 20 remarks
256 1036 43 17 that,
311 1036 117 20 temperance
440 1038 34 16 peo-

62 1066 28 19 ple
98 1064 18 17 in
125 1061 82 19 America
215 1059 37 18 and
266 1057 76 19 Canada
358 1063 29 11 see
403 1056 33 17 the
452 1056 22 16 ab-

62 1087 69 21 surdity
151 1085 19 18 of
186 1083 86 21 shutting
291 1087 25 16 up
332 1081 68 16 houses
415 1080 20 16 in
451 1083 36 13 one

63 1111 71 20 locality
143 1107 36 18 and
188 1106 74 22 driving
267 1104 84 18 drinkers
355 1103 41 17 into
401 1108 11 11 a
418 1101 56 22 neigh-

62 1133 78 20 bouring
148 1136 40 12 one.
212 1129 56 17 From
276 1127 60 17 which
341 1127 16 16 it
365 1126 16 17 is
389 1127 20 16 to
417 1125 23 17 be
453 1125 22 16 de-

62 1156 55 18 duced
190 1153 31 17 Mr
236 1152 84 17 Clemens
335 1150 16 17 is
367 1150 34 16 not
415 1155 11 10 a
442 1153 33 17 pro-

63 1178 105 19 hibitionist.

1177 47 58 19 TEE
1262 47 57 19 HOT
1346 47 92 20 LAKES
1467 47 170 25 CHRONICLE,
1665 48 189 23 WEDNESDAY,
1883 48 156 19 NOVEMBER
2066 50 31 22 27,
2115 50 49 17 1895,

510 206 79 22 Town
609 204 49 22 and
677 202 81 22 Rural
780 201 85 22 Lands
890 200 49 22 633

545 237 71 17 acres
629 230 39 21 for
678 229 80 22 Lease
768 228 36 28 by
813 226 92 23 Public

663 254 120 22 Auction.

644 306 17 18 is
670 304 78 25 hereby
768 304 61 25 given
844 303 44 19 that
905 303 35 19 tho

511 324 35 26 n
580 333 74 19 Lenses
670 331 21 18 of
707 324 4 28 I
715 331 26 17 lie
760 329 179 19 undermentioned

510 360 60 19 Town
581 358 39 20 and
630 356 66 20 Eural
705 356 75 22 Lands,
790 355 97 21 Kotorua,
899 354 41 19 will

510 386 24 18 be
545 384 75 20 offered
630 383 31 19 for
672 382 41 18 sale
722 381 28 25 by
760 380 73 20 Public
845 380 93 24 Auction,

510 414 21 16 at
540 412 34 18 the
585 409 82 19 District
677 407 57 19 Land
752 406 40 19 and
809 407 78 24 Survey
905 406 24 19 Of-

509 437 43 21 fice,
568 433 112 23 Auckland,
696 440 25 12 on
740 432 81 24 Friday,
839 431 35 19 the
891 431 49 20 29th

510 461 121 23 November,
645 461 54 21 18'J5,
710 461 21 16 at
743 460 19 17 11
778 464 47 13 a.m.

510 511 151 21 TOWNSHIP
669 510 33 19 OF
710 509 139 20 BOTOEUA.
858 509 66 20 BOTO-

627 537 59 20 EUA
700 535 120 20 COUNTY.

536 568 78 20 Section
625 569 17 21 5,
663 565 62 20 Block
745 565 123 20 XXIX.—I
885 567 55 20 rood.

509 596 65 25 Upset
583 593 76 19 annual
667 595 43 16 rent
721 593 38 18 £3.

522 645 97 21 PUPAL
634 643 139 25 SECTIONS,
787 644 138 19 POTOBUA.

536 678 90 19 Sections
637 678 30 20 31,
679 678 79 16 aiea-10
767 682 61 17 acres,
838 680 58 21 upset
904 684 24 12 an-

509 704 48 18 nual
567 708 44 14 rent
621 703 55 21 £10;
692 703 30 21 34,
734 703 39 17 39a
792 704 20 16 lr
830 703 46 24 -7p,
898 705 42 22 £7;

510 732 31 21 35,
553 731 37 17 4Ua
602 730 20 16 lr
635 730 5 16 I
646 730 30 22 Hp,
689 729 30 18 £6
728 735 5 15 ;
747 730 45 22 *43,
801 730 45 22 40a,
856 730 29 18 £7
895 729 4 24 ;
908 732 30 20 40,

510 757 44 21 23a,
565 757 30 17 £5
604 754 4 24 ;
622 755 31 21 40,
665 754 36 18 39a
712 755 27 17 3r.
750 755 30 17 £7
788 754 4 24 ;
809 756 33 21 47,
857 757 39 16 45a
911 757 27 21 2r,

510 783 41 21 £7;
564 783 32 21 48,
608 781 38 18 33a
656 780 22 17 2r
691 781 42 23 lip,
750 780 29 19 £0
787 780 4 24 ;
806 782 31 21 51,
855 783 38 17 35a
910 783 28 21 2r,

510 808 42 22 £5;
566 809 29 20 52,
609 808 42 20 34a,
664 804 29 19 £0
701 804 4 27 ;
720 807 30 21 53,
766 807 68 18 lGa2r
849 809 30 22 Ip,
898 807 41 23 £3;

510 835 30 18 54,
556 834 41 21 10a,
609 832 42 22 £3;
668 833 30 21 55,
711 832 37 18 14a
759 834 28 21 3r,
805 833 42 22 £2;
868 835 30 21 50,
916 835 25 16 9a

509 861 23 16 3r
545 859 41 24 17p,
599 859 41 21 £2;
654 858 32 22 57,
703 859 37 16 12a
755 859 21 17 lr
790 860 32 24 sp,
842 859 42 23 £3;
908 861 30 21 SS,

511 886 36 17 12a
557 886 23 17 2r
592 886 42 22 12p,
646 884 29 19 £2
685 884 4 26 ;
704 884 31 21 59,
749 885 39 18 IGa
802 887 23 16 Or
842 886 42 24 14p,
896 886 43 22 £3;

510 912 30 22 60,
554 912 35 17 lS)a
599 911 22 17 2r
634 911 41 23 15p,
691 911 28 17 £4
730 911 4 23 ;
752 912 31 21 (ji,
801 912 39 17 52a
851 912 28 22 2r,
897 912 42 22 £0;

509 937 31 22 03,
560 938 39 17 59a
611 937 28 21 2r,
656 936 40 22 £0;
712 937 29 22 04,
760 938 35 17 14a
810 939 22 16 3r
848 938 31 24 Bp,
899 939 40 22 £3;

509 964 31 21 65,
554 963 34 17 18a
599 962 22 17 Or
632 962 43 23 12p,
687 961 36 18 £3.

534 988 173 24 '■'lmprovements
715 987 56 19 £lB6
785 990 38 23 !ss,
835 988 105 27 buildings

508 1014 40 19 and
560 1013 87 24 fencing.

634 1064 179 22 CONDITIONS.

537 1103 16 16 1.
566 1101 59 19 Term
635 1101 21 18 of
665 1100 60 24 lease,
736 1101 130 25 ninety-nine
874 1108 64 19 years.

535 1129 18 17 2.
569 1128 65 18 Pents
643 1133 34 12 are
688 1127 86 25 payable
784 1127 124 26 half-yearly
919 1130 21 18 in

508 1154 89 19 advance
606 1156 21 15 to
636 1152 34 19 the
682 1153 97 19 lieceiver
786 1154 21 18 of
823 1153 59 20 Land
898 1155 28 19 Ee-

509 1185 71 17 venue,
592 1178 104 19 Auckland
705 1178 4 24 ;
723 1180 41 18 and
778 1179 33 19 the
826 1180 44 19 first
886 1181 44 18 half-

508 1205 70 25 yearly
585 1208 96 22 payment
691 1206 18 17 is
719 1207 20 17 to
749 1205 26 19 be
786 1206 60 18 made
863 1213 26 12 on
906 1207 34 19 the

510 1232 35 19 fall
555 1232 21 17 of
589 1231 34 18 the
635 1231 73 18 haniim
715 1238 16 15 r,
743 1232 48 19 with
802 1232 60 19 value
872 1233 21 18 of
902 1233 26 18 im-

509 1259 127 24 provements
648 1257 26 24 (if
684 1258 56 24 any).

537 1286 17 17 3.
570 1283 61 18 Town
650 1283 86 19 6tctions
754 1287 20 16 to
794 1287 24 16 be
837 1285 103 25 improved

511 1310 70 19 within
591 1315 37 12 one
639 1315 49 18 year
698 1309 51 20 from
761 1310 33 19 tho
806 1311 47 18 date
870 1312 21 17 of
906 1315 35 16 the

510 1337 53 18 lease
573 1338 21 15 to
604 1335 33 19 the
647 1335 60 19 value
717 1336 21 18 of
748 1340 33 15 ten
792 1337 59 18 times
861 1337 35 18 the
907 1344 22 13 an-

510 1362 48 19 nual
568 1360 71 20 rental.
667 1360 64 20 Eural
741 1363 87 18 sections
842 1369 33 12 arc
886 1366 20 16 to
916 1364 26 19 be

510 1387 70 21 fenced
591 1387 69 19 within
672 1394 36 12 one
718 1394 49 18 year
780 1389 52 18 from
844 1390 34 17 tho
895 1390 47 18 date

511 1416 20 17 of
544 1414 34 18 the
595 1413 59 19 lease.
683 1413 32 19 No
731 1414 105 19 valuation
856 1416 32 18 for
904 1416 26 18 im-

511 1442 126 24 provements
647 1439 40 18 will
698 1439 24 19 be
731 1440 84 20 allowed
825 1444 21 15 at
860 1441 33 19 the
903 1442 39 18 end

511 1468 21 18 of
542 1466 32 18 the
585 1468 49 16 term
645 1465 21 18 of
676 1466 59 18 leaso.

537 1494 18 16 4.
571 1492 16 18 iS
593 1498 10 12 o
613 1491 54 19 lease
677 1494 20 16 to
710 1492 25 18 bo
748 1493 101 22 assigned,
868 1493 63 19 under-

511 1519 33 21 let,
560 1525 22 11 or
597 1518 33 18 (ho
647 1518 114 24 possession
777 1519 79 19 thereof
871 1519 72 25 parted

513 1544 46 19 with
569 1546 70 22 except
649 1544 49 18 with
706 1545 34 18 the
751 1548 82 15 consent
849 1545 20 19 in
888 1546 44 18 writ-

512 1571 35 24 ing
564 1571 21 17 of
601 1570 34 18 the
656 1569 155 21 Commissioner
831 1571 21 18 of
871 1571 71 19 Cx-owu

512 1596 73 23 Lands,
598 1595 113 19 Auckland.

538 1625 17 16 5.
571 1622 33 19 All
625 1624 59 20 rates,
703 1625 63 21 taxes,
788 1623 91 25 charges,
903 1624 39 18 and

511 1651 131 17 assessments
653 1651 124 16 whatsoever
787 1652 20 16 to
818 1649 24 19 be
856 1649 47 25 paid
916 1649 26 25 by

511 1675 34 19 the
557 1675 69 18 lessee.

538 1703 17 16 0.
571 1700 33 19 All
615 1699 104 24 buildings
729 1700 78 19 erected
821 1703 21 16 1o
856 1701 25 19 he
895 1701 48 25 kept

512 1727 19 19 in
542 1728 52 24 good
606 1726 68 26 repair
683 1727 40 18 and
739 1727 109 23 condition,
867 1728 39 18 and
922 1728 20 17 in

512 1754 34 18 the
555 1752 88 20 erection
653 1753 21 18 of
686 1759 39 19 any
736 1753 94 25 building
839 1760 53 18 upon
908 1754 35 18 the

512 1780 85 18 sections
616 1778 70 19 within
705 1781 34 16 tho
760 1783 53 14 town
830 1780 35 18 tho
881 1779 62 19 lessee

512 1808 53 16 must
584 1805 17 18 al
611 1805 33 18 ide
661 1804 27 25 by
706 1805 40 19 and
763 1806 90 18 conform
871 1808 20 15 to
910 1805 33 18 the

512 1831 114 25 alignment
635 1830 21 19 of
663 1834 72 15 streets
745 1831 39 18 and
794 1832 67 22 roads,
872 1831 40 18 and
923 1834 20 15 to

512 1858 28 18 all
550 1857 87 25 by-laws
647 1857 39 18 and
701 1857 126 24 regulations
842 1857 59 19 made
917 1857 26 24 by

515 1886 34 18 the
557 1884 49 19 Veal
618 1882 102 25 authority
731 1882 101 20 intrusted
841 1882 50 20 with
910 1883 33 19 the

515 1909 162 22 administration
689 1910 26 19 u£-
722 1908 35 20 the
771 1908 52 20 local
836 1908 70 20 affairs
923 1910 20 18 of

515 1938 33 18 the
558 1937 108 24 Township
674 1938 20 17 of
705 1936 93 19 Eotorua.

541 1965 18 17 7.
573 1962 84 25 Privies,
672 1962 84 25 ashpits,
877 1961 66 19 works

515 1990 21 19 of
545 1995 11 13 a
567 1989 76 19 similar
649 1989 103 19 character
761 1991 19 16 to
788 1989 26 18 be
821 1987 122 24 coilsiX.ipted

515 2015 39 20 and
569 2015 124 19 maintained
712 2021 22 12 as
757 2015 89 19 directed
869 2015 27 24 by
909 2013 34 20 'V.e

516 2042 48 19 local
577 2041 109 25 authority.
715 2041 33 18 All
759 2041 68 19 drains
838 2041 39 18 and
885 2041 49 18 chan-

516 2067 48 24 nels,
574 2067 39 19 and
624 2067 33 19 (he
668 2067 89 24 sanitary
771 2070 52 16 state
844 2067 40 18 and
901 2073 35 12 con-

515 2094 63 18 dition
589 2094 22 18 of
620 2093 34 19 the
666 2093 102 25 premises,
786 2096 20 15 to
824 2093 25 19 bo
868 2092 79 25 subject

516 2126 20 12 to
546 2120 34 18 tho
590 2119 88 24 by-laws
689 2119 40 18 and
741 2119 126 24 regulations
877 2119 21 18 of
913 2119 34 19 the

515 2145 50 19 local
576 2145 108 24 authority.

542 2173 17 17 8.
574 2171 32 19 No
617 2171 55 19 wells
681 2175 20 15 to
712 2171 25 19 be
749 2170 53 19 sunk
819 2177 22 12 or
857 2177 39 18 any
912 2177 23 12 ex-

515 2197 103 19 cavations
641 2201 19 14 to
686 2197 24 19 he
733 2197 57 18 made
810 2197 85 19 without
914 2197 33 18 '.lie

515 2228 80 14 consent
606 2223 19 18 in
637 2223 82 25 writing
728 2224 21 17 of
760 2223 34 18 tiie
803 2223 51 19 local
865 2223 69 18 author-

515 2251 36 23 ity.

542 2277 17 17 9.
574 2276 42 17 Tho
626 2276 56 18 trade
694 2282 23 11 or
726 2275 94 19 business
830 2275 22 18 of
861 2281 12 12 n,
889 2281 47 19 soap-

517 2302 46 19 boih
570 2308 16 16 r,
592 2301 181 23 tallow-chandler,
779 2305 79 19 tanner,
863 2300 85 25 slaugh-
957 2299 1 26 !

517 2331 83 19 terman,
620 2331 53 15 meat
689 2333 58 13 eurer
762 2334 22 11 or
799 2333 109 17 preserver,
928 2334 20 11 or

517 2360 38 18 any
566 2354 63 24 noisy,
642 2354 91 22 noxious,
745 2360 22 11 or
778 2353 98 18 offensivo
892 2352 56 19 trade

517 2386 21 12 or
548 2380 140 19 manufacture
698 2380 21 18 of
730 2386 39 17 any
780 2379 51 18 kind
848 2379 101 18 whatever

517 2405 41 19 will
568 2408 36 16 not
613 2406 24 18 he
649 2406 114 24 permitted.

545 2434 29 17 10.
588 2432 105 18 Provision
705 2431 40 19 will
761 2431 24 19 he
802 2431 59 19 made
875 2430 21 20 in
914 2431 34 19 the

517 2458 64 18 leases
591 2458 32 18 for
632 2457 112 26 inspection
754 2458 20 18 of
785 2457 97 25 premises
892 2460 20 16 at
923 2457 26 19 all

517 2483 118 20 reasonable
647 2484 65 18 tiu;es.

547 2509 29 19 11.
590 2509 64 19 Lease
664 2509 62 19 liable
736 2512 19 16 to
766 2509 107 19 forfeituro
882 2509 17 19 if
905 2511 45 17 rent

518 2535 25 19 be
554 2536 62 25 thirty
627 2535 50 25 days
686 2537 21 17 in
718 2542 74 16 arrear,
804 2535 41 19 and
853 2535 35 19 the
897 2535 53 19 lease

519 2561 40 19 will
581 2561 81 20 contain
678 2561 114 25 provisions
810 2561 32 19 for
859 2564 91 21 re-entry

518 2588 39 18 and
567 2588 32 18 for
607 2588 34 18 the
651 2594 94 17 recovery
755 2589 21 17 of
784 2590 62 16 rents.

577 2613 138 19 GEEHAED
728 2612 143 24 MUELLER,

571 2639 156 19 Commissioner
736 2640 21 18 of
768 2639 72 19 Crown
850 2639 74 19 Lands.

519 2665 84 19 District.
613 2665 58 19 Land
682 2665 40 19 and
733 2665 78 25 Survey
821 2665 67 23 Office,

545 2691 114 23 Auckland,
672 2691 36 19 3rd
718 2691 92 23 October,
824 2693 55 17 1895.

536 2746 160 17 Government
716 2746 48 17 Life
787 2745 141 17 insurance.

548 2780 47 14 LOW
604 2780 114 14 PREMIUMS.
736 2780 70 14 LAIIGE
818 2780 40 14 liON
861 2779 55 14 USES.

535 2808 34 14 The
576 2808 110 13 Watchwords
692 2808 17 13 of
715 2808 28 14 the
750 2808 49 14 Office
806 2811 28 10 arc

569 2824 106 16 Liberality
685 2826 21 12 to
715 2824 160 17 Policy-holders.

610 2841 98 16 Economy
718 2841 20 13 in
749 2841 142 15 Management.

651 2857 75 14 STATE
746 2857 126 13 SECURITY.

534 2877 117 14 Accumulated
660 2878 55 12 Funds
726 2877 59 13 exceed
795 2878 16 11 2*
821 2877 70 13 Millions
900 2877 28 15 stg.

614 2977 29 40 F.
688 2976 171 44 GOODSON,

606 3123 144 19 PUKUATUA
762 3123 103 19 STREET,

546 3204 63 18 (roods
618 3204 93 17 delivered
719 3204 50 17 after
781 3202 70 18 arrival
865 3204 20 16 of
897 3203 59 17 trains

522 3229 20 17 to
550 3228 27 17 all
585 3229 52 21 parts
646 3228 20 17 of
674 3227 33 17 the
715 3229 51 16 town
775 3227 47 16 with
830 3227 125 21 promptness.

522 3260 61 21 Large
594 3259 56 17 Stock
663 3259 20 17 of
700 3259 45 17 Coal
761 3257 40 19 and
816 3257 98 18 Firewood
928 3257 18 17 al-

592 3288 51 16 ways
653 3288 24 11 on
686 3281 50 18 hand
747 3281 38 17 and
793 3281 95 17 delivered

661 3306 21 16 at
691 3305 31 16 the
735 3304 83 17 shortest

704 3328 68 17 notice.

545 3357 68 17 RATA
618 3361 42 12 axi)
745 3361 25 12 at
776 3359 80 14 lowest
864 3359 69 13 hates.

548 3417 42 44 G
604 3417 47 17 EO
653 3415 4 46 '
677 3415 135 44 M°A

824 3415 108 21 ULET,

526 3486 122 23 Plumber
665 3486 21 22 &
696 3485 112 23 General
820 3484 137 23 Mechanic

617 3535 131 19 Tutanekai
766 3534 93 22 Ftbeet,

585 3586 120 22 ROT
720 3584 30 23 O
766 3585 33 20 R
813 3584 33 22 U

583 3645 40 40 W,
651 3645 30 40 A.
712 3641 186 44 WILLIAMS'

526 3717 222 23 PIGNEER
791 3715 166 25 STORE,

602 3755 101 24 Opposite
720 3754 72 19 Palace
809 3753 68 19 Hotel.

522 3806 138 23 GROCERY,
679 3806 3 23 .

565 3836 137 21 OILMEN'S
717 3834 112 25 STOP'S,

604 3865 221 23 lEONMONGEBY,

656 3894 254 24 CEOCKEBYWAEE,

708 3931 58 20 DBA
771 3930 82 23 PERT,
870 3930 42 22 &c.,
922 3930 34 19 &c-

551 3967 16 15 A
583 3963 150 19 well—assorted
750 3961 58 20 stock
827 3961 20 18 in
863 3960 27 19 all
907 3960 50 19 lines

522 3990 22 20 of
554 3990 34 18 the
596 3989 63 19 above
670 3992 21 16 at
700 3989 72 19 lowest
782 3987 73 23 prices.

522 4025 49 20 New
583 4024 89 19 Zealand
679 4024 65 24 Dairy
753 4020 147 21 Association's
907 4021 36 19 Fac-

557 4052 45 23 tory
616 4050 74 20 Butter
700 4049 55 20 fresh
766 4048 59 19 twice
834 4047 82 25 weekly.

597 4086 50 20 New
657 4085 51 20 Laid
719 4085 61 25 Eggs,
791 4083 42 25 &e.,
846 4083 34 19 &c.

65 1229 46 17 I'OK

129 1247 145 21 LASSITUDE.

151 1270 144 20 TORPIDITY,

175 1294 65 18 SOUR
252 1291 126 20 STOMACH,

199 1314 174 20 INDIGESTION,

232 1337 148 20 HEADACHE,

268 1360 143 19 BACKACHE,
426 1360 39 19 &c„

66 1390 47 18 Tnko
121 1396 9 10 ii
147 1387 65 22 couple
225 1386 19 18 of
256 1384 101 19 Fletcher's
371 1383 47 17 Pills
434 1387 55 17 every

68 1412 62 18 second
143 1411 64 22 night;
230 1409 45 22 they
290 1413 30 12 lire
334 1413 11 11 u
361 1406 77 22 prompt
452 1404 37 18 and

68 1442 37 11 sure
114 1440 41 12 euro
164 1433 36 18 niul
209 1433 42 21 give
259 1431 68 18 certain
337 1430 58 17 relief.

88 1456 152 20 FLETCHER'S
259 1453 73 19 PILLS
352 1458 31 11 are
399 1458 12 11 a
426 1451 62 22 quick,

67 1489 38 10 sine
113 1481 36 17 and
155 1479 75 18 reliable
235 1477 73 23 remedy
315 1476 56 18 forall
378 1475 111 22 complaints

66 1505 67 22 arising
152 1505 47 15 from
220 1501 61 23 torpid
301 1500 51 17 liver,
369 1498 120 23 indigestion,

68 1528 47 17 weak
247 1524 36 17 and
303 1522 103 23 impurities
422 1521 20 17 of
458 1520 32 18 the

68 1550 58 19 lijood.
150 1549 51 18 They
218 1554 30 11 are
263 1545 90 24 prepared
369 1551 23 11 on
410 1543 80 18 rational

68 1574 33 18 mid
111 1573 78 17 sensible
197 1571 45 17 lines
251 1569 36 18 and
302 1570 23 16 do
339 1570 34 15 not
389 1567 74 18 contain
479 1573 11 10 a

68 1597 74 23 particle
158 1595 20 18 of
193 1593 84 21 calomel,
292 1592 99 24 gamboge,
412 1596 22 12 or
453 1596 36 15 any

67 1620 65 18 drastic
147 1618 104 23 purgative,
267 1617 34 17 but
317 1616 75 21 operate
408 1614 25 22 by
447 1619 32 16 per-

68 1644 54 21 fectly
130 1640 72 19 natural
212 1646 68 14 means,
289 1639 25 22 by
327 1637 118 22 stimulating
458 1636 32 17 the

68 1667 43 17 liver
119 1665 36 18 and
163 1663 103 23 increasing
275 1662 31 17 the
313 1661 43 17 flow
370 1661 20 17 of
404 1660 36 17 bile
453 1659 36 16 and

68 1691 41 16 thus
128 1687 104 24 producing
251 1691 42 17 easy
315 1683 118 18 evacuations
453 1682 37 17 and

67 1714 27 15 mil
99 1718 16 11 111
120 1712 16 16 al
146 1711 102 18 cartliarses
256 1709 78 17 without
342 1707 32 17 the
382 1711 108 16 annoyance

67 1735 35 18 and
110 1735 43 22 pain
162 1734 20 18 of
190 1733 76 23 griping
274 1731 36 17 and
318 1730 88 23 purging.

89 1759 75 17 Beware
169 1757 21 17 of
194 1757 32 17 the
231 1761 55 17 many
291 1753 81 19 harmful
380 1752 111 18 substitutes

68 1788 23 11 o.'i
99 1781 37 18 sale
144 1781 18 17 in
172 1785 55 17 nrmy
235 1780 61 21 shops.
310 1778 52 16 None
370 1781 31 12 are
409 1775 82 23 genuine

69 1805 58 17 unless
147 1804 45 22 they
211 1802 43 18 bear
274 1802 32 17 the
320 1800 95 22 signature
432 1798 20 17 of
468 1798 21 17 F.

70 1829 60 16 Moore
138 1827 92 17 Clements
239 1832 23 10 011
276 1825 31 17 the
319 1822 71 19 outsulv
398 1827 91 16 wrapper.

67 1849 131 19 CLEMENTS
207 1848 75 18 TONIC
291 1847 36 18 and
336 1844 155 21 FLETCHER'S

67 1874 71 17 PILLS
157 1873 47 16 have
225 1872 74 17 become
320 1870 46 18 such
389 1868 104 19 household

68 1896 57 18 words',
146 1896 42 18 that
208 1894 102 18 imitations
332 1899 32 11 are
386 1892 107 23 frequently

68 1915 70 22 (.Acred.
163 1919 32 17 Wo
205 1917 79 19 contend
292 1917 42 17 that
345 1917 38 16 this
399 1915 95 18 imitation

66 1944 16 17 is
89 1943 31 17 the
129 1942 87 18 sincerest
223 1941 54 22 proof
285 1941 20 16 of
319 1940 48 17 their
379 1940 77 19 virtues,
473 1945 20 10 so

69 1972 27 11 sec
113 1966 40 17 that
169 1971 38 16 you
223 1964 69 22 always
309 1965 32 20 get
357 1963 32 17 the
406 1962 86 23 genuine,

68 1989 75 22 hearing
150 1990 5 16 1
161 1988 22 17 iie
190 1993 55 12 name
259 1987 37 17 and
307 1986 76 17 address
396 1987 20 15 of
428 1985 23 17 F.
465 1985 28 16 M.

67 2012 96 18 Clements,
171 2011 104 19 Newtown,
285 2009 81 23 Sydney.

252 2068 10 16 \
268 2067 37 17 HE

82 2091 134 30 Equitable:
231 2089 121 29 li.Tding
369 2089 109 29 Society-

107 2140 130 18 Certificate
249 2139 3 19 •
263 2139 4 19 !
286 2139 167 16 INCORPORATION.

88 2186 44 17 This
145 2187 15 16 is
174 2187 19 16 to
207 2185 65 22 certify
288 2185 42 17 that,
343 2184 33 17 tlie
391 2184 102 23 Equitable

68 2209 88 23 Building
164 2208 74 22 Society
246 2214 36 11 was
292 2214 21 10 on
327 2208 32 16 (he
368 2208 40 16 !51st
422 2207 36 22 day
473 2207 20 17 of

68 2232 104 19 December,
185 2233 5 15 1
194 2233 38 17 NJiU,
242 2231 44 22 duly
294 2230 129 23 incorporated
434 2230 60 18 under

68 2255 30 17 the
106 2255 103 22 provisions
216 2255 20 17 of
263 2254 38 17 The
308 2253 91 23 Building
405 2253 88 19 Societies

69 2279 34 17 Act
112 2279 19 16 of
141 2278 49 17 18S0.

89 2302 62 17 Dated
159 2301 36 17 this
205 2302 39 16 31st
252 2300 37 22 day
297 2300 19 17 of
324 2300 108 21 December,
442 2300 50 17 1892.

165 2324 93 18 William
270 2324 20 16 T.
303 2324 119 18 Blakeney,

145 2347 96 23 Registrar
249 2347 20 17 of
277 2346 89 23 Building
375 2346 94 18 Societies.

164 2393 130 18 PROPOSED
306 2392 80 21 ISSUE,

112 2417 108 26 150,000
242 2416 91 23 Shares
358 2417 27 21 at
404 2416 26 25 £l-

138 2465 16 16 -
161 2470 76 11 MMITTKK
248 2470 20 11 OF
280 2465 125 16 MANAOKMENT
412 2465 4 16 :

68 2487 45 15 Hot;.
125 2487 17 16 C.
153 2486 19 16 15.
181 2486 77 16 Moret'.n
273 2486 2 21 |
286 2486 46 16 Hon.
337 2486 46 16 John
391 2486 100 16 Donaldson

139 2508 75 16 Acheron
223 2508 82 19 Overend,
314 2507 15 15 E
338 2513 24 15 q.,
378 2507 43 16 O.K.

125 2536 70 15 Stb.vey
211 2536 58 14 Jloap.d
280 2540 21 10 OF
313 2534 65 16 RrFKlt!
386 2539 32 11 NCi<
425 2534 4 17 :

70 2557 50 15 Bruce
129 2557 57 18 Smith,
196 2556 46 20 Ekj..
274 2556 3 20 |
297 2556 18 15 J.
324 2556 19 15 F.
351 2556 62 19 Buri.s,
423 2556 48 20 E>q.,

192 2578 26 16 W.
231 2577 17 17 J.
258 2576 60 21 Green,
331 2576 3 21 I
345 2583 26 14 i-cj.

70 2605 87 16 35axkf.es:
172 2604 36 17 Tho
215 2604 109 16 Commercial
334 2604 82 21 Bunking
428 2605 31 16 Co.
478 2605 18 15 of

212 2626 73 20 Sydney,
301 2625 40 16 Ltd.

92 2648 75 22 Anyone
176 2653 33 12 can
218 2648 62 16 obtain
290 2653 34 12 one
332 2647 59 18 Share
399 2653 52 16 upon
463 2648 33 17 the

71 2672 86 21 payment
165 2671 19 17 of
193 2670 31 18 £l.
249 2670 30 18 No
288 2670 124 18 Shareholder
425 2677 34 11 can
472 2671 24 17 be

72 2694 50 16 made
125 2694 54 17 liable
182 2695 29 15 for
214 2700 35 16 any
254 2695 89 21 payment
345 2693 76 23 beyond
425 2694 31 16 the
463 2693 31 18 £l.

94 2719 31 15 See
138 2717 142 18 advertisement
296 2717 17 17 in
330 2717 104 20 Victorian,
449 2717 47 18 New

72 2739 56 18 South
136 2740 61 17 Wales
204 2740 37 17 and
254 2740 119 19 Queensland
386 2746 73 17 papers,
475 2746 21 11 as

72 2766 18 14 to
98 2763 121 18 Distribution
225 2764 20 16 of
250 2763 74 22 Sydney
331 2763 43 22 City
379 2763 38 17 and
423 2763 60 17 Subur-

72 2786 33 17 ban
114 2786 102 23 Properties
225 2787 61 17 which
294 2786 37 17 will
344 2786 44 18 take
402 2786 53 23 place
472 2792 24 12 on

73 2810 39 16 -oth
122 2810 104 20 December,
235 2811 49 16 IS'Jo.

94 2832 35 18 For
136 2832 36 18 full
179 2833 110 22 particulars
296 2832 38 17 and
342 2833 113 22 Prospectus
461 2839 24 16 ap-

72 2855 30 22 ply
110 2857 19 16 to
138 2855 99 23 Secretary,
247 2857 40 19 212,
296 2856 65 18 Queen
369 2855 69 21 Street,
444 2856 42 17 Bris-

72 2878 50 20 bane,
131 2884 21 12 or
160 2879 21 17 G.
192 2879 19 17 C.
221 2879 101 20 Chalmers,
331 2879 28 19 72,
373 2879 42 17 Pitt
428 2879 67 20 Street,

72 2901 77 23 Sydney,
159 2902 42 17 who
214 2902 38 17 will
265 2903 30 17 act
308 2908 20 11 as
343 2903 64 21 Agent
421 2903 30 16 for
465 2902 31 17 the

73 2923 69 24 Society
150 2925 19 17 in
177 2925 45 17 New
232 2925 59 17 South
298 2925 68 18 Wales.

94 2947 49 18 State
159 2950 76 16 amount
252 2948 104 18 forwarded
369 2949 38 16 and
423 2948 73 18 enclose

72 2971 35 17 two
115 2971 83 23 stamped
210 2971 98 18 addressed
322 2971 104 23 envelopes.
459 2971 25 17 Re-

72 2993 54 22 gister
134 2994 59 18 letter.

73 3116 421 43 CAEPENtER,

171 3173 101 17 FENTON
289 3172 101 22 STREET,

160 3200 96 17 Opposite
304 3201 80 17 Grand.

94 3227 64 19 Sashes
166 3229 52 17 made
227 3231 19 15 to
256 3229 57 17 order.

91 3279 9 18 i
116 3279 17 17 U
139 3279 13 18 C
160 3279 84 18 KLAN
251 3280 17 17 D
281 3279 219 19 ADVERTISING

73 3297 42 22 A
222 3303 110 20 AGENCY,

95 3324 93 18 Victoria
201 3326 86 20 Akcade,
301 3326 73 19 Queen
390 3326 85 17 Stheet.

125 3348 118 23 Advertising
249 3349 17 16 in
277 3349 24 17 all
313 3349 25 17 its
346 3349 97 17 branches.

76 3370 48 21 New,
138 3371 72 23 Unique
226 3371 37 18 and
276 3372 84 17 Tasteful
376 3372 124 22 Advertising

238 3395 89 17 Medium.

96 3416 65 18 Orders
169 3418 47 17 from
225 3418 25 17 all
258 3419 52 22 parts
319 3418 90 18 attended
418 3420 20 16 to
452 3418 47 17 with

75 3445 39 10 care
123 3440 36 17 and
167 3441 111 22 expedition.

77 3491 130 24 BARBER
221 3494 21 22 &
256 3493 242 24 HAIRDRESSER-

299 3579 169 50 Si

99 3667 54 21 lIAS
166 3669 110 20 OPENED
295 3671 48 19 EIS
358 3671 114 22 SALOON,

75 3723 74 21 NEXT
165 3725 73 21 DOOR
251 3726 33 20 TO
298 3726 40 21 MR
355 3727 144 20 SAMSON'S.

113 3828 87 20 Setting
212 3830 79 20 Razors
304 3838 11 12 a
331 3831 123 19 Specialty,

247 3891 76 24 [card.]

89 3966 43 34 H.
144 3966 56 35 W.
215 3969 267 38 MITCHELL,

165 4027 115 23 <3utj)ortscD
289 4028 111 22 jcurbcrer,

1081 133 15 15 IT
1333 132 13 12 a
1356 132 13 12 a

1082 137 14 26 S
1131 138 38 25 gEI
1275 143 37 19 11

1482 148 32 16 Eta
1593 151 38 11 na

1198 192 91 20 Tourists
1298 193 41 18 and
1351 193 92 19 Invalids
1452 194 85 23 visiting
1546 193 34 19 the
1739 194 22 18 of
1771 194 50 18 New
1831 192 91 20 Zealand
1932 191 40 19 will
1979 191 42 19 find
2031 193 35 18 the

1059 392 52 18 most
1121 390 88 26 elegant,
1221 389 131 20 comfortable
1360 390 40 18 and
1411 390 45 18 test
1467 388 109 26 appointed
1586 388 155 19 establishment
1750 390 21 17 of
1781 390 26 17 its
1816 388 49 20 kind
1875 388 21 19 in
1907 388 50 19 New
1967 388 100 24 Zealand,
2077 389 57 19 fitted
2141 395 28 19 up
2177 388 126 25 throughout

970 409 24 23 -£.
1433 415 51 19 with
1494 414 34 19 the
1538 416 53 17 most
1604 414 82 18 modern
1701 416 148 18 conveniences.

990 442 57 18 THE
1059 442 94 20 HOTEL
1163 442 18 19 is
1190 442 21 18 in
1221 441 34 19 the
1265 440 116 19 immediate
1386 440 170 26 neighbourhood
1566 440 21 18 of
1597 440 34 18 the
1641 439 72 24 Priest,
1724 440 84 22 liachel,
1820 440 125 19 Postmaster
1957 440 40 18 and
2013 440 59 18 other
2089 440 80 19 famous
2185 439 67 24 baths,
2269 440 34 18 the

964 468 89 19 curative
1063 468 113 25 properties
1186 468 21 18 of
1217 466 64 19 which
1291 473 34 12 are
1336 466 161 19 world-famous.
1524 465 54 19 Bath
1590 465 66 19 chairs
1666 466 40 18 and
1715 466 119 18 attendants
1844 472 34 12 are
1887 465 96 24 provided
1996 468 20 16 to
2029 471 78 18 convey
2120 465 89 19 invalids
2224 467 22 17 to
2264 466 41 18 and

1028 494 34 18 the
1071 494 82 19 various
1167 493 141 19 bath-houses.
1336 492 43 18 The
1390 492 108 19 bedrooms
1508 491 38 19 and
1557 491 87 24 retiring
1653 498 66 12 rooms
1729 492 92 19 arefitted
1832 498 28 18 up
1873 491 48 18 with
1940 497 11 11 a
1963 491 76 24 special
2052 491 76 25 regard
2143 494 19 16 to
2173 491 35 19 the
2224 491 80 25 require

964 521 65 17 ments
1038 520 22 18 of
1148 519 21 19 in
1179 519 70 19 search
1258 518 22 19 of
1289 518 91 18 renewed
1390 518 99 24 strength.

991 545 43 19 The
1046 545 64 19 Baths
1120 548 21 16 at
1153 545 35 19 tho
1197 544 127 20 Sanatorium
1336 544 51 18 have
1400 543 98 19 attracted
1508 550 61 17 many
1578 543 81 19 visitors
1670 544 21 18 of
1699 544 40 18 late
1749 550 65 18 years,
1833 543 39 18 and
1883 544 93 22 amongst
1987 542 58 19 those
2058 542 44 19 who
2110 543 52 19 have
2174 542 64 19 found
2247 542 58 19 relief

964 577 34 12 are
1007 571 34 19 the
1051 571 146 23 convalescent,
1209 576 92 17 nervous,
1311 569 119 22 rheumatic,
1442 569 129 25 appf-titeless
1581 569 40 18 and
1633 569 94 25 sleepless
1737 570 95 24 patients.

991 596 92 20 Eotorua
1092 597 18 19 is
1120 597 34 19 the
1164 599 67 17 centre
1242 597 50 17 from
1303 595 64 18 which
1378 595 26 18 all
1417 595 35 19 tho
1462 595 69 25 points
1541 595 21 17 of
1570 595 84 18 interest
1663 595 22 19 in
1701 595 35 18 the
1746 595 93 18 Thermal
1851 594 87 24 Springs
1953 593 86 19 District
2055 600 46 18 may
2115 593 27 19 be
2156 593 92 23 reached,
2266 593 39 19 and

964 623 74 25 special
1047 623 96 19 facilities
1154 630 33 12 are
1197 621 96 26 provided
1303 622 31 18 for
1341 621 58 18 those
1407 621 20 18 in
1438 621 70 19 search
1518 621 21 18 of
1546 621 34 18 the
1591 620 100 18 beautiful
1703 621 40 18 and
1757 619 129 21 marvelious.

1056 654 182 18 MAGNIFICENT
1250 652 176 18 APARTMENTS.
1556 651 85 18 LOFTY
1653 652 146 17 BEDROOMS.
1917 651 117 18 PERFECT
2050 650 162 18 SANITATION.

1090 678 24 19 In
1126 678 57 19 short
1191 684 14 12 a
1214 682 124 14 l-msT-CLAss
1352 675 172 19 Establishment
1534 675 87 24 offering
1630 675 33 18 the
1675 681 55 12 same
1739 675 96 19 comforts
1845 680 22 12 as
1877 674 35 18 the
1922 674 44 19 best
1980 674 66 19 hotels
2056 675 21 17 in
2087 674 87 25 Europe.

1630 706 11 13 o

1203 729 84 23 Suites
1305 728 27 22 of
1344 727 169 29 Apartments
1523 726 67 23 with
1600 727 98 28 special
1712 726 156 24 attendance
1884 725 39 23 for
1939 725 130 23 Families-

965 765 98 25 Spacious
1072 763 127 20 Promenade
1209 762 111 23 Balconies,
1331 762 58 24 Snug
1403 761 91 23 Alcoves,
1506 760 40 19 and
1562 760 127 25 luxuriously
1705 760 107 19 furnished
1827 760 104 25 Drawing,
1947 759 71 24 Music,
2036 760 152 23 Conversation,
2205 759 100 26 Reading,

1416 786 100 26 Smoking
1526 786 38 19 and
1576 786 84 19 Billiard
1672 786 81 19 Booms.
1782 786 71 19 Baths.

1253 821 116 20 SPECIAL
1383 820 162 20 ATTENTION
1558 820 68 19 PAID
1640 821 33 19 TO
1688 820 118 20 CUISINE
1820 820 60 19 AND
1894 819 126 21 SERVICE.
2035 822 36 22 .r$

991 856 34 19 All
1035 856 179 19 communications
1226 854 26 25 by
1263 854 59 18 letter
1332 859 22 13 or
1365 852 99 25 telegram
1474 852 41 18 will
1525 852 77 19 receive
1611 854 81 23 prompt
1701 852 106 19 attention.

1023 908 76 43 W.
1125 908 58 42 A.
1211 903 312 47 BOULTON,

1435 963 60 24 (Late
1506 963 21 18 of
1536 961 114 20 Grosvenor
1659 960 68 25 Hotel,
1740 960 97 26 Sydney.)

1995 904 248 48 Manager.

1877 1027 163 40 ROTORUA
2063 1027 91 40 BOOT
2176 1027 25 40 &
2219 1027 89 40 SHOE

2028 1084 126 41 DEPOT.

1933 1154 45 52 J.
2002 1153 249 53 LARKIN.

1877 1414 19 18 A
1915 1414 66 26 Large
2001 1416 61 19 Stock
2082 1418 22 19 of
2121 1417 94 24 German,
2232 1416 77 19 French

1945 1442 40 19 and.
1995 1442 93 21 Colonial
2098 1444 63 19 Boots
2169 1444 76 24 always

2039 1469 22 19 in
2079 1469 67 20 Stock.

1876 1503 68 21 BEST
1952 1505 153 21 MATERIAL.
2141 1507 17 19 13
2164 1507 45 19 IiST
2218 1507 90 19 WOEK.

1955 1542 159 20 AUCKLAND
2125 1543 105 19 PRICKS.

1877 1592 164 23 -Hand-sewn
2051 1592 80 24 Soots
2140 1600 15 16 a
2170 1592 138 30 Specialty.

1411 1041 346 87 HOTEL,

1264 1155 292 59 TAUPO.

986 1239 41 17 One
1035 1239 38 17 .111(1
1082 1245 11 11 a
1101 1238 42 18 half
1151 1237 53 18 milos
1212 1237 48 17 from
1269 1236 32 17 tlic
1309 1236 46 17 Post
1364 1235 64 18 Office.
1453 1235 32 17 All
1491 1234 82 19 Coaches
1579 1233 50 18 from
1635 1232 95 21 Tokaanu,
1736 1232 72 23 Napier
1813 1230 37 18 and

964 1262 85 17 Rotorua
1056 1268 33 11 are
1097 1263 39 16 met
1144 1262 25 21 Ijy
1178 1261 33 16 the
1302 1259 88 20 Coaches,
1400 1258 37 17 and
1447 1258 74 17 visitors
1530 1256 95 23 conveyed
1637 1258 19 16 to
1670 1256 33 17 the
1813 1255 38 16 free

1352 1282 20 17 of
1380 1282 76 23 charge.

990 1314 42 19 The
1174 1312 17 19 is
1204 1312 34 18 the
1248 1311 67 18 Homo
1325 1311 21 18 of
1356 1310 34 19 the
1400 1310 89 19 Famous
1505 1309 92 23 Crow's
1611 1308 66 23 Nest
1693 1308 107 28 Geyser,
1820 1306 34 19 the

964 1340 83 17 Witches
1056 1340 102 19 Cauldron,
1172 1338 123 22 Champagne
1308 1337 75 22 Geyser,
1402 1336 63 22 Milky
1477 1335 76 22 Geyser,
1571 1334 107 22 Flesh-pot,
1693 1333 93 22 Porridge
1801 1333 52 20 Pots,

964 1363 123 20 Blow-holes,
1098 1361 83 19 Hannah
1190 1361 76 22 Geyser,
1276 1361 32 16 the
1316 1360 67 17 Lesser
1395 1359 71 18 Crow's
1479 1359 53 19 Nest,
1546 1358 65 17 Venus
1626 1357 56 19 Bath,
1697 1356 75 19 Satan's
1788 1355 65 23 Glory,

965 1387 39 17 Salt
1014 1386 77 22 Spring,
1101 1383 147 21 Paddle-wheel,
1258 1383 38 17 and
1304 1383 70 18 several
1383 1382 55 18 other
1446 1382 61 22 sights
1513 1382 21 17 of
1541 1382 84 16 interest.
1649 1380 77 17 Guide's
1735 1380 29 17 fee
1773 1380 19 16 2s
1809 1378 45 18 each

964 1415 74 17 person.

988 1432 38 17 The
1035 1432 76 17 lIUKA
1124 1430 87 19 FALLS.
1235 1429 80 18 Visitors
1323 1430 20 17 to
1352 1429 33 17 the
1413 1429 38 22 Spa
1475 1427 95 23 conveyed
1578 1427 38 17 free
1625 1427 19 17 of
1653 1427 75 22 charge.

988 1479 39 17 The
1033 1477 162 19 accommodation
1204 1477 20 16 at
1231 1476 33 17 the
1292 1476 37 22 Spa
1379 1476 25 17 all
1413 1475 43 18 that
1470 1480 36 12 can
1521 1474 24 17 ho
1560 1472 79 18 desired.
1671 1473 64 22 Every
1750 1472 104 17 Bed-room

965 1502 108 17 over-looks
1082 1502 33 17 the
1123 1500 90 19 Gardens.
1238 1499 77 17 Private
1323 1499 61 17 Suites
1393 1499 20 17 of
1421 1498 129 23 Apartments.
1579 1496 63 23 Largo
1656 1496 156 22 Drawing-room
1825 1495 29 16 for

965 1524 74 18 Ladies.
1064 1523 128 19 Comfortable
1202 1522 160 22 Smoking-room.

988 1548 54 17 THE
1054 1547 85 17 MAORI
1152 1546 102 18 CARVED
1266 1545 98 18 DINING
1375 1545 72 17 HALL
1456 1545 49 17 seats
1517 1549 35 12 0110
1564 1542 87 18 hundred
1665 1547 78 18 persons
1757 1541 38 18 and
1809 1547 34 12 con-

966 1573 49 15 tains
1024 1571 25 17 all
1058 1571 86 21 separate
1152 1569 60 18 tallies
1222 1569 29 17 for
1258 1568 73 22 private
1338 1568 71 22 parties
1418 1573 21 10 or
1450 1567 76 17 friends.

989 1594 53 17 THE
1050 1593 87 18 LARGE
1146 1593 58 19 HOT,
1214 1592 67 17 COLD
1291 1592 14 16 &
1315 1592 77 16 TEPID
1399 1590 139 18 SWIMMING
1543 1589 69 17 BATH
1621 1589 74 22 adjoins
1703 1589 33 17 the
1745 1588 108 17 Bedrooms.

988 1618 39 16 The
1038 1616 122 18 SULPHUR
1169 1615 68 17 BATH
1245 1615 16 16 is
1269 1614 76 23 equally
1353 1614 105 18 efficacious
1466 1619 21 11 as
1494 1613 32 17 the
1531 1614 74 16 famous
1611 1612 61 17 Priest
1678 1611 49 18 Bath
1734 1612 21 17 of
1763 1611 90 18 Rotorua.

988 1641 39 16 The
1037 1640 77 17 TEPID
1127 1639 70 17 BLUE
1209 1638 69 17 BATH
1287 1638 15 16 is
1310 1643 45 17 very
1364 1637 111 23 refreshing.

1176 1661 51 18 ALL
1235 1660 83 18 BATHS
1326 1660 39 18 free
1373 1662 20 16 to
1402 1660 80 17 Visitors
1491 1660 20 17 to
1519 1659 33 17 the

1019 1686 11 18 'I
1037 1686 25 19 lie
1073 1685 94 20 Grounds
1178 1691 33 12 are
1223 1684 41 19 laid
1274 1686 36 17 out
1324 1684 21 18 in
1362 1683 67 20 choice
1450 1682 119 23 Eose-beds,
1591 1681 141 22 Shrubberies,
1749 1679 103 20 Beautiful

966 1713 94 23 Flowers,
1073 1712 51 18 Piue
1134 1710 133 23 Plantations,
1279 1710 50 18 Turf
1339 1710 75 19 Tennis
1432 1709 69 23 Lawn,
1518 1707 125 20 Promenado
1663 1707 41 20 tuid
1723 1706 131 20 Ornamental

965 1739 80 18 Lawns.

1019 1764 57 19 Good
1087 1764 62 19 Grass
1158 1762 111 23 Paddocks,
1282 1761 101 26 Stabling,
1395 1761 67 19 Horse
1472 1760 60 23 Feed,
1544 1761 32 18 &c.

967 1813 115 23 Visitors
1096 1811 134 30 conveyed
1240 1811 53 23 free
1305 1811 27 22 of
1340 1811 95 29 charge
1446 1812 26 21 to
1481 1811 69 21 meet
1561 1809 36 22 all
1612 1809 110 22 coaches
1735 1808 105 29 proceed-

1249 1837 46 28 ing
1309 1839 27 20 to
1352 1837 120 23 different
1487 1837 78 28 parts.

1099 1886 140 24 TARIFF:
1259 1888 33 17 10s
1306 1886 55 18 PEE
1376 1886 66 19 DAY.
1471 1886 28 18 £2
1517 1886 33 18 10s
1559 1884 56 19 PEE
1627 1884 93 19 WEEK.

992 1937 80 26 Special
1078 1936 126 20 concessions
1211 1938 20 16 to
1238 1935 96 19 Families
1341 1935 39 19 and
1388 1935 57 25 large
1454 1935 75 25 parties
1535 1933 86 26 making
1627 1940 11 12 a
1646 1933 125 25 lengthened
1777 1936 51 21 stay.

967 1987 87 19 Visitors
1065 1993 46 18 may
1122 1985 122 24 confidently
1256 1987 60 16 count
1325 1991 53 19 upon
1389 1990 60 19 every
1459 1990 45 13 care
1515 1984 39 18 and
1564 1983 99 19 attention
1673 1984 20 17 to
1704 1982 53 19 their
1764 1982 89 22 comfort,

1268 2010 40 19 and
1317 2010 76 25 civility
1402 2011 52 18 from
1463 2010 35 19 the
1508 2010 53 19 staff.

1071 2037 117 20 First-class
1197 2036 69 19 Tablo.
1400 2036 126 19 Abundance
1537 2036 20 18 of
1566 2035 59 19 Fruit
1635 2036 21 18 in
1666 2035 81 18 Season.

970 2067 41 18 Tea
1021 2065 42 20 ani.
1070 2064 68 20 Coffeo
1149 2063 71 20 served
1231 2063 20 18 in
1267 2063 35 18 the
1318 2062 79 26 Dining
1412 2062 51 19 Ilall
1482 2062 104 24 mornings
1606 2062 38 18 mid
1663 2062 122 18 afternoons.
1821 2059 35 20 No

1337 2091 58 16 extra
1404 2089 82 24 charge.

1104 2142 104 34 THS
1393 2139 243 34 COACHIKG
1659 2139 63 32 CO.

1151 2185 44 18 Run
1204 2185 81 17 CoaciiL.',
1290 2184 20 15 to
1318 2182 34 17 the
1359 2182 99 22 following
1466 2181 63 23 places
1537 2182 20 16 of
1565 2180 88 24 interest:
1654 2190 23 2 —

972 2218 134 25 Tokaanu,
1118 2216 117 25 Thursdays
1245 2216 38 18 and
1299 2213 96 25 Pur.flays.
1423 2213 52 19 Fare
1486 2214 27 18 ss.

975 2244 136 22 Waiiakei
1125 2243 120 29 Geysers,
1257 2241 39 19 dnil
1300 2248 17 17 V,
1330 2239 90 27 Suni'tys
1430 2238 101 20 included.
1559 2238 51 19 Fare
1621 2239 21 18 2s
1653 2238 31 19 Gd.

972 2275 152 17 ABATEATEA
1133 2274 99 18 RAPIDS,
1243 2273 57 22 daily.
1325 2273 48 17 Fare
1385 2274 19 16 :is
1413 2275 29 15 (Jrt.

964 2293 1 25 j
972 2298 146 18 ROTOKAWA
1131 2297 121 18 SULPHUR
1264 2297 77 17 LAKE.
1366 2297 48 16 Faro
1423 2297 19 16 7s
1451 2296 29 20 (id,
1489 2299 35 16 Hjy
1533 2293 51 18 time.

1240 2414 32 36 ft

1005 2502 338 57 Hydropathic
1387 2499 160 48 Hotel,
1597 2499 233 46 Rotorua.

1258 2579 223 32 ESTABLISHED
1503 2579 76 31 1881.

974 2648 72 18 Under
1061 2646 35 19 the
1107 2652 5 7 •
1119 2646 97 18 atrora<re
1226 2652 19 8 •'»
1258 2642 33 19 Sir
1301 2643 34 19 W.
1356 2642 86 23 JeEvnis,
1459 2642 48 19 Farl
1526 2641 37 19 and
1582 2641 100 19 Counters
1703 2641 22 20 of
1745 2641 117 26 Ilopctoun,

1146 2671 33 19 the
1193 2670 54 19 Ifor..
1259 2669 87 19 Premier
1356 2667 37 23 an.l
1411 2669 28 19 M<
1449 2668 36 19 mln
1493 2675 19 12 rs
1529 2667 4 23 <
1543 2668 7 18 f
1562 2667 127 21 Parliament.

1001 2725 42 19 The
1054 2724 63 18 Hotel
1132 2723 14 18 is
1158 2719 80 26 situ:it»«
1240 2721 5 14 ?
1255 2728 25 12 on
1291 2728 24 12 an
1326 2721 92 19 elevated
1430 2720 87 25 position
1528 2727 24 12 on
1565 2719 4 26 1
1574 2719 23 21 lie
1609 2720 68 20 shores
1693 2721 22 18 of
1731 2721 55 19 Lake
1801 2719 50 20 Eoto-

976 2758 43 15 rua,
1030 2751 121 19 c^i'veiii'-r.t
1162 2752 21 16 to
1193 2749 25 18 al'
1230 2747 20 19 'h
1256 2756 7 5 -
1274 2747 64 21 *ii»htf>
1348 2747 19 18 in
1380 2747 34 19 the
1425 2747 87 19 district.

1051 2775 113 30 Sulphur
1178 2775 48 23 and
1241 2773 111 23 Mineral
1366 2773 83 23 Baths
1494 2773 35 19 the
1540 2772 96 19 Orcunrfs
1647 2772 21 19 of
1679 2773 34 19 the
1724 2773 25 19 11.
1759 2773 34 19 te'.

1002 2830 28 18 To
1042 2836 35 12 mei
1086 2831 8 16 t
1106 2827 34 20 the
1159 2827 42 19 dub
1211 2834 29 11 er*
1252 2826 21 17 «-f
1284 2826 33 19 the
1328 2826 41 19 tinn
1378 2832 8 12 s
1397 2832 10 13 a
1418 2826 71 24 cha-ge
1499 2826 21 17 of
1532 2826 29 18 £2
1572 2826 21 17 2s
1606 2831 34 19 per
1651 2832 35 12 we'
1693 2825 13 19 lc
1717 2825 40 19 will
1767 2825 25 19 be
1809 2824 54 19 made

976 2855 32 19 for
1019 2862 11 12 a
1041 2854 123 25 lengthened
1176 2858 48 20 s-ti>y.
1254 2852 71 20 Under
1336 2859 38 12 one
1385 2852 54 19 Meek
1451 2856 22 15 Se
1485 2859 33 18 per
1529 2851 45 25 day.

978 2919 19 19 N
1009 2918 97 19 B—Mis
1117 2916 87 19 Graham
1216 2915 37 18 will
1265 2915 42 19 also
1317 2914 97 20 continue
1424 2918 21 15 to
1456 2914 103 21 supervise
1569 2913 34 19 the

1100 2947 130 25 GEYSIR
1251 2947 106 22 HOUSE
1379 2945 240 23 HYDROPATHIC
1632 2945 116 28 HOTEL,

1324 2977 199 23 V/AIRAKEI,

977 3013 64 20 which
1056 3013 35 19 las
1110 3012 81 20 become
1207 3018 10 12 a
1239 3017 33 19 po|
1280 3011 44 19 ular
1342 3011 37 18 and
1398 3010 101 19 favruiite
1517 3012 64 17 r<sort
1597 3012 92 22 rtrorgi-t
1704 3009 106 20 traiellcrs
1826 3009 37 19 and

1374 3036 92 19 invalids.

1110 3065 16 19 A
1145 3063 105 20 reduction
1268 3063 16 18 is
1302 3063 58 19 made
1377 3066 21 15 to
1409 3069 35 11 vci
1452 3062 33 19 klv
1496 3069 6 11 r
1509 3069 10 12 r
1529 3061 89 24 mortl'ly
1630 3061 19 19 b<
1658 3061 76 20 ardors.

978 3092 69 19 Guide
1057 3091 68 20 Books
1136 3090 38 20 and
1185 3090 11 19 ii
1207 3090 108 19 formation
1326 3089 64 24 gratis
1404 3091 20 17 at
1436 3088 53 19 Cork
1506 3088 38 19 and
1564 3087 57 20 Shis'
1638 3088 50 25 (sole
1705 3089 80 24 agent-)
1802 3087 61 20 ('fliers

1289 3115 126 25 throughout
1427 3114 34 20 the
1472 3114 83 25 Colony.

979 3166 102 44 Mrs
1099 3165 56 45 ft.
1175 3163 272 55 GRAHAM,
1473 3189 18 7 -
1513 3162 350 56 Proprietress.

984 3284 150 71 ATI
1147 3284 320 76 AMUR)
1538 3281 325 79 HOTEL

1211 3386 31 19 On
1252 3386 35 19 the
1296 3386 68 19 banks
1376 3386 21 19 of
1409 3386 35 19 the
1452 3385 98 20 Waikato
1560 3384 69 19 River.

981 3437 157 23 Patronised
1151 3436 37 30 hy
1197 3436 45 22 the
1256 3435 61 24 Earl
1329 3436 50 22 and
1388 3436 126 21 Countess
1529 3434 28 23 of
1574 3434 110 27 Onslow,
1703 3434 125 22 Countess
1844 3433 19 22 oi

1049 3467 121 28 Glasgow
1183 3466 50 22 and
1248 3466 81 22 Suite.
1341 3466 40 22 Sir
1394 3466 76 22 Thcs.
1485 3465 51 22 and
1547 3464 72 30 Lady
1635 3464 171 23 Mcllwraith.

1007 3588 92 20 Situated
1110 3587 89 24 halfway
1208 3587 32 18 Jet
1247 3593 52 12 ween
1313 3586 98 22 Eotorua,
1428 3586 71 24 Taupo
1520 3585 40 19 and
1578 3585 104 20 J.ichfield.
1720 3586 44 19 The
1781 3586 82 23 starting

981 3615 57 24 place
1049 3614 33 19 for
1092 3614 35 18 the
1136 3612 156 20 Aniwlianiwha
1301 3612 62 19 Falls,
1374 3612 36 19 the
1420 3611 170 19 Orakei-Korako
1599 3612 34 18 red
1645 3612 39 18 and
1694 3612 62 19 white
1765 3612 98 22 Terraces,

981 3641 94 24 Geysers,
1085 3639 61 19 Alum
1157 3639 69 22 Caves,
1240 3639 40 22 &c.,
1290 3640 20 16 to
1320 3637 66 19 which
1396 3644 12 12 a
1418 3643 43 13 new
1472 3637 38 18 and
1522 3643 50 18 easy,
1582 3637 57 18 track
1654 3637 17 18 is
1687 3645 46 12 now
1749 3638 114 24 completed.

980 3666 97 19 Distance
1087 3664 49 20 nine
1145 3665 62 22 miles,
1220 3664 47 18 four
1277 3664 21 18 of
1308 3664 65 18 which
1384 3669 37 13 can
1433 3662 26 19 be
1470 3662 68 19 driven
1548 3669 47 12 over
1607 3662 17 19 if
1634 3662 85 20 desired.
1748 3664 43 18 Hot
1807 3664 56 18 baths

980 3692 39 19 and
1030 3691 47 20 falls
1087 3690 71 21 within
1169 3692 24 18 10
1200 3690 87 19 minutes
1296 3690 63 18 drive.

1112 3739 57 19 Good
1179 3739 54 18 trout
1242 3737 75 26 fishing
1327 3737 40 19 and
1378 3737 96 25 shooting
1484 3737 21 18 in
1515 3736 35 19 the
1559 3736 176 25 neighbourhood.

981 3788 78 20 Guides
1069 3786 39 20 and
1117 3786 74 20 Saddle
1200 3786 78 19 Horses
1286 3784 101 26 supplied.
1400 3784 51 19 Post
1458 3784 40 18 and
1505 3783 114 26 Telegraph
1628 3784 61 19 Office
1695 3791 26 13 on
1727 3785 36 19 the
1769 3785 94 25 premises

1414 3838 11 12 o

1008 3883 41 19 For
1059 3882 82 20 further
1150 3880 131 21 information
1292 3880 61 25 apply
1362 3880 77 19 Messrs
1449 3878 55 20 Cook
1514 3878 39 19 and
1564 3878 46 25 Son,
1625 3879 85 26 Agents.

1119 3984 71 55 C.
1256 3981 471 64 CROWTHER,

1268 4062 310 35 PBOPKIETOK.

1019 4171 99 40 jSsk
1145 4170 70 38 for
1239 4164 265 42 Hancock's
1532 4163 278 41 Celebrated
1841 4164 189 42 XXXX
2056 4169 113 41 Ales
2196 4174 95 37 and
2316 4174 149 42 Stout.

2524 140 482 59 STRRW'q

2416 248 77 53 )T
2538 248 338 57 SPRINGS
2924 253 209 55 NOTE

2430 482 17 18 A
2471 481 116 19 First-class
2602 482 39 19 and
2659 484 46 19 well
2714 485 110 25 appoiuted
2832 485 70 18 House
2916 486 118 19 convenient
3043 489 20 17 to
3072 488 35 19 the

2328 531 97 33 HOT
2439 531 204 35 SPRINGS
2666 535 34 31 &
2717 536 235 32 NATURAL
2968 536 243 36 WONDERS.

2354 590 57 19 HOT
2436 589 92 20 BATHS
2552 597 25 12 on
2593 591 35 19 the
2648 594 102 23 premises.
2787 594 43 19 The
2839 595 97 26 stopping
2945 595 72 20 House
3025 596 32 19 for

2439 621 68 22 THE
2531 620 61 24 SPA
2615 623 109 23 HOTEL
2749 623 168 25 COACHING
2940 625 165 24 COMPANY.

2355 673 90 19 Coaches
2460 672 65 20 arrive
2536 674 51 19 from
2598 674 71 26 Taupo
2679 675 119 26 Thursdays
2807 676 40 19 and
2863 677 100 25 Sundays,
2974 677 41 19 and
3028 677 58 20 leave
3101 677 31 19 for
3145 678 70 25 Taupo

2329 698 87 26 Fridays
2426 699 41 19 and
2476 698 106 27 Mondays.

2576 752 197 21 MODERATE
2795 754 175 21 CHARGES.

2587 861 111 21 BEFORE
2712 864 148 20 ORDERING
2870 864 63 20 ELSE-

2552 919 108 21 WHERE
2670 922 59 20 THE
2748 922 104 21 PUBLIC
2865 923 57 20 ARE
2940 924 29 19 IN-

2590 979 87 20 VITED
2694 981 33 19 TO
2740 982 70 19 CALL
2823 983 59 19 AND
2893 983 52 19 SEE

2631 1039 69 21 NEW
2714 1041 144 19 MATERIAL
2875 1042 33 20 IN

2554 1098 162 30 SUITINGS,

2633 1148 169 29 COATINGS,

2700 1198 169 30 VESTINGS,

2751 1307 236 30 TROUSERINGS,

2582 1423 31 41 H,
2647 1423 41 41 W,
2724 1423 239 41 NEIGHBOUR'S.

2337 1547 218 46 Rotorua
2573 1545 195 56 Bakery

1937 2741 87 27 nkets,
2039 2741 81 28 Rugs,

1941 2772 122 27 nelettes,
2076 2773 41 22 etc

1935 2803 69 28 Idles,
2015 2803 102 23 Bridles

2001 2874 105 25 Complete
2116 2874 4 25 «

1935 2911 45 23 icy
1993 2904 91 28 Goods,
2103 2904 16 24 S

1941 2936 86 23 Books

1935 2968 148 23 jacconist's
2099 2968 21 23 G

1937 2999 65 23 sical
2016 2999 104 24 Instrui

1935 3029 76 23 ndow
2018 3029 71 29 glass
2098 3030 21 23 &

1935 3081 48 19 iGE
1999 3081 60 20 AND
2089 3082 28 20 W

2036 3114 84 19 STOCK

1935 3146 162 32 :sniNa

2523 2843 25 15 m

2610 2848 29 14 jsy)i
2642 2848 18 12 R

2794 1526 238 46 KUSABS
3067 1529 153 44 BROS

2899 1591 217 34 MAMAKU

2791 1629 74 41 SAW
2880 1630 25 41 &
2931 1632 151 41 PLANING
3105 1633 117 40 MILLS.

2794 1700 268 24 MOUNTAIN
3086 1703 137 26 RI7VW7,

2950 1745 42 14 THE
3004 1745 54 14 ONLY

2794 1777 132 20 GENUINE
2940 1778 61 20 DRY
3015 1779 80 20 LAND
3113 1780 111 20 TIMBER

2896 1812 30 18 IN
2938 1813 52 17 THE
3004 1813 115 19 MAR.KET.

2794 1858 127 43 Messes
2940 1859 99 19 kusabs
3056 1860 71 18 begs,
3140 1861 38 23 bog
3194 1867 20 12 re-

2868 1882 102 23 spectfully
2976 1884 19 16 to
3003 1883 70 18 inform
3082 1883 32 18 the
3126 1884 66 17 Public
3204 1886 21 15 of

2794 1904 78 16 Kotorua
2880 1905 34 15 and
2923 1905 74 22 vicinity
3005 1907 39 15 that
3052 1907 41 20 they
3107 1907 43 16 have
3165 1910 58 13 cstab-

2787 1926 62 15 Jished
2857 1931 10 10 a
2876 1926 43 20 yard
2927 1926 18 15 in
2958 1926 126 21 Hincmoa-st.,
3093 1929 33 14 ac.i
3141 1933 30 11 can
3185 1934 39 11 now

2794 1948 62 20 supply
2864 1947 30 15 tlie
2902 1947 51 16 tinest.
2961 1948 43 16 clasH
3018 1949 17 15 of
3049 1948 83 22 Building
3144 1949 81 17 Material

2794 1968 17 15 in
2820 1969 29 15 the
2857 1968 75 17 Market.
2948 1969 18 15 It,
2974 1969 13 16 is
2995 1970 101 20 unequalled
3105 1971 17 15 in
3131 1971 94 21 durability

2795 1990 33 15 and
2837 1990 104 20 impervious
2949 1992 18 14 to
2976 1990 29 16 the
3013 1992 68 15 attacks
3096 1992 18 15 of
3127 1992 49 15 borer
3190 1993 34 14 and

2795 2011 31 20 dry
2838 2013 32 14 rot.
2893 2011 52 16 Their
2954 2012 82 16 sawmills
3044 2017 28 11 arc
3081 2013 49 15 fitted
3139 2013 41 16 with
3195 2014 30 16 the

2796 2034 44 13 most
2848 2032 69 15 modem
2926 2033 99 20 appliances
3034 2034 34 15 and
3077 2034 28 15 the
3114 2035 37 14 iirm
3164 2035 14 15 is
3187 2035 38 16 able

2795 2056 18 12 to
2828 2053 63 21 tupply
2906 2059 34 15 any
2955 2054 82 21 quantity
3053 2055 19 15 of
3086 2055 38 21 j)ry
3142 2056 83 20 Building

2795 2074 80 16 Material
2884 2079 21 10 on
2914 2075 29 16 tho
2951 2076 76 15 shortest
3034 2077 61 16 notice.

2795 2117 140 30 Skirtings,
2943 2118 179 29 Architraves,
3127 2119 82 24 Mould-

2830 2147 67 29 ings,
2909 2148 52 23 and
2971 2148 111 23 Dressed
3092 2149 101 24 Timber

2861 2178 28 23 of
2897 2185 81 23 every
2993 2180 164 29 description,

2886 2209 109 30 Always
3006 2217 33 15 on
3048 2210 83 24 Hand.

2823 2242 120 24 HENAU
2953 2244 107 23 HOUSE
3070 2244 127 24 BLOCKS.

2816 2289 49 17 Frico
2873 2290 48 17 Lists
2928 2296 21 11 on
2959 2291 103 21 application
3072 2293 18 15 to

2795 2321 224 33 KUSABS
3055 2323 170 38 BROS,,

2869 2362 117 19 MAMAKU
2999 2368 26 13 on
3037 2364 113 19 OKAUPO.

2922 2392 26 17 Or
2956 2394 21 15 at
2985 2393 33 16 the
3030 2393 68 22 Yards,

2818 2418 125 19 HINEMOA
2955 2419 101 22 STREET,
3077 2420 126 19 ROTORUA.

2796 2484 34 19 TO
2844 2483 58 20 THE
2917 2484 105 20 PUBLIC
3037 2485 34 19 OF
3088 2485 139 21 KOTORUA.

2800 2536 17 19 T
2836 2535 56 20 BEG
2902 2538 20 17 to
2933 2536 64 20 thank
3007 2538 35 19 tho
3054 2537 74 20 Public
3138 2538 21 19 of
3166 2538 62 19 Roto-

2799 2561 23 17 J-
2851 2569 41 12 rua
2909 2563 32 19 for
2955 2562 54 20 their
3014 2564 84 19 favours
3109 2564 74 25 during
3194 2564 34 19 the

2798 2590 45 23 past
2853 2589 70 19 fifteen
2932 2596 65 17 years,
3009 2589 40 19 and
3064 2593 20 15 to
3100 2590 64 23 notify
3184 2590 45 19 that

2799 2615 31 18 i'or
2840 2614 34 19 the
2886 2615 132 19 convenience
3028 2615 21 19 of
3059 2616 98 19 residents
3166 2616 21 19 in
3195 2616 34 20 the

2860 2640 281 21 Ttrade
3159 2648 59 14 cener-

2821 2679 90 19 (Connelly
2919 2679 22 15 8.:
2952 2680 22 15 I'r
2986 2680 15 15 d.
3014 2680 47 15 W'liit
3067 2681 50 15 ike.'s
3128 2681 104 19 JJcsideiie;.*),

2946 2708 95 19 Telephone
3051 2709 34 14 Ml.

2830 2733 13 14 A
2853 2731 37 15 l'uw
2899 2732 58 15 Ladies
2965 2733 32 16 and
3006 2733 97 15 (-untleini.il
3109 2736 30 12 can
3144 2733 19 16 be
3168 2738 74 11 accoiuo®

2810 2750 48 16 dated
2868 2752 38 14 with
2915 2752 77 19 Su]ieiior
3000 2754 13 14 li
3024 2753 30 15 aid
3066 2754 32 13 and
3110 2753 93 15 iiu.-idence.

2829 2776 34 15 The
2870 2776 51 16 house
2928 2778 13 14 i.s
2954 2777 71 15 situated
3039 2783 20 10 sn
3070 2778 44 19 large
3125 2778 71 19 ground.-
3196 2776 2 21 -
3199 2776 4 21 ,
3210 2778 32 16 and

2809 2796 94 15 con.niands
2908 2797 106 19 niiigniliccnt
3021 2798 20 14 vi-
3049 2802 22 10 \vs
3081 2801 15 11 01
3108 2797 30 16 tho
3146 2797 77 16 harbour.

2828 2822 59 16 Tennis
2897 2824 56 15 Lawn.

2828 2851 34 15 Ten
2871 2851 44 15 iniuu
2924 2853 22 14 e/
2955 2853 44 16 walk
3011 2853 42 15 from
3060 2853 27 15 the
3096 2853 41 16 Post
3144 2853 56 17 OlHce.

2828 2878 39 15 Cars
2875 2879 32 15 and
2915 2880 62 16 Busses
2985 2886 9 14 p
2997 2878 3 22 r
3001 2885 20 10 :«j
3030 2881 26 15 'lie
3072 2882 75 14 entianee
3157 2883 44 17 gate.

2810 2933 133 50 PEOPLE
2964 2936 83 25 visiting
3069 2936 107 20 Auckland
3198 2937 41 20 ■will

2853 2961 41 19 find
2901 2963 170 19 accommodation
3079 2967 20 15 at
3110 2963 55 20 Bella
3176 2963 61 26 Vista,

2890 3010 118 21 Waterloo
3021 3011 132 26 Quadrant,

2874 3059 91 31 Opposite
2979 3060 129 26 Government
3121 3060 69 27 House.

2833 3114 49 22 And
2905 3121 58 14 near
2994 3115 116 21 Northern
3140 3116 67 21 Club.

2875 3168 79 38 Mrs
2988 3169 173 47 JNiofman,

2867 3238 283 43 Proprietress,

2804 3297 56 19 THE
2905 3297 144 20 NATIONAL
3098 3297 135 22 CAL'BOLIC

2918 3323 211 21 DISINFECTANT.

2804 3359 48 20 The
2862 3359 55 21 best
2928 3360 48 19 and
2990 3361 121 24 cheapest
3122 3361 110 20 Carbolic

2805 3387 162 20 Disinfectant
3006 3388 97 19 Powder
3150 3388 80 20 before

2939 3415 43 19 the
3003 3415 90 25 public.

2843 3448 352 37 iTcHElfand"otw'STmiS,

2949 3485 144 21 ROTORUA!

2838 3537 114 40 MRS
2995 3538 205 48 YOUNG,

2937 3586 172 20 Proprietress.

2883 3617 93 20 TERMS
2992 3617 163 21 MODERATE.

2851 3675 30 39 A.
2909 3674 71 40 AND
3006 3675 30 41 G.
3064 3675 124 43 BROOK.

2805 3726 81 23 BOOT
2900 3726 71 23 AND
2987 3726 82 24 SHOE
3089 3727 144 27 MAKERS,

2862 3758 88 19 Fknton
2966 3758 88 23 Stbket,
3077 3758 104 21 Rotohua.

2806 3789 45 19 And
2874 3791 21 17 at
2924 3789 84 20 Parnell
3030 3789 40 20 and
3098 3790 135 20 Newmarket.

2830 3841 66 25 Large
2906 3841 40 19 and
2957 3841 68 20 vaiied
3041 3842 62 19 Strek
3114 3841 21 20 of
3143 3841 89 25 English,

2805 3867 88 25 Foreign
2903 3868 40 19 and
2954 3868 92 19 Colonial
3058 3868 59 19 Boots
3128 3868 35 18 and
3171 3867 63 19 Shoes

2866 3895 21 17 to
2899 3893 72 20 choose
2982 3895 50 18 from
3044 3895 21 18 at
3075 3894 33 18 the
3120 3895 49 17 most.

2841 3925 215 33 REASONABLE
3077 3925 122 32 PRICES.

2871 3966 95 20 GREAT
2980 3966 186 20 REDUCTIONS.

2831 3996 95 26 Clearing
2944 3999 37 18 out
3001 3998 60 19 Stock
3079 3996 31 20 for
3133 3996 73 25 Spring

2957 4023 122 25 Shipments.

2805 4055 34 19 All
2854 4055 70 20 orders
2940 4055 40 19 and
2996 4055 74 26 repairs
3087 4052 145 27 expeditiously

2968 4080 100 21 executed.

1931 3205 67 19 Maori
2011 3205 72 20 Curios
2095 3205 21 19 in
2126 3206 63 19 Great
2197 3205 86 23 Varie/s
2292 3215 36 13 »/.
2351 3215 20 10 r°
2418 3216 11 12 a
2434 3215 12 13 a

2260 3217 124 45 OYLE,
2417 3225 195 39 manager,

1956 3257 120 20 First-class
2093 3257 87 20 Billiard
2189 3258 63 19 TaLic'

1894 3309 118 26 Prescripta
2018 3316 25 13 ns
2053 3310 108 25 dispensed
2170 3311 26 24 by
2205 3317 12 13 a
2225 3311 30 21 Qu

2050 3337 90 19 Chemist
2151 3339 20 16 at

1968 3368 128 32 ROBERT
2114 3368 134 32 WAKE'S.

2029 3421 160 22 ROTORUA.

2253 3392 126 39 *EET,
2409 3393 269 35 AUCKLAND,

2631 3309 115 82 EL,

1893 3499 429 87 Langham.

1914 3594 48 23 (One
1968 3596 90 18 minute's
2065 3596 52 18 walk
2125 3597 48 17 from
2180 3598 33 16 the
2219 3598 73 17 Govern-

2042 3621 54 16 ment
2104 3620 75 22 Baths.)

2011 3677 190 22 TeRTCS:

1918 3710 45 23 35s
1971 3718 47 22 per
2036 3712 89 28 week;
2144 3713 29 22 6s
2187 3720 45 22 per
2241 3713 58 29 day.

1919 3740 61 23 Two
1992 3742 90 23 weeks
2092 3749 27 16 or
2129 3742 98 29 longer,
2244 3743 55 24 30s.

1926 3790 28 30 c.
1988 3778 304 51 hawker~W!lson,

2017 3833 186 20 PBOPBIETOE.

1920 3891 177 23 WYNYARD
2110 3894 22 22 &
2138 3892 133 25 PURCHA
2276 3894 24 29 S,

1952 3925 131 20 Barristers
2091 3932 42 14 and
2145 3928 122 25 Solicitors,

1893 3962 79 20 B.N.Z.
1980 3963 120 26 Chambers,
2107 3965 105 26 QueenSt,
2219 3967 109 20 Auclfbid

1988 4025 53 20 have
2050 4032 73 19 money
2133 4029 20 17 to
2163 4027 47 20 lend
2222 4035 25 12 on
2264 4029 51 20 Mort-

1909 4055 7 10 »
1928 4055 6 11 '
1984 4057 54 19 gage
2048 4052 21 18 of
2084 4052 100 20 Freehold
2199 4055 40 18 and
2253 4055 61 20 Lease-

1891 4075 49 19 hold
1951 4080 97 22 property
2058 4080 22 17 at
2090 4082 81 16 current
2179 4083 60 16 rates.

2480 3458 127 20 FRUITER
2612 3459 40 19 Eft.

2376 3512 57 20 Kext
2444 3509 98 20 Saddler's
2557 3511 56 24 shop,
2624 3511 133 19 Obinemutu.

2352 3545 44 18 Has
2407 3544 74 24 always
2497 3549 10 12 a
2523 3542 50 24 grcd
2589 3543 73 25 etipplv
2678 3542 22 19 of
2720 3542 62 20 Fresh

2426 3568 64 25 Fruit,
2500 3568 49 19 both
2563 3568 51 19 loenl
2624 3569 38 18 and
2674 3569 23 18 im-

2476 3594 70 26 ported
2558 3601 25 12 on
2594 3595 60 19 hand.

2519 3620 89 25 Also,

2474 3647 18 19 A
2512 3646 44 20 well
2566 3648 92 19 astorted

2403 3673 57 19 stock
2471 3673 21 19 of
2504 3673 84 23 Biscuit,
2601 3673 118 19 Confection-

2350 3707 36 19 ery
2395 3699 39 20 and
2445 3700 91 18 Summer
2550 3699 77 20 Drinks
2639 3702 21 17 at
2677 3700 106 19 Moderate

2528 3725 75 20 Prices.

2375 3788 146 41 JECKLIN
2554 3788 25 41 &
2612 3787 147 47 COTTER,

2426 3857 116 19 FAMILY
2556 3857 156 24 BUTCHERS,

2404 3907 81 19 Ahawa
2508 3906 92 25 Street,
2622 3907 108 20 Rotohua.

2377 3956 60 19 Have
2447 3957 21 17 to
2478 3954 66 20 thank
2554 3956 35 19 the
2600 3955 74 20 Public
2689 3955 22 20 of
2721 3954 49 21 Eoto-

2351 3989 36 14 rua
2401 3982 34 19 for
2445 3984 45 21 past
2499 3981 84 20 favours
2593 3982 38 19 and
2644 3982 39 24 beg
2692 3983 21 18 to
2730 3982 53 19 state

2351 4009 49 24 they
2413 4007 40 19 will
2469 4008 97 19 continue
2586 4010 20 17 Io
2622 4008 61 19 merit
2699 4008 85 25 support

2351 4035 26 26 by
2387 4033 110 26 providing
2506 4034 34 20 the
2551 4034 45 20 best
2603 4034 80 26 quality
2692 4033 22 21 of
2732 4035 50 18 meat

2422 4083 37 19 AT
2473 4083 118 21 LOWEST
2605 4083 106 21 PRICES.
