3287 4239
2832 122 68 17 HOW
2920 118 120 23 TURKEY
3062 117 25 19 IS
3111 117 83 19 MISGO-

2962 144 123 20 VERNED.

2836 172 4 49 1
2849 197 23 19 he
2885 198 83 19 London
2987 195 160 26 co>respondent
3166 195 21 19 of
3205 195 28 21 tLe
3249 172 10 40 F

2809 225 29 22 Ag
2860 221 12 27 ..
2895 230 10 12 &
2915 223 46 17 that
2971 222 34 18 tlie
3013 222 97 18 situation
3119 221 21 19 ia
3148 221 33 20 the
3189 221 45 21 East
3250 224 8 18 i:
3258 221 1 27 t

2808 254 69 14 causes
2908 251 58 22 gitat
3000 247 84 26 anxiety
3112 247 122 26 throughout
3249 244 10 31 [j

2809 276 85 24 Europe.
2922 274 42 22 The
2973 277 52 17 state
3040 274 22 19 of
3081 273 81 26 Turkey
3182 280 16 13 is
3216 282 18 13 as
3249 271 10 32 ||

2808 301 38 19 bad
2857 308 21 12 as
2889 301 16 18 it
2915 301 44 19 well
2968 306 36 14 can
3016 301 23 18 bo
3056 301 28 17 he.
3113 299 41 20 The
3175 301 59 20 Great
3249 304 10 18 E

2809 329 80 19 Powers
2902 333 75 20 appear
2986 326 128 20 determined
3122 329 21 16 to
3162 329 73 24 compel
3249 324 10 29 f§

2809 355 33 17 the
2866 353 61 19 Porte
2952 355 21 17 to
2997 353 96 19 institute
3121 351 75 21 reform
3218 354 16 19 in
3249 351 3 23 j

2810 379 102 19 Armenia.
2941 378 123 20 Macedonia
3074 379 17 18 is
3099 378 20 19 in
3130 379 64 19 veiled
3203 386 33 13 re-
3249 378 4 26 j

2809 405 82 20 beliioti.
2920 404 121 21 Meanwhile
3053 404 33 19 the
3105 405 40 18 real
3156 412 78 18 govern-
3249 400 10 30 |

2810 433 32 23 ing
2853 438 68 19 power
2929 431 21 20 of
2959 431 80 25 Turkey
3050 431 16 19 is
3081 431 21 19 in
3121 431 35 20 the
3176 431 58 21 hands
3249 434 10 20 1

2808 458 26 20 of
2839 458 37 20 the
2885 458 76 26 cliques
2969 458 21 19 of
2997 458 98 19 favorites
3102 458 38 19 and
3149 460 85 20 eunuchs
3249 452 10 26 B

2811 485 42 20 who
2863 484 102 20 surround
2975 484 34 20 the
3018 484 79 19 Sultan.
3126 485 17 18 A
3163 491 45 13 man
3218 487 17 19 of
3249 482 10 30 ||

2811 511 46 26 high
2877 510 51 20 tank
2946 510 22 20 in
2985 510 169 25 Constantinople
3173 511 19 19 in
3206 512 30 20 the
3249 510 10 27 |£

2810 544 69 14 course
2888 538 19 19 of
2924 538 141 19 conversation
3082 536 46 19 with
3146 540 34 16 tee
3197 544 38 13 cor-
3249 543 10 22 g

2812 565 121 24 respondent
2954 564 22 19 of
2992 570 12 12 a
3022 569 118 19 newspaper
3159 564 77 24 pointed
3250 560 3 29 |

2809 593 38 18 out
2856 590 45 19 that
2912 591 33 18 the
2956 589 71 20 Grand
3037 588 74 24 Yizier,
3121 590 46 18 Said
3175 588 59 24 Pasha
3250 583 9 29 1

2813 617 96 25 •sithough
2923 623 26 12 au
2960 616 44 20 able
3013 616 40 19 and
3062 616 72 18 honest
3142 622 49 18 man,
3201 624 10 11 v,
3250 613 9 20 ®

2811 644 47 25 only
2869 644 34 18 the
2921 642 72 20 mirror
3011 642 23 19 of
3053 642 33 19 the
3105 642 80 24 Sultau,
3201 647 35 18 and
3251 637 8 26 I

2813 677 38 13 was
2862 673 34 16 not
2908 670 18 18 in
2937 668 114 21 immediate
3062 668 59 19 touch
3137 668 50 20 with
3205 670 31 21 the
3251 667 8 24 I

2813 695 160 20 administration
2985 696 21 19 of
3015 695 78 22 affairs,
3104 696 38 17 and
3156 696 39 19 tbis
3205 697 29 19 ad-
3251 698 8 22 f

2814 722 133 20 miuistiation
2958 729 39 12 was
3008 724 31 16 rot
3050 727 23 13 en
3093 727 25 12 au
3127 722 6 17 i
3152 728 84 20 corrupt.

2893 754 22 14 at
2922 748 139 23 the.Alini.-trv
3069 748 22 19 of
3099 749 34 18 the
3140 748 36 19 inu
3251 743 8 25 1

2813 776 41 20 said
2863 775 32 24 he,
2986 781 92 18 inoruing
3086 774 32 18 the
3127 774 109 26 Minister,?
3251 769 8 25 1

2814 809 41 17 son,
2879 802 80 24 Djeond
2989 801 48 24 Bey,
3065 807 47 18 goes
3136 800 58 20 do.va
3220 808 16 15 to
3252 797 6 28 [.

2816 828 122 26 I'hillippo'B.
2950 828 19 19 in
2981 827 79 20 Galata.
3074 831 38 15 ami
3122 826 79 20 traffics
3218 828 16 19 in
3252 826 3 28 :

2815 856 137 19 Government
2973 861 12 18 p
2999 856 30 17 sts
3039 860 21 12 as
3081 859 73 20 opcn.y
3169 861 21 12 as
3210 860 17 13 ti,
3253 856 2 23 ■

2815 882 81 19 brokers
2906 882 77 19 around
2997 881 37 18 him
3055 880 20 18 iu
3095 881 74 18 shares.
3201 880 36 21 Vou
3252 876 7 34 j:-

2815 915 44 19 may
2869 909 39 19 ask
2919 907 57 24 him,'
2987 906 63 21 What
3062 906 53 25 price
3122 906 89 25 Beyrout
3221 915 16 12 or
3252 901 7 33 |

2815 936 55 19 Sivas
2905 934 40 21 and
2955 934 32 19 for
2995 940 20 12 so
3026 939 60 18 uiany
3102 932 99 19 hundreds
3220 941 17 12 or
3253 932 1 25 1

2816 962 110 19 •hous.mds
2936 960 21 19 of
2968 959 78 26 pounds
3058 964 38 17 you
3108 966 41 17 may
3169 959 22 19 be
3209 967 19 18 ap-

2816 988 81 26 pointed
2910 986 105 21 forthwith
3025 985 124 24 Jiaimakam,
3164 986 72 21 Mutes-
3252 985 3 29 j

2816 1014 50 21 sarif
2875 1021 22 13 or
2910 1014 51 19 Vali.
2993 1012 63 20 When
3072 1018 41 19 you
3127 1016 34 20 get
3177 1018 19 13 to
3211 1013 26 20 the

2818 1043 44 24 post
2868 1041 35 19 the
2913 1042 42 18 iiist
2966 1039 61 25 thing
3037 1044 38 18 you
3086 1039 25 17 do
3122 1039 16 17 is
3154 1040 21 17 to
3194 1045 43 13 com-
3253 1039 3 28 1

2818 1075 66 13 inence
2907 1065 109 26 recouping
3042 1065 89 24 yourself
3149 1065 32 19 for
3194 1072 43 18 your

2817 1094 75 25 outlay,
2902 1101 22 12 as
2934 1099 39 20 you
2985 1093 24 18 do
3021 1096 35 15 not
3067 1091 59 19 know
3137 1091 42 19 how
3198 1093 39 24 hng

2818 1128 38 13 vou
2867 1127 45 14 tnav
2931 1123 22 16 be
2968 1119 38 19 left
3022 1118 62 19 there.
3112 1117 26 19 In
3152 1118 57 19 order
3223 1123 14 15 to
3253 1126 6 12 s

2817 1147 50 26 keep
2877 1154 11 12 a
2898 1146 52 26 good
2966 1146 45 25 post
3027 1145 33 18 the
3075 1146 101 23 occupant
3190 1149 47 15 must

2817 1174 124 24 continually
2953 1175 22 17 be
2983 1171 86 25 sending
3077 1173 92 23 presents
3182 1174 19 16 to
3209 1173 27 18 the
3253 1167 6 34 |

2819 1200 105 25 Ministry,
2948 1199 38 19 and
3002 1204 21 12 t-o
3040 1204 28 14 we
3082 1200 34 22 get
3135 1199 103 19 extortions
3253 1192 5 28 |

2818 1227 38 19 and
2879 1227 110 22 atrocities,
3017 1225 39 18 and
3073 1227 34 15 toe
3121 1224 71 25 people
3212 1232 27 12 are
3253 1219 6 28 f

2818 1253 52 19 tired
2881 1254 21 18 of
2910 1253 58 25 being
2975 1251 104 27 squeezd.
3107 1250 20 18 It
3134 1251 16 18 is
3158 1254 36 15 not
3201 1251 37 25 only

2818 1280 86 20 reforms
2914 1279 21 20 iu
2943 1279 56 19 favor
3006 1277 21 19 of
3036 1278 34 18 the
3079 1275 113 21 Christians
3202 1277 36 20 that

2818 1313 33 13 are
2874 1305 83 21 needed.
2985 1304 42 20 The
3040 1303 126 19 Mussulman
3182 1311 44 18 popu-

2820 1333 62 19 lation
2888 1333 80 26 require
2976 1332 52 18 them
3037 1330 51 25 fully
3095 1336 21 12 as
3126 1329 64 26 badly.
3206 1331 33 19 The

2819 1359 63 20 whole
2894 1356 169 23 Administration
3073 1357 16 18 is
3100 1357 68 19 rotten
3182 1360 20 16 to
3213 1357 26 20 the
3255 1356 1 23 ;

2818 1392 52 14 core,
2883 1387 38 18 and
2934 1385 28 21 bis
2973 1384 92 26 Majesty
3083 1383 34 19 the
3141 1383 72 21 Sultan
3227 1383 12 21 is

2819 1413 99 25 carefulty
2929 1412 48 26 kept
2987 1412 21 19 in
3016 1411 110 24 ignorance
3133 1409 22 20 of
3164 1410 33 20 the
3206 1417 33 18 way

2819 1439 23 21 he
2850 1439 16 19 is
2877 1439 68 20 served
2961 1438 40 21 and
3015 1435 102 27 betrayed.
3145 1436 22 20 It
3182 1437 16 19 is
3213 1437 26 20 the

2820 1466 68 26 palace
2900 1465 63 27 clique
2975 1465 62 19 which
3048 1464 17 19 is
3072 1463 82 25 ruining
3161 1463 32 20 the
3203 1471 24 12 em-

2821 1493 47 25 pire-,
2880 1493 39 21 and
2931 1493 78 21 neither
3024 1491 45 21 Said
3086 1489 65 21 Pasha
3162 1497 37 13 nor
3209 1497 30 20 any

2820 1520 57 20 other
2884 1521 70 19 Grand
2961 1519 68 22 Vizier
3039 1524 36 14 can
3082 1516 50 27 fight
3138 1517 77 28 against
3221 1518 15 18 it
3254 1512 5 24 t

2821 1547 37 19 Hi>>
2867 1546 89 28 Majesty
2966 1547 46 20 does
3022 1548 36 18 .not
3067 1545 38 19 like
3114 1545 125 25 disagreeable

2819 1573 76 27 truths,
2919 1574 40 20 and
2978 1573 56 22 when
3054 1579 11 13 a
3090 1571 69 21 Grand
3183 1572 57 23 Vizier

2820 1608 80 15 presses
2910 1602 54 19 them
2976 1601 56 20 home
3052 1603 32 17 too
3095 1599 92 26 strongly
3197 1599 21 20 he
3227 1602 12 20 jg
3255 1599 1 26 ,

2819 1631 44 22 ■just
2884 1627 111 22 dismissed.
3025 1641 70 6 ...
3124 1628 28 18 As
3162 1629 46 23 Jong
3224 1635 15 14 as
3255 1627 1 26 ;

2819 1661 37 14 our
2866 1654 177 25 Administration,
3051 1654 52 20 from
3124 1653 33 20 the
3178 1654 61 21 Grand

2820 1681 69 21 Vizier
2896 1682 58 21 down
2961 1684 21 19 to
2991 1681 128 20 theßaiallest
3129 1679 112 23 Rai.mrikauj

2821 1708 53 20 know
2888 1711 46 18 ttiat
2945 1708 53 21 their
3008 1710 8 18 t
3023 1707 157 25 -nure-'depends
3195 1715 46 20 upon

2820 1736 35 19 the
2874 1736 79 26 caprice
2976 1735 37 23 oj>
3055 1741 38 14 lew
3109 1735 134 24 irresponsible

2821 1762 67 25 palace
2895 1762 85 21 officials
2990 1769 40 20 you
3043 1764 75 18 cannot
3131 1764 70 23 expect
3210 1769 33 19 any

2818 1789 51 25 good
2881 1789 72 22 fruits;
2980 1790 42 20 The
3042 1790 54 19 little
3114 1789 52 19 band
3186 1788 57 21 which

2821 1815 65 27 tfige
2894 1818 20 19 in
2935 1818 29 19 his
2982 1816 90 26 Majesty
3091 1818 22 17 at
3133 1815 65 19 \ildiz
3216 1822 27 13 are

2822 1845 56 25 quite
2888 1851 64 13 aware
2962 1845 22 20 of
2999 1843 36 20 the
3049 1843 96 19 immense
3158 1843 86 24 strength

2821 1871 22 19 of
2855 1870 51 20 their
2917 1870 93 26 position.
3039 1869 60 20 From
3120 1869 91 25 morning
3227 1871 16 18 to

2821 1897 58 25 night
2889 1897 47 25 they
2948 1898 48 19 have
3005 1896 34 19 the
3049 1895 91 20 Sultan's
3159 1902 39 17 ear,
3210 1896 33 19 and

2823 1931 49 17 pour
2882 1925 44 18 into
2935 1926 17 17 it
2963 1924 81 25 flattery
3054 1922 37 20 and
3107 1921 104 21 falsehood
3227 1923 16 19 in

2821 1950 58 26 equal
2891 1950 63 20 doses.
2983 1951 21 19 If
3014 1949 93 26 anybody
3126 1949 92 20 succeeds
3227 1949 16 20 in

2821 1976 95 26 reaching
2932 1977 27 19 his
2982 1977 85 25 Majest}
3068 1983 5 7 r
3092 1976 38 19 aid
3146 1976 97 25 reporting

2821 2009 53 14 some
2883 2003 123 26 unpleasant
3015 2005 49 22 fact,
3072 2002 64 20 either
3143 2002 101 25 regarding

2821 2029 89 20 internal
2919 2030 90 20 disorder
3019 2037 21 12 or
3049 2030 79 24 foreign
3138 2028 105 20 intentious
3256 2028 1 26 ;

2821 2063 21 12 as
2853 2063 49 13 soon
2913 2063 21 13 as
2946 2056 33 20 the
2989 2057 48 19 door
3048 2056 63 20 closes
3128 2055 71 21 behind
3211 2055 32 19 him
3256 2055 2 28 |

2820 2084 33 18 tne
2864 2082 66 27 clique
2940 2085 45 24 step
2996 2084 20 19 in
3029 2082 38 20 aud
3082 2082 53 26 deny
3145 2081 35 20 the
3191 2082 53 19 whole

2821 2112 61 21 story.
2911 2109 22 20 If
2944 2110 29 19 his
2985 2109 91 26 Majesty
3091 2109 59 20 eouid
3162 2108 81 25 disguise
3255 2108 3 27 j

2821 2135 81 20 himself
2913 2136 31 20 for
2954 2143 12 13 a
2985 2136 60 23 week,
3065 2135 40 20 like
3125 2135 118 20 Haroun-ol-

2821 2162 95 23 Raschid,
2927 2164 37 18 and
2976 2162 63 26 spend
3060 2162 15 19 it
3095 2162 19 20 in
3137 2162 32 19 the
3189 2161 55 24 ciu'bs,
3258 2161 1 27 ,

2820 2188 54 20 cafes
2882 2189 39 19 and
2942 2189 172 26 drawing-rooms,
3136 2196 28 12 we
3180 2188 64 20 should

2820 2218 33 22 gel
2864 2222 37 12 our
2910 2216 92 19 reforms.
3032 2216 41 19 But
3083 2222 21 12 so
3124 2215 47 26 long
3192 2220 21 14 as
3226 2215 18 19 lie

2821 2241 86 20 remains
2919 2241 48 20 shut
2982 2249 26 18 up
3027 2243 19 19 in
3066 2242 67 19 Yildiz
3154 2241 47 21 with
3220 2241 23 20 his

2820 2270 101 22 entourage
2931 2269 56 19 there
2999 2269 16 19 is
3026 2267 58 21 small
3103 2269 51 24 hope
3170 2269 32 19 for
3220 2274 24 13 us.

2821 2294 3 27 .
2855 2294 3 27 .
2889 2294 4 27 .
2922 2294 136 27 Ninety-nine
3086 2295 127 20 hundredths
3229 2295 15 19 of

2821 2321 82 26 Turkey
2914 2321 66 20 would
2992 2323 23 19 be
3024 2323 47 22 only
3082 2324 32 17 too
3122 2322 45 25 glad
3178 2325 18 16 to
3206 2321 38 25 give

2821 2347 86 20 reforms
2917 2350 21 17 to
2947 2349 97 19 Armenia
3051 2349 38 19 and
3097 2350 21 17 to
3126 2351 34 22 get
3166 2349 78 19 reforms

2821 2374 32 19 for
2868 2375 126 24 themselves,
3014 2375 38 19 but
3070 2376 25 18 -0
3116 2381 43 13 men
3178 2376 21 18 at
3218 2375 26 20 the

2822 2401 67 24 palace
2908 2401 39 19 and
2969 2401 54 19 their
3049 2401 100 20 nominees
3179 2403 20 17 ia
3218 2402 26 20 t'le

2821 2426 98 27 Ministry
2939 2434 33 13 are
2991 2427 102 21 sufficient
3112 2429 20 18 to
3152 2429 49 24 keep
3218 2429 27 19 the

2823 2457 40 15 rest
2874 2453 21 19 of
2915 2453 33 20 the
2966 2454 90 26 Empire,
3067 2455 38 19 and
3119 2455 79 26 Kurope
3208 2455 36 19 into

2823 2480 33 19 the
2875 2480 83 25 bargain
2980 2483 21 17 at
3101 2481 28 19 Of
3137 2488 71 14 course
3218 2482 26 19 the

2822 2507 80 25 remedy
2923 2507 64 19 which
3007 2508 20 19 in
3048 2507 33 19 the
3097 2508 45 20 first
3161 2509 84 19 instance

2823 2533 65 19 would
2899 2537 82 22 suggest
2991 2533 57 20 itself
3059 2535 64 19 would
3135 2535 23 19 be
3169 2535 34 19 the
3219 2536 26 18 do-
3256 2533 1 26 I

2822 2559 102 21 struction
2934 2561 21 18 of
2966 2560 33 20 the
3010 2560 86 20 Turkish
3109 2568 73 19 power.
3212 2562 33 19 Hut

2823 2585 51 20 what
2884 2586 66 19 would
2961 2592 22 13 or
3001 2587 58 19 could
3078 2587 25 19 Ij.)
3126 2588 118 20 substituted

2823 2613 31 18 for
2865 2613 33 19 it?
2931 2613 72 19 Would
3015 2615 36 17 not
3062 2613 35 20 the
3112 2621 42 13 new
3176 2618 69 21 system

2823 2639 23 19 be
2858 2645 62 13 worse
2931 2639 49 19 than
2991 2640 34 19 the
3035 2640 32 19 old
3081 2640 8 19 ?

2896 2695 110 19 BURIED
3020 2695 154 21 TREASURE.

2849 2747 42 19 The
2910 2748 78 25 finding
3003 2749 21 18 of
3042 2756 13 12 a
3074 2749 73 19 buried
3165 2747 92 26 treasure;

2823 2780 49 12 near
2890 2773 106 26 Ifighgato
3011 2781 55 13 some
3084 2782 58 17 years
3161 2783 39 18 ago
3214 2782 33 13 was

2823 2799 98 20 rendered
2930 2806 48 19 very
2987 2801 132 24 remarkable,
3136 2808 26 12 011
3171 2804 76 18 account
3255 2799 1 26 !

2825 2826 20 19 of
2863 2826 34 18 the
2907 2828 81 23 strange
3002 2833 84 13 manner
3102 2827 20 19 iu
3141 2828 65 19 which
3220 2826 36 25 the;

2825 2852 96 19 veritablo
2932 2858 66 13 owner
3008 2853 58 19 made
3075 2853 32 19 his
3123 2860 124 19 appearance.

2826 2878 58 19 Some
2892 2878 95 24 laborers,
3004 2879 104 25 grubbing
3124 2886 27 19 up
3162 2886 11 13 a
3183 2883 40 16 treo
3232 2881 16 18 in
3255 2878 2 27 '

2826 2911 11 12 a
2859 2904 52 24 field,
2930 2905 64 19 found
3016 2907 40 18 two
3073 2905 43 23 jars
3138 2907 110 23 containing

2825 2930 70 26 nearly
2910 2932 37 17 400
2966 2931 115 25 sovereigns
3091 2930 4 26 ;
3110 2932 48 24 they
3175 2931 73 21 divided

2825 2956 34 20 the
2878 2964 71 18 money
2964 2959 93 24 amongst
3070 2958 126 25 themselves,
3216 2958 32 20 and

2825 2989 52 13 were
2886 2984 49 19 then
2943 2983 63 19 taken
3021 2984 64 19 aback
3095 2984 27 26 by
3132 2984 33 19 the
3181 2985 42 18 lord
3234 2983 22 27 of.

2825 3009 34 19 the
2877 3016 70 13 manor
2961 3009 95 26 claiming
3073 3010 22 19 it.
3124 3010 73 20 Before
3215 3010 33 19 this
3255 3006 4 31 f

2808 3034 1 27 1
2825 3034 58 20 claim
2893 3036 57 18 could
2966 3036 24 18 be
3001 3036 140 25 investigated,
3152 3044 11 12 a
3180 3037 59 19 trades-

2825 3068 47 11 man
2881 3068 55 13 came
2945 3061 87 20 forward
3041 3062 39 19 and
3089 3063 66 19 stated
3164 3063 44 19 that
3218 3069 30 13 0110
3255 3061 4 21 --

2825 3087 63 25 night,
2901 3087 64 20 under
2974 3094 12 13 a
2995 3089 115 24 temporary
3121 3088 97 24 delusion,
3230 3090 18 17 lie

2824 3113 41 19 had
2875 3120 53 18 gone
2942 3116 35 17 out
2987 3114 40 19 and
3036 3114 72 19 buried
3117 3114 34 20 the
3168 3121 69 19 money
3246 3113 3 27 ;

2825 3139 59 19 when
2902 3140 26 18 he
2936 3140 77 23 awoke,
3030 3140 40 19 and
3080 3140 32 19 for
3126 3147 54 13 some
3194 3141 55 20 hours

2825 3166 123 22 afterwards,
2967 3166 27 19 bo
3002 3166 53 20 tried
3069 3166 20 19 in
3103 3166 47 20 vain
3160 3169 20 17 to
3196 3166 45 21 recol-

2825 3191 38 19 lect
2873 3192 33 18 the
2925 3192 81 25 locality
3015 3192 26 20 ho
3055 3192 40 19 had
3104 3193 92 24 selected,
3215 3192 44 27 and;

2808 3217 1 26 ,
2825 3217 47 26 only
2882 3217 94 20 obtained
2985 3224 11 12 a
3008 3218 43 19 clue
3060 3218 59 20 when
3137 3219 25 19 ho
3171 3219 63 19 heard
3241 3217 17 26 a;

2825 3250 82 13 rumour
2922 3243 20 20 of
2960 3243 34 19 the
3008 3243 79 26 finding
3105 3245 21 19 of
3144 3246 37 18 400
3200 3247 57 22 sove-j

2808 3267 1 29 '
2825 3270 75 24 reigns.
2928 3269 34 19 Tie
2968 3276 40 13 was
3018 3270 46 19 able
3071 3272 20 17 to
3101 3270 61 26 bring
3168 3270 81 20 forward
3256 3267 1 29 ;

2825 3296 99 19 sufficient
2942 3296 93 19 evidence
3053 3296 21 19 in
3088 3299 83 23 support
3190 3298 20 18 of
3223 3297 26 19 Ids

2826 3322 91 25 singular
2934 3324 60 23 story,
3007 3322 39 19 and
3055 3322 32 19 his
3102 3323 58 19 claim
3169 3330 41 13 was
3220 3322 38 25 ad-:

2826 3349 76 19 mitted.

1198 59 58 21 THE
1269 60 60 21 HOT
1343 62 95 20 LAKES
1453 62 174 26 CHRONICLE,
1858 64 163 20 NOVEMBER
2036 65 34 24 27,
2084 66 50 18 1*95

2826 4073 72 17 Printed
2909 4078 33 10 nua
2954 4072 90 21 published
3063 4072 28 16 for
3107 4073 19 16 t\.
3152 4074 97 20 propiiotor.
3258 4072 7 19 [vl

2848 4093 14 23 :ii
2882 4095 26 15 his
2927 4094 75 18 resistor
3016 4093 6 16 1
3028 4093 78 21 priuiing
3112 4095 48 16 oiHca
3173 4095 75 16 liotjru.i
3258 4093 3 23 \

2849 4117 21 19 by
2880 4116 19 15 l'J
3037 4119 78 16 />AIOND,
3128 4116 18 15 of
3154 4116 77 17 Hotoiui

2826 4142 16 17 \\
2849 4140 136 21 iiUNKSDAY,
2995 4139 135 20 NOYISMI3I3R
3138 4142 26 20 27,
3175 4142 47 20 ISOu,

151 133 157 52 Steele
347 133 138 52 Bros.

107 221 191 42 MARAEROA
357 220 175 41 SAWMILL.

105 280 133 49 DESIRE
247 283 21 16 to
278 279 62 21 thank
362 279 34 20 the
414 279 69 26 public
502 279 33 19 for

183 310 45 23 past
237 307 66 19 favor-a
311 306 39 19 and
359 306 37 25 beg
404 310 19 15 to
430 312 105 13 announce

103 333 45 20 thAt
165 333 74 24 having
258 340 10 12 a
291 333 56 24 large
366 333 58 19 stock
442 333 23 18 of
482 331 42 20 well-

107 360 93 19 seatoned
221 359 107 19 first-class
346 359 74 19 timber
437 364 26 14 on
482 357 54 20 band

107 386 47 26 they
166 392 31 13 are
207 386 98 25 prepared
326 390 19 14 to
362 385 53 19 fulfil
432 385 70 19 orders
514 387 21 16 at

106 411 84 21 reduced
202 415 60 17 rates.

104 472 40 47 T
181 472 56 45 Mi
277 471 49 46 H
331 470 127 21 ARRISON
460 470 4 49 -
476 470 17 20 b
496 470 4 49 '
503 470 16 19 a
524 484 11 9 "'

117 530 162 20 BARRISTER
293 529 61 20 AND
365 528 158 24 SOLICITOR,

117 563 45 24 118,
174 562 108 20 Yictobia
294 563 93 22 Akcade,
400 562 124 19 Auckland.

293 598 57 18 Also

107 627 102 21 Barrister
219 628 37 19 and
268 627 93 20 Solicitor
372 627 21 19 of
400 630 33 16 the
441 627 97 25 Supreme

184 654 69 24 Cotirt,
265 654 93 24 Ontario,
369 653 89 20 Canada.

110 724 272 45 PHOENIX
405 724 131 44 FIRE

208 780 221 44 OFFICE.

105 884 82 21 Losses
211 884 55 19 Paid
399 883 109 24 £20,000,C
514 883 24 17 10

105 938 55 19 Fiee
168 938 106 19 Pbemium
284 936 99 19 Exceeds
426 936 72 24 1,50'U
512 936 26 19 00

105 992 163 18 Accumulated
317 988 69 19 Fund?

106 1017 89 20 Exceed
427 1015 111 20 £IOOOOOO

107 1067 24 24 W.
147 1069 59 21 WARD
215 1067 65 22 BAKER
340 1067 25 22 W.
381 1067 18 22 A.
413 1066 99 25 WILLIAMS

141 1094 71 22 District
227 1093 66 25 Manger
376 1093 48 21 Local
437 1092 51 25 Agent

192 1118 103 22 Auckland.
432 1119 66 21 otorua,

108 1186 165 43 ROTORUA
292 1183 165 44 SAWMILL
482 1182 53 41 CO,

112 1279 134 20 YT7HITE
254 1278 61 21 AND
325 1279 56 19 RED
392 1276 68 21 PINE
470 1276 21 19 of
504 1276 33 18 the

123 1312 11 14 y
145 1311 10 14 *
210 1307 58 18 finest
286 1305 80 26 quality
383 1303 40 20 and
440 1302 97 25 carefully

106 1335 40 19 cut.

292 1357 53 20 Also

106 1390 89 24 Matai,
225 1390 127 26 Pukatea,
383 1387 51 23 and
458 1387 78 22 Tawa

133 1418 132 26 Shingles,
277 1416 117 26 Paling's,.
411 1414 96 22 Blocks

243 1444 50 22 and
318 1443 81 22 Posts.

129 1485 18 24 A.
162 1487 51 28 good
224 1488 39 20 aiid
274 1486 89 22 assorted
377 1484 74 28 supply
460 1484 74 26 always

103 1520 26 17 bu
139 1516 55 21 band
204 1517 20 18 at
236 1514 34 21 tlio
280 1513 82 21 Timber
371 1512 63 25 Yard,

246 1545 137 23 ROTORUA.

100 1599 46 21 N.B
155 1597 105 28 —Special
270 1603 44 15 caro
325 1596 61 21 tnlcon
403 1595 20 20 in
440 1593 34 22 the
491 1599 31 14 sea-

282 1624 79 26 souinf.

114 1673 99 23 PRICES
227 1672 35 21 AT
277 1670 132 23 CURRENT
423 1667 95 23 RATES.

152 1735 32 21 \V;
199 1732 153 24 HENSHAW,
374 1731 112 20 Manager.

581 115 40 41 W.
642 115 30 41 H.
698 115 23 41 &
745 115 31 41 H,
794 115 29 41 C,
846 115 109 51 fright,

628 170 137 19 SURGEON
776 170 143 20 DENTISTS.

604 223 117 24 (Successor
731 224 21 18 to
765 227 25 15 A.
804 223 21 19 L.
836 222 101 25 Wright),

595 276 74 25 Notify
680 276 45 18 that
751 276 48 25 they
814 282 34 13 are
867 274 120 26 continuing

555 301 33 20 the
603 302 98 19 Business
724 304 21 17 at
754 303 35 19 the
805 302 103 23 Premises,
918 303 36 24 top
966 302 21 18 of

555 328 190 20 Shortlaud-street.
763 329 42 19 The
815 329 107 24 high-class
933 327 52 20 work

555 355 21 19 of
587 355 34 19 the
631 355 42 19 late
684 355 34 19 Mr
730 355 23 19 A.
764 356 24 19 L.
902 354 41 19 will
963 354 24 20 be

555 381 87 19 adhered
652 383 29 22 to,
688 382 39 18 and
738 388 40 18 any
788 381 39 20 left
837 381 115 19 unfinished
961 380 24 25 by

555 407 45 19 that
611 408 115 25 gentleman
738 408 40 19 will
797 408 24 19 be
837 407 111 26 completed
961 407 24 26 by

648 435 34 19 the
693 442 43 12 new
746 436 147 23 management.

555 460 115 26 Telephone
680 461 46 21 657.

604 504 164 35 Rotorua
782 503 163 43 Library.

557 570 113 47 OPEN
685 570 53 20 from
749 572 26 18 10
786 577 46 13 a.m.
840 572 22 18 to
872 572 12 18 5
891 577 46 19 p.m.
948 570 39 20 and

616 598 22 19 G.
638 598 23 19 30
671 600 20 16 to
700 598 26 19 10
733 604 15 19 p.
755 604 25 13 m.
791 597 94 25 Sundays
893 596 32 20 till
933 598 54 25 9p.m

557 629 191 21 Subscription:
759 629 51 17 SOs
823 634 49 17 per
884 633 100 14 annum

581 660 87 19 Visitors
689 666 44 18 may
751 667 86 19 procure
852 659 67 20 Book*
935 659 52 19 from

556 687 33 18 the
606 686 87 25 Library
710 693 25 12 on
753 687 81 25 making
853 694 10 12 a
877 686 79 25 deposit
966 685 21 19 of

556 714 36 18 not
607 712 39 20 less
666 712 48 20 than
733 715 28 21 ss,
780 713 40 19 and
835 712 120 26 purchasing
965 713 22 17 Is

555 746 80 17 coupon
646 739 32 19 for
688 746 60 19 every
759 740 56 19 Four
825 739 68 19 books.

581 765 42 20 The
642 766 87 25 Library
747 766 18 20 is
788 772 51 19 open
862 765 71 25 during
953 763 34 20 the

555 792 91 25 evening.

576 830 226 54 FIX
919 841 19 20 4

606 890 149 20 BARRISTER
768 890 15 18 &
793 890 140 18 SOLICITOR.

556 920 145 19 Commissioner
710 920 20 17 of
738 920 33 17 the
787 920 90 23 Supreme
892 920 60 17 Court
968 918 20 18 of

745 943 56 23 Fiji-)

556 967 86 18 Solicitor
654 967 20 17 to
683 966 32 18 the
723 966 24 18 N.
758 966 20 18 Z.
788 967 127 17 Government
929 965 58 18 under

661 990 98 18 Advances
767 992 19 16 to
795 989 75 18 Settlers

555 1026 97 18 VicxoitiA
660 1026 90 23 Aucapd,
759 1026 115 21 Queen-st.,
881 1024 104 19 Auckland.

656 1063 20 16 to
685 1062 11 17 I
701 1062 35 17 end
745 1068 25 12 on
779 1061 83 18 freehold
874 1061 81 22 security
967 1063 19 15 at

554 1085 37 18 low
600 1087 49 16 rates
654 1085 21 18 of
679 1085 82 18 interest.
787 1086 70 21 Money
866 1084 85 18 invested
958 1084 29 17 for

555 1109 68 17 clients
633 1108 39 19 free
681 1109 20 18 ol'
710 1109 73 22 charge.

555 1214 209 21 TOTALISATOR
783 1214 31 21 PP
815 1213 2 28 v
818 1213 146 27 OPR;ITORS

581 1247 40 18 Are
629 1245 99 26 prepared
736 1249 19 16 to
770 1245 55 20 make
832 1247 153 23 arrangements

555 1278 25 13 on
599 1271 119 21 favourable
736 1274 64 18 terms
823 1271 32 20 for
870 1271 35 20 the
916 1278 38 13 use
964 1271 22 20 of

555 1298 52 20 their
616 1299 108 20 machines.

726 1325 101 20 Address

554 1357 44 39 W,
636 1356 186 37 Blomfield
858 1355 36 37 &
929 1354 55 42 Co,

621 1411 105 36 QUEEN
787 1411 129 35 STREET,

677 1458 176 29 jfIrUCKIoAND.

610 1539 72 22 Wh.cn
696 1540 23 20 in
731 1538 125 22 Auckland
867 1538 57 22 Visit

627 1573 31 29 E.
681 1572 226 28 SPENCER'S

594 1612 140 27 CURIO
759 1612 181 34 DEPOT,

639 1644 34 22 (On
685 1643 58 20 Queen
754 1644 55 16 Street
818 1642 76 23 Wharf.)

592 1688 40 20 For
642 1687 28 20 all
679 1687 61 20 kinds
750 1687 21 20 of
787 1686 50 20 New
849 1686 91 21 Zealand

625 1715 71 19 Curios
707 1715 40 18 and
762 1713 140 21 Greenstones.

178 1833 143 60 Pure
374 1829 255 62 Jfepated
667 1828 239 67 Waters.

246 1963 43 20 Ono
304 1963 21 19 of
340 1963 34 19 the
384 1961 114 21 necessities
514 1961 21 19 of
543 1959 34 20 the
587 1959 81 25 coming-
677 1958 77 20 Season
762 1955 41 23 will
812 1955 26 20 to

101 2013 28 27 A
155 2013 127 28 COOL
306 2012 105 27 AND
437 2008 349 30 REFRESHING
816 2005 170 29 DRINK

127 2046 138 30 tjntinclured
276 2056 25 25 by
312 2062 38 19 any
366 2055 127 20 IVleterious
505 2051 99 22 Chemical
615 2051 126 25 Compound.
780 2051 19 18 A
810 2049 60 20 drink
881 2051 20 17 at
910 2055 49 12 once

258 2088 243 32 Exhilarating
521 2087 68 27 and
608 2085 215 32 Refreshing,

103 2132 39 20 and
152 2131 66 21 which
227 2131 41 21 will
277 2138 61 20 prove
348 2138 11 12 a
369 2131 117 26 preventive
495 2130 21 19 of
531 2128 113 27 Dyspepsia
663 2128 40 19 unci
719 2127 28 20 all
764 2127 92 19 Internal
874 2125 113 20 Disorders.

127 2185 88 19 Aerated
225 2185 81 19 Waters
316 2184 41 20 and
365 2183 96 24 Cordials,
473 2182 122 26 comprising
605 2181 34 20 the
649 2180 73 21 Purest
738 2179 120 25 Lemonade,
880 2179 34 19 the
934 2178 55 19 Most

103 2210 101 21 Delicious
216 2211 76 26 Ginger
301 2211 43 23 Ale,
356 2209 165 27 Higly-cliarged
530 2208 53 20 Soda
593 2208 78 24 Water,

380 2243 310 48 ZOLAKONE,

101 2304 12 12 a
123 2304 44 12 new
181 2297 131 24 Enervating,
327 2296 148 20 non-alcoliolic
488 2295 112 24 Beverage;
615 2294 57 19 Limo
687 2293 58 19 Juice
762 2291 86 25 Cordial,
863 2291 124 26 Raspberry,

101 2324 136 25 Peppermint,
249 2323 76 24 Cloves,
337 2323 51 19 Pine
397 2322 73 25 Apple,
482 2321 39 19 and
531 2321 76 19 Lemon
621 2320 77 26 Syrups
715 2319 40 19 and
769 2317 133 27 Sarsaparilla
919 2324 33 13 are
962 2317 27 20 all

362 2347 155 21 manufactured
531 2354 25 12 on
571 2347 34 19 the
620 2347 102 26 premisos.

294 2401 114 19 Lemonade
418 2401 41 19 and
469 2400 76 25 Ginger
555 2399 43 25 Ale,
609 2401 71 24 quarts
689 2399 40 19 and
737 2398 61 26 pints.

175 2477 64 74 C.
292 2477 61 74 A.
409 2475 338 76 CLARKE.
823 2475 84 74 Jr.

142 3427 269 69 WHERE
457 3430 86 64 TO
604 3427 376 67 PURCHASE

502 3524 116 26 FROM

218 3582 31 61 A
284 3580 424 63 WELL-ASSORTED
736 3580 160 61 STOCK

536 3659 34 20 OP

119 3690 162 45 Lamps
568 3690 157 36 Cruets

353 3737 193 35 Brushes
830 3734 167 36 Knives

120 3782 178 37 Trunks
569 3783 167 45 Spoons

409 3829 139 35 Lochs
859 3828 140 34 Forhs

119 3876 162 35 Razors
571 3876 139 44 Trays

363 3922 186 45 Teapots
825 3919 174 36 Churns

223 3974 73 31 LAWN
319 3972 123 37 MOWERS,
465 3973 78 34 HOES,
559 3972 92 36 RAKES,
673 3972 112 35 SPADES,
807 3972 92 34 FORKS,

171 4016 59 35 At
291 4014 157 44 Qretly
527 4014 204 35 Reduced
795 4013 157 35 Prices.

120 4098 80 47 «X_
372 4116 35 28 U

176 4156 86 26 (Fourth
272 4156 50 26 shop
332 4156 51 20 from
391 4154 192 27 Welleeley-Street.
646 4161 50 21 304
712 4157 16 19 <&
743 4155 49 26 306
802 4153 90 28 QUEEN
904 4153 40 23 ST.

1029 1871 72 20 Under
1117 1870 35 20 tlio
1168 1871 151 25 distinguished
1336 1870 117 28 Patronage
1469 1874 21 18 of
1505 1874 32 19 liis
1547 1874 121 26 Excellency
1679 1874 35 20 tlio
1725 1874 105 21 Governor
1841 1875 35 20 tlio

1380 1899 30 20 arl
1425 1900 21 19 of
1456 1900 87 20 Onslow.

1066 1961 140 64 HOT
1239 1961 299 67 SPRINGS
1588 1963 246 74 HOTEL,

1242 2056 91 28 TO
1390 2057 38 27 75
1447 2056 90 30 RO
1555 2058 41 28 H
1615 2059 50 26 7a.

1075 2114 52 24 Tlie
1141 2114 58 25 best
1223 2115 130 30 Situated,
1375 2116 46 24 tlio
1434 2117 68 23 most
1515 2116 186 30 Comfortable,
1715 2117 46 25 the
1774 2117 57 24 best

1240 2149 140 32 appointed
1396 2150 78 24 Hotel
1483 2149 27 24 in
1524 2150 33 24 Te
1576 2151 96 24 Aroba.

1040 2185 111 33 Adjoins
1176 2185 75 33 (with
1273 2186 105 26 Private
1404 2187 141 32 Entrance)
1572 2189 45 24 the
1649 2189 122 24 Thermal
1794 2188 94 32 Spring
1891 2196 9 10 o

1007 2220 121 31 Domain,
1140 2220 95 24 Tennis
1249 2219 82 25 Court
1340 2221 29 23 in
1381 2221 119 24 Domain.

1193 2307 94 24 Terms
1289 2309 62 22 —Gs
1369 2315 45 24 per
1434 2307 56 32 day,
1510 2309 44 22 30s
1573 2316 46 23 per
1631 2307 80 34 wor*^

1009 2373 47 40 W.
1085 2373 40 40 Ji
1153 2373 161 49 MOCK,,

1680 2385 225 43 Proprietor.

1006 2486 26 11 tm
1103 2466 13 31 !■
1145 2467 8 11 S
1153 2486 16 11 -rf
1173 2466 24 13 an
1195 2486 13 11 .-
1355 2474 65 17 water
1439 2478 33 12 aro
1488 2470 109 26 especially
1617 2471 114 20 efficacious
1752 2470 19 19 in
1795 2469 57 20 Gout
1868 2468 38 19 and

1007 2486 123 21 Rheumatic
1273 2502 6 17 (
1279 2499 18 20 jj
1297 2506 45 13 lron
1346 2486 4 37 j
1353 2505 10 13 c
1372 2497 121 26 Dyspepsia,
1504 2497 109 20 Disorders
1632 2498 21 19 of
1663 2498 35 19 the
1708 2497 91 25 Urinery
1821 2496 87 24 Organs,

1009 2542 15 17 A
1090 2520 11 12 U
1108 2538 29 20 N<-
1145 2519 26 13 l6e
1193 2533 32 13 aes
1227 2519 4 40 '
1247 2526 80 25 Splenic
1338 2525 41 20 and
1395 2524 88 26 Hepahc
1497 2524 116 23 Disorder?,
1634 2524 91 20 Liseases
1740 2523 38 19 tine
1795 2524 20 17 to
1833 2523 74 18 Excess

1028 2547 9 12 0
1079 2547 31 32 J''
1138 2553 96 26 ouralgia,
1246 2552 94 21 Sciatica.

1123 2621 73 20 Public
1211 2620 49 21 Hall
1271 2620 38 20 and
1321 2620 81 25 Sample
1413 2620 76 19 Rooms
1505 2618 112 21 connected
1632 2618 44 21 ,vith
1688 2618 34 20 the
1732 2617 70 24 Hotel,
1875 2628 7 7 »

1023 2786 454 62 GEYSER
1498 2784 384 59 HOUSE

1066 2862 329 47 Hydropathic
1426 2859 154 41 Hotel,
1597 2858 258 40 Wairakei.

1215 2908 37 19 Six
1261 2908 58 19 miles
1328 2908 54 19 from
1390 2907 58 19 Lake
1458 2906 69 19 Tai'uo
1538 2905 101 26 (Rotorua
1649 2905 59 25 side).

1145 2940 219 32 SUPERIOR
1395 2937 385 33 ACCOMMODATION

1213 2979 54 20 ALL
1277 2979 57 20 THE
1344 2977 144 21 COMFORTS
1498 2977 35 19 OF
1545 2977 16 19 A
1571 2976 82 20 HOME
1663 2976 54 20 FOR

1253 3038 154 28 Tourists
1427 3036 67 27 and

1529 3034 160 28 Envalids.

1023 3125 68 28 Hot
1111 3124 203 32 Swimming
1328 3121 119 28 Baths,
1463 3120 76 27 Kiri
1557 3119 101 28 o-Xai
1674 3118 135 40 orJSTew
1824 3116 83 27 Skin

1073 3158 100 32 Bath,
1193 3158 72 26 Hot
1283 3155 140 29 Douche
1446 3154 115 32 Baths,
1578 3153 119 27 Grand
1712 3150 150 30 Climate.

1122 3194 313 33 Elevation—l,3so
1446 3193 68 27 feet
1527 3193 108 26 above
1649 3198 59 21 sea
1721 3189 95 28 level.

1021 3274 256 30 COMPETENT
1293 3272 161 28 GUIDES
1466 3279 155 25 accompany
1633 3269 107 25 tourists
1750 3270 26 22 to
1785 3268 44 24 the
1841 3267 53 25 vari-

1119 3318 46 15 ous
1177 3309 84 31 places
1274 3308 26 24 of
1313 3307 116 30 interest,
1444 3306 86 24 which
1538 3305 75 23 baJlle
1626 3304 46 24 the
1684 3304 66 22 most
1761 3301 77 25 facile
1848 3309 58 23 pen,

1119 3342 50 25 and
1181 3350 47 16 can
1240 3342 60 31 only
1312 3341 32 24 be
1357 3339 110 25 realized
1477 3339 78 24 when
1573 3346 68 16 seen.

1566 3387 57 8 ——

1021 3441 193 26 GEYSER
1229 3440 192 24 VALLEY
1432 3438 92 21 contains
1532 3438 36 19 the
1576 3437 109 24 following
1693 3433 121 27 unequalled
1824 3432 83 20 Natura

1099 3468 92 19 wonders
1200 3459 156 31 :—Tuhuatahi,
1377 3473 22 12 or
1420 3466 64 19 Great
1503 3464 133 24 Champagne
1656 3461 103 21 Cauldron
1769 3469 5 15 ;
1789 3460 34 19 the
1841 3459 65 19 Gioat

1098 3493 102 21 Wairakei
1210 3494 79 24 Geyser
1297 3485 4 33 ;
1310 3493 35 19 the
1357 3492 87 24 Donkey
1454 3492 79 22 Engino
1543 3485 4 33 ;
1559 3490 34 19 the
1604 3488 85 20 Fairies'
1698 3487 51 20 Bath
1761 3485 3 33 ;
1775 3486 34 18 the
1821 3485 72 24 Lightn-

1099 3521 37 24 irg
1148 3520 47 19 Fool
1204 3511 4 34 ;
1220 3520 36 19 the
1265 3520 50 19 Case
1330 3520 24 18 de
1366 3519 83 25 Geyser,
1465 3525 21 12 or
1498 3516 103 26 Dragon's
1611 3516 71 19 mouth
1693 3511 3 34 ;
1708 3514 34 19 the
1751 3512 58 20 black
1822 3511 83 24 Geyser;

1099 3547 33 19 the
1141 3547 49 18 Mud
1204 3547 90 23 Geyser;
1312 3546 35 19 the
1358 3544 51 21 Blue
1420 3544 54 20 Lake
1484 3538 4 32 ;
1498 3543 35 20 the
1553 3543 32 19 Oil
1599 3542 66 23 Bath;
1684 3541 35 19 the
1741 3539 79 25 Eagles
1839 3538 67 22 .Nest,

1100 3574 35 18 the
1146 3572 77 20 Devil's
1234 3572 69 19 Punch
1314 3572 56 19 Bowl
1380 3564 4 31 ;
1395 3571 35 20 the
1443 3570 70 19 l'rinee
1527 3570 19 18 oi
1589 3568 47 20 ales'
1648 3567 111 23 Feathers;
1767 3567 33 17 the
1817 3564 88 23 Mirror;

1100 3600 33 19 the
1142 3599 55 19 Twin
1207 3599 78 25 Geyser
1295 3607 5 15 ;
1310 3598 35 19 the
1356 3598 59 19 Coral
1427 3598 78 23 Geyser
1514 3605 5 15 ;
1531 3596 34 19 the
1576 3595 67 19 Green
1659 3594 48 20 Fool
1717 3590 4 34 ;
1742 3590 130 24 lerekerehc,
1884 3598 22 12 or

1100 3626 48 19 Hell
1159 3625 90 24 Geyser;
1260 3625 34 18 the
1305 3624 69 19 Steam
1385 3624 102 19 Hammer.
1517 3621 85 20 Guide's
1613 3622 32 19 fee
1655 3622 22 17 to
1689 3620 78 24 Geyser
1786 3617 79 24 Valley,
1877 3619 28 22 ss;

1101 3652 91 19 distance
1202 3651 51 19 from
1264 3650 34 19 the
1308 3650 62 24 hotel,
1380 3657 38 12 one
1428 3649 45 20 mile

1022 3704 97 25 THE
1138 3701 335 26 AREATEATEA
1506 3707 21 13 or
1539 3700 81 20 Ladder
1628 3698 86 26 Rapids.
1742 3697 41 20 The
1801 3697 104 19 Grandest

1100 3730 78 24 Rapids
1188 3730 20 18 in
1219 3729 35 19 the
1265 3728 102 20 Southern
1378 3727 137 26 Hemisphere
1523 3723 4 31 ;
1537 3727 74 24 falling
1621 3726 21 20 in
1663 3725 29 19 Fix
1711 3724 85 19 distinct
1813 3723 91 20 cascades

1100 3758 93 23 amongst
1209 3756 61 19 weird
1282 3755 40 19 and
1333 3754 74 25 rugged
1423 3760 90 19 scenery.
1541 3753 98 19 Distance
1650 3751 51 20 from
1714 3751 34 18 the
1768 3749 62 25 hotel,
1849 3750 56 20 three

1101 3783 62 19 miles.
1192 3781 75 20 Saddle
1275 3781 71 20 horses
1360 3782 21 17 to
1393 3780 46 19 visit
1449 3780 33 19 the
1491 3779 83 26 Rapids,
1585 3779 22 19 7s
1619 3779 25 19 l>d
1654 3777 55 20 each.

1362 3817 11 3 ..
1451 3810 19 11 :o:

1021 3829 221 27 KERAPITI
1270 3836 22 12 or
1302 3829 35 19 the
1348 3828 76 20 Devil's
1435 3828 96 24 Trumpet
1542 3827 15 19 is
1575 3828 43 18 said
1639 3829 19 16 to
1681 3825 50 20 emit
1750 3831 11 12 a
1783 3830 91 18 pressure
1884 3824 21 19 of

1099 3857 70 19 lSOlbs
1180 3857 21 18 of
1216 3859 63 16 steam
1289 3857 22 18 to
1322 3855 34 19 the
1363 3854 53 22 inch,
1430 3854 52 19 from
1493 3860 25 12 an
1534 3855 97 23 aperture
1641 3852 22 19 of
1682 3852 63 18 about
1765 3852 23 17 12
1805 3850 69 20 inches
1883 3850 20 20 in

1099 3883 103 19 diameter.
1229 3881 99 20 Distance
1340 3881 52 19 from
1404 3880 54 19 hotel
1466 3880 56 19 three
1534 3881 38 18 and
1585 3887 12 12 a
1606 3878 43 20 half
1660 3878 69 23 miles;
1749 3876 69 20 saddle
1834 3876 69 20 horses

1099 3911 20 17 to
1131 3909 47 19 visit
1188 3908 35 20 the
1232 3908 68 24 above,
1312 3907 55 20 2s<Jd
1379 3906 55 20 each.

1430 3938 52 13 ALSO

1023 3962 95 25 THE
1138 3960 132 24 HUKA
1289 3959 167 29 FALLS,
1475 3958 34 19 the
1643 3956 56 20 Fullb
1709 3957 20 18 in
1749 3955 34 19 the
1804 3955 98 20 Southern

1098 3992 140 23 Hemisphere.
1266 3991 41 19 The
1319 3989 54 20 Falls
1384 3996 44 18 may
1444 3990 23 18 be
1477 3988 71 19 visited
1556 3995 25 13 on
1592 3988 34 19 the
1637 3994 53 13 same
1697 3986 114 25 expedition
1826 3992 21 12 as
1870 3986 33 19 the

1098 4018 77 19 Devil's
1183 4018 102 24 Trumpet.
1314 4016 98 19 Distance
1421 4015 52 19 from
1484 4014 54 20 hotel
1548 4015 59 18 three
1616 4014 38 19 and
1667 4021 10 12 a
1689 4013 42 20 half
1741 4012 62 19 miles.
1829 4012 74 21 Saddle

1100 4044 58 19 horse
1176 4050 21 12 or
1206 4043 69 25 buggy
1289 4042 50 20 2sod
1350 4042 54 19 each.

1153 4083 87 27 MRS
1254 4083 37 26 R.
1310 4080 194 32 GRAHAM,
1524 4080 242 32 Proprietress.

1006 311 58 26 HIGH
1083 311 34 27 ST.
1138 310 38 26 and
1195 311 110 27 VICTORIA
1327 312 33 26 ST.
1384 311 63 30 EAST,

1032 419 42 20 The
1089 419 64 20 above
1171 419 109 21 Favourite
1293 419 41 20 and
1343 419 92 20 Commod-

1006 446 43 19 ious
1082 446 63 19 Hotel
1177 447 75 19 affords
1284 446 166 19 EXCELLENT

1006 472 241 20 ACCOMMODATION
1260 472 32 19 for
1307 472 142 22 TOURISTS,

1006 498 181 19 TRAVELLERS
1216 499 16 18 &
1259 498 129 19 VISITORS
1406 497 45 20 who

1006 531 12 12 v
1025 524 22 19 ill
1056 525 77 19 receive
1143 531 59 19 eveiy
1217 524 91 20 Coirfoic
1324 524 41 19 and
1380 524 58 19 Atten-

1005 550 49 19 tion.

1032 648 105 20 Excellent
1159 649 88 20 Cuisine.
1289 650 96 26 Spacious
1411 648 40 20 and

1009 683 180 20 Well-Ventilated
1207 684 117 20 Bedrooms.

1006 717 64 20 Room
1081 718 49 20 with
1141 720 38 18 two
1188 719 105 19 first-class
1307 719 73 19 tables.
1408 718 44 19 Hot

1007 817 16 18 &
1033 816 51 20 Cold
1098 817 80 25 riunge
1188 818 16 18 &
1214 816 83 21 Shower
1306 818 72 19 Baths.

1006 842 78 25 Wines,,
1112 842 73 26 Spirits
1201 844 40 18 and
1256 844 48 19 Ales
1323 846 21 18 of
1362 845 35 19 tho
1406 844 45 21 best

1157 869 80 20 Brands
1244 870 54 25 only.

1616 319 4 27 ■
1708 327 13 19 i
1746 319 16 27 'c

1846 178 204 47 mmPtw

1888 319 106 60 11%
2009 335 52 41 ;|V
2081 319 1 60 .
2107 319 2 60 .
2188 319 27 60 •...

1855 573 148 43 sfjßt;
2027 573 109 45 m\i
2201 573 37 46 f
2266 594 18 9 -

1502 710 110 36 mm

2411 153 18 18 n
2437 157 13 18 :•/
2472 153 30 22 *p
2521 153 136 22 Rpa'-^l

2411 162 249 65 umm

2411 211 99 55 H«!
2539 211 20 48 1
2585 223 20 43 g

2411 258 19 24 3
2437 262 19 20 0
2470 263 39 19 ■■■£>
2540 259 19 23 @
2585 265 44 16 i-i.i
2696 270 7 6 -

2367 433 81 26 Sample
2467 435 65 19 Room
2559 436 33 18 for
2603 430 189 24 COMMERCTAL

2256 468 7 26 1
2287 468 2 29 ;
2340 472 184 21 TRAVELLERS
2540 472 106 20 available
2664 472 23 18 at
2697 470 27 19 all
2736 470 56 19 time

2368 573 89 26 Charges
2507 574 111 21 Moderate.
2678 574 116 20 SPECIAL

2342 612 90 20 RATES
2449 612 34 20 TO
2507 613 177 20 PERMANENT
2709 614 66 19 BOAR-

2343 649 80 19 DERS.

2469 763 39 24 'v.
2547 752 86 36 uAU
2641 752 2 36 i

2470 872 206 41 Proprietor,

1140 965 637 61 WAIWERA

1886 966 766 71 SANATORIUM.

1846 1032 36 34 A
1888 1034 79 34 ND

1007 1178 87 33 Only
1122 1180 43 25 30
1197 1180 101 27 miles
1331 1180 112 28 North
1474 1180 36 27 of
1536 1181 193 32 Auckland,
1761 1180 86 27 with
1875 1181 96 34 daily
2004 1187 293 29 communication
2328 1191 86 27 with
2444 1192 112 28 Coach
2588 1201 39 19 or
2647 1194 133 26 steame

1334 1221 55 21 See
1404 1222 165 20 advertised
1581 1223 84 21 Time
1681 1222 78 21 table
1771 1221 30 21 of
1809 1228 44 15 s.s.
1870 1223 77 21 Rose
1958 1225 97 27 Casey
2067 1227 58 20 and
2143 1227 127 24 Butler's
2282 1233 23 20 R
2328 1233 28 20 M
2383 1233 98 21 Conch

1005 1256 104 45 fHE
1134 1256 117 24 ABOVE
1267 1257 298 25 ESTABLISHMENT
1575 1258 140 24 STANDS
1730 1258 231 27 UNRIVALLED
1974 1268 28 17 a.
2018 1270 14 15 a
2045 1261 89 25 Health
2145 1272 27 16 or
2185 1265 110 31 pleasure
2308 1268 99 28 Resort,
2420 1270 48 23 and
2481 1270 43 24 has
2537 1270 90 31 special
2647 1270 151 31 advantages

1019 1292 21 28 jy>
1091 1292 38 21 ior
1141 1292 78 22 either
1248 1292 106 23 iounsts
1370 1300 27 15 or
1411 1292 116 25 Invalids,

1369 1390 173 28 Beautiful
1562 1392 157 33 Scenery,
1741 1392 239 35 Sea-Bathing,
2002 1395 155 35 Boating.
2178 1399 143 34 Fishing
2344 1401 46 27 &c

1557 1426 125 27 Ousine
1696 1426 69 27 and
1779 1427 208 28 attendance
2007 1428 35 27 of
2063 1429 59 27 the
2144 1431 83 32 best.

1004 1464 94 25 Famed
1108 1464 38 25 for
1159 1464 29 23 its
1202 1465 110 26 curative
1323 1466 95 25 natural
1432 1467 103 24 medical
1550 1467 52 25 Hot
1614 1468 103 32 Springs
1730 1469 49 25 and
1794 1470 80 25 Baths.
1911 1470 36 24 As
1960 1470 41 24 the
2016 1470 101 35 Springs
2131 1473 47 25 and
2192 1474 74 26 Baths
2277 1484 43 17 are
2330 1475 41 25 the
2385 1481 112 28 property
2511 1477 25 24 of
2549 1477 40 26 the
2603 1477 85 30 Hotel,
2702 1478 85 25 visitor
2789 1476 11 17 s

1035 1506 42 17 are
1087 1498 111 35 supplied
1208 1499 57 25 with
1275 1500 105 29 Towels,
1393 1501 48 24 and
1454 1509 43 16 can
1506 1501 56 25 take
1573 1510 29 16 an
1616 1502 127 25 unlimited
1756 1504 102 24 number
1870 1504 26 25 of
1909 1503 75 24 Baths
1997 1510 25 18 at
2034 1513 46 23 any
2092 1505 60 26 time
2164 1507 26 25 of
2199 1508 40 25 the
2252 1509 46 33 day
2315 1510 77 28 FREE
2404 1510 63 25 from
2481 1520 45 24 any
2535 1512 88 33 charge
2636 1511 123 28 whatever

1190 1542 223 41 TARIFF
1432 1543 120 41 PER
1566 1545 142 48 DAY,
1729 1545 52 40 7s
1801 1547 64 47 8s;
1915 1546 120 41 PER
2049 1547 192 52 WEEK,
2472 1555 49 39 to
2637 1555 68 40 2s.

1412 1599 158 33 Cottages
1583 1601 34 27 to
1632 1600 48 28 let
1752 1601 58 28 the
1829 1602 105 33 week,
1947 1603 130 33 month,
2093 1611 39 21 or
2152 1604 56 29 the
2227 1614 132 21 season,

1002 1648 49 26 For
1069 1656 45 25 any
1127 1648 156 27 information
1296 1649 112 35 required
1422 1649 81 34 please
1515 1650 73 34 apply
1601 1656 25 21 to
1639 1651 146 34 Proprietor.

1559 1694 42 39 A
1606 1730 12 9 a
1647 1694 53 40 A.
1729 1695 202 49 SMITH,
2054 1698 278 47 Proprietor.

1943 1910 140 110 9[j
2119 1935 54 85 I®
2218 1970 32 45 !'<
2399 1910 2 110 :

1949 2005 57 69 ft
2045 1996 38 78 Is
2118 2015 64 59 li
2438 2013 127 66 Rf

2566 2278 26 45 I>!
2594 2290 17 37 j>

2475 2316 29 23 iff!
2529 2325 10 13 F
2568 2316 3 23 :
2582 2319 29 19 '--H

2001 2357 168 57 ■lli.l

2293 2455 107 60 J_fl

1938 2511 249 69 ISiffS
2235 2507 547 73 I:':'lltoHa

1938 2563 234 105 fcii
2258 2629 16 31 :
2283 2589 195 75 ill^t
2485 2589 42 77 :^
2528 2563 3 105 :
2560 2563 3 105 :

1929 2823 1 33 ;

1930 2874 5 15 t
1948 2876 19 21 q
2336 2871 168 35 cD/Z/ZflffiG//,
2527 2874 142 30 SCODiAM
2772 2857 6 51 I

1925 2938 271 32 WHOLESALE
2215 2924 192 50 AGENTS^

2217 2980 50 38 L.
2297 2979 52 38 D.
2379 2979 262 43 NATHAN
2668 2984 114 38 &Cc,

2130 3104 67 41 %r$
2202 3102 42 43 Sr
2248 3116 15 29 I
2271 3098 58 47 rftci
2409 3082 40 63 JL
2547 3106 34 36 Jf
2691 3076 50 69 8|

2159 3220 50 34 f\
2231 3221 66 29 tt

2159 3244 12 19 ti
2241 3243 47 20 B^g

2113 3359 532 47 BETWEEN

2185 3488 121 34 >rna
2343 3473 116 50 and
2492 3475 143 51 Taui

2195 3718 347 28 TRURaNGH

1925 3754 82 41 Smith
2036 3754 47 39 and
2102 3753 113 49 Carriage
2237 3753 105 45 Works,
2372 3753 80 39 Coach
2478 3754 48 39 and
2557 3753 110 51 Waggon
2703 3754 103 50 Factory

2129 3815 213 20 ESTABLISHED
2357 3814 81 21 OVER
2455 3815 26 20 10
2496 3815 107 21 YEARS.

1943 3863 37 16 The
1988 3862 115 20 undersigned
2112 3867 29 10 are
2148 3861 139 17 manufacturers
2295 3862 18 15 cf
2321 3862 22 14 all
2352 3862 61 15 classes
2422 3862 18 16 of
2449 3862 79 16 Yohicle.s
2536 3862 14 15 it
2559 3863 122 19 Agricultural
2689 3862 116 20 Implements.

1943 3885 38 15 Our
1989 3883 109 16 well-known
2107 3883 99 20 reputation
2215 3888 18 10 as
2240 3882 84 17 J?ractic:il
2456 3883 34 16 and
2503 3883 60 16 AV.P's
2575 3885 19 14 27
2610 3889 51 15 yours
2672 3883 99 21 experience
2789 3885 17 15 in

1922 3906 29 16 the
1955 3904 119 17 Australasian
2082 3904 84 19 Colonies,
2176 3904 63 21 justify
2248 3909 19 10 u-
2277 3909 16 10 ;n
2310 3904 83 19 claiming
2405 3905 38 15 that
2458 3909 25 11 we
2500 3909 32 11 can
2546 3904 69 16 furnish
2631 3911 10 9 a
2656 3905 57 15 better
2726 3904 45 17 class
2789 3906 18 16 of

1921 3927 76 16 vehicles
2005 3925 95 16 consistent
2108 3925 41 16 with
2157 3925 40 16 horn
2204 3928 15 12 st.
2229 3925 45 15 work
2284 3927 18 13 :it
2310 3930 10 10 a
2329 3925 73 19 cheaper
2415 3927 35 14 rate
2458 3925 18 16 t.l?
2483 3931 17 10 in
2509 3931 35 14 any
2552 3927 16 14 ol
2579 3931 31 10 our
2619 3926 116 20 competitors.

1942 3948 38 15 The
1987 3947 61 16 Public
2055 3946 36 16 will
2103 3946 34 16 find
2147 3947 13 15 it
2172 3948 16 13 iu
2204 3946 44 16 their
2263 3946 61 15 advart
2333 3952 21 9 «:•■<
2376 3948 18 14 to
2484 3946 7 8 T
2494 3947 65 16 RAGE
2578 3947 79 16 LOCAL
2677 3946 128 18 INDUSTRY,

1921 3969 57 16 where
1986 3969 40 20 they
2043 3973 31 10 can
2084 3968 42 15 h.m?
2133 3967 28 16 the
2167 3967 78 21 pleasure:
2253 3972 5 10 c
2264 3967 7 16 f
2280 3974 10 8 n
2298 3967 38 16 ciim
2353 3967 90 16 Jiist-elass
2459 3969 77 14 inr.hrijil
2550 3973 21 10 an
2578 3968 6 15 I
2601 3968 126 20 workmanship
2743 3970 29 18 put
2790 3969 16 15 in

1992 3991 24 14 rim
2020 3990 20 14 do
2048 3991 17 12 t'»
2074 3988 43 16 their
2124 3988 61 15 valued
2193 3989 63 14 orders.

1941 4010 48 20 N,B»
1990 4009 126 18 —Vehicles'of
2121 4009 24 17 all
2152 4009 30 16 dos
2194 4009 73 21 riptions
2349 4009 11 20 I,
2370 4009 78 22 painted,
2458 4010 94 17 ronovaled
2561 4010 33 16 and
2603 4009 50 17 zaado
2669 4012 17 14 to
2700 4010 40 16 look
2756 4011 52 21 equal

1921 4035 17 14 to
1947 4038 45 11 new.

1921 4078 201 30 WILLIAM
2142 4078 184 30 PABKBB,
2348 4078 257 32 Coaclibnilder.

2273 4115 140 26 JAMES
2432 4117 133 32 HAIJA,
2586 4117 218 28 Blacksmith

2159 4148 132 17 Dhv'ONl'Oii
2298 4147 9 16 L'
2321 4148 28 15 KJ
2356 4150 12 13 A
2380 4148 7 10 1
2413 4148 63 17 I'A.UK
2484 4150 51 15 VGA
2556 4160 5 7 ,

2852 3407 18 19 A
2880 3408 63 25 tough
2959 3407 76 26 fishing-
3053 3410 54 23 stoiy
3121 3414 64 13 comes
3203 3408 46 19 from

2825 3433 102 26 England.
2954 3435 18 17 A
2989 3433 76 26 lawyer
3082 3440 41 13 was
3136 3434 75 25 fishing
3223 3434 27 19 for

2826 3461 54 17 trout
2896 3460 52 18 from
2958 3466 11 12 a
2987 3460 54 23 boat,
3057 3460 58 19 when
3133 3460 25 19 ho
3176 3460 38 19 lost
3224 3460 25 19 his

2825 3485 48 24 gold
2886 3485 65 20 watch
2969 3485 74 19 overbo
3049 3485 38 19 ird.
3114 3486 134 25 AyearafM

2827 3511 22 19 ho
2862 3518 38 12 was
2911 3511 74 25 iishing
2995 3514 20 16 at
3025 3512 33 18 tJio
3072 3518 54 12 same
3136 3514 50 23 spot,
3198 3512 52 19 when

2825 3537 24 18 he
2869 3538 74 23 caught
2962 3544 26 12 an
3008 3537 32 19 Blb
3054 3539 60 22 trout,
3133 3538 39 18 and
3191 3538 20 19 iix
3230 3538 20 18 its

2825 3563 67 19 throat
2909 3564 24 18 ho
2947 3563 64 19 found
3029 3570 12 12 a
3054 3563 48 24 gold
3121 3564 69 23 watch,
3214 3562 36 20 still

2825 3589 63 25 going
2896 3589 142 25 and'showing
3047 3591 74 17 correct
3130 3589 55 19 time.
3213 3589 37 19 Tho

2826 3614 70 25 theory
2906 3617 20 16 to
2935 3617 83 17 account
3037 3615 31 18 for
3077 3615 25 19 its
3112 3615 63 25 going
3184 3616 17 18 is
3210 3615 40 19 that

2827 3641 13 18 it
2857 3647 40 12 was
2912 3647 10 12 a
2946 3642 50 18 stem
3011 3641 79 23 winder,
3111 3641 40 19 and
3172 3642 44 18 that
3234 3641 16 18 in

2825 3666 129 25 masticating
2971 3667 26 18 its
3011 3666 47 19 food
3077 3662 33 24 the
3126 3667 39 18 fish
3182 3669 66 18 turnoJ

2826 3692 33 19 tho
2869 3694 50 17 stem
2929 3692 37 19 ami
2978 3692 4 26 1
2994 3692 2 26 ■
3006 3695 19 23 pt
3036 3693 15 18 it
3062 3693 71 18 wound
3143 3700 33 18 up.

2846 3725 10 7 '•
2862 3725 64 14 XioUGU
2932 3727 24 12 ON
3107 3724 29 15 out
3150 3726 39 16 rats,
3210 3725 38 14 mi.v

2826 3744 53 14 ivi.irlu
2885 3749 12 11 s,
2909 3743 39 18 ilies,
2961 3744 43 17 .'nits,
3013 3743 89 19 bod-bugs,
3116 3743 62 20 in.-octs,
3192 3744 12 14 si

2943 3767 86 15 sparrows,
3042 3762 74 19 gojjlicrs.
3152 3763 22 14 At
3187 3763 63 16 clieuii-t

2825 3782 33 16 and
2864 3782 78 18 drugists.

2877 3867 29 27 J.
2923 3867 48 29 W.
2986 3867 215 32 WRIGLEY,

2833 3908 218 19 VEOIII
3085 3908 15 17 T
3136 3908 16 19 E
3185 3908 16 19 0
3234 3907 11 20 T

2968 3937 143 23 RQTOETJAr.

2853 3971 62 24 Agent
2929 3970 30 19 for
2970 3969 34 20 the
3015 3969 61 20 South
3093 3969 76 21 British
3181 3971 45 19 Fire
3238 3970 7 19 &

2832 3997 75 19 Marine
2919 3997 111 19 Insurance
3041 3996 108 26 Company.
