4240 5910
1314 2947 150 36 Mount
1507 2946 158 44 Benger
1709 2945 115 36 Mail.

1686 3023 17 30 JUST
1707 3023 14 30 AND
1725 3023 18 30 FEAR

1406 3098 117 24 FRIDAY,
1544 3098 62 21 MAY
1625 3098 33 25 28,
1681 3098 53 21 1897.

1358 3167 71 41 The
1447 3168 147 48 Railway
1618 3167 159 42 Scheme.

1272 3256 2 35 I
1287 3256 63 26 The
1384 3266 83 24 paper
1503 3257 63 26 read
1599 3258 36 33 by
1664 3257 42 26 Mr
1731 3257 112 27 Mnckav

1289 3292 87 27 before
1409 3294 46 25 the
1480 3302 33 25 pu
1518 3292 4 35 l
1533 3294 34 25 lie
1600 3295 115 32 meeting
1745 3296 26 24 in
1797 3295 46 26 the

1272 3330 1 40 |
1289 3330 155 26 Athenwum
1458 3341 31 16 on
1505 3331 45 25 the
1571 3331 60 28 18th
1651 3333 64 28 inst,
1736 3332 27 25 in
1785 3342 43 16 sin-

1271 3362 2 37 !
1287 3371 58 28 port
1357 3369 25 23 of
1398 3368 39 26 Jiis
1461 3369 93 27 article
1569 3370 23 26 in
1606 3377 47 17 our
1674 3370 67 25 ifcgue
1755 3369 26 27 ol
1799 3370 43 24 the

1271 3405 2 29 !
1287 3405 60 27 14th
1360 3406 60 26 inst.
1433 3415 32 17 on
1479 3406 44 26 the
1543 3407 133 27 extension
1688 3407 29 25 of
1725 3406 43 27 the
1783 3407 46 26 rail-

1270 3443 2 37 i
1287 3451 54 26 way
1371 3443 48 26 line
1449 3446 28 23 to
1503 3443 149 37 Roxburgh,
1689 3444 80 27 which
1806 3454 34 17 we

1286 3482 56 27 •rive
1365 3483 24 23 in
1404 3486 94 21 txtensc
1518 3482 23 25 in
1569 3492 44 17 nnr
1638 3486 99 30 present
1763 3483 75 26 issue.

1270 3518 2 29 •
1285 3518 94 26 deservt
1388 3530 12 15 a
1424 3520 40 25 the
1489 3519 91 27 carelul
1604 3521 184 26 corifiidTatinn
1815 3521 24 24 nf

1269 3556 2 36 j
1285 3556 30 24 nil
1332 3556 54 25 who
1404 3565 40 17 are
1466 3557 133 25 interested
1626 3559 24 23 in
1672 3558 41 24 the
1736 3557 101 26 railway

1268 3593 2 41 I
1286 3594 71 33 being
1357 3593 2 41 1
1371 3593 155 27 made—and
1546 3595 108 35 speedily
1668 3595 168 26 made—from

1268 3632 2 34 I
1287 3632 87 26 Heriot
1387 3639 24 19 to
1426 3632 148 34 Roxburgh.
1612 3634 53 26 The
1675 3633 160 27 information

1267 3671 3 40 j
1284 3672 72 29 given
1372 3671 23 24 in
1416 3672 19 23 it
1456 3672 133 33 regarding;
1611 3672 42 24 the
1672 3672 114 25 estimate
1812 3671 27 25 of

1267 3709 1 34 !
1282 3716 61 20 cost,
1357 3714 26 20 at
1398 3709 79 26 which
1494 3709 40 26 Mr
1548 3710 108 33 Mackay
1671 3709 46 26 had
1738 3711 95 24 arrived

1266 3746 2 34 !
1283 3746 149 34 previously,
1446 3747 115 25 confirms
1577 3747 65 25 what
1667 3746 45 26 has
1734 3746 99 26 already

1266 3784 1 40 |
1283 3784 58 27 been
1364 3790 42 29 put
1429 3784 115 31 forward,
1564 3785 47 26 arid
1635 3785 104 31 inspires
1760 3794 73 25 every

1280 3822 143 26 confidence
1433 3822 24 26 in
1470 3824 41 24 the
1524 3823 99 34 opinion
1636 3822 129 34 expressed
1779 3823 53 25 th*t

1280 3870 12 16 a
1323 3860 149 26 substantial
1505 3859 55 32 line,
1593 3869 25 16 as
1649 3859 125 33 complete
1806 3870 26 15 as

1265 3894 1 36 J
1282 3906 137 24 necessary,
1435 3896 59 26 need
1515 3904 43 19 not
1575 3897 88 26 exceed
1686 3899 40 24 the
1740 3907 53 16 sum
1808 3897 29 26 of

1280 3934 101 31 £4,000
1395 3942 42 26 per
1463 3933 63 31 mile,
1539 3943 60 16 even
1621 3934 20 25 if
1651 3935 42 24 the
1706 3934 127 26 character

1265 3968 1 33 j
1280 3975 23 21 nt
1327 3972 40 25 the
1390 3970 92 26 middle
1504 3972 92 25 section
1626 3972 19 25 is
1670 3972 59 26 such
1755 3982 26 16 as
1808 3980 24 17 to

1280 4010 146 25 necessitate
1452 4018 13 15 a
1496 4009 171 26 considerable
1690 4009 85 34 length
1807 4012 25 23 of

1265 4044 1 33 I
1280 4046 150 31 tunnelling.
1468 4046 52 26 The
1541 4046 80 26 works
1642 4046 75 25 below
1742 4049 74 24 forma-

1280 4086 59 30 tion,
1353 4084 82 26 which
1456 4093 39 17 are
1515 4085 137 34 comprised
1673 4085 24 26 in
1718 4086 41 24 the
1773 4086 42 26 sub-

1278 4130 132 19 structure.
1425 4121 47 26 and
1494 4122 40 25 the
1553 4129 87 19 ex'ent
1653 4124 27 23 of
1701 4123 89 31 which,
1805 4125 23 24 in

1278 4161 40 24 the
1337 4158 103 27 absence
1454 4158 28 26 of
1503 4168 13 16 a
1538 4159 106 26 detailed
1668 4168 100 23 survey,
1788 4170 41 17 are

1278 4196 147 35 necesßNrily
1439 4197 137 29 uncertain,
1597 4196 61 27 have
1679 4197 59 27 been
1757 4208 55 16 care-

1278 4234 60 36 fully
1348 4234 143 26 considered
1503 4235 22 25 in
1539 4235 40 26 the
1602 4234 64 33 lijrlit.
1681 4236 72 31 given
1769 4236 31 28 bv
1815 4245 12 17 n

1265 4272 1 36 |
1277 4272 149 33 lengthened
1446 4273 145 32 experience
1612 4272 28 26 of
1649 4280 168 19 construction

1275 4310 48 25 and
1338 4309 41 25 the
1393 4309 149 34 probability
1557 4309 20 25 is
1592 4309 52 26 that
1659 4311 41 24 the
1713 4311 114 26 estimate

1277 4347 69 25 made
1359 4347 20 25 is
1393 4346 105 25 without
1510 4346 82 26 rather
1606 4346 59 27 than
1683 4347 87 26 within
1786 4349 41 24 the

1276 4384 77 28 mark.
1385 4384 107 27 Sofaras
1503 4383 41 28 the
1556 4384 80 28 works
1647 4384 77 28 above
1734 4385 75 28 forma-

1274 4426 51 24 tion
1340 4433 41 16 are
1393 4423 146 31 concerned,
1554 4428 69 21 there
1642 4424 19 26 is
1684 4431 43 19 not
1752 4425 71 26 much

1274 4471 65 16 room
1355 4460 37 26 for
1403 4459 85 33 doubt,
1499 4469 26 17 as
1537 4460 30 26 all
1587 4461 20 26 is
1621 4469 31 18 on
1665 4461 40 27 the
1718 4462 105 33 surface,

1273 4499 47 26 and
1345 4499 135 36 quantities
1494 4499 185 31 ascertainable,
1694 4500 129 36 requiiing

1271 4536 58 35 only
1345 4537 41 25 tbe
1399 4536 149 34 application
1562 4536 28 26 of
1600 4536 77 34 prices
1692 4537 89 31 which,
1795 4546 27 17 as

1273 4584 34 18 we
1321 4572 162 35 understand,
1496 4583 41 17 are
1551 4581 43 28 put
1605 4580 27 21 at
1653 4584 26 17 so
1703 4574 84 28 liberal
1809 4586 12 16 a

1270 4612 80 33 figure
1364 4612 53 26 that
1432 4612 40 25 the
1486 4612 80 25 actual
1581 4619 53 19 cost
1653 4613 21 26 is
1697 4612 76 36 likely
1796 4621 25 18 to

1272 4649 40 25 fall
1343 4649 71 24 short
1444 4648 171 34 considerably
1641 4651 24 22 ot
1688 4650 41 24 the
1759 4650 61 25 total

1272 4689 102 21 amount
1387 4682 27 27 of
1425 4683 49 25 this
1487 4683 105 26 division
1608 4683 23 26 of
1646 4683 40 27 the
1701 4684 81 27 works
1795 4687 25 24 of

1272 4722 40 24 the
1332 4719 120 36 proposed
1475 4719 57 29 line.
1569 4720 32 25 So
1625 4721 73 25 much
1719 4722 38 24 for
1779 4723 43 25 Mr

1275 4757 129 34 Mackay's
1422 4757 122 31 estimate,
1559 4756 80 27 which
1655 4757 41 26 the
1710 4758 108 33 League,

1274 4803 55 18 now
1350 4792 99 36 happily
1463 4793 120 26 reformed
1597 4794 37 25 for
1648 4795 40 26 the
1702 4805 117 25 purposes

1273 4831 28 26 of
1310 4831 51 26 this
1374 4830 109 34 railway,
1498 4830 61 26 have
1578 4832 123 34 accepted,
1724 4833 47 25 and
1795 4840 25 19 to

1272 4869 80 27 which
1366 4869 19 26 it
1407 4867 49 27 will
1479 4867 73 27 stand
1578 4878 26 16 so
1620 4868 60 35 long;
1699 4879 25 17 as
1750 4871 69 26 these

1270 4908 125 24 estimates
1409 4914 41 16 are
1462 4911 43 19 not
1519 4906 131 33 disproved
1672 4906 30 35 by
1717 4917 12 15 a
1752 4908 64 26 fresh

1269 4944 47 27 and
1331 4941 90 28 careful
1434 4941 106 27 detailed
1554 4951 99 28 survey,
1674 4943 77 28 which
1767 4946 18 25 it
1799 4955 19 17 is

1274 4982 41 27 the
1328 4981 123 28 intention
1465 4980 23 27 of
1499 4979 41 28 tbe
1553 4980 101 36 League
1674 4988 24 21 to
1718 4983 46 27 call
1787 4993 30 18 on

1272 5021 172 25 Government
1467 5024 25 19 to
1517 5019 71 25 make
1611 5019 104 26 without
1740 5020 77 37 delay.

1271 5057 27 27 In
1314 5057 41 26 tbe
1366 5057 50 25 face
1430 5054 28 27 of
1467 5054 41 27 tbe
1518 5055 99 32 opinion
1632 5064 56 18 now
1701 5057 73 34 given
1787 5058 30 36 by

1269 5104 30 18 an
1314 5094 117 33 engineer
1442 5092 23 26 of
1478 5101 26 17 so
1524 5094 73 25 much
1611 5094 89 34 special
1719 5096 84 35 experi-

1268 5141 59 19 ence
1346 5132 25 26 in
1396 5130 101 36 railway
1517 5130 111 35 making,
1652 5131 41 27 the
1718 5131 100 36 League

1268 5180 42 17 are
1319 5177 43 20 not
1374 5168 107 27 inclined
1496 5174 25 19 to
1534 5174 84 30 accept
1626 5178 29 16 as
1675 5169 141 28 conclusive

1267 5207 113 37 opinions
1403 5211 45 30 put
1470 5205 105 26 forward
1597 5206 26 25 in
1646 5205 41 27 the
1708 5213 56 28 past
1786 5207 30 37 by

1268 5244 120 28 members
1402 5242 28 27 of
1444 5242 42 26 tbe
1499 5241 180 34 Government,
1698 5253 30 17 on
1752 5244 66 28 what

1269 5292 36 17 we
1318 5283 62 25 have
1394 5289 84 18 reason
1494 5287 25 19 to
1533 5279 93 26 believe
1648 5289 64 18 were
1730 5283 72 26 incon-

1267 5320 94 27 clusive
1380 5317 118 36 grounds,
1519 5316 99 26 derived
1638 5317 61 27 from
1725 5320 91 35 merely

1268 5357 90 35 hastily
1370 5361 44 31 got
1426 5353 107 37 through
1547 5353 56 28 trial
1614 5364 110 28 surveys,
1736 5357 80 28 which

1267 5397 24 26 in
1301 5395 103 27 difficult
1414 5394 107 34 ground,
1532 5394 50 24 asit
1592 5394 21 24 is
1623 5394 192 35 acknowledged

1268 5440 24 18 to
1306 5432 28 26 be
1348 5441 30 16 on
1394 5432 40 24 tbe
1446 5429 90 27 middle
1549 5430 102 32 section,
1672 5430 19 26 is
1705 5439 26 17 as
1742 5431 73 37 likely

1267 5476 24 20 to
1312 5469 61 26 have
1387 5466 38 28 led
1439 5472 24 21 to
1477 5472 40 20 too
1531 5466 57 35 high
1602 5475 31 17 an
1653 5468 122 33 estimate,
1788 5479 27 17 as

1267 5508 43 26 Mr
1322 5505 129 36 Mackay's
1465 5504 71 35 hasty
1550 5503 55 27 look
1619 5510 24 20 at
1658 5504 52 27 that
1719 5507 96 34 portion

1267 5553 56 26 may
1338 5544 28 25 be
1382 5541 109 35 thought
1505 5547 24 19 to
1544 5541 62 25 have
1620 5541 36 25 led
1671 5541 48 26 him
1735 5543 53 26 into
1801 5553 12 16 a

1267 5580 135 29 somewhat
1423 5579 47 26 low
1494 5578 122 26 estimate.
1653 5578 115 36 Turning
1789 5586 26 22 to

1267 5621 41 25 the
1326 5618 99 36 opinion
1448 5615 94 28 formed
1564 5625 30 17 on
1621 5614 38 28 :be
1679 5616 75 28 traffic
1775 5628 24 17 re-

1267 5666 95 19 sources
1375 5654 28 28 of
1421 5654 40 27 the
1471 5661 78 24 route,
1572 5652 48 28 and
1638 5654 104 36 especial
1755 5665 14 26 y
1787 5663 28 20 to

1267 5696 39 26 tbe
1324 5698 127 31 prospects
1472 5692 28 25 of
1518 5691 171 36 development
1713 5703 30 17 on
1771 5693 40 27 the

1267 5732 90 29 middle
1370 5731 92 28 section
1478 5728 32 38 by
1524 5728 41 28 the
1586 5729 119 36 purchase
1726 5731 28 27 of
1769 5732 41 27 tbe

1267 5771 57 26 Moa
1337 5768 57 27 Flat
1407 5767 91 27 station
1514 5766 34 26 for
1562 5766 149 36 settlement,
1725 5769 18 26 it
1759 5778 49 18 was
1823 5766 4 36 i

1883 211 57 23 very
1959 210 120 32 apparent
2097 204 55 27 that
2173 208 26 22 at
2218 201 62 29 least
2299 202 41 28 the
2359 202 69 33 large

1881 242 115 36 majority
2009 243 25 25 of
2048 241 42 27 the
2099 240 112 34 meeting
2228 248 64 17 were
2314 240 59 26 with
2387 242 42 26 Mr

1881 274 111 41 Mackay
2010 279 26 27 in
2050 278 42 28 the
2104 276 101 37 opinion
2220 276 30 27 he
2262 276 129 35 expressed
2402 288 26 18 as

1881 321 26 21 to
1932 316 41 26 the
2001 314 139 35 suitability
2161 313 28 28 of
2210 313 69 26 these
2301 313 70 28 lands
2393 316 36 26 for

1883 362 145 28 prosperovs
2041 351 150 33 settlement,
2201 350 228 38 notwithstanding

1884 391 41 26 the
1937 393 99 34 opinion
2057 396 28 21 to
2107 389 79 27 which
2210 398 68 17 more
2300 389 59 28 than
2382 400 47 17 one

1881 429 109 27 member
1999 429 28 26 of
2045 428 43 28 the
2101 427 171 28 Government
2291 426 47 29 had
2359 436 65 19 com*

1885 467 85 27 mitted
1998 466 147 29 themselves
2176 469 25 22 to
2225 473 32 17 on
2281 464 150 30 insufficient

1883 504 167 28 observations
2072 503 47 27 and
2142 502 150 34 misleading
2312 502 103 28 informa-

1885 542 49 26 tion
1978 542 53 28 The
2039 541 64 29 rail*
2110 549 29 26 ay
2152 545 92 22 cannot
2258 539 53 28 well
2321 539 29 29 be
2359 541 72 27 made

1885 580 104 27 without
2024 580 42 27 the
2095 579 120 35 purchase
2245 577 28 27 of
2299 577 48 28 this
2373 578 57 27 land

1883 617 107 35 (though
2004 617 42 26 the
2059 615 149 37 proprietors
2221 622 41 19 are
2274 615 119 35 prepared
2406 621 25 21 to

1885 655 55 27 •rive
1951 654 30 26 ail
1996 654 41 27 the
2051 652 57 28 land
2132 654 36 25 for
2186 651 42 27 the
2247 651 101 34 railway
2370 651 62 35 free)

1883 699 49 28 any
1945 699 66 19 more
2029 692 62 26 than
2112 689 42 28 the
2175 689 59 27 land
2254 697 46 18 can
2322 685 30 30 be
2373 697 58 28 pnr»

1883 727 88 28 chased
1997 728 106 27 without
2132 725 106 35 making
2259 726 41 27 the
2321 725 110 37 railway.

1885 765 125 37 Delaying
2023 766 42 27 the
2078 764 101 36 railway
2194 764 101 26 because
2315 763 43 27 the
2379 763 35 28 Go-

1886 810 126 20 vernment
2023 812 41 17 are
2073 801 146 28 disinclined
2229 807 25 21 to
2264 800 53 29 face
2323 800 41 28 the
2374 810 44 29 par-

1884 840 74 28 chase
1970 841 28 27 of
2007 842 48 26 this
2077 849 46 19 run
2144 849 86 17 means
2250 839 120 36 delaying
2391 839 42 27 the

1884 877 74 29 advut
1966 884 96 22 cement
2076 882 45 24 not
2139 876 58 37 only
2210 876 29 28 of
2247 877 31 27 all
2293 876 42 28 the
2347 876 70 28 indus-

1885 918 59 26 tries
1970 916 108 28 between
2104 915 88 28 Heriot
2210 915 49 28 and
2283 915 150 34 Alexandra,

1886 955 44 26 but
1957 954 39 27 the
2020 955 124 26 increased
2171 953 77 27 traffic
2273 953 54 28 thnt
2352 953 81 28 wonld

1885 1000 86 18 accrue
1992 998 24 19 to
2029 991 42 27 the
2085 991 64 27 main
2161 989 49 28 line
2232 990 27 27 of
2277 989 100 38 railway
2391 990 28 29 be-

1886 1034 77 22 tween
1987 1028 116 29 Dunedin
2130 1027 49 29 and
2203 1028 167 38 Jnvercargill.
2410 1028 23 29 It

1886 1075 58 18 mav
1958 1067 27 26 be
1999 1066 107 33 thought
2120 1075 38 17 we
2178 1075 41 17 are
2239 1068 79 33 going
2337 1073 42 20 too
2398 1067 36 27 far

1886 1103 74 28 afield
1969 1105 23 25 in
2005 1103 104 32 looking
2128 1106 35 24 tor
2181 1103 43 27 the
2245 1103 77 29 traffic
2346 1105 24 27 of
2391 1105 42 27 the

1887 1141 140 29 Alexandra
2057 1139 98 28 d'strct
2185 1150 27 17 as
2241 1151 14 17 a
2286 1149 147 25 permanent

1886 1187 86 20 source
1982 1179 28 26 of
2019 1179 95 26 income
2128 1184 24 21 to
2166 1179 41 26 the
2220 1178 49 29 line
2281 1179 61 28 from
2363 1180 52 28 Rox-

1887 1211 80 36 burgh
1982 1224 24 18 to
2023 1216 93 31 Heriot,
2127 1217 86 33 seeing
2225 1217 53 25 that
2291 1216 142 27 Alexandra

1887 1255 20 25 is
1994 1252 120 38 objective
2138 1252 70 34 point
2227 1252 28 28 of
2274 1252 40 28 the
2333 1253 100 28 Central

1993 1291 55 31 line,
2076 1290 79 29 whiih
2180 1291 20 27 ii
2225 1300 56 18 row
2306 1297 24 21 at
2351 1291 83 38 Hyde.

1873 1325 1 42 J
1886 1329 74 26 about
1974 1330 32 26 70
2016 1329 69 26 miles
2110 1330 60 25 from
2192 1329 41 26 the
2252 1328 90 27 former
2351 1329 83 36 place;

1873 1364 1 48 |
1886 1365 42 28 but
1944 1367 19 26 it
1975 1375 20 18 Ci
2005 1374 15 20 n
2035 1364 86 38 hardly
2134 1365 27 27 be
2172 1365 142 29 considered
2326 1375 26 18 so
2364 1366 70 29 when

1873 1404 1 41 j
1888 1405 41 24 the
1942 1404 109 27 distance
2075 1407 59 24 from
2159 1404 140 28 Alexandra
2325 1405 109 32 through

1888 1441 54 27 Box
1948 1442 75 32 burgh
2038 1451 47 17 ano
2100 1442 92 25 Heriot
2205 1449 24 19 to
2241 1442 163 35 JnTercargill
2416 1444 19 26 is

1873 1469 1 44 |
1886 1478 129 33 eompared
2039 1478 59 28 with
2125 1478 54 28 that
2203 1480 38 26 via
2267 1480 41 26 the
2333 1480 101 28 Central

1886 1516 83 35 Otago
1982 1515 48 28 line
2050 1521 25 23 to
2088 1516 40 27 the
2142 1527 67 16 pame
2228 1517 76 33 place.
2342 1517 39 38 By
2395 1518 41 28 the

1873 1553 1 37 |
1888 1557 13 21 t<
1914 1562 62 19 rmer
1989 1554 17 25 it
2021 1555 20 24 is
2054 1554 57 36 only
2123 1554 48 27 125
2194 1555 69 26 mile*
2286 1565 26 17 as
2337 1558 98 32 against

1873 1591 1 38 j
1951 1591 70 27 nibs
2031 1591 32 38 by
2077 1591 40 27 the
2128 1591 80 29 latter.
2245 1592 59 28 This
2326 1594 29 27 of
2372 1595 64 26 itself

1873 1628 1 31 i
1886 1630 19 24 i>
1919 1628 120 28 sufficient
2063 1637 24 18 to
2100 1630 116 28 establish
2230 1640 44 18 our
2292 1633 142 26 contention

1873 1666 1 37 j
1887 1666 51 25 that
1954 1667 41 25 the
2008 1668 115 26 interests
2133 1670 24 24 of
2171 1670 40 24 the
2231 1669 142 27 Alexandra
2386 1670 36 26 dis-

1873 1703 1 31 i
1886 1703 57 27 trict
1962 1704 23 27 in
2006 1703 41 28 the
2068 1706 128 25 extension
2220 1706 60 26 from
2304 1707 90 27 Heriot
2415 1708 21 26 is

1873 1738 1 44 |
1887 1740 62 26 li'tle
1963 1743 68 24 short
2044 1742 33 32 of,
2092 1743 26 31 if,
2132 1742 95 29 indeed,
2240 1744 19 25 it
2272 1745 20 24 is
2304 1750 43 21 not
2361 1753 75 23 more,

1873 1777 1 37 |
1887 1777 58 27 than
1968 1779 18 25 tl
1998 1785 24 20 at
2047 1779 27 27 of
2096 1779 135 31 hoxburgh
2252 1781 72 32 itself,
2349 1782 26 26 iu
2394 1781 42 28 the

1873 1812 1 33 i
1886 1816 97 26 natural
1996 1823 69 20 route
2078 1818 27 25 of
2116 1816 58 28 both
2217 1828 54 16 aces
2285 1825 24 19 to
2323 1819 41 26 the
2382 1828 51 17 sea-

1873 1851 1 37 I
1886 1851 81 29 board.
2062 1854 36 27 far
2127 1865 25 16 as
2175 1854 117 30 Dunedin
2318 1857 72 27 alone
2414 1858 21 25 is

1873 1891 1 30 1
1885 1891 144 30 concerned,
2043 1892 18 26 it
2086 1892 49 27 will
2159 1892 28 27 be
2210 1894 102 26 reached
2337 1895 25 25 in
2387 1895 48 26 153

1873 1927 1 31 !
1885 1927 69 26 miles
1968 1928 60 27 from
2051 1929 139 28 Alexandra
2214 1932 38 25 *ia
2276 1931 87 27 Heriot
2386 1931 47 27 and

1873 1964 1 35 !
1885 1964 123 34 Waipahi,
2030 1977 26 16 as
2069 1968 129 31 compared
2213 1968 58 28 with
2295 1969 48 28 135
2365 1969 71 28 miles

1873 1999 1 45 I
1884 2002 31 26 bv
1927 2004 40 25 the
1978 2004 98 27 Central
2089 2007 83 31 Otago
2186 2007 48 26 line
2246 2009 38 24 via
2297 2007 75 37 Hyde
2384 2008 47 25 and

1885 2040 139 35 Wingatui.
2062 2043 117 34 Finalllv,
2194 2045 41 26 the
2253 2046 118 26 situation
2385 2046 48 27 and

1883 2087 125 26 prospects
2022 2080 27 27 of
2069 2091 12 17 a
2102 2082 48 26 line
2174 2082 76 33 along
2272 2084 42 25 the
2334 2083 98 27 natural

1883 2123 69 19 route
1965 2118 27 25 of
1999 2119 39 25 the
2051 2119 76 27 traffic
2141 2119 60 27 from
2218 2120 40 26 the
2269 2120 73 27 north
2355 2127 25 20 to
2391 2121 42 27 the

1881 2154 73 27 sou'h
1977 2164 40 17 are
2038 2166 27 17 so
2090 2159 179 33 encouraging,
2295 2159 47 26 and
2370 2159 61 26 have

1882 2192 59 26 been
1952 2202 27 16 so
1991 2193 33 26 for
2036 2202 73 27 many
2122 2204 75 17 \ears.
2212 2195 53 26 that
2276 2196 41 26 the
2329 2196 100 27 wonder

1881 2230 19 24 i*
1914 2230 55 33 why
1982 2231 68 25 there
2064 2232 41 26 has
2192 2232 30 27 all
2239 2233 47 26 this
2297 2233 71 26 delav
2380 2233 47 28 and

1879 2268 99 25 evident
2005 2274 116 27 attempts
2161 2269 31 27 bv
2230 2270 144 28 authorities
2405 2276 25 22 to

1879 2303 83 27 shelve
1992 2306 42 27 t'ie
2062 2306 246 34 Roxburgh-Heriot
2332 2310 97 26 scheme

1879 2341 145 30 altogether.
2065 2343 22 27 It
2100 2354 46 17 can
2172 2345 58 36 on'y
2250 2345 29 26 be
2297 2345 130 36 explained

1878 2388 31 16 <»n
1925 2380 40 24 the
1978 2382 152 34 assumption
2152 2383 53 25 that
2219 2383 70 25 other
2302 2385 125 30 interests,

1880 2417 94 36 'hough
2006 2427 42 19 not
2080 2419 104 37 perhaps
2206 2420 28 27 of
2251 2421 70 38 »qnal
2349 2422 78 34 value,

1879 2455 61 24 have
1955 2456 58 26 been
2027 2463 39 19 too
2077 2458 127 31 powerful,
2219 2466 47 18 and
2290 2460 76 26 hence
2386 2461 41 25 the

1879 2492 96 27 natu.al
1987 2500 68 20 route
2070 2493 31 36 by
2125 2494 79 26 which
2231 2495 71 27 relief
2311 2496 70 26 could
2397 2496 30 28 be

1878 2538 27 17 so
1921 2531 71 28 much
2008 2540 66 19 more
2096 2533 75 27 easily
2191 2533 108 28 afforded
2326 2535 41 27 the
2389 2535 24 27 in-

1878 2569 114 35 creasing
2007 2570 76 27 traffic
2093 2571 27 25 of
2142 2572 42 26 the
2206 2573 82 27 north,
2303 2573 44 26 has
2367 2573 59 27 been

1879 2605 101 27 blocked
2005 2609 24 24 in
2061 2607 84 27 favour
2175 2609 29 25 of
2230 2609 105 27 another
2357 2616 70 21 ronte

1879 2642 78 28 which
1967 2645 20 25 is
2000 2651 41 19 not
2053 2646 58 26 onlv
2123 2652 43 20 not.
2180 2656 26 17 so
2218 2646 149 35 favourable,
2379 2647 44 28 but

1878 2681 47 27 will
1941 2682 28 26 be
1982 2682 122 37 infinitely
2128 2694 65 16 more
2206 2686 131 33 expensive
2352 2686 58 26 with-

1877 2727 41 18 out
1939 2719 121 34 affording
2073 2726 98 29 greater
2185 2721 112 27 facilities
2308 2732 27 16 or
2354 2723 60 27 offer-

1877 2756 44 32 ing
1935 2767 47 25 any
1996 2757 157 28 inducement
2166 2759 28 26 of
2202 2758 104 29 reduced
2319 2770 107 25 expense

1877 2795 23 25 in
1914 2795 40 25 the
1966 2802 120 29 transport
2098 2795 28 27 of
2131 2797 77 33 goods
2219 2797 47 26 and
2278 2808 147 25 passengers

1877 2832 108 28 between
2006 2834 40 26 the
2076 2835 102 26 inferior
2196 2835 48 26 and
2273 2835 41 27 the
2344 2843 76 20 coast.

1878 2870 47 25 We
1937 2872 135 30 commend,
2086 2872 23 26 in
2125 2872 153 33 conclusion,
2288 2881 24 18 to
2323 2874 31 26 all
2365 2883 45 18 con-

1876 2907 87 28 cerned
2052 2908 128 28 Mackav's
2205 2910 151 35 injunctions
2389 2911 37 26 for

1876 2953 71 25 every
1961 2954 46 17 one
2020 2946 25 24 tri
2060 2945 54 36 joih
2135 2946 41 24 the
2198 2945 97 31 league,
2318 2947 48 24 and
2389 2945 38 27 for

1875 2981 58 27 each
1948 2981 134 27 individual
2097 2981 109 27 men;ber
2219 2981 24 27 of
2253 2983 19 25 it
2292 2988 26 20 to
2337 2982 87 27 realise

1876 3019 54 25 that
1943 3020 69 26 unitv
2032 3020 21 25 is
2065 3019 103 32 strengh
2184 3020 47 26 and
2244 3020 53 26 that
2307 3020 116 35 strength

1875 3056 18 25 i»
1908 3056 94 26 arrived
2017 3063 24 20 at
2054 3057 34 35 by
2103 3057 41 25 the
2154 3057 136 26 individual
2300 3058 125 26 exertions

1874 3092 28 26 of
1919 3093 39 26 the
1973 3095 67 24 units

1900 3179 32 20 Mr
1945 3180 25 19 D.
1980 3180 30 19 An
2014 3180 11 12 4
2027 3187 16 12 r>
2049 3180 34 19 vr'.i
2099 3180 63 20 eldest
2182 3187 44 15 son,
2243 3179 96 23 William,
2353 3180 24 25 is,
2397 3187 28 13 we

1874 3212 14 14 r-
1897 3209 41 18 tret
1952 3211 20 13 to
1981 3206 63 25 leant,
2055 3205 136 28 dangerously
2208 3207 29 24 ill,
2253 3206 97 27 suffering
2366 3207 59 21 from

1875 3234 54 21 iiraiu
1940 3233 56 22 fever
2032 3234 37 22 His
2079 3234 103 23 condition
2201 3234 106 29 yesterday
2323 3241 39 16 wm
2379 3243 38 15 con

1873 3263 77 19 ni«!»>r«-fl
1963 3266 20 16 to
1992 3263 24 19 he
2026 3263 113 26 extremely
2150 3264 84 21 critical.

1899 3297 21 19 In
1940 3304 37 12 nnr
1996 3300 68 21 report
2081 3297 22 21 of
2118 3297 35 21 the
2170 3298 38 20 last.
2226 3297 109 26 Roxburgh
2356 3299 66 21 Court

1872 3332 56 12 some
1945 3325 46 20 civil
2001 3332 54 12 c-mn
2075 3332 51 13 were
2146 3326 116 20 mentioned
2279 3326 20 20 in
2319 3326 64 20 which
2400 3326 22 22 J.

1872 3351 82 20 Ffoorifv
1963 3359 38 11 was
2011 3353 65 19 stated
2086 3354 21 16 to
2114 3352 24 19 he
2147 3353 119 20 def>-r>dant.
2293 3352 43 20 Tlie
2343 3354 81 19 initial*

1871 3378 72 21 should
1965 3380 48 18 have
2032 3378 49 22 been
2100 3379 23 21 J.
2144 3379 16 22 L
2187 3380 91 26 Rooney,
2296 3382 22 18 to
2335 3384 87 22 prevent

1871 3407 163 23 misconception.

1895 3440 18 20 A
1931 3439 79 21 curious
2019 3440 130 26 cot,junction
2164 3440 21 19 of
2194 3448 68 14 names
2273 3449 68 16 occurs
2350 3445 20 21 in
2381 3444 41 21 last

1869 3467 52 20 <B<ue
1929 3467 22 20 of
1959 3467 33 20 the
2215 3476 11 13 a
2235 3472 111 27 paragraph
2355 3471 65 22 which

1950 3495 46 20 that
2015 3495 33 21 Mr
2067 3495 69 26 Black,
2146 3496 34 20 the
2189 3504 44 14 new
2245 3501 128 26 postmaster,
2382 3500 38 21 had

1868 3522 79 20 arrived
1975 3525 21 17 nt
2017 3523 80 25 Milton,
2120 3524 38 19 and
2180 3525 32 19 Mr
2235 3525 78 24 White,
2341 3528 46 20 who
2405 3529 15 20 is

1867 3549 122 26 apparently
1999 3549 36 21 the
2044 3549 98 26 relieving
2152 3551 74 26 officer,
2238 3552 39 21 had
2287 3553 45 22 left.

1892 3587 43 21 The
1958 3588 101 22 attention
2081 3589 22 20 of
2126 3589 107 26 intending
2256 3593 119 26 purchasers
2398 3594 22 21 of

1867 3615 75 25 horses,
1953 3624 59 19 cows,
2024 3617 89 27 Vuipsifß,
2130 3620 60 25 carts,
2207 3620 39 21 and
2261 3622 89 21 assorted
2366 3622 52 21 farm

1867 3645 107 25 requisites
1984 3645 15 19 is
2009 3641 90 25 directed
2111 3649 21 17 to
2141 3653 12 13 a
2163 3647 33 20 list
2205 3648 22 20 of
2237 3648 31 21 Mr
2278 3649 23 20 P.
2311 3649 108 22 Ormoud's

1866 3676 104 21 property,
1991 3673 115 20 advertised
2130 3673 19 21 in
2167 3675 86 20 another
2271 3676 86 22 column.
2389 3678 31 21 Mr

1869 3700 75 19 Burton
1955 3699 39 20 will
2005 3700 37 20 s-H
2050 3704 18 16 at
2078 3700 35 20 the
2122 3701 57 21 hotel
2187 3704 49 24 yard
2246 3706 173 24 next.Thursday,

1865 3726 39 20 and
1916 3727 35 19 th«
1961 3727 40 19 sa'e
2013 3728 60 19 offers
2082 3735 24 12 an
2117 3730 134 26 opportunity
2268 3732 31 19 for
2316 3733 73 25 buyers
2398 3733 22 20 of

1934 3754 39 21 and
1983 3761 19 13 vt
2010 3754 62 21 hides
2087 3755 46 21 that
2152 3757 77 22 seldom
2248 3765 70 16 occurs
2336 3761 18 20 in
2375 3760 42 22 this

1865 3782 88 20 district.

1889 3816 23 20 In
1932 3816 36 19 the
1991 3816 78 26 cycling
2084 3819 65 19 sports
2169 3820 22 18 at,
2209 3820 117 21 Alexandra
2337 3829 26 13 on
2381 3822 36 21 the

1866 3843 88 26 Queen's
1965 3844 107 26 Birtri.lav,
2094 3845 95 21 Maxwell
2201 3853 42 14 won
2266 3848 35 20 the
2313 3848 104 23 Half-mile

1865 3871 53 20 fiom
1934 3871 78 21 scratch
2031 3872 19 20 i»
2062 3873 52 19 linin
2125 3873 46 21 Bsec
2205 3874 43 21 The
2260 3875 49 20 Five
2321 3877 46 21 ntile
2380 3885 37 14 was

1865 3906 44 12 won
1921 3899 24 18 I'V
1958 3899 57 19 Rvan
2146 3900 94 21 Maxwell
2260 3903 47 24 (scr)
2317 3904 48 21 2nd.
2394 3904 23 21 In

1865 3925 35 20 the
1919 3925 45 20 One
1980 3925 47 21 mile
2046 3931 58 15 even'
2126 3927 94 21 Maxwell
2241 3929 47 24 (sci)
2309 3937 56 14 c>me
2379 3932 36 23 Ist,

1864 3953 36 19 the
1923 3957 49 17 tune
1992 3953 59 24 hejng
2069 3954 53 21 2min
2134 3954 64 23 24sec.
2227 3956 26 22 D.
2273 3949 144 37 o'L»ary,w'.

1864 3981 85 25 George,
1961 3981 14 20 J
1993 3981 86 27 George,
2089 3982 40 21 and
2140 3983 25 21 H.
2186 3983 81 22 Michell
2287 3986 130 27 (Roxburgh)

1863 4009 105 23 competed
1980 4008 19 20 in
2019 4017 54 12 some
2083 4010 22 19 of
2119 4011 35 19 the
2170 4015 76 16 events,
2266 4012 36 20 but
2323 4014 61 21 failed
2394 4017 23 18 to

1862 4035 57 20 show
1931 4042 27 18 up
1968 4036 161 26 conspicuously.

1887 4068 44 21 The
1942 4069 58 21 Brass
2011 4069 55 21 Band
2079 4070 38 21 will
2135 4071 44 24 giv*
2189 4078 24 14 an
2224 4079 51 15 open
2294 4073 31 21 nir
2336 4076 81 19 concert

1862 4097 21 19 to
1893 4104 86 13 morrow
1989 4098 85 22 tvening
2082 4101 22 17 at
2114 4098 35 21 the
2158 4099 48 21 Post,
2215 4100 63 20 Office
2289 4108 51 13 corn,
2349 4109 17 18 r,
2379 4102 36 21 the

1862 4130 127 19 programme
2013 4125 58 26 heing
2088 4132 21 13 as
2125 4126 80 20 follows
2213 4125 4 26 r
2220 4128 101 21 —march.

1861 4150 60 22 home
1936 4152 19 20 in
1969 4151 67 26 port;'
2038 4150 3 32 -
2055 4153 94 26 fantasia,
2161 4153 103 22 "'lreland
2308 4156 106 26 quadrille,

1888 4179 133 25 Phonograph
2033 4186 5 17 ;
2087 4181 74 22 march,
2206 4182 80 25 Always
2317 4183 60 26 re*dy
2387 4191 5 16 ;

1861 4206 67 26 waltz,
2067 4207 92 22 shadows
2328 4210 85 21 Grecian

1860 4235 84 22 goddess
1991 4235 109 27 quadrille,
2320 4238 93 26 fantasia,

1883 4262 242 28 Scotlandselection,
2161 4264 44 21 Fair
2220 4265 54 21 maid
2291 4265 20 21 of

1862 4290 77 25 march,
1973 4291 77 19 Bonnie

1882 4325 44 19 The
1944 4325 170 26 complimentary
2137 4325 61 21 social
2217 4326 97 22 tendered
2337 4329 21 17 to
2380 4329 32 19 Mr

1860 4352 65 25 Pryor
1934 4351 26 26 by
1971 4352 35 20 the
2021 4352 153 25 Fruitgrowers'
2183 4353 29 19 Co
2231 4360 39 14 was
2283 4354 46 21 held
2340 4357 23 18 at
2377 4355 35 21 the

1860 4379 123 23 Athenaeum
1996 4379 48 23 Hall
2056 4379 39 23 last
2109 4381 92 23 evening,
2220 4381 39 22 and
2281 4389 39 14 was
2331 4390 25 13 an
2375 4391 24 14 un-

1858 4409 96 26 qualified
1965 4416 85 14 success.
2078 4409 65 20 There
2158 4416 52 14 were
2219 4410 63 21 about
2290 4410 46 26 fifty
2347 4412 63 20 ladies

1858 4436 39 20 and
1908 4436 116 24 gegtkmen
2035 4438 90 24 present,
2139 4436 39 20 and
2196 4437 31 20 Mr
2243 4437 56 21 John
2310 4438 100 21 Bennetts

1857 4463 102 32 presided.
1987 4462 48 22 Full
2058 4463 74 27 justice
2152 4470 39 13 was
2210 4464 52 21 done
2285 4468 22 17 to
2325 4472 8 13 a
2354 4468 54 18 most

1857 4490 88 23 inviting
1954 4497 83 19 supper,
2048 4491 99 26 provided
2161 4492 28 26 by
2208 4493 31 20 Mr
2257 4492 54 23 Wm.
2322 4493 86 27 Mercer,

1855 4519 54 19 after
1921 4518 62 21 which
2003 4519 130 24 appropriate
2150 4520 102 25 speeches,
2272 4521 135 24 interspersed

1856 4546 49 21 with
1920 4552 66 20 songs,
1997 4545 55 22 filled
2063 4545 34 21 the
2109 4552 133 19 programme.

1879 4586 53 21 Most
1942 4586 22 21 of
1973 4592 37 14 our
2026 4584 48 21 local
2092 4586 103 24 sportmen
2214 4585 41 20 will
2273 4586 24 19 be
2313 4593 58 20 sorry
2386 4589 21 18 to

1855 4613 49 21 hear
1912 4614 22 20 of
1944 4613 35 21 the
1987 4612 62 21 death
2065 4612 22 21 of
2213 4612 32 21 Mr
2263 4613 86 27 Foohy's
2361 4615 44 20 Well

1855 4641 72 19 known
1947 4640 58 19 hlack
2023 4639 126 25 greyhound,
2167 4640 64 19 which
2250 4641 84 20 occuied
2353 4642 52 21 from

1854 4666 156 23 inflammation,
2020 4665 73 21 caused
2104 4666 27 26 by
2147 4665 56 25 lying
2219 4666 60 21 while
2294 4667 73 22 heated
2380 4675 25 15 on

1853 4693 36 20 the
1898 4693 61 25 damp
1970 4700 61 19 grass,
2045 4693 55 20 after
2115 4693 36 20 the
2167 4693 48 22 hare
2232 4694 53 22 hunt
2300 4697 22 19 at
2334 4696 72 22 Teviot

1852 4721 76 20 Downs
1940 4721 37 19 last
1985 4721 65 21 week.
2077 4720 43 20 The
2135 4721 40 23 dog
2190 4729 39 13 was
2239 4723 116 21 considered
2366 4731 39 13 one

1852 4748 21 19 of
1883 4747 35 20 the
1928 4747 44 22 l»est
1980 4748 23 20 of
2012 4747 31 21 his
2050 4746 50 21 class
2107 4748 19 19 in
2137 4748 36 21 the
2179 4748 88 28 district,
2278 4757 24 13 an
2311 4750 5 20 l
2326 4758 25 13 no
2357 4751 48 21 hare

1852 4774 53 20 hunt
1916 4781 38 13 was
1963 4774 118 21 considered
2092 4775 101 23 complete
2203 4777 88 21 without
2300 4777 51 22 him.
2379 4779 24 21 In

1852 4802 35 19 the
1897 4803 80 23 opinion
1987 4802 22 21 of
2020 4809 53 13 most
2082 4802 22 20 of
2113 4809 38 14 our
2159 4805 114 25 sportmen,
2305 4806 49 21 Gaff
2385 4807 16 20 is

1852 4829 106 27 deserving
1966 4830 21 20 of
1996 4837 25 12 an
2030 4829 98 27 eloquent
2137 4830 102 26 obituary.

1875 4869 27 21 Mi
1912 4869 27 22 N.
1948 4870 27 22 K.
1984 4869 142 27 M'Lean,who
2133 4877 40 14 was
2180 4870 97 27 formerly
2290 4879 10 13 a
2314 4873 89 23 resident

1850 4897 22 20 «f
1884 4897 117 27 Roxbuigh,
2010 4897 39 20 and
2060 4897 35 20 has
2104 4904 43 13 now
2158 4898 74 20 s-ttled
2243 4901 22 17 at
2276 4899 35 21 the
2320 4901 81 26 Waiau,

1850 4930 12 13 v
1870 4924 51 20 sited
1940 4924 34 21 the
1991 4924 80 20 district
2086 4924 40 20 last
2142 4924 57 21 week
2213 4928 21 18 to
2248 4925 25 21 be
2291 4932 80 20 present
2380 4933 23 17 at

1849 4951 36 21 the
1907 4951 98 22 Hercules
2026 4951 78 27 mining
2128 4952 48 22 sale.
2205 4952 33 22 He
2259 4954 58 22 made
2346 4962 55 16 some

1848 4979 137 22 considerable
2008 4979 108 25 purchases
2135 4980 23 21 of
2176 4980 58 27 plant
2249 4989 25 15 on
2293 4983 70 22 behalf
2380 4986 23 21 of

1850 5007 34 20 the
1893 5008 71 21 Waiau
1975 5008 66 20 Beach
2059 5008 113 25 Hydraulic
2187 5009 109 27 Elevating
2309 5012 45 26 Co.,
2366 5012 33 21 for

1850 5034 64 20 whom
1925 5035 25 20 he
1965 5036 17 19 is
1991 5035 68 25 acting
2069 5042 21 12 as
2101 5042 102 19 manager.
2229 5036 50 21 This
2292 5045 107 20 company.

1853 5061 30 21 Mr
1893 5061 82 22 M'L*an
1986 5064 71 24 states,
2076 5069 52 14 were
2138 5061 35 21 the
2189 5063 91 24 pioneers
2294 5065 22 20 of
2330 5073 11 13 a
2356 5075 44 13 new

1848 5089 46 21 field
1904 5091 21 19 at
1932 5089 33 22 the
1972 5089 73 22 Waiau
2050 5090 85 25 distant,
2142 5091 64 20 about
2213 5091 56 26 eight
2277 5092 58 21 miles
2343 5094 53 23 from

1848 5116 97 28 Orepuki,
1961 5117 65 21 which
2044 5124 38 14 was
2093 5117 117 22 discovered
2230 5125 55 15 some
2299 5127 61 16 seven
2375 5130 22 14 or

1848 5144 56 22 eight
1910 5145 86 21 months'
2004 5153 43 18 ago.
2074 5145 66 20 There
2146 5152 34 14 are
2188 5153 12 12 a
2208 5146 86 22 number
2300 5148 22 21 of
2329 5150 70 22 claims

1848 5172 60 21 taken
1920 5179 27 16 up
1956 5180 53 18 now,
2019 5172 39 21 and
2070 5174 29 19 Mr
2115 5172 102 22 M'Lean's
2232 5181 100 20 company
2349 5178 48 20 hold

1847 5199 62 21 about
1926 5200 25 21 CO
1968 5207 61 15 acres.
2056 5200 58 24 They
2133 5200 52 20 have
2208 5200 64 22 found
2297 5204 101 22 excellent

1847 5229 109 25 prospects,
1980 5227 37 20 but
2032 5228 35 20 the
2084 5229 63 18 water
2161 5228 75 26 supply
2253 5228 16 21 is
2286 5232 112 21 somewhat

1846 5253 86 27 limited,
1947 5255 79 26 though
2042 5255 36 21 the
2097 5255 74 21 Waiau
2189 5262 99 20 company
2307 5257 36 21 has
2362 5260 35 21 the

1846 5281 54 23 right
1917 5284 20 17 to
1959 5283 25 20 20
2004 5282 68 21 heads.
2100 5283 56 25 They
2180 5283 71 21 intend
2272 5285 81 26 cutting
2372 5294 25 14 an

1846 5309 103 22 extensive
1955 5310 92 25 race,and
2055 5313 73 23 expect
2135 5317 49 14 soon
2196 5311 21 20 to
2224 5310 52 22 have
2282 5314 115 24 operations

1845 5335 20 22 in
1878 5335 39 22 full
1926 5338 69 26 swing.

1872 5377 103 22 CViainlv
1990 5377 35 21 the
2038 5379 55 20 most
2105 5378 94 21 effective
2212 5378 98 21 medicine
2324 5379 19 21 in
2357 5381 38 20 the

1847 5403 61 20 vr.rlrl
1929 5404 15 19 is
1960 5405 113 21 SANDER
2087 5405 39 21 ami
2144 5405 77 21 SONS'
2239 5405 70 21 EDCA
2317 5407 49 19 LVP
2374 5409 21 19 TT

1847 5430 134 22 EXTRACT.
2008 5431 49 21 Test
2065 5432 25 19 i'<
2096 5431 113 26 eminently
2218 5439 61 19 pows-
2288 5433 27 19 fill
2324 5435 71 20 effects

1846 5457 19 19 in
1879 5458 79 25 coughs.
1970 5458 61 25 co'ds,
2042 5459 114 26 influenza;
2178 5459 35 21 the
2223 5459 59 21 relief
2291 5461 16 19 is
2320 5460 66 22 iiistan-

1847 5488 88 18 'nneors.
1966 5487 24 20 In
2006 5487 76 20 wrious
2091 5494 56 14 rases
2160 5487 40 20 and
2214 5488 80 20 flcciden
2307 5496 8 13 s
2331 5488 21 21 of
2365 5489 29 21 all

1848 5511 58 23 kind*
1926 5513 23 21 he
1958 5515 34 19 thf
1995 5520 13 19 y
2018 5514 92 22 woMndfi.
2122 5515 68 22 liurns.
2199 5515 105 24 sraldincjs,
2319 5516 76 21 bruises

1849 5541 83 21 RP'wire,
1941 5542 16 18 it
1966 5541 17 19 is
1991 5541 34 20 the
2035 5541 61 20 safest
2106 5541 136 26 remedy—no
2251 5542 144 25 swelling—no

1848 5565 152 23 inflammation.
2030 5568 49 20 Like
2088 5569 112 25 surprising
2211 5569 71 20 effects
2293 5569 102 26 produced

1847 5593 19 21 in
1879 5601 69 20 cioup,
1957 5594 109 28 «!iptheria.
2081 5595 118 25 bronchitis,
2211 5596 147 20 inflammation
2373 5597 21 20 of

1847 5621 35 20 the
1982 5623 108 25 swellings,
2099 5628 38 15 etc.
2158 5623 109 25 diarrhoea,
2282 5623 108 27 dysentrv,

1846 5649 87 21 dii-eanh
1942 5654 20 17 ot
1973 5650 34 21 the
2021 5650 85 26 kidneys
2116 5650 38 20 and
2170 5651 81 26 urinary
2261 5657 77 19 organs.
2367 5651 24 20 In

1847 5683 35 13 use
1890 5686 5 10 >
1903 5682 5 15 1
1915 5678 17 20 s,)
1938 5677 16 26 11
1962 5678 84 25 ospitals
2052 5678 39 20 and
2100 5677 84 22 medical
2190 5678 75 24 clinics,
2275 5677 120 26 pationisrd,

1844 5703 26 27 by
1879 5705 38 19 His
1927 5705 86 27 Majesty
2023 5704 37 21 the
2071 5705 55 25 King
2134 5705 22 20 of
2166 5705 63 27 lwly,
2238 5704 92 21 crowned

1844 5732 64 21 medal
1919 5734 39 20 utid
1967 5733 90 26 diploma
2066 5736 23 17 at
2101 5732 147 22 International
2263 5732 125 26 Exhibition,

1842 5760 140 21 Aiiihteidarn.
2009 5760 63 19 T:i>t
2082 5766 19 13 in
2112 5759 40 20 this
2162 5760 103 29 approved
2272 5760 118 24 IFtic!e»Jid

1839 5785 64 27 rejtct
1911 5786 27 21 all
1950 5789 75 19 others.

2482 206 44 22 The
2543 204 97 23 Dunttan
2658 203 67 23 Times
2743 203 20 21 in
2782 202 40 22 last
2843 202 52 21 is«ue
2912 208 46 20 nys
2975 207 6 16 :

2459 234 33 20 Mr
2509 234 26 20 0.
2551 232 34 21 W.
2601 232 91 25 Spooner
2710 231 38 20 left
2770 231 32 20 for
2828 229 112 25 Roxburgh
2967 229 40 19 last

2458 259 101 26 Tuesday,
2577 257 40 21 and
2627 257 42 20 will
2690 259 59 17 enter
2758 257 45 19 into
2812 255 111 24 possession
2942 254 23 20 of
2975 253 33 21 Mr

2458 280 111 28 Ormonil'e
2591 283 64 27 hotel,
2673 286 22 18 at
2708 281 121 28 Roxburgh,
2851 289 27 14 on
2894 281 56 22 June
2968 281 39 21 Ist.

2459 314 33 21 Mr
2502 314 91 25 Spooner
2601 312 75 23 during
2684 311 32 21 his
2726 313 44 22 stay
2780 311 20 20 in
2810 310 65 25 C'yde
2885 309 37 21 ha*
2932 308 76 26 proved

2458 340 83 23 himself
2551 346 13 15 a
2578 338 51 29 good
2638 339 80 24 citizen,
2729 337 41 22 and
2779 337 26 21 he
2815 336 39 22 and
2865 336 42 22 Mrs
2916 336 92 26 Spooner

2459 369 40 21 and
2507 367 72 27 family
2589 367 40 21 will
2640 366 26 22 be
2675 366 59 22 much
2744 365 82 22 missed.
2853 364 40 22 We
2903 364 50 22 wish
2966 363 42 22 him

2459 396 27 21 all
2495 402 80 14 success
2584 395 20 20 in
2614 394 31 21 his
2655 400 45 14 new
2707 395 92 19 venture.

2485 431 14 11 •'
2506 431 99 23 Pitman's
2610 431 78 21 French
2802 436 12 14 a
2820 429 57 22 little
2884 428 52 22 serio
2942 429 66 22 comic

2458 459 88 29 journal,
2558 458 65 22 which
2630 459 36 20 has
2676 458 36 21 the
2718 458 112 21 somewhat,
2836 458 77 20 serious
2920 464 88 19 purpose

2459 488 22 21 of
2489 487 95 24 assisting
2593 486 20 20 in
2623 486 37 21 the
2671 486 62 26 study
2742 485 23 21 of
2774 485 35 21 the
2819 485 79 21 French
2910 485 99 24 language

2459 515 40 22 and
2526 513 114 27 literature,
2667 513 37 21 has
2733 520 57 14 come
2815 514 21 20 to
2860 513 63 22 hand.
2949 512 22 22 It
2994 512 17 22 is

2459 541 113 27 admirably
2580 541 94 27 designed
2683 541 32 22 for
2724 541 36 21 the
2767 548 95 20 purpose,
2877 542 54 21 most,
2937 541 23 21 of
2973 540 37 22 the

2459 569 81 22 articles
2564 569 60 27 being
2638 569 60 27 given
2716 569 21 21 in
2756 569 78 22 French
2854 570 40 20 and
2915 568 91 27 English,

2460 597 60 20 while
2529 596 102 21 students'
2640 597 75 20 difficnl
2719 597 37 19 ties
2764 597 39 19 will
2815 597 42 19 also
2862 597 25 19 be
2897 596 109 25 explained

2459 623 41 21 and
2516 622 28 21 all
2560 622 107 22 assistance
2686 623 67 26 given.
2778 622 44 23 The
2839 622 137 27 subscription
2993 622 17 21 is

2459 649 78 28 merely
2543 649 98 29 nominal,
2648 650 40 23 and
2700 650 26 22 all
2735 651 94 22 students
2840 650 22 22 of
2879 652 35 19 the
2930 650 78 21 French

2460 678 98 26 language
2572 678 73 21 should
2662 678 51 21 send
2728 678 33 21 for
2779 679 41 21 this
2837 678 102 24 excelleQt
2956 678 55 20 little

2460 711 70 21 paper.

2485 746 31 22 On
2526 745 75 29 Friday
2606 746 41 22 last
2657 747 33 22 Mr
2700 747 28 23 H.
2738 748 20 22 S.
2767 747 109 23 Valentine
2886 746 92 26 disposed
2989 747 19 20 of

2460 774 36 21 the
2506 774 66 22 whole
2580 774 22 21 of
2611 774 36 21 the
2657 777 96 30 property
2763 776 21 20 of
2794 776 35 20 the
2838 775 98 21 Hercules
2950 775 41 21 NV>.
2999 775 9 20 I

2460 808 106 20 company,
2590 802 105 26 including
2716 803 37 21 the
2770 803 68 24 claim,
2857 804 62 19 water
2936 802 72 26 rights,

2461 829 66 27 plant,
2550 828 112 28 manager's
2687 830 109 27 residence,
2831 830 114 27 workshop,
2968 833 39 19 etc.

2462 857 138 27 Competition
2610 864 40 15 was
2660 865 48 17 very
2717 858 50 22 keen
2778 859 31 21 for
2819 861 53 19 most
2881 858 21 22 of
2917 859 36 20 the
2961 858 47 27 lots,

2462 885 35 21 the
2506 885 42 22 sale
2556 893 23 14 as
2591 892 14 15 a
2614 885 64 22 whole
2688 885 58 29 being
2754 894 13 13 a
2776 890 53 17 most
2839 892 52 15 succ<
2896 885 51 24 wful
2961 892 39 14 one

2461 913 43 22 The
2514 915 63 20 water
2585 913 73 28 rights,
2665 920 51 17 race,
2723 913 40 23 and
2770 914 59 22 claim
2838 921 52 15 were
2897 913 110 28 purchased

2462 942 26 26 by
2498 942 34 21 Mr
2542 942 56 21 John
2608 942 79 27 Ewing,
2697 942 35 21 the
2739 943 118 24 piicebeing
2865 942 106 27 £slo,and
2982 943 26 19 he

2460 969 43 20 also
2512 969 79 23 bought
2600 969 35 21 the
2648 969 47 27 pipe
2708 970 41 20 line
2759 970 32 20 for
2801 969 63 22 £350.
2892 970 32 20 Mr
2934 970 61 20 Scrim-

2460 1002 63 19 geour
2532 996 79 27 (Teviot
2619 996 85 24 station)
2714 996 39 22 and
2771 996 36 22 the
2816 996 112 28 Roxburgh
2938 996 60 23 Amal

2460 1024 95 26 gamated
2570 1024 37 24 Co.
2618 1031 52 15 were
2679 1024 35 23 the
2730 1024 59 22 other
2810 1024 100 27 principal
2927 1026 80 26 huyers.

2465 1051 16 20 M
2486 1059 9 13 r
2500 1051 56 22 John
2563 1052 99 22 Bennetts
2667 1051 80 29 bought
2753 1053 35 21 the
2794 1053 64 22 house
2865 1053 40 23 (for
2911 1052 96 25 removal)

2460 1079 30 21 Ur
2502 1080 49 21 £95.

2486 1118 19 21 A
2525 1119 137 26 presentation
2684 1119 22 21 of
2730 1126 12 14 a
2760 1119 132 26 handsomely
2910 1119 97 21 mounted

2462 1146 126 26 photograph
2596 1146 22 21 of
2628 1146 36 21 the
2673 1146 49 21 local
2735 1147 55 20 brass
2805 1146 52 21 b*n<l
2869 1153 40 14 was
2918 1146 58 21 made
2984 1149 22 18 to

2463 1174 32 21 Mr
2518 1173 93 27 M'Lean,
2639 1174 35 21 the
2696 1174 41 22 late
2763 1174 136 26 bandmaster,
2930 1175 23 20 at
2973 1174 36 21 the

2463 1202 113 20 Bandroom
2586 1208 25 14 on
2621 1202 100 24 Saturday
2738 1202 93 23 evening.
2859 1202 32 20 Mr
2907 1201 101 22 Kinaston

2463 1234 40 13 was
2518 1228 119 25 spokesman
2649 1234 25 14 on
2693 1228 36 21 the
2744 1229 98 24 occasion,
2857 1228 40 21 and
2911 1228 43 20 said
2974 1228 35 20 the

2463 1254 100 21 members
2582 1261 52 15 were
2649 1254 73 28 deeply
2748 1254 88 28 grateful
2850 1254 33 22 for
2901 1254 35 22 the
2958 1255 50 21 time

2462 1282 40 22 and
2511 1282 103 22 attention
2625 1283 32 21 Mr
2667 1284 85 20 M'Lean
2761 1283 41 21 had
2819 1283 19 20 hi
2844 1283 76 21 stowed
2931 1290 25 14 on
2972 1283 36 21 the

2464 1310 63 27 band,
2535 1310 41 20 and
2586 1310 26 20 he
2620 1311 67 25 might
2695 1311 25 20 be
2733 1311 81 21 assured
2829 1310 25 21 he
2865 1310 77 21 carried
2956 1311 55 20 tbeir

2464 1336 45 22 best
2532 1336 70 22 wishes
2612 1337 31 21 for
2660 1337 32 21 his
2705 1337 69 21 future
2790 1344 78 14 sneces*
2887 1338 19 19 in
2923 1337 31 21 his
2965 1344 44 13 new

2464 1364 71 27 sphere
2553 1364 21 22 of
2582 1365 75 22 action.
2683 1365 137 27 Responding,
2832 1365 28 22 M.
2872 1364 84 22 M'Lean
2968 1364 41 22 said

2464 1392 26 22 he
2498 1399 62 15 never
2577 1393 101 26 regretted
2698 1393 31 21 for
2744 1400 38 14 one
2797 1397 91 17 moment
2905 1393 36 21 the
2959 1392 51 22 time

2464 1420 26 21 he
2502 1420 40 21 had
2560 1421 59 25 given
2637 1423 22 19 to
2676 1421 35 20 the
2730 1421 75 21 Band's
2822 1428 28 13 set
2855 1421 47 20 vice.
2932 1421 21 21 It
2972 1421 38 20 had

2464 1447 49 21 been
2523 1454 13 14 a
2544 1447 71 21 labour
2624 1448 21 20 of
2662 1447 45 21 love
2718 1450 22 18 to
2755 1447 50 27 him,
2819 1448 38 20 and
2869 1448 25 20 he
2905 1454 39 14 was
2963 1447 46 23 glad

2464 1477 22 18 to
2503 1475 50 21 hear
2570 1475 33 21 Mr
2621 1475 71 26 Bripgs
2709 1475 40 21 had
2768 1475 49 21 been
2836 1475 84 21 enabled
2932 1477 21 19 to
2963 1475 48 21 take

2463 1503 73 25 chsrge
2545 1502 21 21 of
2584 1502 64 27 them,
2659 1503 38 20 and
2707 1503 42 20 also
2759 1503 21 21 of
2795 1502 36 22 the
2847 1504 56 24 great
2920 1509 92 20 progress

2464 1531 50 26 they
2523 1531 40 20 had
2577 1530 59 21 made
2656 1530 64 21 under
2730 1531 50 20 him.
2809 1531 32 20 He
2859 1530 151 22 congratulated

2464 1558 56 20 them
2530 1565 25 13 on
2566 1558 37 20 the
2611 1558 100 20 excellent
2721 1558 87 26 position
2829 1558 49 25 they
2894 1558 48 20 took
2953 1564 28 19 up
2990 1560 20 17 at

2464 1585 36 21 the
2509 1584 117 22 Alexandra
2644 1587 86 24 contest,
2741 1585 40 21 and
2800 1584 66 27 hop-d
2876 1584 50 27 they
2944 1584 66 21 would

2464 1612 27 21 do
2500 1619 49 14 even
2560 1612 67 21 better
2636 1615 22 18 at
2671 1612 35 21 the
2715 1615 50 18 next
2778 1615 87 20 contest.
2894 1612 31 21 He
2944 1612 66 21 would

2464 1647 93 19 preserve
2566 1639 55 22 their
2630 1640 38 25 gift
2678 1646 21 15 as
2707 1647 11 13 a
2728 1640 105 21 cherished
2845 1640 118 26 possession,
2972 1640 39 20 and

2464 1668 17 19 it
2486 1666 67 21 would
2563 1666 25 21 be
2594 1673 11 14 a
2616 1669 103 18 memento
2728 1668 22 19 of
2759 1668 35 20 the
2801 1675 60 18 many
2872 1668 69 26 happy
2951 1668 61 19 lours

2456 1693 1 25 '
2464 1694 25 21 he
2498 1693 40 22 had
2547 1696 61 22 spent
2616 1694 49 21 with
2675 1694 65 21 then-.

2488 1732 45 22 The
2543 1731 76 22 Monnt
2629 1732 78 26 Benger
2716 1733 54 20 Rifle
2775 1733 40 20 and
2824 1733 47 20 Gnn
2887 1733 53 20 Club
2960 1739 39 14 com-

2464 1759 87 26 petition
2565 1766 40 14 was
2613 1760 48 21 held
2671 1767 25 13 on
2708 1760 88 21 Mondav
2806 1762 22 19 at
2835 1760 35 20 the
2880 1767 49 13 reset
2935 1767 32 18 ve,
2973 1759 39 20 and

2464 1787 55 22 drew
2537 1794 13 15 a
2567 1786 52 27 good
2638 1787 121 22 attendance
2780 1787 21 21 of
2823 1788 132 26 eompetitors
2974 1787 38 20 and

2456 1814 1 31 |
2464 1814 76 22 others.
2567 1814 43 21 The
2628 1821 127 19 programme
2772 1816 82 20 consist*
2860 1816 13 19 d
2892 1815 21 20 of
2936 1822 13 13 a
2961 1814 41 21 half-

2463 1849 67 14 crown
2539 1849 75 20 sweep,
2624 1849 60 20 optn,
2695 1849 43 13 won
2750 1842 26 26 by
2789 1842 25 21 D.
2826 1842 122 27 Robertson,
2965 1842 47 21 with

2463 1870 70 21 James
2542 1869 74 22 Elliott
2622 1870 80 21 second.
2721 1870 53 21 Four
2779 1870 83 24 shilling
2869 1877 74 16 sweep,
2952 1877 60 15 open,

2464 1897 54 21 John
2528 1897 73 21 Elliott
2608 1897 18 25 1,
2641 1897 72 21 James
2723 1896 73 21 Elliott
2805 1898 19 21 2.
2852 1898 87 24 Novice,
2951 1904 61 18 open,

2464 1925 56 21 Wm.
2531 1924 62 22 Gunn
2603 1924 40 22 and
2661 1924 86 27 J.Boyd
2769 1924 43 26 (tie)
2829 1925 19 22 1.
2875 1924 53 22 Gold
2947 1924 65 21 medal

2463 1952 100 26 handicap
2572 1952 31 20 for
2612 1952 100 21 members
2721 1952 48 26 only
2779 1952 55 20 John
2847 1952 73 20 Elliott
2938 1953 18 25 1,
2968 1952 44 22 ,Ta».

2464 1979 73 21 Elliott
2547 1979 18 22 2.
2592 1979 44 21 The
2646 1980 87 20 winners
2746 1980 48 20 shot
2809 1979 44 21 well
2862 1979 19 21 in
2899 1979 42 21 this
2950 1983 61 17 svent

2462 2007 56 21 John
2541 2007 74 21 Elliott
2633 2008 79 25 getting
2727 2007 89 20 thirteen
2836 2007 51 20 balls
2906 2010 37 17 out
2965 2007 22 19 of
3003 2014 10 12 a

2463 2033 88 28 possible
2566 2034 103 23 fourteen,
2685 2034 40 21 and
2740 2034 35 20 the
2791 2035 73 21 second
2880 2041 45 14 man
2940 2034 73 21 twelve

2462 2065 37 19 out
2507 2062 22 21 of
2538 2062 102 21 fourteen.
2667 2062 41 20 Ten
2721 2062 83 25 shilling
2820 2069 68 20 sweep
2906 2062 106 25 hanoicap,

2462 2096 58 19 open,
2531 2089 56 21 John
2598 2089 74 22 Elliott
2679 2090 18 25 1,
2708 2090 39 20 and
2755 2089 70 21 James
2833 2090 73 20 Elliott
2916 2090 19 21 2.
2963 2090 49 20 Five

2461 2117 82 26 shilling
2572 2117 108 26 handicap,
2702 2124 59 15 onea.
2787 2117 55 21 Wm.
2857 2117 62 22 Gunn
2943 2117 18 26 1,
2985 2117 25 21 N.

2461 2145 112 21 M'Donald
2582 2145 19 21 2.
2629 2145 77 21 Second
2715 2145 49 21 Five
2774 2145 83 26 shilling
2866 2152 68 19 sweep
2942 2145 59 20 handi-

2460 2179 44 20 cap,
2522 2179 61 20 open,
2599 2172 20 21 N
2647 2172 111 21 M'Donald
2778 2173 18 25 1,
2815 2173 71 20 James
2902 2173 40 20 and
2958 2173 55 20 John

2460 2200 73 21 Elliott
2546 2200 43 25 (tie)
2600 2200 19 21 2.
2646 2200 33 20 Mr
2687 2200 25 26 A.
2723 2200 115 21 Robeitson
2855 2207 40 14 was
2913 2207 50 19 very
2975 2207 38 14 un.

2459 2228 106 20 fortunate
2573 2227 20 21 in
2605 2228 93 24 bursting
2707 2228 32 20 his
2749 2235 40 18 gnn
2804 2228 20 20 in
2833 2228 35 21 the
2888 2228 44 21 first
2943 2231 69 23 event,

2459 2255 38 19 and
2508 2254 31 21 his
2548 2254 84 20 brother
2651 2255 39 20 had
2705 2256 42 18 also
2760 2256 98 19 intended
2874 2258 22 17 to
2914 2262 37 13 nse
2975 2256 36 19 the

2457 2289 54 14 same
2521 2289 49 19 gun,
2580 2289 23 14 so
2609 2282 48 21 that
2664 2282 48 26 they
2721 2289 52 14 were
2783 2282 140 28 handicapped
2934 2285 22 18 to
2963 2282 47 21 that

2457 2312 78 18 extent.

2462 2378 185 53 Roxburgh
2660 2378 223 45 Oddfellows'
2897 2380 114 49 Lodge

2493 2466 246 21 TWENTY-EIGHTH
2754 2467 210 21 ANNIVERSARY

2482 2525 113 26 Following
2617 2526 54 22 th»*ir
2694 2528 57 21 usual
2774 2530 87 26 custom,
2885 2529 35 22 the
2947 2529 62 22 ahove

2459 2554 75 26 society
2544 2555 114 21 celebrated
2670 2556 53 20 their
2741 2559 131 20 anniver«ary
2890 2565 25 13 on
2933 2558 74 26 Friday

2457 2582 87 25 evening
2553 2584 23 19 at
2591 2582 35 21 the
2642 2583 123 21 Athei.seum
2784 2584 49 21 Hall
2852 2585 49 20 with
2918 2592 11 13 a
2948 2585 61 21 soiree

2457 2609 40 20 and
2508 2608 48 23 ball.
2584 2610 57 26 They
2652 2617 52 14 were
2715 2612 112 20 somewhat
2843 2612 134 21 unfortunate
2987 2613 20 20 in

2457 2636 35 21 ih*
2504 2637 95 24 weather,
2618 2638 36 20 the
2673 2638 59 26 night
2751 2638 60 22 beine
2830 2641 47 24 wet,
2889 2639 64 23 which
2965 2646 44 20 may

2457 2664 52 21 have
2518 2665 112 21 accounted
2642 2666 31 20 for
2683 2666 35 21 the
2729 2666 41 21 fact
2781 2667 46 21 that
2837 2667 35 21 the
2882 2669 122 20 attendance

2458 2699 40 13 was
2508 2694 37 18 not
2553 2699 23 13 so
2588 2693 54 25 large
2657 2700 21 13 as
2696 2694 20 20 iu
2733 2695 93 24 previous
2843 2701 67 20 years.
2938 2695 71 21 About

2457 2718 55 27 sixty
2522 2722 68 22 guests
2600 2722 31 19 sat
2640 2720 59 21 down
2710 2723 22 18 to
2748 2728 82 18 supper,
2848 2723 64 20 which
2934 2730 40 13 was
2988 2723 21 21 of

2458 2746 34 21 the
2501 2746 88 22 choicest
2595 2747 40 21 and
2643 2754 40 14 was
2689 2749 93 26 supplied
2790 2749 27 27 by
2824 2749 32 21 Mr
2862 2750 27 22 R.
2896 2750 111 22 Kinaston.

2457 2774 47 21 Bro.
2517 2774 34 22 W.
2569 2775 88 27 Malone,
2676 2776 65 27 N.G.,
2758 2777 101 26 presided,
2879 2779 39 20 and
2936 2778 73 26 during

2458 2801 31 21 his
2498 2802 88 26 opening
2600 2803 83 21 address
2693 2805 59 19 made
2761 2805 136 26 sympathetic
2906 2806 102 21 reference

2458 2832 20 17 to
2488 2829 35 21 the
2532 2829 62 21 death
2604 2829 23 22 of
2636 2831 47 21 Bro.
2695 2831 29 22 M.
2740 2831 24 22 E.
2784 2831 93 28 Manuel,
2893 2834 66 19 whose
2969 2833 39 21 loss

2457 2857 21 19 to
2488 2856 36 21 the
2533 2857 59 26 lodge
2602 2858 67 21 would
2679 2858 24 21 be
2717 2859 90 26 severely
2825 2859 45 22 felt.
2897 2860 44 21 The
2951 2862 54 19 toast

2457 2883 35 21 list
2509 2885 113 26 comprised
2647 2885 35 21 the
2700 2885 128 27 following—
2830 2886 13 11 44
2852 2887 44 21 The

2457 2910 15 9 '*
2483 2911 128 21 Manchester
2746 2912 14 10 44
2772 2913 92 22 Kindred

2456 2938 100 23 proposed
2566 2938 27 23 by
2603 2939 36 18 the
2649 2939 156 21 ehiirman'and
2826 2942 111 23 responded
2947 2944 22 18 to
2978 2942 27 26 V>y

2457 2961 33 21 Mr
2498 2962 21 21 J.
2539 2963 21 21 J.
2576 2963 69 21 Smith
2662 2963 147 28 (representing
2824 2966 36 21 the
2877 2967 129 26 Foresters);

2482 2989 130 26 Agriculture
2622 2991 39 21 aDd
2787 2995 97 25 proposed
2896 2994 27 28 by
2939 2996 32 20 Mr
2980 2996 27 21 R.

2459 3015 129 23 Woodhouse
2602 3019 40 21 and
2649 3019 111 26 responded
2770 3022 22 19 to
2801 3021 27 27 by
2839 3022 31 20 Mr
2880 3022 25 22 R.
2916 3023 91 25 Michell;

2479 3044 44 20 The
2650 3048 98 25 proposed
2763 3048 27 26 by
2807 3048 33 21 Mr
2856 3050 22 21 J.
2897 3050 62 21 Drew
2967 3051 39 20 and

2456 3071 111 26 responded
2578 3074 22 18 to
2609 3072 27 27 by
2647 3073 33 20 Mr
2689 3074 26 20 A.
2727 3073 70 22 Peters
2806 3082 5 17 ;
2826 3075 16 10 44
2848 3076 44 21 The

2455 3098 99 26 proposed
2561 3099 26 26 by
2593 3099 34 21 Mr
2634 3100 23 21 T.
2668 3100 94 23 Andrew.
2790 3102 81 24 During
2878 3104 35 21 th«
2920 3105 88 27 evening

2454 3132 59 19 «ong*
2528 3132 51 15 wers
2589 3127 60 27 given
2659 3135 49 20 very
2722 3130 118 28 acceptably
2856 3131 27 28 by
2899 3132 74 22 Messrs
2982 3133 23 21 T.

2455 3154 89 20 Andrew
2553 3154 40 21 and
2609 3160 22 17 J.
2643 3156 86 27 George.
2757 3158 62 21 After
2828 3159 35 21 the
2873 3160 63 20 soiree
2945 3160 48 22 danc-

2454 3180 35 25 ing
2509 3187 40 14 was
2571 3189 52 18 gone
2640 3185 21 18 in
2683 3184 40 26 for,
2743 3184 35 21 the
2796 3186 70 26 music,
2887 3186 64 21 which
2965 3194 42 14 was

2454 3207 105 24 excellent.
2573 3208 59 28 Wing
2642 3210 92 27 supplied
2745 3212 26 26 hy
2791 3213 30 20 Mr
2835 3213 39 20 and
2885 3214 36 20 the
2933 3214 72 22 Misses

2455 3235 88 29 Malone,
2555 3236 31 23 Mr
2600 3238 22 22 J.
2635 3239 58 21 Drew
2704 3240 67 26 acting
2789 3249 21 13 as
2826 3242 56 23 M.C.
2908 3243 44 22 The
2963 3244 40 21 hall

2454 3271 39 14 was
2508 3267 109 20 continued
2629 3267 49 21 with
2696 3269 61 19 much
2773 3270 59 25 spirit
2852 3271 32 19 till
2899 3271 36 20 the
2951 3272 54 25 early

2452 3291 63 20 hours
2529 3292 21 21 of
2559 3293 36 21 the
2605 3294 100 27 morning.

2478 3319 43 21 The
2539 3320 150 23 balance-sheet
2707 3323 22 19 of
2741 3324 36 21 fhe
2793 3325 66 26 lodge,
2880 3325 65 21 which
2965 3333 41 13 was

2452 3347 47 20 read
2522 3351 22 17 at
2562 3349 35 21 the
2613 3351 63 19 soiree
2695 3350 27 23 hy
2737 3352 47 21 Bro.
2799 3353 24 20 C.
2838 3353 25 19 K.
2886 3353 117 27 M'Kenzie,

2452 3376 108 27 secretary,
2580 3377 81 21 showed
2679 3378 36 22 the
2733 3379 117 22 institution
2870 3382 22 19 to
2910 3381 24 20 he
2952 3381 20 21 in
2994 3389 12 13 a

2452 3402 70 26 hishly
2535 3405 128 26 satisfactory
2677 3407 95 26 position,
2790 3408 186 26 notwithstanding
2990 3417 12 12 a

2451 3430 65 26 heavy
2527 3433 39 20 loss
2576 3433 25 26 by
2614 3433 35 21 fire
2657 3433 74 28 during
2746 3434 35 21 the
2791 3442 55 20 year,
2854 3436 121 23 amounting
2981 3438 23 19 to

2450 3457 49 26 £3O,
2515 3461 59 22 yalue
2583 3461 21 20 of
2614 3461 73 26 regalia
2697 3462 39 20 and
2754 3463 60 20 other
2823 3466 106 25 property.
2958 3464 44 21 The

2449 3487 43 21 sick
2504 3495 38 19 pav
2553 3495 39 14 wa*
2602 3497 11 13 a
2623 3490 138 21 considerable
2769 3491 47 21 item
2825 3490 49 28 als.»,
2882 3492 59 22 being
2949 3492 49 22 £l3l

2450 3514 41 31 _l3s.
2518 3516 42 21 The
2579 3516 58 23 lodse
2656 3518 36 19 has
2708 3526 9 9 »
2735 3519 138 26 membership
2890 3520 21 20 of
2920 3520 31 24 52,
2963 3520 40 20 and

2449 3541 26 21 its
2485 3543 51 21 total
2547 3544 65 21 worth
2624 3544 16 21 is
2653 3544 76 25 £1,449
2738 3545 22 20 5<
2769 3546 30 19 fid.

2588 3620 127 52 Mining
2748 3621 114 42 Notes.

2482 3701 55 27 The
2552 3702 62 25 dred
2619 3702 64 29 seiner
2695 3705 106 22 returns
2815 3702 41 26 for
2869 3703 46 25 the
2929 3704 71 25 week

2448 3738 249 28 were—Roxburgh
2719 3738 70 32 JHoz,
2813 3739 102 28 Golden
2934 3740 66 27 Gate

2449 3777 44 26 7oz

2481 3814 55 27 The
2555 3815 106 26 Ettrielc
2674 3815 99 33 dredge
2786 3818 121 25 resumed
2928 3818 70 25 work

2446 3862 32 16 on
2504 3852 120 35 Monday,
2648 3853 100 28 havin?
2761 3855 64 26 been
2840 3855 158 26 overhauled

2447 3890 97 28 duriner
2574 3890 45 26 the
2659 3892 122 32 previous
2812 3892 76 26 week.
2945 3893 53 25 The

2447 3926 104 27 Ettrick
2570 3927 127 26 directors
2720 3929 54 25 will
2800 3929 130 31 probably
2954 3930 28 26 de-

2445 3965 69 26 clare
2539 3975 16 16 a
2581 3965 128 28 dividend
2735 3967 28 26 of
2794 3968 27 25 Is
2846 3971 27 22 to
2887 3978 111 17 morrow

2448 4002 160 34 (Saturday)

2480 4040 55 26 The
2549 4040 99 26 Golden
2664 4041 59 27 TJnn
2740 4041 36 27 Co
2798 4045 53 23 met
2866 4044 25 25 in
2908 4043 73 27 T)nne-

2447 4078 44 25 din
2506 4078 52 26 last
2568 4078 78 27 niyht
2659 4082 27 22 to
2699 4080 118 26 consider
2828 4081 45 26 the
2887 4082 66 26 offer
2971 4085 27 23 to

2445 4115 129 32 purchase
2586 4115 45 26 the
2640 4117 149 32 company's
2801 4118 98 26 dred<re
2910 4128 29 16 or
2951 4120 45 25 the

2444 4150 197 27 advisableness
2667 4154 27 25 of
2723 4155 98 28 sellincr
2850 4156 46 26 the
2927 4165 52 17 com-

2443 4196 70 26 pany
2523 4197 11 17 s
2548 4197 81 25 prope
2645 4192 28 24 tv
2687 4200 27 17 as
2728 4201 16 16 a
2756 4191 85 28 whole

2477 4225 56 27 The
2555 4226 86 27 Edina
2663 4228 98 29 dredtre
2786 4239 52 16 was
2861 4231 56 26 sold
2942 4233 53 25 last

2441 4262 79 27 week.
2576 4263 48 27 We
2655 4266 163 26 understand
2855 4268 47 26 she
2941 4279 52 16 was

2440 4299 103 27 bought
2556 4301 35 26 bv
2606 4301 43 26 Mr
2660 4302 25 24 J'
2695 4302 35 26 hn
2749 4302 16 21 W
2770 4313 15 14 V
2789 4304 5 24 |
2799 4314 30 15 PV
2852 4305 11 24 f
2864 4314 30 16 or
2913 4306 74 25 £BSO

2475 4336 56 27 The
2540 4338 69 25 river
2620 4339 22 25 is
2654 4348 62 24 very
2726 4340 48 25 low
2788 4344 27 22 at
2826 4345 113 27 present,
2950 4346 43 21 too

2439 4374 77 27 mnch
2543 4385 28 17 so
2596 4376 41 27 for
2661 4377 112 29 dredires
2803 4378 122 38 working
2948 4381 45 27 the

2439 4412 118 28 beaches.

2473 4449 97 28 Messrs
2587 4451 27 26 A.
2630 4452 81 32 Scott,
2725 4453 41 26 his
2781 4462 44 17 son
2897 4455 92 32 Scott),

2438 4487 52 25 and
2515 4487 28 26 E.
2569 4489 129 28 Bloxham
2723 4490 16 26 h
2744 4500 46 17 nve
2812 4492 50 25 left
2884 4492 43 26 for
2945 4494 45 25 the

2438 4523 74 27 West
2526 4524 78 27 Coast
2617 4530 28 22 to
2657 4527 71 26 work
2739 4528 65 25 with
2828 4529 44 24 Mr
2890 4529 99 31 White,

2440 4560 51 28 late
2503 4561 28 27 of
2543 4562 45 27 the
2603 4563 127 27 Hercules
2744 4564 44 26 Co.

2473 4633 158 52 Borough
2669 4636 115 40 Water
2808 4636 142 51 Supply.

2473 4718 41 28 On
2528 4718 101 35 Friday
2650 4720 47 27 the
2716 4720 55 35 poll
2796 4721 30 27 of
2848 4722 47 26 the
2917 4724 57 26 rate-

2433 4768 98 27 pavers
2544 4769 35 18 on
2594 4759 47 29 the
2652 4760 125 38 question
2791 4761 29 28 of
2828 4761 160 39 expending

2433 4800 76 28 £350
2530 4800 28 28 in
2761 4802 47 28 the
2834 4802 154 38 Roxburgh

2434 4843 85 27 water
2532 4840 100 39 supply
2655 4851 54 19 was
2735 4842 94 29 taken.
2871 4843 23 28 A
2915 4842 71 35 good

2433 4880 60 30 deal
2507 4881 31 29 of
2553 4882 116 28 interest
2683 4893 56 17 was
2752 4884 174 34 manifested,
2940 4884 48 27 the

2431 4920 148 36 burgesses
2593 4921 106 39 polling
2724 4922 81 37 fairly
2820 4923 69 28 well.
2931 4923 56 29 Out

2430 4961 30 30 of
2473 4962 36 29 50
2521 4965 159 37 ratepayers
2690 4974 33 18 on
2736 4964 46 27 the
2794 4964 50 29 roll
2856 4965 35 29 39
2903 4965 82 30 voted

2429 5003 45 28 for
2485 5004 48 27 the
2542 5004 136 37 proposal,
2700 5005 86 27 which
2803 5016 54 17 was
2871 5007 96 28 accord-

2429 5042 78 39 ingly
2518 5044 114 28 carried.
2672 5044 57 28 The
2738 5044 106 36 polling
2857 5056 55 18 was
2921 5046 63 28 held

2429 5083 26 28 in
2470 5083 47 28 tht
2527 5083 152 37 Roxburgh
2692 5085 107 28 auction
2814 5096 101 19 rooms,
2930 5085 54 30 and

2428 5123 46 30 Mr
2480 5123 104 30 Burton
2594 5125 80 28 acted
2686 5136 28 17 as
2727 5126 146 38 returning
2881 5126 103 31 officer.

2546 5208 317 50 Correspondence.

2608 5295 30 21 To
2652 5301 43 15 the
2710 5296 86 20 Editor.

2467 5329 58 37 Sir,
2526 5330 52 28 —I
2600 5330 70 28 have
2698 5330 82 29 heard
2802 5330 22 28 it
2843 5330 138 30 currently

2427 5371 128 38 reported
2579 5371 60 28 that
2659 5371 15 29 I
2698 5382 55 17 was
2773 5371 46 28 the
2841 5372 93 27 writer
2954 5371 27 27 of

2427 5421 76 18 some
2514 5411 29 28 of
2555 5411 47 29 the
2620 5411 96 28 letters
2731 5410 123 29 recently
2867 5421 98 26 appear-

2428 5450 51 39 ing
2503 5450 28 29 in
2554 5461 69 29 your
2643 5461 85 28 paper
2748 5450 113 28 relative
2881 5454 29 24 to
2936 5450 45 28 the

2429 5490 158 30 Orchestral
2603 5491 118 38 Society.
2761 5491 13 28 I
2790 5490 67 28 wish
2872 5494 28 25 to
2912 5494 69 25 state

2427 5530 60 29 that
2497 5531 55 29 this
2562 5532 22 26 is
2594 5534 48 25 not
2654 5541 39 24 so,
2704 5530 53 29 and
2769 5530 88 29 would
2870 5530 49 28 ask
2928 5540 52 18 voti

2432 5573 29 25 to
2474 5570 66 28 bear
2559 5580 43 19 me
2615 5573 48 25 out
2675 5570 28 28 in
2717 5569 119 30 this.—l
2849 5581 54 23 am,
2917 5573 63 30 etc.,

2760 5610 27 29 J.
2806 5613 34 25 A.

2463 5649 165 41 Roxburgh,
2639 5651 67 29 27th
2719 5651 75 38 May,
2808 5651 77 28 1897.

2468 5701 65 40 [We
2563 5713 50 19 can
2646 5703 116 29 endorse
2794 5702 47 29 Mr
2872 5700 104 39 Boyd's

2426 5746 148 25 statement
2588 5744 61 26 that
2661 5744 36 26 he
2714 5743 47 27 did
2774 5746 49 24 not
2834 5742 76 27 write
2924 5751 53 16 anv

2425 5781 31 29 of
2461 5781 47 29 the
2514 5781 94 30 letters
2615 5781 118 30 referred
2741 5785 36 26 to.
2780 5780 89 29 —Ed.
2875 5777 96 38 Mail.]

3036 197 122 46 Teviot
3181 198 65 43 and
3269 198 194 43 Alexandra
3481 197 88 43 Fruit-

3183 255 169 52 growers'
3379 254 58 43 Co.

3055 341 306 32 EXTRAORDINAY
3390 341 180 31 GENERAL

3222 391 184 31 MEETING.

3077 474 43 28 An
3140 474 209 39 extraordinary
3370 473 113 40 general
3505 476 68 26 meet-

3039 515 49 39 ing
3102 515 28 29 of
3143 516 46 28 the
3203 515 87 29 abovj
3303 525 135 30 company
3453 525 54 18 was
3526 512 62 31 held

3039 560 30 24 at
3093 556 47 30 the
3165 556 42 31 St.
3232 557 102 29 James'
3357 556 168 30 schoolroom
3554 566 34 17 on

3040 596 124 38 Tuesday
3178 598 120 38 evening
3310 603 29 22 to
3364 601 73 24 meet
3460 596 42 27 Mr
3528 595 61 28 Win

3041 636 95 37 Pryor,
3175 637 45 30 the
3253 636 160 40 company's
3460 635 128 30 Dunedin

3041 687 140 29 manager.
3204 678 121 30 Present:
3346 676 241 30 Messrsßloxhatn

3043 717 37 36 (in
3107 718 47 30 the
3175 717 97 38 chair),
3294 718 126 35 Watson,
3435 716 152 40 Campbell,

3040 758 90 37 Toms,
3146 758 84 36 tJren,
3240 759 134 36 Courtier,
3387 758 201 38 (representing

3040 798 141 40 Mrbnell)
3197 800 118 36 Manuel,
3339 799 99 36 Broad,
3467 798 118 36 Moodie,

3039 839 104 36 Harris,
3194 840 28 29 J.
3268 842 143 34 Bennetts,
3463 839 123 36 Pennell,

3037 880 208 37 Williams,and
3264 881 136 39 Tamblyn
3413 881 171 39 (secretary).

3258 932 125 20 MINUTKS.

3072 962 59 29 The
3166 963 117 29 minutes
3317 963 28 28 of
3376 963 48 28 the
3458 963 126 38 previous

3038 1003 118 40 mteticg
3177 1014 70 19 were
3269 1003 64 30 read
3351 1003 54 30 and
3427 1002 157 31 confirmed.

3201 1054 52 19 THE
3273 1054 136 19 MANAGER.

3076 1084 43 29 Mr
3125 1083 95 37 Pryor,
3228 1083 163 39 addressing
3399 1085 47 28 the
3455 1083 130 37 meeting,

3037 1125 146 37 expressed
3218 1125 42 28 his
3292 1125 140 38 gratitude
3462 1125 42 27 for
3539 1123 46 28 the

3037 1165 200 30 consideration
3276 1166 93 29 shown
3403 1165 55 28 him
3485 1163 102 39 during

3038 1205 47 28 the
3109 1205 60 28 first
3190 1216 96 17 season
3321 1205 29 27 of
3375 1204 73 28 their
3471 1214 116 26 agency,

3038 1243 55 29 and
3130 1244 210 38 congratulated
3374 1244 74 27 them
3495 1251 36 18 on
3572 1251 16 17 a

3039 1285 150 29 successful
3215 1295 95 19 season
3331 1296 30 17 as
3386 1283 43 29 far
3448 1292 31 19 as
3500 1282 88 38 prices

3040 1334 70 19 were
3136 1325 162 28 concerned.
3338 1324 81 28 After
3451 1322 137 36 referring

3040 1368 29 25 to
3083 1374 74 20 some
3171 1369 113 26 matters
3309 1364 29 30 of
3357 1364 115 29 interest
3493 1367 28 24 to
3542 1362 47 29 the

3041 1416 134 28 company
3197 1405 75 37 only,
3298 1406 35 29 he
3346 1404 88 29 stated
3448 1404 61 29 that
3523 1402 64 39 they

3041 1446 53 28 had
3123 1457 16 16 a
3177 1447 129 37 shortage
3330 1445 30 28 of
3382 1444 83 38 really
3502 1447 87 39 prime

3042 1488 106 28 dessert
3188 1487 90 38 plums
3315 1488 28 29 in
3377 1487 46 28 the
3462 1487 125 30 Dunedin

3041 1527 117 35 market,
3181 1527 53 28 and
3264 1529 157 30 mentioned
3436 1529 47 29 the
3505 1538 83 27 green

3041 1567 53 30 and
3109 1568 97 37 purple
3220 1578 97 30 gages,
3325 1570 53 29 and
3390 1569 145 39 especially
3544 1568 46 29 the

3042 1608 112 39 Belgian
3170 1609 26 35 (a
3210 1612 125 39 splendid
3351 1610 69 30 dark
3434 1610 100 39 plum),
3544 1608 47 29 the

3044 1649 136 36 Angelina
3202 1652 118 28 Bnrdett
3342 1652 54 28 and
3407 1652 47 27 the
3468 1650 72 28 Kirk
3562 1659 29 17 as

3043 1690 85 37 being
3141 1692 231 30 mostdesireable
3383 1694 28 26 to
3425 1691 129 28 cultivate
3563 1689 26 27 in

3041 1731 92 37 larger
3142 1732 159 37 quantities.

3081 1771 26 28 It
3132 1782 54 19 was
3207 1772 85 29 menti
3305 1772 59 29 >ned
3390 1772 37 36 by
3448 1782 16 18 a
3486 1779 106 29 grower

3042 1812 61 28 that
3128 1812 35 28 he
3186 1812 121 34 thought
3330 1812 47 28 the
3400 1811 116 35 Belgian
3538 1810 53 29 and

3255 1838 17 11 Hi
3452 1837 15 12 H

3043 1852 46 29 the
3103 1851 70 30 Kirk
3201 1865 70 17 were
3294 1853 46 29 the
3365 1863 83 25 same,
3463 1852 50 28 but
3532 1851 60 29 that

3044 1903 53 17 was
3112 1894 88 28 stated
3222 1898 50 23 not
3291 1897 28 25 to
3332 1894 34 28 be
3380 1904 41 23 so,
3445 1892 55 28 and
3521 1891 71 28 after

3043 1944 74 18 some
3131 1933 151 29 discussion
3296 1934 23 28 it
3332 1945 55 17 was
3403 1932 114 30 decided
3531 1931 61 28 that

3046 1974 43 28 Mr
3100 1973 141 39 Campbell
3255 1974 155 29 ewdeavour
3423 1978 28 24 to
3460 1978 75 24 trace
3545 1972 47 28 the

3044 2014 115 37 Belgian
3174 2015 27 28 in
3218 2014 139 29 Australia
3369 2014 55 29 and
3437 2014 22 28 if
3471 2012 121 41 possible

3044 2058 28 26 to
3086 2065 115 27 procure
3212 2066 74 18 some
3298 2060 80 24 trees.

3083 2095 179 37 Continuing,
3273 2096 46 28 Mr
3329 2096 85 38 Pryor
3425 2096 57 28 said
3494 2096 34 28 he
3539 2105 53 17 was

3044 2136 64 40 glad
3123 2141 29 24 to
3164 2148 45 18 see
3223 2137 77 29 there
3323 2146 55 19 was
3398 2135 194 31 concentrated

3043 2178 89 28 action
3149 2188 33 18 on
3198 2178 47 29 the
3260 2178 108 39 subject
3382 2178 29 29 of
3424 2178 47 28 the
3484 2178 108 36 railway

3043 2218 99 35 which,
3155 2219 77 28 when
3255 2218 80 36 built,
3355 2219 89 29 would
3472 2223 68 26 have
3559 2228 33 18 an

3043 2260 131 28 immense
3199 2260 78 27 effect
3304 2259 27 28 in
3354 2259 169 40 forwarding
3547 2260 45 29 the

3043 2300 126 37 industry
3183 2300 26 28 in
3225 2300 54 28 this
3292 2300 116 31 district.

3172 2351 52 19 THE
3240 2350 223 23 BALANCF-PHEET.

3080 2383 58 28 The
3157 2384 137 28 chairman
3318 2385 62 28 read
3407 2385 47 29 the
3468 2384 108 30 balance-

3042 2426 78 29 sheet
3128 2424 44 30 for
3181 2425 47 30 the
3236 2436 65 27 yeAr
3309 2427 103 34 ending
3426 2427 64 29 30rh
3505 2426 86 38 April,

3043 2465 80 35 1397,
3149 2465 88 28 which
3264 2476 53 17 was
3343 2466 159 28 considered
3526 2476 65 24 very

3041 2506 181 38 satisfactory.
3262 2506 28 29 It
3309 2506 111 29 showed
3442 2506 45 29 the
3514 2516 77 23 gross

3040 2549 69 28 sales
3123 2552 28 25 to
3165 2549 70 28 have
3256 2548 147 29 amounted
3426 2552 28 25 to
3477 2549 112 35 £2,311.

3040 2589 64 28 with
3118 2601 16 16 a
3154 2589 88 28 credit
3254 2589 115 28 balance
3386 2592 29 25 to
3428 2589 82 36 profit
3536 2589 54 28 and

3038 2629 55 30 loss
3118 2632 117 27 account
3261 2629 29 30 of
3314 2629 85 30 about
3419 2630 38 28 £6
3482 2638 36 20 on
3543 2628 48 29 the

3038 2670 89 39 years'
3165 2670 191 29 transactions.
3413 2669 58 30 The
3508 2669 78 29 small

3038 2711 87 29 credit
3146 2709 114 30 balance
3285 2721 54 18 was
3360 2709 107 38 largely
3483 2709 53 28 due
3560 2712 28 25 to

3037 2750 147 30 incidental
3198 2761 134 27 expenses
3345 2749 127 30 incurred
3489 2749 38 39 by
3540 2749 47 28 the

3037 2792 107 37 change
3163 2791 30 29 of
3209 2794 177 36 managment
3435 2789 57 30 The
3513 2800 55 18 sum-

3037 2843 77 28 mary
3135 2832 31 29 of
3189 2831 89 39 prices
3301 2830 114 30 realised
3439 2829 111 30 showed
3570 2841 16 17 a

3036 2872 160 29 favourable
3221 2872 36 28 all
3291 2871 88 30 round
3404 2871 122 28 advance
3550 2880 36 19 on

3036 2913 127 37 previous
3202 2921 88 29 years,
3325 2911 145 38 especially
3494 2911 91 38 plums

3036 2952 54 28 and
3104 2952 127 37 apricots.
3271 2951 59 28 The
3341 2951 69 28 total
3431 2951 114 28 balance
3557 2953 30 25 to

3036 2991 89 29 credit
3137 2991 30 29 of
3179 2990 48 29 the
3237 2999 135 30 company
3385 3000 55 19 was
3449 2990 94 29 Bhown
3558 2999 29 19 as

3036 3032 86 34 £237,
3135 3033 54 26 and
3202 3031 23 28 it
3245 3041 55 18 was
3321 3029 115 30 decided
3457 3033 28 24 to
3508 3030 78 37 place

3037 3072 58 30 £SO
3108 3071 55 29 this
3175 3081 65 26 year
3249 3080 35 18 on
3296 3070 73 29 fixed
3379 3069 117 38 deposit,
3509 3069 58 28 mak-

3036 3114 51 33 ing
3099 3112 28 29 in
3141 3111 34 29 all
3190 3110 75 31 £lB7
3280 3113 28 27 to
3321 3111 47 29 the
3382 3109 88 31 credit
3489 3109 29 30 of
3536 3110 48 29 the

3036 3163 135 23 companv
3181 3153 28 27 in
3219 3153 47 27 the
3278 3151 86 29 bank.

3073 3192 58 29 The
3153 3191 81 29 items
3260 3190 27 28 in
3311 3191 47 28 the
3381 3189 205 29 balance-sheet

3036 3245 71 18 were
3121 3231 138 35 discussed
3283 3232 83 29 sprint
3368 3244 49 23 mi,
3443 3230 55 30 this
3522 3234 63 36 part

3035 3277 30 26 of
3076 3276 46 27 the
3135 3272 126 30 business
3274 3273 86 36 being
3373 3273 82 28 taken
3469 3273 27 27 in
3512 3283 54 17 com-

3035 3318 104 26 mittee.
3181 3314 56 28 The
3251 3314 113 37 passing
3377 3314 30 28 of
3419 3313 22 28 it
3461 3323 55 18 was
3539 3312 31 28 de-

3035 3356 92 29 ferred
3141 3359 27 24 to
3179 3366 16 17 a
3208 3354 92 29 future
3313 3355 130 34 meeting,
3454 3354 29 28 of
3496 3354 87 28 which

3034 3397 72 34 legal
3118 3396 90 28 notice
3221 3395 52 28 will
3288 3395 107 38 require
3408 3398 29 25 to
3447 3394 35 28 be
3492 3394 90 36 given.

3035 3444 225 23 COMPLIMENTARY
3274 3444 91 21 SOCIAL
3380 3445 32 20 TO
3431 3444 37 19 MR
3489 3444 92 19 PRYOR.

3073 3478 40 29 On
3129 3478 46 29 the
3190 3476 100 29 motion
3304 3477 28 29 of
3354 3477 102 29 Messrs
3483 3476 79 35 Camp-

3033 3520 55 27 bell
3104 3519 54 28 and
3181 3518 142 32 Bennetts,
3347 3518 21 27 it
3394 3528 54 17 was
3469 3517 111 28 decided

3035 3559 60 29 that,
3107 3559 44 29 Mr
3161 3558 87 29 Prror
3259 3557 96 30 should
3368 3558 34 29 be
3412 3557 169 30 entertained

3032 3604 29 25 at
3074 3613 15 16 a
3104 3599 82 31 social
3198 3610 35 18 on
3247 3599 41 29 his
3304 3603 92 26 return
3412 3599 70 29 from
3499 3598 66 30 Alex-

3031 3642 85 28 andra
3133 3641 116 28 whither
3262 3641 33 27 he
3309 3651 55 18 was
3384 3641 92 36 going.

3069 3683 45 27 Mr
3136 3681 140 38 Campbell
3304 3681 132 38 proposed
3458 3679 52 30 and
3537 3680 45 29 Mr

3031 3723 115 28 Watson
3164 3721 133 29 seconded
3312 3734 5 17 :
3373 3722 71 28 That
3466 3722 21 27 it
3499 3722 36 27 be
3548 3731 31 17 an

3030 3763 162 31 instruction
3207 3766 27 26 to
3246 3763 46 29 the
3304 3766 135 27 secretary
3449 3766 27 25 to
3487 3761 94 30 record

3029 3806 26 27 in
3071 3806 48 27 the
3132 3805 120 28 minutes
3276 3815 16 17 a
3315 3808 63 24 note
3398 3804 30 28 of
3449 3804 46 28 the
3509 3814 54 18 com-

3030 3846 95 28 oanv's
3139 3844 170 29 satisfaction
3325 3844 66 29 with
3406 3844 47 29 the
3468 3854 114 18 manner

3028 3886 26 28 in
3070 3886 88 28 which
3175 3886 46 28 Mr
3234 3886 87 36 Pryor
3334 3886 53 27 had
3414 3885 103 29 carried
3532 3888 48 24 out

3028 3926 41 28 his
3083 3926 90 29 duties
3189 3925 103 36 during
3318 3926 47 28 the
3390 3929 63 32 past
3476 3935 104 23 season,

3027 3969 53 27 and
3096 3968 61 28 that
3177 3978 15 18 a
3215 3967 82 28 letter
3319 3967 34 28 be
3377 3966 151 29 forwarded
3552 3970 28 23 to

3027 4009 55 28 him
3098 4011 28 25 to
3146 4009 60 27 that
3227 4008 89 31 effect,
3340 4008 65 27 with
3428 4017 15 17 a
3457 4007 65 27 wish
3538 4006 42 28 for

3027 4050 41 28 his
3084 4058 107 20 success
3206 4048 26 29 in
3248 4048 47 28 the
3316 4047 113 38 coming
3452 4045 127 31 season/'

3026 4089 148 29 —Carried
3191 4088 202 33 unanimously.

3062 4130 47 28 Mr
3122 4130 86 35 Pryor
3229 4128 131 28 cordially
3385 4126 121 29 thanked
3531 4126 47 28 the

3026 4170 121 32 meeting
3160 4170 42 27 for
3220 4168 72 29 their
3311 4168 68 28 kind
3403 4167 172 39 expressions

3024 4211 118 29 towards
3161 4210 118 28 himself.

3045 4285 136 41 Sudden
3210 4285 277 48 Disappearance
3518 4282 39 39 of

3196 4340 68 42 Mrs
3304 4339 99 43 Kitto.

3059 4427 41 28 On
3117 4426 137 29 Saturday
3269 4426 127 36 morning
3414 4426 61 33 last,
3489 4426 84 26 about

3021 4468 17 27 4
3051 4478 73 22 a.m.,
3139 4466 59 29 Mrs
3214 4466 43 27 W.
3276 4465 96 34 Kitto,,
3388 4465 30 28 of
3437 4465 116 28 Dumbar-

3020 4512 58 26 ton,
3092 4510 47 31 got
3153 4509 48 23 out
3221 4506 29 26 of
3263 4506 53 26 bed
3332 4509 27 23 to
3373 4505 80 27 make
3475 4516 15 16 a
3515 4515 53 24 cup

3019 4546 31 29 of
3060 4551 52 30 tea,
3132 4546 53 27 and
3209 4544 71 28 after
3298 4544 48 28 she
3367 4544 51 28 had
3445 4544 83 28 taken
3551 4544 21 28 it

3019 4598 74 17 eomfl
3106 4587 30 27 of
3149 4587 47 27 the
3210 4586 95 36 family
3328 4585 82 27 lizard
3433 4585 49 27 her
3494 4585 76 27 leave

3017 4627 47 26 the
3076 4627 85 26 house
3170 4626 52 26 and
3234 4625 184 32 immediately
3430 4624 138 27 followed.

3016 4664 58 29 The
3089 4664 128 34 morning
3227 4663 84 38 being
3323 4662 87 38 foggy
3422 4663 65 37 they
3497 4672 72 20 were

3018 4706 98 27 unable
3128 4709 28 24 to
3175 4704 57 28 find
3246 4714 52 21 anv
3313 4707 74 25 trace
3410 4704 29 28 of
3459 4704 50 27 her
3528 4703 44 28 for

3017 4756 75 18 some
3118 4745 74 29 time.
3235 4744 81 28 After
3341 4754 15 18 a
3381 4743 189 29 considerable

3017 4786 93 29 search
3124 4786 65 36 they
3212 4784 86 29 found
3320 4784 47 29 the
3381 4784 93 29 marks
3497 4784 30 28 of
3553 4796 15 16 a

3017 4837 97 27 person
3129 4826 104 37 having
3243 4825 153 38 seemingly
3419 4825 50 28 slid
3491 4824 77 29 down

3015 4879 17 18 a
3045 4871 76 34 steep
3137 4867 59 28 face
3209 4871 29 24 at
3251 4867 46 28 the
3306 4866 71 28 back
3388 4866 29 28 of
3430 4866 46 28 the
3487 4866 83 29 house

3016 4913 29 23 to
3056 4908 47 28 the
3117 4907 101 30 Clutha
3231 4907 81 34 river,
3338 4906 53 28 and
3415 4906 65 36 they
3504 4916 48 17 con-

3017 4948 96 31 cluded
3129 4948 60 29 that
3202 4947 36 37 by
3253 4957 74 19 some
3341 4957 94 18 means
3457 4946 47 29 she
3515 4946 50 28 had

3007 4988 1 39 1
3016 4994 50 33 got
3090 4990 58 27 into
3174 4989 47 28 the
3251 4989 80 27 river.
3374 4990 21 25 A
3423 4988 65 27 boat
3513 4997 52 17 was

3015 5029 133 39 procured
3168 5029 53 27 and
3243 5038 74 17 some
3337 5027 164 33 volunteers,
3524 5026 28 26 in-

3015 5070 115 37 eluding
3160 5068 149 29 Constable
3341 5067 104 36 Fouhy,
3481 5066 84 35 being

3014 5109 197 35 forthcoming,
3224 5109 64 35 they
3297 5106 172 31 commenced
3482 5106 81 35 drag-
3572 5106 1 38 j

3015 5151 70 37 ging
3104 5151 46 28 the
3173 5149 73 28 river
3268 5148 42 28 for
3336 5148 46 27 the
3405 5146 80 36 body,
3509 5145 51 27 and
3572 5142 1 46 j

3014 5191 69 37 kept
3095 5200 36 27 up
3150 5189 47 28 the
3221 5188 93 28 search
3325 5187 34 27 all
3371 5186 60 32 day.
3472 5184 88 35 Drag-
3572 5184 1 44 j

3015 5231 68 35 ging
3095 5240 55 17 was
3160 5227 146 28 continued
3325 5236 33 17 on
3372 5224 121 33 Sunday,
3508 5224 50 26 but
3572 5224 1 46 j

3014 5271 115 27 without
3156 5277 116 18 success.
3311 5266 56 26 The
3392 5264 114 27 chances
3530 5262 30 29 of
3572 5262 1 36 1

3014 5309 107 37 finding
3133 5318 15 17 a
3162 5307 73 28 bodv
3249 5306 25 27 in
3297 5305 47 27 the
3367 5302 99 29 Clutha
3486 5302 72 28 river
3571 5295 2 51 |

3016 5349 104 37 (before
3136 5348 64 27 nine
3213 5346 76 38 days)
3304 5354 45 18 are
3368 5353 65 25 very
3456 5346 102 25 remote

3012 5391 53 27 and
3081 5398 40 19 we
3146 5388 102 27 believe
3271 5385 60 27 that,
3355 5393 32 17 no
3414 5382 73 37 body
3509 5382 49 28 has

3012 5440 64 17 ever
3087 5428 67 27 been
3171 5436 29 16 so
3213 5423 84 30 found
3318 5423 25 26 in
3367 5422 43 26 the
3436 5421 72 29 river
3530 5422 25 27 in

3013 5469 54 28 this
3081 5466 117 29 district.
3237 5463 115 28 Persons
3365 5461 104 34 having
3481 5461 60 29 busi-

3011 5520 62 16 ness
3087 5518 32 17 on
3132 5517 31 17 or
3175 5515 65 17 near
3248 5503 46 27 the
3308 5502 71 27 river
3390 5512 34 16 on
3435 5501 121 35 Monday

3010 5552 63 23 next
3088 5546 52 28 and
3154 5541 173 30 thereabouts
3341 5540 87 28 would
3443 5540 35 29 do
3492 5542 58 27 well
3569 5540 1 35 |

3010 5592 28 23 to
3052 5587 69 36 keep
3135 5595 15 16 a
3163 5582 112 28 lookout
3288 5581 42 27 for
3344 5580 45 28 the
3398 5580 82 35 bodv,
3494 5591 29 17 as
3532 5581 23 28 it

3008 5627 53 29 will
3093 5622 130 40 probably
3256 5621 64 28 float
3358 5631 33 18 on
3432 5620 121 39 Monday
3567 5620 2 42 !

3008 5666 134 35 morning.
3567 5666 1 35 ,

3688 201 183 52 Roxburgh
3905 202 194 46 Orchestral

3719 257 170 52 Society's
3909 258 156 47 Concert.

3655 342 42 30 On
3713 342 120 40 Monday
3847 344 118 41 evening
3985 346 46 29 tlie
4051 346 113 32 Orbhes?

3618 384 51 28 tral
3685 384 109 39 Society
3808 396 70 23 gave
3900 396 16 18 a
3939 391 108 24 concert
4069 388 27 29 in
4118 390 47 28 th<4

3621 425 160 29 Athenreum
3796 426 75 36 Hall,
3883 426 46 29 the
3938 428 115 37 especial
4063 429 105 31 feature

3620 466 29 29 of
3658 466 86 28 which
3755 477 54 18 was
3818 468 60 28 that
3888 466 47 29 the
3943 467 78 30 items
4030 470 135 29 consisted

3620 506 162 40 principally
3792 508 30 29 of
3836 507 99 31 Scotch
3947 508 94 31 music.
4080 509 86 31 There

3620 559 54 18 was
3698 548 65 38 only
3787 560 16 17 a
3829 549 138 30 moderate
3992 551 162 31 attendance

3618 589 54 27 and
3686 589 27 27 in
3728 589 54 28 this
3796 596 108 30 respect
3923 590 23 27 it
3968 599 61 28 may
4053 592 32 27 be
4108 593 58 28 said

3620 628 45 29 the
3679 628 127 39 society's
3820 629 94 30 efforts
3925 629 130 31 deserved
4077 631 90 30 better

3617 669 194 38 appreciation.
3853 669 134 29 Whether
3996 670 22 28 it
4027 672 124 34 was,how-

3617 720 73 26 ever,
3711 709 46 30 the
3775 715 122 24 extreme
3917 709 61 30 cold
4005 711 59 36 (the
4086 711 81 40 night?

3617 751 84 39 being
3715 762 66 28 very
3801 751 99 39 frosty)
3922 762 32 18 or
3973 751 47 29 the
4043 756 73 25 want
4137 755 29 27 of

3615 802 100 28 proper
3726 791 186 40 appreciation
3921 791 30 29 of
3961 792 99 29 Scotch
4071 794 94 37 music/

3615 834 47 29 the
3679 833 132 30 audience
3823 843 70 19 were
3905 832 153 39 singularly
4071 844 77 20 unres-

3614 873 177 40 ponsive,and
3798 874 47 29 the
3850 873 165 40 performers
4022 873 46 30 did
4074 878 75 26 notre-

3615 915 73 30 ceive
3704 916 45 29 the
3768 918 232 35 encouragement
4008 914 88 40 justly
4112 915 56 31 due

3615 961 28 23 to
3653 956 72 28 their
3732 956 103 29 efforts.
3876 958 38 25 As
3923 960 29 23 at
3962 956 126 37 previous
4097 966 48 18 con-

3614 1003 81 29 certs,
3707 996 46 29 the
3772 996 140 30 orchestra
3923 995 52 29 had
3985 996 46 28 the
4041 996 122 30 heaviest

3613 1038 79 28 share
3702 1037 29 29 of
3744 1037 45 29 the
3800 1037 75 29 work
3885 1047 35 18 on
3932 1037 47 29 the
3987 1047 176 28 programme

3613 1077 112 30 allotted
3740 1081 28 25 to
3780 1078 85 36 them,
3887 1087 36 19 no
3945 1077 53 29 less
4020 1078 66 28 than

3614 1123 151 30 overtures,
3796 1122 54 24 two
3876 1117 154 36 selections,
4062 1118 54 29 and
4148 1130 16 16 a

3615 1158 78 29 waltz
3709 1157 47 38 (by
3771 1157 47 29 the
3838 1162 102 35 septett
3962 1160 90 37 party)
4078 1158 84 39 being

3616 1198 149 28 bracketed
3787 1198 64 27 with
3874 1198 71 27 their
3966 1209 89 17 name.
4094 1199 65 29 This

3617 1246 54 17 was
3693 1247 16 16 a
3733 1236 150 27 somewhat
3907 1237 77 36 large
4003 1237 88 34 order,
4109 1239 54 28 and

3615 1277 107 38 though
3731 1275 47 29 the
3788 1276 70 28 band
3869 1276 108 29 tackled
3985 1277 23 29 it
4019 1278 142 39 manfully,

3617 1317 65 37 they
3695 1316 47 28 did
3756 1320 49 23 not
3820 1316 154 37 altogether
3987 1318 129 28 overtake
4129 1320 30 34 it,

3617 1356 47 30 the
3695 1355 87 35 waltz,
3816 1354 113 30 entitled
4061 1358 112 30 artistV

3778 1395 84 39 being
3874 1395 114 30 omitted
4002 1397 170 38 altogether,-

3618 1437 79 28 while
3735 1437 48 27 the
3821 1437 164 37 concluding
4027 1438 145 35 selection/

3619 1477 87 29 which
3721 1488 54 17 was
3789 1476 159 29 announced
3961 1487 29 17 as
4004 1477 37 38 by
4056 1478 46 28 the
4115 1479 50 28 full

3618 1518 148 33 orchestra,
3780 1526 55 19 was
3850 1516 97 39 played
3959 1517 36 38 by
4005 1518 47 30 the
4064 1524 108 32 septett*

3618 1562 80 35 party
3711 1557 116 29 instead.
3866 1557 59 28 The
3937 1558 129 29 numbers
4083 1559 79 37 given

3618 1598 108 29 showed
3742 1597 59 29 that
3821 1609 15 17 a
3850 1597 52 29 fair
3923 1602 113 25 amount
4056 1597 29 30 of
4103 1609 69 29 pro-'

3619 1649 78 28 gress
3728 1638 54 30 had
3813 1638 69 28 been
3909 1638 78 29 made
4015 1639 73 29 since
4118 1640 46 28 the

3619 1678 163 29 orchestra's
3812 1677 53 29 last
3896 1688 177 29 appearance,
4097 1680 79 28 their'

3620 1718 86 35 work,
3716 1718 104 39 judged
3838 1718 36 37 by
3888 1718 46 28 the
3947 1724 118 30 concert,
4083 1720 84 36 being

3611 1769 43 23 ,on
3674 1758 47 30 the
3734 1758 86 30 whole
3843 1768 65 28 very
3932 1759 82 38 good,
4033 1760 105 38 despite
4151 1772 17 17 a

3620 1799 70 29 little
3713 1799 189 28 unsteadiness
3923 1800 26 28 in
3975 1810 75 19 some
4071 1801 30 28 of
4123 1801 45 28 the

3620 1839 152 31 selections.
3811 1839 131 30 Pressure
3961 1851 33 19 on
4018 1851 49 18 our
4088 1852 71 28 space-

3619 1884 130 34 prevents
3761 1891 17 17 a
3790 1879 119 29 detailed
3921 1880 126 30 criticism
4059 1880 110 39 beyond

3620 1920 77 29 these
3716 1920 53 28 few
3794 1920 111 38 general
3931 1926 158 31 comments,
4116 1922 49 28 but

3620 1960 98 39 special
3734 1960 120 30 mention
3875 1965 73 25 must
3964 1962 34 29 be
4012 1962 76 30 made
4110 1962 29 30 of
4150 1974 15 17 a

3622 2001 98 29 Scotch
3737 2000 53 30 reel
3808 2001 37 36 (in
3860 2004 131 35 costume)
4014 2004 103 28 danced
4132 2004 34 38 by

3611 2034 1 48 '
3622 2042 57 30 Mrs
3690 2042 78 33 Hart,
3775 2042 65 30 Miss
3851 2042 83 40 Coop,
3944 2044 53 29 and
4007 2044 45 29 the
4064 2044 104 30 Messrs

3623 2084 32 28 A.
3682 2084 54 28 and
3762 2083 33 29 D.
3819 2082 163 38 Robertson,
3996 2089 27 24 to
4049 2085 117 45 bagpipe

3622 2124 85 28 music
3728 2124 37 38 by
3785 2124 44 29 Mr
3843 2124 31 30 R.
3892 2125 91 36 Adair,
4008 2126 85 28 which
4112 2137 57 17 was'

3622 2165 179 39 vociferously
3814 2166 123 29 encored.
3977 2166 45 29 Mr
4042 2167 35 29 D.
4090 2166 54 29 Rob-

3622 2209 91 25 ertson
3727 2206 56 29 also
3794 2207 121 28 received
3930 2218 33 17 an
3973 2207 136 39 emphatic
4123 2218 26 18 re-

3621 2247 51 27 call
3699 2247 44 27 for
3766 2247 41 27 his
3832 2257 79 27 song,
4121 2247 43 28 for

3749 2287 52 29 and
3832 2287 151 39 responded
4022 2288 64 28 with
4149 2287 10 28 I

3622 2327 99 29 cud'na
3756 2327 73 30 dae't
3858 2329 43 28 for
4106 2327 59 30 Mrs

3623 2368 108 28 Adair's
3753 2379 78 25 song,
3959 2369 87 27 Robin
4062 2365 113 41 Gray,"'

3624 2419 52 19 was
3690 2420 15 17 a
3718 2409 117 38 genuine
3848 2413 68 27 treat
3932 2409 66 37 (this
4013 2409 63 39 lady
4090 2409 47 30 has
4148 2421 16 18 a

3622 2454 71 23 most
3725 2450 179 37 sympathetic
3942 2460 212 26 mezzo-soprano-

3620 2489 87 35 voice,
3716 2489 53 29 and
3782 2499 38 20 we
3831 2489 68 39 hope
3912 2492 28 27 to
3950 2489 65 29 hear
4024 2489 49 30 her
4082 2489 80 38 again

3620 2534 28 25 at
3662 2530 92 29 future
3767 2531 142 34 concerts).
3948 2530 58 30 Her
4019 2541 69 27 song
4109 2541 46 18 was-

3619 2571 149 28 somewhat
3782 2571 115 31 marred,
3911 2571 132 35 however,
4071 2580 34 28 oy
4119 2571 40 28 the-

3618 2611 89 38 faulty
3721 2616 191 34 management
3920 2611 29 29 of
3962 2612 46 28 the
4017 2611 108 28 tableau
4136 2611 27 28 in

3617 2652 161 29 connection
3791 2652 63 29 with
3867 2652 31 30 it.
3937 2652 45 29 Mr
3996 2654 35 27 A.
4048 2651 100 30 Robert-

3617 2691 73 29 son's
3704 2702 71 27 song
3817 2692 33 29 0'
3865 2692 27 29 'a
3912 2693 47 28 the
4108 2702 57 19 was

3615 2732 57 29 also
3685 2741 35 20 an
3739 2732 137 30 excellent
3889 2733 75 35 item,
3987 2733 61 28 that
4060 2732 91 39 gentle-

3616 2782 61 19 man
3690 2772 85 39 being
3787 2773 28 28 in
3836 2773 42 29 his
3900 2773 63 29 best
3985 2773 80 29 form.
4105 2773 60 29 Mrs

3615 2811 110 30 Waters
3748 2813 55 29 and
3833 2813 46 29 Mr
3904 2813 144 36 Bennetts,
4074 2813 92 29 whose

3614 2863 93 18 names
3721 2863 70 19 were
3801 2865 35 18 on
3850 2854 47 28 the
3911 2864 182 28 programme,
4115 2853 48 29 did

3613 2896 49 26 not
3674 2903 111 28 appear,
3800 2895 54 28 and
3869 2894 43 29 Mr
3926 2893 107 39 Kinvig
4043 2894 80 29 acted
4133 2905 32 19 as

3613 2933 149 29 substitute
3772 2934 44 28 for
3827 2944 51 18 one
3888 2935 75 34 item,
3973 2934 113 37 singing
4096 2943 67 28 very

3613 2972 70 29 well.
3722 2973 109 37 During
3875 2973 48 29 the
3959 2974 121 39 evening
4118 2974 57 29 Mr~

3615 3012 89 39 Reilly
3710 3013 158 38 apologised
3878 3015 42 29 for
3928 3015 47 29 the
3980 3025 167 27 non-appear-

3615 3062 66 19 ance
3700 3054 29 28 of
3748 3053 77 28 these
3844 3057 53 25 two
3911 3055 174 38 performers,
4105 3055 55 28 and

3615 3093 89 29 stated
3718 3093 60 29 that
3789 3093 46 29 the
3848 3094 90 39 object
3951 3095 29 28 of
3992 3094 48 28 the
4053 3099 110 24 concert

3617 3144 53 18 was
3680 3138 29 24 to
3730 3134 174 39 supplement
3928 3136 47 29 the
3998 3136 165 30 instrument

3617 3175 78 34 fund,
3705 3176 57 27 also
3771 3176 60 27 that
3839 3176 46 27 the
3895 3176 98 28 annual
4005 3176 120 33 meeting
4133 3176 29 28 of

3616 3215 45 31 the
3676 3215 102 41 society
3792 3216 87 32 would
3895 3216 34 31 be
3941 3214 61 33 held
4014 3227 33 19 on
4061 3215 100 41 Friday

3618 3258 75 33 (this)
3705 3259 128 37 evening,
3845 3259 77 28 when
3933 3260 75 26 those
4020 3260 59 26 who
4091 3269 69 17 were

3615 3297 145 30 interested
3776 3297 27 30 in
3826 3298 116 37 hearing
3966 3299 47 29 the
4035 3298 117 30 balance-

3613 3338 78 28 sheet
3704 3337 63 29 read
3782 3349 69 18 were
3870 3339 103 29 invited
3994 3345 27 22 to
4040 3340 33 27 bo
4094 3349 45 27 pre-

3613 3383 69 25 sent.
3723 3380 24 28 A
3761 3390 64 27 very
3845 3380 144 39 enjoyable
4009 3380 85 29 dance
4108 3380 39 28 fol-

3614 3418 95 35 lowed,
3735 3423 28 25 at
3794 3420 87 29 which
3905 3422 72 34 good
4001 3420 85 30 music
4105 3431 55 17 was

3613 3460 131 35 provided
3759 3460 36 39 by
3810 3461 47 29 the
3870 3465 102 35 septett
3992 3465 89 36 party,
4103 3458 63 32 and!

3613 3500 44 29 Mr
3669 3502 27 28 J.
3710 3501 39 29 Dr
3767 3512 23 16 w
3800 3503 78 27 acted
3892 3514 30 16 as
3936 3502 74 29 M.C\

3742 3598 78 43 Bald
3840 3598 59 43 Hill
3919 3599 112 45 Notes.

3760 3688 54 21 Owx
3827 3688 194 22 Cohbkßpondent.

3643 3726 107 21 (R»c«:ved
3765 3730 34 16 too
3809 3726 40 21 late
3858 3726 32 21 for
3899 3727 95 21 insertion
4004 3727 38 21 last
4051 3734 39 15 issu
4097 3732 32 22 \/'

3647 3760 109 31 Winter
3768 3761 49 30 has
3830 3771 76 20 come
3920 3765 28 26 at
3969 3761 59 36 last,
4047 3763 63 35 and,

3611 3801 13 29 I
3638 3802 162 34 write,snow
3816 3803 22 28 is
3851 3803 99 31 falling
3960 3813 63 26 very
4037 3803 124 35 heavily,,

3610 3843 98 35 which,
3723 3843 13 28 I
3749 3854 43 18 am
3806 3843 97 35 afraid,
3919 3843 52 29 will
3984 3846 49 35 put
4054 3855 15 16 a
4090 3849 70 34 stop*

3610 3887 28 24 to
3652 3883 34 28 all
3701 3884 106 35 mining
3820 3884 73 34 here,
3914 3895 29 17 as
3956 3884 21 27 it
3990 3884 21 27 is
4024 3884 93 34 nearly
4126 3890 29 22 at

3609 3933 15 18 a
3638 3923 136 29 standstill
3786 3923 120 37 already,
3915 3924 45 28 the
3971 3924 67 28 frost
4050 3924 101 34 having

3609 3964 76 29 dried
3711 3975 37 26 up
3781 3965 45 27 the
3853 3970 84 24 water
3967 3964 187 38 considerably

3609 4005 100 34 during
3722 4005 47 27 the
3782 4005 52 27 last
3847 4005 51 28 few
3913 4005 99 29 weeks.

3645 4045 92 28 Carrol
3751 4045 52 29 and
3820 4045 93 38 Lynch
3927 4055 45 20 are
3989 4045 123 37 working
4125 4048 28 26 at

3607 4097 15 15 a
3635 4086 197 37 disadvantage
3846 4086 91 38 owing
3948 4090 28 24 to
3996 4086 115 34 scarcity
4124 4087 37 27 of

3606 4129 91 23 water.
3737 4125 76 34 They
3835 4136 46 18 are
3904 4127 92 36 trying
4019 4130 27 24 to
4070 4130 46 35 get
4137 4137 15 17 a

3605 4165 127 38 paddork
3746 4170 47 23 out
3807 4165 93 29 before
3914 4166 102 39 having
4039 4171 27 23 to
4088 4166 72 29 shut,

3605 4206 78 28 down
3699 4206 43 28 for
3755 4206 47 28 the
3815 4206 103 29 winter.

3641 4246 27 28 It
3681 4246 21 28 i-<
3716 4250 28 24 to
3758 4246 34 28 be
3805 4246 89 38 hoped
3909 4247 60 29 that
3981 4247 48 29 the
4051 4247 95 38 spring

3603 4286 29 27 of
3645 4286 46 28 the
3711 4296 65 25 year
3789 4286 53 28 will
3858 4287 81 36 bring
3952 4288 84 27 about
4049 4299 15 15 a
4079 4297 69 17 more

3603 4325 119 28 cheerful
3755 4329 70 24 state
3858 4326 29 28 of
3918 4326 91 28 affairs
4034 4326 43 28 for
4100 4326 46 28 the

3603 4366 99 30 miners
3716 4366 25 29 in
3757 4366 54 29 this
3826 4365 115 38 district,
3965 4379 30 17 as
4015 4366 21 30 it
4059 4367 21 29 is
4104 4366 44 31 the

3603 4408 106 36 mining
3722 4407 125 36 industry
3861 4408 77 28 alone
3952 4409 59 27 that
4025 4419 39 19 we
4079 4409 67 29 have

3602 4450 28 25 to
3645 4447 107 38 depend
3767 4457 33 17 on
3816 4457 36 28 up
3867 4447 72 29 here.

3638 4486 108 37 During
3765 4487 54 28 this
3842 4497 94 18 season
3955 4488 30 28 of
4005 4489 47 27 the
4073 4498 73 27 year;

3602 4527 75 27 when
3693 4536 73 18 snow
3777 4526 52 27 and
3845 4526 70 28 frost
3936 4537 45 17 are
4001 4527 47 28 the
4067 4527 80 29 order

3599 4566 29 28 of
3636 4566 46 28 the
3692 4566 63 37 day,
3766 4566 22 27 it
3800 4570 71 24 must
3883 4566 33 28 be
3926 4577 67 26 very
4003 4567 142 29 miserable

3598 4606 43 27 for
3664 4617 50 17 our
3737 4606 115 37 popular
3876 4607 81 34 whip,
3987 4608 41 26 Mr
4053 4608 95 33 Adam,,

3598 4645 159 33 M'Donald,
3771 4654 29 17 as
3823 4645 58 27 Her
3903 4645 143 38 Majesty's
4068 4646 80 27 mails,

3598 4688 73 25 must
3683 4685 35 28 be
3731 4683 147 30 delivered.
3916 4684 45 30 He
3977 4685 89 29 leaves
4080 4686 64 28 here

3598 4734 82 28 every
3694 4723 100 30 second
3809 4724 80 37 night
3901 4735 29 18 as
3951 4725 21 28 it
3991 4725 23 28 is
4035 4726 109 37 getting

3599 4765 78 35 dark,
3724 4765 144 35 returning
3915 4765 45 29 the
4003 4766 140 35 following

3600 4806 126 31 morning
3748 4809 28 24 at
3798 4805 138 36 daybreak
3962 4806 128 37 punctual
4115 4809 28 24 to

3598 4846 73 35 time,
3686 4845 52 29 fair
3751 4845 118 28 weather
3879 4856 30 18 or
3923 4846 95 38 rough.
4061 4846 81 36 Many

3598 4887 79 26 times
3692 4886 13 27 I
3719 4885 110 28 wonder
3842 4885 59 27 how
3915 4886 33 27 he
3970 4895 127 27 manages
4110 4890 27 23 to

3597 4929 48 29 get
3658 4925 128 36 through.
3828 4925 7 26 )
3849 4925 73 28 often
3934 4925 78 28 think
4022 4925 32 28 he
4065 4929 83 28 must.

3587 4966 42 47 Jbe
3652 4977 16 16 a
3692 4964 188 37 Highlander!
3920 4965 51 28 His
3991 4966 147 28 invariable

3594 5009 124 31 courtesy
3732 5004 92 28 makes
3839 5005 54 27 him
3908 5015 50 17 one
3972 5005 30 28 of
4009 5005 45 27 the
4066 5010 70 23 most

3594 5044 111 37 popular
3727 5043 104 29 drivers
3856 5043 26 28 in
3909 5044 46 28 the
3977 5044 102 28 service
4100 5055 36 28 up

3593 5083 54 28 this
3667 5094 67 26 way.

3629 5125 36 26 At
3699 5134 14 16 a
3747 5123 121 37 meeting
3899 5123 30 29 of
3961 5123 46 29 the
4040 5125 94 29 school

3589 5163 164 33 committee,
3766 5163 62 28 held
3846 5174 32 16 on
3903 5164 46 27 the
3979 5164 59 27 18th
4064 5165 68 29 Miss

3591 5203 87 28 Ar.nie
3689 5202 93 28 Butler
3795 5213 54 18 was
3861 5204 147 36 appointed
4029 5205 103 36 sewing

3589 5243 120 27 mistress
3735 5242 25 27 in
3786 5243 75 37 place
3880 5243 29 28 of
3929 5243 67 28 Miss
4019 5245 124 39 Maggie-

3588 5281 111 29 Ilueson
3714 5281 160 37 (resigned).

1831 106 197 46 MOUNT
2114 107 225 42 BENGER

3558 95 167 60 Friday,
3749 106 101 50 May
3873 108 62 45 28,
3959 101 114 48 189?;

158 195 224 45 IHURSDAY,
400 201 56 32 3bd
467 200 111 38 JUNE,
592 200 80 31 1897.

301 244 39 27 At
352 253 52 19 one
417 243 115 30 o'clock.

151 319 201 33 TABEZ
428 320 265 33 BURTON

216 361 44 30 has
272 363 111 29 received
401 363 163 29 instructions
576 362 63 28 from
652 361 41 28 Mr

146 401 102 29 Patrick
270 403 111 26 Ormond
403 404 68 34 (who
492 404 43 25 has
552 401 81 27 leased
653 401 38 27 his

146 438 90 36 Hotel)
250 445 25 21 to
285 440 44 27 sell
348 440 30 37 by
393 441 82 35 public
494 440 99 27 auction
606 445 26 22 at
652 438 41 28 the

127 477 96 29 '.Hotel
234 478 71 36 yard,
314 478 175 37 Roxburgh—

214 524 14 27 -1
248 523 70 37 dairy
330 533 61 24 cow,
402 523 81 37 newly
495 523 85 28 calved

211 562 17 28 1
248 563 89 36 spring
348 569 52 21 cart
414 563 79 32 horse,
507 563 88 35 3-year
604 560 42 29 old

213 602 15 26 1
249 600 86 36 buggy
355 601 79 30 horse,
456 601 89 34 4-year
566 599 49 34 old,
635 609 58 25 goes

282 638 27 26 in
319 636 80 35 single
413 636 47 27 And
473 635 89 27 double
576 636 101 26 harness

199 676 31 26 i-1
250 674 141 36 2-year-c!d
405 673 62 36 filly,
480 673 32 35 by
527 672 164 33 Blacksmith,

282 710 130 28 unbroken

195 750 7 4 ~
215 751 13 26 1
249 748 75 29 brood
337 757 75 23 mare,
426 747 59 27 with
496 746 49 28 foal
555 753 25 21 at
590 746 52 28 foot

247 786 129 28 first-class
395 784 76 28 hacks

215 823 97 29 Double
324 823 95 36 buggy,
432 821 81 38 single
526 821 97 37 buggy,
643 822 50 28 and

280 868 100 30 go-cart

214 900 85 36 Single
312 899 48 28 and
369 896 90 29 double
472 897 88 37 buggy
573 897 104 28 harness

214 938 94 36 Spring
320 942 53 23 cart
385 934 48 30 and
442 934 61 38 dray
522 936 103 28 harneaa

213 976 98 35 Riding
322 974 97 28 saddles

212 1012 115 31 Leading
339 1011 86 28 chains

215 1052 11 26 1
247 1049 105 29 Smaill's
374 1054 87 31 patent
479 1047 78 37 safety
579 1048 114 36 carriage

279 1086 103 36 swingle
394 1087 43 26 bar

198 1124 28 27 -3
244 1125 56 35 pigs

209 1161 75 29 Farm
297 1162 70 36 dray,
378 1167 36 31 tip
423 1160 70 38 dray,
505 1161 86 37 spring
603 1164 54 23 cart

286 1209 69 28 press

199 1238 165 27 -Ohaffcutter
377 1237 48 28 and
439 1236 156 36 horsepower

213 1275 59 33 A#d
293 1275 69 29 other
383 1273 98 30 articles
494 1280 40 23 too
559 1282 132 20 numerous

282 1320 25 21 to
326 1314 109 27 mention

149 1381 82 33 /Also,
244 1381 167 35 immediately
424 1381 63 28 after
508 1379 42 28 the
562 1379 112 28 above—

176 1419 38 28 On
228 1426 105 22 account
346 1420 27 27 of
384 1419 41 27 Mr
439 1419 29 27 G.
484 1418 142 34 Fitzgerald

208 1457 53 27 The
286 1456 184 32 thoroughbred
506 1457 79 24 entire
609 1454 79 30 horse,

277 1492 182 35 Darlinghurst
470 1492 43 36 (by
529 1491 94 31 Berlin,
646 1496 43 21 out

268 1531 35 27 -of
312 1529 130 37 Darling),
453 1528 151 36 thoroughly
616 1529 72 36 quiet

277 1569 24 26 in
313 1567 87 28 saddle
413 1577 27 16 or
453 1567 108 26 harnegfc.

195 1631 40 28 I'll
246 1630 162 35 CKSDAY,
441 1630 53 27 3J:D
529 1627 111 36 JUNK,

268 1684 32 25 A't
315 1692 45 16 one
374 1681 89 26 o'clock
479 1682 80 33 sharp.

188 1760 183 29 TTJAPEKA
395 1759 123 29 STOCK

138 1812 66 21 First
217 1817 47 16 and
273 1813 72 20 Third
355 1811 131 31 Thursdays
495 1815 24 16 in
529 1814 56 17 kach
600 1809 89 21 Mown.

147 1880 166 30 TOBN
404 1879 53 29 IH
475 1879 23 29 0
512 1878 67 28 MP
593 1877 93 29 SON

138 1916 12 16 p
157 1910 9 14 '
213 1922 46 25 will
287 1920 55 26 hold
369 1920 38 26 his
435 1927 56 18 mxt
519 1919 55 26 Sale
599 1925 24 19 «T
649 1917 40 25 tlip

139 1959 14 26 7
161 1969 13 16 n
185 1961 71 24 «n*fca
266 1959 59 26 Sale
342 1957 91 29 Yards,
451 1958 137 30 L;»wtkhcp,
649 1957 38 23 ilif

126 1998 89 25 •aiiow
228 1997 87 26 daieai
330 2006 46 16 one
390 1995 88 27 o'clock
493 1995 81 35 sharp.

178 2072 43 28 Par
237 2075 33 23 ies
296 2072 109 33 desirinp
431 2079 24 18 to
480 2071 58 25 offer
564 2070 35 26 St<
604 2068 3 37 ;
609 2068 28 28 c'k
662 2078 27 17 or

141 2111 161 31 Implements
316 2117 24 19 i»t
355 2110 75 26 rfbovp
446 2108 52 26 iSle
660 2113 28 18 tn

140 2149 59 26 g*nd
219 2148 146 35 particulars
387 2154 24 19 to
432 2146 39 27 the
494 2146 149 27 Auctioneer

183 2186 4 27 l
191 2196 13 17 v
219 2197 25 14 as
258 2186 112 26 no>t«ii»le.

138 2261 256 30 DISSOLUTION
422 2261 47 28 OF
496 2260 168 29 PARTNER-

355 2301 110 30 SHIP.

124 2384 179 38 JOHNS
355 2384 32 37 &
435 2383 249 42 M'COMBE,

273 2454 157 28 MILLEHS
449 2454 99 29 FLAT.

430 2520 3 10 '
458 2521 6 9 T

132 2543 187 32 TXAVIMj
331 2545 156 30 Purchased
498 2545 62 30 the'
560 2545 124 30 Business

229 2586 30 28 of
283 2586 48 29 the
354 2587 62 28 firm
446 2587 31 28 of
498 2586 101 29 -Johns
626 2594 58 20 &nd

132 2625 150 37 M'Combe,
296 2626 23 28 it
331 2626 55 29 will
409 2626 35 29 be
466 2626 83 29 taken
569 2635 67 20 over
654 2635 29 19 as

132 2666 71 29 from
216 2665 48 31 the
279 2665 66 31 15th
358 2666 27 29 in
388 2670 35 33 st,
440 2666 55 29 and
517 2666 54 29 will
585 2666 82 29 hence-

131 2707 118 28 forward
277 2707 35 29 be
338 2707 105 29 carried
461 2717 37 19 on
519 2707 93 29 binder
629 2707 53 28 ftbe

131 2756 80 20 name
300 2747 33 29 E.

167 2787 47 28 All
248 2792 130 25 accounts
415 2787 94 40 owing
540 2790 74 26 must

130 2828 100 29 settled
249 2832 30 25 at
297 2838 77 20 odco.

273 2892 33 30 E.
346 2892 185 36 JOHNS,

140 2940 116 22 GROCBR
269 2940 62 22 AND
348 2941 136 21 GENERAL
498 2940 167 22 MERCHANT.

322 3003 155 21 AGENCIES:

125 3041 176 31 Manchester
314 3042 64 29 Fire
390 3042 148 29 Insurance
553 3042 49 29 Co.

123 3082 159 28 Australian
291 3081 108 30 Mutual
406 3081 148 29 Provident
564 3081 113 38 Society

118 3173 212 53 yiCTORIA
348 3173 144 30 LIVERY
506 3174 169 29 STABLES

208 3240 71 23 PEEL
292 3240 111 29 STREET,
419 3240 167 23 LAWRENCE.

110 3310 45 42 T.
185 3310 120 51 Dwyer
350 3320 7 32 :
400 3320 12 32 :
465 3309 207 52 Proprietor.

157 3397 57 29 The
227 3408 66 27 very
299 3396 68 30 .best
382 3396 130 38 Stabling
528 3396 143 39 provided,

198 3449 16 17 a
228 3437 99 29 Groom
341 3438 101 38 always
455 3438 28 28 in
496 3438 174 28 attendance.

115 3533 27 25 •A
166 3531 159 29 Handsome
350 3532 54 27 and
426 3530 242 38 'Well-appointed

212 3592 154 37 Hearse
390 3603 52 26 on
472 3591 102 38 Hire.

155 3688 157 28 First-class
344 3688 93 38 Single
471 3688 53 28 and
559 3687 107 29 Donble
676 3687 1 45 j

118 3728 123 37 Buggies
244 3740 14 22 ■;
279 3728 64 30 also,
355 3728 111 28 Ladies'
480 3728 54 28 and
555 3728 122 37 Gentle-1

116 3768 87 28 men's
218 3767 101 30 Saddle
331 3767 113 31 Horses.

252 3885 33 38 J-
364 3885 298 42 WILLIAMS,

125 3955 4 28 .
138 3955 199 22 HAIRDRESSER
356 3956 62 21 AND
436 3956 200 27 TOBACCONIST,

307 3996 163 30 Lawrence.

148 4068 151 29 LADIES'
331 4068 294 32 HAIRCOMBINGS

192 4122 110 28 MADE
319 4122 94 29 INTO
434 4122 143 30 PLAITS.

99 4202 6 12 ;
110 4194 101 28 Orders
221 4195 37 38 by
266 4198 62 35 post
337 4195 138 40 promptly
482 4196 130 29 attended
624 4200 37 26 to.

111 4292 62 52 u.
282 4296 378 40 WINN,

113 4372 123 20 FA.n'F"
270 4371 129 25 Cr.AZ'F.R,
425 4372 88 21 PAPER
534 4372 117 21 RANGER

185 4407 66 19 SOV
275 4407 112 21 WAITER
411 4407 59 21 A*D
494 4408 92 21 HOU-sE

299 4441 173 25 DECORATOR,

197 4490 24 29 •P
232 4500 39 19 v-3
291 4490 99 37 Place,
410 4492 160 29 Lawk&nce.

147 4580 41 29 On
203 4580 64 29 RiV
280 4592 16 17 a
305 4581 77 38 large
392 4581 54 30 and
455 4581 92 31 varied
557 4584 88 27 assort-

108 4632 71 18 rrLni
198 4623 27 26 <>f
238 4621 70 35 Oils,
320 4622 106 35 Paints,
449 4623 97 33 Scrim,
569 4623 90 33 Glass,

107 4661 65 26 Pjdm
186 4661 3 26 :
359 4662 53 25 and
433 4661 134 26 Painters'
588 4661 54 26 Sun-

99 4699 57 30 •dri.
169 4715 21 12 -•

185 4750 29 12 -77
224 4739 50 27 and
286 4739 170 27 fashionable
464 4738 73 27 Wall
548 4737 112 38 Papers,

110 4779 20 27 f:
139 4790 41 16 rin
197 4779 32 27 -id
253 4789 50 27 per
323 4779 76 37 piece
421 4777 136 37 upwards,
600 4781 45 24 fat-

110 4823 26 23 te
157 4817 3 37 !
174 4831 12 10 <
273 4828 35 17 on
329 4818 176 36 application,
519 4822 60 32 post
593 4817 67 28 free.

152 4860 12 25 H
174 4875 7 5 -
201 4856 3 40 i
211 4861 83 26 mates
308 4857 80 39 given
404 4857 43 29 for
469 4856 116 29 General
607 4856 53 29 Re-

102 4899 90 37 PH.'.S.

146 4939 20 26 ('
188 4937 120 30 Vbrated
325 4936 131 29 Lustruss
474 4936 90 35 Paint,
577 4936 83 38 ready

105 4981 102 32 m:xf'l,
221 4978 33 29 all
271 4977 122 31 Colours.

109 5077 258 45 Speargrass
402 5073 90 40 Flat
526 5075 131 44 Hotel,

204 5138 103 31 BALD
330 5138 94 29 HILL
449 5138 108 31 FLAT.

102 5221 91 23 JAMES
204 5219 153 24 FALCONER

190 5334 73 26 most
290 5328 180 30 comfortable
499 5328 53 28 and
584 5329 59 28 well-

105 5371 150 41 appointed
269 5370 95 30 House
380 5369 35 36 by
439 5368 151 30 Travellers
603 5369 53 29 and

105 5416 48 27 the
164 5412 94 40 public
273 5410 151 40 generally.
464 5409 117 28 Patrons
594 5420 62 26 may

103 5454 59 37 rely
176 5463 34 20 on
224 5461 84 28 every
325 5449 136 30 attention
475 5449 85 37 being
573 5449 81 38 given

99 5498 32 26 io
141 5492 73 31 their
225 5492 128 30 comfort.

101 5568 47 27 An
162 5566 158 30 Excellent
334 5565 89 28 Table
436 5564 119 28 Always
569 5562 85 30 Kept.

164 5640 71 40 Only
252 5640 46 29 the
313 5640 66 29 Best
393 5638 117 40 Liquors
524 5636 76 41 Kept

304 5681 27 29 in
347 5680 97 30 Stock.

275 5734 139 39 Stabling,
428 5733 66 31 with
511 5733 100 30 Groom
627 5732 25 30 in

294 5777 176 28 attendance.

715 197 139 34 TEVIOT
863 196 218 33 WESLEYAN
1092 195 173 33 CHURCH.

814 279 112 39 Sunday
940 278 125 30 Services
1077 276 56 30 will
1155 276 34 30 be
1202 285 49 20 con-

804 320 101 30 ducted
916 330 30 18 as
959 318 150 30 follow:

719 370 110 28 Roxburgh
839 369 20 26 (7
868 367 137 30 p.m.)-Rev.
1015 366 22 23 J.
1045 366 29 22 H.
1082 365 84 28 Hooper

806 395 131 29 (Subject—*'
944 395 71 23 Christ
1022 401 38 15 our

719 427 48 23 Coal
776 426 65 23 Creek
850 426 20 26 (3
878 422 136 29 p.in.)-Rev.
1025 422 22 21 J.
1059 421 27 21 H.
1098 420 84 27 Hooper

721 454 114 28 Et*ick(ll
846 451 136 27 a.m.)-Rev.
988 449 59 23 J.H.
1057 449 83 26 Hooper

807 480 53 28 (6.80
868 479 119 29 p.m.)—Mr
994 476 68 23 Smith

906 534 178 34 WANTED.

723 614 154 57 PRICES
895 612 104 26 wanted
1020 610 41 26 for
1072 609 197 26 Stonework.—

808 651 92 36 Apply
912 652 28 24 to
952 648 97 28 Albion
1063 645 87 28 Hotel.

788 788 414 43 BERNSTONE,

768 868 78 31 THE

866 929 93 35 (From
985 927 151 38 Dunedin),

799 1004 142 57 WILL
956 1004 66 30 vitifc
1034 1002 163 40 Roxburgh,

914 1045 104 30 Millers
1048 1045 70 35 Flat,
1143 1043 53 29 and

794 1086 187 38 surrounding
1016 1085 121 29 districts
1170 1087 29 25 *t

794 1125 109 39 regular
913 1125 140 37 intervals,

929 1174 79 30 when
1024 1174 34 30 he

806 1228 102 28 WILL
921 1228 104 30 TAKE
1040 1227 149 32 ORDERS

795 1292 28 25 to
847 1289 55 29 suit
915 1289 47 30 the
975 1290 181 30 convenience
1170 1289 29 29 of

869 1336 46 27 the
933 1336 67 28 local
1021 1336 103 37 public.

838 1427 128 30 Charges
990 1429 159 29 Moderate.

794 1520 74 30 Suits
877 1520 70 30 from
957 1522 38 29 £3
1007 1522 42 35 3s;
1065 1521 130 30 Trousers

921 1568 70 29 from
1006 1569 57 28 16s.

792 1660 45 30 Fit
849 1661 174 30 Guaranteed
1043 1673 31 18 or
1093 1662 102 38 Money

893 1713 48 25 not
955 1710 140 38 accepted.

727 1818 43 54 [)
854 1819 44 36 A.
971 1819 298 43 BUCHANAN,

799 1893 72 20 BOOT
900 1892 59 21 AND
985 1892 73 20 SHOE
1086 1891 109 26 MaKER,

764 1937 142 30 Scotland
918 1956 9 4 -
938 1946 106 27 stkeet,
1065 1937 160 30 Roxburgh.

828 2036 92 38 Every
941 2035 166 39 description
1130 2035 29 29 of

720 2089 87 29 Boots
820 2099 55 19 and
890 2089 89 29 Shoes
993 2089 133 28 Supplied
1138 2097 35 19 or
1187 2088 82 29 Made

895 2140 33 19 to
949 2130 141 29 Measure.

719 2182 45 29 Fit
770 2181 185 30 Guaranteed.
1032 2181 46 29 Fit
1086 2181 180 29 Guaranteed.

769 2263 122 19 REPAIRS
916 2262 114 20 NEATLY
1062 2261 154 21 EXECUTED.

838 2329 19 26 A
884 2327 85 29 Trtal
992 2327 144 29 Solicited

751 2394 331 29 EXTRAORD'NARY

949 2434 279 31 opportunity.

711 2514 78 22 FROM
809 2515 57 21 THE
885 2514 131 22 FACTORY
1040 2514 101 21 I'IKECT
1154 2514 36 21 TO
1207 2514 57 20 THE

907 2543 109 23 CUSTOM
1023 2543 13 19 F.
1040 2543 24 22 jr.

816 2613 105 26 Company
936 2612 17 21 i»
973 2611 72 26 sel'itg
1059 2612 63 20 direct
1137 2615 21 16 to
1174 2613 35 19 the
1220 2620 35 13 cu*

682 2636 1 29 '
786 2644 72 21 toner,
876 2640 49 20 thai
945 2639 108 26 procuriug
1071 2639 32 20 for
1122 2639 34 20 the
1174 2639 61 21 letter
1252 2649 11 11 a

682 2666 1 29 •
710 2670 74 24 double
809 2675 104 20 economy,
938 2666 88 27 namely,
1047 2667 36 21 the
1104 2667 60 26 profit
1182 2667 21 21 »f
1228 2668 35 21 the

710 2697 108 24 wholesale
826 2696 76 26 dealer,
912 2695 39 21 and
961 2695 36 20 the
1007 2701 56 14 more
1072 2695 138 20 considerable
1224 2703 39 12 one

682 2717 1 31 !
709 2728 21 20 of
739 2729 35 19 the
781 2724 58 21 retail
850 2723 75 24 dealer,
936 2722 120 26 amounting
1068 2724 22 18 to
1098 2722 52 21 from
1158 2722 21 21 5s
1191 2724 21 19 to
1219 2722 44 22 £lO

709 2762 54 20 upon
779 2760 12 13 a
800 2752 64 25 single
874 2750 73 21 watch.
976 2749 67 21 Retail
1050 2749 155 21 witch-dealers
1221 2750 41 21 and

824 2779 80 25 usually
910 2778 71 24 selling
988 2776 38 21 but
1031 2783 12 14 a
1049 2777 39 20 few
1096 2778 88 20 watches
1197 2777 64 27 daily,

709 2818 33 14 are
753 2808 68 22 forced
831 2810 21 17 to
863 2806 58 21 make
930 2812 26 14 an
963 2804 154 26 extraordinary
1128 2805 61 26 profit
1205 2813 55 19 upon

709 2839 47 20 each
769 2844 38 14 one
825 2835 43 21 sold
878 2834 20 21 in
916 2832 60 22 erder
995 2834 22 19 U
1026 2832 72 28 defray
1108 2832 55 22 their
1178 2833 83 27 general

709 2872 103 19 expense*.

735 2900 39 20 We
800 2896 141 23 manufactory
964 2901 22 13 as
1011 2901 38 14 oar
1080 2894 106 27 speciality
1213 2894 48 27 only

708 2927 85 23 sterling
810 2926 61 20 silver
889 2931 23 13 or
931 2921 47 27 gold
1002 2922 148 21 stem-winders
1174 2922 88 25 (keyless

709 2953 103 22 watches).

732 2986 45 20 The
789 2985 47 25 key!
839 2991 29 11 ens
872 2983 126 21 mechanism
1014 2982 22 20 of
1050 2982 89 20 watches
1153 2982 17 19 is
1184 2987 38 14 one
1238 2981 23 20 of

708 3014 34 20 the
763 3015 54 18 most
838 3011 112 25 important
963 3009 41 21 and
1020 3008 67 22 useful
1104 3008 118 21 inventions
1238 3009 23 20 ef

708 3041 82 21 modem
811 3039 69 21 times.
908 3037 84 21 Instead
1008 3037 22 21 of
1048 3036 103 26 fumbling
1166 3036 20 20 in
1203 3036 58 31 one|s

707 3068 83 25 pockets
800 3068 21 18 to
834 3065 42 21 find
890 3065 36 19 the
941 3064 47 25 key,
1005 3063 67 21 which
1087 3063 59 21 when
1162 3063 66 21 found
1243 3063 18 20 is

706 3096 53 20 most
779 3093 75 25 always
880 3091 56 21 filled
954 3091 49 21 with
1017 3090 117 21 dust—this
1148 3090 22 20 of
1189 3096 71 15 course

706 3123 59 20 being
772 3119 124 22 transferred
912 3122 21 17 to
943 3118 36 20 the
989 3118 65 20 watch
1066 3124 54 14 -one
1130 3117 37 21 has
1184 3117 38 21 but
1238 3120 21 18 to

705 3151 67 20 tnrna
784 3147 88 23 lrnurlfß
885 3147 73 21 button
974 3146 60 22 fitted
1045 3147 22 20 to
1076 3144 36 23 the
1129 3145 90 26 pendent
1230 3145 30 23 (or

705 3178 59 23 ring),
776 3177 47 20 thus
831 3175 89 22 winding
928 3175 35 19 the
974 3175 65 19 watch
1047 3175 40 20 and
1101 3173 115 27 rejulatiug
1224 3174 35 20 the

704 3204 64 20 hands
778 3204 24 20 bv
813 3204 35 19 the
857 3208 55 14 same
927 3208 75 14 means.

729 3237 43 23 Our
782 3235 87 23 washes
878 3243 34 13 are
920 3234 134 28 everywhere
1062 3234 114 27 recognised
1193 3236 22 19 to
1234 3234 25 22 he

704 3266 35 21 the
755 3267 43 19 best,
816 3267 19 19 in
847 3266 35 20 th»
894 3265 90 25 market,
995 3271 119 17 frUtjiasxuig
1124 3264 28 20 all
1161 3264 63 21 other
1231 3265 26 25 by

702 3295 36 19 the
748 3294 97 25 precision
862 3293 21 19 o'f
894 3293 52 19 their
956 3296 127 14 movement*
1098 3298 21 12 as
1137 3291 44 20 well
1193 3299 21 12 as
1231 3291 26 26 by

702 3321 54 21 their
765 3327 95 20 accuracy
870 3319 39 21 and
919 3319 118 23 cheapn-s*.

882 3354 54 20 sinee
951 3354 27 20 iu
990 3354 121 19 foundation
1120 3354 19 20 in
1153 3354 56 25 1852,
1222 3354 35 20 hss

700 3383 94 27 arqured
805 3392 9 9 *
831 3381 124 21 worldwide
972 3381 127 25 reputation,
1115 3381 38 20 and
1161 3381 95 22 obtained

701 3412 34 20 the
760 3411 82 20 h'?he»t,
863 3410 79 19 award*
963 3409 53 20 fr«>m
1037 3409 26 20 all
1086 3410 36 20 the
1144 3410 113 25 important

700 3439 135 21 Exhibition*.
865 3437 32 20 No
1021 3437 67 20 Vaven
1117 3444 37 13 our
1178 3437 78 21 factorv

700 3467 88 21 without
810 3466 73 20 laving
903 3465 50 19 been
972 3464 101 26 carefully
1093 3465 106 20 examined
1217 3465 39 20 and

699 3494 89 22 verifi-d.
806 3493 48 21 thus
875 3493 59 23 being
949 3493 62 25 re».'y
1031 3493 31 20 for
1082 3492 56 21 imm«
1145 3493 56 21 diste
1211 3500 43 14 use.

683 3521 2 26 >
699 3523 53 21 Each
762 3530 37 12 one
807 3523 16 19 is
834 3526 37 21 put
878 3528 28 17 up
917 3522 20 19 in
946 3528 24 12 an
982 3521 88 22 eilegHnt
1087 3521 102 20 kHk-lined
1203 3529 52 17 case,

682 3548 2 29 ;
697 3550 38 20 and
746 3549 141 26 xccompanied
898 3549 25 19 bv
934 3556 9 10 ?
956 3552 104 21 warranty
1071 3548 32 20 for
1114 3548 57 19 three
1189 3555 65 19 years.

682 3575 1 28 |
722 3578 42 19 The
781 3577 64 20 buyer
859 3583 46 13 m»v
923 3580 45 15 relu
972 3582 8 9 r
983 3582 10 12 n
1014 3582 40 12 mv
1074 3575 22 19 of
1111 3582 38 13 our
1167 3576 88 20 watches

682 3603 1 22 !
697 3605 75 20 wit.hen
782 3605 28 20 six
822 3604 82 20 months
916 3603 72 21 should
1004 3603 35 20 the
1059 3603 62 21 la'.ier
1135 3606 35 18 not,
1188 3604 66 21 afford

697 3634 35 21 the
742 3637 53 17 most
804 3632 100 23 comi<l«t»»
912 3637 28 15 sat
945 3632 56 20 infect
1008 3632 39 19 ion.

723 3661 32 20 All
772 3661 78 20 artic'es
867 3660 42 19 sold
928 3667 35 12 *re
979 3659 104 21 delivered
1152 3660 49 25 fre<%

695 3693 78 17 custom
790 3688 51 21 dutv
859 3688 45 19 n'-ud
924 3691 22 16 t<«
963 3695 40 12 anv
1024 3690 45 24 part
1089 3686 21 21 of
1129 3688 35 19 the
1183 3695 36 12 wo>
1226 3692 26 19 P.
1263 3686 1 35 |

695 3717 49 20 thn«
754 3716 87 20 without,
851 3718 35 17 tha
901 3716 92 24 slight*-*:
1010 3716 81 19 tioub'e
1110 3722 22 13 or
1148 3716 21 19 fo
1182 3716 71 21 nnlitv
1263 3716 1 30 |

695 3748 21 15 to
726 3744 4 19 1
770 3744 95 19 receiver.

721 3773 15 18 A
749 3771 91 20 !»e;«Mir«
865 3770 27 21 du
896 3778 7 7 r
905 3771 34 23 inc
957 3770 36 20 tb»
1012 3771 80 20 Rw»ir*
1111 3770 21 19 .f
1141 3777 24 16 yn
1174 3772 78 19 i-nnipt>
1263 3770 1 24 j

694 3806 34 13 are
877 3799 143 21 cratu'tou*'".
1048 3799 15 19 if
1082 3799 35 19 V'n
1144 3799 64 20 watch
1228 3799 24 19 be
1263 3799 1 34 j

695 3827 112 20 forwarded
819 3833 21 13 io
851 3834 32 12 ohi
898 3827 83 19 ]j«>?iJori
991 3827 57 19 rfie®

718 3855 23 20 Ti
751 3855 24 19 ef
783 3855 101 24 tUowing»
899 3854 63 20 «cnah
971 3861 12 13 n
997 3854 2 25 ■

1190 3894 13 19 £
1230 3898 19 16 8.
1263 3888 1 26 I

743 3923 26 19 A.
951 3921 86 21 ste'Vi»g
1051 3921 68 23 si.Ver,
1130 3920 43 20 lrt'l

794 3949 90 20 m«'l>-<l.
903 3948 91 25 j*Mei'"d
1015 3948 19 19 i'i
1052 3947 11 19 6
1088 3948 84 25 aeliot'R,

793 3977 73 20 crv.ial
875 3976 17 25 jr'
902 3984 31 14 '.nr.
943 3984 10 12 a
962 3982 69 14 sironif
1038 3975 40 21 and
1086 3975 86 21 durable

794 4005 65 20 w.i>h
896 4003 3 22 .
912 4003 4 22 .
1022 4003 4 22 .
1039 4003 4 22 .
1149 4020 21 4 ...
1225 4003 24 21 12

724 4049 46 20 AA.
784 4047 43 20 Th»
836 4054 54 13 fame
900 4054 16 11 w
921 4046 2 23 ;
928 4046 21 20 i-b
960 4046 75 19 double
1049 4047 15 18 f.i
1069 4046 2 23 :
1076 4053 34 12 ver
1126 4053 20 14 ei
1150 4054 5 6 1
1162 4053 8 11 *

793 4076 25 21 IH
824 4078 49 17 m.t»
887 4081 10 16 |.
990 4075 17 25 !y
1019 4081 37 18 eng
1058 4081 8 8 r
1070 4074 48 21 wed
1148 4091 21 4 ...
1224 4073 40 22 18!

742 4119 25 20 B.
782 4118 52 21 Go'd
854 4120 50 17 k'»m
918 4118 82 21 wiud»r,
1023 4116 41 21 ball
1089 4125 18 10 n>
1165 4118 5 17 I

793 4151 69 15 strong
873 4145 77 20 k»vbss
961 4145 74 20 action.
1132 4145 6 19 I
1151 4144 18 18 in

793 4173 23 19 I'l
938 4172 48 19 wi'b
1009 4172 45 24 f'd
1080 4179 19 10 <»•
1121 4170 49 20 st»»l

932 4199 71 20 «»co'"l
1013 4198 48 22 dial,
1070 4198 100 22 eiurraveii

791 4228 20 20 in
820 4228 22 18 b-
849 4227 69 21 >u<i'nl
927 4228 107 20 d-s'!r"«.'"
1036 4226 4 25 ,
1043 4227 44 24 frin»
1096 4232 23 14 tu
1122 4233 9 8 r
1133 4226 36 19 ned

791 4263 23 10 or
822 4255 52 21 |il:<ii>
885 4255 89 21 po'iabed
986 4253 49 21 with
1043 4261 126 18 monogram,

791 4283 81 20 initia's.
955 4283 38 19 etc.
1021 4299 21 4 ...
1146 4297 23 5 ...
1196 4281 12 19 2
1235 4280 11 19 0

721 4327 43 20 88.
778 4326 42 20 Thfi
830 4333 53 11 same
892 4332 21 12 as
925 4325 22 24 B,
955 4325 48 19 wi'h
1014 4327 68 19 s'roig
1092 4323 75 19 d-mVe

789 4353 46 24 gold
846 4359 50 14 ease,
908 4359 23 11 an
1064 4351 39 21 and
1120 4358 48 17 vety

789 4380 81 23 elegant
880 4379 125 22 tinieke-ner
1025 4396 13 5 ..
1144 4394 6 6 .
1162 4395 5 5 .
1193 4377 13 22 3
1221 4377 24 22 10

738 4424 25 21 C.
777 4422 65 22 Roval
852 4422 147 23 chronograph,
1014 4422 22 17 '8
1045 4430 9 9 r
1061 4422 40 18 irat
1111 4420 54 26 cold,

789 4457 51 14 IPOs'
852 4450 92 21 superior
1042 4452 123 21 movement,

789 4478 21 18 of
824 4477 35 21 the
878 4479 52 18 m°st
946 4481 93 16 arnirjie
1055 4476 98 20 workman-

789 4506 53 26 ship,
861 4505 38 20 and
919 4512 37 11 one
970 4504 22 20 of
1005 4504 35 20 the
1050 4504 45 20 best
1106 4511 48 13 wear-

788 4533 94 21 rixistinir
893 4532 87 20 watches
1016 4547 22 5 ...
1143 4547 22 6 ...
1193 4532 12 19 4
1230 4532 13 19 0

717 4576 41 23 CC.
772 4576 44 22 The
825 4582 53 14 name
890 4575 63 21 wafch
970 4575 48 20 with
1035 4573 74 22 double
1126 4575 39 21 snd

788 4607 55 17 Pttra
935 4611 51 15 C*se,
998 4603 23 21 18
1038 4605 55 17 ca'at
1110 4603 53 25 go'd.

787 4630 28 22 »t'
820 4632 22 18 i*t
847 4632 17 19 ic
871 4631 35 21 illv
948 4630 108 22 ftnjraved,
1092 4638 73 13 enginn

788 4658 73 17 turned
880 4664 23 10 or
920 4657 54 19 p'otn
995 4662 12 12 n
1010 4663 5 8 r
1016 4656 78 24 >lisbe<l,
1115 4657 50 18 with

788 4688 134 19 monogianis.
935 4681 82 23 initials,
1028 4683 31 17 etc
1143 4697 21 5 ...
1191 4681 12 19 6
1218 4681 24 20 10

739 4725 26 20 D.
781 4723 95 26 Imperial
884 4723 94 20 ca'endsr
985 4722 147 22 chronometer.
1142 4724 23 19 18

789 4752 55 18 carat
861 4750 53 24 pold.
935 4750 108 22 indicating
1064 4749 35 20 the
1117 4750 46 22 dav.

789 4777 35 21 th»
834 4778 62 21 week,
907 4777 36 21 the
954 4777 78 26 month,
1040 4777 39 20 and
1089 4777 47 21 date
1144 4777 22 21 of

788 4805 80 21 month,
886 4805 92 25 jewelled
996 4805 20 19 in
1037 4805 24 20 18
1080 4805 83 22 scions,

789 4831 49 21 wiih
854 4832 25 20 all
891 4833 35 19 '.lie
935 4832 60 20 lateat
1005 4833 160 24 improvements

788 4859 38 21 snd
842 4859 122 26 inventions,
1028 4859 22 21 of
1068 4859 35 21 the
1120 4859 45 20 best

788 4887 38 20 snd
850 4888 53 19 most
925 4888 129 25 magnificent
1077 4887 88 21 watches

788 4915 160 20 manufactured,
964 4915 50 20 such
1026 4922 21 12 ss
1057 4922 34 12 are
1103 4921 61 13 never

788 4941 43 21 so'd
840 4941 26 24 by
876 4942 58 21 retail
941 4942 77 21 dealers
1028 4942 31 21 for
1067 4942 39 21 less
1113 4941 50 22 than

787 4969 41 22 £25
854 4964 3 29 '
889 4986 22 6 ...
1014 4987 23 6 ...
1141 4986 23 6 ...
1179 4969 24 22 10
1228 4969 13 21 0

714 5017 35 20 All
757 5024 37 13 our
801 5017 87 20 watches
894 5024 33 13 are
933 5018 155 21 manufactured
1096 5019 20 20 in
1123 5019 13 19 2
1142 5017 98 21 different

689 5043 57 26 sire*,
756 5043 54 25 large
819 5044 38 20 and
867 5045 57 19 small
934 5045 41 24 (for
984 5045 115 25 gentlemen
1107 5045 40 20 aDd
1159 5045 80 26 ladies,)

689 5070 86 22 without
785 5070 109 22 difference
901 5071 21 22 of
933 5072 61 26 price.

713 5098 40 21 Old
764 5098 93 27 wstches,
868 5099 34 21 old
911 5100 45 25 gold
967 5101 39 20 and
1016 5100 62 21 silver
1088 5099 41 21 will
1139 5099 25 21 be
1176 5099 61 21 taken

687 5125 21 21 in
718 5128 98 24 payment
824 5127 22 19 at
862 5126 35 21 the
915 5127 80 27 highest
1010 5128 67 27 value,
1089 5127 17 21 if
1125 5127 112 21 forwarded

687 5152 26 26 by
723 5154 65 23 parcel
798 5156 45 23 post
853 5155 22 20 to
883 5161 37 14 our
930 5155 88 22 address.

712 5181 137 21 Remittances
864 5189 47 19 may
929 5182 24 21 be
973 5184 59 19 made
1050 5182 67 21 either
1131 5182 28 25 by
1169 5182 68 21 Postal

686 5207 72 27 Order,
768 5208 89 27 Chpque,
869 5209 58 21 Bank
938 5210 63 21 Notes
1010 5210 92 25 (postage
1120 5214 77 21 s'amps
1206 5210 32 20 for
1263 5207 1 28 ,

686 5235 58 20 small
758 5236 102 26 amounts)
877 5237 21 20 of
917 5243 39 21 any
976 5243 94 22 country-
1085 5237 22 21 in
1127 5237 110 26 regieteted

687 5261 68 27 letter,

710 5289 22 20 Tt
753 5290 16 20 is
788 5297 37 14 our
843 5291 39 20 aim
892 5293 23 18 t«
933 5292 46 23 give
996 5292 36 20 the
1053 5293 81 19 utmost
1150 5292 87 24 possible

685 5316 125 22 satisfaction
829 5319 22 18 to
868 5325 38 14 our
920 5319 80 25 clients,
1017 5319 95 22 knowing
1130 5318 42 21 this
1181 5322 22 17 to
1212 5319 25 19 be
1263 5316 1 28 ,

685 5342 35 21 the
725 5343 45 22 best
780 5344 158 23 advertisement
953 5346 32 21 for
997 5353 39 14 our
1045 5346 104 27 products,
1160 5346 38 21 and
1209 5346 27 21 all

686 5370 44 21 who
737 5372 51 20 have
807 5380 48 14 or.ce
875 5374 83 21 entered
968 5374 45 22 into
1031 5374 93 21 business
1139 5374 98 21 relation*

685 5399 48 20 with
741 5407 22 12 us
770 5400 68 26 gladly
848 5403 127 20 recommend
986 5410 23 14 us
1019 5405 22 18 to
1052 5402 53 20 their
1111 5402 78 20 friends
1197 5402 39 20 and

683 5427 161 23 acquaintances.

708 5458 90 21 Address
807 5459 32 21 for
847 5459 71 22 letters
927 5461 40 20 and
978 5461 69 21 orders
1057 5469 5 13 :
1263 5458 1 33 (

708 5490 111 45 Morse
843 5493 275 55 Manufacturing
1143 5494 69 52 Co.,

807 5546 19 26 7,
846 5546 57 21 RED
921 5548 69 21 LION
1007 5548 94 21 COURT
1263 5546 1 26 I

875 5581 100 27 London,
996 5582 49 23 E.C.
1263 5581 1 28 i

861 5651 21 19 at
904 5657 56 20 once,
983 5651 20 22 in
1022 5658 61 20 every
1097 5652 91 27 locality,
1207 5660 24 13 an
1263 5651 1 28 ,

683 5675 115 25 iutelligent
818 5684 69 18 person
909 5680 22 19 to
945 5681 30 18 act
991 5687 21 13 as
1038 5686 38 14 our
1097 5681 73 25 Agent.
1198 5680 34 21 No

683 5704 72 23 special
787 5704 117 28 knowledge
938 5713 17 13 r<
960 5707 79 27 quired,
1070 5708 41 20 and
1144 5708 87 21 without
1263 5704 1 30 '

683 5730 120 23 intprferinr
822 5732 49 23 with
887 5737 82 23 present
988 5735 128 26 occupation.
1143 5736 88 26 Highest
1263 5730 1 32 |

683 5758 65 28 sdaiy
767 5760 40 21 and
826 5762 133 21 commission.
988 5764 31 20 An
1038 5763 101 20 excellent
1158 5770 71 19 oppor-
1263 5758 1 33 ]

694 5786 59 27 uni'y
767 5786 31 21 for
812 5793 12 15 a
838 5788 81 26 cspabl®
929 5794 66 21 voung
1003 5796 47 14 n>an
1060 5795 23 16 oc
1092 5790 55 22 ladv.

1295 233 94 49 W.
1432 232 73 51 T.
1548 236 305 62 Talboys,

1465 339 224 39 ROXBURGH,

1330 411 59 33 Hap
1402 421 63 18 now
1479 411 113 39 Opened
1608 413 43 29 his
1665 413 91 38 Larpe
1766 413 57 29 and

1410 463 103 31 Varied
1528 465 176 29 Assortment
1714 465 30 30 of

1302 534 301 59 WINTER

1572 625 279 59 GOODS!

1433 720 61 40 (per
1518 719 64 31 S.S.
1608 719 120 38 Gothic.)

1334 815 225 31 BLANKETS!
1599 814 224 31 BLANKETS!

1558 868 32 28 9s
1606 867 52 29 lid
1673 878 49 28 per
1735 867 59 38 pair

1336 908 139 32 Coloured
1477 908 107 30 —from
1599 909 32 29 9s
1651 910 26 26 11
1684 908 18 29 d
1716 918 49 29 per
1778 908 59 39 pair

1420 997 122 31 RUGS!
1618 996 102 31 RUGS
1736 997 7 29 !

1375 1051 113 39 Striped
1550 1050 71 29 from
1657 1050 32 29 4s
1719 1050 60 29 lid.

1423 1144 116 31 WOOL
1571 1142 172 32 SHAWLS.

1392 1199 28 29 A
1458 1198 89 38 Large
1583 1199 184 28 Assortment.

1350 1293 239 40 WINTER
1641 1293 171 39 DRESS

1472 1354 212 39 STUFFS

1562 1423 28 19 IN

1368 1475 155 36 SERGES,
1552 1474 240 36 CORDUROYS,

1448 1527 171 35 TWEEDS,
1644 1526 61 36 &c.,

1355 1578 81 30 From
1456 1580 48 28 10s
1520 1580 33 28 6d
1567 1580 46 28 the
1628 1579 60 29 Full
1704 1579 92 28 Dress.

1387 1660 135 39 Splendid
1547 1665 167 24 assortment
1738 1660 29 28 of

1432 1712 90 31 Nh.W
1547 1712 171 30 JACKETS

1467 1760 71 28 from
1569 1759 46 28 IGs
1641 1757 45 30 Gd.

1347 1841 78 42 New
1468 1839 176 51 Millinery,
1676 1837 136 50 Gloves,

1449 1910 159 51 Ribbons,
1643 1909 64 43 &c.

1399 2018 103 30 LONG
1542 2017 77 30 FUR
1657 2015 48 29 no
1710 2015 46 28 AS

1476 2072 69 28 from
1573 2072 30 28 4s
1630 2069 46 29 Gd.

1389 2154 26 28 A
1437 2153 77 33 large
1539 2154 166 26 assortment
1725 2149 29 29 of

1332 2213 30 29 M
1378 2211 110 31 EN'S
1541 2208 272 33 CLOTHING.

1439 2293 95 28 Latest
1561 2292 93 39 Styles
1679 2291 26 29 in

1370 2351 110 36 HATS,
1511 2351 184 36 SCARVES,
1723 2350 48 30 &c.

1347 2448 115 29 MKNs'
1490 2458 55 18 and
1571 2447 98 29 BOYS
1705 2447 95 29 CAPS

1295 2497 26 27 in
1346 2497 108 28 endless
1474 2495 104 38 variety
1581 2495 108 28 —from
1714 2494 35 29 Gd
1773 2494 75 29 each.

1343 2580 23 26 A
1381 2578 76 39 large
1472 2579 52 27 and
1540 2577 122 29 assorted
1677 2577 79 28 stock
1770 2577 30 28 of

1394 2630 118 29 BOOTS
1538 2639 54 19 and
1619 2627 132 31 SHOES.

1296 2731 92 57 W.
1409 2731 60 57 T.
1492 2730 357 66 TALBOYS,

1430 2823 286 30 ROXBURGH.

3031 5735 47 19 Yon
3088 5733 50 19 liav«>
3149 5731 68 20 iiiinfil
3227 5737 51 20 y<ur
3287 5730 131 21 constiMi'ion
3430 5737 15 12 Rt
3456 5730 44 20 (Tioi<
3507 5730 41 26 nMj

3006 5761 24 18 br
3043 5761 19 17 <li
3068 5759 68 22 inking
3151 5758 81 19 inferior
3248 5763 38 14 tea.
3315 5757 83 20 llecruit
3414 5757 24 20 l>v
3457 5757 73 19 <lrmkii
3542 5765 6 13 t

3004 5785 47 25 inly
3062 5785 63 21 Kozte
3135 5786 39 20 tea.
3202 5784 19 20 It
3231 5783 16 22 i*
3254 5790 49 20 pure
3309 5791 25 14 an
3335 5784 12 21 J
3356 5783 180 23 reliable.—Ailvt.

3609 5368 47 21 The
3666 5368 56 20 Good
3738 5369 36 20 Die
3787 5369 182 26 Young.—Unlike
3979 5374 52 18 most
4044 5374 85 25 po:m'ar

3586 5395 85 26 sayings.
3698 5395 40 20 ihin
3765 5396 35 20 has
3828 5404 46 13 verv
3900 5397 54 21 little
3981 5399 56 21 truth
4073 5401 55 22 i:iit.

3588 5422 120 26 Experience
3717 5429 59 17 every
3787 5423 39 25 day
3842 5430 69 18 proven
3923 5424 45 21 that,
3977 5432 55 15 some
4048 5428 20 19 at
4078 5428 51 20 learn;

3585 5449 20 20 of
3624 5449 33 20 Ihe
3675 5449 49 23 good
3747 5456 34 14 are
3799 5451 71 24 spared
3889 5454 21 16 to
3928 5453 59 21 make
4008 5455 35 19 the
4067 5456 62 21 world

3585 5476 90 22 brighter
3680 5477 39 20 and
3731 5477 73 26 better,
3813 5478 38 20 and
3863 5485 55 15 more
3927 5481 91 26 peasant
4025 5486 21 16 to
4054 5483 38 20 liv.t
4098 5483 27 22 in.

3585 5504 23 20 In
3620 5504 47 25 fact,
3677 5512 37 12 i.ur
3723 5505 118 24 expetience
3851 5506 16 20 is
3878 5507 44 20 that
4046 5510 32 24 de,

3583 5530 50 25 good
3661 5531 68 24 things
3746 5533 110 26 uenerrdly,
3875 5534 39 20 live
3930 5536 36 18 the
3978 5536 83 25 longest.
4073 5526 5 9 '
4089 5537 42 21 Fir'

3583 5557 99 26 example,
3689 5558 91 22 consider
3795 5559 34 21 the
3837 5561 109 22 ti.ousands
3952 5562 21 21 of
3978 5564 80 21 articles
4065 5565 64 25 whi.-li,

3584 5584 50 20 have
3658 5584 3 29 I
3670 5592 35 13 ee'i
3726 5587 73 26 widely
3957 5591 40 21 and
4019 5599 33 13 are
4081 5599 45 14 nor

3583 5611 110 28 fiiiU'>tN>n,
3720 5614 65 25 Why?
3811 5616 21 20 B>
3839 5623 59 14 cause
3924 5618 48 26 they
4081 5622 45 20 '..-id.

3582 5640 31 20 On
3631 5640 35 20 the
3675 5648 13 12 o
3700 5642 35 20 her
3744 5641 61 28 hand,
3824 5651 29 14 we
3871 5644 50 21 have
3933 5646 122 28 Ko!lo#ayN
4074 5648 48 21 Ptlk

3582 5667 38 21 t.iid
3637 5668 116 28 Ointment,
3769 5670 65 22 which
3852 5672 52 21 have
3916 5674 74 21 proved
4001 5675 34 20 the
4042 5675 84 22 faithful

3582 5695 7 19 f
3602 5695 5 20 i
3621 5696 54 20 ndof
3685 5703 48 16 poor
3740 5698 106 28 hu-'.nanity
3856 5700 32 21 for
3897 5700 22 21 tif
3929 5707 13 21 y
3951 5708 58 20 ye*rs
4020 5702 33 21 md
4063 5710 60 15 nine.

3610 5724 3 32 i
3622 5727 25 23 y't
3672 5724 87 23 Because
3769 5726 48 28 they
3824 5735 34 14 are
3867 5728 57 23 j:o«d.
3951 5729 28 21 Of
3987 5737 11 13 a
4004 5731 66 25 truth,
4081 5732 49 23 thai

3583 5750 43 19 «hi«
3635 5753 10 18 l>
3665 5752 15 19 is
3700 5755 50 22 god
3767 5754 48 20 Woes
3838 5759 34 16 not
3882 5756 39 25 tlie,
3944 5756 37 21 hut
3991 5758 48 20 Uvcs
4058 5759 31 19 f..r

3580 5778 36 19 tint
3632 5778 4 20 .
3966 5782 12 12 '•
4018 5778 3 20 <
4032 5778 2 20 ■
4067 5782 5 13 t
4110 5778 21 20 w\
