4240 5910
159 196 143 51 Railway
330 197 304 43 Communication.

164 294 145 31 lIEKIOT
330 295 47 29 TO
399 296 223 30 ROXnUilGir.

120 374 193 32 KTjMATE
346 377 75 30 FOR
459 378 120 29 CONST
586 381 20 25 it
613 378 40 29 UC-

342 426 104 29 TIOV.

203 507 46 19 read
260 507 26 26 t>y
297 507 28 20 Mi
340 507 24 20 I).
377 507 91 26 M.iekay,
479 507 57 21 C.E..
555 505 68 21 b-fore
635 507 36 20 tlie

169 534 74 19 Heiiot
253 534 110 26 Rox:>U)gll
376 534 3 26 '
393 534 90 19 Jliilwav
514 534 78 23 Labile
608 538 21 14 at
659 543 9 9 a

171 561 90 25 meeting
271 561 45 22 helii
327 570 24 11 on
360 562 35 19 the
407 560 46 21 lSth
464 561 56 23 inst.)

156 601 39 26 An
236 601 122 36 Regards
400 600 174 28 Earthworks
614 600 49 27 and

400 641 46 25 the
471 640 116 25 absence
610 639 29 26 of
652 651 11 14 a

119 679 116 30 detailed
247 689 99 30 survey
355 680 53 28 and
421 680 45 28 the
476 679 63 28 data
553 678 20 27 it
583 679 78 37 gives

116 721 30 27 of
169 721 227 38 quantities'and
422 722 47 26 the
489 718 123 36 crossing
635 720 28 27 of

115 764 114 24 streams
245 766 61 28 etc:,
316 761 43 26 for
368 761 86 26 which
467 757 136 39 provision
615 759 47 26 has

113 807 29 22 to
156 801 33 28 be
216 801 86 34 made,
318 801 20 27 it
352 801 22 27 is
399 797 156 38 impossible
570 803 27 23 to
626 799 35 28 do

101 839 1 40 '
114 853 73 17 more
198 843 63 27 than
274 841 82 38 given
364 839 128 38 probable
502 839 140 36 approxim-

109 882 75 26 ation
200 882 28 27 of
243 882 45 26 the
308 886 58 22 cost
390 881 29 25 of
442 879 34 26 all
504 879 46 26 the
568 879 88 27 works

109 922 61 26 that,
184 921 147 28 constitute
343 921 44 26 the
398 919 189 26 substructure
598 919 30 26 of
640 929 16 16 a

109 961 129 37 railway;
278 971 39 23 or,
363 964 23 24 in
431 958 80 28 other
557 958 97 34 words,

102 1001 68 26 -that.
217 1004 60 33 part
327 1001 28 26 of
381 998 3 39 '
402 999 45 26 the
499 998 90 27 works
627 999 29 26 of

108 1051 16 16 a
149 1040 18 27 li
188 1050 13 17 e
238 1039 85 27 which
359 1039 76 33 giVeS
461 1049 23 16 a>
506 1037 146 28 formation

103 1080 138 37 '■complete
255 1086 27 21 to
291 1079 44 28 lav
351 1080 44 27 the
411 1079 97 28 ballast
520 1077 54 28 and
590 1078 62 28 rails
662 1075 1 43 j

106 1131 43 16 on.
189 1119 53 29 we
255 1130 49 18 can
326 1119 34 28 do
367 1131 42 14 -no
424 1130 78 17 more
525 1130 30 17 so
568 1119 84 28 far-as
662 1119 1 29 !

103 1161 36 27 all
170 1161 60 27 that,
265 1161 22 27 is
321 1160 88 28 below
443 1161 147 27 -formation
616 1160 35 28 ■is
659 1149 4 39 J

105 1202 161 34 concerned,
302 1202 65 27 than
405 1202 84 37 apply
527 1201 125 38 previous
662 1201 1 44 j

104 1242 171 36 experience,
286 1242 111 37 -gained
411 1243 27 27 in
453 1242 101 28 similar
567 1251 85 24 cases,
662 1242 1 37 j

104 1282 56 28 and
270 1283 46 27 the
339 1288 108 22 nearest
481 1289 84 28 guess
604 1293 59 17 our.-

101 1322 154 40 ••judgment-
276 1324 110 28 teaches
405 1333 41 19 lis:
485 1323 31 29 In
531 1324 122 35 arriving
662 1322 1 40 j

104 1371 28 19 at
155 1366 47 25 the
224 1365 131 36 probable
377 1365 157 37 proportion
565 1365 87 26 which

285 1404 53 28 and
367 1409 155 33 waterways
537 1406 64 27 bear
622 1409 28 23 to
662 1404 1 40 j

104 1445 47 28 the
161 1445 65 28 total
237 1446 29 27 of
282 1447 103 32 £o,ooo
396 1446 12 28 I
421 1447 66 27 have
508 1446 144 28 estimated

107 1486 41 28 for
170 1486 45 28 the
240 1495 58 19 cost
318 1487 29 27 of
362 1488 44 26 the
431 1485 52 29 line
509 1486 143 37 including
662 1485 1 38 :

107 1528 34 26 its
153 1528 171 37 'equipment-,-
338 1527 13 27 I
366 1527 67 28 have
447 1526 125 28 assumed
593 1526 61 28 that

106 1568 156 37 tunnelling
275 1579 47 17 can
337 1569 31 27 be
382 1567 124 34 avoided,
527 1567 53 29 and
595 1568 59 28 that

101 1608 52 29 the
165 1608 161 28 foundation
341 1608 28 28 of
383 1608 119 37 bridges-,
521 1608 91 35 owing
626 1613 28 24 to

108 1649 46 28 the
168 1655 95 21 nature
276 1649 28 27 of
316 1649 46 27 the
384 1655 114 30 country
513 1649 82 37 along
607 1650 46 26 the

110 1688 84 29 whole
214 1693 85 30 route,
311 1688 51 28 will
377 1693 110 32 present
506 1699 33 18 no
554 1689 100 38 special

109 1729 131 37 difficulty
261 1740 30 16 or
313 1729 81 27 entail
419 1730 137 36 anything
584 1740 72 17 more

109 1771 64 27 than
207 1769 125 36 ordinary
358 1773 66 23 cost.
465 1769 13 27 I
505 1769 69 28 have
599 1770 57 27 also

108 1811 123 28 assumed
247 1810 26 27 in
288 1810 46 27 the
348 1813 99 25 matter
472 1810 29 28 of
524 1810 130 33 bridging
654 1810 2 33 1

636 1836 16 12 O

108 1853 59 26 that
180 1855 59 24 cost
252 1862 49 17 can
322 1850 34 27 be
369 1851 123 28 lessened
518 1851 121 28 consider-

108 1891 62 38 ably
197 1893 35 37 by
257 1892 47 29 the
327 1900 47 20 use
400 1891 27 29 of
451 1897 137 29 concrete,
609 1899 47 21 not

108 1933 64 37 only
184 1933 26 28 in
223 1931 174 30 foundations
415 1933 54 27 aud
487 1931 168 36 abutments,

107 1971 51 31 but
168 1973 56 29 also
237 1973 26 28 in
278 1973 94 29 arches
390 1973 29 28 of
438 1973 137 28 moderate
586 1984 66 27 span

107 2024 37 28 up
158 2018 28 24 to
200 2015 34 27 20
248 2015 53 28 and
311 2025 68 18 even
393 2013 35 28 40
442 2014 64 28 feet.

145 2057 32 26 Jn
202 2056 171 36 mentioning
385 2066 16 17 a
420 2056 148 27 maximum
595 2065 58 17 sum

104 2096 33 29 'of
150 2097 103 33 £4,000
274 2107 48 28 per
344 2095 64 30 mile
421 2095 43 28 for
477 2096 46 29 the
537 2096 117 37 railway,

107 2137 14 28 I
153 2137 53 27 had
230 2138 28 26 in
282 2137 67 28 view
375 2137 47 27 the
447 2136 144 38 possiblity
626 2137 28 26 of

106 2177 108 27 tunnels
224 2186 37 28 up
284 2181 29 23 to
346 2177 53 27 GOO
412 2176 83 37 yards
521 2176 25 27 in
557 2176 96 36 length

103 2217 86 36 being
213 2217 87 28 found
324 2228 17 16 a
363 2216 135 34 necessity
536 2227 34 16 on
606 2217 47 27 the

103 2256 102 29 middle
219 2258 102 27 section
350 2257 29 27 of
392 2257 47 28 the
452 2256 62 36 line,
528 2256 123 28 between

105 2299 61 26 Moa
192 2299 61 26 Flat
266 2298 102 27 station
392 2297 55 26 and
462 2297 189 36 Bengerburn.

100 2339 77 28 Next
200 2349 30 19 as
255 2336 113 31 regards
393 2337 47 29 the
462 2336 189 31 substructure

94 2386 34 21 'or
154 2381 72 26 what
239 2380 22 25 is
275 2381 86 25 above
383 2379 156 32 formation,
561 2379 88 26 viz.—

101 2417 38 35 (1)
154 2416 58 31 The
226 2417 98 30 ballast
337 2417 59 28 and-
406 2420 162 35 permanent
593 2427 56 27 way

94 2459 103 32 {which
211 2459 124 28 includes
348 2457 72 35 rails,
444 2457 127 39 sleepers,
593 2459 53 28 and

98 2501 182 34 fastenings);
312 2500 39 34 (2)
387 2499 82 26 Level
507 2499 139 37 crossings

98 2539 154 38 (including
265 2543 80 36 gates
368 2538 54 29 and
447 2538 83 29 cattle
556 2541 88 36 stops)

89 2582 44 34 '{-3)
145 2582 122 34 fencing,
279 2581 52 28 and
360 2581 38 35 (4)
426 2581 218 27 station—there

92 2622 24 27 is
141 2632 35 17 no
211 2621 183 36 uncertainty,
418 2624 100 34 except
542 2620 27 27 iu
597 2620 45 28 the

89 2672 66 18 •case
174 2662 30 29 of
214 2662 55 29 2nd
284 2661 73 29 item.
400 2663 37 25 As
460 2665 28 24 to
502 2660 46 28 the
573 2665 68 28 cost,
653 2660 1 38 j

94 2703 9 28 1
121 2703 69 28 have
200 2702 126 30 assumed
345 2714 14 16 a
375 2701 118 29 medium
513 2701 125 38 quantity
653 2701 1 38 j

87 2743 32 29 V)f
133 2746 16 26 b
159 2746 80 30 tllast,
253 2755 29 17 a*
297 2745 46 27 the
357 2743 150 29 maximum
531 2743 21 26 is
564 2742 75 37 quite

89 2790 184 25 iinnecessarv
284 2794 33 18 on
341 2795 15 16 a
369 2785 54 27 line
434 2783 28 28 of
475 2782 51 27 low
540 2781 94 36 speed,
650 2781 3 36 j

91 2825 137 29 whatever
253 2826 21 28 it
289 2825 88 34 might
404 2825 32 26 be
449 2833 34 18 on
498 2831 51 20 one
573 2823 62 26 with

87 2877 17 15 a
113 2865 65 38 high
190 2866 92 37 speed,
294 2875 56 26 sny,
357 2865 29 26 of
395 2861 239 31 25miiesanhour.

87 2907 91 32 Again
194 2906 12 28 I
223 2906 67 28 have
304 2905 81 27 taken
411 2903 61 28 rails
498 2901 31 28 of
550 2901 80 29 40!bs

74 2954 38 19 -to
123 2946 47 27 the
182 2946 76 37 yard,
270 2957 28 16 as
310 2945 118 36 practice
437 2951 37 19 drr
485 2942 48 27 the
548 2947 86 22 metre

87 2995 91 27 gauge
203 2986 69 26 lines
298 2985 30 27 of
354 2984 80 27 India
455 2983 49 26 has
530 2981 103 37 proved

87 3025 73 28 their
181 3025 157 35 sufficiency
364 3034 33 17 on
428 3020 151 30 thousands
609 3020 28 27 of

88 3065 78 29 miles
188 3067 83 36 along
296 3064 89 29 which
407 3074 16 17 a
451 3060 187 31 considerable

88 3106 87 27 traffic
190 3108 28 26 of
243 3115 164 27 passenger*
417 3103 51 28 and
482 3101 87 38 goods
590 3103 47 26 has

90 3146 68 28 been
183 3145 103 30 carried
312 3145 43 28 for
387 3153 78 28 years
491 3145 28 24 at
541 3141 97 38 speeds

89 3189 122 37 running
234 3187 71 29 from
336 3187 31 26 14
391 3190 29 23 to
442 3185 35 27 25
502 3182 77 29 miles
604 3194 33 17 an

88 3228 70 28 hour
171 3233 28 22 at
211 3239 16 16 a
241 3226 82 38 speed
343 3225 104 28 limited
462 3228 27 23 to
516 3224 30 26 12
562 3223 75 27 miles

88 3279 34 17 an
140 3268 75 33 hour,
228 3268 47 27 the
288 3265 123 29 heaviest
421 3264 114 37 engines
544 3273 34 17 on
591 3263 45 28 the

89 3307 55 29 line
167 3318 49 18 can
239 3306 85 30 travel
339 3315 65 19 over
416 3304 54 29 this
493 3303 65 28 road
572 3303 65 28 with

90 3360 29 17 as
148 3349 82 29 much
260 3348 88 35 safety
375 3357 29 17 as
433 3356 34 18 on
499 3343 46 29 the
566 3344 71 28 main

90 3390 65 35 line,
181 3389 87 27 which
295 3388 23 28 is
343 3386 133 38 probably
489 3383 55 28 laid
571 3384 65 27 with

89 3430 113 27 heavier
226 3428 72 33 rails,
322 3426 54 28 and
415 3426 45 27 the
488 3424 148 27 maximum

89 3470 129 38 quantity
227 3468 28 28 of
263 3467 107 29 ballast.
409 3465 57 29 The
479 3465 157 38 proportion

89 3509 89 28 which
218 3509 45 27 the
300 3511 59 24 cost
396 3507 28 26 of
455 3505 98 27 ballast
583 3505 53 26 and

89 3552 164 35 permanent,
281 3558 59 26 way
373 3545 98 34 (which
515 3543 122 30 includes

91 3589 118 38 sidings)
237 3589 79 27 bears
337 3592 27 23 to
390 3587 45 27 the
449 3584 66 30 total
538 3584 28 27 of
592 3595 44 23 my

89 3630 128 27 (estimate
230 3628 29 28 of
272 3627 102 35 £3,500
402 3627 43 27 for
468 3637 14 16 a
505 3623 134 29 sufficient

91 3669 64 32 line,
182 3668 67 40 fully
265 3667 147 39 equipped,
437 3667 23 27 is
486 3675 50 18 one
547 3664 90 36 third;

92 3711 55 27 and
174 3708 13 30 I
214 3709 125 29 consider
365 3709 62 32 this,
446 3717 67 17 even
540 3711 28 23 at
593 3706 46 27 the

91 3754 113 32 present
216 3748 141 30 enhanced
371 3752 59 24 cost
444 3747 29 27 of
486 3744 66 30 steel
568 3746 71 34 rails,

89 3796 32 23 to
147 3791 33 27 be
201 3789 112 38 capable
326 3789 28 28 of
368 3798 73 19 some
455 3787 185 29 considerable

89 3830 153 27 reduction.

131 3870 36 30 So
193 3869 43 30 far
260 3880 29 18 as
316 3868 131 39 Fencing,
468 3866 84 31 Grates
586 3867 52 29 and

92 3913 148 34 Crossings
252 3922 46 17 are
311 3909 161 34 concerned,
486 3909 65 36 they
566 3915 73 22 must

91 3954 35 26 be
136 3952 29 26 of
179 3963 14 15 a
208 3956 65 33 type
283 3950 64 28 with
362 3950 47 27 the
418 3949 70 28 main
504 3949 62 27 line,
590 3949 49 28 but

91 3992 114 29 stations
240 3992 70 29 need
342 3995 48 23 not
414 3990 42 34 be,
482 3989 55 29 and
574 3989 64 37 they

91 4032 97 30 should
216 4033 34 27 be
276 4032 70 29 built
365 4041 33 17 on
421 4040 28 17 as
475 4030 162 28 economical

91 4084 17 17 a
147 4072 97 37 design
286 4084 29 18 as
354 4071 46 28 the
434 4069 203 29 accomodation

90 4113 128 34 required
232 4112 52 29 will
305 4112 86 30 allow.
432 4111 86 27 There
541 4111 97 27 should

91 4155 34 27 be
135 4154 117 37 nothing
266 4164 73 18 more
361 4152 65 28 than
449 4151 23 27 is
485 4151 153 37 absolutely

90 4204 144 27 necessary
259 4194 42 28 for
326 4192 99 28 station
440 4198 109 27 master,
576 4201 46 28 pas-

89 4244 113 24 sengers
212 4234 53 28 and
274 4233 96 37 goods.
451 4246 5 10 •

128 4273 226 38 Working.—By
364 4271 117 40 takings
494 4271 12 40 3
519 4271 38 40 per
564 4275 71 25 cent,

91 4315 28 29 of
132 4316 46 28 the
192 4326 78 25 gross
283 4315 115 37 receipts
412 4325 29 17 as
455 4313 145 35 sufficient,
624 4313 12 29 I

89 4357 69 27 have
167 4356 125 28 assumed
313 4357 58 26 that
392 4355 45 27 the
459 4355 127 34 working
609 4355 29 27 of

89 4396 47 28 the
144 4395 68 29 New
226 4395 120 32 Zealand
353 4395 135 36 railways,
510 4394 81 29 taken
607 4405 29 17 as

89 4448 15 16 a
135 4435 96 34 whole,
258 4437 22 28 is
306 4446 73 19 more
402 4435 87 34 costly
513 4436 65 26 than
614 4436 22 27 is

89 4488 154 27 necessary,
268 4476 54 29 and
350 4477 9 27 1
388 4476 69 28 have
482 4476 82 38 given
590 4486 45 27 my

88 4528 111 18 reasons
230 4517 43 30 for
304 4515 60 31 tint
401 4516 180 38 assumption.
621 4518 13 27 I

88 4559 79 28 conld
182 4562 56 30 not,
252 4570 30 16 as
303 4559 12 26 I
331 4559 69 26 have
422 4558 154 36 explained,
599 4569 36 25 go

87 4599 87 28 below
184 4599 46 28 the
239 4599 107 27 surface
357 4603 27 22 to
393 4608 84 28 prove
488 4608 44 26 my
543 4597 90 34 belief,

85 4650 30 17 ns
142 4640 46 27 the
212 4639 110 36 general
348 4638 155 37 manager's
534 4639 99 26 annual

85 4685 93 27 report
192 4680 64 29 does
270 4683 48 22 not
408 4679 46 25 the
475 4682 59 22 cost
547 4678 25 25 in
589 4678 31 25 de-

87 4718 45 26 tail
160 4717 44 27 for
230 4717 117 28 sections
374 4715 54 27 and
453 4715 132 27 branches
608 4716 29 26 of

86 4758 48 26 the
147 4757 67 28 lines
228 4768 5 21 ;
254 4757 51 27 but
318 4756 20 26 if
352 4765 45 26 my
412 4754 125 28 estimate
550 4754 29 26 of
590 4754 47 27 the

87 4797 87 27 traffic
198 4797 23 27 is
247 4803 47 20 not
327 4805 65 17 over
426 4794 73 26 what
524 4793 54 27 will
604 4794 34 27 be

86 4836 125 33 realised,
230 4839 5 25 I
253 4846 44 18 am
311 4833 120 31 satisfied
446 4834 46 27 the
512 4833 53 27 line
587 4843 49 17 can

88 4879 35 28 he
139 4877 112 30 worked
271 4878 43 28 for
334 4876 46 28 the
404 4885 48 28 per
474 4881 116 32 centage
610 4874 29 28 of

87 4919 118 38 receipts
217 4919 13 28 I
242 4919 69 27 have
324 4915 313 38 mentioned,especially

84 4961 80 27 when
178 4959 20 28 it
212 4960 23 27 is
250 4959 82 28 taken
357 4958 57 26 into
436 4961 116 23 account
576 4955 60 28 that

87 5001 47 27 the
149 5000 101 36 rolling
263 4998 88 35 stock,
362 5007 61 18 now
437 4996 63 34 only
511 4995 126 39 partially

87 5040 111 30 utilized
213 5052 35 16 on
262 5040 48 27 the
322 5040 35 27 20
369 5037 76 29 miles
467 5036 69 28 from
564 5034 55 30 Wai-

86 5083 63 37 pahi
163 5087 27 22 to
202 5081 108 33 Heriot,
320 5090 49 17 can
383 5080 33 26 be
426 5078 70 36 fully
505 5077 130 37 occupied

85 5132 35 17 on
132 5123 46 26 the
191 5132 51 18 run
253 5120 29 29 of
291 5119 34 30 45
338 5120 76 27 miles
426 5120 71 26 from
510 5117 125 37 Waipahi

84 5168 28 22 to
127 5161 163 39 Roxburgh.

120 5202 108 29 Traffic.
231 5201 113 28 —Here
376 5201 81 38 again
491 5199 13 28 I
531 5199 53 28 had
607 5203 28 25 to

84 5244 75 27 work
181 5244 28 27 in
235 5243 47 28 the
316 5241 69 28 dark
411 5252 30 16 as
461 5240 47 29 the
532 5240 100 28 annual

85 5288 106 32 reports
205 5284 63 35 give
282 5294 35 17 no
328 5283 72 35 light
421 5281 108 38 beyond
552 5281 82 28 totals

86 5324 29 26 of
134 5324 35 26 all
192 5325 46 26 the
261 5323 77 28 lines.
379 5323 28 27 If
426 5332 42 17 we
490 5320 53 29 had
565 5331 67 17 even

87 5362 46 27 the
147 5362 99 29 results
259 5363 28 28 of
301 5363 47 29 the
370 5362 103 29 branch
492 5367 28 22 to
535 5358 98 31 Heriot

87 5411 38 19 we
144 5403 90 37 might
254 5404 188 39 approximate
465 5403 47 29 the

87 5442 78 36 bility
179 5447 28 23 ot
219 5445 73 26 what
314 5445 47 27 the
383 5444 142 28 extension
549 5454 33 17 on
605 5448 27 23 to

87 5481 150 38 Roxburgh
249 5483 53 28 will
316 5484 44 36 do,
383 5484 99 37 taking
504 5483 129 38 develops

89 5527 73 21 ment
176 5521 27 28 in
218 5523 45 26 the
276 5534 65 17 near
351 5525 91 28 future
451 5525 57 28 into
517 5527 116 25 account

87 5560 82 38 along
182 5561 63 28 with
260 5564 119 37 existing
392 5565 94 28 traffic.
527 5565 32 28 In
571 5564 46 29 tak-

89 5600 56 35 ing,
157 5610 28 18 as
207 5600 14 28 I
244 5601 55 37 did,
320 5603 46 29 the
388 5605 131 37 probable
545 5605 87 29 traffic

88 5640 83 31 alonrr
184 5642 47 29 the
244 5645 132 35 proposed
391 5645 62 36 line,
468 5652 27 22 at
506 5647 57 28 half
572 5647 60 28 that

87 5690 35 18 on
136 5681 35 27 all
184 5680 46 29 the
243 5681 67 29 N./<.
325 5681 77 38 lines,
415 5686 70 36 good
499 5686 54 28 and
567 5687 63 34 bad,

87 5717 71 31 lam
172 5724 56 31 not,
242 5720 13 28 I
277 5722 112 34 believe,
398 5735 65 17 over
476 5726 45 27 the
536 5727 76 26 mark
623 5737 7 23 ;

87 5757 51 30 but
150 5759 47 29 the
209 5769 99 29 proper
322 5772 57 26 way
391 5763 21 28 is
425 5767 28 24 to
463 5774 83 25 prove
559 5766 71 26 what

704 200 19 28 is
738 200 45 28 the
797 199 121 38 existing
930 196 94 41 anJ.fp.
1035 197 125 30 estimate
1174 196 74 30 what

703 236 44 42 r!113
769 240 129 38 probable
913 238 187 37 development
1120 237 22 27 is
1162 236 85 36 likely

704 291 25 18 m
746 282 39 28 be.
825 280 64 29 Tiris
913 279 23 29 is
957 287 40 21 tie
1022 277 74 29 work
1116 276 29 30 of
1170 277 78 29 those

691 319 1 38 :
704 323 58 27 who
777 324 67 26 luive
858 322 53 27 loci
918 322 5 26 1
940 320 166 37 kmvledge,
1130 319 54 27 and
1201 322 45 24 not

703 364 27 27 of
740 364 143 36 engineers
892 373 30 16 or
929 360 78 29 trali;
1020 369 142 27 managers
1174 360 54 26 how-

704 415 63 17 ever
789 411 96 30 expert
908 403 64 27 tliev
991 411 60 24 nviy
1071 400 33 27 be
1125 406 27 20 at
1177 399 70 27 their

703 456 59 17 own
795 454 99 28 proper
926 441 67 31 work
1025 440 28 28 of
1077 439 113 36 making
1216 449 30 18 or

703 485 123 35 working
857 485 75 27 lines.
976 488 29 20 I'o
1038 480 96 28 collect
1167 481 77 26 these

701 525 130 27 statistics
845 525 29 27 of
887 525 46 27 the
948 524 81 26 triinc
1044 522 26 26 in
1092 520 149 33 existence,

699 564 52 27 Hih3
768 568 27 24 to
809 564 126 27 estimate
948 563 38 27 f<r
1001 562 46 27 the
1062 560 86 28 traffic
1165 559 75 28 there

667 600 1 34 I
699 605 21 26 is
734 614 80 20 every
829 614 93 16 reason
939 612 26 17 to
976 602 104 26 believe
1096 600 50 27 will
1170 600 70 26 arise

667 639 15 40 t-;
697 643 68 26 from
781 643 46 25 the
842 642 114 37 making
969 641 24 27 of
1016 641 45 26 the
1085 639 119 35 railway,
1220 639 20 25 it

678 677 2 39 !
695 682 22 27 is
727 677 146 39 'necessary
889 683 76 27 there
983 680 96 28 should
1104 680 33 28 be
1160 679 77 27 small

676 719 3 40 I
694 722 124 37 working
830 723 166 30 committees
1007 728 28 19 at
1046 720 106 33 Heriot,
1167 719 56 28 Liox-

675 760 3 40 j
694 762 97 37 burgh,
805 762 54 26 and
883 761 162 31 Alexandra,
1069 764 27 22 to
1120 769 35 26 go
1178 767 45 26 sys-

674 790 2 48 |
692 801 163 37 tematically
870 806 27 23 to
915 800 85 28 'woi'k«
1016 806 27 21 to
1066 799 99 38 gather
1189 801 46 24 th«

673 839 2 40 !
690 842 124 37 required
828 842 64 28 data
906 853 35 17 on
962 841 87 27 which
1073 848 27 19 to
1124 839 62 26 Imso
1201 849 32 16 an

671 877 3 42 |
687 882 188 36 approximate
889 880 172 29 estimate.-of
1070 877 3 42 -
1086 880 46 25 the
1147 877 87 27 traffic
1245 877 1 42 :

670 924 43 24 !to
739 921 32 27 be
795 922 132 37 expected
950 930 33 17 on
1006 921 46 26 the
1075 919 62 26 line.
1184 917 50 28 I'he

669 955 1 42 I
689 960 94 29 Heriot
797 962 156 28 committee
962 960 50 27 will
1025 957 133 40 probably
1169 955 64 38 only

667 998 2 44 j
686 1001 63 27 take
763 1002 58 27 into
835 1007 116 24 account?
969 1002 71 25 what
1055 1001 22 26 is
1097 998 67 27 local
1188 998 42 26 be-
1245 998 1 44 :

667 1037 1 35 |
683 1048 86 21 tween
786 1041 97 28 Heriot
897 1046 51 22 ami
963 1040 46 28 Mo
1019 1053 7 14 t
1041 1040 58 27 Flat
1114 1037 100 29 station

667 1077 1 41 i
685 1082 47 27 but
746 1083 47 27 the
809 1081 160 37 Roxburgh,
987 1081 107 29 besides
1116 1077 97 30 reekon-

667 1119 1 40 l
683 1123 47 36 ing
744 1123 47 27 the
805 1123 67 27 local
885 1122 86 28 tralfi*
1086 1121 64 27 Mrta
1170 1119 62 27 Flat'
1236 1137 10 18 j

667 1150 1 51 [
682 1164 102 28 station
798 1171 27 20 to
842 1164 106 37 beyond
963 1162 86 30 Coal*.
1056 1161 97 34 Greek,
1180 1158 52 30 wifl-

667 1201 1 40 ;
684 1205 65 28 have
765 1211 27 22 to
807 1205 125 27 consider
951 1205 46 27 the

667 1242 1 38 I
682 1244 35 28 all
733 1246 45 26 the
793 1255 57 25 way
871 1245 94 28 to'and
981 1245 71 28 from
1077 1242 153 33 Southland
1245 1242 1 38 j

667 1281 1 33 \
683 1285 53 28 and
752 1291 26 23 to
800 1284 64 29 and.
878 1285 69 27 from
972 1285 136 27 Dnnediu.
1148 1281 98 33 Alex-i

667 1325 1 38 I
683 1338 41 16 am
729 1327 45 28 Ira-
782 1326 86 29 traffic
884 1326 21 28 i.s
928 1325 91 38 nearly
1038 1326 33 28 all
1099 1325 128 37 through,
1245 1325 1 38 ;

667 1366 1 40 :
683 1367 87 27 either
784 1373 39 21 .to
842 1366 54 27 aud
913 1367 75 26 -from
1013 1366 153 27 Southland
1190 1366 42 26 via
1245 1366 1 40 j

667 1406 1 40 |
685 1406 97 30 lieriot
795 1418 30 17 or
839 1413 26 23 to
879 1406 53 28 arid
947 1406 78 29 from'
1044 1406 128 28 Dnnelin
1189 1406 42 28 via

667 1448 1 28 i
685 1448 153 28 Lawrence.

723 1491 32 26 In
770 1488 163 36 concluding
945 1500 43 23 my
1002 1488 122 29 remarks
1134 1488 24 27 in
1171 1498 47 26 sup-

669 1526 1 42 i
686 1537 61 30 port
760 1529 29 29 of
803 1531 44 26 the
861 1533 150 24 statement
1030 1531 7 25 I
1061 1538 72 30 gave
1146 1536 27 19 to
1189 1529 46 27 the
1247 1526 2 42 i

669 1567 1 41 i
685 1571 66 27 lcoal
767 1581 74 27 press
856 1570 12 27 I
885 1570 89 27 would
990 1571 65 26 wish
1080 1578 27 19 to
1122 1580 47 26 say
1192 1569 43 27 for
1247 1567 2 41 j

669 1604 1 43 i
685 1612 45 27 the
753 1616 236 31 encouragement-
1003 1611 28 26 of
1057 1611 46 26 the
1130 1609 104 38 league,
1247 1604 2 43 j

669 1650 1 38 1
686 1652 86 27 which
788 1652 12 26 i
816 1652 68 36 hope
896 1651 51 26 will
963 1652 31 25 be
1012 1650 105 28 formed
1132 1651 43 26 for
1189 1651 46 27 the
1247 1650 2 38 i

669 1690 2 40 i
686 1702 116 28 purpose
812 1691 29 28 of
850 1690 127 36 securing
990 1691 45 28 the
1047 1690 186 29 construction
1248 1690 1 40 ;

669 1730 2 41 i
685 1732 28 27 of
727 1733 47 26 the
787 1731 109 37 railway
908 1735 28 23 at
950 1742 33 16 an
999 1731 74 36 early
1088 1731 72 33 date,
1175 1731 60 26 that
1248 1730 4 41 j

669 1760 2 51 I
685 1773 45 26 the
744 1773 63 35 only
819 1777 127 32 prospect
963 1772 29 26 of
1007 1771 110 38 getting
1125 1771 46 28 the
1181 1770 54 29 line
1247 1760 2 51 j

669 1806 2 44 !
687 1812 179 35 undertaken,
887 1823 56 27 say,
958 1812 104 38 during
1077 1817 65 22 next
1160 1822 75 28 year,
1247 1806 2 44 |

669 1846 2 38 !
685 1853 21 27 is
721 1860 27 21 to
771 1853 71 31 fight
867 1853 43 27 for
932 1853 21 27 it
979 1853 174 31 strenuously
1179 1852 54 27 and
1247 1846 2 38 '

790 1877 16 14 O
950 1877 3 20 _
1136 1877 10 12 J
1247 1877 2 20 !

669 1892 2 39 j
684 1893 175 38 persistently
894 1893 102 38 during
1023 1893 54 28 this
1104 1904 73 27 year.
1218 1892 13 29 I
1247 1892 2 39 I

669 1933 1 35 !
686 1934 166 29 understand
874 1935 19 27 it
922 1935 47 27 has
998 1935 66 27 been
1091 1933 141 30 advanced
1247 1933 1 35 j

669 1975 1 33 I
685 1976 58 27 that
753 1975 47 28 the
815 1980 153 23 movement
993 1975 149 28 advocated
1169 1975 21 27 is
1207 1976 24 26 in
1246 1975 1 33 i

684 2016 66 27 view
782 2017 29 26 of
842 2016 45 27 the
913 2016 66 27 time
1004 2016 28 27 of
1059 2016 125 32 meeting
1204 2016 30 27 of

669 2043 1 15 i

684 2055 175 36 Parliament,
892 2063 171 31 premature;
1088 2057 47 27 but
1172 2057 75 28 how!

669 2097 1 28 !
682 2107 49 18 can
746 2098 21 27 it
790 2098 31 27 be
836 2098 77 27 when
935 2108 29 17 so
986 2098 80 27 much
1090 2097 47 27 has
1156 2101 28 24 to
1200 2097 31 27 be
1245 2097 2 28 !

666 2137 3 38 j
683 2138 69 28 done
766 2139 28 26 in
808 2138 46 27 the
873 2137 143 29 collection
1034 2137 55 28 and
1111 2137 121 38 framing

667 2177 1 39 :
681 2179 54 26 and
750 2177 124 39 printing
886 2177 140 35 statistics,
1049 2177 88 28 which
1159 2182 73 23 must

665 2212 3 44 !
683 2219 34 27 be
738 2218 126 38 supplied
886 2224 28 22 to
938 2218 79 28 those
1043 2217 136 29 members
1203 2217 29 28 of

665 2257 3 39 !
684 2258 163 28 Parliament
884 2258 91 28 whose
1020 2263 115 33 support
1178 2257 51 28 and

680 2299 136 36 advocacy
831 2299 27 26 in
870 2299 46 26 the
931 2298 99 34 House,
1042 2299 54 26 and
1110 2299 63 26 with
1185 2299 45 25 the

680 2339 196 33 Government,
892 2343 72 24 must
988 2339 32 29 be
1043 2337 129 31 obtained
1203 2338 24 28 in

664 2379 1 33 I
678 2380 81 27 order
772 2388 27 19 to
813 2390 98 17 ensure
925 2390 15 15 a
954 2381 51 25 fair
1027 2379 199 28 consideration

664 2417 1 39 j
677 2418 43 29 for
735 2419 43 28 the
793 2417 119 39 railway.
955 2419 73 28 Even
1043 2418 27 28 in
1094 2430 15 15 a
1129 2417 97 29 Crown

664 2458 1 40 J
676 2459 106 38 colony,
798 2460 88 27 where
907 2459 106 39 politics
1034 2459 52 28 and
1100 2458 111 37 log-roll-

676 2500 47 34 ing
744 2502 35 25 do
802 2507 46 20 not
872 2501 93 28 obtain
993 2508 26 19 to
1045 2499 105 28 deaden
1179 2499 45 26 the

674 2540 168 36 conscience,
869 2542 21 29 if
916 2547 47 22 not
977 2545 27 24 to
1030 2540 114 29 obscure
1178 2537 46 29 the

669 2580 174 38 judgement,
859 2594 44 24 my
915 2581 161 38 experience
1090 2580 48 27 has
1154 2579 68 27 been

672 2623 59 26 that
745 2622 66 28 with
826 2622 121 29 districts
963 2622 87 27 where
1064 2620 46 28 the
1135 2618 85 29 traffic
1231 2618 1 33 !

672 2671 52 18 was
740 2663 101 27 double
864 2664 71 27 what
958 2672 48 17 can
1032 2662 32 26 be
1087 2659 133 39 expected
1231 2659 1 49 j

669 2710 28 19 at
719 2709 111 32 present
856 2715 33 17 on
914 2703 45 28 the
985 2701 143 29 extension
1150 2701 70 30 from
1231 2701 1 40 !

669 2743 107 35 Heriot,
804 2745 53 27 and
888 2745 45 27 the
959 2742 187 29 construction
1174 2748 48 21 not
1231 2742 1 36 i

666 2793 54 27 any
736 2795 73 17 more
820 2785 95 36 costly,
931 2784 45 28 the
1002 2784 107 35 railway
1124 2781 54 30 hud
1194 2790 27 21 to
1231 2781 1 40 J

668 2825 40 32 be,
729 2835 30 16 as
777 2826 20 26 it
818 2835 63 23 was,
903 2823 127 40 dragged
1052 2828 49 24 out
1124 2823 28 28 of
1176 2822 45 29 the
1231 2822 1 41 ]

668 2864 194 35 Government,
877 2864 53 28 and
949 2860 62 32 lTien
1026 2865 63 36 only
1104 2864 117 27 because
1231 2860 1 49 j

666 2904 44 27 the
724 2906 161 36 petitioners
900 2906 54 28 had
976 2906 112 28 become
1104 2912 45 20 too
1170 2905 49 26 im-
1231 2904 1 38 !

665 2950 144 30 portunate
833 2946 43 28 for
901 2946 48 27 the
970 2946 119 28 comfort
1116 2944 31 28 of
1173 2944 47 28 the
1231 2940 1 48 j

664 2983 121 30 officials.
820 2985 75 27 Such
905 2986 139 37 being'the
1055 2985 165 37 experience
1231 2983 1 42 j

665 3024 29 27 in
709 3024 114 37 Ceylon,
837 3025 90 27 where
938 3035 16 17 a
962 3026 88 37 single
1063 3025 155 29 individual

669 3065 56 36 (the
740 3066 151 37 Governor)
918 3076 50 18 can
991 3065 96 30 decide
1110 3077 35 18 on
1173 3066 47 28 the

667 3106 94 27 merits
775 3106 28 28 of
817 3117 15 16 a
844 3116 63 18 case
919 3106 44 28 for
973 3117 15 17 a
1013 3106 120 37 railway,
1158 3104 61 30 liow

667 3145 81 29 much
762 3156 75 18 more
849 3145 23 29 is
892 3146 166 39 persistence
1079 3146 54 29 and
1157 3156 46 29 per-

667 3198 144 18 severance
837 3199 143 27 necessary
1005 3189 44 27 for
1072 3189 46 27 the
1145 3199 74 17 same

667 3238 117 27 purpose
798 3228 27 26 in
839 3239 16 16 a
867 3228 52 28 self
932 3229 155 37 governing
1110 3229 108 36 colony,

667 3268 89 28 where
769 3268 119 37 political
909 3268 101 38 parties
1030 3279 46 17 are
1095 3268 63 37 only
1173 3274 45 22 too

667 3307 82 39 ready
777 3313 27 24 to
827 3308 121 30 sacrifice
975 3308 46 29 the
1041 3310 129 27 interests
1190 3308 29 29 of
1231 3307 1 39 i

665 3360 16 17 a
703 3350 108 28 district
838 3350 78 28 when
941 3350 121 38 political
1088 3351 130 27 interests

666 3390 149 28 intervene.
853 3391 88 28 There
963 3400 45 18 are
1032 3400 84 24 some,
1132 3390 13 26 I
1173 3400 44 17 am

665 3439 96 25 aware,
771 3430 61 27 who
841 3430 97 28 favour
949 3440 15 17 a
975 3430 163 28 connection
1152 3430 65 26 with

668 3471 143 27 Lawrence
824 3470 93 28 rather
938 3470 67 28 than
1027 3470 107 28 Heriot,
1163 3469 54 29 and
1230 3469 2 29 !

666 3515 27 22 to
708 3510 77 27 those
799 3510 14 27 I
827 3510 89 28 would
940 3510 64 37 only
1027 3521 47 26 say
1096 3510 61 27 that
1171 3511 46 26 the

666 3549 108 29 district
804 3554 101 24 cannot
938 3550 68 28 have
1033 3550 67 28 both
1131 3550 85 28 lines:

667 3591 76 28 there
757 3594 72 24 must
851 3590 33 28 be
907 3603 15 15 ;i
946 3590 93 30 choice
1060 3592 43 28 for
1122 3602 52 17 one
1187 3602 31 17 or

667 3632 46 26 the
738 3631 87 32 other,
857 3631 53 27 and
938 3632 19 26 if
983 3632 45 26 the
1054 3632 115 27 balance
1194 3632 22 26 is

668 3670 103 37 largely
786 3671 27 27 in
826 3669 97 29 favour
942 3670 29 29 of
984 3671 46 28 the
1053 3672 163 28 connection

669 3712 62 26 with
748 3710 106 35 Heriot,
870 3711 64 27 then
949 3712 20 26 it
986 3712 21 27 is
1028 3712 103 37 plainly
1146 3713 72 27 their

668 3752 77 36 duty,
759 3751 42 27 for
816 3751 47 27 the
875 3751 66 28 sake
955 3752 28 26 of
998 3752 45 28 the
1058 3752 118 35 district,
1190 3759 27 21 to

669 3792 62 26 «ink
751 3790 70 29 their
840 3801 60 17 own
924 3792 171 36 preferences
1113 3792 53 28 and
1181 3803 36 24 go

670 3832 64 25 with
749 3832 46 25 the
809 3830 91 28 others
914 3841 29 16 so
954 3841 29 16 as
998 3837 26 21 to
1039 3832 73 26 show
1122 3842 33 16 an
1169 3843 32 15 un-

670 3871 104 29 broken
790 3871 73 28 front
877 3871 54 27 and
945 3882 97 18 ensure
1053 3872 46 28 the
1109 3872 109 32 getting

1108 3899 16 11 O
1199 3901 16 9 O

668 3914 28 26 of
711 3914 45 26 the
770 3912 109 36 railway
891 3917 28 22 at
930 3923 15 16 a
955 3913 79 27 much
1046 3914 97 26 earlier
1154 3914 63 26 date

669 3953 63 27 than
749 3952 88 35 might
858 3952 143 27 otherwise
1027 3953 31 27 be
1080 3953 46 27 the
1148 3963 69 18 case.

705 3998 75 28 Then
793 4010 30 15 as
837 4003 27 23 to
886 3998 47 28 the
957 3998 52 27 few
1032 3999 59 26 who
1113 3998 35 28 do
1171 4006 47 21 not

668 4039 87 27 desire
768 4049 53 26 any
837 4039 107 35 railway
964 4045 28 20 at
1017 4039 43 33 ail,
1089 4039 12 26 I
1129 4039 87 27 would

667 4079 64 37 only
745 4090 46 26 say
809 4079 61 37 they
885 4078 97 29 should
1006 4078 126 29 consider
1147 4080 70 27 what

668 4121 64 36 they
746 4129 58 18 owe
820 4124 27 23 to
861 4120 46 27 the
921 4120 111 37 general
1046 4120 169 37 community

667 4165 128 31 amongst
829 4160 87 27 whom
963 4160 64 36 they
1069 4160 61 34 live,
1162 4161 53 26 and

668 4200 129 33 whether,
818 4199 115 28 without
957 4211 16 15 a
1000 4199 116 37 railway,
1145 4201 54 27 Rox-

668 4240 90 36 burgh
773 4241 20 26 is
807 4239 83 31 likely
906 4244 27 23 to
946 4250 37 26 go
995 4240 155 34 backward,
1164 4241 53 28 and

668 4279 130 36 whether,
813 4279 64 28 with
901 4290 13 17 ;i
936 4279 118 38 railway,
1080 4279 21 28 it
1123 4280 21 28 is
1171 4289 46 21 not

667 4321 83 38 likely
765 4326 27 23 to
806 4332 36 26 go
863 4321 118 29 forward
1008 4327 28 22 to
1063 4333 33 16 an
1122 4330 95 21 extent

668 4365 58 24 that
741 4362 52 27 will
807 4372 44 17 am
861 4370 38 19 tze
913 4363 73 26 them
997 4362 27 27 in
1036 4363 45 26 the
1096 4373 78 26 years
1191 4370 27 22 to

666 4413 85 16 come.

703 4443 14 27 I
744 4443 68 28 have
835 4443 157 28 mentioned
1012 4443 45 28 the
1070 4453 66 28 year
1152 4445 65 27 190l>

665 4494 29 17 as
710 4484 45 27 the
775 4483 65 28 time
856 4484 76 27 when
957 4484 45 27 the
1028 4485 110 37 railway
1164 4486 54 28 line

665 4524 98 28 should
779 4525 32 27 be
826 4523 126 38 working
974 4525 121 29 betwjen
1120 4526 98 29 Heriot

664 4565 55 27 and
732 4565 162 37 Roxburgh,
909 4565 53 26 and
976 4565 21 27 if
1020 4566 45 26 the
1085 4568 131 26 statistics

664 4605 28 27 of
717 4604 87 28 traffic
825 4611 28 21 to
868 4605 32 26 be
913 4610 50 31 put
977 4606 128 37 together
1120 4607 35 36 by
1170 4608 46 26 the

665 4646 96 35 Lague
782 4644 48 27 fall
847 4645 77 25 short
938 4654 65 17 even
1021 4646 35 34 by
1070 4657 15 14 a
1100 4646 73 26 third
1187 4648 27 24 of

666 4693 43 26 my
724 4682 201 36 anticipations,
940 4683 53 26 and
1007 4683 46 26 the
1068 4685 148 26 maximum

666 4728 58 21 cost
739 4719 153 29 mentioned
924 4720 42 27 for
985 4723 186 29 construction
1194 4724 20 26 is

666 4761 107 28 arrived
787 4765 38 28 at,
836 4770 67 17 even
919 4761 64 26 then
995 4761 45 26 the
1054 4769 94 20 return
1163 4763 51 27 will

668 4802 33 25 be
708 4801 85 26 about
803 4800 34 33 2-2
849 4805 127 32 percent,
988 4799 54 27 and
1055 4801 51 26 will
1115 4801 99 37 justify

667 4843 45 25 the
726 4840 74 38 early
813 4845 233 23 commencement
1066 4842 28 26 of
1108 4844 46 25 tiie
1168 4853 30 17 ex-

667 4881 106 28 tension
790 4881 81 38 being
885 4880 162 29 demanded.
1087 4882 27 27 It
1128 4893 87 18 seems

667 4928 27 21 to
710 4932 41 17 me
766 4932 33 17 no
814 4922 52 27 less
880 4923 66 26 thau
957 4933 16 16 a
987 4921 126 39 disgrace
1127 4924 60 27 that
1200 4935 16 16 a

668 4962 52 28 line
737 4962 53 27 like
804 4962 47 27 the
875 4961 90 37 Otago
992 4961 108 28 Central
1116 4963 98 28 should

668 5003 32 27 be
715 5001 161 39 prosecuted
896 5013 66 27 year
988 5001 36 37 by
1037 5012 74 26 year,
1136 5003 78 29 while

667 5043 45 28 the
726 5042 93 29 claims
842 5050 28 20 ot
886 5046 45 25 the
946 5042 101 29 Clutha
1061 5041 96 40 Valley
1173 5045 41 27 for

665 5094 16 17 a
694 5084 108 36 railway
826 5083 69 28 have
916 5084 67 27 been
1000 5090 49 30 put
1071 5083 75 28 aside
1159 5085 54 27 and

665 5123 79 28 made
758 5123 46 28 the
819 5129 76 32 sport
908 5125 29 27 of
952 5122 121 39 political
1087 5124 124 29 factions.

669 5165 23 27 It
707 5165 22 26 is
743 5164 110 27 evident
876 5164 59 28 that
950 5165 45 26 the
1009 5162 94 29 claims
1126 5165 28 26 of
1169 5165 45 28 the

665 5205 108 28 district
795 5205 70 27 from
891 5204 99 29 Heriot
1013 5209 28 22 to
1057 5203 156 29 Alexandra

665 5246 67 27 have
753 5245 68 28 been
847 5245 64 38 only
937 5243 159 30 considered
1126 5252 28 21 to
1181 5246 32 27 be

665 5286 123 37 ignored,
802 5286 54 27 and
872 5287 59 26 that
945 5287 21 26 it
989 5285 52 26 will
1065 5285 100 37 always
1181 5287 32 26 be

663 5337 29 16 so
706 5327 21 27 if
743 5327 45 27 the
802 5326 108 28 district
923 5326 66 27 does
998 5329 48 22 not
1061 5334 59 17 now
1134 5336 37 26 go
1186 5333 27 20 to

665 5366 73 28 woik
761 5367 54 27 like
835 5376 52 19 one
906 5375 63 18 man
985 5369 27 23 to
1025 5372 49 29 get
1089 5365 46 28 the
1151 5365 49 28 rail-

665 5416 66 28 way.
771 5407 14 29 I
799 5407 68 29 have
877 5406 21 29 it
906 5407 69 27 from
986 5405 72 38 good
1073 5406 140 38 authority

663 5448 58 26 that
731 5448 46 27 the
790 5448 169 37 proprietors
973 5454 29 19 ot
1013 5447 46 26 the
1073 5447 65 26 Moa
1151 5447 62 27 Flat

662 5487 101 29 station
773 5488 53 27 will
835 5488 65 38 give
910 5486 36 28 all
957 5486 45 28 the
1013 5485 62 29 land
1086 5486 127 37 required

663 5529 36 37 by
722 5529 46 28 the
794 5529 110 36 railway
924 5528 59 27 free
1006 5527 29 27 of
1058 5527 110 38 charge,
1183 5538 30 16 so

662 5569 76 28 there
748 5570 23 28 is
782 5580 35 18 no
830 5568 122 29 obstacle
976 5568 27 27 in
1027 5567 62 28 that
1102 5573 111 32 quarter

660 5619 29 19 as
703 5609 13 29 I
733 5620 53 19 was
800 5610 44 28 led
858 5614 28 24 to
905 5608 177 35 understand,
1098 5608 54 28 and
1166 5614 45 22 ten

661 5651 77 29 miles
752 5652 29 28 of
791 5653 46 27 the
849 5650 135 38 proposed
996 5649 55 29 line
1060 5649 23 28 is
1094 5648 119 38 through

660 5693 60 26 that
743 5697 139 33 property.
922 5690 66 28 This
1015 5690 74 28 leads
1117 5699 42 18 me
1184 5692 29 24 to

185 84 169 54 Friday,
378 87 103 51 May
497 87 66 46 23,
588 87 116 42 1397.

1724 87 198 41 MOUNT
2009 84 256 44 BEHGEfi;,
2321 83 152 43 MAIL.

764 5766 125 24 (Continued
903 5773 25 13 on
943 5765 78 21 Fourth
1039 5765 66 25 Pag«j)

1491 357 258 56 COACH
1813 355 403 66 BUILDER,

1522 458 333 36 WHEELWRIGHTS,
1896 456 285 36 BLACKSMITHS,

1369 585 172 30 AGRICIJL
1552 585 119 30 L'URAL
1713 585 228 29 IMPLEMENT
1981 583 350 38 MANUFACTURERS,

1645 658 72 30 Ross
1757 658 99 37 Place,
1895 658 162 29 Lawrence.
2127 658 2 37 .
2152 658 3 37 ,

1319 751 72 27 ALL
1433 750 122 29 KINDS
1596 752 47 28 OF
1683 751 145 29 MINING
1870 749 234 31 MACHINERY
2122 749 4 31 .
2144 750 106 28 MADE
2291 752 80 27 AND

1749 802 204 30 REPAIRED.
1985 802 3 30 '

1740 895 110 28 Agents
1871 905 48 19 for
1922 912 34 4 —

1279 959 233 31 Massev-Harris
1534 961 119 38 Reapers
1676 962 54 28 and
1762 962 122 35 Hinders,
1907 962 177 35 Cultivators,
2112 961 136 37 mufflers,
2276 963 121 39 Ploughs

1747 1002 88 28 Horse
1850 1003 100 34 Rakes,

1591 1062 5 17 i
1611 1052 99 29 eerless
1731 1051 52 35 Oil,
1806 1053 103 31 Joinder
1929 1054 102 36 Twine,
2053 1053 66 29 &c..

1336 1133 45 28 All
1415 1133 25 27 \\
1452 1133 49 28 ork
1532 1133 151 29 Entrusted
1707 1137 27 24 to
1761 1133 41 30 Us
1829 1135 55 28 will
1910 1135 118 29 Receive
2053 1135 123 38 Prompt
2194 1136 154 29 Attention.

1607 1211 131 25 CfiARGES
1765 1214 134 22 STRICTLY
1910 1216 170 20 >MODERATE

1346 1365 32 37 J.
1410 1366 42 35 B.
1485 1362 159 40 YULE,
1670 1362 143 41 L.D.S.,

1349 1448 193 45 Surgeon
1578 1443 162 43 Dentist,

1385 1528 151 35 ■IKVERC
1544 1526 114 30 ARGIL
1664 1525 28 30 L.

1369 1706 46 28 Mr
1437 1705 77 28 Vulk
1536 1702 54 29 will
1611 1702 64 28 visit
1679 1718 33 3 —

1265 1808 139 30 RYAN'S
1423 1808 49 27 LIU
1482 1807 72 34 TEL,
1568 1801 246 34 ALEXANDRA,

1401 1859 7 25 1
1422 1858 43 26 kit
1481 1862 26 22 to
1526 1855 62 28 l7th
1603 1853 74 37 May.

1269 1940 164 28 HERON'S
1452 1938 130 33 HOTEL,
1596 1931 213 33 ROXBURGH

1406 1997 5 19 1
1422 1990 45 26 7tli
1482 1995 27 21 to
1529 1987 63 27 ItKli
1607 1985 74 36 May.

1248 2206 1 37 j
1345 2211 159 23 8.-VUiUSTKII
1520 2210 60 20 AND
1594 2206 154 24 SOLICITOR,

1457 2257 163 31 LAWIIIiNCE,

1248 2317 1 40 1
1263 2325 62 29 Will
1352 2322 96 30 attend
1477 2323 45 27 the
1543 2318 151 39 Roxburgh
1718 2317 93 29 Court.

1258 2481 99 36 Money
1368 2483 27 24 to
1406 2476 77 31 Lend
1493 2488 34 17 on
1538 2475 135 29 Freehold
1686 2474 124 37 Security

1252 2653 60 58 T.
1395 2648 411 68 WHELAN,

1289 2735 170 30 FARRIER
1482 2733 82 30 AND
1590 2730 181 32 GENERAL

1401 2779 261 35 BLACKSMITH,

1263 2845 164 29 i\7ISHES
1470 2851 28 21 to
1529 2845 101 27 inform
1672 2842 42 28 his
1746 2848 62 31 past

1362 2889 158 26 Customers
1543 2885 56 27 and
1620 2883 47 28 the
1692 2882 116 29 General

1250 2926 97 29 Public
1359 2928 62 26 that
1435 2927 33 26 lie
1481 2926 50 27 has
1585 2926 19 31 -,
1624 2944 6 13 ;
1640 2926 2 31 .

1249 2978 186 30 RESUMED
1463 2976 190 30 BUSINESS
1674 2975 42 28 IN
1736 2973 66 30 HIS

1379 3026 74 29 OLD
1481 3023 192 30 PREMISES

1270 3077 132 37 (recently
1416 3074 133 39 occupied
1569 3075 34 36 by
1628 3073 45 29 Mr
1695 3072 26 30 J.
1747 3072 37 30 H.

1448 3115 158 37 Aldridge),

1302 3156 114 31 ..Where
1430 3156 33 29 he
1477 3165 23 20 is
1513 3153 134 42 prepared
1660 3158 28 26 to
1702 3154 34 30 do

1248 3219 326 32 BLACKSMITIIING
1599 3220 46 27 OF
1671 3219 130 29 EVERY

1472 3268 108 28 KIND.

1850 1304 47 55 J.
1964 1304 47 38 H.
2076 1303 221 39 PEARS
2312 1303 90 39 OK-

2140 1365 166 29 LAWRENCE,

1830 1405 3 55 I
1892 1414 72 30 CON
1971 1405 256 45 TiiXCTQpt,']>U
2230 1413 66 29 ILD
2302 1412 55 37 ER,

1973 1467 17 13 *
2041 1464 22 24 .'.
2064 1481 9 7 A
2074 1464 2 24 .
2100 1464 54 19 ANJ>

1953 1495 3 32 .
1972 1495 290 31 .U^'DEtiTAKER.

1831 1562 2 41 !
1849 1571 143 28 Contracts
2008 1570 81 27 taken
2102 1570 43 33 for
2157 1569 138 28 Builders'
2320 1570 78 28 .York

1966 1612 29 27 of
2008 1620 80 28 every
2103 1609 176 38 description.

1909 1682 197 22 ESTIMATES
2138 1681 111 24 PREPA
2258 1682 40 20 RE
2307 1683 24 21 D.

1830 1740 2 30 I
1883 1743 24 26 A
1923 1740 192 30 well-assorted
2143 1740 86 27 Stock
2251 1741 29 27 of
2302 1740 84 28 I'urni-

1830 1779 2 43 |
1846 1785 59 25 ture
1919 1782 99 38 always
2032 1792 34 17 on
2081 1779 82 29 hand.

1883 1822 132 29 Funerals
2026 1820 154 31 conducted
2194 1821 26 27 in
2233 1821 34 28 all
2282 1826 76 33 parts
2372 1823 29 27 of

1830 1851 2 54 J
1846 1862 45 28 the
1921 1863 120 28 District.
2082 1862 104 27 Hearse
2215 1862 134 37 provided
2378 1864 21 26 if

1830 1903 2 42 j
1846 1903 134 39 required.

1830 1945 2 15 i

2137 1965 3 5 «

1829 1994 3 73 |
1856 2011 65 56 ytr
1933 2011 47 28 1L
1994 2011 83 28 hIA
2089 2011 28 27 M
2166 2013 47 42 \S
2231 2010 56 28 AL
2299 2010 22 29 0
2333 2011 22 27 x

1896 2088 2 7 '

1931 2165 171 35 General
2140 2163 169 43 Grocer,

1829 2309 1 50 j
1868 2309 191 31 SCOTLA
2072 2312 23 27 A'
2113 2311 43 27 D-
2168 2312 19 27 S
2199 2311 56 27 Tll
2272 2311 55 28 EE
2339 2311 31 36 T,

1976 2435 2 2 .

2006 2459 223 29 ROXBURGH.

1988 2572 37 27 A.
2124 2570 267 35 HART,

1895 2628 68 29 Scot
1966 2637 47 18 lax
2018 2637 58 18 i>-st
2081 2627 10 34 i.•
2098 2636 54 25 kkt,
2175 2627 57 27 Rox
2239 2637 28 17 in;
2276 2637 59 24 iron,

1851 2680 96 20 MERCH
1959 2681 49 19 i.NT
2026 2680 112 20 TAIL'V';.
2151 2680 91 24 .I'll
2250 2680 52 24 li;i;,
2319 2680 59 19 aNI)

1925 2708 94 20 OKNTL
2024 2708 98 22 KUAN'S
2139 2707 36 21 01.'
2184 2707 4 23 i
2197 2707 105 21 F.TI'EI!.

1876 2766 22 25 A
1933 2765 92 26 choice
2058 2764 126 27 seK'Cii<»n
2216 2765 27 24 of
2268 2763 121 33 T.vtvtls,

1839 2803 140 40 Coatings,
1995 2813 108 29 r?e!*^es,
2249 2814 26 17 in
2302 2805 10 26 1
2319 2804 72 28 i<auo
2401 2803 1 40 .

1836 2845 54 26 and
1906 2844 133 37 Colonial)
2055 2846 99 34 always
2169 2857 32 14 nil
2220 2848 49 23 !m;i
2285 2844 3 37 l

1875 2888 23 25 A
1913 2885 92 29 varied
2021 2885 79 29 scleci
2107 2887 40 37 jo.i
2163 2885 3 39 •
2174 2885 3 39 ■
2182 2887 7 24 f
2206 2899 33 13 m
2251 2887 84 34 niy-ui
2348 2885 41 27 ule

1837 2923 154 30 Goodsknd
2003 2926 74 36 Boys
2190 2923 62 39 oijl!i
2262 2942 7 5 -
2274 2926 5 10 J
2295 2927 107 33 Cloth--;

1836 2965 50 38 ing'
1908 2966 102 37 always
2043 2977 34 17 on
2109 2967 80 26 hand.
2242 2966 56 27 Tnc
2324 2970 63 32 only

1834 3006 76 36 place
1924 3006 28 27 in
1967 3012 72 22 town
2056 3013 27 21 to
2098 3007 217 36 procurestyiisli
2333 3005 51 27 and

1835 3046 158 37 up-to-date
2015 3046 81 35 Hats,
2112 3045 70 36 Ties,
2196 3047 53 27 and
2274 3046 96 28 Gentle-

1835 3087 86 29 men's
1940 3087 175 29 Underwear.

1842 3144 60 54 iy
1995 3145 21 29 T
2032 3169 5 6 .
2109 3146 20 28 13
2150 3146 168 29 OWDE
2339 3146 48 36 X,
2401 3132 1 66 j

1909 3222 176 26 CARPENTER,
2112 3221 113 27 JOINER,
2254 3222 61 20 AND

2011 3260 205 25 UNDKRTAKEK,
2401 3250 1 35 j

1288 3339 80 30 T.W.
1392 3342 85 25 trusts
1505 3336 42 29 his
1568 3336 102 29 former
1692 3343 112 31 patrons

1249 3380 54 28 will
1318 3380 69 37 rally
1400 3378 88 28 round
1502 3376 65 35 him,
1581 3376 54 28 and
1649 3387 49 17 cau
1712 3387 92 18 assure

1248 3421 76 27 them
1345 3420 47 27 the
1408 3429 74 17 same
1505 3418 63 27 skill
1594 3417 54 27 and
1668 3418 135 26 attention

1249 3460 88 29 which
1354 3459 112 29 marked
1481 3458 40 28 his
1534 3456 129 30 Business
1673 3456 129 39 formerly

1249 3501 53 27 will
1319 3502 31 26 be
1364 3500 139 27 exercised
1519 3500 26 25 in
1561 3501 99 23 future.

1297 3571 222 23 HORSESHOEING
1547 3571 19 19 A
1592 3569 160 21 SPECIALTY.

1268 3644 226 41 THOMAS
1518 3642 260 42 WHELAN,

1306 3710 102 26 ScoTi.A
1412 3717 45 18 ND-
1462 3716 27 18 ST
1495 3717 12 17 K
1512 3715 55 25 KET,
1591 3710 91 23 KOXBU
1688 3713 30 19 KG
1723 3712 27 20 H.

1251 3852 239 41 pIfIUSTMAS
1519 3851 23 29 &
1573 3850 89 29 NKW
1695 3850 104 29 YEAR

1416 3893 225 29 NOVELTIES.

1288 3935 135 36 (Suitable
1439 3935 43 26 for
1500 3934 102 35 Young
1616 3933 53 28 and
1684 3932 75 37 Old).

1360 4017 26 26 A
1399 4015 134 38 complete
1547 4015 105 38 display
1666 4015 29 27 of

1251 4056 125 28 FANCY
1408 4056 134 34 GOODS,
1578 4055 219 29 CHRISTMAS

1299 4097 133 33 CAKDS,
1474 4096 104 33 TOYS,
1619 4095 133 36 BOOKS,

1371 4137 233 33 magazines,
1625 4138 49 27 &C.

1249 4213 144 21 BARGAINS
1413 4214 38 20 OX
1470 4213 57 21 THE
1545 4213 137 21 SHILLING
1700 4213 98 21 TABLE.

1374 4279 155 30 Inspection
1550 4279 122 29 Invited.

1309 4368 24 53 I'
1335 4368 8 17 1
1348 4412 11 13 .
1409 4370 23 54 J
1449 4365 301 66 EFFERY,

1249 4445 187 21 BOOKSELLEII.
1451 4446 131 25 CHEMIST,
1597 4446 81 21 NEWS
1696 4446 95 20 AGENT

1414 4474 61 19 SI'AI
1484 4474 95 25 JONEJi,
1594 4476 37 19 &C.

1314 4509 138 29 TEVIOT
1484 4509 249 29 DISPENSARY.

1295 4587 31 21 To
1343 4593 26 15 aE
1385 4589 125 19 Pl'ulisjied
1525 4593 25 15 in
1560 4589 112 24 January,
1689 4589 56 21 1893.

1248 4641 158 28 ctones
1410 4641 6 11 1
1448 4640 125 29 ot.igo
1604 4641 23 27 &
1655 4641 119 29 soutk-

1248 4668 34 24 °
1488 4680 106 27 LAIN'D

1294 4733 152 23 Commercial,
1463 4733 133 26 Municipal,
1609 4734 16 19 k
1640 4734 107 20 General

1403 4786 237 42 DIRECTORY,

1496 4839 54 20 AND

1282 4883 89 28 NEW
1389 4883 180 29 ZEALAND
1587 4883 172 38 ANNUAL,

1470 4937 110 33 1898.

1267 5020 164 31 Fourteenth
1451 5022 73 29 Year
1543 5022 30 28 of
1592 5023 180 30 Publication.

1244 5099 87 38 Demy
1358 5102 51 26 Bvo
1435 5100 63 35 size,
1526 5102 161 37 containing
1710 5103 86 29 about

1261 5142 53 25 'JUO
1321 5141 224 37 pages,together
1554 5142 64 28 with
1629 5153 146 19 numerous

1298 5182 80 36 Maps
1402 5181 140 29 corrected
1564 5187 26 23 to
1605 5182 72 35 date,
1691 5184 47 28 the

1328 5221 85 28 wiiole
1427 5222 177 38 handsomely
1619 5224 92 28 bound

1354 5262 26 27 in
1395 5262 82 35 cloth,
1489 5262 195 37 gilt-lettered.

1244 5340 77 28 Price
1335 5347 27 22 to
1378 5341 185 36 Subscribers,
1580 5344 47 28 12s
1642 5344 52 34 6d;
1716 5344 76 30 Non-

1392 5382 184 37 Subscribers,
1589 5386 56 27 15s.

1288 5461 130 35 STO.\E,
1451 5462 82 35 SON,
1568 5463 80 28 AND
1679 5465 66 35 CO.,

1430 5514 179 37 Publishers,

1299 5560 140 31 Crawford
1467 5563 100 35 Street,
1590 5563 138 30 Dunedin.

1243 5634 99 53 'pHE
1362 5641 121 32 greatest
1504 5641 110 35 experts
1634 5638 86 30 admit
1733 5640 59 31 that

1325 5675 86 29 Kozie
1425 5678 54 26 Tea
1498 5678 23 28 is
1546 5678 35 37 by
1603 5678 43 28 far
1665 5680 47 28 the
1731 5681 61 29 best

1242 5715 78 29 value
1329 5716 165 29 obtainable.
1514 5717 90 29 Johxs
1613 5718 23 29 &
1644 5718 146 38 M'Combjc,

1242 5755 235 37 Agents/Millars
1491 5756 70 30 Plat.

1835 3312 97 26 De«ir#s
1959 3319 23 18 to
2010 3312 74 26 [hank
2113 3312 39 26 the
2185 3312 87 27 Public
2297 3314 23 25 of
2347 3312 39 27 the

1836 3351 102 25 District
1954 3352 35 23 for
2010 3358 52 27 past
2082 3358 111 27 support,
2213 3352 48 25 ami
2363 3359 23 18 to

1834 3389 87 24 inform
1954 3388 64 25 thmn
2055 3392 53 21 that
2139 3390 29 23 he
2200 3390 42 23 has
2274 3388 112 27 it>siinmd

1837 3425 117 25 Business
1968 3426 23 24 in
2006 3425 150 32 RoxS'ir^h.

1980 3512 24 29 y-i
2010 3519 42 17 v«-n
2067 3514 45 22 ami
2126 3511 118 30 ]3nil(iinj»-
2257 3512 129 25 Contracts

1980 3535 13 9 n
2227 3535 14 10 r)

1937 3561 26 23 of
1980 3559 30 25 all
2032 3559 72 26 kimit
2123 3560 159 26 umUrtaktm.

1872 3643 74 26 Plans
1961 3644 45 25 ami
2027 3645 186 33 Sp*-ciKciti«n<
2227 3646 122 34 pruparwl.

1834 3711 212 53 HUGH
2121 3714 259 44 BRUCE,

1926 3782 198 28 BOARDIXU
2153 3783 138 36 ILUU.SE,

1860 3829 29 28 AV
1900 3839 17 18 11
1922 3839 22 18 IT
1947 3840 14 17 J£
1966 3839 33 18 HA
2004 3839 12 17 V
2021 3840 76 18 KX-sT
2103 3843 12 16 K
2121 3841 11 18 K
2137 3841 28 18 KT
2168 3854 6 12 ;
2201 3832 35 27 LA
2243 3842 107 18 WKi.VCbi

1895 3877 142 39 (Opposite
2053 3878 116 40 Eiigliuli
2184 3881 129 37 Church.)

1842 3966 80 22 FIRST
1940 3967 83 21 CLASS
2048 3969 245 23 ACCOMMODATION
2316 3972 54 21 fOit

1917 3995 56 21 THbi
1991 3997 137 20 I'KAVttLI.I
2135 3999 35 19 NO
2189 4000 109 21 fUHiJC.

1877 4078 76 29 Good
1978 4079 129 38 Stabling
2133 4080 52 28 and
2208 4081 127 29 JVldoek

1980 4121 252 29 Accommodation.

1914 4199 99 28 —OIIA
2018 4208 62 19 LiOKS
2102 4200 80 28 M<)\)m
2188 4199 71 30 KATS.
2264 4219 35 3 —•

1832 4267 141 55 JLTOZlifi
1993 4269 83 28 TEA.
2116 4268 64 29 This
2207 4271 86 28 brand
2321 4281 22 17 is
2365 4281 16 17 a

1907 4318 150 31 guarantee
2065 4311 28 29 of
2103 4311 89 38 purity
2202 4313 53 27 and
2265 4313 114 38 quality.

1830 4351 54 37 Try
1898 4356 46 23 the
1957 4353 51 33 2s;
2028 4351 45 28 'oi.s
2088 4355 100 33 superb
2199 4353 7 27 J

1839 4534 42 27 VI
1891 4532 136 29 ILLELtS
2092 4532 95 28 FLAT
2229 4525 149 42 ;ir:)T'KL,

1992 4683 121 21 MILLKRS
2139 4682 78 21 FuVl'.

1866 4948 30 28 P.
1921 4948 105 27 Lafi'iiV
2087 4970 29 6 ...
2176 4947 164 38 Proprietor.

1839 5114 149 24 TOOK
2050 5116 19 21 A
2103 5116 13 21 2
2182 5116 12 20 1'
2223 5115 20 22 H
2268 5116 9 22 I
2303 5118 15 21 S
2343 5114 4 25 :

1830 5137 42 35 La

1890 5191 101 25 BOUTS
2009 5196 35 20 lor
2058 5195 40 21 the
2117 5192 79 28 Great,

1916 5235 73 24 Boots
2008 5238 36 21 for
2067 5238 40 22 the
2122 5238 88 28 Small;

1886 5278 72 24 Toots
1974 5278 36 23 for
2030 5279 39 23 the
2087 5281 78 27 Short,

1917 5323 71 22 Boots
2005 5323 37 23 for
2059 5324 39 22 the
2117 5324 53 22 Tad
2187 5323 4 27 ;

2385 5351 1 19 i

1889 5368 70 22 Boots
1973 5366 36 24 for
2029 5369 38 22 *he
2087 5367 95 31 Young,

1914 5407 73 24 Bjuts
2006 5413 35 17 lor
2056 5407 39 23 the
2115 5407 46 24 Uicl
2174 5407 4 28 ;

1917 5470 52 22 fmi
1989 5470 99 22 B'J'JTS
2105 5470 45 22 an't
2170 5471 102 24 SHOE'S

2035 5525 35 23 for
2086 5526 29 21 ail
2139 5534 13 14 a
2385 5525 1 32 |

1924 5588 40 35 H.
2016 5588 255 47 Baillie'S,

1835 5663 113 31 Oppofcite
1963 5664 158 23 Commercial
2141 5665 81 31 Hotel,
2241 5666 132 33 Roxbaigh
2385 5663 1 36 !

1853 5776 130 27 CiTCome
2000 5777 46 24 and
2065 5778 91 26 inspect
2168 5777 40 26 tbe
2225 5779 79 25 Stocky

2540 179 527 59 EVERYBODY'S
3109 177 377 58 BUSINESS.

2446 280 188 32 T7~AIAPOI
2660 282 268 31 BLANKETS—A
2942 282 75 38 large
3028 282 78 30 stock
3117 282 58 38 just
3188 278 132 33 received.
3362 277 163 43 Something
3539 285 26 25 to

2537 323 117 38 prolong
2669 336 68 26 your
2751 325 76 37 clays,
2841 329 119 24 sweeten
2974 324 45 28 the
3032 327 114 35 temper,
3160 324 121 38 improve
3302 321 46 27 the
3374 321 128 37 appetite,
3523 334 27 17 lu-

2443 374 45 18 cre
2497 374 37 16 ise
2544 364 125 37 personal
2683 365 124 32 comfort,
2819 364 54 29 and
2887 364 64 37 defy
2965 365 45 27 the
3024 364 77 29 frost.

2519 404 69 28 New
2603 404 83 27 Dress
2700 405 121 35 Tweeds,
2838 405 175 28 Flanellettes
3015 405 115 35 —wide,
3143 405 97 37 heavy,
3254 406 94 36 cheap.

2516 443 107 29 Ladies'
2637 444 123 35 Jackets,
2776 446 96 37 Cipes,
2891 445 278 38 Waterproofs—real
3182 447 16 12 u

2518 484 106 28 Ladies'
2641 484 70 27 Hats
2724 486 27 26 in
2765 486 74 36 plain
2852 486 54 27 and
2920 487 80 36 fancy
3015 487 112 32 Straws,
3149 484 84 35 Felts,
3255 487 82 26 Plush
3360 485 54 27 and
3437 486 121 34 Beaver;

2444 525 109 36 Wings,
2569 524 96 35 Quills,
2679 524 89 35 Tufts,
2784 526 148 37 Aigrettes,
2949 526 125 34 Flowers,
3088 525 125 27 Ribbons
3229 526 37 34 (in
3288 526 71 33 shot,
3373 525 107 38 stripes,
3495 526 60 37 &c.)

2441 565 165 37 —Nothing
2620 564 161 28 miraculous
2795 566 51 27 but
2860 576 63 26 very
2939 565 160 28 wonderful.

2518 606 87 26 Down
2620 609 28 22 to
2662 605 63 27 date
2739 605 84 35 styles
2836 606 27 26 in
2888 606 89 26 Men's
3001 606 77 33 Ilats,
3099 604 142 38 including
3262 606 47 27 the
3351 606 114 37 Lounge
3508 607 55 26 and

2446 645 45 28 the
2505 654 60 18 now
2579 644 106 28 famous
2727 643 40 27 Dr

2515 689 22 24 A
2553 684 81 38 good,
2649 689 87 32 great,
2758 684 88 37 grand
2859 685 54 27 and
2935 694 137 29 gorgeous
3098 684 104 37 variety
3228 684 28 28 in
3279 684 98 35 Men's,
3403 684 80 38 Boys,
3509 686 54 28 and

2441 726 118 27 Youths'
2577 725 120 28 Colonial
2711 725 99 27 Tweed
2824 725 83 28 Suits.
2950 725 76 27 Mind
3047 734 62 26 you,
3133 725 18 26 S
3182 724 161 28 OCIALLY
3368 724 193 30 SELECTED

2438 766 43 27 for
2497 766 46 27 the
2558 765 120 28 author's
2690 764 146 28 wondrous
2851 764 86 28 trade.
3273 764 2 29 '
3304 764 4 29 '

2513 806 115 28 Friends
2643 816 102 18 unseen
2759 804 54 29 and
2824 811 111 32 patrons
2949 805 42 27 fir
3008 803 54 29 and
3077 802 116 29 near—l
3212 803 98 36 watch,
3325 803 86 36 work,
3427 806 54 28 and
3501 806 64 28 wait

2438 847 39 28 for
2488 857 70 27 you.

2580 990 101 28 CASH
2706 989 160 34 DRAPKU,
2889 988 140 29 CLOTH!
3059 988 43 35 R,,
3139 987 53 27 ND
3214 987 207 31 IMPORTER.

2816 1039 69 29 Ros»
2909 1040 105 34 Place,'
3024 1039 162 28 Luvrenck.

2559 1126 83 40 &§»
2661 1126 4 40 ■

2711 1319 24 54 \
2780 1317 25 54 I

2516 1602 153 52 mm

2514 1637 73 56 Km
2597 1638 72 55 ifoi

2947 1237 142 28 TAiLOli
3119 1232 81 33 Ais'D
3231 1236 161 30 HaTL'ER.

2823 1318 38 20 AM
2876 1317 157 24 acknowledged
3050 1321 20 17 to
3085 1316 24 21 be
3123 1316 72 22 s«cind
3209 1320 22 17 to
3245 1324 52 13 none
3312 1316 31 22 for

2819 1378 118 28 STYLE
2952 1378 4 28 !

2965 1418 189 38 QUALITY!

3135 1459 298 30 WORKMANSHIP
3443 1462 7 28 I

2955 1583 13 19 I;
2973 1583 40 20 ESI
3021 1583 88 20 DENTS
3135 1582 36 20 OF
3198 1583 59 19 ROX
3261 1582 123 21 BURGH-

2778 1610 79 25 Kindly
2868 1617 67 13 mnen
2946 1611 34 19 her
2995 1611 45 19 that
3049 1611 67 24 owing
3129 1613 21 16 to
3160 1616 34 20 my
3204 1611 98 19 immense
3311 1614 131 23 assortment,
3452 1611 35 21 the
3496 1612 59 21 Show

2828 1645 18 12 in
2858 1637 36 21 the
2906 1638 102 20 Window*
3019 1639 14 19 is
3045 1638 47 25 only
3102 1645 11 11 a
3124 1644 46 19 very
3181 1639 58 19 -small
3251 1641 45 22 part
3302 1637 21 21 of
3334 1646 31 18 my
3378 1639 127 21 Exhibition.

2829 1705 111 26 Intending
2949 1705 117 21 Customers
3078 1705 39 20 will
3128 1706 40 20 find
3178 1707 44 18 tint
3234 1706 7 19 I
3254 1707 50 19 hive
3317 1706 57 20 made
3382 1707 34 19 the
3424 1707 64 21 inside
3494 1707 21 21 of
3522 1715 33 18 my

2777 1733 161 19 Establishment
2956 1733 106 26 especially
3081 1738 21 14 at
3115 1740 31 12 rac
3159 1733 38 24 ive,
3215 1733 39 20 mid
3273 1734 102 20 earnestly
3391 1735 64 19 invite
3472 1742 40 18 you
3535 1738 21 17 to

2778 1764 83 16 saunter
2876 1760 87 25 through
2982 1761 35 19 the
3036 1767 80 13 various
3134 1760 145 25 Departments
3294 1761 39 19 and
3350 1761 81 26 Inspect
3441 1761 35 21 the
3487 1761 69 21 Litest

2779 1787 104 21 Fashions.

2815 1856 183 28 OPPOSITE
3021 1856 107 28 BANK
3152 1856 46 28 OF
3221 1855 89 30 NEW
3330 1857 190 37 ZEALAND,

3100 1896 162 30 Lawrence.

2436 2043 40 31 n
2500 2041 15 33 3
2540 2039 14 35 f
2645 2041 32 30 r-
2690 2039 93 35 t\f

2615 2107 16 20 %i
2678 2107 2 22 .
2701 2107 19 21 A
2752 2107 15 22 £

2841 2082 141 48 fcnlU

3209 2039 343 94 LIMITED.

2603 2168 75 29 BEG
2706 2169 47 28 TO
2779 2169 215 29 ANNOUNCE
3018 2170 102 27 THAT
3146 2170 104 27 THEY
3275 2170 108 27 HAVE

2459 2247 445 55 PURCHASED
2942 2247 150 56 THE
3127 2246 400 57 GOODWILL

2723 2357 70 20 —OF
2817 2356 52 20 THE
2897 2346 190 32 BUSINESS
3113 2356 32 21 OF
3169 2356 52 20 THE
3223 2365 36 4 —

2462 2527 138 37 Together
2615 2527 64 29 with
2693 2528 72 28 their
2789 2528 224 36 BUILDINGS,
3034 2528 88 29 which
3137 2527 52 28 will
3203 2528 160 30 henceforth
3377 2541 36 27 go
3428 2531 87 30 under

2899 2571 45 27 the
2959 2581 79 18 name
3052 2570 29 29 of

2605 2856 95 27 Stores
2724 2867 45 16 are
2794 2860 129 33 amongst
2944 2857 47 27 the
3015 2857 117 37 Largest
3153 2857 53 27 and
3227 2857 220 40 Best-equipped
3461 2860 27 28 in
3502 2861 47 27 the

2421 2897 112 36 Colony,
2547 2897 53 27 and
2627 2907 50 16 cur
2700 2897 106 27 friends
2829 2907 61 26 may
2914 2897 138 29 therefore
3074 2897 58 36 rely
3154 2907 72 26 upon
3252 2898 69 28 their
3342 2900 207 39 consignments

2419 2938 83 36 being
2627 2942 27 21 to
2671 2936 47 27 the
2734 2936 60 27 best
2808 2936 157 37 advantage
2979 2937 78 28 when
3072 2937 120 36 exposed
3205 2937 43 27 for
3261 2937 63 29 sale.

2423 3086 122 28 Auction
2562 3085 77 29 Sales
2656 3085 30 29 of
2699 3084 179 39 Sheepskins,
2893 3085 193 36 Kabbitskins,
3100 3085 96 37 Hides,
3212 3086 113 37 Tallow,
3337 3088 59 36 &c.,
3408 3091 118 38 weekly.

2648 3233 75 29 Send
2749 3232 43 29 for
2818 3244 50 18 our
2895 3234 105 28 Advice
3020 3234 89 29 Notes
3133 3236 54 28 and
3212 3235 109 30 Labels.

3038 3384 116 33 MW

2707 3601 122 167 B
2830 3632 220 80 (Dipping

2821 3699 262 67 rIOWDER

2679 3841 35 31 IS
2740 3841 217 31 ANNUALLY
2984 3841 101 31 USED
3113 3839 104 30 UPON
3245 3839 24 28 A

2413 3921 348 63 QUARTER
2778 3939 35 20 -
2827 3920 309 57 ««SHEEP
3154 3938 29 19 -
3197 3937 57 20 ™«
3282 3916 249 56 WORLD

2447 4036 58 28 ITS
2527 4036 234 31 BENEFICIAL
2784 4038 167 29 EFFECTS
2971 4036 78 28 AND
3070 4034 164 29 LASTING-
3258 4030 234 31 PROPERTIES

2812 4090 127 29 ALONE
2968 4088 108 29 MAKE
3103 4087 38 28 IT

2411 4147 151 54 THE
2604 4150 392 53 CHEAPEST
3032 4146 93 52 OK
3166 4146 140 53 ALL
3348 4145 168 52 DIPS

2481 4250 172 27 PROCURABLE
2681 4259 71 19 FROM

2897 4285 101 35 JOILt
3032 4285 210 39 THOMPSON,
3268 4286 153 35 Lawrence,

2820 4344 61 27 And
2904 4344 71 27 from
2998 4344 34 26 all
3058 4342 85 28 Stock
3164 4342 55 27 and
3244 4340 107 29 Station
3373 4340 119 33 Agents.

2456 4420 174 44 Murray,
2659 4420 172 35 Roberts
2864 4421 78 34 and
2977 4420 94 35 Co.*
3096 4426 81 28 Chief
3203 4426 107 34 Agents
3331 4424 43 28 for
3398 4422 89 32 Ot-ago

2509 4958 47 34 \\
2577 4958 29 34 /
2622 4958 53 34 //I
2690 4958 1 34 ■

2521 4983 136 55 w/
2691 4983 3 55 1

2557 5019 58 26 vV
2630 5019 13 26 /
2668 5019 2 26 I

2661 4926 26 34 ■f\

2931 5058 3 27 l
2935 5059 34 26 L'-
2972 5064 8 11 J
2992 5058 14 17 n
3010 5080 8 3 -
3025 5062 17 12 pl

2881 5097 7 4 „
2895 5078 68 23 LA#r,
2964 5078 2 23 :
2967 5078 4 23 l
2971 5082 13 15 S
2990 5078 1 23 :
3003 5080 95 16 SAFE.XY
3105 5078 4 23 '

2526 5129 155 55 'SEW
2735 5130 50 55 It
2796 5135 34 50 A

3029 5129 386 59 BICYCLES.

2411 5229 58 57 ST.
2484 5230 114 20 G-EO'IGE
2615 5229 202 21 ENGINEERING
2830 5229 50 26 CO.,
2896 5229 100 23 Limited,
3010 5236 34 14 are
3054 5229 34 21 the
3098 5229 80 21 Makers
3187 5230 22 20 of
3219 5230 34 20 the
3262 5231 49 26 only
3323 5231 79 26 Bicycle
3412 5236 112 26 possessing

2470 5258 20 20 in
2578 5257 137 21 combination
2728 5261 35 16 the
2773 5257 111 26 perfection
2895 5257 21 19 of
2923 5257 57 20 those
2985 5257 96 26 quiliiies
3087 5261 53 17 most
3145 5258 84 20 coveted
3236 5258 26 26 by
3270 5259 133 26 experienced
3413 5260 110 29 Cyclists—

2577 5291 197 27 STABILITY
2793 5290 4 30 !
2877 5290 121 28 SPEED
3013 5292 5 26 !
3097 5291 243 29 DURABILITY
3356 5290 4 30 !

2453 5330 48 20 This
2512 5330 41 19 fact
2561 5330 36 19 his
2608 5330 80 19 become
2697 5330 101 25 gsnirallv
2809 5329 114 26 recognised
2934 5330 20 19 in
2964 5330 103 26 Tuapeka,
3078 5330 40 20 and
3129 5331 20 18 in
3160 5337 137 20 consequence
3314 5332 9 19 I
3338 5339 32 14 ain
3386 5333 54 23 dailr
3450 5336 71 20 selling

2404 5357 45 20 thes
2455 5367 5 9 i
2470 5357 103 20 Machines
2585 5361 20 15 to
2617 5358 85 24 Cyclists
2712 5357 44 19 who
2766 5357 51 19 have
2826 5356 50 20 been
2886 5356 141 26 disappointed
3039 5358 25 23 by
3074 5358 60 19 other
3145 5358 75 24 nukes,
3232 5358 40 21 and
3284 5358 44 21 who
3337 5366 35 14 are
3377 5361 46 24 glad
3441 5353 80 31 indeed*

2403 5384 31 20 for
2444 5391 31 13 me
2487 5389 20 15 to
2517 5384 58 20 make
2584 5384 57 20 them
2648 5391 24 13 an
2683 5384 108 20 allowance
2801 5383 30 20 for
2843 5383 53 20 their
2907 5383 104 22 discarded
3022 5388 83 17 mounts

2404 5424 53 34 As
2470 5424 91 34 Part
2575 5422 296 45 Paymentfora
2885 5423 285 45 Machinethey
3181 5434 78 25 can
3274 5426 167 43 Depend
3456 5439 65 25 on.

2457 5509 64 20 Those
2532 5508 43 21 who
2585 5515 33 14 are
2629 5510 35 19 not
2677 5509 20 20 in
2707 5515 11 13 a
2729 5508 86 26 position
2826 5510 20 18 to
2857 5508 98 26 purchase
2965 5515 38 14 one
3012 5509 21 20 of
3043 5509 56 20 these
3110 5509 51 21 ideal
3172 5509 67 21 steeds
3250 5516 36 14 can
3295 5511 71 21 obtain
3377 5512 52 22 from
3443 5522 30 12 me

2523 5537 68 28 New
2613 5546 54 19 and
2693 5538 197 27 Second-hand
2918 5536 129 29 Bicycles
3070 5537 28 28 of
3122 5546 82 26 every
3227 5537 178 40 description.

2618 5591 684 94 CHARLES~STOKES,

2558 5694 215 31 MERCHANT
2804 5694 150 36 TAILOR,
2980 5695 70 28 Ross
3081 5694 97 37 Place,
3205 5695 161 32 Lawrence.-

2806 5747 92 36 Agent
2924 5746 43 28 for
2992 5746 140 37 Tuapeka.

2455 5783 130 29 Catalogues
2601 5792 24 14 oh
2640 5784 139 28 Application.-
2855 5785 267 22 —————When
3134 5785 100 28 Ordering
3247 5787 92 23 Mention
3354 5788 42 22 this
3408 5788 73 30 Paper.

3579 188 4 41 I
3991 188 163 41 HOTELj

3794 244 169 22 ROXBURGH.

3664 336 37 29 H.
3723 338 35 28 11.
3780 338 108 36 Hkron,
3910 335 167 41 Proprietor.

3576 440 1 41 i
3627 440 56 30 One
3697 442 29 28 of
3739 442 46 29 the
3799 442 61 29 best
3873 442 99 30 known
3993 442 54 30 and
4066 452 29 20 m
4107 445 44 36 >st_

3576 482 1 39 !
3590 482 179 28 comfortable
3790 483 153 29 Hostelries
3965 484 28 28 in
4015 484 47 28 the
4094 482 42 39 (Jp

3576 522 1 36 |
3590 528 115 29 country
3720 522 138 30 Districts.

3630 572 78 29 Cobb
3722 574 54 29 and
3792 573 73 31 Co.'s
3880 575 85 37 Royal
3990 576 64 28 Mail
4078 575 68 29 Line

3591 612 28 26 of
3643 613 120 28 Coaches
3777 615 122 36 running
3922 616 121 26 between
4068 615 57 27 Law-

3593 660 79 21 rence
3697 653 54 28 and
3774 653 183 36 Queenstown
3980 656 89 28 arrive
4089 654 55 29 and

3592 691 97 38 depart
3703 693 82 38 daily.

3594 782 115 40 Liquors
3723 785 28 28 of
3765 785 45 28 the
3828 786 58 28 best
3895 786 100 30 brands
4005 788 64 39 only
4078 787 68 39 kept

3806 825 26 28 in
3847 827 87 30 stock.

4004 867 10 17 i

3593 925 123 40 Buggies
3729 927 54 29 and
3799 929 100 29 Saddle
3910 930 102 29 Horses
4021 942 35 17 on
4067 931 76 29 Hire.

3655 1003 138 27 AILW
3810 1007 23 25 A.
3847 1003 26 29 Y
3951 1006 25 27 id
3991 1008 154 35 OTEL,

3685 1069 66 22 ROSS
3770 1070 97 28 PLACE,
3889 1072 168 24 LAWRENCE.

3576 1137 1 57 j
3591 1137 108 36 John
3728 1139 150 46 Laffey,
3910 1142 234 45 Proprietor

3666 1196 78 36 (Late
3759 1199 28 27 of
3802 1199 143 29 Ha>elock
3961 1201 104 38 Hotel.)

3627 1274 18 28 J
3657 1275 30 28 L.
3704 1276 68 38 begs
3795 1281 26 24 to
3835 1277 125 30 intimate
3975 1280 60 29 that
4049 1281 33 29 he
4096 1281 48 29 has

3590 1316 153 38 purchased
3776 1318 45 28 the
3853 1319 86 30 above
3969 1321 175 31 well-known

3589 1356 141 38 Hostelry,
3739 1359 52 26 and
3809 1360 92 37 hopes,
3914 1361 34 36 by
3958 1366 79 23 strict
4051 1367 75 23 atten-

3591 1397 55 27 tion
3660 1400 28 25 to
3703 1398 45 27 the
3758 1399 116 29 comfort
3884 1401 28 28 of
3925 1401 152 31 Travellers
4086 1403 55 29 and

3589 1438 46 28 t'he
3648 1439 92 37 public
3755 1441 148 38 generally;
3917 1448 28 24 to
3962 1450 71 22 meet
4048 1444 63 29 with
4125 1455 15 19 a

3588 1479 51 28 fair
3653 1480 79 28 share
3745 1481 29 28 of
3786 1489 151 32 patronage

3633 1519 49 29 l.'he
3706 1519 121 41 Railway
3850 1522 23 29 is
3896 1533 50 19 one
3961 1524 29 28 of
4004 1524 45 29 the
4063 1525 60 30 best-

3586 1561 147 37 appointed
3747 1561 97 30 Hotels
3853 1564 107 29 outside
3969 1565 29 29 of
4012 1566 126 29 Duuedin

3590 1601 93 28 Under
3695 1601 86 29 J.L.'s
3797 1611 200 32 management,
4009 1607 45 28 the
4065 1617 55 19 com-

3586 1642 54 27 fort
3654 1643 28 27 of
3691 1650 111 29 patrons
3812 1644 53 27 will
3878 1646 33 27 be
3924 1647 76 27 made
4011 1658 15 16 a
4037 1648 101 36 special

3585 1681 114 36 feature,
3712 1683 55 28 and
3781 1693 34 19 no
3829 1684 81 29 etfort
3922 1686 51 29 will
3991 1686 32 29 be
4038 1687 99 39 spared

3586 1727 26 23 to
3626 1723 64 36 give
3703 1733 83 27 every
3800 1725 179 30 satisfaction.

3593 1794 5 28 1
3610 1794 33 29 he
3657 1795 60 29 best
3732 1796 101 30 brands
3846 1798 30 29 of
3899 1798 102 38 Wines,
4026 1800 111 39 Spirits,-

3621 1836 55 28 and
3692 1836 64 29 Ales
3769 1838 101 38 always
3889 1839 67 39 kept
3969 1841 28 27 in
4011 1842 88 28 stock.

3586 1909 127 38 Simpson
3726 1911 55 27 and
3797 1911 95 30 Hart's
3906 1914 64 28 Ales
3984 1915 101 37 always
4099 1922 35 22 ort

3831 1952 67 39 Tap.

3585 2022 156 30 First-class
3753 2025 128 39 Stabling
3895 2028 243 30 Accommodation

3591 2088 332 54 .\IASONICH
3975 2093 127 40 TEL

3677 2149 67 21 ROSS
3758 2150 96 25 PLACE,
3869 2151 167 24 LAWRENCE.

3582 2213 32 30 R.
3638 2215 108 29 Wiißß
3952 2221 179 31 Pkopkiktor;

3621 2297 55 27 ihe
3728 2298 122 29 Masonic
3906 2302 101 28 affords
4029 2303 35 28 all
4085 2304 47 28 the

3580 2336 131 30 comforts
3723 2339 29 29 of
3764 2351 15 17 a
3793 2339 88 38 home,
3892 2341 54 31 and
3960 2342 23 31 is
3997 2344 132 38 provided

3579 2378 65 25 with
3659 2379 46 26 the
3727 2389 65 27 very
3814 2382 59 26 best
3888 2385 243 28 Accommodation

3579 2415 42 28 for
3647 2417 159 31 Travellers.
3846 2420 157 32 First-class
4035 2426 96 28 Table.*

3581 2456 64 29 Best
3668 2457 92 31 Wines
3783 2461 54 29 and
3859 2464 99 36 Spirits
3980 2465 102 38 always
4101 2467 29 28 in

3577 2498 89 27 stock.

3698 2567 132 23 CHARGES
3849 2571 159 23 MODERATE.

3613 2619 58 30 The
3696 2621 157 41 Proprietor
3878 2626 98 30 wishes
4002 2634 29 23 to
4053 2630 75 29 draw

3578 2659 107 39 Special
3710 2665 133 29 attention
3870 2673 28 22 to
3927 2669 44 28 the
3998 2671 130 39 Stabling

3577 2702 244 32 Accommodation
3840 2708 141 37 provided,
3997 2711 88 29 which
4104 2713 24 27 is

3577 2742 151 35 unlimited,
3743 2747 52 27 and
3809 2748 28 26 of
3852 2750 44 26 the
3912 2751 60 26 best
3986 2752 76 28 kind.

3588 2804 141 57 yIcT
3744 2808 60 28 OR
3817 2810 14 28 I
3845 2813 26 26 A
3947 2814 27 27 ii
3987 2814 57 29 0T
4058 2819 24 26 Hi
4094 2816 35 32 L,«

3664 2873 70 21 PEEL
3746 2874 113 29 STREET,
3874 2878 167 25 LAWRENCE.

3600 2964 168 36 Ronald
3797 2967 309 50 Montgomery,,

3764 3023 179 34 Peophietoh.

3574 3113 58 28 One
3655 3115 29 27 of
3704 3116 47 28 the
3772 3123 71 23 most
3867 3122 180 30 comfortable
4067 3126 58 28 and

3599 3154 228 35 best-conducted
3841 3159 152 34 Hostelnes
4004 3175 34 19 on
4050 3166 47 31 the

3720 3201 89 35 Otago
3824 3201 156 31 troldlields.

3671 3287 57 22 HOT
3749 3290 61 21 AND
3831 3291 35 21 CO
3868 3292 35 20 LI)
3922 3293 99 24 BATHS.

3596 3355 108 30 Sample
3724 3359 96 28 Kooms
3839 3370 51 19 fok
3909 3368 183 30 Tkavellebs.-

3568 3434 165 40 Passengers
3741 3438 85 29 called
3836 3440 43 30 for
3888 3443 44 29 the
3941 3445 74 39 early
4024 3446 93 36 Train,

3570 3587 52 56 1)
3677 3587 62 58 M
3773 3587 9 23 1

3816 3587 17 23 T
3865 3589 18 24 <J
3918 3591 20 22 n
3973 3591 18 23 E
4023 3592 20 24 L
4074 3593 19 24 b

3625 3731 68 23 TUB:
3740 3732 157 24 frMi'sJLAi;
3935 3735 17 21 M

3747 3795 17 23 Lj
3770 3802 17 16 \
3793 3795 22 24 \Y
3825 3796 42 23 Rh

3565 3890 5 2 .
3579 3873 72 17 s»o*v
3670 3873 102 24 opening
3792 3876 29 22 up
3842 3865 37 25 his
3987 3869 125 32 Shipnicilt

3550 3912 1 29 i
3581 3912 22 22 of
3621 3912 36 22 S(.J
3671 3917 15 16 '4
3700 3914 38 20 'ifcj
3778 3912 47 23 I)it
3832 3913 59 22 *.Ph
3924 3916 9 20 K
3943 3912 4 29 t
3965 3916 132 23 coildistiuf

3550 3956 1 25 i
3579 3956 22 22 of
3651 3960 38 19 tile;
3699 3959 68 20 latest
3780 3963 116 17 no7e.ua>
3915 3966 24 14 ur
3952 3965 37 16 toe

3646 4008 9 11 &
3671 4004 64 18 ason,
3755 3997 46 23 and
3817 4006 24 21 pr
3853 4005 40 15 oes
3907 4006 21 14 uo
3948 4002 84 20 mar,eh.

3684 4038 90 20 .viiilinc
3790 4044 12 20 y
3818 4047 14 12 a.
3856 4038 15 19 S
3875 4038 4 29 (
3881 4042 109 25 iejuii.y.

3722 4177 112 24 —-Visits
3869 4180 89 21 Aiiiiura
3986 4180 42 22 Hl&
4077 4182 30 20 ni

3706 4222 71 23 every
3794 4225 34 15 six
3848 4226 83 14 wees*.

3987 5376 26 19 2-Y

4098 5376 23 13 m.

3846 5511 23 14 w'
3885 5511 1 14 -

3946 5529 34 68 I

3577 5673 172 40 TOTHILL,
3770 5677 172 41 WATSON,
3963 5681 24 29 &
4008 5681 68 38 CO.,

3651 5748 140 27 Esk-atreat.
3813 5752 161 31 Invercargill,

3552 5792 32 24 So
3592 5798 15 20 ei
3619 5795 87 29 \%9rta
3723 5796 34 24 he
3865 5799 46 25 *t>l
