3510 4620
89 207 44 24 the
144 202 103 30 holding
256 201 26 24 of
292 201 59 23 land
363 202 43 23 out
415 201 27 25 of
451 209 45 17 use
506 202 38 25 for
556 211 66 24 spec-

89 238 92 27 ulative
353 234 45 24 We
409 235 68 25 leave
489 235 43 26 the
544 237 78 24 writer

87 277 29 21 to
136 275 86 26 square
240 268 103 23 matters
364 268 59 24 with
443 268 44 25 the
504 269 117 26 National

91 301 160 30 Association.
287 300 45 24 We
348 303 92 23 cannot
451 302 73 25 make
536 302 85 33 things

87 349 28 16 so
132 333 176 32 incompatible
318 341 80 24 agree.

121 373 140 27 Farmers
270 368 59 24 and
339 367 53 25 the
404 368 99 32 Single
515 369 71 26 Tax.

123 405 78 32 Again
212 403 32 24 he
256 408 70 24 says:

115 441 31 20 As
155 440 36 19 for
200 443 45 19 any
254 435 38 21 aid
299 435 25 20 to
332 434 95 22 fpriners
437 436 25 21 to
472 436 59 21 hare
542 438 55 20 such
607 445 14 14 a

87 469 44 21 law
141 468 24 20 in
174 466 68 23 force,
251 463 40 21 the
304 468 61 14 mere
375 463 124 21 statement
508 464 24 20 of
541 466 57 19 siich
607 473 14 14 a

86 497 69 25 thing
165 494 72 21 shows
252 492 53 20 that
320 490 39 20 the
378 491 108 26 Ministry
504 492 63 21 know
578 500 43 13 no-

87 524 68 25 thing
165 522 21 20 of
195 520 40 21 the
245 519 72 20 wants
327 523 25 14 or
360 518 70 21 needs
439 518 24 21 of
471 518 40 21 the
521 519 100 28 farming

87 548 145 26 community.
265 546 48 20 The
332 546 78 25 rating
425 552 29 14 on
472 546 149 26 unimproved

86 579 67 20 value
162 574 75 22 would
245 572 86 28 punish
341 579 14 13 a
364 573 44 20 few
416 573 57 24 who,
484 573 86 27 having
579 574 40 21 im-

87 604 108 29 provable
203 602 62 24 land,
283 600 58 21 have
360 601 41 20 not
409 600 40 21 the
467 607 76 14 means
553 608 25 13 or
586 602 34 21 in-

87 633 109 23 clination
204 631 25 20 to
238 630 101 25 improve
348 628 40 21 the
397 628 62 24 land,
469 628 42 21 but
520 628 19 21 it
546 630 75 20 would

88 662 48 20 also
145 658 84 29 punish
237 663 69 19 many
324 656 24 20 of
364 656 40 20 the
421 656 85 25 thrifty
524 656 45 20 and
578 656 40 21 the

87 696 61 19 poor,
158 687 46 21 and
213 683 121 28 especially
352 683 75 25 injure
440 683 66 20 those
515 683 50 20 who
574 683 45 20 had

85 722 56 20 poor
148 713 61 22 land.
240 712 23 20 It
272 711 74 20 would
355 710 39 20 aid
403 716 67 20 many
479 709 73 20 rich—
555 706 64 24 those

87 743 51 20 Avho
148 748 42 14 can
200 738 72 22 afford
279 738 41 27 big
333 737 114 21 mansions
456 736 46 21 and
511 736 32 21 all
551 737 67 20 kinds

87 771 24 20 of
120 768 115 22 luxurious
244 764 181 28 improvements.
453 763 53 20 And
524 770 33 14 we
576 764 40 20 ask

85 797 42 21 the
136 793 134 28 thoughtful
278 793 81 21 settler
376 792 25 20 to
411 797 39 20 say
469 791 100 20 whether
578 791 40 20 the

88 825 61 24 wain,
158 823 19 20 if
186 828 45 15 anv
231 837 6 9 >
249 821 31 26 by
293 821 48 20 *his
357 818 111 27 proposed
482 818 44 20 law
539 819 20 19 is
578 819 41 20 not

87 859 59 14 more
160 850 58 21 than
227 845 201 25 counterbalanced
447 845 31 26 by
487 845 32 21 its
529 845 60 21 evils.

120 878 82 25 Those
221 874 134 27 connected
366 873 61 24 with
439 872 42 24 the
498 872 118 25 National

86 910 156 26 Association
262 907 91 31 always
373 905 74 32 speak
466 913 26 16 as
510 905 21 23 it'
541 913 14 15 a
575 908 42 21 tax

89 954 32 16 on
140 943 58 26 land
225 941 85 25 values
330 939 76 25 would
433 939 29 23 be
484 937 133 32 peculiarly

86 977 165 27 burdensome
262 977 26 23 to
299 974 44 24 the
353 972 99 25 farmer.
487 970 35 25 As
534 979 14 16 a
554 973 62 22 mat-

87 1015 38 22 ter
137 1011 27 25 of
180 1011 58 26 fact,
261 1009 43 24 the
322 1008 71 24 exact
414 1005 110 31 opposite
534 1005 20 23 is
576 1005 41 23 the

87 1054 63 16 case.
185 1044 70 23 Even
269 1049 45 17 our
325 1040 137 31 opponents
475 1037 141 24 sometimes

87 1077 79 26 admit
178 1076 58 24 this.
266 1075 52 23 The
325 1072 152 30 Wellington

87 1111 51 25 and
150 1110 118 30 Property
279 1106 135 25 Investors'
549 1111 68 16 some

87 1152 68 24 years
168 1150 55 23 age,
240 1142 28 23 in
280 1148 32 17 an
325 1139 85 25 article
421 1136 103 26 devoted
536 1142 24 18 to
574 1136 43 24 the

86 1176 143 26 demolition
240 1175 26 24 of
277 1174 43 24 the
332 1171 79 32 single
422 1172 54 27 tax,-
491 1169 71 24 made
574 1169 42 24 the

85 1210 126 29 following
251 1207 172 24 statement:—
500 1202 61 31 fully
584 1203 32 22 90

81 1252 47 23 per
145 1246 59 21 cent,
218 1240 26 25 of
261 1240 42 25 the
314 1236 126 27 unearned
451 1235 134 24 increment
596 1242 19 15 is

86 1279 26 22 to
124 1276 29 24 be
165 1274 77 25 found
249 1274 25 23 in
287 1277 63 19 town
363 1270 49 24 and
425 1268 123 24 suburban
559 1275 54 22 pro-

85 1309 98 32 perties,
195 1307 20 24 it
224 1306 49 25 will
284 1303 123 30 naturally
421 1301 83 24 follow
513 1300 54 24 that
579 1307 32 17 on

85 1344 62 22 these
158 1339 134 33 properties
303 1336 50 26 will
371 1335 43 24 fall
431 1334 42 24 the
490 1332 88 25 burden
590 1333 27 23 of

243 1371 89 33 (italics
350 1367 75 30 ours.)
444 1390 3 3 .
459 1365 66 25 That
547 1365 22 25 is
590 1369 24 20 to

87 1416 51 22 say,
151 1406 77 25 under
239 1414 15 15 a
270 1406 41 22 tax
323 1410 32 16 on
371 1400 56 25 land
449 1398 86 25 value?
547 1402 66 21 town

85 1442 54 26 ami,
156 1438 123 27 suburban
304 1433 133 35 properties
461 1432 80 24 would
565 1439 48 24 pay

85 1477 32 23 90
131 1482 41 19 per
189 1473 62 24 cent,
270 1470 24 24 of
317 1469 43 23 the
379 1470 75 23 taxes,
474 1465 74 24 while
568 1465 46 26 ,the

84 1508 88 24 farmer
192 1503 80 26 would
294 1510 48 23 pay
363 1502 41 23 10,
416 1507 43 24 per
470 1502 64 21 cenb.
548 1499 63 29 only.

84 1539 104 25 Punch's
201 1534 123 34 -"'proverb
345 1541 34 24 up
399 1536 25 21 to

84 1581 54 17 acre
146 1572 25 24 of
182 1570 60 25 land
250 1570 26 24 in
289 1567 141 25 Melbourne
442 1565 21 23 is
475 1564 78 24 worth
566 1565 47 21 two

84 1613 86 24 square
181 1604 72 24 miles
270 1602 28 24 in
317 1600 43 26 the
484 1596 129 31 strikingly

84 1637 151 32 exemplifies
247 1636 43 23 the
308 1637 55 21 true
381 1632 103 25 relation
503 1630 110 24 between

82 1672 62 26 land
171 1670 83 24 values
281 1668 28 24 in
336 1668 68 23 town
432 1664 47 25 and
501 1665 110 29 country.

84 1705 86 25 Under
182 1703 41 24 the
235 1702 80 31 single
334 1701 51 26 tax,
406 1707 31 16 an
449 1705 55 17 acre
515 1697 25 23 in
553 1696 60 23 Mel-

82 1738 94 25 bourne
196 1734 82 27 would
289 1732 119 27 therefore
427 1739 47 23 pay
487 1730 42 25 the
541 1731 70 22 taxes

83 1772 27 23 of
120 1773 48 22 two
180 1776 88 24 square
288 1767 72 27 miles
371 1766 27 23 in
409 1765 43 23 the
464 1763 64 24 bush
536 1771 5 21 ;
563 1762 48 24 and

82 1804 28 23 in
132 1802 150 31 proportion,
306 1807 31 16 an
365 1806 54 16 acre
436 1797 25 23 in
485 1794 128 25 Auckland

81 1835 81 25 would
173 1842 48 24 pay
244 1833 41 25 the
308 1834 66 22 taxes
398 1830 26 24 of
444 1827 123 26 hundreds
586 1828 27 23 of

82 1877 69 17 acres
162 1868 27 25 in
200 1868 44 24 the
252 1868 110 28 country.
398 1863 119 25 Whoever
529 1860 83 26 stands

82 1907 26 21 to
128 1903 58 28 lose,
204 1901 44 25 the
258 1900 90 25 farmer
364 1896 114 31 certainly
490 1894 85 26 stands
587 1898 25 21 to

80 1937 59 27 win,
153 1936 32 30 by
196 1943 15 15 a
222 1938 43 19 tax
277 1941 29 16 on
317 1932 59 24 land
387 1931 84 23 values
481 1937 6 20 ;
500 1929 111 25 because,

82 1970 28 23 in
119 1967 142 33 proportion
272 1968 26 22 to
310 1966 40 22 bis
361 1962 198 32 irapiovernents,
569 1960 43 24 the

82 2001 126 26 economic
219 2000 73 23 value
313 1998 26 24 of
356 1997 41 24 his
419 1995 60 25 land
491 1995 21 23 is
539 1994 72 24 small

80 2035 97 25 indeed.
214 2033 78 24 Mrß.
312 2032 29 23 R.
362 2030 74 28 Wise,
449 2028 64 25 M.P.
527 2026 84 32 speak-

80 2070 45 30 ing
136 2068 27 25 of
172 2067 42 24 the
238 2066 70 24 effect
328 2065 25 23 of
376 2063 43 24 the
442 2061 78 32 single
532 2067 42 17 tax
585 2060 26 23 in

82 2101 60 25 New
155 2100 80 25 South
248 2098 91 28 Wales,
353 2104 56 23 says
419 2105 6 14 :
437 2094 173 26 *'Bixabsente4

79 2141 90 18 owners
180 2133 51 24 loill
238 2140 50 23 pay
299 2138 60 16 more
383 2130 57 24 than
460 2129 39 23 six
511 2129 63 21 times
585 2134 27 15 as

80 2168 66 24 much
157 2168 26 22 in
195 2174 15 16 a
221 2170 42 20 tax
280 2173 30 15 on
321 2164 36 24 the
376 2162 151 31 unimproved
538 2160 73 24 value

80 2204 31 28 of
117 2202 57 23 land
186 2208 27 16 as
225 2200 34 23 all
271 2199 36 23 the
322 2198 108 32 farmers
447 2194 72 33 efthe
531 2194 80 29 colony

75 2239 46 28 put
303 2231 38 23 Do
364 2230 43 23 the
435 2228 101 25 farmers
556 2234 55 16 now

82 2267 72 31 begin
166 2270 26 21 to
215 2274 39 16 see
276 2264 56 30 why
352 2263 42 24 the
416 2260 116 26 National
553 2260 56 23 Ass-

81 2300 105 25 ociation
210 2299 27 24 of
256 2296 133 28 landlords,
414 2296 130 30 squatters,
563 2292 48 24 and

50 2336 8 9 *
79 2333 125 26 absentees
216 2332 97 23 favours
325 2338 15 16 a
357 2328 90 26 wealth
459 2329 50 26 tax,
533 2326 45 24 but
590 2325 21 23 is

78 2367 100 30 bitterly
201 2364 89 25 hostile
312 2366 25 21 to
369 2362 41 24 the
433 2363 42 22 tax
498 2367 32 16 on
553 2357 60 25 land

80 2402 83 23 values
174 2400 11 22 ?

141 2571 151 26 LIBERAL
317 2566 235 28 ASSOCIATION.

115 2639 22 23 A
153 2637 109 30 meeting
285 2642 51 18 was
363 2633 60 25 held
447 2634 26 22 at
491 2631 43 25 the
551 2630 63 24 East

81 2681 91 27 Oxford
189 2681 73 24 Town
280 2679 61 24 Hall
360 2685 32 17 on
416 2675 129 31 Thursday
556 2674 57 29 laet,

80 2724 38 24 for
135 2723 42 24 the
193 2727 106 26 purpose
323 2719 26 24 of
364 2717 108 31 forming
489 2724 14 16 a
520 2715 94 24 branch

82 2763 24 24 of
124 2762 43 23 the
178 2759 98 26 Liberal
289 2755 194 33 Association'^
496 2756 29 23 be
537 2753 78 25 called

80 2803 44 24 the
273 2797 99 26 Liberal
589 2796 25 22 to

78 2841 102 26 include
200 2841 41 23 the
264 2839 101 24 electors
394 2837 27 23 in
450 2836 41 24 the
511 2834 103 31 Kaiapoi

82 2882 49 25 and
143 2880 91 31 Ashley
252 2878 141 25 electorates
416 2875 107 32 residing
534 2875 26 23 in
574 2875 40 23 the

74 2920 110 25 ■district.
220 2917 53 24 The
286 2915 73 26 Chair
376 2922 50 17 was
443 2914 75 24 taken
530 2913 32 32 by
574 2913 40 24 Mr

81 2960 31 23 R.
131 2958 34 23 H.
185 2955 96 28 Parish,
305 2954 123 31 president
457 2952 27 24 of
502 2952 42 24 the
564 2952 50 24 late

83 2996 160 25 Association.
278 2993 41 25 Mr
338 2992 86 24 Buddo
447 2999 50 17 was
509 2992 103 29 present,

80 3036 50 23 and
154 3033 126 31 explained
310 3031 43 24 the
377 3030 81 31 object
477 3029 38 24 for
534 3028 80 24 which

80 3075 45 24 the
135 3074 105 29 meeting
249 3080 48 16 was
309 3070 87 28 called,
410 3070 48 23 and
471 3068 44 25 the
525 3075 88 18 reason

81 3115 56 32 why
160 3113 62 25 sach
244 3121 32 16 an
299 3110 155 26 Association
476 3108 87 26 should
583 3108 30 25 be

79 3155 104 25 formed.
219 3154 39 24 He
276 3152 74 31 spoke
362 3151 38 25 for
422 3158 58 17 over
499 3158 33 15 an
543 3150 69 27 hour,

80 3196 49 24 and
153 3194 103 24 touched
280 3200 65 23 upon
370 3189 52 26 'the
447 3190 96 24 various
572 3190 40 23 ad-

83 3235 178 26 ministrations
279 3234 25 23 of
322 3235 55 28 past
395 3232 172 31 governments
586 3230 27 23 in

80 3277 61 24 New
165 3274 115 25 Zealand.
323 3273 33 24 At
379 3272 40 24 the
440 3270 63 26 close
524 3270 27 26 of
571 3270 42 25 the

81 3315 107 27 address,
212 3314 19 23 it
247 3321 49 16 was
315 3310 118 33 proposed
454 3311 29 30 by
497 3310 38 23 Mr
547 3309 65 24 John

84 3353 78 29 Weld,
191 3352 51 28 a#d
267 3349 119 26 seconded
416 3349 31 31 by
482 3348 40 23 Mr
544 3347 70 24 Isaac

83 3393 96 29 Morris,
191 3392 56 24 that
262 3399 33 17 an
318 3389 151 26 Association
483 3387 89 25 should
584 3387 30 24 be

83 3432 95 26 formed
206 3432 79 24 called
314 3430 42 24 the
397 3429 92 24 Oxford
515 3427 98 25 Liberal

83 3472 159 25 Association.
278 3470 51 25 The
341 3477 85 16 names
437 3468 27 24 of
478 3467 71 24 those
560 3467 53 24 wil-

81 3510 54 32 ling
152 3512 26 23 to
198 3509 53 32 join
275 3517 62 16 were
360 3506 99 25 handed
482 3505 26 24 in
526 3509 25 20 to
570 3504 42 25 the

82 3552 146 26 Chairman,
253 3549 49 24 and
313 3549 20 24 it
344 3556 51 17 was
407 3546 100 25 decided
529 3547 26 24 to
567 3545 47 25 call

81 3599 15 16 a
109 3590 107 30 mpeting
228 3590 25 23 at
264 3588 44 24 the
330 3587 106 30 Library
452 3587 25 23 at
495 3594 31 16 an
548 3586 66 30 early

82 3629 64 27 date,
160 3629 25 22 to
195 3627 61 23 elect
268 3625 100 25 efficers.

116 3666 53 24 The
181 3665 68 23 d*tes
266 3663 27 25 of
308 3662 121 31 meetings
451 3660 52 25 will
523 3660 28 24 be
572 3660 41 24 ad-

81 3704 105 26 vertised
209 3703 25 25 in
257 3702 51 25 this
329 3708 75 25 paper
421 3700 64 25 from
496 3700 3 2 '
509 3700 61 24 time
588 3701 26 23 to

80 3750 69 28 time,
171 3747 50 25 and
243 3746 35 25 all
302 3744 178 33 sympathisers
500 3743 58 25 with
571 3743 43 25 the

81 3790 141 23 movement
242 3787 50 24 will
314 3787 28 23 be
365 3784 95 25 invited
483 3786 26 23 to
521 3783 91 25 attend.

83 3828 31 24 At
125 3827 98 31 present
245 3825 20 25 it
287 3825 21 25 is
328 3824 102 25 decided
450 3825 26 23 to
500 3822 70 25 raake
581 3830 33 16 no

79 3866 88 31 charge
178 3865 37 24 for
226 3864 174 30 membership,
426 3870 28 16 as
476 3869 34 17 no
523 3869 90 22 expen-

80 3914 38 16 ses
129 3905 52 24 will
192 3905 30 23 be
233 3904 120 23 incurred.
388 3902 32 24 At
439 3902 42 24 the
490 3902 124 29 meetings

78 3943 136 24 discussion
245 3941 49 23 will
316 3943 29 21 be
376 3940 95 24 invited
497 3939 50 24 and
565 3946 48 22 any

82 3982 87 23 elector
186 3980 56 24 who
263 3987 45 16 can
329 3980 100 30 suggest
444 3977 123 31 anything
590 3978 24 22 to

83 4020 87 24 benefit
195 4020 41 24 the
388 4018 48 25 will
456 4018 29 23 be
503 4016 110 30 heartily

75 4060 128 28 .[welcome.
224 4058 44 23 We
279 4058 64 30 hope
355 4057 40 24 Mr
407 4057 93 23 Arthur
512 4054 102 30 Wright

82 4097 57 24 •with
151 4097 40 24 his
203 4098 108 23 extreme
330 4095 73 25 views
424 4102 30 17 on
467 4092 146 26 Liberalism

84 4141 48 24 will
155 4141 27 24 bn
203 4150 14 15 a
240 4141 115 24 coastant
377 4139 92 29 visitor,
501 4137 50 25 and
579 4144 35 16 we

83 4185 61 21 trust
155 4191 45 15 our
228 4182 40 24 old
296 4180 81 25 friend
406 4180 50 23 and
485 4178 129 31 supporter

82 4223 40 26 Mr
132 4224 83 29 Bunn,
239 4224 50 24 will
310 4224 45 24 not
377 4222 80 25 desert
475 4221 43 25 the
530 4227 81 18 cause.

83 4267 78 25 There
177 4267 89 25 should
287 4267 30 23 be
337 4265 96 32 enough
456 4265 41 24 life
515 4263 96 25 infused

80 4307 26 23 in
117 4307 43 24 the
176 4307 122 30 meetings
320 4307 26 22 to
369 4305 73 23 make
461 4305 69 23 them
551 4303 61 24 both

81 4344 143 32 interesting
235 4344 50 24 and
304 4342 153 25 instructive.
492 4342 46 24 We
550 4340 62 25 wish

80 4384 21 23 it
120 4385 25 23 to
156 4383 30 25 be
198 4382 89 31 clearly
306 4380 150 25 understood
464 4394 2 11 :
474 4380 56 24 that
543 4379 69 24 these

82 4421 118 31 meetings
228 4420 50 25 will
313 4420 45 23 not
385 4418 31 24 be
444 4417 114 25 confined
586 4418 27 23 to

82 4459 83 31 purely
194 4457 108 26 enrolled
330 4455 131 30 members,
501 4455 45 24 but
578 4455 34 24 all

86 4502 175 33 sympathisers
278 4499 61 27 with
356 4499 44 26 the
419 4499 99 25 Liberal
530 4506 82 17 move-

82 4545 69 21 ment
165 4541 49 25 will
233 4541 29 24 be
284 4539 123 25 welcome.
539 4561 3 4 .
621 4545 2 17 i

718 207 140 26 OXFORD
879 209 92 24 ROAD
994 208 114 25 BOARD

683 289 54 26 The
763 291 119 24 members
906 291 27 25 of
960 290 43 25 the
1026 291 82 25 Board
1133 295 51 20 met

649 341 33 17 on
705 334 131 32 Thur«day
860 334 51 25 3rd.
940 335 58 25 inst.
1053 334 40 25 All
1113 334 71 33 being

648 381 100 28 present
760 378 37 25 for
808 378 42 24 the
873 386 105 24 purpose
997 379 28 23 of
1042 379 106 30 electing
1167 388 13 14 a

649 421 143 25 Chairman.
828 422 51 26 The
890 422 95 25 honour
996 421 43 26 fell
1051 429 66 24 upon
1143 422 41 24 Mr

648 464 67 26 John
733 465 80 25 Weld.
848 466 71 25 After
943 466 80 24 which
1045 466 42 25 the
1100 466 83 24 Board

647 509 133 32 proceeded
792 509 57 25 with
861 510 65 24 their
938 509 115 32 ordinary
1065 510 116 24 business.

681 553 53 24 The
757 553 94 24 Clerk's
874 555 83 29 report
977 561 50 16 was
1051 554 59 23 read
1134 554 47 23 and

647 596 66 25 dealt
736 596 68 25 with.
840 597 25 24 It
887 605 51 17 was
960 596 108 25 resolved
1088 598 26 25 to
1136 598 45 25 cull

648 640 42 24 the
701 641 119 24 attention
833 642 27 23 of
880 642 44 23 the
947 641 91 32 Ashley
1055 641 81 25 Boaid
1157 643 24 23 te

647 683 41 25 the
699 683 49 25 bad
767 686 64 23 state
854 685 26 23 of
903 685 43 24 the
969 685 97 30 cutting
1089 689 26 19 at
1138 685 42 24 the

646 727 94 30 Ashley
757 727 81 31 Gorge
855 728 99 30 Bridge.
990 728 120 25 Resolved
1124 728 56 24 that

646 770 43 24 the
711 770 88 25 Pound
820 771 99 31 .Ranger
939 770 30 25 be
981 771 101 24 ordered
1103 775 25 20 to
1140 772 40 31 lay

646 814 81 24 Police
739 814 161 25 information
922 814 98 32 against
1032 814 33 24 all
1086 823 93 17 owners

646 857 25 25 of
699 859 69 23 stray
796 858 85 25 cattle.

679 899 120 25 Roiolved
811 900 53 24 that
884 908 72 23 gorae
974 901 94 24 notices
1087 901 30 24 be
1129 910 49 15 ser-

644 943 47 24 ved
708 942 50 25 and
769 942 44 25 the
824 942 46 25 law
889 943 155 32 rigourouily
1056 944 121 25 enforced.

674 988 174 29 Deputations.
894 986 40 25 Mr
966 988 114 31 Simpson
1104 988 73 25 aiked

645 1030 42 24 the
700 1030 82 24 Board
794 1033 26 22 to
831 1030 87 25 reduce
930 1031 40 24 his
981 1033 57 22 rent
1047 1031 50 25 and
1109 1037 69 19 water

644 1074 111 31 charges.
792 1074 116 28 Refused,

677 1117 53 24 Mrs
748 1117 75 24 Jones
847 1116 75 25 asked
945 1117 42 24 the
1011 1117 82 24 Board
1105 1118 26 24 to
1143 1125 35 16 re-

644 1160 52 31 pair
712 1160 113 24 Brown's
843 1159 145 31 footbridge.
1025 1160 53 24 The
1098 1160 80 24 Board

643 1203 50 23 will
705 1203 95 30 inspect
819 1202 49 24 and
877 1203 83 23 decide
976 1204 37 23 for
1037 1212 27 15 or
1080 1204 98 31 against

643 1245 129 32 Thursday
783 1245 126 32 morning.

676 1289 40 23 Mr
733 1288 31 24 D.
788 1289 82 24 Hawk
891 1289 131 31 presented
1045 1298 15 15 a
1070 1289 105 31 petition

642 1332 85 31 signed
750 1333 29 30 by
801 1332 34 25 all
864 1332 43 25 the
930 1332 108 25 deferred
1058 1334 118 31 payment

644 1376 103 25 Settlers
759 1375 88 31 asking
858 1375 42 25 the
922 1376 82 24 Board
1022 1378 25 23 to
1069 1375 106 27 forward

642 1420 19 24 it
680 1421 25 23 to
717 1419 43 24 the
771 1419 74 24 Land
867 1419 92 25 Board.
994 1419 53 25 The
1070 1421 106 31 petition

642 1465 49 23 sets
708 1463 66 24 forth
797 1463 55 24 that
875 1463 42 24 the
934 1463 75 26 funds
1021 1472 56 17 now
1088 1465 26 24 in
1134 1465 42 24 the

642 1506 80 25 hands
734 1506 28 25 of
771 1506 43 25 the
825 1506 84 25 Board
932 1508 88 24 exceed
1039 1509 68 24 £600
1127 1508 49 24 and

641 1550 43 24 the
694 1549 98 25 settlers
804 1558 42 16 are
858 1550 102 26 anxious
969 1552 56 24 tnat
1034 1552 43 24 the
1086 1559 90 24 money

641 1593 88 25 should
741 1593 30 25 be
791 1594 61 25 uied
873 1594 25 25 io
918 1595 41 24 the
982 1595 104 25 erection
1110 1595 27 25 of
1158 1604 15 16 a

641 1637 76 24 Stock
729 1637 91 32 Bridge
842 1646 83 17 across
949 1634 41 29 the
1013 1639 75 25 Biver
1099 1639 74 32 Byre.

641 1680 53 25 The
717 1680 89 30 Board,
820 1681 145 25 considered
985 1682 55 26 that
1058 1683 49 25 this
1127 1691 49 17 wai

641 1727 41 22 too
705 1726 68 30 large
793 1732 16 17 a
837 1726 115 31 question
982 1727 25 24 to
1036 1726 84 26 deeide
1143 1727 33 24 off

639 1767 76 30 hand,
726 1787 3 3 .
751 1768 50 24 and
830 1769 109 24 directed
962 1769 65 24 their
1053 1769 123 32 Surveyor

640 1814 26 25 to
677 1811 89 24 collect
786 1811 41 25 the
848 1819 128 24 necessary
999 1812 88 24 datum
1107 1814 26 23 to
1145 1820 31 23 go

640 1863 73 24 upon,
755 1854 63 26 after
844 1854 82 26 which
949 1854 43 26 the
1016 1855 83 26 Board
1122 1855 51 25 will

640 1898 110 26 consider
762 1899 42 25 the
826 1899 95 32 subject
943 1899 27 25 in
994 1900 34 25 all
1049 1900 33 25 its
1105 1900 69 24 bear-

639 1943 64 31 ings.
1131 1955 2 4 ■

674 1988 210 30 Correspondence.
940 1987 74 24 From
1038 1986 40 25 Mr
1098 1986 76 25 Thoa.

639 2030 81 25 Dixon
732 2030 105 32 offering
848 2033 25 22 to
886 2031 57 25 look
955 2030 63 25 after
1040 2031 42 23 the
1107 2030 69 31 Eyre

639 2073 83 25 Water
731 2074 73 24 Head
816 2074 87 24 works.
941 2074 131 31 Accepted,

672 2117 54 24 The
741 2117 126 31 following
880 2117 143 24 alterations
1035 2117 32 31 hy
1079 2119 97 29 rtquest
1183 2120 2 25 j

640 2168 41 17 nre
707 2162 27 23 to
758 2161 28 23 be
813 2160 69 24 made
903 2167 33 18 on
959 2160 43 24 the
1025 2159 63 25 Bate
1112 2159 57 26 801l

640 2204 92 25 Messrs
746 2204 36 24 M.
795 2204 51 24 and
866 2204 30 25 0.
919 2204 84 24 Dixon
1023 2204 27 24 in
1072 2204 69 31 place
1153 2206 27 24 of

641 2248 34 25 M.
700 2248 84 24 Dixon
815 2247 125 25 deceased.
987 2247 41 25 Mr
1051 2247 76 25 Davis
1150 2249 26 23 in

639 2292 69 31 place
720 2292 26 23 of
755 2291 38 24 Mr
807 2291 66 31 Bing
885 2291 37 24 for
936 2291 115 24 Baxter's
1063 2292 112 24 sections.

639 2335 41 24 Mr
703 2334 30 25 A.
757 2335 75 31 Ivory
850 2334 38 25 for
914 2335 41 23 Mr
978 2335 40 24 W.
1042 2334 73 33 Ivory
1140 2335 37 25 for

640 2378 64 25 Ellis
716 2378 58 24 Flat
795 2378 113 24 sections.
944 2378 53 24 Mrs
1018 2378 47 24 Boi
1087 2378 39 24 for
1137 2378 40 24 Mr

642 2422 95 30 Sarage
771 2420 36 24 for
828 2422 62 29 part,
913 2421 31 24 E.
968 2420 26 25 S.
1018 2421 57 23 201.

673 2467 82 23 Notice
778 2467 27 28 of
825 2467 94 23 motion.
965 2465 41 24 Mr
1028 2465 101 25 Bassett
1148 2467 27 22 to

641 2517 71 16 more
729 2511 25 22 at
773 2511 59 22 next
855 2508 115 32 ordinary
991 2508 107 32 meeting
1119 2508 56 25 that

642 2552 40 24 the
694 2552 77 24 Rates
783 2553 28 23 be
823 2552 78 24 levied
924 2560 27 15 as
971 2552 104 24 follows.

675 2594 107 24 General
794 2595 63 24 Rate
879 2595 41 30 £d.
945 2595 27 23 in
989 2594 41 24 the
1054 2595 26 23 £.
1107 2594 68 31 Eyre

642 2637 85 24 Water
737 2637 62 24 Rate
812 2637 48 30 ]£d
872 2645 41 23 per
932 2645 63 16 acre.
1031 2637 68 24 View
1117 2637 56 24 Hill

642 2681 87 25 Water
748 2681 64 24 Bate
835 2681 70 24 three
926 2680 121 32 farthings
1065 2681 26 24 in
1103 2680 43 25 the
1158 2681 17 24 £

642 2734 33 17 on
695 2726 34 24 all
751 2726 70 24 lnnds
836 2725 131 25 benefitted
987 2725 33 32 by
1037 2726 42 24 the
1092 2727 82 28 water,

642 2769 49 25 and
712 2769 43 25 the
774 2769 136 25 minimum
922 2769 63 24 Rate
1005 2771 25 23 to
1049 2769 31 25 be
1092 2770 51 24 10s.

675 2813 52 24 The
739 2812 125 31 following
875 2812 98 25 tenders
985 2820 60 17 were
1054 2811 121 32 accepted.

675 2856 45 25 No.
743 2856 56 24 612.
835 2855 23 25 J.
880 2855 104 31 Gundry
1018 2856 35 25 £2
1072 2856 46 23 18s
1132 2855 41 26 Od.

693 2918 14 11 „
744 2900 55 24 618.
836 2899 27 29 C,
876 2899 90 31 Dalley
1002 2900 53 24 £16
1074 2900 36 23 9s.
1134 2899 41 24 Od.

692 2962 15 11 „
745 2944 55 23 614.
839 2943 24 24 J.
882 2943 89 23 Fisher
983 2943 56 23 lOd.
1052 2950 43 23 per
1106 2943 68 30 yard.

692 3005 14 11 
743 2988 56 24 616.
818 2986 101 32 Joseph.
938 2986 76 29 Allen,
1027 2988 26 22 Is
1065 2986 57 32 4^d.
1134 2994 44 24 per

640 3031 69 32 yard.

673 3073 71 25 After
771 3073 103 31 passing
908 3074 118 23 accounts
1071 3076 25 22 to
1133 3074 43 24 the

640 3119 102 24 amount
754 3117 27 25 of
806 3117 76 25 £210.
896 3119 36 24 7s.
955 3116 40 26 6d.
1018 3117 41 25 the
1071 3117 107 32 meeting

640 3161 156 26 terminated.

814 3347 190 22 MARRIAGE.

675 3413 53 24 The
741 3412 133 32 Wealeyan
892 3413 99 24 Church
1005 3412 68 24 West
1085 3412 93 24 Oxford

641 3458 47 23 lias
706 3458 26 23 at
758 3456 50 25 last
837 3456 62 24 been
927 3455 127 25 honoured
1082 3455 59 24 with
1164 3463 13 14 a

642 3500 123 31 Marriage
798 3507 128 23 ceremony
958 3498 130 25 witnesied
1115 3498 31 31 by
1164 3506 14 15 a

642 3545 68 31 large
733 3543 126 25 audience.
1082 3558 1 6 >

675 3587 38 24 Mr
734 3587 94 24 Robert
851 3587 111 26 Parlane,
984 3585 85 25 fourth
1089 3592 45 18 son
1153 3585 26 24 of

643 3630 40 23 Mr
695 3630 67 23 John
774 3629 106 24 Parlane
892 3629 27 24 of
930 3629 63 23 East
1007 3628 101 28 Oxford,
1127 3627 49 24 and

642 3672 62 25 Miss
724 3672 93 25 Rachel
841 3672 106 25 Gunson
975 3672 100 31 Whyte,
1099 3671 77 25 eldest

642 3717 122 31 daughter
787 3717 27 25 of
840 3717 53 23 Mrs
931 3716 79 25 Sarah
1040 3716 92 31 Whyte
1152 3714 27 25 of

643 3761 69 25 West
724 3760 93 25 Oxford
840 3768 59 16 were
919 3760 86 31 joined
1027 3760 27 23 in
1066 3759 109 24 wedlock

642 3812 33 17 on
688 3804 122 29 Tuesday,
829 3804 68 23 June
918 3803 57 24 2nd.
1000 3803 25 24 in
1049 3803 41 24 the
1101 3803 75 24 above

642 3848 103 24 church.
781 3847 54 24 The
847 3855 131 23 ceremony
995 3854 49 16 wag
1061 3846 115 31 perform-

642 3891 31 25 ed
690 3891 32 30 by
751 3891 42 23 the
817 3891 61 27 Rev,
906 3890 32 24 G.
962 3889 130 28 Houusell,
1122 3890 55 24 who

642 3933 128 33 presented
784 3935 42 22 the
850 3933 74 24 Bride
937 3933 56 23 with
1012 3941 15 15 a
1044 3932 132 24 haadsoin-

643 3978 38 24 elr
700 3977 84 24 bound
793 3978 105 24 .volume
917 3977 26 23 of
957 3977 43 23 the
1018 3976 66 31 Holy
1096 3976 78 23 Bible.

642 4017 53 24 The
724 4017 104 23 Dresses
857 4016 27 24 of
911 4015 41 24 the
971 4018 71 28 party
1064 4024 63 15 were
1149 4024 27 15 as

641 4060 95 24 lollows
757 4067 5 16 :
765 4074 32 2 —
799 4059 53 24 The
870 4058 74 24 Bride
956 4067 62 15 wore
1030 4058 45 24 her
1087 4059 87 23 travel-

641 4104 53 31 ling
705 4102 67 25 drew
793 4102 26 26 of
837 4102 130 31 bengaline
986 4101 116 25 trimmed
1117 4100 57 26 with

643 4147 47 25 silk
716 4152 25 19 to
771 4147 90 28 match,
896 4146 61 24 with
986 4145 43 25 the
1057 4145 118 26 orthodox

643 4191 46 24 reil
713 4190 48 23 and
781 4198 90 22 orange
899 4189 127 28 blossoms,
1057 4189 49 23 and
1131 4189 44 24 she

641 4233 92 26 carried
755 4241 14 16 a
800 4232 94 25 shower
925 4232 106 32 bouquet
1053 4232 27 25 of
1101 4232 74 25 white

642 4276 226 31 Chrysaßtheums.

675 4319 53 25 The
760 4317 180 25 Brides-maids
977 4325 62 17 were
1070 4318 55 24 four
1147 4317 27 24 in

640 4362 116 27 number.
791 4361 62 24 Miss
869 4360 114 28 Parlane,
1005 4361 72 24 «ister
1094 4368 26 17 to
1131 4360 43 25 the

640 4406 169 31 Bridegroom,
839 4404 50 24 and
908 4404 89 24 Misses
1024 4404 35 24 M.
1080 4404 24 24 J.
1125 4403 49 25 and

643 4452 30 23 E.
687 4449 101 30 Whyte,
810 4448 85 24 sisters
913 4447 27 24 of
956 4446 43 25 the
1016 4446 83 32 Bride,
1117 4447 57 31 they

640 4502 64 17 wore
723 4492 67 25 fawn
819 4491 77 25 tweed
930 4490 103 31 dresses,
1058 4490 114 25 trimmed

640 4538 61 27 with
721 4536 83 25 brown
814 4536 5 5 '
842 4535 55 30 silk,
921 4534 50 25 and
993 4535 71 30 large
1091 4540 81 19 cream

1214 220 66 25 hats.
1324 221 125 31 Carrying
1481 220 120 31 bouquets
1618 219 27 24 of
1666 221 87 25 bronze

1213 265 50 24 and
1278 265 59 31 gold
1349 264 222 32 Chry^ntUe'»ms.
1606 262 53 27 The
1669 264 81 25 Bride-

1213 316 92 24 groom,
1312 318 47 16 was
1371 306 118 28 attended
1500 309 40 29 by*
1548 308 40 24 Mr
1597 307 30 25 A.
1641 308 107 26 Parlane

1213 360 27 17 as
1263 353 54 24 best
1338 360 67 17 man.
1449 351 51 29 The
1519 350 69 25 bride
1607 359 48 17 was
1675 351 74 31 given

1296 395 32 32 by
1338 396 57 24 -her
1406 396 5 9 '
1419 393 76 26 elde'st
1517 394 107 30 brother,
1652 395 40 24 Mr
1715 395 31 25 G.

1214 440 98 31 Whyte.
1349 449 6 6 •

1244 483 52 25 Mrs
1311 483 91 32 Whyte
1415 492 64 16 wore
1499 492 14 16 a
1534 483 67 25 dress
1624 483 26 25 of
1670 482 71 26 blaok

1209 528 50 23 and
1283 528 58 30 gold
1363 527 85 24 french
1468 527 84 29 tweed,
1585 527 60 24 with
1667 528 74 30 toque

1209 573 26 22 to
1258 570 92 25 match.
1402 570 52 25 Mrs
1482 570 35 25 M.
1548 569 75 29 Cook,
1649 570 91 25 Brown

1210 610 75 32 Sergo
1308 610 117 25 trimmed
1453 610 61 25 with
1544 609 85 26 brown
1651 610 89 30 velvet,

1208 655 34 31 jet
1264 654 91 25 bonnet
1377 654 59 24 with
1455 654 61 31 pink
1535 661 76 17 roses.
1646 654 54 25 Mrs
1717 654 16 24 J

1208 697 74 29 Cook,
1316 697 92 25 Brown
1430 697 96 30 alpacca
1560 697 75 30 dress,
1665 697 78 32 black,

1207 740 91 25 bonntt
1321 740 59 24 with
1404 740 108 25 crimson
1537 739 101 25 flowers.
1680 740 62 25 Miss

1207 783 75 30 Cook,
1301 783 71 25 black
1394 783 69 24 dress
1486 783 61 24 with
1571 791 73 23 green
1662 784 81 24 velvet

1207 826 100 30 sleeves,
1341 826 74 26 black
1434 826 50 24 and
1505 826 61 32 pink
1589 827 51 24 hat.
1686 826 54 25 The

1207 870 73 24 Bride
1292 870 100 25 secured
1404 878 15 16 a
1441 870 67 31 large
1526 870 104 24 number
1641 870 28 26 of
1689 867 51 28 val-

1206 913 73 25 uable
1300 915 121 29 presents.
1468 913 53 24 Mrs
1544 913 91 31 Whyte
1658 915 80 22 enter-

1206 958 83 25 tained
1307 965 15 16 a
1336 957 69 32 large
1420 958 73 31 party
1513 957 27 24 of
1559 957 94 25 friends
1675 957 66 25 until

1207 1001 41 25 the
1258 1002 74 24 small
1343 1001 73 25 hours
1428 1000 27 26 of
1464 1001 40 24 the
1521 1000 125 31 following
1656 1009 83 17 morn-

1206 1045 50 25 ine.

1239 1087 54 24 The
1314 1087 83 31 happy
1416 1089 87 29 couple
1525 1087 45 25 left
1593 1087 94 25 Oxford
1707 1088 33 32 by

1206 1131 43 24 the
1288 1131 127 24 afternoon
1413 1124 9 19 1
1443 1131 74 28 train,
1536 1139 30 16 en
1599 1132 71 24 route
1702 1131 37 26 for

1206 1174 123 28 Dunedin,
1349 1174 79 25 where
1446 1174 60 32 they
1516 1174 85 25 intend
1620 1176 26 23 to
1658 1175 77 31 spend

1206 1218 64 24 their
1297 1218 163 31 honeymoon,
1500 1217 80 25 before
1607 1218 75 31 going
1710 1220 26 24 to

1207 1260 63 25 iheir
1291 1261 81 24 future
1395 1261 72 24 home
1488 1260 27 24 in
1538 1260 42 25 the
1604 1260 133 33 Hokianga

1205 1304 103 25 district.
1354 1304 67 31 They
1443 1305 57 24 take
1522 1304 59 24 with
1604 1305 70 24 them
1696 1305 42 24 the

1204 1347 54 24 best
1303 1347 87 25 wishes
1435 1347 27 25 of
1490 1355 15 16 a
1527 1347 68 31 large
1621 1347 72 25 circle
1710 1349 26 24 of

1206 1390 101 26 friends.

1266 1539 401 32 CORRESPONDENCE.

1205 1592 66 21 While
1281 1598 41 14 owr
1331 1592 88 20 columns
1431 1598 37 14 are
1480 1597 51 20 open
1545 1594 20 17 to
1574 1592 37 24 all,
1625 1597 29 14 we
1663 1592 25 20 do
1702 1594 36 17 not

1229 1630 90 25 identify
1338 1630 99 19 ourtelvet
1452 1629 52 20 with
1522 1630 93 25 opinions
1630 1630 105 25 expressed

1230 1667 87 21 therein.

1237 1706 34 23 To
1283 1705 36 23 tin
1337 1706 86 23 Editor
1423 1713 36 16 ess
1469 1706 32 31 of
1510 1705 36 23 tht
1560 1705 134 24 'Observer.
1698 1705 6 10 1

1219 1759 71 25 THE
1309 1758 154 26 CONTEST
1485 1758 67 25 FOR
1571 1757 148 29 ASHLEY,

1235 1841 110 25 Madam.
1348 1855 32 4 —
1381 1840 92 33 Kindly
1495 1839 77 26 afford
1597 1847 40 17 me
1656 1845 79 26 space,

1203 1886 25 24 in
1244 1886 69 31 reply
1329 1887 26 23 to
1379 1885 40 25 Mr
1443 1884 28 25 A.
1494 1884 101 25 Bunt's
1618 1884 71 25 letter
1710 1884 26 24 in

1203 1938 60 23 your
1273 1930 67 24 issue
1351 1929 28 24 of
1396 1928 144 31 May_l6tk.
1560 1929 26 23 to
1597 1929 64 23 stat«
1680 1928 57 24 that

1203 1982 32 15 no
1247 1974 110 30 compact
1369 1972 75 24 exists
1465 1971 111 25 between
1595 1971 15 23 I
1627 1971 50 24 and
1697 1970 41 24 Mr

1204 2016 128 25 Meredith.
1383 2015 13 24 I
1418 2022 47 17 can
1492 2022 82 17 assure
1597 2013 41 25 Mr
1658 2014 76 23 Bunn

1203 2061 55 24 that
1268 2060 14 24 I
1292 2059 50 25 had
1361 2067 33 17 no
1413 2058 123 25 intention
1548 2057 26 25 of
1590 2057 147 31 misleading

1203 2111 60 25 your
1282 2103 95 24 readers
1388 2102 28 24 in
1427 2102 43 25 the
1486 2103 99 23 matter.
1620 2100 14 25 I
1645 2100 91 32 simply

1203 2147 98 31 pointed
1324 2147 43 24 out
1386 2146 56 24 that
1464 2153 61 16 were
1545 2144 40 25 Mr
1611 2143 125 26 Meredith

1204 2191 92 26 sincere
1307 2190 33 25 he
1350 2189 83 26 would
1444 2190 44 24 not
1504 2196 89 24 oppose
1604 2196 48 17 me.
1670 2187 66 25 That

1205 2237 29 23 he
1245 2234 51 26 will
1307 2234 30 24 be
1349 2242 15 16 a
1375 2233 128 25 candidate
1520 2232 38 24 for
1569 2232 99 31 Ashley,
1689 2239 45 16 un-

1204 2280 50 24 less
1275 2277 141 32 something
1438 2276 152 31 unexpected
1616 2275 114 31 happens

1204 2323 13 24 I
1237 2322 76 26 doubt
1331 2323 44 23 not
1386 2329 5 21 ;
1415 2321 43 24 the
1470 2320 61 25 time
1550 2327 57 24 may
1628 2320 45 23 not
1692 2320 40 30 yet

1204 2366 29 25 be
1244 2366 52 31 ripe
1313 2365 38 24 for
1362 2365 39 24 his
1418 2364 149 25 translation
1590 2364 27 23 to
1629 2362 105 25 another

1204 2409 90 25 branch
1311 2408 27 24 of
1357 2407 44 25 the
1420 2406 149 32 legislature.

1237 2453 14 24 I
1273 2460 70 24 agree
1365 2450 60 26 with
1447 2450 42 25 the
1511 2448 149 33 concluding
1681 2449 55 32 part

1204 2497 26 25 of
1239 2497 40 24 Mr
1296 2497 97 23 Bunn's
1415 2495 78 24 letter.
1527 2493 54 25 The
1604 2493 84 24 choice
1711 2493 25 24 of

1204 2549 14 15 a
1230 2540 128 24 candidate
1370 2538 88 25 should
1480 2539 45 24 not
1542 2538 51 23 rest
1616 2537 61 24 with
1689 2544 47 17 one

1204 2592 27 16 or
1242 2584 49 23 two
1312 2582 157 24 individuals.
1505 2580 78 24 There
1607 2579 89 25 should
1706 2580 30 23 be

1204 2634 32 17 an
1247 2625 164 32 organisation
1422 2625 27 23 in
1471 2631 70 23 every
1564 2623 128 24 electorate
1710 2624 26 22 to

1204 2670 69 24 make
1301 2668 115 25 selection
1454 2667 26 24 of
1534 2665 43 25 the
1605 2664 131 26 candidate

1204 2713 106 32 thought
1332 2714 25 24 to
1385 2713 30 24 be
1438 2711 43 25 the
1503 2711 80 25 better
1608 2709 71 26 fitted
1699 2710 37 25 for

1204 2758 42 26 the
1258 2758 103 31 position
1374 2766 6 21 ;
1405 2756 61 24 such
1478 2754 169 32 oeganisation
1665 2756 26 22 to
1706 2754 30 24 be

1204 2801 128 31 composed
1354 2799 26 25 of
1414 2799 125 31 delegates,
1569 2798 168 31 representing

1204 2844 34 25 all
1249 2843 43 25 the
1303 2844 94 24 centres
1409 2842 24 25 of
1445 2850 33 16 an
1496 2841 139 25 electorate.
1669 2840 66 25 lam

1204 2888 67 31 quite
1282 2886 116 32 prepared
1409 2890 26 21 to
1447 2885 70 25 abide
1528 2885 33 31 by
1572 2885 45 24 the
1629 2884 107 25 decision

1204 2931 27 25 of
1240 2931 59 25 such
1311 2938 15 17 a
1344 2930 82 31 body..
1452 2929 14 24 I
1488 2928 63 25 have
1567 2936 33 17 no
1623 2928 64 24 wish
1710 2930 26 22 to

1204 2975 82 24 thrust
1296 2973 91 33 myself
1404 2981 33 17 on
1459 2973 44 25 the
1520 2971 168 30 constituency
1709 2978 27 17 as

1205 3027 14 15 a
1236 3018 135 28 candidate,
1389 3017 45 24 but
1445 3017 14 24 I
1479 3024 41 17 am
1533 3015 77 31 urged
1630 3017 26 22 to
1668 3023 69 16 come

1204 3061 103 25 forward
1318 3060 32 32 by
1373 3060 103 25 electors
1496 3059 110 31 residing
1625 3058 27 24 in
1669 3059 67 30 parts

1205 3104 26 26 of
1258 3104 91 32 Ashley
1376 3104 80 25 where
1483 3102 14 24 I
1525 3109 41 17 am
1595 3101 141 32 personally

1205 3150 98 23 known.

1304 3192 13 23 I
1336 3199 42 16 am
1396 3192 49 27 &c,
1506 3189 8 15 ;

1339 3234 79 25 GEO.
1436 3232 151 31 RENNER,

1381 3277 133 30 Kaikoura,
1533 3276 59 32 May
1617 3277 39 23 30.

1518 3347 3 2 .
1539 3339 13 12 ■.?

1239 3452 70 24 THE
1328 3452 137 24 WIZARD
1483 3452 43 24 OF
1542 3451 160 24 FINANCE.

1231 3519 48 20 I've
1292 3518 112 21 travelled
1417 3525 14 14 a
1444 3518 37 21 bit
1493 3518 82 26 lately;

1257 3551 110 26 Through
1382 3551 107 26 England
1502 3551 45 20 and
1561 3550 93 25 France,

1231 3584 51 19 And
1296 3585 25 18 at
1335 3583 40 19 the
1388 3583 69 19 Town
1471 3583 25 19 of
1587 3582 50 20 Hill

1256 3617 50 19 Met
1319 3617 40 19 the
1481 3615 24 21 of
1518 3616 107 20 Finance.

1230 3671 12 19 I
1258 3667 73 23 di'd'nt
1345 3669 75 21 stroke
1434 3669 47 21 him
1495 3669 140 24 backwards,

1256 3703 35 21 No
1304 3702 72 21 mor'n
1388 3702 13 20 I
1410 3702 75 21 would
1498 3708 14 15 a
1525 3702 37 21 cat
1568 3710 7 17 ;

1230 3739 100 20 Because
1343 3737 52 20 he'd
1406 3737 46 26 spit
1465 3737 46 20 and
1524 3737 103 26 splatter,
1637 3759 9 4 __

1256 3773 56 20 Like
1326 3779 14 13 a
1354 3772 124 26 Tipperary
1491 3771 50 20 Pat.

1230 3828 37 20 He
1279 3826 56 21 used
1348 3827 24 20 to
1385 3826 29 21 be
1428 3826 134 26 converting
1576 3826 61 21 souls
1648 3834 5 12 :

1256 3860 47 20 But
1316 3866 50 13 now
1380 3859 46 20 he's
1440 3859 53 20 took
1506 3859 24 19 to
1544 3865 86 20 money,

1230 3893 52 21 And
1295 3893 40 20 the
1344 3899 48 19 way
1408 3892 29 21 he
1447 3892 93 21 reckons
1555 3892 35 21 six
1609 3899 42 20 per
1664 3893 71 24 cents,

1256 3927 24 20 Is
1294 3927 71 25 really
1374 3933 54 19 very
1437 3926 79 26 funny.

1230 3981 54 20 He's
1294 3980 98 27 dropped
1405 3980 36 20 his
1455 3980 135 27 theo]ogical
1599 3989 5 12 :

1256 4015 52 19 And
1321 4021 49 13 now
1387 4015 47 19 he's
1448 4015 52 19 took
1514 4015 25 19 to
1552 4015 64 21 brass
1623 4025 7 15 ;

1229 4047 53 20 He's
1296 4046 77 20 ratted
1385 4047 60 19 from'
1453 4047 40 20 the
1511 4047 91 20 Liberal
1615 4047 66 25 Hoss,

1255 4078 53 20 And
1321 4078 58 21 rides
1398 4084 15 14 a
1426 4078 108 20 National
1559 4079 49 20 Ass.

1230 4134 40 24 Oh,
1301 4133 20 21 'f
1329 4133 12 20 I
1355 4139 45 14 was
1413 4133 36 21 his
1463 4133 104 25 creditor,
1597 4142 5 9 »

1255 4166 36 21 I'd
1308 4165 44 21 roll
1369 4165 40 22 the
1434 4166 83 21 dollars
1531 4167 25 20 in
1565 4175 4 12 :

1228 4199 36 19 I'd
1272 4198 34 20 let
1314 4198 48 19 him
1380 4198 66 19 cheat
1465 4198 37 19 his
1519 4198 78 26 stupid
1606 4199 48 24 self,

1255 4229 52 21 And
1320 4230 84 20 reckon
1419 4229 20 21 it
1456 4236 30 14 no
1504 4229 41 21 sin.

1227 4283 69 21 Don't
1305 4283 96 21 think'it
1414 4284 89 25 worthy
1515 4283 25 21 of
1548 4285 65 26 reply
1622 4294 5 12 :

1254 4315 13 20 I
1281 4315 53 26 only
1352 4316 61 20 want
1420 4330 3 10 ,
1428 4321 60 14 some
1507 4315 41 20 fun

1227 4346 52 21 And
1288 4346 18 21 if
1324 4353 45 21 you
1378 4347 62 21 treat
1448 4353 36 14 me
1501 4347 55 21 with
1566 4349 115 26 contempt

1254 4380 13 19 I
1285 4379 46 21 will
1354 4381 39 19 not
1412 4385 51 15 care
1488 4386 15 14 a
1521 4379 53 21 bun.

1227 4433 74 23 "y/ou'll
1313 4440 46 20 ,Bay
1371 4454 5 5 t
1382 4433 73 25 these,.
1460 4455 3 6 t
1465 4434 57 20 lines
1540 4440 39 14 are
1597 4435 84 26 stupid,

1251 4465 52 20 And
1322 4465 84 20 foolish
1428 4465 13 20 I
1457 4465 95 26 daresay
1562 4474 6 15 ;

1227 4497 46 21 But
1282 4497 49 21 still
1346 4504 46 21 you
1409 4497 60 21 can't
1488 4497 81 27 expect
1659 4499 46 21 else

1253 4530 68 22 From
1336 4536 54 22 poor
1409 4530 38 21 old
1465 4530 62 27 Billy
1540 4530 57 27 Day.

1897 226 141 27 WINTER
2068 228 129 26 SOCIAL.

1813 291 52 24 The
1882 294 89 24 second
1995 294 81 26 Social
2102 294 27 25 of
2155 295 43 25 the
2216 303 95 22 season,

1778 334 26 24 in
1832 337 146 25 connection
2013 337 61 26 with
2110 338 37 25 St-
2183 339 129 25 Andrew's

1778 377 106 30 Church,
1902 388 50 17 was
1970 381 59 26 held
2045 381 27 24 in
2090 381 42 25 the
2154 382 70 25 West
2246 383 63 25 Hall

1777 428 31 17 on
1825 422 46 25 the.
1885 424 105 32 evening
2017 425 27 24 of
2069 426 42 23 the
2139 425 72 26 27th.
2256 426 53 25 The

1776 465 114 26 auditnce
1907 475 50 17 was
1973 468 66 32 large
2057 468 49 26 and
2135 470 169 31 appreciative,

1775 509 49 24 and
1842 509 42 25 the
1901 510 129 33 gathering
2047 520 50 17 was
2114 512 27 25 in
2161 521 71 23 every
2256 522 53 23 way

1775 556 14 16 a
1806 551 69 28 great
1887 558 102 22 success,
2004 551 126 32 reflecting
2142 553 75 24 much
2229 554 78 24 credit

1774 599 30 17 on
1823 591 42 26 the
1883 593 78 24 ladies
1978 594 27 24 in
2023 594 81 25 whose
2121 595 80 26 hands
2218 597 20 24 it
2250 604 55 22 wa«,

1773 635 46 25 viz.
1843 637 141 25 Mesdarnes
1996 638 78 24 Luers
2086 638 49 25 and
2147 640 156 25 Henderson.

1806 679 52 24 The
1876 679 91 25 feature
1990 681 27 24 of
2031 682 43 23 the
2095 683 104 31 evening
2215 691 49 16 was
2286 692 15 16 a

1773 720 77 33 Gipsy
1862 722 78 31 Camp
1957 723 79 25 under
2053 724 43 24 the
2115 724 54 26 able
2189 733 115 24 manage-

1771 767 69 23 ment
1863 765 27 25 of
1916 765 52 26 Mrs
1990 767 101 24 Reeves.
2127 767 52 25 The
2203 771 101 31 Zingar-

1770 810 49 23 ries
1837 809 28 24 in
1882 809 65 25 their
1964 809 85 33 bright
2075 811 155 32 picturesque
2252 821 51 16 cos-

1769 852 82 25 tumes
1872 852 49 25 and
1933 852 109 33 tinkling
2052 854 167 26 tambourines
2230 856 72 24 made

1769 893 14 15 a
1801 885 83 31 bright
1900 887 48 23 and
1965 886 73 31 lively
2055 895 80 22 scene,
2161 888 73 25 while
2257 889 43 24 the

1768 927 41 26 old
1826 936 72 18 crone
1916 929 108 33 bending
2040 938 58 17 over
2114 931 43 25 the
2169 931 51 29 fire,
2234 939 66 18 smo-

1767 972 68 32 king,
1863 980 49 17 was
1941 981 15 17 a
1983 981 58 24 very
2068 974 106 25 realistic
2203 974 35 26 bit
2268 976 27 24 of

1767 1016 40 24 the
1834 1016 102 31 picture.
1988 1017 51 24 The
2074 1025 73 24 songs
2175 1018 50 24 and
2254 1019 44 25 the

1766 1059 116 25 choruses
1899 1059 27 25 In
1943 1061 145 24 connection
2105 1061 59 24 witk
2175 1061 44 25 the
2231 1070 68 23 camp

1767 1106 62 18 were
1846 1107 68 24 very.
1919 1099 136 33 pleasingly
2073 1101 126 24 rendered.

1799 1142 53 26 The
1869 1144 88 24 second
1974 1145 55 30 part
2046 1144 27 25 of
2087 1144 43 24 the
2140 1152 158 24 programme

1766 1193 50 18 was
1832 1187 131 31 composed
1990 1188 27 24 of
2044 1195 73 24 songs
2135 1188 163 31 interspersed

1765 1226 61 25 with
1843 1226 99 25 dances.

1797 1270 54 24 The
1876 1270 78 25 ladies
1980 1270 49 25 and
2057 1271 143 30 gentlemen
2217 1271 80 24 whom

1764 1320 35 17 we
1815 1314 61 24 hare
1895 1321 24 17 10
1936 1313 80 25 thank
2032 1313 38 25 for
2088 1313 50 25 this
2149 1315 56 30 part
2217 1313 27 25 of
2253 1313 44 25 the

1764 1355 202 26 Entertainment
1977 1364 41 17 are
2026 1357 62 24 Miss
2097 1357 123 29 Enowles,
2233 1357 62 24 Miss

1766 1399 94 25 Wil«on
1879 1399 74 32 (from
1970 1399 114 33 Kaiapoi)
2105 1399 52 26 Mrs
2180 1400 116 28 Hawker,

1765 1442 50 25 and
1832 1442 40 26 Mr
1889 1442 110 33 Mayion,

1801 1487 45 25 We
1862 1487 57 25 take
1937 1487 50 25 this
2001 1487 158 32 opportunity
2171 1487 27 25 of
2206 1487 91 25 thank-

1764 1530 44 32 ing
1824 1538 47 17 one
1896 1530 50 24 and
1973 1531 35 24 all
2035 1534 65 21 most
2118 1531 114 31 cordially
2261 1530 37 25 for

1766 1574 61 25 their
1843 1573 59 33 help
1919 1574 59 25 both
1996 1582 31 17 on
2044 1574 43 25 the
2105 1576 69 30 stage
2192 1573 50 25 and
2262 1576 35 23 to-

1765 1618 79 24 wards
1861 1618 41 24 the
1927 1618 183 29 refreshments,
2136 1618 82 24 which
2236 1625 62 17 weie.

1766 1663 65 23 mo«t
1846 1660 110 33 liberally
1972 1661 117 32 provided
2105 1661 33 32 by
2159 1661 44 25 the
2222 1661 76 25 ladies

1765 1705 64 24 from
1846 1704 63 25 fiait
1926 1705 51 24 and
1994 1704 78 25 West.

1799 1748 33 25 As
1850 1757 33 16 we
1899 1748 88 25 intend
2004 1752 25 20 to
2046 1748 99 32 provide
2163 1756 15 16 a
2196 1747 113 34 novelty:

1765 1791 38 25 for
1819 1799 44 17 our
1879 1793 61 23 next
1957 1791 79 25 Social
2061 1799 36 16 we
2123 1791 64 30 hope
2210 1791 21 24 it
2248 1791 51 24 will

1765 1834 31 24 be
1812 1841 28 17 as
1857 1834 56 24 well
1928 1834 151 31 patronized.
2115 1834 65 24 That
2192 1834 44 24 the
2244 1834 54 24 first

1766 1886 53 22 one,
1837 1878 82 29 jrvhich
1935 1886 51 17 was
2010 1875 75 28 taken
2113 1886 34 23 up
2164 1878 33 32 by
2225 1878 71 25 Mes-

1765 1922 85 25 dames
1868 1922 70 25 Dorn
1956 1922 49 25 and
2022 1922 135 32 Harbidge,
2181 1930 50 17 was
2243 1922 55 25 well

1765 1966 92 25 carried
1874 1969 43 22 out
1935 1974 47 16 was
1999 1966 108 24 testified
2123 1967 26 23 to
2166 1966 28 23 in
2206 1974 13 14 a
2231 1967 67 23 most

1765 2009 141 26 exhaustive
1923 2009 48 25 and
1988 2009 162 32 exaggerated
2168 2010 82 31 report
2269 2009 28 24 in

1764 2053 50 25 this
1831 2061 83 24 paper,
1932 2053 31 32 by
1981 2060 68 18 some
2065 2052 133 25 u»-known
2208 2054 90 32 gentle-

1763 2106 58 21 men,
1840 2097 55 25 who
1912 2097 51 25 will
1990 2096 30 25 be
2036 2096 106 26 relieved
2173 2096 28 25 of
2228 2096 65 25 their

1764 2140 167 32 self-imposed
1948 2140 55 24 task
2030 2140 38 24 for
2086 2140 42 24 the
2149 2139 90 30 future,
2269 2147 27 17 as

1763 2185 41 25 the
1822 2186 174 30 management
2024 2184 85 25 intend
2138 2185 25 24 to
2186 2183 60 25 send
2265 2183 27 25 in

1763 2229 64 24 their
1843 2236 56 17 own
1915 2229 82 31 report
2001 2242 28 5 —
2029 2228 113 31 Brevity,
2159 2235 46 16 mes
2232 2229 66 24 amis-,

1763 2273 21 23 is
1806 2272 43 25 the
1867 2272 54 25 toul
1938 2272 26 24 of
1979 2272 48 24 wit.

1936 2392 189 25 FOOTBALL.

1798 2464 21 26 A.
1835 2464 101 26 football
1966 2463 84 26 match
2078 2471 51 17 was
2157 2463 89 33 played
2266 2471 32 17 on

1766 2509 122 29 Saturday
1916 2508 49 25 last
1988 2508 69 25 30th.
2081 2508 59 31 May
2169 2510 27 22 at
2220 2507 78 25 Birch

1764 2551 61 28 Hill,
1855 2551 111 24 between
1994 2551 42 24 the
2064 2551 76 24 Birch
2165 2550 55 25 Hill
2250 2551 49 23 and

1765 2594 93 24 Oxford
1876 2594 84 24 Clubs.
1996 2593 93 25 Oxford
2105 2601 53 17 won
2173 2594 43 23 the
2236 2595 60 27 toss,

1765 2637 49 24 and
1825 2637 77 24 Birch
1919 2637 55 25 Hill
1992 2637 86 23 kicked
2096 2636 41 28 off,
2249 2644 50 16 was

1765 2681 116 25 returned
1899 2680 31 33 by
1949 2681 98 29 Oxford,
2067 2680 49 25 and
2128 2679 63 26 after
2205 2688 15 17 a
2231 2680 67 32 piece

1765 2726 24 25 oi
1805 2725 63 32 good
1885 2725 108 31 passing.
2012 2724 31 25 D.
2062 2723 127 26 McGmth
2216 2724 81 25 scored

1765 2777 14 17 a
1796 2771 47 30 try,
1860 2768 46 25 but
1918 2769 42 24 the
1978 2768 56 25 kick
2046 2770 25 22 at
2088 2768 56 32 goal
2156 2776 49 17 was
2216 2776 15 16 a
2242 2768 55 25 fail-

1766 2820 48 21 ure,
1833 2812 50 24 and
1899 2811 76 25 Birch
1994 2811 53 25 Hill
2065 2811 105 31 dropped
2184 2817 50 23 out,
2254 2811 43 25 but

1765 2855 91 26 Oxford
1863 2863 60 17 soon
1934 2855 50 24 had
1996 2855 67 24 them
2076 2855 72 31 again
2156 2855 26 23 in
2191 2854 104 36 trouble,

1765 2898 48 26 and
1827 2899 63 25 from
1908 2907 15 16 a
1940 2899 99 31 penalty
2055 2898 57 24 kick
2132 2898 111 28 Cleaver,
2265 2898 32 32 by

1764 2943 49 24 fast
1821 2942 126 31 following
1956 2950 40 23 up,
2008 2943 91 23 scored.
2112 2942 32 23 E.
2156 2942 141 31 Thompson

1766 2983 57 25 took
1839 2983 42 25 the
1898 2982 56 25 kick
1970 2982 45 25 but
2037 2982 74 25 failed
2132 2984 26 23 to
2180 2982 117 32 improve.

1765 3026 75 25 Birch
1858 3026 53 24 Hill
1927 3026 107 31 dropped
2051 3028 44 22 out
2107 3025 81 32 again,
2207 3027 50 23 and
2267 3026 31 31 by

1766 3066 63 32 good
1845 3065 126 32 following
1996 3074 33 23 up
2054 3065 94 25 worked
2177 3065 43 25 the
2248 3066 50 24 ball

1765 3110 53 25 into
1836 3109 114 26 Oxford's
1963 3110 39 27 25,
2015 3109 45 24 but
2071 3109 43 24 the
2126 3109 93 25 Oxford
2231 3111 66 24 team

1766 3162 61 16 soon
1843 3154 109 24 removed
1971 3153 43 24 the
2031 3154 58 30 play
2115 3154 25 23 to
2169 3154 63 23 their
2252 3162 47 22 op-

1766 3198 105 31 ponents
1888 3197 59 28 line,
1966 3197 81 23 where
2065 3196 40 24 W.
2123 3196 78 24 Harle
2213 3198 86 23 scored

1766 3241 107 24 between
1887 3240 41 25 the
1945 3241 77 30 posts,
2041 3239 32 25 E.
2093 3239 142 32 Thompson
2248 3241 51 30 pla-

1766 3285 57 31 cing
1840 3293 15 16 a
1878 3285 65 31 goal.
1987 3284 63 24 Half
2076 3284 57 24 time
2161 3293 51 16 was
2240 3285 60 24 then

1766 3328 86 24 called.
1896 3328 24 24 J.
1951 3327 122 24 McGrath
2102 3327 87 25 kicked
2213 3328 36 24 off
2263 3329 38 23 ior

1768 3372 99 27 Oxford,
1885 3371 50 24 and
1952 3379 15 16 a
1984 3371 35 24 lot
2037 3371 26 23 of
2078 3371 148 32 interesting
2243 3372 57 31 play

1766 3424 50 16 was
1844 3415 118 31 indulged
1994 3415 27 23 in
2056 3415 116 31 bringing
2201 3417 100 22 matters

1766 3459 64 24 close
1848 3460 25 22 to
1890 3459 69 26 time,
1977 3458 71 23 when
2066 3466 14 15 a
2098 3458 60 30 good
2177 3458 124 31 dribbling

1765 3501 58 24 rush
1840 3500 104 25 enabled
1956 3500 25 25 J.
1996 3500 174 25 Summerfield
2182 3502 26 23 to
2221 3509 74 21 score,

1764 3545 52 32 just
1833 3554 27 16 as
1878 3545 61 24 time
1968 3553 49 15 was
2029 3544 4 4 '
2046 3544 85 25 called.
2179 3544 88 26 Result
2267 3560 33 3 —

1766 3588 90 24 Oxford
1875 3587 111 31 winning
2005 3588 29 30 by
2053 3589 33 22 14'
2102 3588 84 31 points
2210 3590 26 23 to
2256 3589 43 24 nil.

1798 3631 53 23 Th»
1867 3631 73 23 Rirch
1953 3631 50 23 Hill
2018 3631 65 23 Club
2093 3632 152 23 entertained
2257 3632 43 24 the

1765 3673 92 26 Oxford
1868 3673 63 26 Club
1944 3678 24 21 to
1978 3674 93 29 dinner,
2085 3674 62 25 after
2159 3674 80 26 which
2257 3676 43 25 the

1764 3719 72 23 Utter
1853 3718 113 25 returned
1979 3718 74 25 home
2064 3726 57 23 very
2139 3719 97 31 pleased
2244 3720 55 24 with

1764 3761 42 25 the
1818 3762 60 32 days
1890 3763 95 31 outing.

1797 3806 25 25 It
1838 3806 80 25 would
1930 3808 42 22 not
1984 3805 30 25 be
2033 3806 76 32 right,
2133 3806 119 27 howevar,
2274 3809 25 22 to

1764 3859 56 22 pass
1833 3858 58 16 over
1903 3858 14 15 a
1926 3850 163 31 disagreeable
2107 3852 91 22 matter
2219 3851 80 24 which

1764 3893 115 25 occurred
1903 3892 90 31 duriag
2013 3893 65 30 play,
2104 3893 106 25 without
2234 3901 65 17 com-

1765 3940 73 21 ment.
1894 3935 146 31 Something
2062 3938 68 22 must
2152 3937 63 24 have
2239 3937 60 24 been

1764 3980 118 30 radically
1895 3986 84 24 wroiig
2006 3980 103 29 (temper
2132 3987 114 23 pernaps,
2271 3988 28 16 or

1766 4031 61 16 •yen
1837 4023 122 31 jealousy)
1973 4021 82 24 which
2065 4022 81 23 would
2154 4030 72 16 cause
2237 4023 62 24 foot-

1765 4065 92 25 ballers
1869 4067 26 22 to
1907 4067 39 22 act
1957 4065 27 23 in
2007 4064 58 24 such
2085 4073 13 14 *
2116 4064 106 29 fashion,
2235 4073 27 16 as
2273 4068 26 22 to

1764 4108 95 31 compel
1883 4108 42 25 the
1947 4107 145 25 retirement
2110 4107 27 25 of
2157 4107 64 25 their
2243 4116 56 17 own

1765 4152 112 32 Captain,
1900 4152 96 25 betides
2019 4152 102 30 causing
2144 4160 14 15 a
2171 4151 34 25 lot
2217 4152 27 25 of
2254 4160 43 17 un-

1764 4195 171 31 plqaiantness
1947 4198 25 22 to
1984 4196 41 23 the
2037 4195 99 28 referee,
2161 4195 80 24 whom
2253 4196 44 25 the

1765 4238 120 26 oftfefuders
1904 4238 149 26 themselves
2076 4238 108 32 actually
2204 4240 94 25 invited

1764 4282 25 35 |o
1801 4283 44 24 the
1854 4282 128 25 thankless
1999 4284 63 29 post.
2097 4281 107 32 PlfcjerSj
2210 4284 89 24 should

1765 4327 45 22 not
1822 4325 28 24 be
1863 4333 27 16 bo
1904 4325 92 25 carried
2008 4333 14 16 a
2025 4332 49 24 way
2083 4323 31 32 by
2126 4334 14 14 a
2152 4324 36 25 bit
2199 4326 28 25 of
2236 4329 61 22 tem-

1765 4376 86 24 porary
1864 4368 28 25 ill
1909 4368 66 29 luck,
1996 4377 28 16 as
2036 4371 32 25 ,to
2089 4371 39 22 act
2148 4372 113 30 contrary
2273 4373 26 23 to

1765 4411 67 25 what
1850 4412 58 30 they
1932 4413 81 23 would
2033 4411 21 24 if
2071 4412 140 28 victorious.
2227 4441 9 4 _
2246 4415 53 25 The

1768 4454 80 24 Offices
1860 4455 26 24 of
2024 4462 26 17 re
2047 4448 6 11 ;
2202 4466 41 17 are
2254 4461 45 22 not

1764 4497 81 33 happy
1865 4498 129 32 positions,
2030 4498 45 26 but
2103 4499 142 29 oftentimes
2269 4502 32 29 ,of

1765 4541 76 26 much
1852 4542 128 32 difficulty,
2001 4544 108 33 needing
2126 4545 171 31 discernment,

2343 216 93 26 besides
2447 216 168 35 impartiality,
2635 219 50 25 and
2704 220 42 25 the
2758 222 113 23 moment

2341 259 77 26 either
2431 259 50 26 side
2492 260 25 24 ia
2530 268 15 17 a
2556 269 78 24 game,
2657 263 77 32 imply
2746 264 123 31 anything

2340 304 71 24 teven
2424 303 142 33 bordering.
2573 313 40 18 on;
2622 306 174 30 iavouritwsm,
2819 308 19 24 it
2856 307 10 23 i

2340 346 63 25 time
2432 348 122 24 attention
2583 357 60 18 were
2671 350 83 26 drawn
2776 353 28 22 to
2826 351 42 25 the

2344 391 87 23 matter
2432 388 3 9 1
2433 409 6 14 ,
2489 393 103 30 prevent
2603 401 14 16 a
2628 394 136 32 repetition.
2782 393 85 26 Under

2341 433 60 24 such
2424 435 198 31 circumstances,
2651 437 42 25 the
2717 437 103 26 interest
2841 440 26 23 of

2342 481 61 18 even
2415 475 121 26 outsiders
2547 477 102 29 lessens,
2667 479 25 24 to
2704 478 108 25 mention
2822 487 43 16 no-

2340 517 72 32 thing
2424 517 26 25 of
2460 518 42 26 the
2515 520 72 25 effect
2605 528 63 24 upoa
2686 521 93 25 m«mbf
2780 529 26 17 *s
2817 522 49 24 and

2337 561 134 30 upholders
2493 563 27 24 of
2540 564 42 24 the
2602 564 76 25 clubs.
2712 565 26 24 It
2759 565 22 25 ii
2798 568 25 22 to
2835 565 30 25 be

2330 603 85 33 .hoped
2426 605 43 25 the
2480 607 49 24 last
2550 608 46 23 has
2617 607 60 26 been
2693 608 75 25 heard
2780 609 26 24 of
2821 608 43 26 the

2335 649 93 28 matter,
2450 650 49 25 and
2519 650 54 25 that
2595 651 34 24 all
2650 651 80 26 future
2752 652 112 26 matches

2336 692 50 23 will
2399 691 28 24 be
2438 693 92 31 fought
2540 696 44 22 out
2594 695 28 23 in
2637 696 55 23 true
2702 696 85 31 manly
2798 696 64 24 faih-

2340 734 51 29 ion,
2512 736 51 26 side
2579 737 74 25 afraid
2666 737 28 25 of
2702 746 14 16 a

2333 785 28 17 or
2372 779 41 23 too
2424 779 78 30 proud
2521 780 27 24 of
2557 788 15 16 a
2582 781 94 31 victory
2684 790 6 20 ;
2711 781 80 25 whilst
2802 782 60 25 both

2332 820 121 25 maintain
2467 821 43 26 the
2521 823 97 32 dignity
2629 824 26 24 of
2664 824 43 25 the
2719 824 143 26 authorities

2330 864 26 24 to
2378 864 42 24 the
2442 865 98 31 highest
2561 866 92 32 degree.
2778 878 10 3 •-
2815 878 7 3 -
2850 878 3 10 :
2867 879 3 3 ■

2362 967 104 32 Singing
2483 968 70 25 Class
2572 969 37 25 for
2629 970 96 31 Adults,
2745 972 108 33 Monday

2328 1006 66 26 June
2419 1007 68 25 itfth.
2505 1011 16 24 7
2539 1010 39 24 30.
2590 1018 60 24 p.m.
2787 1012 18 18 *
2843 1031 5 2 -

2329 1094 186 61 LOCAL
2538 1098 34 55 and
2590 1096 268 61 GENERAL

2359 1198 70 26 W-A
2437 1200 38 25 W.
2486 1202 25 24 S.
2520 1201 117 25 Board—
2637 1202 45 25 We
2691 1203 167 25 areinformed

2325 1238 61 25 from
2407 1240 62 30 good
2489 1241 124 33 authority
2632 1244 55 24 that
2709 1243 43 25 the
2773 1244 86 24 Water

2327 1281 95 34 Supply
2439 1283 81 26 Board
2536 1284 64 26 have
2627 1286 72 32 given
2728 1286 42 25 the
2793 1294 65 19 conv

2325 1320 91 31 pletion
2428 1322 28 24 of
2469 1323 43 25 the
2529 1324 108 25 Brown's
2654 1326 67 24 Rock
2733 1326 125 34 Contract

2326 1361 25 23 to
2368 1359 43 26 the
2428 1369 56 16 men
2501 1363 25 24 at
2543 1370 15 17 a
2566 1364 64 30 price
2659 1366 135 33 semething
2810 1366 48 28 like

2327 1399 79 31 £120,
2425 1409 57 17 over
2510 1402 42 25 the
2577 1404 142 37 Surveyor's
2736 1408 120 29 estimate,

2327 1442 56 26 that
2395 1444 50 25 will
2456 1445 73 26 allow
2545 1446 36 26 for
2597 1449 188 33 contingencies,
2797 1453 60 24 with

2326 1482 43 24 the
2387 1482 64 25 clear
2467 1486 197 33 understanding
2681 1488 55 26 that
2748 1490 41 24 the
2799 1499 57 16 men

2326 1520 56 25 who
2399 1521 63 24 have
2479 1523 135 31 previously
2639 1526 97 24 worked
2758 1536 33 16 on
2814 1529 42 24 the

2326 1559 179 26 above-named
2525 1565 110 23 contract
2663 1565 64 25 shall
2755 1566 30 26 be
2804 1576 51 17 em-

2327 1593 86 32 ployed
2425 1597 25 22 to
2461 1595 75 25 finish
2559 1596 29 25 it.
2623 1598 25 24 It
2672 1599 49 24 will
2738 1601 28 24 be
2776 1604 26 22 to
2813 1602 43 25 the

2326 1634 102 24 interest
2440 1635 27 24 of
2481 1635 35 25 all
2538 1636 70 26 those
2631 1640 25 22 at
2667 1642 99 28 present
2776 1644 42 22 out
2830 1642 27 25 of

2327 1674 67 24 work
2406 1677 24 21 to
2451 1682 40 18 see
2513 1675 42 26 the
2568 1677 100 32 Ganger
2689 1681 26 23 at
2735 1688 60 18 once
2807 1682 49 25 and

2327 1721 84 18 secure
2439 1722 15 18 a
2488 1716 69 26 share
2583 1717 28 25 of
2636 1718 43 25 the
2707 1719 83 26 loaves
2808 1722 48 24 snd

2327 1752 89 30 fishes.;
2530 1770 4 3 •
2572 1766 31 13 .:-i
2696 1768 3 8 >

2348 1802 58 26 ,We
2423 1806 82 28 rtgret
2521 1806 26 23 to
2571 1805 54 25 find
2642 1807 56 25 that
2715 1816 13 15 a
2752 1809 104 25 mistake

2327 1847 115 24 occurred
2458 1847 26 25 in
2501 1848 42 25 the
2560 1852 82 29 report
2659 1850 27 26 of
2701 1851 40 26 the-

2327 1886 63 24 wich
2409 1886 103 31 Social,''
2530 1888 81 25 which
2628 1896 49 19 was
2694 1890 58 25 held
2763 1895 25 20 at
2816 1892 40 25 the

2329 1929 126 25 Salvation
2488 1932 81 30 Army
2601 1933 121 26 Barracks
2750 1943 32 16 on
2811 1936 43 23 the

2327 1973 72 31 night
2405 2000 3 3 ,
2415 1973 27 25 of
2457 1974 42 25 the
2517 1975 107 29 Queen's
2630 1977 4 3 '
2641 1976 128 33 Birthday.
2806 1979 51 24 Oar

2327 2018 108 30 reporter
2453 2018 80 24 stated
2557 2018 55 26 that
2640 2028 32 17 no
2702 2021 96 31 Special
2821 2023 32 23 of-

2326 2059 70 25 ficers
2413 2060 63 25 from
2487 2061 176 26 Christchurch
2676 2072 62 17 were
2749 2068 105 28 present,

2327 2102 44 25 but
2387 2110 51 18 was
2454 2104 126 32 evidently
2596 2106 127 32 labouring
2744 2108 79 25 under
2841 2117 15 16 a

2327 2145 112 26 delusion
2456 2155 27 16 as
2503 2147 41 26 the
2561 2149 111 33 meeting
2689 2159 49 16 was
2751 2152 104 24 conduc-

2327 2187 42 24 ted
2385 2187 160 34 throughput,
2564 2189 31 33 by
2612 2190 98 32 Ensign
2722 2190 53 26 Mrs
2787 2192 69 30 Kirk,

2327 2230 126 26 sub-trade
2470 2240 118 24 manager
2616 2239 24 19 at
2668 2234 43 25 the
2729 2236 127 26 Salvation

2327 2274 77 31 Army
2420 2274 182 33 Headquarters
2619 2277 28 24 in
2671 2277 185 27 Christchurch.

2362 2322 43 25 Mr
2423 2323 30 25 F.
2471 2324 30 25 B.
2519 2324 113 26 Lane.—
2634 2326 175 26 Watchmaker
2834 2329 26 24 of

2327 2366 131 31 Rangiora,
2475 2368 99 25 notifies
2608 2378 30 16 us
2667 2371 55 25 that
2755 2372 33 24 he
2805 2373 53 24 will

2326 2410 57 24 visit
2411 2410 91 25 Oxford
2519 2419 32 17 on
2580 2412 88 30 Thurs,
2697 2414 98 32 Friday,
2808 2417 49 23 and

2327 2450 130 33 Saturday.
2477 2451 68 26 June
2557 2453 39 31 11,
2616 2455 38 28 12,
2672 2454 49 25 and
2745 2457 39 28 13,
2816 2456 40 25 Mr

2326 2494 69 25 Lane
2407 2495 49 24 will
2468 2504 70 24 carry
2554 2505 15 16 a
2581 2505 59 24 very
2660 2500 116 30 complete
2788 2501 68 24 stock

2326 2538 26 24 of
2366 2538 108 25 watches
2486 2539 49 25 and
2546 2540 114 31 jewellry,
2674 2542 26 24 of
2708 2537 157 36 guaranteed'

2326 2580 101 32 quality,
2461 2582 129 33 including
2623 2585 92 24 several
2750 2585 63 26 lines
2830 2588 26 23 of

2325 2624 105 24 watches
2454 2625 52 32 just
2537 2630 25 20 to
2598 2627 76 28 hand,
2707 2629 149 32 comprising

2326 2663 182 31 Rotherham's,
2550 2666 158 31 Ehrhardt's,
2742 2669 114 26 Baume's

2326 2704 49 25 and
2393 2713 14 17 a
2425 2706 96 32 youth's
2549 2707 79 26 watch
2652 2708 27 25 in
2705 2709 61 26 solid
2784 2711 72 26 silver

2326 2757 75 22 cases,
2421 2758 14 16 a
2452 2751 95 24 marvel
2565 2752 27 25 of
2613 2752 143 33 cheapness.

2358 2792 103 32 Repairs
2474 2797 126 23 exectuted
2611 2796 27 24 in
2650 2805 15 15 a
2680 2799 177 25 workmanlike

2324 2839 106 16 manner
2441 2834 25 22 at
2484 2841 58 23 very
2559 2834 47 24 low
2617 2838 76 22 rates.

2360 2886 103 25 Singing
2481 2887 19 25 C
2507 2896 65 16 las?.
2574 2903 32 3 —
2608 2890 40 23 Mr
2667 2890 104 32 Mayson
2795 2894 63 24 noti-

2325 2929 46 24 fies
2389 2930 25 23 in
2439 2931 103 25 another
2564 2932 100 25 column
2684 2933 55 26 that
2759 2935 29 25 he
2808 2937 51 24 will

2326 2980 62 23 open
2402 2982 12 14 a
2428 2973 98 33 singing
2538 2975 61 25 class
2616 2984 33 17 on
2667 2977 108 33 Monday
2787 2987 71 17 even-

2325 3023 44 24 ing
2389 3018 67 23 June
2472 3019 68 24 15th.

2321 3072 2 18 i
2359 3067 147 26 Influenza.
2508 3083 28 4 —
2541 3069 61 25 Now
2621 3071 50 24 ihis
2686 3086 3 3 •
2700 3072 119 30 epidemic
2837 3074 22 24 is

2326 3111 129 33 becoming
2465 3112 127 32 prevalent
2601 3123 35 17 we
2649 3116 111 33 strongly
2769 3125 89 17 recom-

2327 3156 72 24 mend
2411 3156 42 24 the
2463 3157 50 24 free
2524 3166 43 16 use
2579 3158 27 24 of
2616 3159 120 32 Platypus
2743 3161 84 24 Brand
2835 3162 27 24 of

2326 3199 153 32 Eucalyptus
2494 3201 122 25 Globulus
2644 3203 111 29 Extract,
2784 3205 74 26 taken

2329 3251 65 23 upon
2416 3251 73 24 sugar
2517 3252 28 17 or
2564 3245 27 24 in
2614 3245 70 26 milk.
2720 3247 52 25 The
2794 3251 65 23 most

2327 3287 114 32 pleasant
2451 3297 54 23 way
2516 3291 25 22 to
2550 3290 56 24 tako
2618 3290 153 33 Eucalyptus
2794 3293 21 24 is
2833 3295 25 23 in

2328 3331 42 25 the
2402 3332 115 32 Platypus
2545 3333 86 26 Brand
2659 3335 27 24 of
2708 3336 152 32 Eucalyptus

2328 3375 114 32 Jujubes.
2478 3377 69 32 They
2559 3386 41 17 are
2611 3379 25 24 in
2653 3380 61 25 such
2726 3389 14 16 a
2752 3382 108 30 portable

2326 3416 71 27 form,
2410 3417 114 31 pleasant
2536 3421 25 22 to
2574 3422 73 26 taste,
2666 3422 49 23 and
2733 3423 127 30 antisepti-

2329 3460 139 24 stimulant.

2322 3520 2 12 !
2355 3504 95 26 Parson
2461 3513 6 17 :
2476 3505 3 8 '
2620 3508 74 25 thine
2717 3509 113 29 enemies,
2842 3510 20 25 it

2327 3543 22 24 is
2369 3544 98 25 written
2477 3546 5 24 !
2512 3546 71 25 Have
2600 3555 48 23 you
2671 3556 49 24 any
2743 3549 115 29 enemies,

2327 3584 75 24 Ellen

2332 3642 4 5 .
2361 3623 90 25 Ellen:

2360 3661 110 26 Parson:
2603 3673 41 16 are

2360 3702 93 26 Ellen:

2361 3743 53 25 The
2431 3753 90 22 parson
2538 3749 64 21 went
2618 3747 168 32 immediately
2803 3756 55 16 over

2327 3788 26 22 to
2371 3788 137 32 something
2526 3790 59 24 else.

2454 3839 109 28 greatest
2579 3838 95 25 burden
2694 3847 32 17 on
2745 3840 42 24 the
2798 3838 60 26 land

2326 3875 22 24 is
2367 3876 42 23 the
2568 3893 32 3 —
2601 3879 73 23 Adam
2695 3880 86 26 Shjth.

2362 3932 105 32 Singing
2484 3933 69 25 Class
2569 3935 37 25 for
2630 3936 64 31 Boys
2713 3936 48 24 and
2780 3935 76 29 Girls,

2327 3972 109 31 Monday
2458 3974 68 24 June
2543 3975 68 25 loth.
2630 3978 23 22 7.
2667 3977 39 23 80.
2719 3984 59 23 p.m.

2492 4098 192 26 SOCIALISM.

2516 4141 47 24 The
2582 4140 81 25 Critic.

2362 4176 71 25 What
2476 4179 68 23 about
2572 4179 37 24 the
2636 4179 72 22 Bank
2750 4181 31 29 of
2799 4180 57 23 New

2326 4215 110 26 Zealand
2460 4217 50 24 and
2550 4217 93 31 private
2691 4219 134 31 enterprise
2845 4221 12 22 ?

2446 4257 42 24 the
2514 4259 51 22 tree
2587 4255 32 33 by
2636 4257 34 24 its
2808 4260 49 24 ard

2327 4299 65 25 what
2405 4301 74 23 bitter
2501 4300 60 23 fruit
2578 4301 22 23 is
2622 4301 68 24 here.
2725 4302 49 24 For
2785 4311 72 23 years

2326 4342 43 25 the
2381 4342 167 26 shareholders
2560 4343 65 25 drew
2636 4344 141 27 exorbitant
2789 4349 65 24 rates

2361 4381 99 25 interest
2480 4385 43 20 out
2534 4381 28 26 of
2570 4381 52 27 this
2633 4391 113 23 concern,
2767 4386 50 25 and
2829 4391 26 21 at

2326 4419 47 25 last
2384 4420 20 23 it
2415 4419 46 24 has
2472 4419 51 24 had
2544 4421 26 24 to
2593 4429 31 23 go
2641 4423 26 24 to
2688 4422 41 26 the
2749 4423 109 27 Govern-

2326 4461 75 27 ment,
2414 4458 49 25 and
2482 4467 52 25 say,
2646 4464 70 24 must
2738 4463 70 27 burst
2831 4474 27 17 or

2325 4499 100 26 become
2444 4500 138 27 swallowed
2601 4501 27 27 iu
2647 4503 43 26 the
2723 4509 89 23 stream
2834 4508 27 25 of

2328 4540 129 25 Socialism
2505 4542 50 25 and
2568 4542 43 26 the
2629 4544 73 27 latter
2713 4546 145 27 alternative

2902 234 47 17 was
2960 226 81 31 given,
3076 228 49 24 and
3142 228 19 24 it
3184 228 47 26 has
3245 226 6 15 Ibecome1
3254 230 98 25 become
3363 237 70 17 more

2901 271 28 17 or
2941 265 47 24 less
2998 273 14 16 a
3024 265 66 25 bank
3108 266 26 24 of
3142 266 42 26 the
3195 270 161 31 community,
3381 270 50 25 and

2900 304 41 24 the
2953 304 168 27 Government
3141 308 140 33 eventually
3304 310 50 25 will
3365 310 65 26 have

2899 343 26 23 to
2936 343 55 24 taka
3003 344 19 24 it
3033 351 58 18 over
3102 345 149 33 completely.
3285 347 69 30 Now,
3373 349 56 25 look

2899 384 26 23 at
2936 383 42 24 the
2989 384 71 25 other
3072 384 52 25 side
3144 384 26 25 of
3179 385 43 26 the
3239 386 101 32 picture,
3353 397 28 16 so
3391 389 38 25 far

2898 430 28 17 as
2948 423 110 33 banking
3075 424 21 24 is
3120 427 142 24 concerned.
3299 428 44 26 We
3366 429 62 26 have

2899 461 42 25 the
2954 461 138 28 Socialistic
3111 463 71 25 Bank
3201 464 25 25 in
3247 465 42 26 the
3307 467 77 32 shape
3404 469 27 25 of

2898 502 43 25 the
2963 502 59 26 Post
3054 504 83 28 Office,
3172 505 119 33 handling
3318 508 34 24 its
3372 509 55 23 mil-

2896 542 74 29 lions,
2990 544 49 23 and
3055 545 77 31 doing
3149 545 63 31 good
3229 546 50 24 and
3289 547 139 33 increasing

2896 579 113 27 business
3021 580 80 34 yearly
3114 592 6 20 ;
3154 583 82 25 where
3252 586 144 32 everything
3405 587 22 24 is

2896 619 136 26 conducted
3054 629 33 16 on
3108 622 59 23 such
3187 621 63 26 lines
3274 631 27 16 as
3325 626 24 22 to
3372 625 56 31 give

2895 660 75 24 entire
2993 661 150 25 satisfaction
3154 670 6 21 ;
3195 662 50 25 and
3274 663 56 26 how
3352 672 76 24 many

2894 699 86 32 people
2991 708 42 17 are
3044 701 27 23 in
3092 701 40 24 the
3155 701 93 32 Colony
3271 704 118 30 prepared
3401 708 26 21 to

2894 737 96 25 abolish
3001 738 40 24 the
3054 738 68 26 State
3135 739 103 32 Savings
3247 740 73 25 Bank
3332 743 12 22 ?
3356 742 72 26 None

2894 776 128 32 excepting
3034 776 94 31 private
3150 778 114 25 bankers.
3300 779 53 26 The
3374 781 51 24 fact

2892 816 29 29 is,
2941 816 43 24 the
3005 815 85 38 people
3112 818 25 24 in
3158 818 50 25 this
3226 819 89 32 colony
3334 828 41 17 are
3396 829 28 16 so

2892 856 114 29 satisfied,
3013 857 60 25 with
3085 858 139 38 Socialism,
3241 868 35 20 .sc
3297 861 38 24 far
3354 868 27 18 as
3402 862 20 24 it

2892 894 45 24 has
2949 901 70 24 gone,
3034 895 54 25 that
3101 896 57 31 they
3176 896 59 33 keep
3254 906 33 16 on
3298 899 123 32 agitating

2891 934 37 24 for
2939 942 32 16 an
2984 936 127 24 extension
3131 936 27 25 of
3177 938 80 30 public
3278 940 144 31 enterprise,

2891 973 48 25 and
2952 974 129 26 Socialism
3092 976 22 24 is
3137 978 110 33 growing
3258 987 34 24 up
3303 983 118 29 amongst

2892 1021 28 16 us
2930 1013 51 24 and
2992 1021 35 18 we
3039 1014 37 24 do.
3092 1016 45 23 not
3154 1016 80 25 notice
3256 1017 27 25 it.
3318 1018 24 25 It
3362 1019 22 25 is
3395 1022 27 22 at

2892 1053 97 28 present
3000 1059 15 17 a
3034 1052 151 32 well-grown
3204 1054 75 30 child,
3303 1056 50 25 and
3369 1057 53 25 will

2891 1098 69 20 soon,
2977 1091 35 24 let
3033 1099 28 17 us
3073 1093 70 30 hope,
3167 1094 70 25 reach
3260 1098 95 23 mature
3367 1105 54 23 age.

2890 1127 70 26 Even
2983 1137 45 17 our
3057 1129 176 28 Conservative
3266 1133 90 26 fiiendi
3378 1143 43 17 are

2890 1167 117 28 satisfied,
3049 1169 52 24 and
3127 1177 73 18 never
3228 1172 119 32 aeriously
3369 1174 52 26 talk

2890 1204 75 25 about
2977 1206 139 33 abolishing
3135 1216 44 16 our
3195 1209 140 30 insurance,
3360 1213 60 24 tele-

2890 1244 99 30 graphs,
3008 1246 87 29 postal,
3116 1247 114 32 banking,
3255 1248 163 32 educational,

2890 1283 49 24 and
2968 1284 100 32 railway
3095 1286 174 31 departments,
3298 1289 123 32 although,

2890 1320 58 32 they
2966 1323 106 30 opposed
3094 1324 60 25 with
3178 1325 77 32 might
3278 1327 50 24 and
3350 1328 72 25 main,

2890 1358 64 25 their
2976 1359 173 33 introduction,
3183 1362 49 26 and
3251 1371 41 19 are
3308 1365 52 25 still
3375 1374 45 24 op-

2890 1397 87 31 posing
2999 1406 71 25 every
3092 1400 71 25 other
3181 1402 91 25 reform
3294 1404 82 24 which
3396 1405 23 24 is

2889 1435 38 27 for
2938 1437 41 26 the
2990 1441 106 29 greatest
3113 1441 63 31 good
3198 1442 38 25 for
3247 1443 47 25 the.
3311 1446 110 30 greatest

2888 1478 110 23 number.
3034 1479 72 31 Why,
3130 1480 58 31 they
3216 1481 62 26 hare
3298 1483 60 25 been
3377 1492 43 23 op-

2888 1516 87 31 posing
2986 1518 66 24 since
3071 1519 61 24 time
3142 1520 173 27 immemorial.
3348 1524 71 24 Even

2888 1554 70 24 when
2970 1554 20 26 it
3001 1563 50 17 was
3062 1558 120 30 proposed
3199 1561 25 22 to
3247 1568 44 16 use
3302 1561 108 25 umbrel-

2887 1591 45 31 las,
2956 1593 44 25 the
3031 1594 184 28 Conservatives
3246 1599 27 24 of
3292 1599 56 25 that
3371 1601 49 31 day

2888 1632 113 29 opposed,
3014 1633 48 24 and
3074 1635 90 30 quoted
3184 1635 42 25 the
3245 1637 72 24 Bible
3337 1638 82 25 where

2887 1670 21 24 it
2920 1678 55 24 says
2987 1672 54 24 that
3052 1674 40 24 the
3104 1674 54 24 rain
3272 1677 43 24 fall
3334 1686 31 17 on
3378 1679 43 25 the

2888 1711 55 31 just
2952 1712 49 24 and
3014 1712 41 25 the

2999 1872 140 27 BATHER
3156 1876 152 23 CHEEKY.

3022 1907 47 24 The
3095 1909 189 28 Prohibitionist.

2922 1937 76 24 Much
3011 1940 25 23 to
3048 1940 43 24 the
3103 1940 95 33 disgust
3210 1944 26 24 of
3254 1953 75 25 many
3341 1949 27 23 of
3375 1938 41 36 his

2888 1981 171 28 constituents,
3069 1984 39 24 Mr
3119 1985 82 26 James
3211 1987 89 31 Green,
3313 1991 104 27 M.H.B.

2888 2022 93 26 invited
2993 2024 69 26 them
3074 2028 25 23 to
3112 2031 62 23 meet
3196 2031 50 25 him
3266 2033 28 24 in
3305 2042 32 16 an
3349 2036 70 26 hotel

2888 2068 26 23 at
2925 2067 125 26 Mansford
3070 2071 82 26 Town,
3175 2074 27 24 in
3220 2076 70 24 order
3307 2078 55 25 tbat
3385 2080 32 25 he

2888 2110 81 31 might
2991 2112 70 25 there
3080 2114 55 31 give
3153 2125 33 15 an
3205 2123 104 22 account
3332 2123 27 23 of
3377 2124 40 26 his

2888 2155 169 32 stewardship.
3094 2158 52 26 One
3158 2160 26 24 of
3193 2161 38 25 his
3238 2163 111 27 offended
3360 2175 57 17 con-

2890 2197 113 27 stituents
3021 2208 57 24 very
3100 2206 114 30 properly
3235 2208 59 24 took
3315 2210 54 25 him
3392 2215 27 22 to

2889 2237 55 24 task
2954 2238 38 24 for
3004 2247 27 17 so
3043 2241 82 32 doing,
3149 2245 49 24 and
3209 2246 52 25 stid
3281 2248 69 26 there
3358 2259 62 18 were

2890 2288 75 24 many
2976 2285 150 26 respectable
3137 2288 85 31 people
3233 2290 26 23 in
3269 2291 44 25 the
3324 2293 96 27 district

2890 2325 51 25 who
2953 2326 80 25 would
3045 2330 43 22 not
3100 2337 30 23 go
3142 2333 25 21 to
3179 2340 32 16 an
3233 2333 68 26 hotel
3323 2337 38 24 for
3372 2346 49 24 any

2888 2377 113 22 purpose.
3036 2371 49 24 For
3095 2373 59 30 this,
3167 2375 40 24 the
3227 2377 102 26 licensee
3341 2381 27 24 of
3377 2382 44 24 the

2890 2411 56 31 pub.
2958 2412 47 25 has
3025 2414 72 25 taken
3120 2417 40 24 the
3182 2419 108 31 objector
3297 2427 38 20 •to
3355 2426 64 29 task,
3442 2443 3 3 .

2889 2455 59 32 and.
2953 2456 58 26 tells
3033 2459 54 25 him
3109 2462 54 24 that
3186 2464 84 26 unless
3292 2466 33 26 he
3348 2469 71 25 with-

2888 2499 80 25 draws
2991 2502 41 24 the
3055 2505 139 31 statement,
3218 2509 49 24 and
3290 2511 85 26 makes
3387 2521 30 16 an

2888 2544 111 31 apology,
3014 2545 31 27 he
3065 2555 58 24 may
3144 2549 57 24 look
3222 2556 44 19 out
3287 2554 38 24 for
3337 2563 14 16 a
3362 2558 57 23 writ

2888 2584 37 25 for
2937 2587 95 30 £1,0.00
3055 2589 115 33 damages
3193 2594 38 24 for
3250 2596 98 26 slander
3369 2600 52 24 and

2887 2627 65 26 libel.
2999 2631 65 25 Here
3082 2633 21 24 is
3123 2636 103 25 comfort
3248 2638 38 25 for
3303 2648 62 23 your
3388 2642 29 25 T.

2888 2671 151 34 E.Taylor;
3062 2676 32 25 he
3114 2678 21 25 is
3153 2681 25 23 to
3200 2680 63 26 have
3269 2690 3 3 ■
3281 2691 15 16 a
3318 2686 101 30 partner

2887 2717 28 25 in
2927 2718 108 26 distress.
3038 2735 31 4 —
3071 2721 77 26 Lykx.

2951 2773 70 25 THE
3041 2775 63 25 SLY
3122 2777 92 27 GROG
3233 2780 122 27 TRADE.

2972 2816 75 26 From
3073 2820 47 24 The
3146 2822 188 27 Prohibitionist.

2924 2859 40 24 Mr
2975 2860 128 32 Hawkins,
3119 2863 25 25 S.
3167 2865 44 30 M.,
3229 2867 21 24 is
3271 2867 74 30 doing
3355 2871 63 29 good

2890 2900 68 24 work
2975 2909 91 24 among
3085 2903 43 25 the
3152 2905 110 34 sly-grog
3285 2909 84 25 sellers
3391 2911 28 24 in

2891 2939 43 25 the
2946 2940 88 26 Clutha
3057 2943 103 32 district,
3185 2946 69 26 when
3275 2949 111 26 evidence
3396 2951 23 24 is

2892 2979 106 33 brought
3008 2981 82 27 before
3102 2984 52 25 him
3177 2989 148 32 warranting
3335 2999 14 15 a
3362 2998 57 17 con-

2892 3019 95 24 viction.
3025 3021 109 26 William
3154 3024 64 25 Moir
3240 3034 49 17 was
3312 3027 108 33 brought

2893 3056 77 24 before
2982 3058 50 23 him
3044 3061 120 31 recently,,
3174 3063 49 24 and
3235 3064 36 24 for
3291 3065 41 24 the
3352 3067 67 25 third

2891 3096 60 25 time
2972 3099 123 26 convicted
3118 3101 27 25 of
3165 3103 43 25 the
3217 3128 3 3 .
3231 3104 75 26 above
3318 3106 99 29 offence,

2892 3137 69 25 when
2974 3140 30 23 he
3015 3148 49 17 was
3084 3143 132 28 convicted,
3230 3146 48 24 and
3288 3146 66 25 fined
3367 3149 52 23 £80

2892 3178 49 23 and
2952 3181 73 22 costs.
3060 3181 52 25 The
3135 3182 100 26 defence
3258 3188 37 22 set
3301 3182 4 13 !
3317 3195 33 23 up
3368 3196 51 16 was

2892 3218 54 23 that
2966 3219 42 24 the
3019 3220 73 25 drink
3114 3223 53 24 sold
3187 3233 48 17 was
3258 3225 83 26 herbal
3357 3228 63 25 beer.

2892 3258 51 25 The
2963 3261 112 25 evidence
3097 3264 78 24 called
3197 3265 38 25 for
3252 3266 42 26 the
3316 3269 105 26 accused

2892 3304 49 17 was
2953 3298 28 24 of
2989 3299 40 24 the
3041 3299 61 26 kind
3125 3303 71 24 usual
3216 3304 25 26 in
3261 3306 61 24 such
3342 3315 78 17 cases.

2892 3337 52 24 The
2956 3339 143 31 Magistrate
3123 3343 52 24 eaid
3196 3345 26 23 of
3242 3353 67 17 some
3332 3346 25 24 of
3378 3347 43 25 the

2892 3376 121 31 evidence,
3029 3379 49 24 and
3090 3380 54 25 tbat
3156 3390 33 16 on
3207 3383 83 31 points
3309 3386 113 25 material

2892 3418 26 22 to
2929 3417 43 23 the
2994 3426 61 22 case,
3130 3422 69 25 don't
3221 3423 89 25 believe
3330 3433 15 16 a
3356 3426 66 25 word

2892 3454 27 24 of
3010 3457 47 23 His
3070 3458 111 32 sly-grog
3193 3461 88 31 selling
3292 3462 22 23 is
3325 3462 96 25 becom-

2893 3494 42 30 ing
2945 3502 30 16 an
2989 3497 129 29 expensive
3141 3506 71 23 game
3222 3503 32 22 ,to
3266 3501 50 24 this
3328 3509 94 17 man—

2893 3534 54 24 £50
2959 3536 47 23 »nd
3029 3539 65 22 coats
3117 3537 38 25 for
3175 3539 44 24 the
3240 3541 55 24 first
3308 3541 93 26 offence
3412 3551 6 21 ;

2892 3575 50 23 £50
2954 3575 36 23 for
3001 3577 40 23 the
3054 3579 87 23 second
3153 3586 5 21 ;
3179 3581 49 22 and
3250 3588 62 21 now,
3334 3589 26 16 as
3370 3584 49 22 sta-

2892 3614 47 27 ted,
2959 3615 53 23 £80
3032 3624 27 16 or
3071 3616 52 24 four
3146 3619 108 22 months.

3189 3714 69 28 April
3279 3715 72 25 23rd.

2923 3777 52 25 The
2984 3778 69 25 other
3065 3779 47 31 day
3124 3779 102 32 "Lady'-'
3240 3782 79 28 Stout,
3331 3782 53 23 wife
3393 3782 29 25 of

2886 3821 104 30 ;Eqbert,
3001 3822 139 31 K.C.M.G.,
3152 3825 44 30 put
3205 3832 15 16 a
3227 3824 109 26 dreadful
3345 3826 73 31 spoke

2890 3859 27 24 in
2929 3860 41 24 her
2981 3860 135 25 husband's
3134 3862 75 25 wheel
3222 3862 37 25 for
3279 3866 59 22 next
3358 3865 61 24 elec-

2890 3902 51 24 tion
2961 3902 32 32 by
3019 3904 145 31 expressiug-,
3185 3907 26 22 at
3229 3914 15 16 a
3263 3907 82 31 public
3368 3916 52 16 me-

2890 3943 68 31 eting
2971 3943 47 23 and
3037 3944 26 23 in
3079 3944 42 24 the
3137 3948 66 22 most
3219 3946 100 26 distinct
3336 3949 83 28 terms,

2891 3981 42 24 her
2947 3982 113 29 approval
3084 3982 26 24 of
3135 3982 102 26 Chinese
3252 3986 168 31 immigration

2890 4024 56 23 and.
2947 4024 43 23 her
2995 4024 158 26 'admiration
3173 4025 28 25 6i
3213 4028 42 24 the
3271 4029 62 28 nice,
3343 4029 77 26 clean,

2890 4066 62 28 civil,
2976 4067 160 32 industrious,
3169 4070 88 32 thrifty
3258 4073 14 29 \
3277 4071 143 26 chinaman.

2891 4103 73 27 Stout
2991 4104 46 27 has
3077 4106 61 26 bsen
3174 4116 32 17 an
3232 4110 188 34 unsatisfactory

2891 4148 131 27 Democrat
3041 4150 62 27 fora
3126 4153 59 32 long
3208 4153 59 26 time
3282 4158 64 28 past.

3073 4208 129 28 SCRAPS

3032 4246 75 21 From
3127 4246 48 22 The
3185 4246 97 30 People.

2923 4273 52 24 The
2986 4274 103 32 imports
3100 4276 54 26 into
3166 4277 63 25 New
3246 4278 112 27 Zealand
3368 4280 56 25 dur-

2891 4313 43 32 ing
2940 4314 42 24 the
2990 4315 87 24 March
3084 4320 100 28 quarter
3191 4325 61 17 were
3260 4319 165 31 £1,712,528,

2891 4354 98 31 against
3002 4355 157 31 £1,755,672
3170 4357 28 25 in
3210 4359 74 25 1895.
3319 4360 53 26 The
3384 4368 42 18 ex*

2891 4396 65 33 ports
2968 4401 61 18 were
3037 4395 161 38 £4,329,032,
3212 4398 98 31 against
3319 4398 107 31 £3,564,

2891 4433 56 24 840.
2982 4434 50 24 The
3043 4435 122 33 principal
3189 4438 123 26 increases
3325 4447 62 17 were
3398 4440 29 27 in.

2891 4471 72 30 wool,
2978 4471 84 27 frozen
3075 4480 71 23 meat,
3170 4475 87 31 wheat,
3270 4478 62 28 oats,
3346 4478 81 24 butter

2891 4511 50 26 and
2961 4513 66 31 gold.
3074 4515 71 26 Wool
3175 4516 80 26 shows
3274 4512 184 37 £2,829,294%

2895 4551 99 32 against
3006 4550 152 34 42,190,902
3169 4555 49 26 last
3229 4563 66 21 year.

1145 68 171 33 OXFORD
1360 70 228 32 OBSERVER
1631 70 234 43 SATURDAY,
1920 77 107 31 JUNE
2075 80 28 34 6,
2162 80 87 30 1896.
