3402 6147
168 203 1300 209 LYELL
1728 203 1561 209 TIMES.

168 412 347 209 AND
631 412 809 209 CENTRAL
1556 412 693 209 BULLER
2365 412 924 209 GAZETTE.

301 785 107 44 Vol.
433 782 55 47 V.
496 783 146 45 —No.
671 797 80 43 232
788 782 4 58 j

1142 780 218 46 LYELL
1443 779 364 51 SATURDAY,
1877 781 150 52 lUL\
2110 802 19 29 2
2145 800 18 23 c
2247 790 79 43 jcc-

1870 834 15 5 ~*
2141 837 21 9 **s
2331 829 22 17 %J

2864 795 179 56 [Price
3076 800 71 44 6d.

275 972 209 37 JAMES
531 968 231 37 INGLIS

214 1082 310 37 HAREBROKER
562 1082 23 32 &
622 1079 281 35 COMMISSION

407 1206 27 33 A
458 1204 26 33 G
509 1203 28 33 E
561 1202 28 34 N
614 1202 37 39 T,

241 1322 137 34 Cliff
423 1321 188 36 Street,
656 1317 115 32 LYf,T.
785 1326 19 22 L
815 1340 8 8 .

256 1433 94 37 MR.
372 1433 32 36 J.
426 1432 33 37 J.
482 1429 317 45 MOYNIHAN,

150 1513 299 37 TDARRISTER
486 1512 93 33 AXI)
627 1508 278 75 gOLICITOR.

146 1654 258 36 Commissioner
430 1653 36 33 of
486 1653 52 33 the
565 1651 159 44 Supremo
748 1650 101 32 Court
875 1648 34 34 of

449 1730 155 34 Victoria.

209 1818 99 34 Office
322 1825 8 26 :
354 1815 206 35 Palmerston
585 1813 61 40 St.,
665 1811 177 44 AVestport.

147 1907 94 45 Lyell
263 1907 116 33 Courts
396 1903 152 35 attcmle.l
566 1902 97 33 when
686 1912 34 21 so
743 1897 161 45 required.

261 2016 23 38 J
306 2044 7 9 .
379 2015 32 36 F
433 2041 9 10 .
509 2010 283 45 CLARK,

244 2105 664 47 HAREBROKER,

260 2234 173 32 MINING
466 2233 90 29 AND
590 2228 215 32 GENERAL

145 2333 469 41 COMMISSION
673 2328 232 40 AGENT,

383 2431 283 40 LYRLL.

242 2553 289 45 GEORGE
609 2548 202 42 WISE.

147 2642 760 89 gHAEEBEOKEE

147 2848 420 47 COMMISSION
674 2843 229 50 AGENT,

260 2962 262 41 BROADWAY,
559 2957 224 34 REEFTON.

235 3084 59 43 G.
353 3081 53 45 C.
461 3074 346 52 BOWMAN,

165 3183 27 29 A
216 3178 276 37 UCTIONEER,
517 3168 384 81 gHAEEBROKER,

331 3292 134 35 Mining
486 3300 66 23 and
576 3288 140 33 Genral

162 3380 405 41 COMMISSION
647 3375 234 39 AGENT,

310 3468 203 38 Bboadway,
566 3461 172 36 Reefton.

193 3584 293 45 JOHNSTON
523 3584 33 36 &
586 3581 224 38 WATKIN
824 3579 20 37 3

404 3675 127 36 CIVIL
552 3672 93 36 AND

247 3770 172 39 INING

590 3766 28 34 N
633 3765 100 37 GIN
745 3762 112 37 EIR
870 3762 31 42 S,

371 3883 212 28 AUTHORISED
610 3882 65 23 AND

138 3954 338 56 LICENSED
509 3948 391 53 SURVEYORS

138 4083 163 43 'Working
331 4080 99 35 Plans
458 4077 64 34 and
552 4075 128 33 Details
710 4073 36 33 of
775 4071 130 43 Miinng

185 4131 194 41 Machinery
396 4124 157 48 prepared
566 4122 64 34 and
641 4122 55 34 the
707 4120 157 34 Erection

249 4177 127 43 Mining
395 4174 190 42 Machinery
602 4167 200 47 supervised,

141 4272 148 42 Purveys
303 4267 50 35 for
366 4264 130 44 Mining
509 4259 196 47 Companies
719 4256 188 37 contracted

141 4319 53 34 for
207 4317 44 45 by
266 4315 56 36 the
336 4324 88 34 year.
470 4312 142 39 Surveys
626 4309 95 31 made
734 4306 104 33 under
851 4305 54 32 the

353 4358 96 36 Land
464 4356 152 35 Transfer
628 4356 72 32 Act,

446 4450 140 34 Address

142 4505 206 36 Broadway,
372 4500 160 32 Resfton
546 4506 7 30 ;
587 4504 66 23 axd
685 4493 223 34 Commercial

392 4545 130 37 Hotel,
546 4543 108 31 Lyeli

190 4637 348 41 N.B.—lnstructions
555 4635 56 32 left
628 4639 33 27 at
677 4633 107 32 Times
799 4631 110 39 Office,

143 4691 113 41 jLyell,
272 4689 66 33 will
353 4686 124 34 receive
487 4681 190 34 immediate
695 4678 173 34 attention.

156 4821 88 61 £1
289 4819 87 63 to
401 4815 112 67 £4
555 4821 59 36 per
614 4858 9 24 i
651 4809 21 34 d
672 4821 20 61 r
693 4820 23 33 y
759 4820 78 32 may
872 4807 21 35 k
903 4857 14 25 f

152 4861 107 37 dU-L
300 4861 74 32 Uvy
401 4861 57 29 oU
472 4861 41 26 -£
550 4861 95 33 made
674 4861 40 40 by
731 4869 134 32 persons
881 4868 32 23 01

151 4917 108 35 either
275 4924 64 28 sex,
356 4912 34 31 in
406 4910 85 33 their
508 4918 73 21 own
597 4905 167 37 localities,
778 4908 32 28 at
823 4903 89 32 work

153 4965 52 34 for
230 4973 49 23 us,
325 4959 80 34 Now
435 4955 160 35 business.
639 4951 53 33 All
718 4953 86 30 meet
833 4949 78 34 with

152 5007 184 37 wonderful
352 5014 137 24 success.
534 5002 152 39 Anyone
710 5009 60 21 can
794 4997 40 32 do
858 4997 54 32 the

151 5054 104 38 work.
310 5049 128 47 Capital
468 5051 57 31 not
553 5043 160 46 recjuned,
758 5042 59 33 We
847 5041 65 34 will

153 5106 85 31 start
252 5112 76 32 you.
374 5096 103 35 Outfit
493 5094 106 33 worth
625 5094 42 31 £1
693 5090 120 33 mailed
835 5089 77 33 free.

153 5150 73 31 The
242 5146 224 42 employment
489 5141 27 31 is
539 5138 213 44 particularly
774 5136 139 41 adapted

154 5202 36 24 to
205 5193 55 33 the
282 5190 112 42 region
418 5189 34 30 in
478 5185 109 33 which
619 5182 66 32 this
714 5179 200 44 publication

153 5237 186 36 circulates.
404 5233 88 42 Boys
529 5230 65 33 and
631 5227 76 43 girls
745 5237 59 22 can
837 5236 77 22 earn

153 5284 117 42 itiearly
287 5294 34 21 as
337 5279 99 34 much
452 5291 35 20 as
503 5289 87 21 men.
636 5273 75 34 Full
720 5272 195 44 particulars

150 5331 69 34 M&d
260 5327 199 35 nstructions
489 5322 121 34 mailed
638 5321 75 32 free.
771 5319 80 32 Now
887 5317 28 32 is

157 5378 55 33 the
230 5376 80 32 time
314 5373 132 32 —don't
462 5371 106 42 delay,
586 5368 58 32 but
656 5366 92 33 write
772 5372 32 25 to
829 5376 37 20 us
882 5368 33 29 at

151 5434 95 22 •nee.
291 5419 141 33 Address
448 5414 187 35 STINSON
666 5414 24 32 &
715 5412 65 33 CO.
825 5411 71 32 Port-

153 5468 92 37 land,
263 5466 122 37 Maine,
403 5461 119 35 United

202 5566 90 33 ONE
306 5563 90 32 BOX
406 5561 55 33 OF
472 5559 212 33 CLARKE'S
699 5559 25 31 B
738 5560 38 29 41
789 5557 128 32 PILLS

158 5614 32 33 is
205 5608 184 38 warranted
413 5612 33 27 to
470 5616 71 22 cure
555 5604 46 33 .all
625 5604 186 42 discharges
833 5604 83 31 from

158 5659 60 32 the
235 5656 143 40 Urinary
387 5654 137 37 Organs,
533 5650 33 31 in
575 5649 103 32 either
689 5660 54 20 sex.
753 5649 163 49 (acquired

158 5717 40 24 or
221 5698 270 42 constitutional),
514 5694 131 39 Gravel,
675 5694 63 34 and
762 5694 99 33 Paius
884 5694 32 33 in

159 5753 57 31 the
230 5749 98 32 Back,
354 5743 208 35 Guaranteed
576 5743 64 30 free
653 5741 83 31 from
755 5742 162 35 Mercury,

163 5796 76 36 {Sold
256 5794 34 34 in
306 5794 117 34 Boxes,
440 5786 189 39 4sf>deach,
642 5785 41 43 by
697 5785 43 34 all
754 5785 164 34 Chemists

156 5844 70 34 and
245 5844 116 30 Patent
379 5837 159 33 Medicine
559 5834 166 36 Vendors;
752 5832 72 33 Sole
843 5833 56 32 Pro-

155 5891 152 44 prietors,
345 5885 73 33 The
464 5882 150 32 Lincoln
652 5888 66 23 and
758 5878 160 33 Midland

157 5938 174 31 Counties
356 5932 99 30 Diiug
484 5930 68 31 Co.,
579 5926 149 35 Lincoln,
753 5925 165 36 England.

160 5978 189 41 Wholesale
364 5976 35 35 of
411 5975 47 35 all
475 5973 55 35 the
550 5971 182 36 Wholesale
749 5969 140 37 ilou^s.

944 938 431 73 Hampden
1429 936 518 75 od-opo^slt.

2054 971 43 39 O
2114 980 23 31 u
2243 964 27 50 JJ

2331 969 109 45 uu

1594 1060 115 29 rrrs
1730 1060 98 34 r--,n,

1730 1041 146 45 r'-rvl

1721 1081 23 28 .i.
1757 1082 23 27 vj
1793 1093 35 18 v.V
1893 1102 11 12 >

1025 1270 128 73 THE
1171 1270 100 35 above
1285 1270 170 39 Coranany
1467 1270 26 33 is
1510 1281 72 21 now
1596 1269 175 45 supplying
1783 1270 53 34 the
1852 1270 166 47 following
2031 1274 97 43 goods
2143 1280 31 29 at
2191 1288 16 22 a
2226 1276 99 34 sli-dit
2337 1276 145 34 advance

1171 1331 41 21 on
1232 1319 174 33 NELSON
1425 1318 223 32 PitICES:-

1173 1403 335 49 GROCERIES

1643 1470 88 48 and
1756 1470 384 66 PROVISIONS;

1526 1557 35 34 of
1574 1557 70 33 first
1660 1557 82 33 class
1758 1559 135 44 quality.

1028 1640 38 44 A
1090 1639 133 62 large,
1250 1639 166 56 varied,
1443 1639 90 45 and
1556 1637 144 47 useful
1728 1640 299 57 Assortment,
2058 1643 103 45 of—

1387 1716 259 54 Crockery,
1678 1716 226 46 Larthem
1931 1719 90 45 and
2048 1720 285 48 Glassware
2355 1740 8 38 ;

1391 1781 354 52 Ironmongery,
1778 1781 77 44 &c.

1023 1870 98 34 MEN
1140 1871 63 33 anil
1220 1872 124 35 BOY'S
1362 1872 155 33 KAIPOI
1535 1871 95 34 ma.l«
1646 1871 252 42 ONOTHING;
1923 1874 127 38 HATS,
2069 1876 177 36 SHIRTS,
2262 1878 116 34 mvlev-

1397 1918 258 40 FLAN'NELS;
1677 1918 218 36 DUAWJiUS
1914 1921 64 34 »n<l
1996 1921 162 37 MOLES.
2181 1924 202 41 TWEEDS,

1396 1965 200 34 HOSIERY
1615 1964 64 33 anil
1701 1964 259 44 BLANKETS;
1984 1969 198 42 CALICOS,
2206 1971 177 41 LiiliNTS,

1396 2013 250 35 FLANNELS,
1664 2012 64 38 &c.,
1746 2012 65 39 &c.,
1828 2013 51 33 &c.

1625 2079 171 33 —Also—

1029 2147 184 59 Wheat,
1270 2149 131 55 Oats,
1458 2148 136 57 Bran,
1643 2147 138 47 Chaff
1828 2149 89 46 and
1963 2151 217 49 Potatoes
2206 2171 8 29 :
2259 2154 114 47 New

1382 2214 184 46 Garden
1620 2214 155 48 Seeds,
1833 2217 144 44 sound
2032 2220 89 45 and
2172 2228 98 38 true
2323 2229 47 37 to

1383 2297 148 30 name.
1597 2279 118 48 Seed
1740 2280 230 57 Potatoes,
1999 2284 78 47 &c.

983 2480 117 34 Orders
1116 2481 231 44 accompanied
1370 2481 43 44 by
1430 2483 75 32 cash
1522 2481 206 35 remittances
1751 2484 190 41 punctually
1964 2486 155 33 attended
2136 2492 44 35 to,
2197 2488 65 33 and
2300 2488 100 42 goods
2424 2489 51 32 des-

941 2537 137 43 patched
1096 2542 33 30 at
1145 2549 17 22 a
1179 2546 164 26 moments
1360 2540 116 32 notice.

982 2613 99 32 Local
1103 2614 152 41 produce,
1279 2613 168 40 including
1470 2614 122 38 Hides,
1618 2613 111 39 Skins,
1761 2613 111 40 Wool,
1897 2615 149 38 Butter,
2064 2618 67 39 &c.,
2151 2620 64 37 &c.,
2239 2619 183 42 purchased
2439 2619 49 32 for

945 2668 96 34 Cash.

2018 2730 39 36 R.
2084 2732 155 43 M'NEE,

988 2818 201 37 Murchison,
1206 2819 76 32 15th
1300 2819 99 36 June,
1420 2821 90 32 1885.

2282 2781 34 32 M
2323 2793 130 23 anager.

1380 2932 83 45 The

935 3027 393 48 PRINTING
1387 3029 151 46 AND
1599 3029 511 56 PUBLISHING
2173 3034 319 63 OFFICE,

1436 3125 175 33 CLIFF
1657 3126 82 39 ST.,
1784 3126 214 37 LYELL.

1420 3239 165 72 The

1016 3352 45 46 Is
1084 3368 85 31 one
1193 3352 48 47 of
1259 3353 76 46 the
1359 3352 99 47 best
1483 3355 114 45 local
1621 3353 226 47 mediums
1871 3355 65 47 for
1959 3357 292 64 distributing
2275 3379 137 39 news,

1229 3428 406 60 Advertisements,
1664 3429 88 49 and
1777 3429 203 65 subjects
2005 3432 49 48 of
2073 3433 116 50 local

1465 3507 200 56 interest,
1695 3508 279 61 throughout

1215 3583 74 45 the
1335 3584 156 45 Buller
1535 3584 90 45 and
1672 3586 265 59 Inangahua
1982 3588 236 46 Counties.

995 3716 202 64 Charges
1220 3716 66 47 for
1309 3716 214 65 standing
1546 3719 396 56 advertisements,
1969 3737 108 47 very
2095 3724 283 50 reasonable.

999 3805 94 58 job,
1152 3805 144 59 Plain,
1343 3807 89 47 and
1485 3807 58 47 all
1587 3807 132 47 kinds
1767 3807 48 47 of
1853 3808 212 65 printing,
2112 3813 223 48 executed
2389 3814 107 49 with

936 3887 221 62 despatch
1180 3898 47 37 at
1251 3890 75 45 the
1350 3890 157 45 lowest
1531 3890 165 60 prices.

995 3976 397 48 Communication
1419 3976 57 63 by
1500 3986 103 53 post
1622 3995 50 29 or
1693 3977 103 48 wire
1820 3981 231 63 promptly
2076 3983 219 48 attended
2321 3993 61 40 to.

1565 4136 302 48 ADDRESS:

1451 4233 52 38 IjT®
1518 4254 21 17 a
1561 4242 69 36 £3

1442 4266 96 16 :aU4e«yee»

1587 4320 265 49 LYELL.

1075 4468 227 38 NOBEL'S
1356 4470 214 35 PATENT

945 4527 755 73 DYNAMITE.

985 4666 46 33 To
1048 4666 219 38 Contractors,
1293 4668 134 40 Miners,
1444 4669 219 43 Qiiarrymen,

1213 4713 65 32 and
1305 4714 130 33 Others.

949 4805 229 39 TO"OBEL's
1195 4805 252 43 DYNAMITE,
1460 4807 83 34 from
1555 4807 150 45 repeated

1074 4852 92 35 trials
1187 4853 43 44 by
1260 4854 54 33 the
1345 4856 121 40 largest
1497 4858 209 31 Contractors

947 4899 64 30 and
1029 4899 128 42 Mining
1171 4900 172 42 Managers
1359 4902 33 30 in
1409 4902 54 32 the
1480 4903 22 30 A
1510 4902 197 31 ustralasian

948 4943 161 43 Colonies,
1126 4946 64 33 and
1206 4946 83 33 from
1307 4946 76 42 long
1398 4959 56 22 use
1486 4948 64 33 and
1580 4953 126 28 mortar

949 4999 87 31 tests,
1053 4992 60 33 has
1128 4994 121 41 proved
1263 4993 90 33 itself
1365 4995 128 41 beyond
1523 4995 127 42 dispute
1674 5002 31 25 to
1719 4992 2 45 ;

948 5036 37 33 be
1013 5037 53 33 the
1098 5046 111 35 purest
1237 5039 65 34 and
1325 5039 41 45 by
1390 5041 49 32 far
1462 5040 54 34 the
1543 5045 178 37 strongest'

948 5086 263 33 manufactured.

990 5141 30 30 It
1035 5141 27 32 is
1077 5143 197 41 unequalled
1289 5143 49 31 for
1353 5143 142 38 mining,
1513 5143 193 42 quarrying,

950 5185 140 43 blasting
1105 5188 45 35 (in
1166 5193 63 26 wet
1245 5200 35 20 or
1296 5188 69 41 dry,
1392 5188 82 33 solid
1503 5200 37 20 or
1569 5187 139 33 fissured

949 5230 99 42 rock).
1095 5233 206 42 Tunnelling,
1318 5233 157 44 breaking
1502 5245 41 32 up
1574 5233 134 39 wrecks,

949 5277 127 33 sunken
1091 5279 105 40 rocks,
1213 5279 142 43 blowing
1377 5287 57 26 out
1463 5281 66 31 and
1559 5280 151 42 splitting

950 5334 42 32 up
1008 5327 66 30 tree
1090 5329 99 35 roots,
1206 5325 160 38 boulders,
1385 5329 51 29 kc.

992 5369 47 33 Its
1055 5371 102 43 safety
1172 5371 60 33 has
1247 5371 81 33 been
1351 5372 194 44 completely
1577 5372 109 32 demon-

950 5418 121 31 strated
1087 5418 42 41 by
1145 5418 56 32 the
1218 5418 136 32 absence
1366 5419 35 32 of
1413 5419 175 37 accidents,
1605 5419 88 31 eithe

948 5462 35 31 in
1005 5464 276 43 transit,storage,
1305 5475 36 21 or
1369 5465 42 32 its
1440 5464 177 42 legitimate
1641 5475 83 21 use.'

952 5508 30 33 It
997 5508 25 33 is
1037 5508 173 36 insensible
1229 5516 31 29 to
1277 5510 128 41 shocks,
1423 5522 17 22 a
1453 5510 185 44 percussion
1652 5522 58 32 cap

950 5555 96 44 being
1081 5558 150 42 required
1275 5564 31 26 to
1351 5558 135 43 develop
1533 5559 42 31 its
1619 5559 91 41 giant

951 5613 118 31 power.

994 5664 106 34 Trices
1117 5677 52 21 are
1187 5677 72 22 now
1277 5667 47 33 for
1327 5685 40 3 —

993 5714 15 30 I
1033 5724 84 29 case,
1135 5716 39 31 £0
1190 5714 49 33 lbs
1458 5715 35 30 2s
1510 5714 40 32 6d
1567 5725 57 30 per
1639 5712 31 33 lb

989 5761 20 29 ■5
1055 5759 39 31 do
1160 5760 39 30 do
1460 5761 34 29 2s
1510 5759 40 32 13d
1568 5769 56 32 per
1641 5759 29 30 lb

993 5822 37 32 T1
1033 5834 27 21 le
1078 5822 100 33 above
1195 5835 53 20 are
1264 5823 55 32 the
1337 5822 103 43 prices
1453 5823 35 32 in
1505 5821 155 34 Dunedin
1678 5833 36 21 or

935 5868 1 38 1
953 5868 199 38 Wellington
1170 5868 201 38 magazines.

935 5921 2 47 |
994 5926 159 31 Discount
1186 5926 137 31 allowed
1355 5934 30 23 to
1416 5926 117 42 buyers
1564 5927 34 30 of
1624 5927 89 40 large

935 5970 3 43 I
951 5970 138 43 p-iU'celo.

1762 4470 230 47 NOBEL'S
2018 4475 228 45 PATENT
2285 4480 164 44 BLAST-

1895 4524 104 45 ING
2043 4528 303 48 GELATINE.

1763 4622 5 5 _
1885 4588 57 31 per
1958 4584 74 29 cent
2048 4586 150 37 stronger
2209 4585 80 33 than
2302 4586 180 44 Dynamite
2497 4598 7 32 ;

1740 4622 88 41 gives
1845 4624 42 32 off
1904 4625 61 33 less
1983 4628 129 32 smoke*
2137 4629 28 32 is
2182 4642 35 21 as
2234 4640 66 25 sale
2318 4645 34 21 as
2391 4635 91 42 Dyna-

1740 4669 77 33 mite
1829 4680 8 29 ;
1861 4670 27 33 is
1905 4672 124 40 slower,
2046 4675 63 32 less
2125 4676 193 46 shattering,
2336 4682 65 31 and
2413 4694 91 21 more

1740 4717 174 41 expansive
1938 4729 33 21 in
2001 4720 41 31 its
2073 4722 109 32 action
2197 4732 6 30 5
2227 4723 212 38 indissoluble
2470 4729 34 32 in

1741 4767 110 34 water,
1868 4764 64 33 and
1949 4765 26 32 is
1993 4766 79 33 fired
2094 4769 80 31 with
2206 4772 81 39 fuse,
2319 4773 185 41 detonator,

1741 4807 65 33 and
1822 4808 170 44 dynamite
2009 4812 124 44 primer
2145 4814 36 35 in
2192 4816 54 35 the
2260 4830 91 24 same
2363 4832 142 24 manner

1742 4868 33 20 as
1792 4856 181 43 dynamite.

1782 4901 108 33 Prices
1907 4905 30 31 of
1953 4905 153 45 Blasting
2122 4907 154 36 Gelatine

1785 4950 14 30 1
1818 4959 83 29 case,
1919 4952 39 32 50
1975 4951 49 35 lbs
2166 4981 33 9 ...
2298 4971 57 31 per
2370 4960 32 34 lb

1784 4997 145 51 sdo_
1952 4999 40 31 do
2097 5046 6 5 _
2165 5027 34 8 ...
2246 5007 35 29 2s
2297 5007 42 30 8d
2359 5019 58 30 per
2433 5009 31 31 lb

1921 5042 35 33 in
1973 5044 156 36 Dunedin
2146 5050 179 41 magazine.

1784 5089 182 44 Necessary
1982 5095 163 39 tape-fuse
2163 5097 65 31 and
2242 5098 187 35 detonators
2459 5102 49 31 for

1744 5133 97 41 firing
1858 5134 179 42 Dynamite
2051 5139 64 32 and
2146 5141 149 33 Gelatine
2324 5145 122 42 always
2473 5148 33 30 in

1744 5179 99 31 stock.
1891 5180 133 33 Printed
2036 5183 213 36 instructions
2265 5188 49 32 for
2330 5192 96 37 using
2451 5192 56 31 the

1744 5223 101 34 above
1862 5225 108 34 issued
1984 5228 80 33 with
2081 5240 97 34 every
2195 5232 51 33 51b
2262 5219 160 60 package?

1805 5317 124 42 Agents
1945 5318 49 32 for
2011 5319 53 34 the
2083 5322 151 42 Glasgow
2257 5325 170 41 Company

1891 5363 29 32 D
1930 5365 208 35 ALGETTY
2162 5370 23 32 &
2203 5371 55 31 Co.

1966 5412 155 34 Dunedin
2139 5417 64 30 and
2220 5418 246 35 Christchureh.

1890 5455 52 34 W.
1961 5457 45 32 M.
2025 5459 274 35 BANNATYNE
2318 5467 22 29 &
2358 5465 68 40 Co.,

2255 5510 212 43 Wellington.

1789 5594 283 46 N.B.—Supplies
2088 5611 78 28 may
2181 5600 39 34 be
2237 5601 65 34 had
2318 5602 85 34 from
2418 5604 91 34 John

1748 5641 160 31 Fenxkll
1919 5643 64 31 and
1994 5644 110 31 James
2118 5646 47 31 By
2170 5656 52 27 ax,
2237 5648 112 41 Lyell;
2369 5650 141 33 Thomas

1752 5686 97 41 field,
1879 5687 182 46 Westport;
2087 5691 39 34 E.
2156 5693 111 45 Oxley,
2284 5695 140 36 Forsyth
2446 5698 63 33 and

1750 5734 150 38 Masters,
1924 5736 139 32 lieelton
2091 5740 63 29 and
2184 5733 203 48 Greymoutli
2404 5754 5 22 ;
2436 5745 55 30 Gal-

1728 5778 3 57 j
1750 5778 110 42 lagher
1878 5778 102 41 Bros.,
2005 5781 213 46 Boatman's;
2241 5787 39 32 A.
2308 5787 104 40 Foldi,
2431 5788 63 35 Dill-

1750 5828 105 29 man's
1886 5827 113 40 Town,
2034 5829 148 34 Kumara
2199 5843 7 29 ;
2254 5835 34 30 C.
2321 5835 189 41 Linniman,

1753 5872 46 31 \Y.
1817 5872 165 35 Johnston
1996 5875 64 33 and
2078 5877 67 40 Co.;
2164 5878 192 36 Cowlishaw
2368 5882 64 33 and
2444 5883 66 39 Co.,

1751 5918 160 32 Hokitika
1923 5930 7 27 ;
1954 5922 66 30 and
2035 5923 110 33 ofliers
2161 5936 43 20 on
2215 5926 54 31 the
2288 5927 89 32 West
2405 5929 105 39 Coast,

1751 5969 31 27 at
1798 5962 113 36 lowest
1924 5973 100 28 rates.

2540 976 404 42 CRITERION
3003 982 233 42 HOTEL

2796 1056 206 30 LYELL,

2657 1187 223 38 EDWARD
2913 1190 235 42 CARROLL

2706 1269 33 31 to
2764 1266 119 34 inform
2909 1268 50 35 his
2985 1282 177 27 numerous
3192 1279 87 33 town

2637 1324 65 32 and
2734 1330 139 37 country
2902 1328 40 31 fri
2962 1329 61 32 nds
3053 1331 72 34 that
3155 1334 40 32 he
3222 1335 58 33 has

2521 1402 57 33 pin
2585 1392 120 35 chased
2721 1393 54 35 the
2793 1394 100 35 above
2909 1396 159 45 business,
3085 1403 65 33 and
3179 1404 101 45 hopes

2522 1459 43 44 by
2596 1462 92 33 strict
2717 1464 163 34 attention
2897 1469 31 31 to
2953 1467 55 35 the
3035 1475 105 31 wants
3170 1473 35 34 of
3230 1474 50 37 his

2523 1535 181 29 customers
2730 1533 66 32 and
2822 1537 167 33 travellers
3014 1543 31 28 to
3075 1543 97 34 merit
3188 1555 17 22 a
3221 1544 61 34 fair

2668 1601 94 34 share
2779 1603 36 33 of
2833 1604 107 43 public
2956 1612 188 43 patronage.

2620 1749 151 50 Liquors
2798 1752 36 36 of
2857 1754 59 37 the
2936 1755 85 38 Best
3043 1758 144 40 Brands.

2878 1934 36 37 E.
2947 1937 243 52 CARKOLL,

3048 2015 195 45 Proprietor.

2527 2158 381 56 BELFAST
2970 2168 307 68 HOTEL,

2755 2246 134 38 GIBBS
2914 2251 142 39 TOWN.

2732 2311 221 35 Eight-Mile
2977 2318 104 33 Road.

2533 2398 127 68 fjprlE
2670 2400 220 46 undersigned
2901 2406 122 46 having
3033 2413 153 33 removed
3197 2414 85 36 from

2638 2461 79 35 Zala
2733 2463 100 36 Town
2850 2467 66 34 and
2932 2472 127 33 erected
3082 2486 71 23 new
3176 2488 85 31 prem-

2529 2517 63 32 ises
2617 2529 35 22 as
2676 2519 113 41 above,
2813 2522 27 33 is
2869 2535 75 23 now
2966 2531 158 41 prepared
3148 2537 33 29 to
3206 2533 77 36 offer

2530 2575 159 35 excellent
2739 2584 285 35 accommodation
3061 2593 32 27 to
3142 2592 140 39 visitors,

2530 2629 163 44 boarders,
2711 2634 64 33 and
2792 2636 55 34 the
2862 2638 108 44 public
2987 2645 179 45 generally.

2530 2745 90 35 Ales
2645 2747 118 36 Wines
2785 2761 65 24 and
2876 2754 132 36 Spirits
3038 2768 39 25 of
3107 2770 66 25 the
3201 2773 81 25 besi

2709 2807 183 39 Qualities
2909 2820 84 25 only
3011 2823 95 26 kept.

2679 2920 187 65 Charges
2897 2927 229 52 Moderate.

2740 3064 150 37 PETER
2911 3069 292 47 ARMSTRONG,

3050 3151 197 45 Proprietor.

2887 3221 83 5 —
2970 3224 80 3 _____

2607 3267 177 35 LADIES'
2808 3272 59 32 OR
2891 3273 326 42 GENTLEMEN'S

2537 3376 354 70 SADDLE
2972 3385 314 71 JJACKS,

2692 3509 109 42 (Quiet
2817 3511 65 34 and
2899 3513 247 54 Well-broken)]

2532 3602 87 32 FOR
2636 3603 115 32 HIRE
2768 3605 60 32 BY
2844 3607 91 34 THE
2955 3611 335 46 UNDERSIGNED

2674 3699 50 33 At
2746 3701 202 38 Inangahua
2968 3708 181 41 Junction.

2575 3843 135 36 Horse's
2726 3850 70 32 sent
2812 3850 42 42 ]to
2872 3850 93 44 Lyell
2982 3857 33 31 afc
3039 3866 18 24 a
3073 3864 178 34 moment's

2852 3920 118 34 notice.

2537 4015 235 58 Courtney's
2782 4021 359 55 Accommodation
3153 4034 142 51 House

2538 4082 135 48 Having
2701 4086 101 48 lately
2828 4090 81 37 been
2935 4097 228 51 considerably
3188 4106 107 40 added

2535 4152 33 29 to
2594 4150 66 34 and
2681 4151 183 46 improved,
2881 4156 27 34 is
2932 4170 75 24 now
3022 4174 61 24 one
3098 4166 37 34 of
3154 4167 55 36 the
3224 4170 72 39 best

2535 4214 178 41 appointed
2728 4217 65 32 and
2808 4224 86 28 most
2910 4224 212 37 comfortable
3145 4233 150 37 roadside

2519 4277 1 50 :
2668 4277 102 36 house
2786 4292 13 21 s
2815 4294 43 21 on
2874 4284 54 34 the
2945 4286 92 35 Wsst
3054 4290 108 37 Coast.

2557 4425 31 37 P
2601 4427 35 37 R
2646 4427 39 42 A,
2686 4425 2 74 C
2691 4428 37 39 N
2741 4430 101 40 CIS
2904 4435 374 64 COURTNEY,

2808 4513 227 41 Proprietor.

2519 4621 1 67 ;
2637 4621 173 63 JOHN
2876 4626 335 62 FENNELU

2544 4769 299 73 Q.SNERAL
2900 4779 401 60 STOREKEEPER

2519 4885 4 67 j
2568 4885 126 34 WINE
2717 4889 94 33 AND
2835 4891 150 37 SPIRIT
3009 4898 123 38 MERC
3139 4904 61 35 UN
3205 4908 68 44 AT,

2707 5001 108 34 Cliff
2840 5004 141 43 Street,
3005 5010 123 37 Lyell.

2627 5181 141 40 Highest
2800 5185 89 33 Price
2920 5190 95 38 given
3043 5193 49 33 for
3130 5200 85 40 gold.

2543 5284 316 47 ANCHOE
2942 5293 363 60 FOUNDRY

2773 5350 178 41 lELS
2968 5362 30 33 u
3019 5360 33 37 N
3084 5391 9 11 .

2697 5496 97 37 kinds
2810 5500 37 34 of
2858 5501 225 54 Engineering
3098 5515 66 35 and
3182 5518 123 42 Smiik.

2527 5561 2 72 |
2657 5562 101 40 work,
2791 5563 78 35 Iron
2895 5570 66 32 and
2991 5572 101 37 Brass
3123 5579 181 54 Founding

2527 5622 2 63 |
2548 5622 139 43 Mining,
2704 5624 140 42 Marine.,
2861 5631 64 32 and
2949 5632 232 45 Monumental
3198 5646 102 39 Work

2589 5737 289 39 Communication
2924 5746 107 37 Twice
3078 5753 141 52 Weekly
3263 5767 45 45 fey

2547 5800 132 34 Anchor
2694 5801 83 36 Line
2796 5804 129 38 Steame
2984 5814 64 34 and
3064 5820 106 39 prices
3182 5837 25 31 q
3209 5833 77 31 Wte
3289 5831 19 35 i

2528 5861 2 54 !
2547 5861 164 36 delivered
2727 5870 33 30 at
2777 5866 76 37 Wes
2883 5870 99 38 Coast
2998 5875 104 40 Torts.

2745 5933 281 43 ALEXANDER
3048 5944 177 53 EROWiV,
