3402 6147
150 1403 145 76 The
343 1403 243 76 Lyell
634 1403 291 76 Times.

211 1562 248 40 SATURDAY,
495 1561 115 36 JULY
649 1564 49 36 25,
738 1562 89 33 1885.

189 1693 67 34 The
279 1693 163 43 amalgam
466 1698 110 29 return
602 1693 83 33 from
709 1692 53 34 the
787 1692 116 44 Alpine

146 1750 130 45 battery
300 1750 48 34 for
371 1751 54 33 the
449 1750 97 40 week,
576 1751 26 31 is
625 1752 60 31 472
717 1760 117 21 ounces
857 1749 48 32 for

149 1811 55 33 the
216 1811 113 37 plates,
341 1811 129 42 ripples,
485 1811 63 31 and
567 1810 250 38 berdans,—2o6
833 1816 72 25 tons

150 1865 36 35 of
197 1870 92 29 stone
305 1863 149 35 crushed.

192 1922 68 34 The
284 1921 195 45 Inangahua
506 1921 129 44 County
660 1924 68 30 rate
753 1921 152 33 collector

152 1980 130 33 notifies
298 1980 33 33 in
347 1980 138 33 another
500 1980 142 39 column,
661 1980 73 33 that
757 1981 80 32 after
853 1980 54 32 the

155 2039 76 32 15th
254 2039 36 32 of
303 2037 188 44 September
514 2043 86 32 next,
625 2038 120 43 unpaid
769 2044 84 26 rates
875 2039 32 31 in

153 2094 57 36 the
234 2094 177 45 Hampden
439 2094 115 45 riding,
582 2094 66 34 will
672 2094 36 34 be
736 2094 172 45 positively

155 2152 79 34 sued
249 2153 57 33 for.

198 2209 68 34 The
283 2213 19 15 44
315 2209 105 34 Cattle
438 2209 152 44 Trespasg
718 2209 142 35 hitherto
874 2210 32 32 in

154 2265 86 37 force
268 2265 35 36 in
327 2266 65 35 this
412 2267 127 45 portion
564 2267 34 34 of
618 2267 54 34 the
696 2268 126 41 colony,
849 2267 58 34 has

155 2324 80 33 been
251 2324 147 44 repealed
413 2324 43 43 by
479 2325 55 32 the
558 2329 18 14 44
590 2326 221 42 Impounding
835 2326 69 38 Act,

287 2393 18 20 a
320 2380 49 32 far
386 2392 87 21 more
491 2381 170 42 stringent,
675 2382 63 32 and
752 2382 157 41 certainly

155 2447 90 23 more
268 2435 265 45 comprehensive
563 2448 148 24 measure
745 2437 79 35 than
854 2437 54 34 the

155 2493 139 42 original
312 2494 186 33 ordinanee.

199 2550 117 44 Owing
339 2555 32 30 to
400 2550 238 43 indisposition,
666 2551 54 33 the
752 2552 79 32 Rev.
858 2551 52 34 Mr

160 2608 141 44 Spencer
310 2619 66 23 was
384 2608 117 33 unable
512 2613 32 29 to
555 2613 52 39 get
618 2608 75 33 here
707 2608 40 44 by
762 2608 150 44 Tuesday

160 2666 74 40 last,
251 2677 35 22 as
301 2666 243 43 contemplated
558 2677 7 30 ;
588 2667 59 33 but
669 2679 187 21 announces
872 2667 40 33 he

158 2722 68 34 will
251 2722 104 34 arrive
383 2723 43 43 by
450 2724 100 33 coach
573 2735 41 21 on
639 2724 54 33 the
721 2724 76 32 28th
825 2725 87 38 inst.,

159 2780 97 35 when
273 2780 54 35 the
344 2780 149 41 services,
510 2782 65 34 and
597 2782 54 34 the
675 2782 121 34 annual
813 2789 80 27 meet-

159 2849 57 33 ing
252 2838 35 33 of
313 2839 218 43 parishioners
569 2840 64 33 will
670 2839 38 33 be
747 2841 87 40 held,
839 2852 75 20 —as

159 2896 160 44 arranged
334 2897 49 33 for
399 2896 61 34 last
477 2897 98 34 week.

202 2953 68 34 The
292 2955 143 41 meeting
449 2954 37 34 of
499 2955 91 34 those
613 2956 173 33 interested
802 2956 34 33 in
860 2957 54 33 the

158 3010 176 33 formation
357 3010 35 32 of
410 3022 18 21 a
451 3011 84 33 local
560 3011 158 33 Amateur
746 3013 168 32 Dramatic

158 3067 94 40 Club,
266 3067 75 33 held
355 3072 34 29 at
404 3068 52 32 Mr
466 3069 112 41 Inglis'
593 3069 101 39 office,
710 3082 40 20 on
764 3070 151 43 Tuesday

158 3124 74 38 last,
249 3136 65 21 was
331 3136 76 31 very
422 3124 95 44 fairly
533 3125 164 40 attended,
715 3127 65 32 and
795 3138 48 21 we
857 3138 53 22 are

158 3180 77 44 glad
266 3185 32 30 to
328 3181 78 33 hear
435 3181 71 34 that
536 3182 56 33 the
624 3182 170 45 initiatory
826 3189 86 31 steps

157 3237 112 40 taken,
285 3238 142 44 promise
443 3239 189 44 favourably
648 3241 48 32 for
712 3241 41 33 its
771 3252 137 22 success.

159 3295 134 33 Officers
313 3307 83 22 were
421 3297 187 42 appointed,
637 3297 64 33 and
724 3298 25 32 it
773 3310 67 21 was
867 3311 31 21 re-

160 3351 112 35 solved
287 3357 33 30 to
336 3358 87 28 meet
438 3353 65 33 and
527 3352 110 35 decide
663 3366 87 32 upon
769 3367 40 21 an
828 3356 87 44 early

158 3410 268 40 entertainment,
450 3411 173 34 whenever
646 3413 55 33 thfe
724 3413 99 33 books
847 3415 67 39 &c.,

157 3467 136 34 ordered
308 3468 83 34 from
409 3469 165 39 Dunedin,
592 3481 83 22 were
693 3476 31 28 to
742 3471 99 33 hand.

200 3525 59 34 We
282 3524 84 35 have
389 3526 146 35 received
557 3528 83 33 from
666 3528 55 34 the
745 3529 90 34 Hon.
860 3529 55 34 the

159 3580 151 35 Minister
353 3583 47 34 for
444 3584 122 39 Lands,
611 3585 213 44 Wellington,
862 3587 55 32 the

158 3639 168 43 following
341 3643 134 42 remedy
491 3643 49 34 for
555 3643 228 44 apple-blight,
797 3645 119 40 which,

160 3707 49 25 we
225 3697 116 36 should
358 3699 105 43 think,
480 3701 103 44 ought
598 3706 32 31 to
644 3707 54 38 get
713 3714 18 23 a
746 3704 82 42 good
843 3704 73 34 trial

158 3754 36 34 in
210 3756 65 33 this
292 3757 137 41 district,
446 3770 36 21 as
498 3759 90 33 there
605 3759 27 33 is
648 3773 18 20 a
684 3762 45 32 lot
745 3762 35 32 of
800 3762 115 41 blight,

157 3813 111 36 about.
272 3815 128 35 —Four
429 3817 126 45 pounds
578 3817 162 36 sublimed
767 3820 148 45 sulphur,

158 3872 35 32 in
223 3883 42 22 an
293 3871 73 35 iron
394 3877 67 40 pot,
489 3875 80 33 with
596 3877 129 41 enough
753 3883 101 28 water
886 3882 33 29 to

160 3930 230 45 conveniently
407 3931 59 35 stir
480 3933 97 33 while
594 3933 124 43 boiling
733 3937 49 32 for
793 3940 123 38 twenty

158 3987 146 35 minutes
322 3998 8 31 ;
362 3989 78 34 then
470 3991 64 33 add
566 3991 50 34 lib
647 3992 122 34 caustic
800 3994 115 42 potash

162 4045 208 45 (Greenbank
414 4048 200 45 Company's
658 4050 27 34 is
722 4052 55 33 the
822 4052 95 43 best),

156 4103 190 45 previously
362 4106 162 33 dissolved
540 4107 65 32 and
622 4108 112 34 whilst
756 4109 67 33 still
846 4110 68 38 hot,

159 4157 67 34 and
242 4170 35 21 as
299 4159 100 34 much
416 4159 91 35 colza
524 4172 35 21 or
582 4161 92 34 other
688 4163 166 42 vegetable
872 4165 44 32 oil
930 4149 1 56 !

158 4225 38 23 as
211 4214 68 35 will
293 4215 97 35 make
407 4217 24 33 it
446 4217 65 35 like
527 4229 19 22 a
560 4217 89 34 thick
663 4219 103 43 paint.
813 4221 103 40 Then,

160 4271 97 35 when
285 4284 115 28 warm,
430 4274 80 33 with
543 4287 19 20 a
592 4275 87 40 large
709 4276 208 44 paint-brush

163 4329 86 33 daub
264 4329 26 34 it
305 4329 49 34 for
369 4330 99 35 about
479 4332 54 33 the
551 4344 92 31 space
655 4333 34 33 of
702 4345 18 21 a
736 4334 66 34 foot
815 4335 104 33 round

162 4386 57 34 the
241 4386 72 36 butt
336 4387 35 35 of
390 4388 55 34 the
468 4393 84 29 stem
576 4390 36 33 of
631 4389 53 35 the
708 4398 77 26 tree.
833 4393 84 33 Rain

162 4443 69 33 will
252 4445 91 32 wash
366 4445 26 33 it
413 4446 69 32 into
499 4447 54 32 the
574 4453 98 32 roots,
697 4448 64 32 and
785 4449 43 32 oil
851 4450 66 32 will

164 4499 80 35 tend
259 4504 33 29 to
308 4511 148 33 preserve
472 4502 41 33 its
530 4504 147 43 strength
696 4505 47 32 for
759 4517 102 30 years.

206 4558 69 33 The
297 4558 169 43 following
489 4572 52 21 are
558 4561 55 32 the
630 4562 137 33 Reefton
792 4563 127 43 battery

160 4615 132 30 returns
306 4613 49 33 for
371 4614 62 33 last
449 4615 89 32 week
609 4617 174 42 Welcome,
800 4621 118 31 3750zs

164 4669 186 45 amalgam;
383 4671 247 45 Keep-it-Dark,
661 4678 117 31 3500zs
818 4678 80 33 amtl-

165 4741 76 33 gam
257 4741 7 31 ;
288 4729 191 45 Inkerman,
498 4734 115 34 150ozs
628 4735 176 45 amalgam.

209 4788 68 32 The
304 4788 179 34 celebrated
512 4791 102 33 Faust
644 4793 139 43 Family,
815 4795 107 33 which

167 4845 62 36 has
251 4845 65 35 had
338 4859 19 22 a
379 4859 79 32 very
479 4850 172 34 successful
677 4852 77 33 time
778 4853 36 34 of
832 4854 26 33 it
880 4867 41 21 on

167 4904 57 33 the
247 4904 107 41 Coast,
378 4907 87 32 sinct
481 4907 130 43 leaving
629 4909 87 39 here,
740 4911 27 33 is
783 4922 73 22 now
879 4923 43 22 on

167 4962 53 33 its'
237 4966 122 38 return,
376 4963 64 34 and
456 4963 71 35 bids
552 4965 203 45 Greymouth
780 4969 142 34 farewell

167 5019 156 44 to-night.
369 5022 49 32 On
437 5022 207 46 Wednesday
660 5031 87 35 next,
766 5026 54 33 the
838 5040 63 21 com-

168 5089 88 33 pany
272 5078 66 35 will
353 5080 77 43 play
446 5081 48 33 for
509 5081 71 34 that
601 5083 94 42 night
712 5083 32 33 in
765 5085 135 33 Reefton
918 5096 6 29 ;

171 5134 65 33 and
273 5135 124 44 shortly
428 5136 198 40 afterwards,
658 5139 66 32 will
755 5142 72 39 give
865 5153 59 22 one

170 5193 223 42 performance
417 5195 86 33 here.
548 5196 59 33 We
637 5200 210 31 recommend
872 5200 53 39 all,

171 5249 74 34 who
262 5261 70 29 can,
351 5255 31 30 to
397 5263 50 24 see
465 5252 102 42 them,
586 5253 49 35 for
651 5254 84 35 their
750 5256 156 35 entertain-

170 5314 93 27 ment
287 5308 143 45 displays
457 5311 67 33 real
546 5312 136 44 sterling
708 5313 124 46 ability,
861 5316 64 32 and

170 5365 164 35 furnishes
357 5379 18 21 a
399 5374 84 28 most
499 5370 168 44 enjoyable
687 5372 166 44 evening's
876 5386 31 21 re-

173 5424 154 32 creation.
386 5424 4 47 |
399 5426 97 32 Their
542 5428 142 33 advance
729 5436 97 35 agent
876 5433 52 30 Mr

171 5478 112 36 Alfred
312 5480 106 41 Short,
443 5482 87 35 since
558 5484 127 36 advises
711 5498 36 22 us
774 5487 70 35 that
870 5489 54 34 the

172 5546 163 35 company
353 5539 65 32 will
441 5539 76 44 play
533 5541 74 33 here
630 5554 42 20 on
696 5544 120 44 Friday
840 5551 86 34 next,

172 5594 72 34 31st
259 5595 87 45 inst.]

215 5650 69 33 The
293 5659 264 28 announcement
565 5657 170 32 contained
746 5659 32 31 in
790 5661 138 31 another

172 5706 144 43 column,
335 5709 121 44 having
471 5711 163 35 reference
654 5718 33 29 to
701 5714 54 36 the
769 5718 158 42 proposed

174 5764 83 32 East
279 5767 65 31 and
367 5767 89 32 West
478 5769 96 31 Coast
597 5770 158 44 Railway,
780 5774 76 37 will,
880 5786 47 21 we

174 5821 63 33 feel
254 5833 82 29 sure,
355 5823 80 33 from
453 5824 41 33 its
511 5824 130 45 hopeful
654 5828 64 32 and
729 5833 198 42 re-assuring

175 5884 128 33 nature,
320 5879 36 34 be
371 5881 164 44 generally
546 5883 145 35 received
702 5885 79 34 with
792 5887 137 45 feelings

176 5937 37 32 of
225 5937 136 41 genuine
378 5939 200 33 satisfaction
593 5950 7 29 ;
625 5942 75 39 and,
720 5944 111 42 really,
856 5957 54 21 con-

176 5993 144 46 sidering
349 5995 41 35 its
427 6000 70 31 vast
527 5996 214 47 importance,
773 6002 64 34 and
874 6003 55 34 the

926 221 209 33 incalculable
1152 221 134 33 benefits
1303 226 32 28 to
1351 221 37 33 be
1409 222 164 33 bestowed
1590 235 84 31 upon
1693 220 2 46 j

927 279 53 32 the
1004 278 103 33 whole
1131 278 34 32 of
1185 278 53 32 the
1259 282 136 38 country
1420 278 106 33 which
1551 280 63 33 will
1641 281 35 33 be
1695 278 1 48 j
1716 278 1 48 t

927 336 173 40 traversed,
1131 335 195 44 opened-up,
1359 334 63 34 and
1447 337 232 42 commanded,
1695 334 3 51 j
1713 334 4 51 (

927 393 54 33 the
1006 404 87 22 news
1121 393 159 33 furnishes
1306 404 18 22 a
1348 392 107 41 fitting
1481 395 121 42 subject
1634 396 45 33 for
1696 392 2 45 I
1714 392 3 45 r

928 451 115 43 hearty
1086 451 272 41 congratulation.
1418 452 40 31 In
1502 452 76 40 fact,
1623 451 76 43 our!
1716 451 1 43 >
1716 451 1 43 c

931 509 135 32 Reefton
1077 508 197 43 neighbours
1282 520 120 32 appear
1411 515 31 27 to
1453 509 82 34 have
1548 511 134 45 already
1698 508 2 58 |
1716 508 1 58 i

929 566 64 33 had
1009 577 82 33 open
1108 566 274 33 denftmstrations
1405 566 35 33 of
1455 567 56 42 joy
1528 579 76 21 over
1625 570 56 32 the
1698 566 3 51 j
1716 566 1 51 1

930 624 102 39 affair,
1056 624 64 32 and
1138 624 53 33 the
1209 624 96 32 much
1324 623 197 40 abused

933 681 153 43 Ministry
1113 680 26 33 is
1164 688 32 25 to
1225 682 120 31 receive
1371 680 84 33 their
1477 681 122 34 cordial
1630 696 49 20 ex-
1700 680 2 44 ,
1716 680 1 44 1

932 737 160 43 pressions
1109 738 31 31 in
1157 736 300 41 acknowledgment
1474 737 35 32 of
1530 738 53 32 the
1608 750 73 32 sup-
1701 736 1 46 ;
1716 736 1 46 '

932 802 70 35 port
1032 794 106 32 which
1169 793 51 32 Sir
1248 793 109 32 Julius
1400 795 95 35 Vogel
1535 796 62 30 and
1637 797 49 31 his
1702 793 1 44 .
1716 793 1 44 <

933 857 92 38 party
1039 863 52 21 are
1105 851 146 34 disposed
1267 858 30 25 to
1308 851 71 40 give
1389 851 53 32 the
1455 851 141 33 schema.
1630 852 55 34 We
1702 851 2 46 j

933 917 103 30 regret
1053 916 56 25 not
1127 909 93 41 being
1242 909 70 31 able
1331 916 30 24 to
1386 909 80 40 fully
1484 909 126 41 publish
1632 911 50 32 the
1703 909 2 44 j

933 964 145 33 Colonial
1116 964 200 33 Treasurer's
1347 971 176 26 statement
1555 976 42 21 on
1632 965 52 33 the
1703 964 2 40 !

934 1021 227 41 subject,—his
1178 1022 205 40 comparison
1408 1021 34 31 of
1455 1022 54 30 the
1528 1022 158 40 proposed
1704 1021 2 43 j

934 1077 130 33 scheme
1088 1089 34 21 as
1145 1076 183 35 contrasted
1352 1077 76 33 with
1451 1077 52 33 the
1528 1077 157 45 ordinary
1705 1076 2 49 j

935 1135 144 37 method,
1097 1135 93 30 when
1211 1135 51 31 the
1281 1146 118 29 money
1415 1136 26 29 is
1463 1136 164 31 borrowed
1646 1137 40 42 by
1705 1135 2 44 j

935 1204 71 29 way
1029 1192 34 31 of
1082 1192 86 38 loan,
1192 1191 65 33 and
1279 1192 52 33 the
1355 1204 134 31 propose
1501 1192 11 33 1
1537 1193 95 33 mode
1657 1195 34 33 of
1707 1191 1 44 :

935 1247 134 44 making
1094 1254 207 38 re-payment
1326 1248 35 33 of
1385 1248 71 33 half
1483 1248 53 33 the
1566 1256 67 28 cost
1659 1252 31 33 of
1706 1240 3 68 j

937 1307 64 31 this
1025 1306 64 31 line
1114 1307 31 30 in
1176 1308 160 40 question,
1362 1319 87 29 upon
1476 1310 210 39 completion,
1707 1306 2 43 j

937 1361 56 35 but
1012 1361 63 34 will
1091 1361 125 36 further
1239 1362 81 34 refer
1336 1368 31 29 to
1391 1362 55 35 the
1470 1362 123 47 subject
1616 1365 31 34 in
1672 1378 17 22 a
1707 1361 3 51 j

937 1422 104 30 future
1064 1419 96 39 issue,
1178 1421 94 31 when
1298 1426 134 28 matters
1455 1421 80 33 have
1560 1422 131 34 become

938 1492 17 20 a
978 1479 83 33 little
1078 1492 88 20 more
1193 1492 30 20 m
1237 1486 80 27 iture
1329 1480 21 33 1.
1395 1480 68 34 The
1484 1481 124 39 subject
1625 1496 65 21 was
1709 1479 1 41 i

1541 1513 11 11 •'
1709 1513 1 18 i

937 1540 32 27 to
993 1534 37 33 be
1054 1534 188 34 considered
1266 1536 40 38 by
1328 1548 17 21 a
1369 1536 196 33 Committee
1585 1539 33 32 of
1639 1539 54 33 the
1709 1534 2 45 ;

938 1593 103 32 whole
1060 1593 122 39 House,
1200 1593 188 44 yesterday;
1413 1595 64 32 and
1494 1604 31 24 at
1538 1597 53 31 the
1604 1609 87 22 same
1710 1592 2 45 !

938 1651 89 33 time,
1052 1650 53 33 the
1129 1651 224 33 Government
1369 1663 66 21 was
1457 1659 31 26 to
1513 1653 93 40 bring
1628 1654 61 33 for-
1710 1650 2 43 j

939 1708 86 32 ward
1051 1721 17 19 a
1096 1707 140 40 tangible
1265 1709 148 42 proposal
1444 1722 34 20 as
1506 1715 31 27 to
1561 1712 54 31 the
1641 1724 48 20 ex-
1710 1707 2 44 !

939 1763 156 46 pcdiency
1118 1764 34 33 of
1173 1764 113 41 taking
1308 1775 76 24 over
1405 1764 54 35 the
1484 1766 88 34 main
1598 1767 93 35 roads

941 1824 141 31 between
1094 1824 231 31 Christchurch
1335 1824 64 31 and
1413 1825 167 38 Hokitika,
1594 1827 96 41 Grey,

940 1880 64 33 and
1032 1880 141 40 Nelson;
1198 1880 63 33 and
1291 1880 169 44 definitely
1487 1882 208 45 distributing

940 1936 55 35 the
1011 1941 68 31 cost
1094 1936 35 35 of
1140 1937 230 34 maintenance
1382 1937 35 34 of
1430 1938 54 35 the
1502 1950 100 23 same.

981 2006 69 34 The
1067 2006 152 34 tributers
1235 2006 146 44 working
1397 2007 54 33 the
1470 2008 122 34 United
1611 2009 86 44 Italy

941 2065 199 42 Company's
1167 2064 94 37 lease,
1293 2065 184 42 completed
1507 2067 85 31 their
1624 2068 73 32 trial

943 2121 154 42 crushing
1124 2121 35 33 of
1180 2120 99 35 about
1305 2123 39 32 45
1372 2127 74 28 tons
1470 2122 35 33 of
1526 2129 103 34 stone,
1657 2137 42 20 on

943 2178 171 43 Thursday
1125 2178 72 39 last,
1202 2178 94 33 —the
1312 2178 266 46 cleaning-upfor
1590 2180 107 33 which

943 2238 182 37 gave4Bozs
1141 2237 37 32 of
1185 2237 142 32 retorted
1340 2238 85 38 gold.
1470 2238 68 32 The
1555 2237 126 34 blanket-

944 2294 70 43 ings
1047 2293 65 34 had
1142 2298 32 29 to
1204 2293 37 34 be
1272 2293 108 42 saved,
1412 2294 90 34 there
1534 2294 96 44 being
1660 2308 41 21 no

945 2352 184 43 appliances
1145 2352 48 32 for
1217 2352 138 40 treating
1373 2352 91 32 them
1490 2364 33 21 in
1541 2353 54 32 the
1611 2354 92 32 usual
1716 2352 1 43 j

945 2420 82 30 way.
1072 2408 68 31 The
1165 2413 110 26 return
1301 2409 27 30 is
1350 2415 58 25 not
1432 2420 42 31 up
1502 2415 31 26 to
1555 2416 145 35 expecta-
1716 2408 1 46 j

947 2473 95 32 tions,
1067 2464 64 33 and
1155 2477 46 21 we
1224 2474 105 34 regret
1346 2470 32 28 to
1398 2465 89 40 hear,
1512 2465 190 44 estimating
1716 2464 1 45 ;

947 2521 53 33 the
1016 2526 110 28 extent
1144 2521 34 33 of
1198 2521 126 42 ground
1344 2523 125 41 opened
1487 2533 54 33 up,
1559 2523 64 32 and
1646 2524 54 31 the
1716 2521 1 45 i

947 2578 149 32 duration
1134 2579 34 31 of
1202 2578 197 43 operations,
1437 2580 72 31 falls
1546 2580 91 33 short
1674 2582 34 31 of

948 2634 145 45 payable.

990 2705 186 36 Matthews,
1203 2705 56 32 the
1288 2705 175 33 American
1493 2705 106 38 boxer,
1634 2708 70 32 who

948 2761 59 34 has
1024 2760 81 35 been
1123 2761 97 45 doing
1243 2769 88 37 quite
1355 2775 18 21 a
1391 2762 177 35 walk-over
1591 2776 31 21 in
1649 2764 53 35 the

949 2821 78 31 r.K.
1061 2820 147 32 business
1239 2822 35 30 of
1297 2822 73 36 late,
1399 2822 26 31 is
1463 2830 32 23 to
1653 2824 53 31 the

1139 2877 122 44 to-day,
1286 2877 78 34 with
1388 2878 139 39 O'Neill,
1559 2879 35 33 of
1615 2880 91 39 Ross,

949 2935 34 33 in
999 2935 54 34 the
1072 2935 157 33 Hokitika
1241 2936 149 34 Theatre.
1437 2939 43 31 As
1493 2937 52 33 the
1559 2944 147 37 stranger

948 2999 34 24 at
997 3000 131 34 present
1145 2994 111 40 enjoys
1274 2994 54 31 the
1345 2996 186 39 reputation
1555 2997 35 30 of
1610 2996 95 36 being

950 3049 173 44 champion
1143 3049 96 34 boxer
1255 3050 31 33 of
1301 3050 77 34 New
1392 3051 153 39 Zealand,
1563 3057 140 28 coasters

950 3106 64 32 will
1040 3106 37 32 be
1102 3106 75 41 glad
1199 3112 33 26 to
1254 3119 51 20 sue
1331 3108 82 31 their
1441 3109 80 30 loc:;il
1549 3109 168 32 irladiator'

949 3164 70 39 give
1050 3175 18 20 a
1098 3164 81 42 good
1210 3170 136 26 account
1379 3164 34 32 of
1439 3164 140 32 himself.
1636 3165 67 32 The

950 3231 119 32 money
1096 3220 35 37 is,
1156 3221 68 32 £2O
1247 3220 113 38 a-side,
1389 3220 64 33 and
1479 3222 53 32 the
1556 3227 109 31 terms,
1670 3242 39 3 —

950 3276 226 43 Queensberry
1206 3277 106 40 rules;
1354 3283 32 28 to
1418 3278 36 33 be
1485 3278 114 43 fought
1629 3287 31 25 to
1691 3291 18 20 a

950 3332 111 34 finish.

991 3401 48 33 Dr
1062 3401 120 34 Morice
1199 3402 138 33 reached
1365 3402 136 34 Reefton
1526 3404 63 32 last
1612 3403 95 39 night

950 3458 83 33 from
1051 3459 217 43 Greymouth,
1288 3460 48 32 for
1353 3460 54 33 the
1427 3472 139 32 purpose
1585 3461 35 32 of
1635 3473 54 20 con-

952 3516 121 43 sulting
1097 3516 78 35 with
1206 3518 45 33 Dr
1276 3518 148 33 Wliitton
1456 3530 54 29 reg
1522 3518 107 41 arding
1656 3519 53 33 the

950 3580 84 26 state
1051 3575 36 31 of
1100 3575 109 31 health
1227 3576 34 32 of
1277 3576 51 31 Mr
1346 3576 134 32 Charles
1493 3577 126 37 Fraser,
1634 3578 73 31 who

951 3643 46 21 we
1021 3638 107 34 regret
1153 3637 32 28 to
1209 3632 91 33 learn
1331 3632 66 33 still
1429 3632 58 33 lies
1514 3634 35 33 in
1578 3646 19 21 a
1627 3641 83 26 most

950 3688 122 33 critical
1085 3689 176 34 condition.
1265 3690 162 40 —Times,
1439 3690 76 33 20th
1531 3691 73 34 iust.
1635 3693 74 33 Just

950 3747 107 33 before
1073 3749 98 40 going
1188 3754 32 27 to
1238 3760 98 31 press,
1353 3761 47 21 we
1416 3749 148 33 received
1577 3751 110 33 intima-

952 3805 68 34 tion
1043 3805 72 34 that
1138 3804 52 35 Mr
1207 3805 114 34 Fraser
1337 3804 20 35 d
1371 3805 39 34 ed
1432 3805 33 34 in
1490 3806 54 34 the
1571 3806 136 38 Reefton

952 3864 165 42 Hospital,
1134 3869 34 27 at
1183 3867 18 29 G
1217 3865 122 31 o'clock
1355 3865 61 32 last
1430 3865 150 43 evening,
1597 3868 90 31 23rd.

993 3932 68 33 The
1091 3937 129 39 exports
1250 3932 85 34 from
1358 3932 55 34 the
1442 3938 71 39 port
1542 3934 37 33 of
1606 3935 79 44 Grey-

953 3991 126 38 mouth,
1110 3991 49 32 for
1188 3991 54 33 the
1274 3991 89 33 week
1394 3991 103 33 ended
1528 3992 173 43 Saturday,

955 4048 74 33 lltli
1046 4048 88 39 inst.,
1150 4060 84 22 were
1249 4050 80 32 2903
1354 4054 71 29 tons
1443 4052 83 31 9cwt
1543 4050 80 40 coal,
1644 4051 64 34 and

952 4106 40 31 44
1008 4111 74 27 tons
1100 4107 37 31 18
1154 4111 62 28 cwt
1231 4106 90 33 coke.

996 4173 52 33 Mr
1064 4173 39 33 R.
1121 4174 31 33 J.
1169 4174 164 34 Johnston
1350 4175 59 33 has
1432 4176 82 33 been
1533 4178 175 42 appointed

955 4229 170 44 Inspector
1167 4231 32 34 of
1241 4232 105 34 works
1388 4233 49 34 for
1479 4233 56 34 the
1579 4235 131 34 Cobden

954 4286 122 44 bridge.

998 4344 119 34 Messrs
1141 4346 124 41 Meiggs
1282 4347 64 33 and
1369 4349 93 37 Sons,
1487 4349 55 33 the
1566 4354 125 31 contrac-

955 4406 66 28 tors
1044 4403 64 32 and
1131 4403 170 34 financiers
1324 4405 73 33 who
1422 4418 53 22 are
1498 4408 157 42 prepared
1677 4413 32 29 to

955 4458 178 34 undertake
1159 4460 52 32 the
1240 4462 218 33 construction
1491 4464 34 32 of
1546 4465 54 32 the
1629 4466 79 32 East

956 4514 64 32 and
1039 4514 88 33 West
1143 4515 98 34 Coast
1256 4516 159 44 Railway,
1432 4519 57 32 ask
1514 4520 33 33 in
1563 4521 145 34 addition

957 4579 30 26 to
1006 4574 52 31 the
1075 4574 76 32 land
1166 4581 122 33 grants,
1307 4588 17 19 a
1340 4579 198 38 guaranteed
1552 4588 157 33 payment

955 4627 34 34 of
1011 4629 140 36 £'97,000
1174 4629 33 33 in
1230 4641 108 23 excess
1355 4631 35 33 of
1411 4633 54 33 the
1489 4633 146 44 working
1658 4647 33 22 ex-

957 4698 115 32 penses
1089 4699 56 32 per
1160 4701 123 20 annum
1301 4690 47 32 for
1360 4696 122 38 twenty
1493 4704 103 30 years.
1641 4695 68 32 The

958 4748 140 38 <£97,003
1113 4748 27 33 is
1155 4749 39 41 2-£
1212 4760 55 31 per
1282 4756 83 27 cent,
1383 4763 41 20 on
1442 4751 54 33 the
1518 4757 65 29 cost
1602 4753 106 35 which

957 4803 27 33 is
999 4805 76 32 thus
1088 4806 169 32 estimated
1356 4808 116 32 Actual
1483 4816 67 26 cost
1566 4811 35 32 of
1614 4812 95 36 work,

959 4866 211 38 £3.025,000;
1194 4866 134 33 interest
1343 4865 119 45 during
1477 4871 233 40 construction,

959 4923 179 39 £400,000;
1162 4922 169 41 engineers
1347 4924 64 32 and
1435 4925 275 42 administration,

960 4981 180 40 £500,000;
1165 4981 64 33 and
1259 4993 155 31 expenses
1444 4984 35 32 of
1506 4985 185 36 under-writ-

924 5038 1 48 •
958 5038 66 42 ing,
1044 5040 169 37 £385,000,
1231 5039 134 43 making
1380 5040 33 33 in
1430 5042 43 32 all
1498 5044 213 42 £3,860,000;

924 5096 1 49 i
959 5096 35 33 24
1034 5108 57 29 per
1127 5102 84 27 cent,
1249 5108 42 21 on
1329 5097 108 33 which
1474 5101 108 32 would
1618 5103 95 42 equal

924 5151 1 44 !
961 5151 126 44 (within
1112 5153 96 41 £500)
1234 5152 55 34 the
1307 5154 140 39 £97,000
1465 5155 99 35 asked

924 5210 1 32 »
961 5210 135 31 Reefton
1114 5210 134 32 Herald.

1001 5267 27 32 A
1052 5267 176 41 torchlight
1251 5269 184 42 procession
1458 5283 65 22 was
1547 5272 74 34 held
1644 5287 51 30 yes-

924 5316 1 52 l
961 5324 113 44 terday
1112 5326 137 41 evening
1286 5326 34 33 in
1361 5328 194 35 celebration
1592 5332 35 33 of
1662 5334 53 32 the

961 5383 152 34 welcome
1129 5395 88 22 news
1233 5384 35 33 of
1281 5384 54 33 the
1351 5384 135 46 floating
1503 5389 34 32 of
1554 5389 54 33 the
1636 5391 81 34 East

924 5440 4 44 ■'
961 5441 64 30 and
1053 5440 90 32 West
1171 5441 97 32 Coast
1296 5442 157 42 Railway.
1499 5445 102 33 There
1632 5459 83 21 were

924 5496 1 46 >
961 5496 140 34 bonfires
1126 5496 63 34 and
1215 5509 19 21 a
1256 5497 127 45 display
1407 5501 34 32 of
1462 5500 165 37 fireworks
1651 5506 64 33 and

924 5555 2 41 »
963 5558 129 34 niottos,
1110 5555 30 30 in
1159 5555 105 31 which
1283 5556 53 32 the
1361 5568 95 23 name
1479 5560 35 31 of
1535 5562 50 31 Sir
1608 5562 107 34 Julius

964 5612 101 40 Vogel
1081 5624 91 21 came
1189 5613 33 31 in
1239 5613 47 32 for
1302 5626 18 19 a
1343 5615 58 32 full
1428 5616 95 34 share
1546 5620 35 31 of
1601 5623 113 40 praise.

924 5668 1 44 •
962 5670 26 30 A
1005 5668 86 32 band
1107 5668 35 33 of
1154 5669 104 32 music
1275 5670 141 42 paraded
1434 5673 54 32 the
1505 5680 115 30 streets
1636 5679 81 32 until

924 5718 3 47 I
962 5739 18 21 a
997 5727 63 32 late
1078 5726 91 34 hour.
1174 5727 180 34 —Reefton
1371 5729 134 36 Herald.

924 5781 3 47 J
1004 5783 49 31 An
1078 5781 171 33 Auckland
1266 5794 99 32 paper
1381 5797 74 31 says
1476 5788 72 34 that
1571 5790 53 33 the
1649 5792 68 34 first

924 5840 2 46 >
963 5840 179 40 signatures
1159 5846 32 25 to
1216 5851 59 21 one
1300 5842 35 31 of
1350 5843 51 32 the
1424 5845 151 37 petitions
1590 5857 127 29 against

924 5901 5 21 5
962 5896 166 34 barmaids
1154 5909 81 22 were
1259 5898 92 36 those
1372 5901 36 33 of
1426 5903 38 33 25
1488 5902 87 36 bank
1603 5907 113 41 clerks,

963 5952 64 32 and
1049 5952 187 35 adds—this
1260 5955 89 34 looks
1376 5957 65 33 like
1465 5958 161 37 desertion
1653 5963 63 34 and

924 6015 6 13 *
945 6002 3 52 1
963 6010 180 44 treachery.

1753 225 136 31 Curious
1913 226 112 31 stories
2042 226 95 31 reach
2158 226 151 42 Dongola
2328 228 34 31 of
2382 228 90 32 what
2489 225 2 44 j
2507 225 3 44 1

1715 280 53 33 the
1793 281 102 32 Arabs
1912 293 58 31 say
1985 282 36 33 of
2034 293 36 22 us
2440 296 34 21 so
2508 280 2 47 i

1713 349 59 21 one
1806 339 122 33 Sheikh
1960 339 109 33 writes
2101 345 31 27 to
2164 340 148 41 another,
2389 341 83 35 have
2490 339 3 63 j

1715 396 81 32 after
1819 396 42 34 all
1885 409 18 21 a
1926 396 84 44 good
2034 397 75 43 plan
2133 398 35 32 of
2184 398 151 45 fighting.
2383 400 91 41 They
2491 396 2 47 !
2509 396 1 47 i

1716 454 92 33 stand
1826 456 75 38 still,
1918 456 79 42 they
2013 456 77 33 wait
2107 456 47 32 for
2164 468 47 26 us,
2225 456 64 33 and
2302 457 78 33 then
2394 457 78 42 they
2491 466 10 35 j-

1716 511 55 33 fire
1787 522 5 21 :
1819 512 74 33 thus
1920 524 47 20 we
1999 513 66 32 lose
2091 525 18 20 a
2137 517 89 36 great
2252 524 111 33 many.
2410 515 65 31 But
2509 511 1 46 |

1716 570 95 32 when
1835 581 60 21 one
1914 570 130 39 Inglees
2069 570 26 32 is
2119 570 99 33 killed
2241 582 35 21 or
2300 571 173 38 wounded,
2493 570 2 39 !

1717 628 137 31 another
1870 628 89 32 takes
1983 628 68 32 him
2069 635 55 26 out
2144 628 34 33 of
2199 629 54 32 the
2271 640 71 31 way
2359 641 40 20 on
2426 629 50 31 his
2494 628 4 45 j

1717 684 91 36 back,
1835 684 62 33 and
1925 685 139 33 another
2083 697 76 21 man
2183 685 91 34 takes
2299 685 49 32 his
2372 685 104 44 place.

1719 743 88 30 Thus
1826 743 29 31 in
1876 743 97 32 b.ittle
1991 755 62 29 you
2079 743 40 32 do
2139 750 55 25 not
2218 755 51 20 see
2288 743 83 39 huge
2398 744 78 42 piles

1719 799 33 31 of
1764 799 80 31 dead
1864 800 104 31 mixed
1987 801 76 30 with
2081 801 159 31 wounded
2255 807 153 32 amongst
2422 802 55 30 the

1723 855 118 39 Inglesi
1865 868 34 21 as
1923 857 24 33 it
1971 858 25 31 is
2013 857 78 33 with
2113 869 52 23 us;
2190 857 62 33 and
2272 858 52 33 the
2349 858 127 38 ground

1721 925 24 19 is
1776 922 56 23 not
1863 915 183 32 obstructed
2081 917 76 31 with
2188 917 53 31 the
2271 917 91 31 dead.
2408 917 68 31 The
2497 915 2 33 i

1723 970 120 41 Inglesi
1860 971 62 33 like
1938 972 149 42 fighting,
2105 972 63 33 and
2195 973 39 32 do
2259 972 53 33 the
2337 972 139 43 lighting
2497 970 3 45 !

1722 1029 217 38 themselves;
1963 1030 144 31 whereas
2124 1030 54 31 the
2199 1030 109 31 Mudir
2331 1030 35 31 of
2392 1031 63 30 Dou-

1722 1085 70 42 gola
1809 1084 95 34 sends
1923 1085 183 34 Soudanese
2131 1094 30 25 to
2180 1086 92 41 fight,
2291 1085 63 34 and
2379 1085 97 44 keeps

1723 1143 49 31 his
1789 1154 71 20 own
1877 1154 76 20 men
1970 1144 32 30 in
2168 1145 68 30 The
2253 1150 90 36 story
2365 1145 38 31 of
2423 1145 55 30 the
2500 1142 2 46 j

1724 1200 137 39 English
1878 1199 119 41 having
2022 1213 18 19 a
2063 1200 77 43 long
2163 1201 82 42 pole,
2270 1200 106 33 which
2401 1201 79 43 they

1711 1256 1 51 j
1724 1256 96 35 climb
1852 1266 53 35 up,
1936 1256 64 33 and
2030 1257 82 34 from
2144 1258 106 33 which
2283 1259 76 44 they
2427 1269 50 22 see
2502 1256 1 51 :

1711 1311 1 46 |
1723 1327 89 29 everj
1813 1327 7 7 r
1966 1316 25 30 is
2008 1317 96 38 again
2121 1317 162 40 repeated.

1725 1423 223 34 RESIDENT
1976 1423 335 34 MAGISTRATE'S
2339 1423 167 34 COURT.

1818 1537 215 31 WkdnivSDVY
2069 1538 85 32 2in,l
2177 1538 97 40 JULY,

1769 1654 127 37 (Before
1932 1653 109 33 Frank
2078 1654 88 36 Bird,
2339 1656 99 38 U.M.)

1711 1710 1 40 '
1769 1714 34 31 C.
1824 1710 125 39 Weeks,
1967 1711 118 39 charge
2109 1712 34 31 of
2164 1711 225 34 drunkenness
2406 1724 6 25 ;
2438 1714 48 33 for

1711 1766 2 53 |
1728 1768 104 35 which
1850 1780 18 21 ;i
1887 1767 61 34 flue
1965 1769 35 32 of
2013 1768 54 33 19s
2085 1768 63 33 and
2165 1769 18 33 7
2187 1780 13 21 s
2225 1775 83 28 costs
2326 1770 35 32 of
2375 1770 109 39 Court,

1728 1839 82 21 were
1828 1829 155 31 inflicted.
2028 1828 28 30 A
2073 1827 129 31 caution
2226 1829 71 31 that
2321 1841 18 19 a
2362 1828 125 32 similar

1712 1884 2 44 i
1728 1885 122 32 offence
1867 1884 106 33 would
1991 1890 86 27 meet
2093 1885 77 32 with
2191 1884 132 34 heavier
2345 1884 121 44 punish-

1728 1945 103 36 ment,
1850 1952 65 22 was
1932 1940 66 34 also
2017 1940 173 34 bestowed.

1772 2000 31 32 J.
1842 2000 120 38 Breau,
2001 2000 118 39 charge
2156 2000 36 32 of
2219 2001 95 39 using
2350 2000 137 32 obscene

1714 2056 2 47 j
1731 2058 159 39 language
1914 2068 34 20 in
1972 2069 19 19 a
2007 2056 108 42 public
2138 2057 89 41 place
2252 2069 41 19 on
2317 2057 57 32 9th
2398 2057 90 40 July,

1714 2098 2 61 !
1731 2116 62 33 last
1849 2114 175 34 Constable
2042 2114 144 34 Bowdeu
2203 2114 130 45 applied
2355 2120 32 29 to
2408 2114 83 35 have

1734 2172 54 33 the
1811 2171 213 34 information
2041 2171 174 38 amended,
2239 2184 34 21 so
2298 2184 34 21 as
2357 2179 32 26 to
2413 2173 79 32 read
2509 2171 2 63 j

1732 2234 21 13 44
1769 2229 178 42 disorderly
1964 2229 140 33 conduct
2156 2229 129 33 instead
2304 2239 7 30 ;
2336 2234 33 28 to
2389 2229 103 33 which
2510 2228 1 48 j

1736 2286 130 40 charge,
1898 2285 179 34 defendant
2108 2283 135 46 pleaded
2282 2285 117 44 guilty,
2437 2285 58 34 but

1736 2344 123 38 alleged
1876 2344 123 40 having
2011 2342 143 33 received
2174 2349 92 36 great
2276 2345 218 41 provocation,

1717 2399 2 52 j
1738 2402 79 30 Fine
1836 2401 33 31 of
1883 2403 65 35 10s,
1966 2400 65 32 and
2048 2402 35 30 7s
2100 2407 87 25 costs
2212 2401 35 31 of
2267 2402 99 30 Court
2384 2410 7 28 ;
2415 2399 80 33 with

1718 2452 1 49 |
1738 2469 16 21 a
1772 2457 142 40 caution,
1934 2457 25 34 it
1975 2456 96 41 being
2089 2456 55 35 the
2161 2456 119 34 second
2297 2456 134 34 offence.

1718 2514 2 45 |
1780 2515 136 32 Fennell
1952 2526 30 20 v.
2023 2515 51 32 W.
2114 2516 135 31 Meates.
2264 2514 235 40 —Judgment

1719 2572 1 42 !
1738 2583 183 22 summons.
1968 2572 104 31 Order
2097 2572 94 32 made
2212 2572 50 32 for
2285 2575 159 39 payment
2467 2572 34 33 of

1719 2627 2 70 j
1738 2631 55 31 30s
1824 2640 57 33 per
1912 2628 101 39 week,
2045 2628 164 45 monthly,
2237 2640 36 22 or
2299 2628 34 34 in
2363 2629 133 40 default,

1720 2688 1 42 i
1739 2688 260 42 imprisonment.

1720 2734 3 53 I
1781 2744 130 33 Cr<jesus
1937 2744 171 43 Company
2133 2755 30 21 v.
2187 2744 32 33 J.
2245 2744 38 33 B.
2307 2744 190 43 Thompson

1721 2802 2 49 j
1742 2802 193 43 (Duuedinl.
1938 2803 241 37 —Defendant,
2201 2803 129 41 against
2346 2803 111 33 whom
2481 2813 18 22 a

1721 2855 2 47 |
1735 2859 176 43 judgment
1928 2859 49 33 for
1993 2859 123 33 certain
2133 2859 79 33 calls
2229 2859 63 33 had
2306 2859 80 33 been
2401 2859 98 43 given

1740 2925 33 25 at
1804 2930 18 19 a
1849 2918 151 43 previous
2031 2918 109 39 Court,
2170 2918 129 43 applied
2325 2918 48 32 for
2403 2929 19 21 a
2451 2929 31 21 re-

1742 2975 136 38 hearing
1893 2986 7 28 ;
1930 2976 56 32 but
2012 2988 35 20 as
2075 2975 51 33 his
2158 2979 108 38 agent,
2293 2975 52 33 Mr
2371 2975 127 43 M'Coy,

1741 3042 65 21 was
1829 3031 125 39 absent,
1982 3042 40 22 an
2055 3031 234 43 adjournment
2314 3042 67 22 was
2403 3031 96 33 made

1716 3083 11 37 J
1742 3088 83 32 until
1841 3095 78 26 next
1935 3089 101 31 Court
2052 3089 74 40 day,
2147 3089 55 32 sth
2227 3089 140 39 August,
2386 3100 114 31 proper

1742 3144 123 32 notices
1882 3155 34 21 as
1933 3150 33 26 to
1985 3144 53 33 the
2055 3143 188 44 re-hearing
2265 3151 32 27 to
2321 3144 38 33 be
2384 3144 115 43 lodged

1742 3202 33 31 in
1794 3201 52 32 the
1863 3201 82 32 form
1965 3201 194 42 prescribed.

1711 3299 1 33 1
1784 3299 368 33 WARDEN'S
2208 3299 251 33 COURT.

1784 3415 37 32 A.
1852 3415 154 33 Accolino
2040 3426 28 21 v.
2099 3414 122 34 United
2252 3415 116 33 Aloine
2401 3416 99 32 Co.—

1743 3473 105 32 Claim
1872 3473 49 31 for
1945 3474 86 31 <£l93
2055 3475 36 30 Os
2114 3473 41 33 8d
2172 3475 48 31 for
2243 3473 125 42 alleged
2391 3480 108 26 extras

1711 3530 1 45 !
1742 3532 52 31 &c.
1820 3530 33 32 in
1877 3530 193 33 connection
2088 3531 79 33 with
2188 3543 18 20 a
2223 3531 123 33 certain
2371 3530 128 45 mining

1744 3593 153 26 contract.
1933 3588 149 31 Plaintiff
2088 3588 130 41 applied
2231 3590 47 31 for
2292 3600 41 21 an
2346 3589 131 40 adjourn-

1711 3645 1 44 -1
1743 3650 91 28 ment
1857 3651 32 25 to
1912 3649 78 29 next
2014 3645 99 33 Court
2130 3645 74 44 day,
2222 3657 35 22 as
2280 3645 51 34 his
2354 3646 144 39 counsel,

1711 3701 1 45 1
1746 3702 51 32 Mr
1815 3701 176 40 Ilaselden,
2008 3713 67 22 was
2089 3702 146 44 engaged
2250 3703 35 32 in
2298 3703 54 34 the
2366 3703 134 33 District

1742 3763 109 34 Court,
1878 3767 33 26 at
1940 3761 176 42 Westport.
2160 3762 190 42 Adjourned
2380 3769 32 26 to
2443 3763 57 32 sth

1742 3818 137 43 August.

1783 3875 67 31 The
1876 3875 94 32 other
1991 3875 148 33 business
2161 3876 163 32 consisted
2349 3877 37 32 of
2409 3888 90 21 some

1741 3930 214 45 applications
1984 3932 107 34 which
2123 3944 83 23 were
2238 3933 35 34 of
2307 3944 42 23 no
2386 3933 109 45 public

1742 3990 144 33 interest.

1746 4097 257 48 LATEST
2070 4097 428 52 TELEGRAMS.

2053 4231 242 43 Wellington,
2314 4233 78 45 July
2408 4236 50 33 20.

1785 4289 32 32 It
1832 4289 26 32 is
1874 4288 196 34 understood
2089 4290 70 33 that
2176 4291 224 34 Government
2417 4292 83 35 have

1743 4346 145 33 received
1910 4358 19 21 a
1950 4345 164 34 favorable
2131 4346 88 33 cable
2242 4347 84 33 from
2344 4348 54 34 the
2417 4349 67 34 dele-

1742 4408 90 37 gates
1859 4408 72 28 sent
1957 4403 97 33 home
2077 4404 34 32 in
2133 4404 116 43 regard
2277 4411 32 27 to
2335 4405 55 35 the
2418 4407 83 34 East

1743 4460 65 32 and
1858 4459 90 33 West
2006 4460 96 33 Coast
2155 4461 149 43 Railway
2364 4464 136 42 (Middle

1745 4516 136 42 Island).

2149 4575 145 40 Timaru,
2312 4577 79 42 July
2410 4579 47 32 19.

1786 4629 31 33 It
1833 4640 65 22 was
1914 4629 164 44 currently
2094 4631 150 43 reported
2260 4631 33 33 in
2316 4638 87 27 town
2426 4644 54 32 yes-

1745 4687 113 43 terday
1888 4687 168 33 afternoon
2087 4688 71 33 that
2189 4700 18 21 a
2234 4690 96 42 patch
2361 4691 35 33 of
2424 4702 80 32 very

1745 4746 178 45 promising
1952 4746 132 35 alluvial
2115 4748 73 43 gold
2220 4749 76 35 land
2331 4749 58 36 has
2422 4749 81 36 been

1745 4805 110 31 struck
1878 4810 32 26 at
1934 4804 151 41 Kakahu,
2108 4817 18 21 a
2149 4807 60 31 few
2233 4808 93 32 miles
2351 4808 98 32 north
2474 4809 33 31 of

1746 4864 144 33 Timaru.

1989 4966 276 35 LATEST

1789 5025 290 47 CABLE
2176 5028 284 48 NEWS.

2150 5165 150 42 London,
2317 5166 79 45 July
2416 5169 47 32 18.

1789 5223 30 31 It
1835 5222 27 32 is
1879 5223 193 32 announced
2085 5224 72 33 that
2169 5225 53 33 the
2238 5226 123 32 British
2375 5227 129 42 Afghan

1747 5279 179 43 Boundary
1953 5280 258 35 Commissioner
2238 5283 59 34 has
2326 5285 180 43 encamped

1746 5341 34 29 at
1802 5348 18 22 a
1843 5336 145 35 distance
2015 5342 31 29 ot
2076 5339 38 33 17
2140 5339 93 35 miles
2263 5341 190 35 northward
2476 5343 35 33 of

1750 5395 113 33 Herat.

2319 5456 77 40 July
2415 5459 50 31 20.

1789 5510 67 33 The
1898 5509 162 34 Standard
2105 5510 65 35 this
2180 5512 152 41 morning
2342 5525 165 32 expresses

1749 5567 53 33 the
1819 5566 98 33 belief
1930 5565 71 35 that
2019 5566 118 34 Russia
2160 5568 26 33 is
2203 5573 33 29 to
2259 5569 122 35 receive
2401 5571 84 34 Meru-

1749 5625 101 32 cliack
1868 5626 31 30 in
1917 5630 112 27 return
2046 5626 47 32 for
2109 5626 113 42 giving
2244 5639 43 30 up
2311 5628 58 32 her
2392 5630 114 33 claims

1711 5679 5 32 1
1749 5686 32 28 to
1798 5680 144 33 Zulfikur
1956 5680 87 34 Pass.

2319 5741 81 44 July
2415 5745 49 32 21.

1791 5794 38 32 In
1864 5793 54 33 the
1949 5794 113 33 House
2097 5794 35 34 of
2153 5795 180 35 Commons
2363 5799 144 43 to-night

1711 5858 7 25 t
1750 5852 85 31 Lord
1860 5851 174 43 Randolph
2058 5852 180 39 Churchill,
2262 5853 172 45 Secretary
2455 5856 49 33 for

1711 5907 4 43 ,
1750 5907 106 39 India,
1874 5919 80 31 gave
1971 5920 41 21 an
2031 5908 117 33 official
2168 5908 106 34 denial
2290 5913 32 30 to
2340 5910 53 34 the
2410 5916 79 30 state-

1711 5963 5 33 -1
1749 5968 92 29 ment
1857 5964 144 42 recently
2017 5964 97 33 made
2140 5966 41 41 by
2203 5965 54 33 the
2313 5966 162 35 Standard

1749 6035 188 32 newspaper
1960 6030 31 27 to
2020 6023 54 34 the
2104 6023 92 35 effect
2227 6024 71 35 that
2328 6025 178 38 Meruchak

2507 228 64 32 had
2588 228 79 32 been
2685 229 98 32 ceded
2802 236 31 26 to
2853 231 115 34 Russia
2984 233 32 32 in
3033 235 165 41 exchange
3215 235 48 32 for

2509 284 142 33 Zulfikar
2666 286 89 33 Pass.

2549 353 52 34 All
2624 354 54 33 the
2703 355 137 42 Powers,
2857 356 82 34 with
2961 357 54 35 the
3038 361 170 43 exception
3231 366 37 28 of

2510 411 127 41 Russia,
2676 419 108 27 assent
2816 420 32 28 to
2879 415 152 43 England
3061 418 125 43 issuing
3223 429 43 22 an

2510 470 166 42 Egyptian
2708 472 83 32 loan.
2837 473 77 32 This
2947 475 25 30 is
2996 475 154 40 regarded
3187 488 34 20 as
3254 488 17 20 a

2511 527 144 42 triumph
2673 528 47 33 for
2737 529 51 33 the
2808 529 145 44 Marquis
2966 532 34 32 of
3014 533 176 43 Salisbury.

2553 584 67 32 The
2658 585 104 42 Agent
2773 608 7 3 -
2793 588 139 33 General
2977 589 35 32 of
3047 590 79 33 New
3165 590 103 33 South

2514 641 116 38 Wales,
2650 644 49 31 Sir
2718 646 76 31 Saul
2817 646 143 38 Samuel,
2984 658 187 23 announces
3198 649 71 32 that

2513 698 50 33 his
2589 701 221 34 Government
2829 703 56 33 has
2910 704 131 34 decided
3059 712 31 26 to
3114 706 149 34 abandon

2514 756 52 32 the
2586 758 161 41 projected
2771 759 73 33 loan
2864 761 45 33 for
2927 762 52 32 the
3003 769 139 36 present,
3162 764 107 41 owing

2516 821 30 22 to
2575 815 52 31 the
2652 820 205 40 uncertainty
2883 830 33 20 as
2941 825 30 26 to
3000 820 146 32 whether
3174 832 95 30 peace

2516 871 103 32 would
2638 871 35 34 be
2691 874 212 34 maintained.

2763 931 52 31 St.
2836 932 231 37 Petersburg,
3085 935 78 39 July
3182 936 46 30 18.

2558 984 66 34 Hie
2676 986 136 34 Journal
2830 988 37 32 de
2887 990 44 33 St.
3186 992 30 31 in
3230 1002 41 21 an

2517 1041 110 33 article
2652 1043 112 43 to-day
2787 1056 40 21 on
2852 1046 53 31 the
2934 1056 205 23 movements
3163 1049 35 31 of
3219 1049 53 31 the

2521 1098 155 35 Russians
2693 1100 34 33 in
2744 1101 53 34 the
2816 1103 135 44 vicinity
2971 1104 34 33 of
3026 1105 139 33 Zulficar
3182 1105 90 38 Pass,

2518 1163 98 25 states
2647 1157 70 33 that
2744 1159 78 41 they
2848 1171 52 21 are
2928 1161 35 32 of
2982 1173 42 21 an
3047 1163 228 41 unimportant

2519 1213 175 41 character,
2718 1216 66 33 and
2806 1217 78 33 adds
2908 1219 71 32 that
3005 1220 115 32 Russia
3144 1220 65 32 will
3233 1221 40 31 do

2505 1270 1 52 !
2519 1270 137 42 nothing
2674 1271 96 46 likely
2787 1278 31 30 to
2836 1276 217 44 compromise
3071 1276 53 35 the
3146 1283 130 39 present

2505 1328 1 46 |
2519 1330 216 36 negotiations
2752 1334 47 29 lor
2815 1333 54 30 the
2883 1335 146 39 peaceful
3043 1336 186 30 settlement
3243 1336 35 30 of

2505 1380 1 52 I
2519 1384 55 35 the
2592 1387 134 33 frontier
2742 1390 158 42 question.

3086 1449 79 46 July
3185 1451 50 32 *2O.

2562 1503 69 32 The
2663 1504 141 33 Russian
2835 1507 93 32 Press
2965 1509 165 42 generally
3161 1510 116 39 regard

2523 1558 53 33 the
2597 1559 139 35 Russinn
2752 1566 204 31 moYements
2974 1576 33 21 as
3025 1564 61 34 due
3105 1570 30 29 to
3151 1566 80 34 fears
3246 1565 34 34 of

2523 1629 40 19 ail
2580 1618 130 40 Afghan
2727 1620 107 32 attack
2850 1632 42 21 on
2909 1622 54 32 the
2981 1627 71 38 post
3076 1623 37 32 of
3133 1624 141 33 General

2524 1673 178 38 Komaroff,
2720 1676 83 39 who,
2818 1678 24 31 it
2858 1677 27 33 is
2902 1678 116 41 stated,
3036 1691 25 21 is
3078 1681 200 43 completing

2525 1735 223 38 preparations
2771 1736 47 31 for
2844 1737 169 40 assuming
3036 1739 53 31 the
3113 1740 162 31 defensive

2525 1787 138 37 without
2680 1791 180 45 occupying
2883 1792 54 36 the
2961 1792 110 37 defiles
3094 1795 160 35 command-

2526 1846 56 41 ing
2599 1848 53 31 the
2671 1849 143 32 Zulfikar
2830 1851 88 32 Pass.

852 86 138 44 THE
1056 83 221 46 LYELL
1342 82 222 54 TIMES,
1633 85 367 48 SATURDAY,
2070 87 162 54 JULY
2298 102 66 46 25,
2441 91 124 58 1885.

301 224 179 37 FRIDAY,
505 224 70 31 31st
600 222 126 33 JUf.Y.

302 348 93 34 Til!'
420 348 300 34 CELEBRATED

180 414 253 71 Faust
514 410 335 91 Family.

183 584 271 34 FAREWELL
491 584 214 33 PERFORM
722 583 104 34 vNCE
864 589 32 27 at

143 649 95 36 Lyell
256 660 40 22 on
315 649 54 32 tlic
386 647 99 34 above
503 648 82 32 date.

185 774 27 32 A
242 773 174 34 VARIED
442 785 207 31 programme
687 771 209 40 introducing

144 835 54 34 the
217 835 56 33 full
294 835 145 44 strength
457 836 34 32 of
501 834 63 34 this
576 834 104 34 clever
696 835 180 42 Company.

311 960 146 56 Prices,
485 960 44 44 3s
557 958 80 46 and
664 957 57 46 2s.

187 1096 103 33 Doors
315 1108 82 30 open
423 1100 32 29 at
484 1096 81 33 7.30.
612 1094 227 33 Performance
869 1098 32 27 to

146 1169 189 24 commence
351 1164 33 28 at
399 1160 29 31 8.

412 1232 181 32 ALFRED
619 1229 157 38 SHORT,

743 1295 66 38 Age

2568 1953 27 34 A
2611 1954 122 35 certain
2756 1954 68 36 rich
2842 1968 76 22 man
2937 1969 74 34 says
3027 1959 34 34 of
3073 1959 50 35 his
3144 1960 136 36 wealth:

2527 2012 120 32 —This
2670 2014 27 31 is
2723 2014 89 34 what
2834 2015 16 32 I
2874 2015 80 34 have
2979 2017 87 33 often
3090 2019 111 43 sighed
3224 2020 59 40 for,

2528 2080 82 20 even
2635 2070 86 31 cried
2748 2071 60 39 for,
2836 2076 188 30 sometimes
3047 2076 64 31 lied
3134 2079 59 37 for,
3219 2079 64 31 and

2528 2125 113 44 nearly
2657 2126 72 34 died
2745 2127 67 41 for;
2836 2129 89 34 what
2936 2130 116 34 should
3069 2132 16 32 I
3102 2132 42 34 let
3160 2134 24 32 it
3201 2134 79 34 slide

2510 2174 3 60 j
2528 2182 76 33 for'?

2511 2236 2 66 |
2572 2240 169 42 Highland
2765 2247 148 37 sergeant
2935 2244 26 32 is
2984 2244 132 45 drilling
3137 2249 144 32 recruits.

2511 2295 3 65 |
2535 2295 168 44 Highland
2754 2305 168 37 sergeant:
3149 2305 138 35 march!

2512 2345 2 61 I
2533 2354 79 32 Halt
2629 2356 113 33 Tonal'
2761 2357 7 32 !
2792 2359 90 40 ye've
2902 2358 106 41 begun
3032 2372 41 21 on
3097 2361 54 33 the
3174 2373 111 33 wrang

2513 2395 2 76 j
2531 2411 37 30 fit
2586 2413 105 38 again.
2737 2413 74 33 Hoo
2835 2415 87 31 often
2946 2416 59 32 has
3035 2417 57 32 she
3116 2424 32 26 to
3172 2420 54 31 tell
3249 2432 39 29 yo

2532 2466 73 34 that
2620 2467 33 33 in
2671 2469 193 45 mairching,
2881 2471 55 34 the
2960 2472 56 34 left
3038 2473 64 34 fit's
3125 2474 55 35 the
3203 2476 84 33 richfc

2533 2524 46 36 fit,
2598 2536 40 21 an
2666 2529 71 30 that
2753 2527 55 32 the
2825 2529 85 34 richt
2925 2530 65 32 fit's
3007 2531 55 32 the
3079 2543 110 32 wrang
3204 2533 37 33 fit
3257 2538 32 28 to

2534 2570 95 42 begin
2645 2571 90 40 with,

2563 2657 248 47 [Continuation
2828 2664 35 32 of
2876 2664 107 41 News,
3008 2678 51 20 see
3079 2667 56 33 4th
3153 2667 109 45 Page.]

2556 2765 275 38 INANGAHUA
2854 2769 179 37 COUNTY
3060 2773 208 35 COUNCIL.

2533 2879 72 73 A
2608 2879 56 35 LL
2678 2881 153 44 RATES,
2847 2884 34 34 in
2894 2885 55 34 the
2963 2885 176 47 Hampden
3156 2888 131 45 Riding,

2658 2947 184 44 remaining
2871 2949 124 44 unpaid
3021 2963 41 21 011
3092 2952 74 34 loth
3198 2954 88 44 Sept.

2533 3011 87 35 next,
2637 3009 68 31 will
2720 3009 38 32 be
2775 3011 172 42 positively
2963 3013 79 32 sued
3064 3014 59 39 for,
3146 3015 139 33 without

2533 3069 124 35 further
2673 3076 116 30 notice.

2575 3182 106 34 Those
2696 3185 34 32 in
2746 3196 118 28 arrear,
2881 3198 54 21 are
2951 3189 170 42 requested
3137 3193 31 29 to
3186 3191 103 32 either

2535 3257 74 31 pay,
2627 3258 35 21 or
2678 3247 97 34 remit
2791 3248 83 33 their
2887 3251 176 42 respective
3077 3259 163 34 amounts,
3254 3259 33 29 to

2537 3309 54 31 the
2617 3309 133 34 Council
2780 3311 190 42 Chambers,
3001 3313 151 42 Reefton,
3184 3316 106 35 before

2536 3371 72 34 that
2626 3372 84 35 date.

2900 3437 32 34 J.
2958 3438 39 33 G.
3022 3439 188 42 HESLOP,

2982 3502 83 33 Rate
3082 3504 170 35 Collector.

2578 3560 149 41 Reefton,
2746 3564 71 32 21st
2833 3563 90 43 July,
2941 3566 90 32 1885.

2557 3661 19 15 44
2592 3659 92 33 THE
2709 3660 299 37 IMPOUNDING
3038 3665 93 39 ACT,

2540 3774 127 69 IJIHE
2685 3775 184 42 provisions
2892 3778 35 32 of
3067 3781 225 46 Impounding

2643 3838 72 40 Act,
2741 3840 113 41 1884,'
2892 3841 35 34 in
2956 3843 115 43 regard
3098 3847 33 32 to
3153 3850 140 41 trespass

2535 3899 65 33 and
2632 3900 165 44 damages,
2828 3903 66 34 will
2923 3904 38 34 be
2992 3906 151 34 enforced
3167 3920 42 21 on
3236 3920 58 33 my

2536 3963 77 33 land
2629 3964 83 34 after
2733 3965 65 34 this
2817 3965 84 35 date.
2946 3968 207 45 Description
3225 3973 67 34 The

2537 4028 37 31 25
2598 4038 72 22 acre
2692 4028 175 44 paddocks,
2897 4029 120 37 known
3040 4044 35 22 as
3099 4035 192 44 "Hooper's

2764 4093 43 34 all
2822 4093 124 35 fenced.
2991 4097 165 43 Damages
3170 4100 65 34 will
3251 4100 39 35 be

2537 4155 150 34 claimed.
2734 4156 121 34 Fences
2871 4157 131 41 broken,
3019 4160 66 34 will
3099 4161 36 34 be
3152 4163 78 33 sued
3240 4170 48 27 lor

2537 4218 139 34 without
2692 4219 125 34 further
2832 4221 118 34 notice.

2580 4334 57 43 My
2653 4334 196 44 neighbours
2864 4337 68 33 will
2951 4337 107 44 please
3074 4339 74 34 take
3171 4352 19 24 a
3212 4346 76 31 note

2537 4399 32 30 ot
2586 4397 76 34 this.

2807 4463 208 34 CHARLES
3038 4466 213 37 BENNITT.

2580 4523 122 41 Matin,
2719 4525 69 32 21st
2805 4525 92 44 July,
2913 4527 90 33 1885.

2593 4624 92 30 THE
2714 4624 296 35 IMPOUNDING
3033 4628 93 39 ACT,

2542 4739 127 71 IJIHE
2694 4740 180 46 provisions
2898 4742 36 35 of
2960 4743 54 36 the

2645 4804 71 39 Act,
2892 4807 34 32 in
2955 4809 115 41 regard
3097 4814 31 28 to
3153 4815 141 41 trespass

2539 4864 66 35 and
2635 4866 165 45 damages,
2831 4869 67 34 will
2922 4870 38 34 be
2987 4871 150 36 enforced
3166 4886 42 22 on
3239 4888 56 32 my

2542 4929 77 33 land
2656 4929 80 34 after
2772 4931 66 34 this
2875 4932 85 35 date.
3005 4934 217 46 Description,
3260 4950 35 23 as

2539 4992 124 34 follows
2681 4994 163 35 :—Matiri
2857 4996 104 35 Block
2977 4998 118 42 Farm;
3113 5002 18 31 2
3142 5002 152 40 sections.

2540 5058 101 33 Block
2667 5059 108 40 XIII;
2800 5061 35 32 of
2855 5063 59 32 102
2929 5073 99 23 acres.
3075 5065 130 34 Section
3223 5069 70 41 115,

2540 5120 100 33 Block
2657 5122 108 39 XIII;
2791 5124 33 31 of
2837 5125 39 31 41
2900 5136 100 28 acres,
3024 5126 111 34 Matiri
3158 5129 136 36 district.

2542 5182 130 35 Section
2696 5184 69 39 127,
2796 5185 103 34 Block
2927 5186 112 44 XIII;
3064 5189 35 34 of
3125 5192 39 34 33
3194 5204 100 31 acres,

2542 5245 111 36 Matiri
2680 5246 146 36 District.
2873 5249 130 36 Section
3034 5254 50 40 59,
3111 5254 101 37 Block
3235 5257 57 43 II;

2539 5311 36 32 of
2587 5313 39 30 3G
2643 5323 99 28 acres,
2760 5313 118 33 Tutaki
2895 5315 155 42 District;
3074 5320 65 32 and
3154 5321 25 32 it
3195 5322 26 33 is
3238 5334 57 33 my

2541 5374 158 34 intention
2718 5379 31 30 to
2766 5376 96 35 claim
2874 5377 154 47 damages
3050 5381 49 35 for
3115 5383 55 35 the
3193 5397 102 33 same,

2541 5438 147 33 whether
2704 5439 124 41 fenced,
2845 5452 36 21 or
2895 5445 210 35 unenclosed.

2807 5503 184 40 THOMAS
3015 5508 240 40 O'ROURKE.

2584 5562 120 40 Matiri,
2722 5567 71 32 21st
2808 5566 90 46 July,
2916 5571 90 34 1885.

2582 5661 198 36 TOWLE'S
2798 5666 303 39 PENNYROYAL
3114 5675 23 31 &
3152 5676 147 37 STEEL

2542 5706 127 37 PILLS
2688 5710 18 33 I
2717 5710 56 35 OR
2791 5712 212 40 FEMALES
3022 5720 133 46 quickly
3177 5733 122 29 correct

2541 5754 43 32 all
2600 5755 240 45 irregularities,
2857 5763 66 32 and
2939 5764 117 34 relieve
3080 5768 54 32 the
3151 5770 128 34 distress-

2540 5799 57 44 ing
2611 5807 185 40 symptoms
2812 5816 35 24 so
2862 5809 169 42 prevalent
3049 5813 79 34 with
3153 5814 55 36 the
3231 5829 65 24 sex.

2540 5846 106 35 Boxes
2663 5851 34 31 Is
2714 5851 61 33 Hd
2791 5853 64 33 and
2872 5856 34 31 2s
2922 5856 64 40 9d.,
3010 5858 36 33 of
3064 5860 43 33 all
3123 5861 163 37 Chemists

2542 5892 160 45 Prepared
2718 5896 78 44 only
2813 5898 42 45 by
2878 5900 40 33 E.
2937 5902 35 33 T.
2993 5902 120 44 Towle,
3137 5908 161 38 Chemistl

2542 5939 230 44 Nottingham,
2796 5946 165 39 England.
3008 5951 183 37 Wholesale
3208 5958 35 30 of
3255 5959 42 31 all

2540 5984 55 34 the
2620 5985 184 40 Wholesale
2829 5991 140 38 Houses.
3014 5996 134 39 Beware
3172 6001 35 35 of
3230 6002 44 37 Im-

2540 6031 143 38 itations.
