3402 6147
143 171 186 33 RETURN
362 175 54 30 OF
447 175 93 32 THE
574 177 94 31 NEW
710 180 147 32 SOUTH

264 228 157 37 WALES
444 231 304 39 CONTINGENT.

167 343 99 31 From
281 344 54 32 the
386 346 105 40 Argus
543 348 157 39 telegram
712 349 172 43 recording
898 343 2 49 i

127 398 54 33 the
209 399 162 35 receution
395 402 35 32 of
452 402 53 34 the
537 404 78 33 New
641 407 101 33 South
776 387 125 53 Wales'

126 464 76 23 men
233 467 40 20 on
301 457 86 33 their
411 465 121 32 return,
559 472 47 22 we
639 464 160 32 condense
828 464 54 32 the

127 511 228 46 following:—

172 583 141 38 Sydney,
332 584 86 32 June
435 588 37 29 '28
479 588 80 30 —At
579 590 36 29 10
636 590 132 36 oYlo.'k,
787 601 95 23 every
913 583 1 43 .

129 650 90 29 man,
245 652 128 23 woman
397 644 64 31 and
486 644 87 33 child
603 647 73 32 wlio
702 649 126 31 wanted
855 659 29 22 10

129 707 53 23 see
201 697 52 34 the
276 699 114 33 march
408 711 66 23 was
491 702 31 32 in
547 704 151 40 position,
724 705 103 33 either
851 705 31 33 in

131 753 55 34 the
203 755 155 34 windows
374 758 35 32 of
423 758 52 33 the
495 760 162 40 buildings
674 774 39 20 en
731 775 33 20 ro
781 771 50 25 ite.
851 765 30 30 in

131 812 57 33 the
216 818 125 34 streets,
365 826 35 20 or
423 822 33 26 at
483 816 145 34 Circular
653 821 24 38 Q
694 831 62 28 lay.
804 822 30 31 It
861 823 25 30 is

133 868 117 45 hardly
265 871 139 44 poss.hle
422 879 31 27 to
468 873 70 42 give
556 888 40 20 an
614 879 150 32 estimate
781 880 35 31 of
830 880 54 31 the

133 927 166 40 numbers,
317 928 56 32 but
389 929 22 32 it
435 931 24 32 it
475 942 81 23 were
580 932 68 33 said
667 934 71 33 that
755 937 133 35 15:),010

134 996 68 22 saw
226 985 54 34 the
308 986 266 42 demonstration,
599 992 54 31 the
684 995 182 40 approxima-

133 1040 72 34 tion
232 1043 106 32 would
362 1049 57 28 not
442 1044 36 34 be
507 1058 39 20 an
577 1052 211 37 extravagant
815 1063 72 28 on<,

136 1099 66 32 and
225 1111 87 32 upon
338 1101 89 32 them
454 1103 55 36 all,
534 1115 35 21 or
597 1106 110 32 rather
734 1117 86 29 upon
846 1108 42 32 ad
904 1095 2 51 !

134 1155 75 35 who
225 1169 83 21 were
325 1165 56 25 not
399 1159 170 40 sheltered,
584 1162 54 32 fell
656 1163 52 32 the
723 1165 80 32 rain.

178 1235 32 32 It
225 1246 66 21 was
308 1235 99 34 about
423 1239 17 30 7
464 1239 123 32 o'clock
609 1240 71 32 that
705 1242 54 31 the
783 1247 104 38 troop-
905 1235 1 51 ;

133 1289 74 44 ship
246 1291 88 33 Arab
372 1294 144 32 steamed
561 1296 140 32 towards
744 1298 145 33 Circular

132 1346 96 44 Quay
244 1348 82 32 from
347 1348 52 33 the
413 1350 201 40 Quarantine
632 1353 131 39 station,
778 1359 63 28 and
854 1367 34 21 as
905 1346 2 46 i

131 1403 61 33 she
216 1405 115 42 passed
355 1406 54 33 the
432 1408 157 43 warships
620 1411 30 30 in
681 1411 96 33 Farm
803 1413 85 33 Co\e

132 1459 58 33 the
214 1461 112 32 cheers
352 1463 32 30 of
411 1462 76 32 both
516 1466 112 30 sailors
657 1467 64 31 and
756 1468 133 33 !-oldiers

132 1515 91 33 filled
239 1515 53 34 the
310 1517 47 33 air
374 1518 78 34 with
467 1519 77 33 such
559 1520 150 43 gladness
724 1523 71 34 that
808 1536 79 22 even

133 1573 56 32 the
206 1574 70 32 rain
292 1576 161 40 appeared
470 1581 32 27 to
520 1577 36 32 be
580 1579 153 32 checked.
780 1581 108 43 Every
902 1567 2 57 1

131 1628 83 34 little
232 1634 141 29 steamer
388 1632 72 32 that
476 1639 86 27 went
580 1634 41 42 by
641 1636 78 32 blew
736 1637 40 32 its
794 1639 94 32 shrill

133 1686 154 34 welcome
305 1688 121 33 toward
443 1689 55 34 the
514 1690 86 41 large
617 1693 97 33 white
733 1696 101 32 vessel
855 1708 34 21 as

132 1742 60 35 she
208 1743 97 45 lazily
322 1755 90 23 came
430 1757 75 23 over
521 1752 32 29 to
571 1749 52 33 the
641 1760 94 35 quay,
754 1757 62 28 and
836 1752 54 35 the

135 1802 107 33 Naval
258 1803 139 42 Brigade
415 1816 42 21 on
481 1806 78 33 Fort
583 1807 185 43 Macquarie
793 1810 97 33 broke

135 1858 57 33 the
208 1858 111 40 ranks,
341 1860 158 34 ascended
515 1861 54 35 the
592 1865 210 42 earthworks,
827 1866 64 34 and

134 1919 75 31 sent
235 1915 85 36 their
346 1918 140 35 hurrahs
517 1933 106 22 across
654 1922 54 35 the
738 1930 99 28 water
859 1934 32 25 to

134 1973 88 34 their
251 1976 169 32 comrades
450 1977 83 32 from
564 1980 78 31 afar.
687 1980 93 43 They
809 1993 82 22 were

138 2030 122 45 replied
289 2036 33 30 to
349 2032 43 43 by
425 2034 54 33 the
509 2041 187 39 contingent
728 2038 78 34 with
838 2041 53 33 the

138 2089 93 43 vigor
247 2089 65 32 and
327 2089 180 35 heartiness
531 2098 31 28 to
578 2093 38 33 he
632 2096 153 42 expected
809 2096 83 34 from

136 2155 80 23 men
231 2146 74 33 who
321 2147 84 33 have
421 2159 91 22 come
536 2151 115 32 within
667 2164 19 20 a
708 2152 59 33 few
783 2154 63 33 feet
860 2155 36 32 of

138 2202 57 35 the
219 2208 66 40 city
307 2203 82 36 after
418 2204 203 37 vicissitudes
642 2210 37 33 of
698 2222 19 22 a
745 2211 146 45 military
907 2202 1 54 j

139 2260 196 44 expedition,
352 2263 64 32 and
432 2264 93 33 when
544 2266 84 33 their
639 2266 87 34 band
744 2268 117 44 played
907 2259 2 58 j

340 2328 115 43 Home,
473 2342 111 24 sweet

291 2411 48 23 we
369 2413 53 22 are
607 2408 170 41 repeating
803 2397 106 52 them;

136 2457 99 41 again
253 2458 64 30 and
333 2459 107 41 again,
458 2460 54 31 the
530 2472 76 21 men
623 2463 151 45 cheering
789 2465 34 33 in
841 2468 54 32 the

136 2513 171 43 intervals,
333 2516 64 34 and
425 2519 186 34 sometimes
641 2520 157 48 breaking
827 2526 69 34 into
908 2513 2 59 j

138 2573 187 42 spasmodic
355 2576 172 43 rejoicings
555 2581 33 29 ol
621 2590 42 21 no
701 2580 195 37 describuble

138 2629 179 40 character,
335 2630 77 45 they
429 2643 83 24 were
526 2634 189 45 amazingly
730 2611 182 71 hilarious,'

142 2687 66 34 and
224 2688 55 33 the
296 2688 95 35 shore
407 2702 77 21 men
503 2703 82 22 were
603 2695 130 43 equally
757 2687 156 51 ecstatic,!

140 2744 296 45 notwithstanding
461 2749 55 32 the
546 2750 80 32 rain.
682 2752 69 33 The
781 2756 114 41 people
912 2744 1 53 f

143 2811 92 33 away
251 2801 34 33 in
301 2801 55 34 the
374 2802 157 35 direction
544 2805 38 34 of
602 2806 185 46 Macquarie
807 2811 91 36 Place
911 2801 3 51 !

143 2870 83 22 were
261 2860 137 33 covered
427 2862 78 33 with
533 2863 186 42 umbrellas,
750 2869 64 31 aud
845 2881 52 33 ap-
911 2854 2 61 j

141 2916 121 45 peared
278 2917 63 35 like
366 2930 17 22 a
406 2921 124 33 mound
554 2921 34 35 of
601 2924 209 36 mushrooms
828 2917 86 46 that!

141 2973 68 35 had
236 2986 111 32 grown
375 2977 117 45 during
515 2990 42 23 an
580 2981 127 44 eclipse,
731 2985 64 33 and
817 2998 83 24 were

142 3031 97 33 black
255 3037 33 28 at
304 3034 54 32 the
374 3036 111 41 period
501 3037 35 33 of
547 3038 62 33 last
622 3046 139 28 contact.
808 3044 92 46 They

143 3100 86 22 were
256 3100 41 23 no
321 3091 100 33 doubt
443 3104 79 31 very
543 3095 172 35 miserable
730 3109 6 27 ;
762 3099 55 33 but
846 3091 68 53 thej

145 3149 151 40 prospect
317 3147 35 33 of
371 3149 110 43 seeing
503 3150 54 34 the
575 3154 191 43 contingent
782 3160 118 32 atoned
913 3147 1 50 I

144 3201 37 33 in
206 3209 90 34 great
324 3215 148 23 measure
498 3207 50 32 for
573 3208 55 33 the
656 3210 90 34 slush
772 3223 42 23 on
844 3215 56 34 the
913 3194 1 67 j

146 3260 126 44 ground
286 3262 62 34 and
362 3262 54 35 the
429 3263 70 35 rain
512 3265 83 35 from
610 3268 54 34 the
675 3270 124 35 clouds.
833 3274 67 33 The
913 3260 1 56 j

146 3326 79 23 men
247 3328 42 21 on
313 3319 98 32 board
434 3320 55 33 the
507 3322 86 33 Arab
614 3326 145 33 crowded
781 3339 40 22 on
847 3329 54 34 the

146 3373 168 34 starboard
331 3375 66 34 side
421 3380 32 30 to
472 3379 92 32 catch
585 3380 54 34 the
656 3382 70 34 first
741 3387 107 32 words
871 3391 30 29 ol

145 3430 156 33 welcome
317 3432 83 33 from
416 3434 55 33 the
496 3446 97 33 quay,
613 3439 65 32 and
700 3441 92 33 when
815 3430 99 49 faces!

143 3487 98 34 •could
264 3487 38 36 be
328 3488 238 46 distinguished
598 3496 55 34 the
685 3502 229 39 recognitions,

142 3554 87 24 were
246 3545 125 45 hearty,
388 3549 65 33 and
469 3551 88 42 quite
574 3552 63 35 like
661 3554 55 35 the
740 3545 174 59 greetings!

143 3602 41 33 <of
195 3603 139 33 colonial
350 3606 130 41 youths.

376 3682 98 27 WHAT
496 3686 44 25 HO
555 3678 6 34 !

145 3739 24 15 «•
184 3737 112 42 Billee,
311 3739 74 34 how
402 3752 52 23 are
469 3754 65 32 you
548 3747 14 31 ?
606 3747 64 34 Did
687 3761 64 31 you
763 3751 69 35 dish
848 3737 66 57 the;

148 3792 146 38 Mahdi?
353 3798 114 36 How's
807 3796 107 57 Quite'

144 3853 89 40 well,
273 3855 63 32 and
354 3867 34 22 so
405 3868 51 22 on.
502 3860 93 33 Then
619 3874 90 24 came
729 3867 53 33 the
799 3872 101 32 sound

148 3909 37 33 of
197 3911 103 33 music
317 3913 82 33 fiom
417 3914 53 34 the
487 3918 77 33 road
577 3918 130 46 leading
718 3923 119 36 behind
848 3928 53 33 the

145 3978 90 34 quay
265 3972 33 31 to
327 3970 94 45 Lady
454 3973 214 46 Macquarie's
699 3982 100 42 chair,
837 3987 64 33 and

148 4034 79 32 very
243 4036 79 22 soon
338 4027 54 33 the
415 4029 105 34 Naval
537 4033 151 40 Brigade,
713 4038 78 33 with
816 4041 85 34 their

145 4078 91 36 band
251 4083 116 42 passed
382 4084 69 35 into
465 4086 57 35 the
539 4090 164 37 enclosure
723 4102 31 26 to
771 4109 17 21 a
805 4099 96 43 quick
913 4078 1 64 |

146 4140 84 42 step,
247 4140 65 32 and
328 4153 89 22 more
434 4144 121 45 jaunty
578 4147 133 38 because
734 4156 25 31 it
781 4167 66 23 was
870 4163 32 28 to

148 4194 57 34 the
230 4197 120 33 refrain
376 4199 37 32 of
552 4204 109 36 Jack's
686 4221 92 24 come
804 4213 88 35 home-

148 4252 125 47 to-day.
341 4255 91 47 They
447 4270 83 26 were
554 4266 143 46 scarcely
714 4281 32 21 m
762 4271 139 43 position
913 4252 1 62 j

147 4309 109 36 before
294 4316 136 33 another
465 4319 87 35 band
585 4335 66 23 was
688 4327 112 43 heard,
839 4333 62 32 and
913 4309 1 70 j

146 4370 152 43 •another,
315 4374 64 34 and
395 4376 33 34 in
445 4389 18 21 a
482 4379 124 36 minute
630 4396 36 21 or
689 4391 63 29 two
777 4389 54 33 the
855 4391 31 32 in-

150 4426 110 46 fantry
296 4432 64 33 and
403 4436 145 44 artillery
592 4440 157 37 divisions
787 4449 116 39 passed
913 4424 1 64 I

150 4483 107 37 before
284 4488 54 34 the
362 4490 84 46 ship,
473 4495 64 33 and
565 4497 134 37 cheered
728 4513 33 22 so
793 4504 110 36 loudly

145 4542 78 36 that
238 4544 55 35 the
308 4546 181 39 bandsmen
507 4553 139 44 thought
668 4559 25 32 it
710 4572 64 22 was
791 4574 41 20 no
848 4574 56 22 use
913 4542 1 63 j

149 4600 147 46 playing,
313 4606 64 34 and
395 4619 33 22 so
441 4609 113 43 joined
571 4613 32 33 in
627 4615 54 33 the
698 4617 201 37 demonstra-
913 4600 1 54 i

146 4659 84 41 tion,
253 4662 64 33 and
341 4675 115 31 swung
472 4670 200 41 trombones,
689 4681 128 28 cornets
841 4679 63 32 and
913 4659 1 63 j

151 4715 194 39 drumsticks
360 4721 34 34 in
411 4723 54 34 the
487 4727 47 31 air
557 4733 33 28 to
607 4738 191 28 accentuate
821 4735 86 33 their

150 4773 162 44 gladness.
358 4779 67 35 The
433 4781 147 36 riflemen
592 4787 111 34 waved
717 4789 85 35 their
809 4791 96 39 rifles,
913 4773 1 57 i

151 4831 55 35 the
236 4834 124 37 officers
389 4839 86 34 their
504 4844 133 39 swords,
663 4847 65 33 and
754 4849 78 42 they
865 4852 42 32 all

148 4899 86 25 were
253 4902 34 23 so
300 4893 125 36 excited
435 4896 73 36 that
523 4899 57 35 the
594 4904 187 41 contingent
794 4907 113 37 looked

152 4959 36 22 as
204 4949 26 33 if
244 4950 78 43 they
338 4955 106 31 would
462 4956 62 33 like
542 4963 31 26 to
590 4959 97 33 break
701 4962 126 34 bounds
844 4969 63 31 and

151 5005 78 35 rush
253 5006 95 36 down
373 5014 30 29 to
418 5011 57 34 the
493 5013 107 35 wharf
613 5019 31 31 to
665 5018 96 35 make
778 5021 54 35 the
855 5036 35 22 en-

151 5061 163 36 thusiasm
329 5077 86 22 more
432 5067 137 37 intense.

195 5141 107 34 When
327 5144 53 33 the
404 5146 142 35 hawsers
571 5162 81 23 were
676 5156 95 33 made
795 5158 62 33 fast
893 5173 17 20 a

149 5208 164 34 .'gangway
329 5212 65 23 was
411 5202 94 41 fixed,
523 5207 64 32 and
604 5219 61 23 one
681 5223 36 20 or
726 5218 65 29 two
809 5217 35 32 of
857 5218 53 33 the

150 5255 130 32 officers
317 5257 168 42 including
523 5263 133 35 Colonel
693 5266 216 42 Kichardson.

157 5310 132 36 Colonel
307 5315 167 43 Spalding,
493 5320 64 31 and
576 5322 104 43 Major
695 5326 107 43 Airey,
818 5342 91 23 came

151 5366 113 41 down,
281 5370 64 33 and
356 5374 148 32 received
517 5387 41 20 an
570 5377 151 37 informal
738 5383 55 33 but
809 5397 49 22 wa
879 5400 30 21 m

153 5424 167 35 welcome.
366 5429 68 34 The
444 5432 189 39 contingent
645 5436 117 36 landed
771 5454 43 21 an
827 5443 84 34 Arab

152 5479 144 47 •donkey,
315 5485 95 43 being
425 5487 141 45 brought
582 5493 46 32 off
647 5506 35 21 as
698 5508 18 20 a
740 5501 118 42 trophy
881 5504 33 32 of

152 5537 60 33 'the
229 5540 72 43 trip,
317 5543 64 31 and
396 5544 53 32 the
466 5548 228 36 convalescent
705 5553 66 35 sick
783 5556 130 44 looking

152 5606 47 21 <on
215 5596 83 34 from
313 5600 54 31 the
381 5604 113 30 vessel.
540 5605 92 42 They
646 5619 82 23 were
740 5613 43 32 all
795 5615 73 38 glad
882 5624 30 25 to

157 5661 40 24 $e
220 5663 40 24 on
285 5654 105 43 shoie,
407 5657 65 36 and
488 5659 250 49 acknowledged
759 5672 76 32 with
854 5685 38 21 un-

153 5711 184 33 restrained
371 5715 57 31 but
458 5718 198 39 pardonable
686 5727 141 33 warmth
858 5730 21 32 tl
898 5741 16 23 e

155 5762 126 47 signals
298 5769 35 33 of
345 5771 149 42 goodwill
510 5775 84 35 from
609 5779 56 33 the
684 5781 101 36 ladies
801 5785 34 33 in
860 5790 53 32 the

153 5820 93 43 large
263 5827 82 32 wool
368 5830 187 36 warehouse
578 5834 111 37 above.
735 5840 92 46 They
849 5844 63 36 had

154 5880 149 45 walking
319 5885 97 32 sticks
433 5887 83 34 from
532 5891 55 33 the
606 5893 130 36 Soudan
754 5899 111 36 lashed
882 5908 32 30 to

153 5937 91 35 their
258 5939 95 43 rifles,
373 5943 64 35 and
454 5955 60 24 one
532 5959 35 22 ©r
584 5953 62 31 two
662 5951 66 35 had
748 5966 119 33 spears,
882 5967 32 28 to

915 181 90 33 show
1030 182 88 34 what
1141 195 150 32 weapons
1315 185 53 33 the
1393 185 121 35 British
1540 187 65 33 had
1635 193 31 28 to
1683 180 2 47 I

917 241 137 32 contend
1072 242 76 32 with
1166 244 34 30 in
1217 243 83 32 elose
1316 251 158 34 quarters.
1519 247 91 41 They
1626 247 41 31 all
1701 241 1 47 '

917 306 82 23 wore

1090 362 64 23 THE
1179 363 133 23 KHAKEE
1336 364 161 33 UNIFORM,

917 407 106 35 which
1041 410 25 32 is
1083 411 34 33 of
1130 423 17 21 a
1165 411 66 33 dull
1249 424 77 31 grey
1349 413 110 40 shade,
1479 427 76 32 very
1570 418 99 32 much
1686 407 2 59 j
1701 407 1 59 (

919 464 52 33 the
989 477 101 22 worse
1108 468 46 32 for
1169 480 96 30 wear,
1289 470 78 33 with
1393 472 69 43 pith
1481 472 136 35 helmets
1641 474 35 32 of

934 524 39 33 lie
1000 526 176 42 regulation
1203 535 138 36 pattern,
1369 531 64 33 and
1457 532 76 42 they
1556 533 116 33 looked

915 588 67 34 just
1009 595 35 19 as
1072 584 76 43 they
1171 586 106 39 might
1307 586 36 32 he
1366 589 153 41 expected
1545 595 31 26 to
1603 590 70 32 look

921 641 80 31 after
1038 654 17 19 a
1086 644 182 40 campaign.
1315 646 39 31 In
1389 649 169 40 physique,
1599 649 74 35 they

921 708 80 23 were
1024 698 109 33 choice
1159 701 191 42 specimens,
1381 703 53 33 hut
1463 705 23 31 it
1516 705 93 33 could
1637 706 37 33 be
1691 698 1 45 ,

922 767 72 20 seen
1013 757 69 31 that
1102 758 75 40 they
1195 770 80 20 wen-
1296 768 54 24 not
1366 772 29 20 m
1411 764 75 30 such
1503 764 81 38 good
1602 776 54 21 con-

922 813 100 33 dition
1041 827 34 19 as
1093 815 92 32 when
1203 817 76 42 they
1296 819 120 31 started
1435 820 89 32 three
1543 822 133 32 mouths

922 872 61 31 and
1011 872 103 33 a-half
1144 886 70 29 ago.
1260 875 67 33 Hie
1355 878 159 41 fatiguing
1545 881 130 31 climate
1691 866 3 56 J

923 927 67 33 into
1008 928 106 33 which
1131 929 75 44 they
1222 942 79 22 were
1315 939 81 32 sent,
1409 933 63 33 and
1486 934 52 34 the
1552 936 124 39 rigours
1692 927 2 48 j

922 987 35 31 of
969 986 53 31 the
1040 988 194 41 expedition,
1253 990 63 31 had
1333 990 56 32 left
1407 992 107 31 marks
1532 1006 40 19 on
1590 995 86 31 their

923 1042 83 34 faces
1025 1043 63 33 and
1104 1044 109 34 forms.

963 1101 43 32 At
1028 1102 54 32 the
1106 1103 94 32 south
1219 1110 72 33 gate
1316 1105 54 32 the
1388 1107 190 42 contingent
1594 1120 82 21 were

923 1160 129 41 pressed
1065 1171 77 31 very
1156 1161 129 43 closely.
1332 1163 67 33 The
1411 1166 106 31 crowd
1531 1166 146 43 cheered,
1694 1160 2 49 '

924 1216 63 32 and
1023 1216 54 33 the
1109 1223 157 27 steamers
1296 1219 150 34 whistled
1476 1222 109 44 loudly
1616 1226 61 30 and
1695 1216 1 50 |

924 1272 230 44 discordantly.
1215 1275 144 43 Hooray,
1542 1281 137 34 shouted
1695 1272 1 65 j

924 1340 59 20 one
1020 1330 125 33 excited
1182 1342 88 29 man,
1308 1333 74 32 who
1425 1336 122 33 rushed
1591 1344 32 26 at
1662 1350 17 21 a
1695 1330 1 41 I

924 1392 160 34 sergeant.
1164 1389 147 41 Hooray,
1340 1401 56 31 my
1541 1396 137 33 retorted

924 1444 54 32 the
1016 1444 119 33 officer.
1218 1447 83 32 Next
1338 1448 78 32 time
1456 1450 53 31 I'll
1547 1451 39 32 do
1625 1453 53 31 the

925 1498 168 42 hollering,
1103 1501 64 32 and
1179 1514 63 30 you
1258 1514 58 21 can
1427 1505 67 33 The
1507 1507 172 35 umbrellas

924 1568 38 19 on
982 1557 54 31 the
1054 1557 55 32 hill
1129 1559 116 32 moved
1270 1571 41 32 up
1336 1562 63 32 and
1424 1562 92 33 down
1536 1570 32 27 to
1592 1566 87 32 show

924 1612 54 32 the
1001 1613 55 42 joy
1080 1615 35 31 of
1135 1615 83 32 their
1239 1627 137 30 owners,
1403 1619 64 32 and
1491 1620 53 33 the
1568 1623 111 42 people

924 1670 82 32 from
1030 1670 54 33 the
1102 1671 155 34 windows
1274 1675 112 33 waved
1415 1676 82 33 their
1521 1678 138 34 handker-

924 1726 101 33 chiefs
1052 1728 66 31 and
1157 1728 176 35 beckoned.
1392 1733 91 45 They
1515 1742 85 28 went
1630 1737 51 34 via

927 1784 187 42 Macquarie
1132 1786 94 33 Place
1251 1792 31 28 to
1300 1789 66 32 Pitt
1385 1794 108 36 street,
1511 1793 64 32 and
1592 1794 89 33 there

926 1840 145 33 received
1088 1853 17 20 a
1122 1842 146 43 greeting
1283 1844 59 33 100
1354 1846 96 33 times
1463 1853 127 37 greater
1600 1850 80 33 than

926 1904 33 27 at
975 1897 53 35 the
1045 1904 100 29 water
1168 1900 77 34 side.
1291 1902 40 33 In
1352 1903 130 35 Hunter
1506 1911 99 30 street
1626 1908 55 34 the

926 1956 83 42 pack
1025 1968 66 21 was
1108 1958 109 40 dense,
1235 1959 65 32 and
1317 1972 33 20 in
1368 1962 126 43 George
1514 1966 97 31 street
1627 1965 54 33 the

927 2012 257 36 demonstration
1202 2027 64 23 was
1282 2017 216 37 enthusiastic
1514 2020 30 33 in
1562 2021 54 34 the
1632 2034 32 21 ex-

927 2080 113 25 treme.
1086 2072 78 33 Men
1185 2074 64 33 and
1272 2086 128 23 women
1422 2076 92 36 burst
1535 2079 69 33 into
1627 2081 55 33 the

929 2129 96 32 ranks
1061 2132 33 31 to
1131 2132 166 40 recognise
1335 2134 161 40 relatives,
1526 2137 64 32 and
1627 2138 54 32 the

928 2186 124 34 officers
1067 2187 197 35 themselves
1281 2188 95 45 being
1393 2203 41 21 on
1459 2192 55 34 the
1537 2193 146 36 look-out

929 2245 47 31 for
997 2245 143 32 familiar
1161 2246 98 37 faces,
1284 2259 41 20 no
1346 2248 101 34 doubt
1469 2251 54 32 did
1547 2257 56 28 not
1627 2265 36 21 un-

931 2300 98 35 braid.
1075 2302 86 34 Once
1182 2303 53 34 the
1248 2304 132 35 inbreak
1394 2318 65 23 was
1472 2310 134 41 serious,
1620 2311 63 33 and

929 2372 18 21 a
963 2359 161 36 subaltern
1143 2361 181 46 whispered

1108 2431 76 22 INTO
1208 2432 19 21 A
1249 2427 151 30 WOMAN'S
1423 2436 74 28 KAB,

943 2478 5 14 '
965 2475 59 34 It's
1044 2476 47 33 all
1115 2476 96 43 right,
1239 2478 55 35 but
1316 2492 64 31 you
1404 2490 89 26 must
1514 2483 90 35 leave
1629 2485 54 35 the

934 2535 105 40 ranks,
1056 2548 63 31 you
1136 2537 96 33 know
1247 2549 7 29 ;
1278 2551 65 29 you
1359 2540 66 33 will
1439 2553 51 21 see
1507 2543 68 32 him
1589 2556 93 28 again

1248 2595 65 38 but,
1332 2598 51 32 sir,
1411 2598 63 33 I'm
1496 2611 34 22 so
1554 2601 73 40 glad
1651 2608 33 26 to

933 2661 49 22 see
1020 2650 81 39 him,
1139 2652 39 33 do
1216 2652 44 34 let
1296 2666 53 21 me
1389 2662 83 37 stay,
1517 2658 69 34 he's
1629 2672 57 32 my

913 2708 1 48 |
1161 2711 67 33 The
1246 2713 114 41 appeal
1376 2714 99 33 could
1498 2723 58 26 not
1579 2717 36 33 be
1639 2731 30 20 re-

913 2765 1 42 :
936 2765 106 38 -isted,
1075 2767 64 30 and
1170 2767 52 32 the
1253 2780 75 20 man
1362 2772 64 29 and
1460 2774 71 30 wife
1562 2775 121 32 walked

935 2822 145 42 together
1096 2829 31 27 to
1144 2823 55 34 the
1223 2824 133 35 barrack
1379 2837 100 32 gates.
1525 2831 27 32 A
1578 2844 110 30 young

936 2880 120 43 private
1081 2892 64 22 was
1166 2881 150 36 clutched
1341 2884 41 44 by
1406 2897 17 22 a
1455 2885 131 36 brother
1615 2890 72 34 who

913 2938 1 49 ;
938 2938 127 34 handed
1081 2939 69 33 him
1168 2953 17 20 a
1202 2942 94 32 small
1313 2942 125 45 brandy
1455 2945 112 41 bottle,
1585 2948 57 34 but
1665 2951 23 31 it

938 3008 63 21 was
1018 2997 70 34 first
1104 2999 119 33 offered
1239 3007 32 26 to
1288 3013 18 20 a
1324 3002 190 41 lieutenant,
1529 3007 72 31 who
1611 3008 77 32 took

914 3054 1 52 .
937 3066 17 21 a
977 3054 49 43 sip
1050 3055 32 33 in
1107 3057 200 42 recognition
1326 3060 35 32 Kit
1382 3060 53 34 the
1467 3062 221 44 compliment,

913 3112 3 45 i
937 3112 64 30 :md
1024 3112 77 30 then
1125 3114 25 30 it
1166 3125 66 20 was
1255 3116 114 41 passed
1393 3128 120 29 among
1536 3120 53 32 the
1615 3131 73 23 men

913 3168 3 49 j
939 3168 81 32 until
1030 3170 189 33 exhausted.
1249 3176 18 13 '•
1279 3173 88 32 Here
1375 3186 65 27 you
1453 3188 63 25 are,

913 3223 3 52 |
937 3223 67 34 said
1020 3225 137 34 another
1173 3227 115 40 friend,
1306 3241 34 22 as
1357 3229 40 35 he
1415 3231 124 44 pushed
1556 3245 17 23 a
1590 3233 98 36 bottle

913 3280 3 44 f
938 3283 34 30 of
999 3294 71 20 rum
1100 3285 71 31 into
1202 3287 55 30 the
1296 3288 105 32 hands
1437 3291 32 30 of
1497 3302 18 20 a
1546 3294 144 30 stalwart

938 3339 154 42 corporal,
1105 3340 63 32 and
1177 3341 71 33 that
1261 3354 67 21 was
1340 3344 66 33 also
1416 3346 152 43 emptied.
1597 3348 78 33 Fni

940 3406 62 22 was
1025 3396 191 35 distributed
1240 3400 110 42 freely,
1375 3403 63 31 and
1457 3404 53 32 the
1536 3405 98 33 lad.es
1657 3409 32 29 in

938 3450 54 33 the
1015 3451 163 36 balconies
1201 3455 103 34 threw
1319 3457 137 40 flowers,
1480 3461 77 33 with
1584 3462 64 34 whi
1669 3462 20 34 h

914 3509 1 49 j
938 3509 53 32 the
1022 3512 149 32 warriors
1202 3513 173 35 decorated
1398 3516 84 33 their
1512 3519 85 33 rifles
1627 3522 64 32 and

914 3565 2 56 j
939 3565 147 37 helmets.
1147 3569 102 34 There
1291 3582 66 23 was
1394 3574 150 42 goodwill
1582 3589 90 31 every-

914 3623 2 57 |
939 3623 116 40 where,
1093 3626 65 31 and
1194 3627 53 32 the
1289 3629 171 45 marching
1496 3633 94 33 order
1627 3646 64 22 was

914 3683 3 53 i
938 3683 216 45 wonderfully
1182 3686 73 32 well
1279 3692 181 38 preserved,
1484 3694 208 42 considering

938 3740 42 32 all
998 3740 54 32 the
1070 3741 226 43 interruption.

979 3797 107 34 When
1103 3798 53 35 the
1168 3800 167 35 addresses
1352 3802 64 35 had
1427 3803 81 35 been
1520 3806 171 43 delivered,

938 3854 41 33 all
1004 3855 56 32 the
1084 3867 75 22 men
1184 3858 34 31 of
1242 3859 54 31 the
1327 3863 189 42 contingent
1540 3868 151 32 marched

938 3918 54 28 out
1013 3914 35 32 of
1060 3913 53 34 the
1133 3914 160 36 barracks.
1338 3918 41 33 In
1396 3931 18 21 a
1436 3922 125 33 minute
1580 3936 35 21 or
1630 3930 62 28 two

940 3972 76 43 they
1031 3984 83 22 were
1132 3973 181 41 dismissed,
1330 3978 65 32 and
1420 3979 78 34 then
1518 3982 94 34 there
1629 3997 64 20 was

939 4040 16 19 a
972 4040 93 21 scene
1084 4030 110 32 unlike
1211 4033 160 42 anything
1387 4046 73 21 ever
1479 4037 169 35 witnessed
1660 4042 30 31 in

914 4085 2 47 ;
941 4085 169 34 Australia.
1156 4087 104 34 These
1284 4101 82 22 were
1388 4103 58 22 our
1468 4093 71 36 first
1561 4097 132 35 soldiers

914 4144 2 45 .
941 4144 70 32 who
1028 4144 64 32 had
1108 4157 75 20 seen
1201 4148 120 32 service
1337 4150 186 38 elsewhere,
1549 4155 64 33 and
1629 4158 64 31 this

914 4200 2 47 ;
940 4200 174 42 particular
1135 4207 148 29 moment
1306 4216 65 22 was
1389 4207 53 33 the
1463 4209 70 34 first
1556 4212 35 32 of
1611 4214 84 33 their

914 4254 3 54 I
939 4257 117 43 liberty
1074 4271 40 22 on
1131 4259 85 36 their
1232 4267 121 31 return.
1400 4266 49 35 No
1472 4270 131 36 wonder
1623 4274 71 34 that

915 4317 3 62 |
1030 4317 138 44 jumped
1185 4320 164 35 amdraced
1361 4324 98 35 about
1471 4326 63 35 like
1546 4329 146 42 demons,

940 4374 62 33 and
1030 4375 171 35 embraced
1223 4379 85 33 their
1329 4381 98 35 wives
1450 4386 64 32 and
1538 4390 164 40 mothers,!

915 4433 3 56 !
941 4433 108 32 sisters
1074 4433 64 32 amd
1156 4434 157 43 brothers,
1331 4440 65 31 and
1420 4444 184 45 everybody
1620 4448 72 32 wko

916 4489 1 39 !
943 4489 111 34 looked
1071 4502 35 22 as
1123 4491 25 33 if
1160 4492 56 33 she
1234 4506 34 21 or
1284 4494 39 34 he

1077 4558 118 25 WOULD
1219 4561 77 24 LIKE
1320 4564 42 22 AN
1385 4565 164 27 EMBRACE,

917 4595 8 64 j
943 4605 25 32 A
990 4610 90 39 great
1105 4619 96 32 many
1226 4610 220 46 immediately
1472 4618 125 34 handed
1621 4633 74 21 over

917 4684 9 38 j.
941 4663 54 31 the
1013 4665 65 31 £lO
1093 4665 146 33 received
1256 4668 54 32 the
1328 4670 62 42 day
1415 4672 88 34 befor
1536 4688 37 20 *s
1590 4690 40 20 an
1648 4679 30 32 in-

921 4708 5 61 j
942 4720 156 35 stalment
1121 4723 34 32 of
1175 4724 84 33 their
1280 4738 75 31 pay,
1373 4729 33 31 in
1430 4732 92 32 order
1546 4736 71 32 that
1641 4741 52 28 the

918 4770 160 63 [amount
1116 4779 107 43 might
1252 4780 37 36 he
1328 4784 104 47 safely
1468 4788 85 45 kept.
1600 4794 95 34 Some

942 4836 118 33 rushed
1084 4844 57 28 out
1164 4841 35 31 of
1218 4840 54 34 the
1295 4849 89 33 gates
1409 4851 30 26 to
1464 4847 84 33 their
1572 4850 123 41 homes,

918 4901 9 58 |
942 4892 65 34 and
1023 4892 158 47 although
1200 4898 53 35 the
1267 4901 70 33 rain
1351 4905 185 43 continued,
1549 4921 79 33 very
1639 4912 57 33 few

919 4964 9 27 ■;
943 4952 140 41 thought
1095 4954 21 31 it
1128 4966 171 34 necessary
1309 4966 31 25 to
1351 4962 75 31 seek
1435 4963 129 36 shelter.
1592 4968 104 34 When

946 5006 52 34 the
1014 5007 64 35 real
1096 5007 146 39 business
1258 5014 35 32 of
1307 5014 52 34 the
1376 5016 64 46 day
1458 5019 63 35 had
1547 5028 149 32 termina-

924 5065 4 57 I
946 5065 62 39 ted,
1027 5065 54 33 the
1098 5077 79 23 cio»
1187 5068 29 40 d,
1235 5070 72 34 that
1323 5073 24 31 is
1371 5079 32 29 to
1427 5086 56 36 say
1511 5080 92 35 these
1625 5084 74 33 who

921 5112 8 50 j
945 5122 62 33 had
1026 5134 39 22 no
1083 5124 160 41 relatives,
1262 5129 131 45 quickly
1403 5140 154 31 returned
1568 5146 32 28 to
1619 5142 81 33 their

946 5178 123 42 homes,
1100 5181 63 33 and
1186 5181 44 45 by
1260 5194 62 26 two
1349 5189 121 37 o'clock
1498 5194 89 36 there
1618 5211 81 21 were

945 5235 96 32 fjwer
1067 5239 111 41 people
1205 5241 77 32 than
1308 5247 94 31 .usual
1430 5247 34 35 {„
1493 5251 55 33 tlle
1575 5260 115 31 streets
1694 5282 5 6 .

922 5287 4 61 '
956 5292 6 32 l
976 5291 38 35 lje
1031 5292 62 35 llirt
1097 5307 20 31 .y
1134 5308 79 32 grey
1229 5298 141 37 uniform
1390 5307 97 34 could
1509 5310 36 33 he
1569 5324 75 23 seen
1669 5322 33 26 at

922 5355 4 50 I
948 5359 51 21 m:l
1072 5362 132 23 corners
1227 5355 63 32 still
1315 5363 74 34 wet,
1412 5363 64 33 and
1501 5364 62 36 late
1587 5369 32 32 in
1646 5372 54 33 the

922 5407 4 62 i
947 5407 137 37 evening
1100 5411 247 37 reminiscenses
1363 5429 81 23 were
1469 5421 96 44 beimg
1582 5430 119 39 poured

913 5478 13 31 ,!
1068 5477 28 21 JG
1121 5478 50 22 eai
1172 5469 3 51 '
1177 5480 14 20 s
1215 5469 35 32 of
1268 5471 43 34 all
1566 5484 104 36 When
1687 5489 15 31 I

913 5521 13 59 j
948 5529 65 23 was
1031 5522 30 30 in
1078 5522 57 33 the
1154 5524 141 41 Soudan,
1441 5536 192 42 Altogether
1649 5545 53 34 the

950 5574 256 40 demonstration
1223 5594 65 23 was
1310 5598 19 20 a
1354 5598 76 34 very
1454 5599 248 45 extraordinary

913 5632 1 63 '
948 5644 72 26 one,
1037 5635 54 34 the
1108 5648 88 25 more
1214 5650 35 24 so
1268 5641 135 42 because
1418 5650 35 34 of
1464 5651 52 37 the
1529 5655 171 40 inclement

948 5693 151 31 weather.
1148 5698 118 31 Nelson
1284 5702 155 37 Colonist.

913 5743 1 11 t

872 52 137 43 THE
1078 55 218 44 LYELL
1358 55 217 53 TIMES,
1645 56 362 53 SATURDAY,
2073 60 19 59 J
2110 58 119 46 ULI'
2304 71 72 48 25,
2447 61 120 58 1885.

2533 5889 136 36 Printed
2684 5895 65 33 and
2764 5896 174 43 published
2961 5902 49 34 for
3027 5906 56 36 the
3109 5911 186 45 Proprietor

2584 5950 51 58 Yf]
2655 5964 7 7 '
2681 5942 50 66 !,'i
2734 5948 6 22 <
2781 5954 24 54 Vi
2828 5991 24 17 r-
2860 5953 33 25 at
2909 5948 56 34 tlle
3013 5964 17 22 e
3032 5966 21 28 S
3055 5966 27 21 ls
3084 5959 91 33 tered
3194 5962 99 37 Oilie®

2574 5990 30 28 oi
2615 5986 54 34 the
2715 5987 94 37 Lyell
2971 5997 78 36 Cliff
3060 6001 117 45 Street,
3187 6009 106 37 LyelL

2513 6031 2 57 (
2575 6031 132 46 County
2723 6037 30 30 01
2769 6036 120 43 Bidler,
2910 6041 126 47 Colony
3053 6050 35 33 of
3098 6050 79 36 NX

990 5797 155 37 Scotland
1162 5812 138 30 musters
1315 5811 115 40 45,000
1447 5818 183 41 volunteers
1647 5837 54 25 out

950 5853 34 32 of
995 5865 19 22 a
1031 5857 79 33 total
1126 5858 48 35 for
1188 5861 129 38 Britain
1334 5872 32 29 of
1389 5872 145 46 214,000,
1557 5891 35 23 or
1614 5895 87 23 more

950 5909 78 34 than
1045 5913 115 37 double
1178 5918 55 35 the
1248 5924 139 37 number
1408 5931 37 33 of
1463 5933 151 46 England
1639 5943 61 33 and

953 5970 28 30 W
993 5970 63 32 ales
1072 5981 33 22 m
1121 5978 187 40 proportion
1326 5988 30 28 to
1373 5989 200 41 population.

1851 195 225 48 SANDER
2101 200 32 45 &
2162 199 146 46 SONS'

1700 250 400 44 EUCALYPTI
2148 254 92 43 iiX
2253 254 203 44 TRACT.

1746 349 175 34 (Deutsche
1954 349 86 33 M'«!.
2073 351 258 34 Wochenschrifo
2364 355 9 30 1
2383 355 72 31 STiM
2475 349 2 40 :
2494 349 1 40 i

1705 393 129 36 MosLr,
1855 395 100 40 AT.J).,
1975 396 162 34 Proa.ssor
2154 408 27 23 a!
2201 400 52 32 the
2271 402 7 29 I
2300 402 159 40 nivorsity

1705 442 201 33 (Lvif.-wald,
1953 445 174 41 Germany.
2176 453 146 35 reports:
2328 466 38 3 —
2390 447 68 31 The
2494 442 1 46 (

1709 488 22 32 E
1751 489 126 44 K-aivpti
1903 489 134 34 Lx:ract
2068 492 119 44 proved
2211 493 249 41 magnificently
2494 488 1 48 .

1705 538 176 31 successlul
1917 539 33 30 in
1990 550 75 29 very
2111 552 108 20 severe
2258 543 200 34 contusions,

1851 583 136 41 spniiis,
2001 583 275 40 wounds,scaldin
2291 598 35 26 ;s,
2338 586 121 35 broken

1707 628 73 38 ribs,
1792 642 40 19 iin
1851 628 3 47 i
1872 628 4 47 !
1884 628 16 47 11
1908 644 18 17 u
1944 644 30 18 )s.
2018 632 26 32 It
2059 632 183 34 oTectuallv
2257 643 88 32 stays
2357 636 42 30 all
2411 636 31 30 in-

1708 674 16 31 ii
1741 674 77 42 -nlni
1834 674 53 42 ::io
1905 690 62 18 ian
1987 674 1 42 !
2009 690 12 17 s
2033 683 132 33 .veiling.
2212 679 86 33 Also,
2325 687 52 26 tee
2397 692 46 22 ser-

1710 732 82 21 vices
1810 722 17 32 d
1834 735 38 20 jr.
1883 737 7 17 \
1901 736 37 20 ea
1957 737 17 19 i.
1986 739 51 18 o.n
2053 737 21 20 :i
2087 739 29 18 in
2135 726 41 32 all
2187 726 85 32 elisor
2288 727 44 32 ler
2342 741 6 14 <
2362 730 34 29 of
2407 729 53 31 the

1709 779 152 31 iv.-.piratf
1868 782 31 30 ry
1982 784 59 26 t:is,
2056 784 33 20 as
2101 784 108 32 croup,
2225 773 171 39 diataei'.a,
2415 776 33 31 ill-

1708 813 113 34 fLoon
1847 825 64 23 t.oa
1945 828 29 21 of
2001 818 53 31 the
2082 817 167 35 broil-,nil
2277 820 89 33 tubes
2398 834 38 19 aa
2451 821 10 32 1

1709 860 105 37 linias.
1833 876 13 18 e
1864 876 67 19 iron
1948 877 14 19 c
1988 872 141 31 eatarrn,
2150 867 186 32 brooehit.s,
2362 870 98 35 colds,

1793 915 51 24 are
1865 917 53 23 not
1943 918 30 23 to
1991 910 36 32 be
2045 912 147 41 equalled
2219 913 38 42 by
2282 924 62 32 any
2369 924 94 22 outer

1711 953 230 36 medicament.

1745 1011 156 45 Sander
1934 1013 81 43 and
2053 1013 115 46 Son's
2207 1014 218 57 Eucalypti

2001 1066 182 46 Extract.

1753 1118 114 38 Lister,
1893 1118 101 40 M.D.,
2020 1120 174 37 Professor,
2227 1123 63 37 &3.,
2317 1123 146 39 London,

1712 1164 54 31 the
1786 1165 143 38 Leading
1953 1176 137 31 surgeon
2108 1170 30 29 of
2157 1169 52 31 tlie
2227 1176 129 35 present
2374 1177 89 30 tune,

1699 1209 1 43 .
1712 1209 104 32 stated
1834 1217 31 25 at
1882 1211 54 31 the
1953 1211 61 32 last
2037 1214 143 38 meeting
2197 1216 33 28 of
2251 1215 52 31 the
2328 1215 137 32 Clinical

1699 1255 1 44 :
1712 1255 139 42 Society,
1864 1256 145 35 London,
2020 1269 34 20 as
2070 1258 168 41 published
2251 1271 29 20 ui
2293 1261 172 32 (jailbird's
2482 1255 2 44 :

1699 1291 1 62 I
1713 1301 105 32 Medic
1844 1301 7 32 1
1874 1301 104 33 Journ
1993 1303 29 36 d,
2041 1304 70 32 tint
2130 1305 51 32 the
2206 1306 172 42 Eucalvpti
2401 1308 62 31 Ex-
2482 1291 2 62 j

1699 1348 1 47 !
1713 1355 82 23 tract
1811 1348 26 30 is
1854 1349 53 29 tiie
1926 1348 67 32 best
2009 1348 118 33 known
2152 1352 170 43 antiseptic
2342 1355 124 40 (means
2483 1348 1 47 j

1713 1395 30 30 of
1762 1395 190 40 preventing
1967 1397 239 41 putrefaction).

1737 1449 157 44 Sandor
1933 1450 81 42 and
2061 1450 114 46 Son's
2225 1454 221 58 Eucalypti
2484 1449 4 68 j

1995 1503 183 46 Extract.

1757 1555 183 40 (American
1961 1556 136 32 Meuieal
2112 1558 146 39 Journal,
2275 1562 192 37 November,

1716 1604 145 29 jBSl).
1870 1602 34 30 In
1922 1601 139 32 diseases
2077 1607 31 28 of
2132 1604 53 33 the
2209 1605 131 41 kidney,
2366 1607 103 32 either

1713 1646 104 32 active
1835 1648 186 40 congestion
2036 1659 35 21 or
2082 1652 206 40 suppression
2308 1653 157 42 (unemia)
2485 1646 2 52 j

1713 1693 43 30 all
1773 1691 228 40 albuminuria,
2020 1695 127 41 dropsy,
2166 1697 149 37 lithiasis,
2335 1700 135 38 nothing
2485 1691 2 47 !

1713 1737 67 34 will
1797 1739 94 42 equal
1908 1750 32 21 m
1957 1740 40 33 its
2011 1741 106 33 action
2136 1742 175 46 Eucalypti
2326 1745 142 35 Extract,
2486 1737 2 53 j

1715 1785 114 36 Doses,
1861 1786 61 32 live
1952 1790 33 28 to
2015 1788 89 38 eight
2138 1789 96 43 drops
2263 1793 33 30 in
2334 1805 17 19 a
2387 1793 82 32 little
2486 1785 2 48 |

1715 1830 183 32 sweetened
1927 1837 100 26 water
2056 1838 92 28 twice
2181 1846 36 22 or
2246 1837 90 33 three
2375 1837 95 34 times
2486 1830 2 43 j

1714 1875 99 44 daily.

1740 1934 155 43 Sander
1937 1936 81 43 and
2074 1938 113 45 Son's
2228 1941 219 56 Eucalypti

2006 1989 181 48 Extract.

1759 2039 109 42 (From
1884 2040 172 35 American
2070 2046 140 33 Medical
2220 2047 149 40 Journal,
2383 2049 88 38 Jan.,

1715 2086 105 40 1882).
1867 2087 118 40 Pit/er,
2021 2090 102 39 M.1).,
2150 2092 164 34 Professor
2343 2094 130 42 Theory

1713 2131 68 31 and
1799 2133 145 32 Practice
1960 2136 30 30 ol
2009 2136 169 39 Medicine,
2192 2140 175 32 American
2382 2141 88 32 Med-
2486 2131 2 44 i

1715 2177 63 32 ical
1795 2178 143 42 College,
1955 2192 75 32 says
2044 2183 85 34 :—lt
2145 2183 25 33 is
2184 2185 54 33 the
2255 2185 69 35 best
2338 2187 136 43 remedy
2486 2194 5 23 8

1717 2225 120 32 known
1860 2225 31 32 in
1918 2227 267 42 typhomalarial,
2210 2233 137 41 typhoid
2373 2234 99 38 fever,
2487 2220 4 54 j

1717 2270 185 43 erysipelas,
1916 2272 194 43 diphtheria,
2124 2277 116 33 scarlet
2253 2278 96 39 fever,
2364 2279 90 34 small-

1717 2328 73 31 pox,
1807 2318 67 39 &c,;
1898 2319 25 32 it
1945 2321 186 42 effectually
2147 2324 125 33 retards
2296 2326 54 33 the
2376 2326 80 33 disin-

1717 2364 161 42 tegration
1915 2366 35 34 of
1975 2366 56 35 the
2061 2359 124 46 animal
2221 2370 108 42 fluids,
2366 2373 108 36 which

1718 2413 105 40 might
1839 2414 101 32 result
1956 2415 34 32 in
2009 2428 19 20 a
2050 2419 130 37 general
2203 2419 217 44 breaking-up
2444 2423 34 31 of

1717 2457 54 32 the
1790 2458 95 32 blood
1901 2460 65 32 and
1982 2461 33 32 in
2033 2461 108 34 death.

1742 2515 156 46 Sander
1948 2519 80 43 and
2072 2521 114 45 Son's
2235 2524 218 56 Eucalypti

2000 2573 181 45 Extract.

1759 2622 115 40 (From
1917 2623 46 33 St.
2009 2626 99 34 Louis
2152 2628 139 35 Electric
2336 2630 141 35 Medical

1719 2668 147 40 Journal,
1905 2670 91 40 Dec.,
2035 2675 104 39 1881).
2202 2677 123 33 Cancer
2354 2680 35 31 of
2423 2679 53 33 the

1724 2716 412 42 longue—Patient,-Mrs.
2309 2750 6 12 ,
2333 2726 37 31 35
2383 2737 94 29 years

1720 2762 63 30 old.
1843 2763 166 32 Evadence
2039 2766 34 30 of
2099 2768 179 32 scrofulous
2311 2769 164 33 diathesis.

1720 2807 187 34 Prescribed
1930 2810 72 33 tour
2030 2811 96 44 drops
2143 2820 33 26 to
2200 2813 37 34 be
2261 2814 98 35 taken
2387 2816 90 34 three

1720 2855 94 31 times
1844 2855 89 41 daily
1948 2866 9 29 ;
1982 2857 78 40 also,
2089 2866 119 33 tongue
2240 2862 117 33 wetted
2387 2863 90 33 three

1720 2900 96 33 times
1868 2901 79 34 with
1996 2904 56 34 the
2101 2906 178 45 Eucalypti
2329 2909 147 34 Extract.

1726 2947 132 33 Treated
1882 2960 35 22 as
1940 2950 101 35 above
2072 2952 49 34 for
2150 2954 73 33 four
2251 2956 118 41 weeks,
2397 2956 81 35 then

1720 2994 192 40 discharged
1928 2999 107 31 cured.

1766 3051 41 39 (.T.
1852 3051 39 35 H.
1932 3052 144 46 Ruttley,
2123 3056 101 40 M.D.,
2270 3058 98 42 Prof.,
2413 3062 65 38 &c.,

1721 3098 407 42 Philadelphia).—Since,
2145 3104 33 29 in
2202 3104 54 31 the
2277 3115 71 23 case
2373 3107 35 31 of
2429 3107 50 31 Mr

1725 3142 132 40 Mercer,
1875 3145 32 31 of
1927 3145 140 40 Kerang,
2085 3148 72 33 who
2174 3149 65 33 had
2249 3150 81 33 been
2347 3152 132 33 advised

1720 3189 43 32 bv
1792 3189 53 33 the
1881 3190 139 33 Medical
2043 3194 123 32 officers
2193 3195 35 32 of
2246 3196 54 33 the
2333 3197 145 44 Bendigo

1722 3234 152 45 Hospital
1892 3243 32 27 to
1942 3237 82 35 have
2042 3239 50 35 his
2110 3248 118 33 tongue
2239 3244 166 40 removed,
2415 3246 63 34 like

1722 3283 150 40 splendid
1887 3286 118 30 results
2023 3287 81 30 have
2115 3289 144 30 attained
2269 3291 141 40 through
2423 3292 54 32 the

1722 3326 197 42 application
1936 3330 35 32 of
1983 3330 54 33 the
2054 3331 177 45 Eucalypti
2248 3334 148 35 Extract.

1747 3383 156 46 Sander
1944 3387 81 43 and
2076 3388 113 44 Son's
2239 3390 219 58 Eucalvpti

2005 3437 182 49 Extract.

1765 3489 99 33 From
1887 3491 55 32 the
1967 3491 136 35 Clinical
2127 3497 46 30 lie
2178 3496 85 38 cord,
2288 3498 35 31 of
2342 3498 138 41 August,

1726 3535 103 40 lb«31).
1904 3537 146 41 Surgical
2088 3540 103 34 Clinic
2236 3542 34 33 of
2314 3544 168 35 Protessor

1726 3581 174 42 M'intyre,
1938 3584 128 42 College
2104 3588 31 30 of
2178 3588 195 41 Physicians
2417 3593 64 31 and

1726 3628 173 41 Surgeons,
1915 3629 46 32 St.
1980 3630 95 34 Lotus
2079 3633 191 34 —Scirrhus
2281 3635 35 33 of
2324 3636 117 35 Breast
2444 3657 38 3 —

1725 3673 154 34 Excision
1893 3686 7 21 :
1919 3676 175 44 Eucalypti
2109 3680 138 34 Extract
2262 3684 175 42 employed
2448 3697 34 20 as

1725 3731 108 30 spray,
1864 3722 64 30 and
1958 3722 156 44 dressing.
2160 3726 102 42 Eight
2289 3728 79 42 days
2401 3730 82 33 after

1726 3766 167 43 operation
1912 3768 180 36 Professors
2108 3771 108 35 Bauer
2232 3774 64 33 and
2314 3775 167 45 M'intyre

1726 3813 97 32 noted
1867 3814 54 32 the
1965 3817 166 41 following
2175 3821 233 33 condition:—
2432 3825 50 32 No

1726 3858 155 42 swelling,
1899 3860 75 33 heat
1991 3874 35 20 or
2042 3863 239 41 discoloration,
2298 3879 79 21 near
2398 3880 35 22 or
2449 3871 34 31 in

1727 3905 54 32 the
1804 3906 130 40 wound,
1959 3907 105 35 which
2088 3910 59 34 has
2164 3912 112 33 united
2299 3914 103 44 fully;
2427 3917 55 33 the

1726 3952 124 43 patient
1866 3953 135 34 allowed
2017 3961 32 28 to
2065 3958 113 33 attend
2190 3964 30 28 to
2234 3959 58 34 her
2301 3961 182 37 household

1727 3999 105 30 duties
1848 4001 106 37 again.

1751 4042 155 44 Sander
1955 4045 80 43 and
2079 4046 114 47 Son's
2241 4048 221 61 Eucalypti

2005 4099 183 48 Extract.

1769 4161 150 42 (Clinical
1948 4162 136 39 Record,
2118 4166 88 43 Sept.
2240 4170 244 41 1880).—The

1726 4206 174 34 American
1935 4208 139 35 medical
2110 4215 181 40 profession
2330 4227 83 30 uses,
2451 4220 34 33 in

1726 4254 205 45 gonorrhoea,
1955 4268 35 22 as
2006 4269 42 22 an
2070 4259 168 44 injection,
2256 4276 42 21 an
2322 4266 164 35 emulsion

1727 4303 34 31 of
1787 4314 60 20 one
1872 4314 103 21 ounee
1999 4316 76 31 gum
2103 4309 129 40 Arabic,
2258 4311 35 33 in
2321 4314 40 32 30
2389 4325 36 21 or
2446 4316 40 31 40

1727 4359 119 23 ounces
1862 4349 35 34 of
1910 4355 110 34 water,
2037 4353 129 43 applied
2183 4356 72 34 four
2272 4359 96 34 times
2386 4360 98 45 daily,

1705 4396 2 54 i
1729 4396 99 41 Eight
1851 4396 96 42 drops
1970 4398 97 40 given
2083 4401 171 42 iawardlv,
2279 4417 80 23 once
2385 4408 101 42 daily,

1728 4448 151 36 prevents
1895 4443 185 44 effectually
2097 4451 260 34 contamination
2376 4454 35 32 of
2432 4455 54 33 the

1725 4488 75 33 ilzdoj
1815 4489 9 31 1
1842 4489 32 32 in
1891 4490 68 33 foul
1976 4491 135 35 disease.

1705 4575 4 51 i
1934 4584 348 40 CAUTION.

1753 4638 155 45 Sander
1957 4643 81 42 and
2082 4644 113 46 Soifs
2246 4648 220 59 Eucalypti

2024 4695 182 48 Extract.

1772 4745 59 35 (St.
1857 4746 86 31 Lous
1967 4747 136 34 Clinical
2121 4752 135 39 Record,
2281 4756 76 33 Jan.
2384 4758 104 35 1882).

1763 4792 152 40 Tl&card,
1942 4793 88 34 M.l).
2056 4796 75 34 Prof
2165 4798 37 34 of
2221 4801 181 46 Pathology
2427 4806 64 32 and

1733 4838 148 32 Diseases
1906 4842 30 29 of
1960 4840 53 33 the
2041 4843 102 37 Mind,
2176 4855 99 25 states
2289 4859 6 22 :
2322 4850 60 33 We
2408 4852 81 33 have

1731 4883 172 35 examined
1926 4885 66 35 hall
2015 4900 17 21 a
2049 4888 102 36 dozen
2169 4895 183 42 specimens
2369 4897 35 34 of
2423 4899 44 33 Eu-

1708 4932 4 52 ;
1730 4932 121 42 ealypti
1866 4934 143 33 Extract.
2040 4937 152 34 Sander's
2203 4944 209 40 preparation
2425 4958 66 20 was

1708 4977 4 55 |
1732 4977 54 31 the
1831 4979 76 41 only
1951 4991 60 21 one
2049 4982 108 34 which
2202 4989 214 43 corresponds
2459 5000 32 26 t©

1709 5029 8 39 ||
1733 5024 85 32 scien
1825 5024 63 32 tilic
1907 5029 88 30 tests.

1699 5069 1 61 ,
1710 5069 2 61 I
1774 5072 25 30 °
1806 5082 30 20 lU
1836 5082 6 6 '
1868 5075 207 40 preparation
2107 5077 26 32 is
2162 5078 55 33 the
2249 5081 78 44 only
2354 5083 138 47 existing

1699 5130 14 33 ,j
1735 5117 129 32 volatile
1889 5125 134 33 extract,
2048 5123 63 32 free
2129 5124 34 31 of
2183 5126 40 31 all
2248 5129 147 33 resinous
2420 5143 52 31 par-

1736 5163 99 32 tides.
1888 5164 54 32 Ail
1978 5166 94 34 other
2109 5174 222 40 preparations
2369 5176 35 33 of
2437 5178 53 34 the

1737 5209 213 41 Eucalyptus,
1977 5222 42 21 110
2046 5222 118 25 matter
2196 5229 104 22 wnere
2328 5224 146 32 liaanufac-

1699 5253 1 55 .
1736 5253 106 40 tnred,
1868 5266 53 21 are
1938 5256 108 41 crude,
2065 5261 145 34 resinous
2235 5264 70 37 oils,
2328 5269 164 39 irritating

1699 5303 15 32 J
1736 5299 65 33 and
1827 5301 178 44 blistering,
2030 5307 109 32 rather
2155 5312 134 40 causing
2307 5313 183 35 iraflamma-

1738 5352 65 25 hon
1828 5346 81 33 than
1934 5349 131 41 staying
2089 5357 33 33 it,
2140 5354 64 32 and
2228 5356 32 32 of
2282 5358 65 32 real
2373 5360 121 43 danger

1699 5393 1 52 ,
1783 5393 191 43 errcnousiy
1998 5396 130 43 applied
2150 5401 31 30 in
2206 5402 109 34 throat
2341 5405 150 40 diseases,

1699 5429 1 42 I
1740 5438 53 33 &c.

1699 5484 3 53 [
1780 5485 50 31 No
1858 5484 116 34 bottles
2161 5501 111 36 except
2293 5497 94 33 ihose
2414 5501 80 32 with

1699 5529 4 51 ,
1737 5529 100 33 labels
1865 5530 134 42 bearing
2026 5545 58 22 our
2111 5537 166 42 signature
2309 5545 64 32 and
2404 5548 91 32 trade

1739 5576 103 38 maik,
1874 5579 64 30 and
1963 5582 133 32 secured
2121 5587 125 32 outside
2271 5591 76 30 with
2373 5603 17 20 a
2417 5594 78 40 pink

1741 5632 143 34 wrapper
1922 5624 64 33 and
2023 5638 98 28 green
2167 5630 95 44 band,
2309 5636 53 35 the
2401 5639 94 35 latter

1740 5671 132 37 beaimg
1889 5682 58 21 our
1964 5673 137 33 location
2121 5680 62 29 and
2201 5688 175 34 signature.

1778 5714 184 35 Directions
1980 5723 46 27 tor
2042 5730 56 24 use
2114 5722 80 35 with
2212 5727 77 34 each
2308 5727 110 36 bottle..

1699 5807 4 55 t
1760 5807 285 36 SANDER
2095 5815 138 36 AND
2284 5821 191 38 SONS'

1933 5857 194 44 Sandhurst,
2146 5863 154 37 Victoria.

1699 5944 2 60 I
1794 5948 290 37 DUNCAN
2152 5957 206 38 M'LEA
2383 5964 28 33 N
2430 5990 5 14 ,

1947 6007 116 44 Agent,
2079 6012 85 43 Grey
2169 6017 124 34 mouth.

2599 224 100 37 THE
2727 223 164 36 STAMP
2920 225 103 45 ACT,
3052 226 102 37 1875.

2567 340 200 38 AUTIOX.
2775 339 276 38 —Transferors
3067 342 70 36 and
3148 347 106 34 trans

2610 395 51 36 for
2682 398 70 33 tees
2773 395 35 35 ia
2926 394 134 48 mining
3073 396 68 36 and
3155 397 102 37 other

2496 448 201 50 companies
2730 446 69 37 and
2833 446 166 37 societies
3030 460 60 24 are
3120 450 138 37 warned

2496 514 134 31 airainsi:
2661 502 190 47 executing
2883 515 62 33 any
2989 510 217 30 instrument
3225 504 37 37 of

2496 560 70 31 sale
2586 570 38 20 or
2646 556 154 34 transfer
2821 565 118 24 unless
2957 555 174 35 thenamo
3148 562 32 28 of
3202 557 58 35 the

2499 610 189 48 pureitaser
2724 622 38 22 or
2800 608 199 37 transferee
3040 607 30 37 is
3103 609 157 38 inserted

2498 665 135 33 therein
2670 671 37 26 at
2745 674 39 24 or
2818 663 119 33 before
2972 661 60 36 the
3071 670 188 29 execution

2499 725 44 25 fi'
2562 717 79 38 ieof,
2667 729 19 22 a
2708 715 188 36 maximum
2931 715 144 43 penalty
3095 718 38 33 of
3159 717 101 35 £IOO

2500 785 52 20 urn
2573 785 33 19 it
2655 769 134 36 section
2837 769 75 41 100,
2958 768 103 46 being
3097 769 162 36 incurred

2500 824 156 46 tuoreby.
2709 822 80 48 Any
2807 821 83 36 such
2908 821 227 45 instrument,
3152 834 84 25 more-

2499 891 95 24 over,
2614 890 35 18 so
2669 876 120 42 signed
2811 875 28 34 is
2870 875 202 43 absolutely
3094 877 78 32 void
3194 877 67 34 and

2500 927 229 49 inoperative,
2761 926 68 38 and
2858 925 84 37 does
2969 931 64 31 not
3053 926 118 38 divest
3203 927 60 37 the

2503 987 192 29 Irar.sfcror
2714 982 38 34 of
2785 981 51 33 his
2853 981 150 34 interest
3023 980 153 43 therein,
3194 982 68 35 and

2502 1034 40 36 he
2562 1047 149 23 remains
2732 1033 104 37 liable
2857 1034 147 34 thereon
3025 1045 36 23 as
3082 1033 28 35 if
3138 1033 40 36 he
3199 1033 64 39 bad

2503 1100 103 21 never
2627 1087 165 47 disposed
2813 1089 31 32 of
2880 1085 60 35 the
2961 1099 105 22 same.
3135 1085 34 36 If
3205 1087 59 36 the

2502 1144 196 30 transferor
2732 1140 40 35 be
2792 1153 19 21 a
2844 1138 156 36 licensed
3028 1138 237 38 sharebroker

2503 1193 49 33 his
2575 1193 128 33 license
2738 1192 28 35 is
2799 1191 167 36 forfeited
2999 1204 44 22 on
3064 1192 201 36 conviction

2502 1247 64 31 and
2589 1244 190 35 thereafter
2810 1244 41 34 he
2870 1243 28 34 is
2928 1242 221 49 disqualified
3182 1244 88 36 from

2502 1297 118 44 acting
2652 1310 36 21 as
2723 1310 17 21 a
2763 1296 128 35 broker
2910 1308 39 23 or
2981 1298 88 33 from
3107 1294 123 50 having
3255 1311 17 22 a

2505 1348 90 36 tresh
2618 1348 131 37 license
2762 1348 117 37 issued
2900 1354 36 29 to
2954 1348 80 37 him.

2600 1478 301 37 POSTAGE
2952 1479 224 38 KATES.

2731 1623 106 25 TOWN
2868 1623 175 26 LETTERS.

2553 1665 131 36 Posted
2718 1672 37 29 at
2782 1679 68 33 any
2884 1666 86 35 Post
3004 1665 110 38 Office
3151 1666 123 38 within

2507 1727 57 37 the
2585 1729 123 49 colony
2729 1731 53 35 tor
2801 1728 156 52 delivery
2975 1734 36 33 at
3030 1742 38 25 or
3082 1729 89 39 from
3187 1731 87 38 such

2510 1792 82 35 Post
2615 1794 110 35 Office
2745 1807 57 21 :

2510 1860 66 38 Not
2597 1862 192 48 exceeding
2808 1861 73 39 half
2899 1876 42 24 an
2962 1877 114 24 ounce
3142 1896 36 7 ...
3236 1865 42 37 Id

2513 1917 196 45 Exceeding
2729 1917 74 35 half
2819 1931 43 21 an
2882 1931 124 31 ounce,
3038 1921 62 34 but
3120 1925 64 29 not

2553 1969 193 43 exceeding
2766 1981 68 25 one
2853 1982 113 25 ounce
3142 2002 36 8 ...
3234 1972 44 36 2d

2512 2021 64 36 Kit
2594 2035 107 35 every
2724 2022 73 36 half
2813 2036 113 23 ounce
2945 2037 82 23 over
3047 2037 67 24 one
3144 2055 36 8 ...
3237 2026 44 37 Id

2703 2102 177 26 COUNTRY
2900 2104 176 27 LETTERS.

2561 2143 123 37 Posted
2707 2151 35 27 at
2761 2157 66 34 any
2860 2150 79 40 post
2957 2145 100 37 office
3077 2147 121 36 within
3220 2147 61 38 the

2509 2210 122 44 coiony
2670 2212 53 32 lor
2761 2208 158 47 delivery
2950 2215 38 30 at
3020 2223 39 23 or
3091 2211 89 36 from
3214 2225 69 35 any

2510 2271 101 35 other
2627 2278 76 41 post
2719 2270 98 38 office
2840 2270 121 40 within
2983 2272 60 38 the
3058 2275 129 49 colony
3203 2291 56 22 :

2515 2340 68 35 Not
2604 2341 193 48 exceeding
2816 2341 75 38 half
2907 2355 43 25 an
2971 2357 114 25 ounce
3145 2377 35 13 ...
3236 2347 43 38 2d

2515 2397 197 45 Kxceeding
2733 2396 71 37 half
2822 2411 41 22 an
2885 2411 125 34 ounce,
3030 2400 63 36 but
3123 2406 64 31 not

2556 2450 192 46 exceeding
2764 2461 66 24 one
2849 2462 115 26 ounce
3145 2484 37 8 ...
3236 2454 45 37 4d

2515 2500 65 37 For
2615 2517 8 20 (
2637 2516 82 33 very
2749 2502 76 38 half
2857 2517 114 25 ounce
3001 2519 85 24 over
3121 2521 68 24 one

2558 2568 114 23 ounce
2766 2587 36 7 ...
2957 2589 36 7 ...
3146 2591 36 8 ...
3237 2562 45 36 2d

2664 2648 239 28 AUSTRALIAN
2930 2650 198 29 COLONIES.

2519 2709 68 36 Not
2606 2711 193 46 exceeding
2820 2712 75 37 half
2917 2727 43 23 an
2980 2728 114 24 ounce
3147 2748 37 8 ...
3236 2719 48 37 2d.

2519 2763 195 47 Exceeding
2733 2763 76 36 half
2835 2777 44 23 an
2897 2778 125 33 ounce,
3046 2768 63 36 bat
3127 2775 63 31 not

2559 2818 193 44 exceeding
2771 2830 66 23 one
2858 2832 113 24 ounce
3148 2853 36 7 ...
3236 2825 49 37 4d

2518 2867 64 37 For
2617 2881 103 38 every
2752 2868 75 39 half
2859 2884 113 25 ounce
3008 2885 83 26 over
3123 2888 67 26 one

2561 2936 113 25 ounce
2768 2953 38 11 ...
2957 2956 38 10 ...
3147 2961 37 9 ...
3236 2931 48 39 2d

2541 3015 172 25 ENGLAND
2740 3017 76 24 AND
2843 3017 170 26 FOREIGN
3032 3019 225 31 COUNTRIES.

2728 3091 68 35 Per
2815 3092 93 34 Half
2938 3093 138 37 Ounce.

2521 3140 130 38 United
2677 3142 190 47 Kingdom,
2900 3145 54 37 via
2983 3149 68 33 San
3079 3147 90 37 Fran-

2562 3206 93 24 cisco
2674 3194 69 37 and
2770 3197 89 36 Suez
3149 3225 40 12 ...
3239 3204 49 39 6d

2522 3248 129 35 United
2689 3251 119 35 States
2843 3250 38 36 of
2921 3251 177 47 America,
3140 3257 55 34 via

2563 3300 67 34 San
2655 3300 193 37 Francisco
3154 3337 36 8 ...
3243 3310 47 37 (3d

2517 3351 184 37 Sandwich
2721 3352 153 48 Islands,
2903 3355 55 37 via
2992 3355 70 38 San
3081 3357 112 39 Fran-

2564 3417 65 21 clfcL
2630 3418 27 21 *°
2961 3439 36 8 ...
3151 3442 36 8 ...
3243 3416 47 36 6d

2519 3455 180 38 Canadian
2744 3457 226 50 Dominions,
3013 3462 56 37 via
3126 3463 70 40 San

2566 3510 193 36 Francisco
2963 3545 35 7 ...
3152 3549 37 8 _
3245 3521 45 37 gd

2523 3561 128 36 British
2675 3563 189 38 Columbia
2962 3598 36 8 ...
3151 3601 39 9 ...
3255 3575 14 35 ]
3277 3589 15 22 g

2522 3614 101 36 West
2643 3614 122 38 Indies
2960 3650 36 9 ...
3150 3654 36 10 §><

2520 3667 152 45 Mexico,
2692 3669 53 37 via
2761 3669 69 38 San
2852 3671 196 40 Fraacisco
3151 3708 37 9 ...
3253 3684 12 34 ]
3276 3696 15 21 g

2520 3721 145 34 Central
2691 3722 164 37 America
3151 3761 36 8 ...
3254 3734 19 36 l
3277 3748 16 23 g

2515 3773 115 44 .South
2651 3773 174 49 America,
2843 3775 53 40 yia
2913 3777 68 39 San
2999 3779 193 43 Francisco
3253 3790 38 37 U

2775 3857 21 24 2*
2808 3858 229 29 EWSPAPERS.

2524 3911 126 37 Posted
2686 3926 19 22 a
2754 3926 68 34 any
2853 3916 101 38 office
2987 3919 123 39 within
3139 3922 60 39 the

2565 3966 124 47 colony
2710 3974 55 29 tor
2784 3968 156 50 delivery
2959 3977 37 30 at
3023 3973 60 36 the
3102 3989 95 24 same

2964 4053 36 7 ...
3152 4052 40 10 ...

2525 4068 126 38 Posted
2682 4080 37 26 at
2750 4083 70 38 any
2852 4072 98 39 office
2983 4075 124 39 within
3135 4080 62 39 the

2566 4123 125 48 colony
2712 4124 52 36 for
2785 4125 153 48 delivery
2959 4135 37 30 at
3010 4142 68 36 any
3095 4133 105 38 other

2568 4174 96 38 office
2684 4176 120 36 within
2825 4177 59 37 the
2904 4180 127 48 colony
3157 4217 37 9 ...
3249 4191 44 36 i-d

2523 4227 205 39 Australian
2747 4229 168 40 Colonies
3160 4274 36 6 _
3252 4245 42 38 Jd

2525 4281 132 37 United
2680 4283 183 47 Kingdom
3157 4325 6 7 t
3250 4299 42 37 i^

2709 4364 69 39 Vii
2797 4367 68 36 San
2895 4368 210 43 Francisc©.

2503 4426 2 56 !
2523 4426 133 38 United
2680 4429 119 36 States
2818 4431 35 35 of
2871 4432 168 40 America
3159 4473 35 7 ...
3251 4446 43 36 id

2524 4480 184 37 Sandwich
2726 4481 142 39 Islands
3251 4500 43 37 i^

2525 4534 178 36 Canadian
2725 4535 213 40 Dominions
3157 4579 7 6 #
3250 4553 41 35 2^

2530 4586 128 36 British
2682 4588 188 40 Columbia
3248 4607 46 35 2d

2531 4638 97 36 West
2649 4639 122 38 Indies
3248 4659 46 35 2d

2524 4689 145 38 Mexico
3249 4712 45 35 2d

2526 4743 145 35 Central
2693 4746 163 38 America
3250 4763 44 37 2d

2506 4795 2 58 i
2525 4795 114 37 South
2659 4799 187 40 Amerrica
3159 4843 6 7 #
3250 4817 44 36 2d

2761 4880 101 29 BOOK
2889 4885 166 30 PACKETS

2507 4938 2 56 !
2531 4942 125 36 Ported
2689 4948 36 30 at
2754 4958 68 36 any
2853 4951 97 35 office
2983 4955 124 34 within
3140 4957 61 36 the

2572 4995 126 50 colony
2717 4996 56 37 for
2791 4999 154 49 delivery
2964 5011 36 29 at
3020 5003 59 39 the
3094 5020 107 36 same,

2575 5049 120 36 within
2733 5052 61 35 the
2830 5054 137 49 colony,
3003 5057 60 37 the
3107 5062 94 37 Aus*

2573 5103 78 33 trail
2658 5115 42 24 an
2722 5104 166 47 colonics,
2906 5122 38 21 or
2973 5109 61 38 the
3066 5111 137 42 United

2577 5153 180 43 Kingdom
2858 5189 35 9 ...
2996 5164 62 36 ioz
3161 5199 35 8 ...
3253 5173 41 37 id

2857 5240 36 8 •••
2993 5217 64 33 2oz
3159 5249 36 9 ...
3250 5226 44 33 2d

2625 5256 53 38 Do
2857 5293 37 9 »•
2996 5265 59 45 Hb
3158 5302 37 10 ...
3250 5276 44 37 u

2508 5290 48 84 !,,
2621 5310 57 36 Bo
2711 5363 47 7 ...
2782 5364 7 8 .
2858 5345 36 9 -
2998 5320 59 35 llb
3159 5355 36 9 ...
3250 5330 44 37 B<d

2510 5366 1 49 i
2535 5366 109 44 Kvery
2679 5366 194 37 additional
2902 5371 131 44 pound,
3051 5386 40 24 or
3110 5374 94 41 frac-

2510 5414 2 60 I
2575 5414 111 37 ticnal
2702 5423 80 43 part
2801 5419 35 36 of
2854 5433 19 23 a
2893 5424 122 45 pouud
3162 5463 37 9 ...
3255 5437 39 37 gj

2730 5497 67 37 Via
2816 5499 68 37 San
2907 5500 203 46 Francisco.

2512 5568 2 58 |
2533 5568 132 37 United
2702 5571 130 44 States,
2863 5588 105 36 every
3005 5580 59 42 fib
3167 5617 35 9 ...

2495 5621 1 59 ,
2532 5621 181 40 Sandwich
2737 5624 134 41 Islands
3016 5665 19 15 J}

2533 5676 177 37 Canadian
2732 5680 210 39 Dominions
3257 5701 37 18 v.

2536 5724 129 40 Brit'sh
2689 5730 187 42 Columbia
3031 5716 7 17 '

2538 5780 99 37 West
2657 5783 125 38 Indies
3276 5808 18 10 ~
