2510 4020
685 1281 59 26 April
759 1281 35 24 21,
813 1278 101 22 schooner
931 1279 155 25 Perseverance,
1105 1277 87 27 Bishop,
1208 1276 32 21 for

659 1308 85 21 Nelson.

686 1336 58 26 April
752 1335 35 25 22,
797 1334 103 21 schooner
909 1334 69 25 Ariel,
990 1333 49 25 146,
1048 1332 144 25 Mulholland,
1208 1331 32 21 for

659 1363 36 19 the
704 1366 62 16 coast.

2023 122 40 25 He
2081 130 46 15 was
2144 122 130 32 pursuaded
2291 122 49 25 that
2358 131 30 16 no
2405 124 60 33 large

1882 164 51 17 sum
1944 164 47 16 was
2007 155 114 30 required.
2164 154 50 25 Mr.
2233 155 77 24 David
2321 156 66 24 Scott
2396 159 68 30 spoke

1881 194 23 19 at
1915 189 81 30 length
2006 190 26 22 in
2041 192 97 27 support
2149 188 26 23 of
2187 187 40 24 the
2238 188 152 25 amendment.

1915 223 49 24 Mr.
1976 221 137 25 Wicksteed
2123 221 71 30 urged
2204 221 39 23 the
2253 223 101 30 meeting
2365 227 22 18 to
2400 223 66 33 adopt

1881 255 39 24 the
1931 256 133 28 resolution,
2081 254 132 31 remarking
2232 254 49 23 that
2298 256 116 29 questions
2428 264 36 17 re-

1881 290 107 30 specting
1997 288 39 24 the
2046 287 96 32 validity
2158 287 27 23 of
2206 287 122 32 purchases
2344 288 45 24 and
2404 289 62 26 other

1881 326 95 19 matters
1992 321 109 31 affecting
2119 321 38 23 the
2176 321 62 22 titles
2257 325 23 19 to
2297 321 57 24 land
2370 321 49 24 sold
2434 323 30 32 by

1881 355 40 23 the
1942 355 97 27 natives,
2064 353 67 24 could
2149 353 54 31 only
2219 353 31 24 be
2267 354 83 24 settled
2368 354 32 32 by
2417 355 45 26 Mr.

1883 388 79 32 Spain,
1972 387 40 24 the
2024 386 68 25 Land
2105 387 184 24 Commissioner.

1916 421 49 23 Mr.
1977 420 80 24 Nixon
2069 420 26 23 of
2109 419 132 31 Wanganui
2259 420 98 24 detailed
2371 420 39 24 the
2426 430 38 17 an-

1881 461 115 23 noyances
2008 457 24 19 to
2046 453 77 23 which
2139 452 29 24 he
2184 460 47 16 was
2248 453 116 31 subjected
2382 454 30 31 by
2430 455 35 25 the

1883 487 104 28 Natives,
1999 487 42 22 but
2052 493 58 24 gave
2120 486 19 23 it
2147 493 26 16 as
2182 486 39 23 his
2239 486 51 23 firm
2311 487 93 30 opinion
2420 488 46 26 that

1883 528 45 22 any
1945 527 63 16 more
2027 523 108 27 payment
2151 526 47 17 was
2217 519 96 29 useless,
2333 520 46 23 and
2390 522 75 25 -would

1882 557 42 19 not
1935 552 81 32 satisfy
2026 552 38 24 the
2074 552 95 24 Natives
2181 559 43 16 nor
2234 556 95 27 prevent
2344 561 16 15 a
2375 557 92 23 renewal

1883 587 27 22 of
1924 587 60 23 their
2000 586 130 23 exorbitant
2146 585 109 24 demands
2265 585 35 24 for
2312 585 69 25 casks
2391 587 42 24 full
2447 590 20 23 of

2114 618 42 24 &c.
2204 618 109 31 Physical
2335 619 63 24 force
2419 622 48 32 only

1883 653 75 23 would
1969 652 69 23 make
2048 652 65 23 them
2128 651 58 31 keep
2206 651 40 24 the
2262 660 70 23 peace
2349 653 47 23 and
2412 655 54 24 stick

1883 691 24 18 to
1919 686 59 24 their
1986 686 117 29 bargains.

1910 719 56 24 •Mr.
1986 719 105 24 Churton
2103 718 25 24 of
2140 718 134 31 Wanganui
2288 718 119 25 confessed
2423 720 42 26 that

1883 753 29 23 he
1925 752 149 31 experienced
2085 760 29 15 no
2127 752 111 31 difficulty
2248 753 25 22 in
2283 752 120 32 obtaining
2417 761 48 24 pos-

1885 787 88 22 session
1986 786 26 23 of
2026 785 36 24 his
2077 785 55 24 land
2139 794 7 20 ;
2165 785 43 23 but
2225 785 29 24 he
2271 785 132 25 considered
2412 787 53 25 him-

1885 820 45 23 self
1949 827 56 22 very
2027 818 79 31 lucky,
2134 826 24 16 as
2180 818 40 24 the
2240 819 90 24 settlers
2357 821 108 32 generally

1885 852 67 24 could
1962 856 42 20 not
2014 856 39 27 get
2064 852 79 23 theirs.
2179 851 41 24 He
2233 852 72 31 really
2316 851 97 33 thought
2424 854 41 25 that

1885 886 24 23 in
1921 893 63 16 some
1994 886 116 23 instances
2121 885 37 24 the
2170 884 55 25 land
2240 885 45 24 had
2295 889 41 20 not
2346 886 58 23 been
2419 888 46 30 paid

1883 919 45 28 for,
1940 919 46 23 and
1996 918 82 24 thence
2097 926 62 16 arose
2179 918 38 24 the
2236 918 110 32 difficulty
2362 919 54 24 with
2432 921 33 24 the

1885 951 106 22 Natives.

1919 985 70 23 Some
2015 983 78 25 rather
2115 983 116 32 desultory
2253 986 157 24 conversation
2430 994 35 17 en-

1885 1018 64 28 sued,
1968 1017 47 24 and
2032 1017 39 23 the
2083 1016 123 25 Chairman
2222 1022 43 27 put
2283 1018 48 24 Mr.
2349 1018 116 26 Wallace's

1885 1051 147 23 amendment
2042 1055 24 18 to
2078 1050 38 24 the
2127 1051 109 31 meeting.
2270 1050 58 24 Five
2337 1051 73 25 hands
2419 1053 46 32 only

1885 1091 60 16 were
1956 1083 55 24 held
2027 1091 31 24 up
2069 1083 37 24 for
2125 1084 24 28 it,
2168 1084 45 23 and
2225 1084 39 24 the
2275 1085 97 31 original
2387 1087 78 23 motion

1885 1125 47 16 was
1944 1116 88 24 carried
2040 1117 32 29 by
2084 1117 156 25 acclamation.

1920 1150 51 24 The
1982 1150 119 31 following
2111 1150 130 31 gentlemen
2252 1159 57 16 were
2327 1152 119 32 appointed
2454 1162 11 15 a

1886 1183 133 31 deputation
2030 1187 22 19 to
2065 1184 53 23 wait
2130 1191 27 16 on
2170 1183 48 25 Mr.
2232 1184 111 30 Murphy.

2056 1216 95 24 Colonel
2159 1217 137 30 Wakefield,

2024 1253 5 6 '
2055 1250 51 24 Mr.
2118 1250 156 31 Molesworth,

2055 1283 46 24 Dr.
2113 1283 88 29 Evans,

2057 1316 97 32 Captain
2165 1317 102 30 Daniell,

2055 1349 51 24 Mr.
2118 1350 94 30 Dorset,

2032 1407 6 3 .
2054 1383 51 24 Mr.
2118 1384 78 29 Wade,

2056 1417 51 23 Mr.
2118 1417 143 24 Wicksteed.

1921 1451 40 23 On
1970 1449 124 31 Thursday
2101 1451 37 23 the
2150 1451 141 31 Deputation
2300 1453 82 24 waited
2393 1462 27 16 on
2431 1454 30 25 the

1887 1484 71 23 Chief
1966 1483 79 24 Police
2064 1483 135 32 Magistrate
2212 1486 45 23 and
2274 1486 91 25 showed
2375 1487 46 24 him
2431 1488 30 24 the

1885 1517 134 24 resolution.
2055 1516 31 24 In
2097 1518 62 31 reply
2167 1518 49 24 Mr.
2229 1519 103 32 Murphy
2340 1521 75 23 stated
2422 1522 39 23 that

1886 1551 29 23 he
1927 1551 41 23 felt
1981 1551 71 22 entire
2064 1551 95 24 reliance
2173 1559 30 16 on
2215 1552 38 23 the
2266 1553 117 24 readiness
2395 1554 24 24 of
2431 1555 30 23 the

1886 1584 141 23 inhabitants
2038 1584 27 23 of
2079 1584 58 24 Port
2152 1585 134 30 Nicholson,
2307 1591 24 18 to
2342 1587 38 23 aid
2391 1587 44 24 him
2445 1589 16 22 in

1886 1617 39 23 the
1939 1618 119 22 execution
2069 1617 27 23 of
2109 1617 38 24 the
2156 1618 52 28 law,
2229 1619 45 24 and
2285 1619 50 24 that
2351 1618 30 25 he
2393 1621 68 24 should

1886 1650 60 23 avail
1956 1650 95 23 himself
2060 1650 26 23 of
2100 1651 57 23 their
2175 1653 132 28 assistance,
2327 1653 65 24 when
2402 1655 22 23 in
2434 1655 27 23 his

1887 1684 92 30 opinion
1990 1691 105 16 recourse
2106 1688 23 19 to
2140 1685 18 22 it
2170 1692 45 17 was
2227 1685 128 30 expedient.

879 1413 35 21 IN
928 1413 87 21 PORT.

714 1450 80 24 Barque
805 1447 112 27 Clydeside,
928 1446 130 23 Mathieson.

713 1478 106 19 Schooner
830 1476 105 20 Governor
943 1476 94 23 Hobson,
1048 1474 96 21 Skelton.

714 1505 80 25 Barque
804 1503 125 25 Brougham,
940 1502 118 21 Robinson.

715 1531 105 21 Schooner
829 1531 100 23 Blossom,
940 1530 81 21 Tulett.
1056 1548 6 6 %

716 1559 72 21 Cutter
796 1559 68 25 Royal
874 1558 101 24 William,
985 1558 84 20 Lovett.

715 1587 105 21 Schooner
827 1587 75 23 Mana,
912 1585 68 21 Wild.

714 1625 25 5 —
739 1625 20 4 —
834 1613 73 23 Anita,
917 1613 78 20 Beech.

715 1643 49 26 Ship
774 1641 89 20 Martha
871 1641 109 24 Ridgway,
991 1639 75 21 Webb.

714 1668 120 27 Brigantine
846 1668 120 25 Vanguard,
977 1667 95 25 Murray.

715 1697 72 20 Cutter
800 1696 108 20 Catherine
917 1695 110 24 Johnston,
1038 1693 85 27 Taylor.

716 1724 105 20 Schooner
828 1723 61 24 Lady
897 1723 75 25 Leigh,
982 1721 81 21 Roche.

714 1751 49 26 Brig
772 1751 77 23 James,
860 1750 63 20 Ross.

715 1778 105 21 Schooner
830 1777 117 24 Catherine,
958 1777 135 24 Bunnatyne.

785 1815 39 5 —
836 1805 58 25 Bory
907 1805 93 25 O'More,
1012 1804 77 20 Muan.

716 1834 105 21 Schooner
829 1832 62 25 Kate,
902 1832 140 20 Macfarlane.

714 1861 48 24 Brig
775 1860 100 25 Victoria,
887 1859 112 20 Richards.

743 1920 293 25 METEOROLOGICAL
1048 1919 110 23 TABLE.

678 1959 41 21 For
727 1958 35 21 the
771 1956 55 21 week
834 1956 75 24 ending
921 1955 118 25 Thursday,
1048 1954 66 26 April
1123 1954 35 24 21,
1170 1953 59 20 1842.

1404 469 131 23 PUBLIC
1552 468 172 24 MEETING.

1301 514 52 24 The
1363 511 143 32 Wellington
1523 511 128 32 Exchange
1662 519 47 16 was
1721 510 134 33 completely

1267 547 64 24 filled
1350 555 29 16 on
1406 545 148 31 Wednesday
1575 545 68 31 night
1658 545 35 31 by-
1712 545 140 23 inhabitants

1269 581 25 23 of
1314 580 57 24 Port
1390 580 135 28 Nicholson,
1549 578 128 24 assembled
1692 582 24 19 to
1733 577 55 24 take
1806 578 48 23 into

1269 613 167 24 consideration
1453 613 40 23 the
1507 619 118 17 measures
1636 612 26 23 fit
1682 616 23 19 to
1718 611 29 24 be
1759 610 96 32 adopted

1268 647 25 23 in
1304 654 155 24 consequence
1471 646 26 24 of
1512 646 40 23 the
1570 649 78 20 recent
1658 649 107 26 outrages
1776 644 25 24 of
1816 644 39 23 the

1269 679 102 24 Maofies
1382 681 24 22 in
1418 680 39 23 the
1474 679 99 24 Porirua
1584 678 95 30 district,
1693 678 45 24 and
1749 682 23 20 at
1782 677 73 24 Wan-

1268 714 79 29 ganui.
1382 713 49 23 Mr.
1444 713 93 30 George
1546 712 80 24 White
1638 712 24 23 of
1678 712 85 24 Petoni
1772 719 45 16 was
1831 712 24 22 in

1269 746 38 23 the
1326 746 70 24 chair.
1431 746 69 24 After
1523 749 134 20 statements
1676 745 32 31 by
1719 744 48 24 Mr.
1787 744 66 29 Torr,

1269 779 46 23 and
1333 780 49 23 Mr.
1403 779 109 24 Brandon
1529 779 25 23 of
1568 778 39 23 the
1627 778 98 24 Porirua
1742 778 71 28 affair,
1831 778 25 22 in

1269 813 122 23 substance
1410 813 41 23 the
1471 820 64 16 same
1558 819 26 15 as
1606 811 50 24 that
1677 812 68 31 given
1766 812 25 22 in
1811 811 45 23 last

1270 846 133 31 Saturday's
1418 846 102 28 Gazette,

1302 879 50 24 Mr.
1372 879 85 23 Stokes
1478 877 121 25 addressed
1617 877 38 24 the
1671 877 110 31 meeting.
1817 876 39 24 He

1269 912 38 23 did
1318 916 40 19 not
1368 912 97 31 pretend
1478 916 23 19 to
1512 912 61 30 deny
1584 910 50 25 that
1650 911 38 23 the
1700 910 156 24 Government

1268 945 46 23 had
1329 945 59 24 been
1404 950 25 18 to
1446 945 76 23 blame
1538 945 26 22 in
1581 949 42 19 not
1647 943 138 32 sufficiently
1801 951 54 24 pro-

1269 979 86 29 tecting
1364 978 38 23 the
1415 978 90 23 settlers
1523 978 91 30 against
1629 977 37 23 the
1683 977 97 23 Natives
1789 985 5 20 ;
1815 976 41 23 but

1268 1018 59 17 were
1338 1011 63 23 there
1418 1018 30 16 no
1462 1010 64 23 other
1542 1010 87 31 parties
1643 1014 22 18 to
1674 1010 76 23 blame
1756 1010 10 23 1
1802 1008 54 24 Had

1268 1048 40 19 not
1330 1044 39 23 the
1391 1044 59 23 New
1473 1043 102 24 Zealand
1598 1042 118 32 Company
1718 1055 33 3 —
1751 1042 46 23 had
1817 1046 39 19 not

1268 1077 59 24 their
1339 1076 118 30 Principal
1468 1077 79 29 Agent
1557 1076 60 23 been
1629 1076 102 30 culpable
1739 1076 10 23 ?—?
1750 1088 35 4 —

1302 1110 65 24 Here
1385 1118 14 15 a
1410 1115 73 18 storm
1495 1109 25 24 of
1535 1116 84 24 groans
1631 1109 45 24 and
1685 1109 83 28 hisses,
1785 1109 72 23 inter-

1268 1143 102 32 mingled
1380 1143 54 24 with
1447 1152 14 14 a
1471 1150 55 23 very
1533 1143 44 23 few
1584 1142 78 24 cheers
1671 1142 125 31 prevented
1806 1142 49 24 Mr.

1270 1177 85 24 Stokes
1377 1177 59 23 from
1458 1175 147 32 proceeding.
1640 1175 65 24 With
1728 1183 62 16 some
1813 1175 44 24 dif-

1268 1211 80 30 ficulty
1358 1210 39 24 the
1410 1210 125 23 Chairman
1548 1209 112 31 procured
1670 1209 49 23 him
1730 1217 15 15 a
1754 1208 102 31 hearing,

1269 1244 45 23 and
1325 1244 55 23 then
1391 1243 48 24 Mr.
1454 1242 85 24 Stokes
1549 1246 43 27 put
1599 1243 117 29 questions
1727 1247 24 18 to
1764 1242 94 24 Colonel

1269 1277 129 23 Wakefield
1408 1276 57 24 with
1481 1276 39 23 the
1531 1276 65 28 view,
1617 1275 29 24 he
1663 1276 57 29 said,
1741 1275 25 23 of
1782 1283 75 16 ascer-

1269 1311 88 30 taining
1366 1310 102 24 whether
1479 1309 29 24 he
1518 1309 46 23 had
1575 1309 129 31 performed
1719 1309 37 23 his
1768 1309 54 31 duty
1832 1309 26 22 in

1270 1344 119 31 apprizing
1410 1343 39 23 the
1472 1342 80 24 Police
1575 1342 146 31 Magistrate,
1749 1342 44 23 and
1818 1342 39 23 the

1270 1377 119 24 Directors
1401 1377 30 23 of
1444 1377 40 22 the
1504 1376 59 23 New
1575 1375 101 24 Zealand
1689 1376 125 31 Company,
1835 1375 25 24 of

1270 1410 38 24 the
1319 1410 95 31 injuries
1426 1409 118 24 sustained
1554 1409 31 31 by
1596 1408 40 24 the
1647 1409 90 24 settlers
1748 1409 60 23 from
1818 1408 39 24 the

1270 1444 88 23 natives
1368 1444 10 23 ?

1305 1476 94 24 Colonel
1416 1476 131 24 Wakefield
1564 1483 63 17 came
1644 1476 96 24 forward
1756 1476 45 23 and
1811 1483 46 16 was

1270 1510 104 24 received
1383 1509 56 24 with
1449 1509 55 24 loud
1515 1509 46 23 and
1571 1510 55 30 long
1638 1509 120 24 continued
1769 1509 87 24 cheers.

1272 1544 40 23 He
1331 1543 73 24 stated
1421 1543 37 23 his
1478 1542 116 24 readiness
1613 1547 23 19 at
1652 1543 30 23 all
1693 1544 67 22 times
1772 1547 23 19 to
1806 1544 52 29 give

1270 1577 147 24 information
1433 1580 25 19 to
1469 1576 38 23 the
1523 1576 98 28 settlers,
1639 1576 67 23 when
1726 1576 89 31 applied
1834 1580 24 19 to

1270 1610 31 31 by
1312 1610 136 24 individuals
1460 1613 25 19 at
1500 1608 38 24 his
1549 1617 50 15 own
1611 1609 79 29 house,
1711 1617 33 21 or,
1763 1617 25 15 as
1798 1617 59 21 now,

1271 1644 30 30 by
1312 1651 14 16 a
1342 1643 76 31 public
1435 1643 109 29 meeting.
1581 1643 37 23 Of
1630 1643 37 23 the
1687 1643 108 30 meeting,
1814 1642 44 23 and

1270 1676 39 24 the
1321 1685 78 15 course
1417 1675 109 23 intended
1542 1679 24 19 to
1585 1676 30 23 be
1632 1676 99 31 pursued
1742 1680 24 19 at
1785 1676 25 28 it,
1829 1675 29 23 he

1270 1710 47 23 had
1333 1717 67 16 never
1417 1709 59 23 been
1493 1708 113 24 informed
1622 1709 30 31 by
1670 1709 67 23 those
1747 1709 50 23 who
1814 1709 45 23 had

1271 1747 40 27 got
1322 1744 20 22 it
1352 1751 39 22 up.
1427 1742 52 24 The
1490 1742 51 23 first
1554 1742 146 24 information
1717 1742 29 23 he
1757 1742 46 23 had
1813 1749 46 16 was

1271 1777 60 22 from
1342 1784 14 15 a
1370 1774 117 25 hand-bill
1498 1782 29 16 on
1539 1783 13 15 a
1568 1775 49 29 tub,
1634 1775 75 24 which
1726 1775 73 24 stated
1810 1775 50 24 that

1272 1810 19 22 it
1301 1817 46 16 was
1357 1809 74 31 hoped
1447 1808 31 23 he
1490 1808 74 23 would
1575 1809 77 23 attend
1662 1809 40 23 the
1710 1810 103 29 -meeting
1824 1813 35 19 to-

1272 1843 80 31 gether
1357 1842 59 23 with
1423 1841 49 24 Mr.
1479 1841 134 30 Halsewell,
1624 1842 44 23 and
1674 1842 49 23 Mr.
1731 1842 127 31 Murphy*.

1273 1876 24 23 It
1319 1876 119 31 appeared,
1451 1874 54 24 that'
1518 1882 43 16 one
1573 1875 113 32 principal
1697 1875 75 32 object
1782 1883 45 16 was
1838 1881 22 18 to

1273 1909 77 24 attack
1368 1909 48 23 him
1436 1916 26 16 as
1479 1907 39 24 the
1533 1908 81 31 Agent
1632 1909 25 24 of
1671 1909 40 23 the
1726 1909 58 23 New
1801 1909 59 24 Zea-

1272 1942 55 24 land
1340 1942 119 31 Company
1468 1951 6 19 ;
1493 1941 43 24 but
1554 1941 30 24 he
1596 1942 65 24 could
1679 1946 59 20 state
1754 1942 26 24 in
1794 1943 67 30 reply

1273 1980 24 19 to
1317 1976 49 23 Mr.
1389 1975 106 23 Stokes's
1508 1975 126 30 questions,
1654 1975 50 24 that
1720 1975 31 23 he
1770 1975 46 23 had
1832 1984 30 15 on

1274 2008 31 24 all
1325 2008 116 24 occasions
1460 2008 67 23 when
1544 2008 176 24 circumstances
1738 2008 72 23 called
1826 2009 36 23 for

1273 2041 37 23 his
1341 2041 159 29 interference,
1526 2041 92 31 applied
1646 2046 22 18 to
1696 2041 41 24 Mr
1759 2041 103 32 Murphy

1274 2074 35 23 for
1326 2074 40 24 the
1383 2074 171 35 protectionist'
1569 2074 39 23 the
1625 2074 105 30 settlers;
1750 2074 44 24 and
1812 2075 48 24 Mr.

1275 2107 103 32 Murphy
1389 2107 45 23 had
1451 2106 124 31 uniformly
1586 2107 69 30 given
1665 2107 50 23 him
1728 2107 32 23 all
1775 2107 38 23 the
1824 2116 38 15 as-

1276 2141 98 23 sistance
1385 2141 25 22 in
1420 2140 37 23 his
1468 2147 83 24 power.
1588 2140 96 24 Besides
1695 2140 106 31 frequent
1810 2149 52 16 ver-

1274 2173 39 24 bal
1324 2174 201 23 communications
1537 2173 30 23 he
1575 2173 46 24 had
1631 2182 25 15 as
1667 2173 56 32 long
1734 2182 42 23 ago
1788 2182 24 16 as
1824 2174 38 24 the

1276 2207 42 24 4th
1330 2207 26 24 of
1370 2207 59 23 June
1440 2206 54 28 last,
1512 2206 51 32 just
1578 2206 57 24 after
1655 2206 145 32 Rangaiheta
1818 2207 45 24 had

1275 2240 89 24 broken
1375 2248 31 23 up
1424 2240 39 23 the
1482 2240 98 23 Porirua
1598 2240 63 29 road,
1683 2245 51 19 sent
1752 2248 14 15 a
1782 2240 81 24 formal

1276 2274 45 23 and
1333 2274 83 23 official
1426 2273 68 23 letter
1505 2277 23 20 to
1540 2273 49 24 Mr.
1602 2273 105 32 Murphy
1718 2282 29 16 on
1758 2274 39 23 the
1808 2274 55 23 sub-

1273 2307 56 32 ject.
1365 2307 39 23 He
1415 2306 48 24 had
1473 2306 48 24 also
1533 2314 30 16 on
1575 2306 39 24 the
1626 2307 41 24 Bth
1679 2307 25 23 of
1718 2307 60 24 June
1787 2312 51 18 sent
1848 2315 14 16 a

1277 2345 79 26 strong
1366 2340 180 32 representation
1554 2340 25 23 of
1587 2340 38 24 the
1638 2348 50 16 case
1696 2344 23 19 to
1730 2340 39 24 the
1780 2340 83 24 Direc-

1276 2378 54 20 tors-
1336 2373 25 24 of
1377 2373 38 24 the
1434 2373 61 23 New
1512 2373 104 24 Zealand
1632 2374 126 31 Company.
1792 2374 71 24 From

1276 2407 39 24 the
1327 2407 128 31 Secretary,
1474 2406 47 24 Mr.
1534 2406 81 29 Ward,
1633 2407 29 24 he
1676 2407 45 24 had
1737 2407 103 24 received
1850 2416 13 15 a

1266 2435 2 43 j
1276 2441 65 31 reply
1352 2445 23 19 to
1392 2441 39 23 the
1446 2439 66 24 effect
1511 2443 4 8 1
1529 2440 49 23 that
1594 2440 39 24 the
1653 2441 119 23 Directors
1789 2441 74 23 would

1276 2473 154 31 immediately
1445 2474 54 22 wait
1514 2481 61 23 upon
1585 2473 64 24 Lord
1658 2474 96 31 Stanley
1765 2479 22 19 to
1799 2482 64 24 press

1276 2515 62 24 upon
1349 2507 35 23 his
1396 2507 111 23 attention
1515 2507 38 23 the
1566 2507 96 23 conduct
1674 2507 25 24 of
1708 2507 38 24 the
1759 2507 104 24 Govern-

1276 2544 64 20 ment
1345 2540 96 24 towards
1449 2540 39 23 the
1497 2540 88 23 settlers
1594 2540 26 24 in
1627 2540 37 24 the
1673 2541 138 31 Company's
1817 2545 46 20 ter-

1266 2583 2 15 :
1276 2575 79 30 ritory.
1377 2574 50 24 Col.
1436 2573 132 24 Wakefield
1571 2574 56 24 read
1634 2575 75 30 copies
1715 2575 25 23 of
1749 2575 62 23 these
1819 2574 44 24 let-

1266 2621 2 3 ■
1277 2611 54 25 ters,
1343 2607 44 24 and
1395 2607 124 24 concluded
1525 2607 29 31 by
1565 2608 79 31 giving
1651 2615 28 16 an
1687 2615 120 16 assurance
1815 2607 48 24 that

1277 2641 28 23 he
1313 2641 74 23 would
1393 2641 25 23 in
1428 2640 77 24 future
1511 2648 45 23 pay
1564 2641 39 23 the
1611 2648 61 16 same
1683 2641 96 30 vigilant
1789 2646 74 19 atten-

1277 2674 49 23 tion
1336 2678 23 19 to
1372 2674 38 23 the
1422 2674 107 23 interests
1541 2674 27 23 of
1576 2673 39 24 the
1627 2674 97 29 settlers,
1737 2682 26 15 as
1773 2674 90 25 hereto-

1277 2708 56 23 fore.
1370 2707 40 23 He
1422 2711 36 19 sat
1475 2707 65 23 down
1552 2706 83 25 amidst
1645 2708 93 30 general
1749 2708 114 30 cheering.

1312 2741 48 23 Mr.
1375 2740 85 24 Stokes
1472 2740 72 31 spoke
1553 2748 15 15 a
1577 2741 44 22 few
1632 2741 72 23 words
1716 2746 24 19 to
1747 2741 39 24 the
1797 2741 67 24 effect

1277 2773 51 24 that
1340 2774 95 23 Colonel
1443 2773 132 23 Wakefleld
1585 2774 71 31 ought
1671 2778 24 19 to
1713 2774 83 32 rejoice
1815 2775 49 23 that

1278 2807 39 24 the
1329 2807 147 31 opportunity
1486 2806 45 23 had
1542 2807 58 23 been
1607 2808 67 30 given
1681 2807 48 24 him
1737 2808 26 23 of
1770 2808 94 31 making

1279 2840 38 24 the
1329 2840 146 30 explanation
1486 2839 54 31 they
1550 2839 46 24 had
1604 2840 51 30 just
1664 2840 80 24 heard.

1312 2874 49 23 Mr.
1373 2873 73 23 Wade
1457 2873 109 23 admitted
1577 2873 50 24 that
1638 2873 27 24 he
1680 2874 46 23 had
1738 2882 63 16 come
1811 2883 53 24 pre-

1278 2907 71 32 pared
1359 2906 54 23 with
1424 2914 14 15 a
1456 2906 124 24 resolution
1597 2906 136 32 impugning
1752 2908 39 23 the
1810 2916 54 16 con-

1279 2941 54 22 duct
1345 2940 25 23 of
1384 2939 38 24 the
1434 2939 118 31 Principal
1561 2939 80 31 Agent
1648 2941 28 23 of
1683 2941 38 23 the
1730 2941 119 32 Company
1857 2951 6 20 ;

1277 2974 43 22 but
1331 2973 39 23 the
1381 2977 123 19 statement
1514 2973 26 23 of
1562 2972 51 24 that
1628 2974 130 31 gentleman
1773 2982 45 16 was
1839 2983 25 16 so

1279 3007 145 30 satisfactory
1445 3005 52 24 that
1518 3006 29 23 he
1571 3006 82 24 should
1670 3007 56 32 drop
1744 3008 49 24 that
1814 3014 50 26 part

1279 3040 25 24 of
1318 3040 37 23 his
1368 3039 134 24 resolution.
1544 3040 48 23 Mr.
1611 3040 72 24 Wade
1694 3041 55 23 then
1760 3042 81 24 moved
1853 3050 11 16 a

1278 3073 132 29 resolution,
1432 3073 76 23 which
1526 3076 24 20 at
1568 3073 38 23 the
1622 3075 132 31 suggestion
1772 3075 25 24 of
1819 3075 45 25 Dr.

1278 3106 79 24 Evans
1369 3106 28 24 he
1404 3106 123 29 withdrew,
1540 3106 151 33 substituting
1701 3108 38 24 the
1751 3108 113 31 following

1328 3144 59 22 That
1403 3144 25 22 in
1448 3151 153 21 consequence
1617 3146 26 21 of
1661 3146 39 22 the
1710 3146 44 23 late
1765 3148 101 27 reported

1279 3172 138 26 aggressions
1425 3179 30 14 on
1465 3171 38 22 the
1511 3175 52 23 part
1578 3172 27 21 of
1622 3172 36 23 the
1672 3174 93 26 natives,
1784 3181 29 15 on
1827 3174 39 22 the

1277 3201 105 25 property
1392 3198 26 22 of
1429 3198 39 22 the
1478 3198 86 22 settlers
1574 3199 26 21 of
1612 3199 52 22 Port
1683 3200 122 22 Nicholson
1821 3201 45 21 and

1282 3224 131 28 Wanganui,
1436 3231 14 15 a
1457 3229 3 8 '
1465 3225 150 29 \Deputation
1641 3226 28 23 be
1697 3227 129 22 nominated
1843 3231 23 19 to

1279 3255 23 18 to
1312 3252 51 22 wait
1368 3259 61 19 upon
1439 3251 39 22 the
1488 3252 83 22 Sheriff
1581 3252 27 22 of
1617 3252 43 23 this
1669 3253 101 28 District,
1787 3257 23 19 to
1827 3262 39 14 ex-

1279 3285 61 21 press
1350 3278 36 22 the
1401 3278 137 28 willingness
1554 3278 26 22 of
1597 3278 38 23 the
1651 3280 70 22 entire
1737 3281 129 28 population

1279 3309 22 18 to
1310 3305 64 22 assist
1381 3305 49 22 him
1437 3305 27 22 in
1472 3304 39 23 the
1521 3305 43 22 due
1574 3307 117 22 execution
1700 3307 26 22 of
1737 3307 108 22 the-Law.

1312 3341 45 23 Dr.
1368 3340 80 24 Evans
1457 3341 124 31 supported
1588 3341 40 24 the
1638 3342 87 23 motion
1735 3342 26 24 in
1779 3351 14 15 a
1811 3351 55 24 very

1279 3374 51 24 able
1345 3374 45 23 and
1408 3374 153 30 entertaining
1578 3374 89 31 speech,
1686 3375 25 23 in
1728 3375 40 24 the
1787 3384 79 17 course

1279 3407 26 24 of
1318 3407 75 23 which
1404 3406 31 24 he
1451 3406 61 23 dealt
1530 3414 78 17 severe
1624 3407 46 24 hits
1690 3412 24 19 at
1725 3408 40 24 the
1783 3409 83 24 Auck-

1278 3440 62 24 land'
1351 3440 163 28 Government,
1532 3439 51 24 who
1599 3439 52 32 just
1670 3440 39 24 did
1725 3443 91 34 enough
1830 3445 36 23 for

1279 3473 38 24 the
1338 3472 141 24 inhabitants
1502 3472 25 24 of
1544 3473 67 29 Port,
1624 3473 133 31 Nicholso%
1771 3483 25 16 as
1820 3483 46 18 was

1279 3513 121 24 necessary
1428 3510 23 20 to
1477 3505 60 32 keep
1565 3505 64 25 them
1732 3515 15 17 a
1775 3510 91 24 taxable

1397 3539 46 24 We
1462 3543 76 27 regret
1554 3547 41 15 our
1616 3540 111 32 inability,
1744 3542 25 23 in
1786 3551 80 16 conse-

1280 3580 86 24 quence
1386 3572 25 23 of
1436 3572 41 24 the
1493 3572 49 23 loss
1562 3572 25 24 of
1610 3581 40 16 our
1666 3579 110 27 reporter,
1795 3581 23 19 to
1838 3576 28 24 do

1276 3606 85 32 justice
1378 3609 23 20 to
1424 3605 39 24 the
1484 3605 94 24 learned
1600 3605 109 26 Doctor's
1737 3609 128 31 eloquence,

1279 3638 76 25 which
1364 3638 75 24 would
1450 3638 69 24 suffer
1530 3638 69 25 much
1606 3639 32 32 by
1647 3641 142 25 curtailment
1797 3651 7 21 ;
1822 3643 44 24 and

1280 3680 43 16 can
1333 3671 54 32 only
1398 3679 41 24 say
1457 3671 49 24 that
1518 3673 85 23 almost
1619 3680 68 25 every
1702 3680 106 20 sentence
1818 3684 48 17 was

1279 3705 93 32 greeted
1382 3705 55 24 with
1448 3704 79 25 cheers
1540 3705 45 25 and
1594 3706 113 32 laughter.

1314 3738 49 24 Mr.
1381 3738 23 25 J.
1418 3738 35 25 H.
1471 3737 102 26 Wallace
1587 3740 84 24 wished
1682 3741 39 24 the
1737 3741 129 33 Wanganui

1280 3772 130 32 gentlemen
1431 3771 52 25 who
1502 3779 59 18 were
1580 3777 93 27 present
1690 3778 24 20 to
1729 3779 58 20 state
1807 3776 59 24 their

1280 3805 140 32 grievances,
1441 3805 47 24 and
1497 3805 81 25 moved
1587 3814 31 16 an
1629 3807 144 25 amendment
1784 3809 82 31 calling

1279 3845 64 25 upon
1351 3837 38 25 the
1401 3838 158 25 Government
1570 3839 36 24 for
1617 3842 127 29 protection
1750 3842 45 24 and
1805 3850 61 24 upon

1280 3871 39 25 the
1331 3871 140 32 Company's
1481 3871 80 32 Agent
1570 3877 24 19 to
1605 3873 76 32 adjust
1687 3868 179 31 the'differences

1280 3904 57 25 with
1357 3904 40 25 the
1417 3904 96 25 Natives
1535 3904 33 33 by
1584 3905 40 25 the
1640 3911 108 26 payment
1765 3908 26 24 of
1804 3916 62 16 more

1921 1741 70 24 From
2003 1740 38 24 the
2053 1742 71 23 above
2135 1742 85 24 outline
2233 1743 25 23 of
2276 1743 37 23 the
2324 1745 138 32 proceedings

1888 1783 30 15 on
1928 1774 154 32 Wednesday,
2102 1776 19 22 it
2143 1775 46 24 will
2207 1777 29 22 be
2255 1784 54 16 seen
2321 1777 50 24 that
2388 1778 37 25 tie
2434 1785 28 18 at-

1888 1812 71 27 tempt
1979 1812 22 19 to
2015 1813 74 18 create
2109 1817 14 15 a
2133 1809 115 24 diversion
2265 1811 23 22 in
2306 1811 78 24 favour
2395 1813 23 23 of
2431 1813 32 23 the

1890 1841 163 30 Government,
2066 1842 31 30 by
2108 1843 109 31 assailing
2231 1843 94 24 Colonel
2336 1844 126 32 Wakefield,

1889 1874 98 31 signally
1998 1874 77 25 failed.
2112 1876 45 24 For
2170 1876 88 24 several
2270 1877 54 30 days
2335 1879 101 30 previous
2445 1885 17 19 to

1889 1908 39 23 the
1949 1909 108 30 meeting,
2081 1909 39 24 the
2142 1910 108 23 intended
2273 1911 74 24 attack
2378 1920 27 15 on
2431 1913 31 24 the

1891 1942 138 30 Company's
2046 1942 118 33 Principal
2182 1943 80 32 Agent
2273 1952 45 15 was
2331 1944 37 25 the
2387 1946 77 31 subject

1890 1975 27 23 of
1925 1975 91 31 general
2024 1977 153 22 conversation
2180 1994 6 6 .
2223 1977 51 23 The
2280 1978 118 23 invitation
2405 1980 59 29 givea

1890 2012 23 19 to
1925 2008 50 23 that
1986 2008 138 30 gentleman,
2133 2009 104 31 together
2246 2010 54 23 with
2311 2010 49 24 Mr.
2372 2011 92 32 Murphy

1891 2041 46 24 and
1954 2041 49 24 Mr.
2017 2041 118 31 Halswell,
2147 2051 47 15 was
2206 2051 25 15 so
2249 2043 106 24 informal
2368 2045 44 24 and
2427 2053 37 15 un-

1891 2078 128 25 courteous,
2031 2074 50 24 that
2100 2083 59 16 some
2179 2084 95 23 persons
2290 2076 86 30 feared,
2391 2078 72 29 whilst,

1890 2116 34 15 we
1935 2111 99 28 suspect,
2047 2107 78 24 others
2139 2107 78 32 hoped,
2229 2109 19 23 it
2259 2109 73 24 would
2345 2115 41 19 not
2396 2111 26 24 be
2432 2119 32 16 ac-

1891 2141 87 32 cepted.
2022 2140 48 24 But
2093 2140 94 25 Colonel
2353 2144 42 24 has
2415 2145 49 23 been

1891 2174 83 31 always
1986 2173 71 32 ready
2067 2178 24 20 to
2103 2179 58 19 meet
2170 2174 40 24 the
2221 2176 96 29 settlers,
2331 2179 52 28 and,
2396 2186 26 15 on
2432 2178 32 23 the

1890 2208 46 23 late
1948 2208 112 28 occasion,
2067 2212 61 19 went
2135 2208 111 31 prepared
2253 2209 54 24 with
2315 2218 14 15 a
2335 2211 129 32 triumphant

1892 2249 87 15 answer
1991 2245 23 19 to
2026 2240 39 24 the
2072 2241 138 32 anticipated
2219 2242 103 32 charges.
2356 2244 44 24 We
2405 2252 59 16 never

1892 2274 122 24 witnessed
2031 2282 13 15 a
2063 2278 102 28 stronger
2177 2275 178 25 demonstration
2365 2278 25 23 of
2398 2278 66 31 public

1890 2308 87 31 feeling
1987 2307 56 24 than
2053 2308 52 24 that
2118 2308 24 24 in
2153 2308 36 24 his
2199 2309 81 24 favour
2291 2318 30 15 on
2332 2310 131 32 Wednesday

1892 2342 105 30 evening.
2033 2340 41 25 He
2085 2341 139 24 demolished
2240 2342 48 25 Mr.
2301 2343 85 25 Stokes
2395 2345 23 23 in
2427 2345 35 22 five

1891 2375 100 23 minutes
1999 2384 7 20 ;
2026 2375 45 23 and
2087 2383 74 23 many
2173 2375 49 24 who
2238 2375 46 25 had
2300 2377 58 24 been
2370 2377 91 24 deceived

1891 2408 31 31 by
1933 2408 38 24 the
1985 2408 81 32 clique,
2078 2408 75 25 whose
2169 2413 105 20 constant
2284 2418 93 23 weapon
2386 2412 20 22 is
2415 2412 46 22 mis-

1891 2443 188 30 representation,
2090 2442 59 24 have
2159 2442 110 25 admitted
2280 2443 58 24 their
2350 2452 65 22 error,
2427 2443 34 24 and

1891 2476 48 23 will
1952 2480 41 19 not
2010 2476 28 23 be
2050 2476 73 31 easily
2137 2476 75 31 duped
2222 2478 75 29 again.
2332 2477 36 25 As
2379 2478 33 24 for
2421 2477 38 23 Mr.

1892 2509 94 30 Stokes,
1997 2509 37 23 his
2044 2511 100 29 position
2153 2517 48 16 was
2212 2510 71 32 really
2290 2511 102 31 pitiable.
2424 2510 36 24 His

1892 2542 83 32 speech
1987 2550 46 16 was
2044 2543 51 24 that
2104 2542 25 25 of
2135 2551 14 15 a
2157 2543 76 24 feeble
2244 2552 82 23 person
2326 2557 34 5 —

1937 2581 95 26 Willing
2041 2584 23 19 to
2073 2581 81 22 wound
2163 2581 46 22 and
2215 2585 38 22 yet
2260 2582 72 23 afraid
2340 2586 23 20 to

1926 2617 115 24 Deserted
2058 2617 32 31 by
2101 2617 64 24 those
2180 2617 77 24 whom
2270 2617 29 24 he
2309 2619 120 32 attempted
2444 2621 15 20 to

1891 2650 60 30 lead,
1970 2655 43 19 not
2031 2659 13 15 a
2062 2650 51 24 soul
2132 2650 111 24 ventured
2261 2659 14 16 a
2286 2652 94 31 syllable
2397 2654 22 22 in
2433 2651 26 23 his

1892 2688 103 27 support.
2032 2684 49 24 Mr.
2096 2684 98 24 Hanson
2205 2692 47 16 was
2262 2685 24 23 in
2297 2685 39 24 the
2347 2694 68 21 room,
2429 2685 30 23 tut

1892 2717 90 31 though
1999 2725 26 16 so
2043 2722 93 27 prompt
2154 2722 23 19 to
2189 2718 78 24 attack
2287 2719 50 23 Col.
2350 2716 109 27 Wakefield

1892 2751 26 23 in
1935 2750 37 24 his
1992 2751 107 30 absence,
2119 2751 124 31 preserved
2263 2760 14 15 a
2295 2753 84 31 moody
2394 2752 65 23 silence

1892 2784 67 23 when
1975 2784 31 24 he
2024 2789 47 19 met
2085 2784 50 24 him
2144 2785 50 23 face
2199 2789 35 19 •to
2245 2785 57 25 face.
2337 2786 49 24 Mr.
2403 2784 56 25 Wade

1893 2817 110 24 admitted
2013 2817 37 24 his
2060 2818 113 23 intention
2183 2822 24 19 to
2215 2818 59 24 have
2284 2819 111 32 proposed
2405 2828 12 15 a
2422 2821 37 21 vote

1893 2850 26 24 of
1945 2858 102 22 censure,
2076 2851 42 24 but
2139 2850 50 25 that
2209 2852 95 24 Colonel
2326 2850 133 27 •Wakefield's

1893 2888 124 19 statement
2026 2884 46 23 had
2083 2885 113 22 disarmed
2207 2885 57 22 him.

1928 2917 58 24 This
2008 2918 101 31 meeting
2126 2918 41 23 has
2187 2917 60 25 done
2266 2919 69 24 much
2353 2920 62 32 good.
2444 2918 17 24 It

1892 2956 64 20 must
1977 2952 109 23 convince
2107 2951 37 24 the
2159 2952 103 31 recently
2284 2954 89 23 arrived
2389 2952 72 25 settlers

1893 2986 51 23 that
1954 2985 39 24 the
2002 2986 43 23 few
2055 2992 96 25 persons
2160 2984 52 24 -who
2224 2993 25 16 so
2259 2986 160 32 industriously
2427 2986 34 22 cir-

1894 3019 73 24 culate
1984 3022 134 21 statements
2135 3019 109 24 intended
2258 3024 24 19 to
2297 3019 75 33 injure
2384 3018 77 26 Colonel

1893 3052 139 30 Wakefield,
2051 3052 59 24 have
2126 3060 28 16 no
2172 3052 48 24 real
2231 3053 84 31 weight
2326 3061 26 17 or
2367 3054 94 23 influence

1894 3087 28 23 in
1938 3086 39 24 the
1996 3086 103 31 Colony;
2117 3086 44 23 and
2179 3085 40 24 the
2233 3086 83 25 honest
2332 3087 105 31 fragment
2445 3083 16 25 of

1893 3120 166 24 malecontents
2070 3119 47 24 will
2124 3123 46 20 rest
2181 3120 102 23 satisfied
2289 3120 50 24 that
2350 3129 26 15 as
2380 3121 33 23 far
2421 3126 22 16 as
2448 3118 13 23 it

1893 3153 43 24 lies
1944 3154 24 23 in
1975 3153 40 23 the
2026 3153 136 31 Company's
2168 3160 78 24 power
2252 3153 59 24 their
2318 3154 102 24 interests
2427 3150 34 25 will

1892 3187 31 23 be
1933 3186 146 30 strenuously
2087 3186 117 30 protected
2214 3186 45 24 and
2269 3187 125 29 promoted.

1928 3220 52 24 The
1998 3219 90 24 settlers
2107 3219 65 29 have,
2190 3219 27 23 in
2239 3227 41 16 our
2297 3221 98 31 opinion,
2407 3218 52 25 taken

1894 3262 15 14 a
1918 3255 55 22 wise
1985 3261 79 15 course
2074 3253 27 23 in
2110 3252 150 33 proclaiming
2271 3253 58 24 their
2346 3254 113 31 grievances

1895 3287 45 24 and
1951 3287 83 31 calling
2044 3294 64 24 upon
2118 3286 37 24 the
2166 3285 157 25 Government
2333 3290 23 21 to
2372 3285 87 25 interfere

1893 3322 37 22 for
1939 3320 38 24 the
1989 3320 126 32 protection
2131 3320 24 23 of
2174 3319 60 24 their
2252 3324 108 27 property
2367 3329 6 20 ;
2398 3323 33 20 out
2444 3320 15 21 at

1893 3353 40 24 the
1942 3362 63 15 same
2015 3353 56 24 time
2081 3360 34 17 we
2126 3356 62 21 must
2198 3356 42 20 not
2251 3352 65 25 allow
2327 3361 30 16 an
2367 3354 92 23 incorrect

1893 3386 53 24 idea
1956 3391 23 19 to
1991 3395 29 23 go
2032 3386 84 24 abroad
2126 3386 49 24 that
2185 3386 40 24 the
2241 3386 91 24 settlers
2347 3387 26 23 in
2392 3383 67 27 Cook's

1895 3420 85 24 Straits
1998 3424 124 19 encounter
2144 3418 110 32 anything
2273 3420 147 31 approaching
2431 3417 28 24 the

1895 3454 122 31 sufferings
2029 3453 100 24 endured
2138 3452 30 32 by
2184 3452 40 24 the
2241 3452 139 25 inhabitants
2399 3452 21 24 of
2431 3450 27 24 the

1893 3487 169 32 neighbouring
2073 3486 106 25 colonies.
2222 3485 51 25 The
2284 3490 103 28 outrages
2399 3485 21 24 of
2431 3483 27 24 the

1894 3520 60 24 New
1975 3520 138 24 Zealanders
2135 3519 74 24 would
2226 3520 101 31 scarcely
2344 3520 29 24 be
2389 3515 70 28 noticed

1893 3554 26 23 in
1929 3554 60 24 New
1999 3553 75 24 South
2178 3552 119 24 Australia
2303 3553 74 29 Felix,
2386 3560 22 16 or
2417 3555 40 19 even

1893 3587 26 23 in
1930 3586 75 24 South
2015 3586 118 24 Australia
2133 3598 33 5 —
2166 3593 26 16 so
2203 3585 71 31 slight
2288 3586 45 24 and
2344 3584 113 32 unfrequent

1894 3620 29 23 do
1945 3620 55 30 they
2022 3626 84 24 appear
2127 3619 24 23 in
2173 3619 143 31 comparison
2338 3619 53 24 with
2408 3617 47 24 those

1894 3652 62 32 daily
1982 3651 146 33 perpetrated
2148 3652 26 23 in
2194 3652 65 24 these
2275 3652 109 25 colonies.'
2422 3649 26 24 F°
2449 3654 7 16 r

1893 3687 112 28 instance,
2025 3685 51 32 just
2094 3685 79 31 glance
2189 3689 24 20 at
2231 3685 40 25 the
2288 3689 117 21 statement
2412 3681 43 34 pub-

1893 3719 75 24 lished
1979 3719 25 24 in
2013 3718 166 31 Wednesday's
2189 3725 72 25 paper
2273 3718 25 25 of
2317 3718 45 25 the-
2373 3715 82 28 murders

1893 3752 47 24 and
2078 3751 26 23 in
2110 3750 37 32 ttye
2154 3751 59 24 Port
2220 3752 70 32 Fairy
2296 3752 102 27 District,
2405 3749 50 24 about

1894 3789 96 27 seventy
2006 3784 67 25 miles
2089 3784 60 25 from
2158 3784 146 25 Melbourne.
2339 3785 67 24 From
2421 3780 34 24 that

1892 3819 41 23 list
1944 3826 33 16 we
1987 3817 49 25 find
2046 3817 53 25 that
2108 3819 25 23 in
2144 3817 38 25 the
2193 3826 81 16 course
2289 3819 26 23 of
2330 3820 42 22 two
2386 3811 69 45 jnont^

1893 3851 52 32 only
1955 3852 25 23 in
1991 3858 41 17 one
2042 3850 92 25 district
2149 3851 26 25 of
2195 3851 119 31 Australia
2324 3851 38 24 the
2372 3849 79 30 Hapo>

1893 3885 53 23 four
1962 3892 56 16 men
2031 3884 47 24 had
2087 3884 59 25 been
2155 3884 74 25 killed
2236 3894 7 20 ;
2259 3885 62 31 eight
2338 3877 116 37 desperately

1893 3917 127 29 wounded;
2043 3925 70 17 seven
2133 3918 89 29 horses,
2246 3925 42 16 one
2309 3914 98 27 hundred
2424 3910 29 25 and

1895 3951 129 33 sixty-nine
2036 3951 62 26 head
2119 3951 27 25 of
2152 3950 4 5 '
2165 3951 77 30 cattle,
2253 3950 52 27 .and
2322 3950 64 25 3650
2403 3946 51 29 she*?

1281 3960 55 19 •-Ifa.
1340 3960 87 20 EaliwtU
1433 3965 38 14 vu
1477 3962 79 21 pteutt,
1560 3961 34 18 trat
1600 3961 37 19 Mr.
1644 3962 79 21 Murphy
1726 3963 32 18 did
1763 3964 100 18 uotattsnt.

549 44 100 47 ®ft*
670 42 118 44 Wtto
811 39 214 44 SBtatottK
1042 39 194 48 mn}ttu
1260 39 94 40 an*
1375 36 304 46 mtUUxfjtfHi
1701 34 257 49 frptttatw.

1310 361 69 21 AND
1391 360 215 22 WELLINGTON
1620 361 185 21 SPECTATOR.

1389 415 130 25 Saturday,
1535 415 78 21 April
1627 407 33 33 2s,
1670 415 59 22 1842.

717 975 166 25 SHIPPING
902 975 275 24 INTELLIGENCE.

874 1027 144 19 ARRIVED.

685 1063 58 27 April
752 1062 35 25 21,
798 1062 103 21 schooner
909 1062 64 26 Kate,
985 1062 35 24 63,
1031 1060 139 25 Macfarlane,
1185 1059 55 20 from

658 1091 86 20 Nelson.

685 1119 58 25 April
753 1117 36 25 22,
805 1117 48 26 brig
870 1117 102 25 Victoria,
990 1116 51 25 200,
1057 1115 112 25 Richards,
1186 1115 54 20 from

658 1144 115 21 Auckland.

889 1189 116 19 SAILED.

684 1226 59 26 April
752 1225 35 25 20,
798 1226 69 19 cutter
883 1224 116 26 Pickwick,
1011 1224 27 20 38
1048 1225 57 19 tons.
1123 1222 75 27 Styles,
1208 1222 33 20 for

658 1253 85 19 Nelson.

679 2044 45 17 1842.
740 2040 5 21 I

761 2021 52 17 Time
820 2021 20 17 of

757 2042 88 17 Observa-

777 2063 45 17 tion.

872 2030 57 18 Baro-

868 2053 63 15 meter.

949 2031 87 17 Thermo-

959 2053 66 15 meter.

1060 2028 61 27 ■■s.s§

1148 2044 4 5 >
1162 2037 60 18 Wind.

662 2122 79 21 Friday...

781 2121 10 15 8
806 2136 4 7 ,

780 2142 53 20 Ip.m.

780 2163 10 15 5

781 2183 10 16 8

780 2204 52 20 Ip.m.

780 2226 11 15 5

781 2246 10 16 8

781 2267 53 20 Ip.m.

781 2309 11 15 8

781 2329 53 21 Ip.m.

781 2350 10 16 5

781 2371 11 16 8

780 2392 54 20 Ip.m.

780 2413 10 15 5

780 2434 11 15 8

780 2455 54 19 Ip.m.

781 2476 10 15 5

781 2496 11 16 8

781 2517 53 20 Ip.m.

781 2538 11 16 5

872 2121 60 16 29.800

873 2142 59 16 29.770

873 2162 59 17 29.760

873 2183 59 16 29.790

873 2204 59 16 29.770

873 2225 59 17 29.760

975 2120 27 16 11.

975 2142 39 15 56.5

976 2162 27 16 56.
1017 2168 4 4 -

976 2183 27 16 56.

975 2204 28 15 55.

975 2225 27 15 60.

1142 2118 42 17 S.E.

1142 2139 41 18 S.E.

1142 2159 40 17 S.E.

1143 2180 51 19 N.W.
1227 2182 5 3 '

1143 2201 52 17 N.W.

1143 2222 51 17 N.W.

1061 2142 60 17 None.

662 2185 29 16 Bat

1061 2204 60 17 None.

662 2246 80 21 Sunday..

1062 2267 60 16 None.

663 2309 79 21 Monday.

662 2371 80 21 Tuesday

662 2434 44 16 Wed

873 2308 60 17 29.940

873 2329 60 16 29.920

874 2350 59 16 29.890

873 2371 60 16 29.820

873 2391 60 17 29.790

872 2412 60 18 29.830

873 2434 59 16 30.200

873 2455 59 16 30.290

874 2476 58 16 30.160

874 2497 58 16 30.160

874 2518 59 16 30.019

873 2539 57 16 30.031

976 2308 39 16 56.5

976 2329 28 16 55.

976 2350 27 16 61.

975 2371 39 16 59.5

975 2392 38 16 61.5

975 2411 27 17 57.

975 2433 38 16 49.5

975 2455 28 15 62.

975 2476 27 16 63.

975 2497 29 15 54.

975 2518 28 15 59.

975 2538 27 17 57.

1062 2329 60 17 None.

1061 2391 60 17 None.

1143 2305 56 19 West.

1143 2326 51 17 N.W.

1142 2347 64 18 North.

1142 2368 106 22 Northerly.

1142 2389 17 17 N
1164 2390 83 21 ortherly.

1142 2411 18 16 S.
1167 2412 23 20 by
1196 2411 22 17 E.

1140 2431 49 18 East.

1141 2453 49 17 East.

1142 2474 49 17 East.

1142 2495 52 17 N.W.

1142 2516 52 17 N.W.

1142 2537 52 17 N.W.

1065 2455 59 16 None.

663 2496 78 17 Thuri...

1061 2517 60 16 None.

665 2590 78 21 Friday...

781 2590 11 16 t

992 2570 127 17 REMARKS.

862 2590 93 18 Moderate
962 2591 70 20 breeze,
1040 2591 87 19 overcstt,
1135 2590 33 17 but
1174 2590 42 18 fin*.

781 2632 54 21 Ip.m.

862 2632 53 22 Light
923 2632 28 18 air
959 2632 36 17 and
1002 2632 42 17 line.

781 2674 11 16 f

903 2674 35 17 Do.
981 2674 35 17 Co.
1058 2674 36 17 80.

665 2715 31 16 Sat
746 2710 1 20 I

783 2716 10 15 s
826 2717 5 5 -

904 2716 36 17 Do.
983 2716 35 17 Do.
1060 2716 35 16 Do.

782 2757 54 20 Ip.m.

905 2758 36 17 Do.
983 2757 35 17 Do.
1059 2757 35 17 Do.

783 2799 10 15 S
816 2794 7 5 '

863 2798 53 22 Light
924 2800 33 19 air,
962 2799 87 19 overcast,
1055 2799 34 16 but
1095 2798 44 17 fin*.

666 2839 80 21 Sunday..

784 2840 10 16 S

864 2840 95 18 Moderate
964 2841 64 17 breeze
1035 2841 32 16 but
1073 2841 45 16 fine.

863 2881 54 21 Light
924 2882 33 20 air,
964 2883 87 19 orercaat,
1058 2882 35 16 but
1099 2882 42 16 fine.

784 2881 54 20 lp.m.

784 2923 10 15 I

904 2923 36 17 Do.
981 2923 35 17 Do.
1058 2923 36 17 Do.

666 2964 80 21 Monday.

784 2965 10 15 8

864 2964 93 18 Moderate
963 2965 64 17 breeze
1035 2964 36 17 and
1077 2964 43 18 fine.

784 3006 53 21 lp.m.

865 3006 41 17 Stiff
910 3008 63 16 breeze
981 3006 37 17 and
1025 3006 86 21 showery.

783 3049 10 15 S

905 3048 35 17 Do.
982 3048 35 17 Do.
1058 3048 36 18 Do.

666 3090 80 21 Tuaiday

783 3090 11 17 8

863 3089 54 22 Light
924 3090 29 17 air
959 3090 37 17 and
1002 3094 44 17 very
1051 3090 44 16 fine.

783 3132 54 20 lp.m.

863 3132 50 17 Calm
920 3132 38 17 and
964 3136 44 16 very
1014 3132 42 16 fine.

783 3174 10 15 i

898 3173 42 18 .Do.
982 3173 35 17 Do.
1058 3173 35 16 Do.

666 3215 74 17 Wed.....

785 3215 10 16 8

905 3215 36 17 Do.
984 3215 35 17 Do.
1061 3215 35 17 Do.

785 3257 53 20 lp.m.

884 3270 8 6 „
905 3257 36 17 Do:
982 3257 36 16 Do.
1059 3256 31 18 Do

785 3299 10 15 s

865 3298 55 21 Calm,
927 3299 89 19 overcast,
1023 3298 32 17 but
1062 3298 43 17 fin*.

1199 3320 7 5 •

667 3340 50 18 Thui
728 3351 18 7 ...

785 3340 10 16 8

905 3340 36 18 Do.
983 3340 35 17 Do.
1059 3340 36 16 Do.

785 3382 54 19 Ip.m.

906 3381 35 17 Do.
983 3381 36 18 Do.
1059 3381 36 17 Do.

786 3422 10 16 I

860 3413 5 26 I
906 3422 35 17 Do.
984 3422 37 19 Do.
1062 3422 36 17 Da.

724 3516 4 6 ,
834 3499 123 21 LATEST
971 3499 109 21 DATES.

680 3532 75 19 London
840 3531 49 19 Nov.
912 3533 30 17 26.
969 3532 43 22 Bay
1018 3533 22 17 of
1048 3532 94 19 Islands..
1147 3534 43 19 Feb.
1223 3537 18 17 4.

681 3554 71 22 Sydney
768 3551 17 19 .'.
843 3553 48 18 Mar.
911 3555 30 16 20.
969 3554 82 18 Thames
1144 3555 49 19 Mar.
1214 3558 28 16 30.

680 3576 40 17 Van
742 3573 99 19 Dieman's
970 3574 46 18 Fort
1023 3574 71 23 Phillip
1108 3577 89 18 ....Mar.
1211 3579 30 16 20.

702 3596 50 18 Laud
843 3595 44 17 Jan.
923 3595 19 18 0.
970 3595 90 18 Adelaide
1147 3597 49 19 Mar.
1224 3600 17 16 3.

759 3640 123 21 AGENTS
894 3641 58 21 FOB
967 3641 73 20 THIS
1051 3641 111 22 PAPEB.

691 3676 35 18 Mr.
738 3673 125 20 BURCHAM
956 3674 76 18 Petoni.

692 3697 34 18 Mr.
738 3697 20 17 F.
769 3695 25 18 G.
805 3694 88 19 MOORE
957 3695 73 18 Nelson
1038 3695 75 19 Haven.

692 3718 34 18 Mr.
738 3718 24 18 R.
773 3716 114 18 BARRETT
961 3716 48 18 New
1015 3717 109 22 Plymouth,
1130 3717 102 20 Taranaki.

692 3739 35 18 Mr.
738 3739 26 18 H.
774 3736 159 19 CHURTON....
936 3742 4 6 1
940 3749 15 6 ..
959 3737 115 22 Wanganui.

692 3760 34 17 Mr.
737 3758 31 20 W.
779 3758 98 18 WILSON
959 3758 41 22 Bay
1006 3758 23 18 of
1037 3758 84 19 Islands.

693 3807 36 17 Tlit
736 3805 97 22 following
839 3809 33 14 are
877 3806 34 17 th«
919 3806 79 22 quarter
1008 3804 47 23 days
1062 3805 22 18 of
1093 3805 41 19 this
1141 3810 58 20 paptr
1204 3814 30 12 :—

773 3833 69 18 March
1046 3836 4 8 >
1079 3835 70 17 ..31st.

773 3854 52 17 Jum
1100 3856 52 17 30th.

775 3875 109 21 September
1100 3877 52 17 30th.

774 3896 105 17 December
1100 3897 49 18 31st.
1258 3897 2 21 j

694 3917 78 18 Persons
778 3916 109 22 previously
892 3918 22 17 to
926 3914 144 25 discontinuing
1070 3922 2 4 1
1082 3917 53 19 their
1140 3922 70 19 papers
1216 3919 37 18 and

673 3937 161 23 advwtiwments,
841 3938 54 19 must
900 3938 59 20 settle
964 3938 35 19 the
1010 3939 92 19 accounts
1109 3939 38 19 da*
1153 3944 26 19 up
1189 3941 22 19 to
1219 3941 37 18 th#
1258 3951 2 7 ,

674 3958 48 20 dfctt.
1258 3958 2 16 l

134 135 245 26 GOVERNMENT
395 133 142 26 NOTICE.

228 174 98 21 Public
339 173 107 22 Pound.

46 208 214 27 TMPOUNDED,
275 209 13 20 1
302 207 69 22 black
378 214 47 15 sow
435 205 43 23 and
489 207 11 20 1
510 204 65 23 black
583 203 46 23 and

44 229 28 29 JL
110 234 66 22 white
191 242 44 14 sow
251 234 54 22 with
318 234 55 22 both
385 240 49 15 ears
449 232 48 22 slit:
512 231 21 22 if
542 234 39 19 not
593 237 36 16 re-

44 261 83 27 leaied,
138 261 44 22 will
191 261 28 22 be
229 261 50 22 sold
288 261 22 21 in
320 262 25 20 21
357 260 61 28 days.
449 275 2 4 .

222 288 28 22 T.
265 288 26 22 C.
305 288 101 25 Butler,
422 284 177 28 Pound-keeper.

70 314 66 27 April
146 315 19 27 1,
176 315 62 21 1842.

46 358 159 22 /GEORGE
228 357 129 22 WATERS
376 355 55 27 begs
449 359 24 18 to
491 354 82 22 inform
592 354 37 22 the

46 382 54 24 VX
127 385 138 22 Inhabitants
280 383 27 22 of
321 383 54 21 Port
388 381 131 27 Nicholson,
535 381 48 21 that
599 380 30 22 he

41 412 48 26 just
104 410 142 24 commenced
255 410 101 22 business
370 416 24 14 as
408 416 83 19 house,
508 415 59 19 sign,
584 406 46 22 and

45 445 154 15 ORNAMENTAL
211 444 107 19 PAINTER,
329 435 44 22 and
383 442 108 15 GLAZIER.
519 433 111 23 Allkmds

43 465 27 21 of
84 464 74 22 woods
174 463 46 22 and
233 463 96 21 marbles
343 461 109 27 imitated,
471 462 41 21 &c.
519 468 5 20 ;
543 460 44 22 and
599 460 31 22 he

42 491 57 21 feels
115 489 112 23 confident
235 489 51 22 that
294 489 37 22 the
346 489 72 26 prices
430 488 45 22 and
490 487 140 34 punctuality

43 517 55 22 with
112 516 73 23 which
199 516 101 22 business
315 511 45 26 will
372 515 29 21 be
415 514 109 22 attended
540 517 30 25 to,
585 513 45 23 will

44 550 80 15 ensure
132 543 46 22 him
188 550 13 14 a
209 542 85 22 second
302 542 50 22 trial
360 542 29 27 by
399 542 31 21 all
437 542 49 22 who
495 542 79 21 favour
582 540 48 22 him

44 570 54 22 with
107 569 38 23 the
154 569 55 22 first.

71 597 161 26 Dixon-street,
243 595 33 23 Te
286 596 47 21 Aro
342 595 57 22 Flat.

46 640 92 49 THE
160 641 79 21 Nelson
261 641 117 20 Examiner
401 641 44 20 and
464 641 54 19 New
540 639 92 21 Zealand

121 668 107 21 Chronicle
244 667 127 28 (published
379 670 24 19 at
412 667 102 27 Nelson,)
529 666 20 22 is
565 673 66 20 regu-

43 694 59 28 larly
119 695 143 22 transmitted
275 698 24 18 to
313 694 145 27 Wellington,
479 693 44 22 and
537 700 52 20 may
602 693 29 21 be

44 721 45 22 had
100 724 22 19 at
131 721 37 22 the
178 722 64 21 office
253 721 25 21 of
289 721 43 21 this
340 728 75 20 paper.

72 748 49 22 The
131 749 78 20 Nelson
217 749 116 20 Examiner
348 747 45 22 will
402 747 28 21 be
440 745 70 23 found
519 752 29 15 an
558 744 73 23 excel-

44 775 50 22 lent
101 775 99 22 medium
208 775 36 21 for
254 774 137 22 advertisers.
454 792 6 8 x

71 802 79 21 Terms
160 802 34 21 for
202 801 38 21 the
249 808 75 20 paper,
335 803 36 19 ten
379 799 103 26 shillings
495 805 39 20 per
543 800 89 25 quarter

43 828 95 28 payable
147 828 24 21 in
180 827 109 22 advance.

74 855 81 22 Orders
176 855 36 21 for
230 854 39 20 the
291 860 68 21 paper
379 851 47 23 and
448 851 183 22 advertisements

44 881 106 22 received
159 883 22 19 at
190 881 38 21 the
238 879 72 23 Office
320 880 25 21 of
357 879 43 21 this
409 886 77 20 paper.

301 924 72 21 Beef.

45 952 53 23 TN
108 950 159 25 ADDITION
275 954 24 19 to
308 950 34 21 his
347 949 65 23 usual
421 949 70 27 stock,
503 949 38 21 the
548 949 82 21 under-

45 972 29 31 X
103 979 77 27 signed
190 985 42 15 can
241 977 55 22 offer
305 985 14 14 a
332 977 43 22 few
387 977 82 21 tierces
486 975 45 22 and
547 975 83 22 barrels

44 1006 73 28 prime
128 1005 42 22 salt
178 1005 59 22 beef.

444 1029 64 22 John
522 1029 80 22 Wade.

72 1060 33 21 Te
115 1059 52 27 Aro,
179 1058 67 28 April
254 1059 34 25 19,
299 1058 60 22 1842.

97 1105 42 20 On
153 1104 69 24 Sale,
233 1109 37 15 ex

46 1137 142 51 BRICKS
199 1137 49 26 (fire
259 1136 44 22 and
311 1136 123 26 common,)

110 1164 45 22 Bar
164 1164 44 22 and
216 1164 49 21 bolt
279 1164 54 25 iron,
343 1162 53 27 lady
406 1162 75 27 slates,
492 1160 78 23 chains
585 1160 46 22 and

45 1192 101 25 anchors,
162 1190 39 22 ash
219 1197 56 19 oars,
294 1189 83 27 blocks,
397 1189 96 21 window
514 1188 57 27 glass
591 1187 39 27 (all

44 1218 73 26 sizes,)
129 1217 63 22 boots
201 1217 44 21 and
259 1217 71 26 shoes,
341 1217 38 26 gin
394 1215 33 31 in_
435 1215 61 27 large
513 1214 45 22 and
567 1213 64 23 small

45 1252 68 19 cases,
131 1244 104 26 cordage,'
242 1243 79 28 paints,
331 1243 62 27 paint
406 1242 39 27 oil,
461 1241 98 27 brushes,
569 1241 60 27 glue,

45 1270 80 28 forged
141 1270 63 27 nails,
225 1277 14 14 a
261 1272 63 25 great
346 1269 87 26 variety
451 1269 26 21 of
496 1267 133 28 glass-ware,

46 1298 102 26 merinos,
171 1297 93 22 damask
288 1296 103 28 lashings,
414 1294 103 27 flannels,
538 1297 91 25 carpets,

46 1328 74 18 cotton
129 1324 59 27 hose,
199 1331 60 20 aoap,
268 1326 52 25 port
329 1324 45 21 and
383 1322 79 27 sherry
472 1323 63 26 wine,
546 1319 86 24 bottled

46 1351 43 27 ale,
99 1351 70 27 hams,
180 1350 69 27 deals,
260 1350 66 26 coals,
336 1350 40 21 &c.
391 1350 41 21 &c.

240 1378 133 25 Ridoways,
385 1377 107 24 Guyton,
504 1375 45 21 and
559 1375 71 21 Earp.

149 1423 43 21 Ex
234 1422 57 21 The
304 1422 74 26 Rory
392 1420 135 25 O'More,"

216 1450 64 20 From
289 1450 106 19 Massatre
404 1449 54 24 Bay,

47 1476 135 50 ABOUT
195 1478 28 20 10
236 1479 52 18 tons
296 1476 26 21 of
333 1474 189 26 LIMESTONE,
536 1474 35 21 for
585 1472 46 23 sale

126 1503 31 28 by
166 1504 37 22 the
212 1502 152 28 undersigned
371 1510 5 19 ;
394 1501 60 28 early
464 1500 134 28 application
608 1504 24 18 to

46 1530 29 22 be
84 1530 66 22 made
159 1533 24 19 to

174 1557 125 26 Wallace,
314 1556 92 26 White,
422 1555 46 22 and
481 1554 123 22 Wallace.

74 1583 146 28 Wellington,
232 1583 64 28 April
305 1584 33 26 19,
348 1584 61 21 1842.

142 1629 92 21 Union
247 1629 81 20 Bank
340 1628 31 20 of
387 1627 151 21 Australia.

47 1662 96 23 London
160 1662 93 26 Office,
268 1661 44 22 No.
326 1662 36 26 33,
380 1661 51 21 Old
448 1660 183 22 Broad-stre*t.

101 1695 94 28 Capital,
203 1695 123 27 £800,000;
345 1694 53 27 paid
406 1702 39 19 up,
460 1694 118 26 £500,000.

280 1732 108 12 DIRECTOR*
394 1733 5 11 :

152 1757 68 21 George
227 1756 40 17 Fife
273 1756 67 21 Angas,
347 1756 50 20 Esq.,

152 1778 67 16 Robert
226 1777 75 19 Brooks,
310 1777 49 19 Esq.,

150 1799 63 16 James
220 1798 48 16 John
276 1798 98 19 Cummin*,
381 1797 52 20 Esq.,

151 1819 68 17 Robert
225 1818 97 20 Gardener,
333 1818 48 21 Esq.,
392 1817 125 20 Manch»it»r,

150 1840 50 17 John
208 1840 46 16 Gore
269 1839 49 20 Esq.,

150 1861 50 16 John
206 1860 81 17 William
293 1859 75 19 Buckle,
373 1859 50 20 Esq.,

150 1881 97 21 Benjamin
254 1881 21 16 E.
282 1881 63 19 Lindo,
353 1881 48 19 Esq.,

151 1902 73 17 Charles
232 1902 76 16 Edward
315 1900 87 21 Mangles,
410 1900 50 20 Esq.,

150 1923 117 20 Christopher
272 1922 83 19 Bawson,
364 1921 49 20 Esq.,
425 1921 82 20 Halifax,

150 1944 79 16 Thomas
236 1943 64 20 Sands,
308 1943 48 20 Esq.,
363 1942 101 21 Liverpool,

122 1974 4 10 ,
150 1965 62 16 James
219 1964 56 20 Bogle
283 1963 63 19 Smith,
352 1963 49 20 Esq.,

150 1986 62 16 James
218 1984 82 17 Ruddell
305 1984 56 19 Xodd,
369 1984 43 19 Esq.

47 2006 95 18 Xruttees:
157 2006 82 16 George
249 2006 58 15 Cark
317 2005 60 18 Glyn,
388 2005 51 19 Esq.,
448 2003 55 17 Johw
514 2003 60 19 Goks,
582 2003 50 20 Eiq.,

192 2026 37 17 and
235 2026 67 16 James
308 2026 18 15 J.
333 2026 101 18 Cummins,
443 2024 44 21 Esq.

74 2047 81 18 Banken
161 2052 4 12 :
176 2047 77 17 Messrs.
258 2046 61 19 Glyn,
331 2046 115 18 Hjlllifax,
453 2045 72 19 Mills,
532 2044 37 16 mnd
575 2044 31 17 Co.

166 2068 101 20 Secretary:
279 2067 83 16 Samuel
368 2066 95 19 Jackson,
471 2066 43 19 Esq.

138 2088 80 18 Colonial
223 2088 104 21 Inspector:
338 2087 18 16 J.
363 2086 18 17 C.
388 2086 105 20 M'Laren,
501 2086 44 20 Esq.

167 2137 70 20 New
255 2134 122 22 Zealand
395 2133 117 21 Branch.

47 2170 56 17 local
109 2170 101 17 Directors:
225 2169 47 17 Geo.
284 2168 17 17 S.
312 2168 72 18 Evans,
396 2168 50 20 Esq.,
457 2166 71 20 D.C.L.,
540 2166 36 18 and
588 2167 46 16 Gio.

268 2189 91 19 Hunter,
371 2189 44 19 Esq.

48 2212 97 21 Manager:
155 2211 49 17 John
212 2211 73 18 Smith,
292 2210 48 20 Esq.,
347 2210 36 16 late
390 2210 22 16 of
420 2209 31 16 the
458 2208 118 17 Commercial
582 2208 53 16 Bank

216 2232 21 16 of
245 2231 89 21 England,
345 2230 123 17 Manchester.

158 2252 115 23 Branches
283 2255 24 18 at
321 2251 97 28 Sydney,

321 2278 88 22 Hobart
416 2277 78 27 Town,

321 2305 149 26 liaunceston,
482 2303 46 22 and

321 2332 54 21 Fort
383 2331 82 27 Philip.

49 2361 56 23 Port
112 2360 130 27 Nicholson,
253 2358 81 24 March
342 2360 34 26 24,
387 2359 63 21 1840.

50 2414 91 50 THE
157 2413 115 23 Directors
288 2412 26 22 of
328 2412 40 22 the
382 2412 59 22 New
456 2411 101 22 Zealand
570 2410 65 23 Land

124 2441 116 28 Company
253 2440 85 27 hereby
353 2439 50 27 give
420 2438 82 27 notice,
519 2438 49 22 that
581 2438 54 28 they

48 2467 59 23 have
114 2475 111 15 effected
235 2474 30 15 an
275 2473 173 15 arrangement
454 2466 55 21 with
515 2465 38 22 the
560 2465 75 22 Union

49 2495 65 21 Bank
128 2495 26 21 of
169 2494 121 27 Australia,
306 2493 44 22 No.
366 2494 35 26 38,
415 2492 46 22 Old
477 2492 157 27 Broad-street,

49 2521 102 27 London,
162 2521 34 22 for
204 2521 39 21 the
256 2520 169 22 establishment
437 2519 26 22 of
477 2527 13 13 a
507 2519 128 21 BRANCH

49 2548 89 22 BANK
152 2548 35 22 IN
201 2547 72 23 NEW
287 2546 158 28 ZEALAND,
457 2546 98 27 through
564 2546 73 22 which

49 2575 39 22 the
96 2575 102 22 business
210 2575 26 21 of
248 2574 40 22 the
303 2574 57 22 New
375 2573 102 21 Zealand
490 2573 66 21 Land
571 2573 65 21 Com-

48 2609 62 20 pany
117 2602 46 22 will
170 2602 29 22 be
208 2600 135 23 transacted.
370 2600 48 22 The
434 2600 114 21 Directors
564 2599 73 22 there-

49 2629 48 21 fore
106 2628 145 22 recommend
258 2631 24 19 to
299 2627 110 22 Colonists
424 2626 39 22 the
479 2627 77 21 Union
571 2626 66 22 Bank

50 2655 27 22 of
94 2655 114 22 Australia
225 2662 24 15 as
267 2662 29 15 an
321 2654 170 22 establishment
512 2654 125 27 possessing

49 2681 59 23 their
123 2681 70 23 entire
214 2681 138 27 confidence,
371 2680 46 22 and
436 2680 50 22 able
505 2683 23 18 to
545 2680 92 26 provide

51 2709 125 28 effectually
190 2708 36 23 for
241 2708 39 23 the
293 2708 106 22 financial
412 2710 72 18 wants
501 2707 25 21 of
537 2707 38 21 the
590 2707 48 21 first

51 2735 134 23 settlement.

216 2761 37 28 By
263 2761 65 23 order
336 2761 28 21 of
372 2760 39 22 the
420 2760 82 28 Board,

296 2794 84 23 JOHN
393 2793 106 28 WARD,
515 2794 122 27 Secretary.

52 2822 58 23 New
117 2821 100 24 Zealand
225 2821 68 22 Land
301 2821 136 27 Company's
446 2821 77 27 Office,

80 2851 20 22 1.
110 2849 160 26 Adam-street,
281 2848 103 28 Adelphi,
394 2847 55 22 27th
457 2847 62 26 Aug.
536 2848 60 21 1839.

220 2894 69 21 Port
303 2893 30 21 of
348 2893 126 21 London.

106 2927 88 22 Notice
213 2934 28 14 to
261 2934 46 14 the
328 2925 92 23 Public.
421 2937 29 4 —
450 2925 125 23 Travellers
594 2926 45 22 and

54 2954 74 23 others
137 2954 49 22 who
195 2953 58 23 send
260 2953 107 27 baggage,
376 2953 73 21 works
460 2953 26 21 of
496 2956 40 24 art,
544 2960 25 15 or
576 2953 63 22 other

53 2981 66 22 value
128 2984 104 24 property
241 2984 24 18 to
274 2979 111 28 England,
402 2979 82 23 should
499 2980 92 27 consign
601 2980 37 22 the

53 3008 110 28 packages
172 3011 23 18 to
205 3009 38 20 the
254 3014 50 15 care
310 3007 26 21 of
342 3014 13 14 a
361 3006 100 22 licensed
468 3007 171 22 Custom-house

54 3038 74 24 agent,
144 3042 23 14 as
183 3034 89 22 articles
287 3040 36 15 are
338 3033 129 28 frequently
481 3034 95 27 injured,
594 3034 45 21 and

54 3061 101 22 needless
164 3068 98 21 expense
276 3060 110 27 incurred,
403 3060 36 22 for
453 3060 38 22 the
507 3064 60 18 want
582 3061 27 22 of
625 3068 15 15 a

53 3095 81 20 proper
142 3095 80 20 person
232 3090 24 19 to
266 3087 52 22 take
327 3087 81 27 charge
417 3087 27 22 of
459 3087 63 22 them
536 3095 30 14 on
580 3087 59 23 their

54 3115 86 26 arrival,
151 3115 44 21 and
204 3122 37 14 see
256 3114 61 21 them
334 3113 99 28 entered,
451 3114 125 28 examined,
594 3115 45 22 and

54 3141 107 28 carefully
174 3141 119 28 repacked.
326 3140 48 22 The
392 3140 83 27 charge
490 3141 20 22 is
524 3141 38 22 the
578 3148 61 15 same

54 3167 98 22 whether
161 3174 24 15 so
195 3167 122 27 consigned
327 3174 25 14 or

285 3193 116 28 Chamber,
412 3193 104 28 London,

58 3254 136 48 DEVOY
203 3255 46 21 and
258 3255 54 27 CO.,
326 3256 45 20 who
384 3261 39 15 are
439 3256 36 20 the
488 3256 153 21 LICENSED

137 3282 123 21 AGENTS
268 3282 28 26 of
303 3283 48 20 Her
356 3283 99 26 Majesty'
456 3289 12 14 s
477 3284 164 20 Commissioners

57 3308 28 24 of
97 3308 97 26 Customs,
203 3310 43 20 and
258 3310 66 20 under
333 3311 63 25 heavy
404 3311 64 21 bonds
479 3311 38 25 for
526 3311 36 21 the
570 3311 70 26 safety

58 3335 28 25 of
91 3338 100 24 property
207 3337 110 32 consigned^
329 3339 22 19 to
366 3339 63 24 them,
448 3337 45 28 beg
510 3337 63 23 those
590 3337 49 23 who

58 3361 57 22 send
122 3362 109 27 packages
239 3367 24 18 to
272 3363 58 23 their
339 3372 57 20 care,
411 3368 28 20 to.
445 3372 37 14 see
491 3364 49 22 that
548 3364 56 22 each
611 3365 29 21 be

58 3388 113 28 distinctly
188 3389 95 22 marked
427 3391 45 22 and
490 3392 48 27 Co.,
557 3391 84 22 Lower

58 3414 200 28 Thames-street,
394 3418 47 22 and
444 3418 38 22 the
488 3418 41 22 bill
535 3417 26 23 of
565 3417 77 28 lading

60 3448 26 14 or
99 3441 84 27 receipt
195 3442 124 22 forwarded
335 3447 23 18 to
375 3444 64 22 them
455 3444 71 23 direct
539 3445 31 26 by
583 3447 56 25 post,

58 3467 56 22 with
121 3467 144 22 instructions
272 3468 50 22 how
333 3470 54 22 such
395 3471 70 26 goods
475 3478 37 15 are
521 3474 23 19 to
556 3473 27 20 be
598 3471 44 21 dis-

59 3494 70 49 Eosed
138 3494 26 21 of
174 3501 30 14 on
213 3494 80 22 arrival
300 3503 7 19 ;
321 3496 45 21 and
371 3503 25 15 as
403 3504 69 20 every
477 3498 99 27 package
583 3501 60 18 must

77 3528 12 15 c
106 3520 85 28 opened
211 3523 24 19 at
252 3520 38 21 the
307 3521 177 29 Custom-house,
502 3525 20 21 if
542 3532 45 20 any
604 3531 38 15 are

59 3547 88 27 locked,
157 3547 38 22 the
204 3547 56 27 keys
269 3546 79 23 should
356 3548 27 22 be
392 3549 131 23 forwarded.

86 3574 79 22 'Goods
174 3574 45 22 and
228 3573 110 28 packages
347 3581 36 15 are
391 3576 125 22 forwarded
523 3577 31 27 by
563 3577 79 28 Devoy

60 3601 47 22 and
116 3601 38 22 Co.
164 3604 23 19 to
197 3600 31 22 all
241 3603 60 24 parts
314 3600 26 22 of
351 3600 37 23 the
405 3602 127 28 Continent,
543 3603 37 22 the
590 3604 54 22 East

61 3628 46 22 and
116 3627 62 22 West
186 3626 83 27 Indies,
278 3626 108 28 Colonies,
397 3628 41 22 &c.
449 3630 40 20 &c.
498 3637 5 17 ;
515 3630 51 26 and,
576 3630 20 22 if
608 3638 35 14 re-

61 3654 86 28 quired,
158 3657 51 19 sent
221 3657 24 18 to
254 3654 39 21 the
304 3660 50 15 care
369 3654 25 21 of
404 3656 136 26 responsible
555 3656 87 29 houses,

61 3680 51 23 who
126 3680 45 23 will
187 3688 36 15 see
239 3680 39 22 the
293 3680 144 22 instructions
451 3685 51 18 sent
515 3682 53 22 with
583 3683 61 23 them

61 3707 132 28 punctually
202 3706 107 23 attended
317 3709 31 19 to.

90 3733 40 22 All
138 3734 68 26 goods
215 3733 47 22 and
270 3733 108 27 packages
386 3732 37 23 for
432 3733 111 32 shipment
549 3739 59 18 must
615 3736 29 22 be

63 3760 160 27 accompanied
230 3760 32 28 by
276 3760 88 21 written
376 3760 153 27 instructions,
538 3762 54 21 with
606 3762 38 22 the

61 3794 68 15 name
138 3787 45 22 and
192 3786 91 23 address
292 3786 25 22 of
329 3786 38 22 the
375 3786 83 28 parties
466 3786 32 28 by
507 3786 71 23 whom
592 3788 54 31 they

61 3821 40 15 are
114 3816 56 25 sent,
186 3813 46 22 and
246 3812 40 23 the
298 3816 103 19 contents
413 3812 45 23 and
473 3812 66 23 value
555 3814 25 21 of
592 3817 55 20 each

61 3840 101 29 package
171 3839 80 24 stated.
279 3840 47 21 The
341 3840 54 26 duty
405 3840 110 21 outwards
527 3840 20 22 is
557 3842 41 21 10«.
606 3848 41 20 per

62 3867 64 23 jSIOO
138 3866 73 23 value.
249 3866 48 22 The
312 3870 47 18 rate
374 3866 27 21 of
412 3866 119 22 insurance
548 3866 98 28 depends

63 3893 251 28 upon.circumstances.
342 3892 44 23 For
402 3892 87 22 further
503 3892 143 24 information

61 3920 69 28 apply
154 3923 23 20 to
199 3920 46 22 Mr.
265 3920 92 23 Samuel
381 3919 102 28 Revans,
502 3919 144 29 Wellington,

59 3946 58 25 Port
125 3946 131 25 Nicholion.

1387 121 101 24 Notice
1502 124 29 20 to
1546 123 181 22 Subscribers.

1267 161 87 26 Papers,
1361 159 45 21 will
1417 160 39 19 not
1470 159 24 20 be
1505 160 46 19 sent
1568 160 21 19 to
1599 164 89 20 persons
1702 158 64 25 living
1780 159 37 19 out
1831 157 27 26 of

1291 188 57 20 Port
1356 187 122 24 Nicholson,
1494 187 69 19 unless
1576 187 156 24 arrangements
1744 191 37 14 are
1794 185 60 20 made

1289 214 40 25 for
1337 214 36 20 the
1376 214 103 25 payment
1487 213 27 26 of
1519 214 35 20 the
1563 220 62 21 same,
1636 213 92 26 through
1737 219 28 13 an
1775 213 77 26 Agent,

1293 243 25 18 at
1328 241 134 23 Wellington.

882 127 130 22 Caution.
1138 137 4 4 -
1166 147 2 5 ,

658 161 266 52 STORE-KEEPERS
943 160 70 23 AND
1032 158 124 24 OTHERS
1175 159 63 22 ARE

702 188 117 30 requested
827 191 23 19 to
860 187 50 28 give
919 195 31 14 no
960 194 80 20 person
1047 187 114 21 whatever
1170 185 68 23 credit

656 218 34 21 for
698 216 66 28 goods
773 216 24 21 in
806 214 38 22 tße
853 221 66 15 name
933 214 28 21 of
971 213 51 22 Mr.
1032 213 97 26 Levein,
1141 212 97 22 cabinet-

656 243 80 28 maker,
749 242 26 23 of
785 241 118 22 Thorndon
913 241 58 26 Flat,
981 248 25 14 as
1020 240 20 21 it
1046 240 23 26 js
1084 242 42 19 not
1134 238 104 29 required

656 270 31 27 by
695 270 51 27 him,
757 268 46 23 and
811 268 29 21 he
849 267 44 23 will
903 268 41 21 not
952 274 45 21 pay
1005 266 37 23 for
1050 266 38 22 the
1101 273 70 15 same.
1182 281 4 6 .
1210 274 5 3 -
1234 285 5 6 ,

683 304 62 28 April
754 304 34 25 22,
799 303 61 21 1842.

773 360 9 10 ,■
827 361 5 6 .-
863 346 164 22 Education.

650 373 57 57 M*
719 381 43 23 RS.
782 379 45 22 and
939 378 192 22 WAKEFIELD
1153 376 86 23 receive

743 406 75 29 pupils
827 413 29 15 on
865 405 38 23 the
911 405 118 27 following
1036 408 69 19 terms
1110 412 6 15 :
1117 415 30 5 —
1244 414 2 18 |

684 442 41 22 For
742 440 78 27 board,
837 439 54 23 with
908 439 103 27 washing
1024 439 45 22 and
1083 439 36 21 in-
1244 437 2 28 |

711 467 106 23 struction
820 467 24 21 in
848 467 92 26 general
945 466 95 27 English
1044 466 75 22 litera-

710 498 54 24 ture,
780 494 94 27 writing,
888 493 47 22 and
946 493 117 27 aritmetic,
1079 499 42 21 per
1244 492 2 15 (

712 523 87 27 quarter
1120 521 13 20 8
1160 520 13 20 8
1199 519 15 20 0

683 548 76 23 Under
767 548 15 22 7
789 554 65 21 years
863 547 26 22 of
900 554 42 21 age
1120 545 13 23 7
1161 545 13 23 7
1200 546 14 20 0

685 576 48 28 Day
742 574 105 24 boarders
1119 573 15 21 4
1159 573 16 20 4

686 603 48 27 Day
743 601 73 29 pupils
1120 601 14 19 2
1161 599 13 21 2
1200 599 15 20 0

685 630 78 22 Junior
772 627 55 22 ditto
987 635 28 13 ..■
1121 626 52 21 11l
1201 626 14 20 6

659 663 91 27 French,
765 662 90 27 Italian,
869 661 45 22 and
928 660 116 28 Drawing,
1053 660 33 22 £1
1102 660 45 21 11s.
1157 658 35 23 6d.
1202 665 40 20 per

897 691 99 24 quarter.

649 713 2 9 '
685 716 86 22 Private
780 714 85 22 lessons
872 714 24 22 in
907 714 78 27 music,
998 721 27 14 or
1033 721 44 20 any
1087 712 28 23 of
1124 712 39 23 the
1171 712 70 21 above

658 743 106 21 branches
774 741 27 21 of
811 740 125 28 education,
952 747 44 15 one
1010 740 75 22 hour's
1100 738 139 27 instruction,

659 769 50 22 four
716 769 83 21 lessons
816 768 37 22 for
861 774 42 15 one
912 767 91 27 guinea.

685 802 133 22 References
826 803 22 19 to
858 800 37 22 the
903 800 117 27 following
1025 799 131 28 gentlemen
1164 798 78 27 kindly

658 827 117 31 permitted
782 835 5 14 :
789 838 29 5 —

686 862 60 26 Capt.
755 859 36 22 W.
802 858 34 23 M.
847 859 78 27 Smith,
935 859 69 27 R.A.,
1014 856 227 30 Surveyor-General.

686 888 26 22 T.
722 888 31 22 M.
764 886 122 27 Partridge,
897 886 54 28 Esq.

686 916 22 20 S.
717 915 96 25 Revana,
824 913 52 27 Esq.
