2499 3999
657 123 88 22 Statute
767 121 93 24 extends
884 126 22 18 to
928 121 57 23 New
1007 122 99 23 Zealand
1132 123 21 22 is
1176 130 53 23 very

656 155 102 23 doubtful
766 164 7 18 ;
781 172 3 4 .
794 154 109 28 however,
922 154 17 23 if
955 155 19 21 it
992 154 54 23 does
1065 158 46 25 not,
1128 154 64 24 there
1209 156 20 22 is

656 187 94 30 nothing
766 191 22 19 to
809 191 92 26 prevent
919 193 40 16 our
969 186 92 30 drilling
1077 186 113 24 ourselves
1207 191 23 19 at

656 220 111 31 pleasure,
779 219 44 23 and
839 219 20 23 if
866 220 20 22 it
903 219 59 28 does,
981 218 53 24 then
1046 218 37 24 the
1094 219 101 23 sanction
1207 220 25 23 of

656 259 44 24 any
710 257 43 18 two
765 251 146 31 Magistrates
922 251 24 23 of
955 251 38 23 the
1003 251 86 23 district
1107 252 19 22 is
1141 251 30 24 all
1182 252 48 23 that

656 285 20 23 is
685 284 112 31 required.

689 318 43 23 We
750 317 68 30 lately
835 317 44 22 had
891 317 102 22 occasion
1005 320 21 19 to
1044 317 58 22 refer
1113 320 23 19 to
1150 324 40 15 one
1208 317 24 24 of

658 350 36 23 the
706 350 104 24 Colonial
828 349 147 28 Ordinances,
987 349 72 23 which
1077 349 62 30 gives
1157 353 23 18 to
1193 350 37 22 the

658 383 77 23 Police
753 383 134 29 Magistrate
899 382 37 23 the
948 382 47 22 sole
1010 388 73 24 power
1100 381 25 23 of
1142 381 87 31 adjudi-

658 416 74 30 cating
743 423 28 15 on
778 414 30 23 all
825 415 80 22 crimes
914 414 24 23 of
944 414 38 23 the
989 419 87 25 greater
1086 414 130 30 magnitude
1222 423 6 19 ;

657 449 24 21 in
692 448 49 22 that
751 451 88 26 respect
850 447 109 29 reducing
969 447 37 23 the
1018 447 62 23 other
1091 446 99 23 Justices
1207 451 23 19 to

657 487 60 16 mere
729 479 103 31 cyphers.
868 478 51 24 The
937 478 128 24 Ordinance
1077 480 22 21 in
1119 480 110 28 question,

658 513 108 28 however,
790 511 53 23 does
865 515 40 19 not
927 511 65 23 affect
1013 511 57 23 such
1090 511 100 23 exercise
1207 512 26 26 of

658 545 113 30 authority
788 552 25 15 as
833 545 141 29 sanctioning
995 545 96 29 military
1110 544 59 28 drill,
1187 545 43 22 and

658 578 52 22 with
728 577 81 31 regard
829 581 22 19 to
871 577 63 28 such,
954 585 43 22 any
1018 581 43 19 two
1081 577 149 29 Magistrates

658 610 55 23 have
732 610 42 23 full
793 617 73 23 power
885 614 23 18 to
926 614 41 23 act,
992 609 43 23 and
1055 609 57 23 their
1129 610 101 23 sanction

658 647 80 18 cannot
760 643 27 22 be
811 647 34 18 set
862 642 62 23 aside
945 650 25 15 or
993 641 127 24 over-ruled
1143 642 28 30 by
1192 642 38 23 the

658 675 78 24 Police
746 675 134 30 Magistrate
893 683 24 15 or
928 682 44 23 any
984 682 41 16 one
1036 675 52 23 else.

691 708 57 23 This
759 708 20 23 is
791 715 41 20 pur
842 708 56 23 view
910 707 24 24 of
943 707 37 24 the
990 707 43 24 law
1040 715 29 15 on
1079 706 37 24 the
1127 706 101 32 subject;

656 741 22 22 if
685 748 32 16 we
729 748 38 16 are
786 748 83 23 wrong,
882 748 33 15 we
932 748 37 16 are
981 748 57 23 open
1049 744 23 18 to
1088 740 126 22 conviction
1222 748 6 20 ;

656 773 42 23 but
708 773 77 24 unless
797 772 61 24 there
869 773 29 23 be
910 781 60 16 some
988 780 61 16 more
1063 776 76 19 recent
1150 772 80 23 autho-

657 806 62 23 rities
731 806 54 23 than
797 813 33 16 we
841 805 57 24 have
910 805 96 23 referred
1026 809 31 24 to,
1071 805 70 22 which
1153 812 34 15 we
1203 805 27 23 do

657 842 40 19 not
707 837 67 24 think
785 838 62 22 there
865 844 46 20 are,
924 846 31 13 we
966 838 85 20 believe
1064 845 39 13 our
1119 838 55 22 view
1185 838 46 23 will

656 870 28 23 be
695 870 71 23 found
777 875 22 17 to
811 870 28 22 be
850 872 93 19 correct.

690 902 42 22 We
751 900 66 24 think
828 901 18 23 it
856 908 81 23 proper
953 900 46 23 also
1017 905 22 18 to
1058 900 76 23 advert
1152 905 22 18 to
1192 901 38 23 the

655 934 46 23 fact
712 934 48 23 that
772 933 63 24 Lord
844 933 137 30 Normanby,
990 932 61 23 Lord
1059 932 56 24 John
1118 941 2 4 1
1127 933 102 30 Russell,

656 967 43 23 and
723 967 37 23 Sir
789 966 89 30 George
901 966 81 31 Gipps,
1006 966 23 22 in
1059 966 56 22 their
1140 966 89 31 printed

656 999 134 31 dispatches,
818 999 30 23 all
869 999 76 22 advert
968 1003 22 18 to
1011 998 38 23 the
1071 1000 114 29 propriety
1208 999 24 23 of

656 1032 147 30 establishing
813 1040 13 14 a
844 1031 92 28 Militia,
948 1032 23 22 in
983 1035 68 19 terms
1070 1039 60 15 more
1141 1039 26 15 or
1185 1032 45 22 less

656 1069 77 27 strong
741 1074 6 19 ;
767 1069 69 18 terms
856 1064 72 23 which
945 1064 97 23 indicate
1061 1064 47 23 that
1127 1064 56 23 such
1199 1072 29 15 an

655 1098 170 23 establishment
835 1096 73 24 would
927 1096 107 30 certainly
1046 1096 54 23 have
1119 1101 45 19 met
1176 1098 52 22 with

654 1131 59 22 their
723 1131 109 27 sanction,
844 1129 44 23 and
898 1129 72 23 which
981 1129 49 23 lead
1049 1137 26 15 us
1096 1134 22 18 to
1138 1129 91 24 charac-

654 1164 70 22 terize
743 1163 35 23 the
798 1162 63 23 haste
880 1162 114 23 exercised
1013 1162 24 23 in
1054 1163 134 30 attempting
1207 1167 22 19 to

654 1200 41 27 put
706 1196 65 22 down
781 1203 40 15 our
833 1195 79 28 forces,
926 1202 24 15 as
961 1195 102 23 indecent
1074 1195 24 23 in
1109 1195 38 23 the
1159 1195 68 31 high-

654 1233 35 19 est
700 1228 88 28 degree.

688 1278 49 23 The
749 1282 59 19 most
819 1277 102 23 valuable
931 1277 98 31 political
1049 1277 106 31 privilege
1168 1277 25 23 of
1202 1286 28 15 an

655 1311 157 30 Englishman,
832 1311 19 22 is
862 1310 37 23 the
911 1310 60 31 right
982 1310 71 23 which
1071 1310 27 23 he
1114 1318 116 23 possesses

655 1344 24 23 of
687 1344 98 30 limiting
797 1343 37 23 the
844 1347 90 19 amount
941 1343 25 23 of
977 1343 104 28 taxation,
1095 1343 43 23 and
1148 1343 82 23 direct-

654 1377 39 30 ing
704 1376 37 23 the
751 1384 50 23 appi
807 1376 108 31 opriation
926 1376 24 23 of
959 1376 36 23 the
1004 1380 64 19 taxes
1076 1376 61 22 when
1148 1376 80 23 levied.

654 1409 33 23 At
699 1409 37 23 the
748 1413 188 19 commencement
946 1409 27 23 of
986 1409 55 23 each
1056 1408 174 31 parliamentary

653 1449 61 23 year,
729 1442 37 23 the
778 1442 125 23 Executive
913 1441 153 24 Government
1077 1442 46 30 lays
1136 1442 29 22 its
1174 1442 55 22 esti-

652 1479 72 19 mates
737 1475 74 23 before
824 1474 35 23 the
868 1475 185 29 representatives
1061 1474 23 23 of
1094 1475 37 22 the
1141 1474 86 31 people,

653 1508 85 30 stating
757 1507 50 23 how
823 1507 68 22 much
902 1507 44 22 will
963 1507 28 22 be
1009 1507 101 30 required
1121 1507 35 23 for
1174 1508 55 21 each

653 1540 90 31 specific
752 1540 140 30 department
899 1540 25 22 of
931 1540 36 22 the
976 1543 64 24 state,
1049 1540 40 22 and
1101 1540 37 22 the
1148 1540 79 30 people

652 1578 66 25 grant
730 1580 24 15 or
773 1573 73 22 refuse
858 1572 55 23 each
929 1572 121 30 particular
1068 1573 51 22 item
1132 1576 23 19 at
1170 1573 58 22 their

652 1606 111 30 pleasure.

685 1639 30 23 In
726 1639 57 22 New
794 1638 99 23 Zealand
903 1646 31 15 we
946 1637 56 23 have
1016 1646 27 15 no
1053 1638 175 30 representation

651 1672 39 23 An
701 1671 158 31 irresponsible
870 1671 156 23 Government
1043 1671 64 23 takes
1119 1679 25 15 as
1158 1671 70 22 much

651 1712 25 16 or
687 1712 24 16 as
723 1705 57 23 little
792 1704 25 23 of
833 1712 39 15 our
884 1711 80 22 money
976 1712 24 14 as
1011 1705 19 21 it
1040 1704 94 30 pleases,
1155 1703 43 23 and
1211 1705 17 21 it

651 1738 81 30 spends
744 1738 18 22 it
774 1736 63 24 when
848 1737 74 22 where
933 1736 44 23 and
988 1744 24 15 as
1024 1738 18 21 it
1053 1736 66 28 likes,
1133 1736 96 23 without

651 1778 40 15 our
702 1776 93 19 consent
807 1778 23 14 or
842 1770 133 30 advantage.

682 1808 48 24 Are
743 1815 32 15 we
786 1812 40 18 not
837 1807 149 30 Englishmen
996 1808 9 22 ?
1026 1808 55 22 have
1093 1815 32 15 we
1140 1812 40 18 not
1190 1807 38 23 the

649 1841 69 24 heads
736 1841 43 23 and
797 1841 38 22 the
854 1841 75 22 hearts
947 1840 26 23 of
987 1840 158 30 Englishmen,
1170 1840 58 23 their

649 1882 104 23 courage,
765 1874 58 22 their
834 1873 61 29 skill,
908 1873 57 23 their
976 1874 130 29 enterprize,
1119 1874 58 22 their
1191 1874 36 22 in-

649 1908 82 30 tegrity
739 1907 9 23 ?
772 1907 57 22 have
841 1914 32 15 we
886 1910 38 19 not
935 1906 30 23 all
977 1906 47 23 that
1035 1914 28 15 an
1075 1906 151 30 Englishman

649 1940 70 31 ought
730 1945 22 18 to
764 1940 56 22 have
833 1943 79 26 except
925 1938 33 23 his
967 1939 119 30 privileges
1095 1939 10 22 ?

682 1978 54 23 And
746 1977 50 28 why
809 1976 80 23 should
901 1984 32 15 we
946 1976 29 23 be
986 1976 105 28 deprived
1103 1976 24 23 of
1143 1976 64 23 these
1218 1976 9 22 ?

649 2009 26 23 Is
692 2009 64 22 there
774 2015 43 22 any
829 2008 66 29 thing
912 2008 21 21 in
946 2008 37 22 the
1002 2008 100 22 Clendon
1119 2008 48 30 job,
1191 2008 36 22 the

650 2042 153 23 Government
815 2040 97 23 Officers
924 2039 115 23 allotment
1051 2040 47 30 job,
1112 2041 39 21 the
1163 2040 65 30 Boyd

648 2074 59 28 loan,
728 2082 24 15 or
771 2074 37 22 the
825 2073 118 30 Registrar
961 2072 117 23 General's
1090 2073 49 29 job,
1153 2072 74 23 which

648 2107 110 23 indicates
770 2107 23 22 in
806 2105 64 23 those
880 2105 49 23 who
942 2105 89 23 devised
1043 2105 67 28 them,
1124 2113 13 15 a
1149 2106 78 22 fitness

649 2145 23 18 to
689 2147 94 22 manage
805 2139 37 22 the
863 2138 75 23 affairs
959 2138 24 23 of
998 2138 37 23 the
1053 2143 38 18 ten
1115 2138 111 23 thousand

649 2173 89 23 settlers
756 2173 23 22 in
800 2171 84 26 Cook's
905 2171 81 23 Straits
1004 2172 100 29 superior
1127 2176 22 18 to
1167 2171 60 23 what

649 2206 52 30 they
715 2205 134 24 themselves
860 2211 90 23 possess
959 2204 9 24 ?

683 2244 47 23 But
741 2244 19 22 if
776 2251 31 15 we
826 2249 37 16 are
874 2246 41 19 not
933 2246 21 18 to
972 2241 56 24 have
1040 2250 13 15 a
1065 2243 59 22 voice
1146 2243 23 23 in
1188 2243 39 22 the

650 2276 107 24 direction
769 2276 24 23 of
811 2283 40 15 our
868 2283 50 15 own
936 2274 82 29 affairs,
1039 2275 31 23 let
1082 2283 25 15 us
1126 2281 25 17 at
1170 2276 58 23 least

650 2310 66 23 make
728 2317 40 15 our
779 2309 62 22 voice
860 2307 69 24 heard
948 2308 24 22 in
983 2309 132 29 complaints
1127 2309 25 22 of
1167 2309 61 23 their

650 2342 159 23 misdirection.
846 2341 24 23 If
880 2349 40 15 our
933 2340 128 24 Governors
1079 2349 36 15 arc
1127 2347 23 17 to
1170 2342 57 22 have

651 2375 29 23 all
691 2375 38 23 the
739 2375 130 29 advantage,
891 2374 31 22 let
934 2373 61 23 them
1006 2379 23 18 at
1047 2375 57 22 least
1121 2375 57 22 have
1190 2375 38 22 the

651 2409 76 22 shame
739 2408 53 22 with
805 2408 25 22 it.
865 2406 26 24 If
906 2413 39 16 our
957 2414 80 23 money
1048 2408 21 22 is
1086 2413 22 17 to
1127 2408 28 22 be
1172 2408 56 22 mis-

650 2441 162 31 appropriated,
825 2440 31 23 let
863 2440 30 22 its
905 2440 207 30 misappropriation
1124 2441 28 22 be
1162 2441 66 22 made

649 2474 83 23 known
744 2478 22 19 to
778 2481 66 22 every
857 2480 50 15 one.

684 2507 50 23 The
746 2507 86 30 largest
844 2505 155 23 Government
1011 2505 71 32 salary
1091 2510 54 19 next
1156 2510 22 20 to
1192 2507 36 23 the

651 2539 137 24 Governor's
799 2546 57 21 own,
865 2538 44 24 and
919 2538 123 32 exceeding
1047 2538 35 24 the
1090 2539 138 24 Governor's

650 2573 25 23 of
693 2572 74 24 South
778 2571 118 24 Australia
914 2571 28 30 by
954 2572 70 23 200
1036 2580 85 21 a-yeur,
1143 2573 17 22 is
1180 2573 47 23 Mr.

652 2606 175 23 Commissioner
839 2604 98 32 Spain's.
974 2604 39 23 He
1024 2605 96 23 receives
1133 2606 95 28 I,OJO

650 2646 40 23 per
701 2646 84 15 annum
797 2637 24 23 of
837 2637 76 31 public
926 2645 85 22 money,
1031 2638 88 24 besides
1131 2646 15 15 a
1156 2638 72 24 band-

651 2679 63 18 some,
724 2671 120 23 allowance
855 2670 34 23 for
899 2676 117 25 expenses.
1053 2671 22 23 It
1085 2672 20 21 is
1118 2676 50 18 true
1181 2672 49 23 that

651 2705 17 22 it
680 2705 19 22 is
711 2704 98 31 charged
820 2711 28 15 on
860 2704 39 22 the
916 2703 51 23 land
979 2704 63 28 fund,
1064 2705 41 21 and
1119 2705 110 23 therefoie

652 2737 52 23 does
716 2743 39 17 not
767 2745 62 14 come
847 2744 25 15 so
885 2737 93 29 directly
990 2741 38 18 out
1040 2737 25 22 of
1080 2738 37 22 the
1138 2738 91 30 peoples

652 2770 89 31 pocket,
762 2778 24 14 as
798 2770 37 22 the
848 2770 38 22 the
898 2773 63 19 taxes
974 2769 72 23 which
1058 2770 35 23 the
1112 2771 50 30 brig
1174 2779 56 15 con-

652 2811 53 22 veys
719 2811 61 22 away
790 2811 5 20 ;
810 2803 41 22 but
861 2803 24 22 in
897 2801 37 24 the
943 2802 45 22 end
1000 2803 18 22 it
1029 2810 73 17 comes
1114 2808 39 18 out
1164 2804 26 23 of
1199 2806 29 26 it;

652 2836 35 22 for
698 2837 20 21 if
735 2837 17 21 it
763 2843 58 16 were
838 2839 39 19 not
896 2831 113 33 expended
1021 2843 29 15 on
1067 2837 36 22 t!ie
1117 2836 113 24 Commis-

652 2870 82 27 sioner,
753 2870 19 21 it
781 2868 75 23 would
866 2868 28 23 be
906 2867 45 23 laid
962 2872 39 19 out
1019 2869 21 22 in
1053 2871 132 28 emigration
1207 2879 24 14 or

651 2902 77 31 public
739 2901 82 29 works,
844 2901 73 23 which
928 2909 37 14 are
973 2909 48 15 now
1031 2902 69 22 either
1115 2903 115 28 neglected

653 2943 25 15 or
694 2935 51 31 paid
758 2935 34 23 for
810 2935 29 29 by
852 2934 37 23 the
906 2934 88 31 people.
1030 2934 44 24 Let
1092 2944 25 14 us
1140 2937 90 29 enquire

653 2976 13 15 a
677 2968 57 23 little
746 2968 109 23 therefore
866 2968 48 22 into
927 2966 38 24 the
977 2967 74 24 affairs
1064 2969 22 22 of
1102 2968 46 23 this
1160 2970 70 22 Com-

653 3000 180 31 missionership.

687 3034 46 23 Mr.
750 3034 175 24 Commissioner
936 3033 70 31 Spain
1019 3041 45 16 was
1080 3039 51 18 sent
1143 3039 37 19 out
1202 3036 28 29 by

653 3067 61 23 Lord
725 3067 59 23 John
796 3066 94 24 Russell
902 3071 22 18 to
936 3066 125 31 adjudicate
1075 3076 25 14 on
1115 3067 38 24 the
1164 3068 66 24 Ld.ni

654 3100 102 28 Claims',
767 3108 13 15 a
790 3107 103 16 measure
904 3099 107 23 rendered
1021 3107 118 23 neces.vuy
1150 3101 80 31 chiefly

652 3132 31 30 by
700 3133 38 23 the
750 3133 155 23 Government
917 3132 118 23 surrender
1046 3133 25 23 of
1079 3133 37 23 the
1132 3135 99 22 national

653 3165 61 30 right
729 3165 26 23 of
774 3165 124 30 discovery.
934 3164 63 23 Lord
1011 3165 67 29 John,
1098 3166 23 23 in
1141 3166 36 23 his
1196 3168 35 22 in-

654 3199 121 21 structions
793 3203 23 17 to
828 3198 117 22 Governor
959 3198 103 28 Hobson,
1075 3200 122 30 expressed
1207 3201 25 23 in

654 3231 37 22 the
701 3235 58 19 most
771 3231 111 29 emphatic
894 3238 93 17 manner
998 3230 35 23 his
1050 3231 71 24 desire
1133 3232 49 23 that
1193 3233 39 24 the

655 3264 176 23 Commissioner
839 3263 29 24 he
879 3266 50 19 sent
939 3263 81 23 should
1031 3264 28 23 be
1071 3264 36 24 the
1117 3265 54 32 only
1180 3274 50 16 one.

655 3296 118 23 Governor
796 3296 105 28 Hobson,
926 3295 79 31 taking
1027 3297 123 31 advantage
1171 3299 26 23 of
1220 3307 13 16 a

654 3329 136 32 subsequent
798 3337 95 24 passage
903 3329 23 22 in
937 3328 38 24 the
987 3330 153 30 instructions,
1151 3332 81 29 which,

654 3363 80 30 regard
745 3363 68 30 being
824 3362 44 24 had
879 3366 23 19 to
915 3361 37 24 the
960 3362 82 24 former
1052 3363 133 31 injunction,
1195 3365 39 24 did

654 3400 39 19 not
704 3397 23 22 in
739 3403 40 16 our
788 3396 91 30 opinion
889 3394 82 32 justify
979 3394 37 25 the
1024 3403 85 23 course,
1117 3398 116 24 exercised

653 3428 36 24 his
708 3432 131 28 patronage,
859 3429 44 23 and
923 3428 119 31 appointed
1063 3434 41 19 two
1124 3438 63 17 more
1209 3432 23 23 in

654 3462 107 23 addition.

687 3495 44 23 We
738 3502 38 16 are
785 3494 45 24 told
841 3494 49 24 that
899 3494 46 24 Mr.
954 3495 71 30 Spain
1032 3502 45 16 was
1082 3495 136 26 dissatisfied
1225 3507 7 19 ;

655 3528 40 22 but
711 3527 30 24 he
742 3536 2 5 1
756 3535 46 16 was
818 3528 99 30 prudent
928 3527 61 29 also;
1009 3528 44 23 and
1066 3528 28 23 he
1112 3531 122 23 consented

655 3565 23 18 to
690 3561 50 30 sign
875 3560 52 24 One
939 3561 25 23 of
971 3561 37 23 the

655 3593 88 24 instead
753 3593 25 24 of
814 3593 49 24 The

687 3626 31 22 In
730 3625 38 24 the
950 3626 26 24 of
984 3627 44 23 this
1196 3629 38 25 the

654 3657 77 33 public
753 3659 97 24 interest
875 3667 52 21 was,
957 3667 24 16 as
1009 3660 73 28 usual,
1111 3660 130 32 forgotten..

656 3691 98 30 Though
774 3691 38 23 the
833 3692 176 23 Commissioner
1028 3700 45 16 was
1094 3693 89 25 divided
1205 3696 29 31 by

656 3725 71 27 three,
748 3724 36 23 the
802 3724 87 31 Salary,
894 3732 44 15 was
943 3728 67 25 'not;
1031 3733 29 15 on
1072 3726 36 23 the
1120 3732 113 27 contrary,

656 3758 18 21 it
694 3764 45 16 was
758 3757 133 30 multiplied,
919 3758 42 22 and
979 3758 37 22 the
1033 3759 78 30 people
1131 3768 45 23 pay
1197 3762 37 23 the

656 3789 102 31 product.
804 3789 54 24 Had
880 3790 38 23 the
939 3790 149 25 Commission
1110 3794 125 29 proceeded

658 3822 52 23 with
731 3823 115 23 increased
866 3824 85 30 vigour,
975 3823 107 31 however,
1103 3833 32 15 we
1154 3827 81 24 should

658 3855 55 24 have
723 3856 56 24 been
792 3857 100 23 satisfied
903 3866 7 19 ;
924 3857 39 23 but
976 3857 28 23 its
1017 3858 109 30 tripartite
1138 3859 97 25 division

659 3897 73 17 seems
745 3889 51 31 only
814 3894 22 19 to
850 3889 57 24 have
923 3889 119 25 weakened
1052 3892 30 22 its
1093 3894 142 29 progressive

1898 1581 26 22 In
1937 1580 38 23 the
1986 1581 58 23 New
2056 1581 101 23 Zealand
2179 1581 148 23 Government
2342 1582 101 31 Gazette^

1863 1614 25 22 of
1903 1614 52 30 July
1969 1616 39 26 12,
2021 1622 34 15 we
2066 1614 47 23 find
2126 1623 12 14 a
2146 1614 168 23 Proclamation
2325 1616 78 23 issued
2414 1616 30 31 by

1864 1647 46 23 Mr.
1925 1647 130 28 Shortland,
2068 1648 101 30 warning
2181 1648 29 22 all
2227 1656 94 22 persons
2340 1648 105 32 claiming

1863 1680 52 23 land
1935 1680 25 22 in
1971 1680 45 22 this
2039 1680 94 30 Colony,
2145 1681 25 22 in
2187 1681 28 22 all
2234 1688 64 15 cases
2317 1681 73 24 where
2408 1682 37 23 the

1863 1713 65 23 claim
1947 1714 19 22 is
1987 1712 80 24 denied
2089 1721 24 15 or
2133 1714 103 29 disputed
2258 1714 28 29 by
2299 1714 37 23 the
2349 1715 95 30 original

1864 1746 81 23 Native
1957 1753 95 21 owners,
2065 1747 58 22 from
2142 1747 128 29 exercising
2281 1751 49 18 acts
2342 1747 25 23 of
2382 1755 62 16 own-

1863 1779 74 30 ership
1951 1779 100 28 thereon,
2064 1787 25 15 or
2108 1780 115 22 otherwise
2246 1780 142 31 prejudicing
2405 1781 37 23 the

1863 1812 103 30 question
1978 1812 25 22 of
2014 1812 48 23 title
2072 1816 22 19 to
2103 1812 37 23 the
2152 1820 61 15 same
2225 1813 58 22 until
2290 1813 39 22 the
2341 1815 102 29 question

1863 1844 33 23 of'
1903 1844 126 31 ownership
2041 1845 58 23 shall
2114 1845 57 23 have
2192 1846 56 22 been
2265 1846 82 23 settled
2366 1847 29 30 by
2407 1846 37 24 the

1864 1877 65 24 Land
1943 1878 93 22 Claims'
2050 1878 198 24 Commissioners.

1898 1915 24 23 If
1936 1915 46 23 this
1994 1915 121 24 document
2133 1916 43 23 had
2197 1917 36 22 the
2255 1917 61 23 force
2336 1917 26 23 of
2377 1926 13 14 a
2401 1917 42 24 law

1863 1949 30 22 its
1911 1948 65 23 effect
1994 1948 75 23 would
2086 1949 28 22 be
2135 1954 39 18 not
2193 1949 51 30 only
2265 1954 22 19 to
2308 1950 79 23 enable
2408 1951 37 23 the

1863 1981 94 23 Natives
1978 1986 23 17 to
2024 1986 93 24 prevent
2138 1990 45 19 any
2203 1983 87 22 further
2311 1985 133 27 occupation

1863 2012 25 23 of
1902 2013 60 27 land,
1977 2014 39 21 but
2029 2018 22 17 to
2063 2013 87 29 require
2173 2013 36 22 the
2220 2013 92 22 settlors
2324 2014 50 21 who
2387 2014 56 23 have

1864 2044 89 31 already
1965 2045 88 23 cleared
2070 2044 45 23 and
2131 2044 120 23 cultivated
2267 2049 23 19 to
2309 2053 43 23 any
2368 2051 77 19 extent

1865 2077 101 23 however
1985 2081 66 26 great
2072 2082 22 18 to
2123 2082 51 18 turn
2197 2078 33 23 off
2253 2082 23 19 at
2298 2086 14 16 a
2335 2084 109 18 moments

1864 2111 81 22 notice.
1982 2110 58 23 Lest
2051 2111 18 22 it
2089 2110 81 23 should
2182 2115 73 20 create
2267 2119 43 23 any
2323 2112 78 28 alarm,
2413 2120 31 15 we

1865 2143 65 23 think
1942 2144 18 22 it
1973 2151 119 22 necessary
2104 2148 22 18 to
2138 2143 82 23 inform
2232 2152 41 14 our
2284 2145 91 23 readers
2386 2145 58 23 what

1864 2176 20 23 is
1896 2176 37 23 the
1944 2176 59 30 legal
2015 2176 61 23 force
2089 2176 25 23 of
2129 2176 44 23 this
2186 2182 185 19 announcement.

1898 2214 179 24 Proclamations
2089 2215 98 30 relating
2199 2219 21 18 to
2229 2215 59 23 such
2306 2220 95 19 matters
2420 2225 24 15 as

1865 2247 44 23 this
1929 2247 61 29 does,
2012 2247 101 23 whether
2140 2248 76 22 issued
2242 2248 72 23 direct
2330 2248 59 24 from
2408 2249 36 24 the

1865 2281 81 24 Queen
1957 2288 26 15 or
1994 2280 29 30 by
2037 2280 40 23 her
2098 2281 177 30 representative
2294 2282 25 23 in
2338 2282 38 23 the
2397 2282 47 23 Go-

1865 2318 116 18 vernment
2000 2312 25 24 of
2048 2312 44 24 this
2113 2313 96 31 Colony,
2227 2314 58 23 have
2305 2316 25 21 in
2350 2314 46 24 fact
2417 2323 27 15 no

1864 2346 59 30 bgal
1935 2347 61 22 force
2007 2345 120 25 whatever.
2163 2347 40 23 All
2213 2347 49 23 that
2273 2347 37 23 the
2330 2348 81 25 Queen
2423 2356 24 16 or

1865 2380 40 23 her
1915 2379 83 31 deputy
2012 2387 42 15 can
2066 2379 27 23 do
2104 2380 32 30 by
2147 2380 55 23 such
2222 2388 14 15 a
2254 2380 162 31 proclamation
2428 2382 18 22 is

1865 2418 22 18 to
1910 2412 87 23 declare
2015 2412 60 23 what
2093 2412 38 23 the
2150 2413 100 31 existing
2269 2413 42 23 law
2330 2415 19 22 is
2361 2423 5 20 ;
2394 2414 52 32 they

1867 2450 81 19 cannot
1959 2445 57 23 alter
2028 2445 38 23 the
2082 2445 44 24 law
2145 2453 25 16 or
2189 2446 67 23 make
2277 2455 44 22 any
2338 2454 50 16 nsw
2404 2448 43 22 law

1865 2483 79 26 except
1955 2478 54 23 with
2022 2478 38 23 the
2080 2479 124 23 assistance
2222 2479 26 23 of
2262 2480 142 23 Parliament
2422 2488 24 16 or

1865 2511 38 24 the
1920 2511 145 31 Legislature
2084 2512 25 23 of
2124 2512 38 23 the
2182 2512 97 31 Colony.
2314 2513 71 24 What
2401 2521 45 16 was

1865 2544 77 31 illegal
1970 2544 77 23 before
2076 2544 38 24 the
2143 2545 167 24 Proclamation
2333 2547 21 21 is
2370 2546 76 31 illegal

1866 2577 56 24 after
1934 2578 17 22 it
1962 2585 6 20 ;
1988 2577 44 23 and
2044 2577 59 23 what
2121 2585 45 16 was
2185 2578 59 30 legal
2262 2578 78 23 before
2356 2579 21 22 is
2389 2579 58 31 legal

1865 2610 56 24 after
1933 2611 25 23 it.
1994 2610 42 23 All
2053 2610 49 24 that
2123 2611 37 23 the
2181 2611 168 23 Proclamation
2365 2619 42 17 can
2418 2613 28 23 do

1865 2644 20 22 is
1897 2648 22 18 to
1931 2643 87 24 declare
2030 2643 61 24 what
2101 2644 20 22 is
2139 2644 61 30 legal
2218 2651 25 16 or
2261 2644 86 32 illegal,
2361 2645 43 24 and
2423 2650 22 18 to

1866 2676 79 24 exhort
1955 2676 81 31 people
2048 2681 22 18 to
2082 2676 59 31 keep
2153 2677 39 23 the
2209 2677 50 28 law,
2274 2685 24 16 or
2309 2685 62 16 warn
2383 2678 61 24 them

1866 2714 39 19 not
1916 2714 22 18 to
1950 2710 71 23 break
2033 2711 25 27 it,
2067 2710 44 23 and
2123 2714 22 19 to
2158 2717 117 16 announce
2286 2711 39 23 the
2336 2712 110 23 intention

1867 2743 24 23 of
1906 2743 156 23 Government
2074 2747 22 18 to
2109 2744 83 30 punish
2203 2743 62 23 them
2276 2744 19 22 if
2310 2744 55 31 they
2376 2745 36 23 do.

1900 2776 25 23 If
1947 2776 112 23 therefore
2078 2775 38 24 the
2136 2780 48 19 acts
2203 2777 130 23 mentioned
2352 2778 24 22 in
2399 2777 46 24 Mr.

1867 2809 144 23 Shortland's
2023 2809 169 23 Proclamation
2204 2817 56 15 were
2281 2810 78 31 illegal
2371 2811 76 23 before

1867 2842 28 23 he
1913 2842 74 23 issued
2008 2842 26 28 it,
2051 2841 52 32 they
2123 2850 38 15 are
2180 2842 76 30 illegal
2276 2851 49 15 now
2335 2852 7 20 ;
2362 2843 19 24 if
2396 2844 51 30 they

1866 2882 57 16 were
1935 2875 59 30 legal
2010 2875 85 29 before,
2108 2875 53 30 they
2182 2883 36 16 are
2237 2876 60 30 legal
2317 2884 49 16 now
2378 2885 6 20 ;
2404 2876 44 24 and

1867 2908 37 23 the
1914 2909 89 28 issuing
2015 2907 26 23 of
2054 2907 39 23 the
2105 2909 168 22 Pioclamation
2284 2910 64 29 gives
2359 2910 47 22 him
2418 2918 28 15 no

1867 2940 120 24 additional
1998 2947 74 24 power
2084 2945 23 18 to
2118 2941 85 30 punish
2213 2949 25 15 or
2250 2946 24 18 to
2285 2942 75 24 award
2370 2942 78 24 dama-

1865 2981 41 23 ges
1916 2973 89 30 beyond
2016 2973 61 23 what
2088 2973 29 23 he
2133 2973 76 23 before
2219 2975 130 29 possessed.

1900 3006 29 23 In
1941 3013 61 16 some
2015 3005 26 23 of
2055 3013 41 16 our
2107 3006 99 30 military
2217 3008 125 28 garrisons,
2354 3008 57 23 such
2423 3016 25 16 as

1867 3039 115 23 Gibraltar
1994 3039 45 23 and
2051 3039 82 28 Malta,
2151 3039 39 23 the
2203 3039 139 25 Governor's
2360 3041 88 31 procla-

1865 3072 97 24 mations
1982 3072 65 28 have,
2067 3079 35 16 we
2112 3072 94 29 believe,
2225 3072 38 24 the
2283 3074 60 23 force
2356 3074 25 23 of
2398 3074 49 30 law,

1866 3105 44 23 and
1920 3112 33 16 we
1966 3112 37 16 are
2024 3109 41 19 not
2082 3106 86 22 certain
2179 3105 100 24 whether
2290 3107 19 22 it
2321 3107 19 23 is
2352 3112 40 19 not
2409 3107 36 24 the

1867 3145 61 16 same
1936 3139 25 22 in
1973 3145 62 16 some
2046 3138 24 23 of
2080 3138 39 23 the
2128 3138 114 24 Colonies.
2279 3138 47 25 But
2337 3140 111 25 wherever

1867 3171 44 23 this
1923 3172 20 22 is
1955 3171 38 23 the
2006 3178 60 21 case,
2085 3171 49 23 that
2143 3171 62 24 force
2216 3172 20 22 is
2248 3173 68 30 given
2327 3177 23 19 to
2362 3173 84 32 procla-

1867 3205 96 23 mations
1981 3205 30 30 by
2023 3204 47 23 Act
2082 3205 25 22 of
2122 3205 140 24 Parliament
2270 3214 7 20 ;
2299 3206 46 23 aud
2363 3207 20 23 in
2404 3206 42 24 this

1868 3238 87 29 Colony
1966 3237 55 31 they
2028 3245 38 15 are
2079 3238 71 22 worth
2161 3238 89 30 exactly
2259 3246 26 15 as
2296 3239 69 23 much
2376 3247 25 16 as
2410 3240 35 24 the

1866 3278 69 24 paper
1947 3278 29 15 on
1987 3271 74 22 which
2073 3270 54 30 they
2136 3278 38 16 are
2182 3271 97 31 printed;
2291 3272 47 23 and
2344 3279 27 17 no
2380 3279 64 18 tnore.

1867 3304 65 30 They
1943 3303 112 31 precisely
2072 3304 110 23 resemble
2201 3303 64 24 those
2283 3304 83 24 boards
2377 3305 69 24 which

1867 3344 33 15 we
1920 3344 37 15 see
1976 3336 89 23 erected
2082 3337 25 22 in
2124 3336 115 30 England,
2258 3339 103 30 warning
2371 3339 75 31 people

1889 3369 49 23 that
1952 3368 31 24 all
1993 3376 96 24 persons
2107 3370 141 30 trespassing
2267 3379 30 15 on
2309 3371 62 23 these
2385 3372 60 23 lands

1867 3402 45 24 will
1922 3403 28 23 be
1962 3401 134 31 prosecuted
2100 3402 60 23 'with
2180 3402 38 24 the
2229 3407 87 20 utmost
2335 3405 75 29 rigour
2422 3405 23 22 of

1867 3436 38 23 the
1915 3435 43 24 law
2008 3434 54 31 they
2074 3435 28 23 do
2114 3439 40 20 not
2170 3435 67 24 make
2248 3438 141 30 trespassing
2397 3437 47 23 ille-

1866 3469 39 30 gal
1912 3477 6 20 ;
1932 3469 19 22 it
1961 3475 46 16 was
2018 3474 26 16 so
2053 3467 75 25 before
2136 3477 6 20 ;
2156 3469 88 23 neither
2251 3469 28 23 do
2287 3470 54 30 they
2348 3471 96 23 increase

1867 3502 38 23 the
1938 3500 148 32 punishment
2114 3502 73 23 which
2223 3502 39 23 the
2289 3502 44 24 law
2361 3502 82 24 awards

1867 3540 22 18 to
1912 3534 38 24 the
1970 3533 86 24 offence
2079 3534 25 23 of
2124 3535 155 31 trespassing:
2309 3536 54 30 they
2383 3535 60 24 leave

1867 3568 38 23 the
1924 3567 51 28 law,
1994 3566 39 23 the
2051 3567 155 31 punishment,
2224 3568 46 23 and
2289 3568 39 24 the
2342 3568 71 33 rights
2423 3568 23 23 of

1868 3601 37 23 the
1926 3601 94 30 parties,
2038 3600 90 31 exactly
2138 3600 74 24 where
2225 3601 55 30 they
2295 3609 58 16 were
2371 3601 72 24 before

1867 3633 52 31 they
1939 3640 58 16 were
2018 3633 97 24 erected.
2156 3633 76 24 These
2252 3634 81 24 boards
2352 3641 37 17 are
2408 3633 35 24 the

1893 3666 178 24 Proclamations
2105 3667 27 22 of
2138 3667 86 31 private
2236 3666 142 24 individuals.

1878 3704 4 6 '
1900 3699 43 23 We
1961 3699 111 30 sincerely
2083 3699 59 31 hope
2160 3700 48 23 that
2224 3699 46 24 this
2283 3707 53 23 yery
2347 3704 96 19 extraor-

1867 3732 79 31 dinary
1957 3732 121 23 document
2089 3732 46 24 will
2152 3737 40 18 not
2202 3732 48 23 find
2268 3733 34 22 its.
2309 3740 50 23 way
2369 3737 22 19 to
2408 3732 35 23 the

1868 3766 102 27 Natives,
1993 3765 36 22 for
2046 3772 33 16 we
2102 3773 42 16 can
2163 3765 52 31 only
2232 3765 104 23 conceive
2359 3765 47 24 that
2426 3765 18 22 it

1867 3798 73 25 would
1950 3801 91 26 operate
2051 3805 62 24 upon
2124 3798 62 23 them
2198 3805 24 15 as
2234 3805 29 15 an
2274 3798 81 22 official
2364 3798 78 22 invita-

1868 3833 47 22 tion
1926 3836 23 18 to
1960 3836 53 18 turn
2025 3831 35 23 off
2067 3831 38 23 the
2117 3831 89 23 settlers
2212 3830 59 23 from
2283 3830 37 24 the
2331 3830 52 24 land
2392 3829 51 31 they

1869 3871 92 24 occupy,
1974 3863 45 23 and
2029 3867 24 20 to
2063 3868 94 27 prevent
2169 3863 59 23 them
2239 3862 60 25 from
2309 3862 81 32 taking
2400 3869 43 24 any

1869 3902 61 26 steps
1940 3895 97 25 towards
2049 3897 87 24 further
2148 3895 140 31 occupation,

1252 130 93 24 powers,
1359 123 44 23 and
1414 130 32 16 we
1453 123 57 23 have
1521 130 53 16 seen
1585 123 19 22 it
1615 122 110 30 dragging
1736 122 30 23 its
1777 122 55 23 slow

1251 148 80 38 length
1351 153 69 32 along
1436 155 34 23 for
1487 155 41 22 full
1545 160 44 18 two
1611 162 73 22 years.
1724 154 108 23 Whether

1251 181 66 30 'there
1336 188 21 22 is
1380 195 45 22 any
1445 188 83 23 chance
1549 188 25 23 of
1598 188 29 22 its
1646 187 68 30 being
1735 186 97 24 finished

1253 220 76 23 before
1341 220 45 23 4be
1404 220 54 30 days
1480 220 25 22 of
1519 226 41 16 our
1578 219 191 31 grand-children,
1794 219 38 23 the

1256 252 188 24 Commissioners
1456 252 52 30 only
1520 252 75 24 know.

1287 285 54 23 The-
1359 285 95 23 number
1482 285 26 22 of
1533 284 67 24 Land
1628 284 86 24 Claims
1747 292 24 15 as
1799 292 34 15 we

1255 317 79 30 gather
1356 318 58 22 from
1436 317 35 23 his
1495 317 45 22 last
1559 317 180 28 advertisement,
1760 316 73 23 which

1255 350 55 22 have
1322 350 58 22 been
1390 350 99 29 brought
1500 349 74 23 before
1587 349 46 22 Mr.
1647 349 79 30 Spain,
1747 350 19 22 is
1783 350 50 22 259

1255 389 60 15 none
1327 383 26 21 of
1361 381 73 24 which
1444 382 65 28 have,
1522 389 24 15 as
1558 388 33 16 we
1603 389 37 15 are
1659 381 117 29 informed,
1795 386 39 26 yet

1256 414 100 23 received
1371 414 157 31 adjudication,.
1548 430 4 3 .

1289 446 50 23 The
1357 447 94 23 number
1470 446 24 24 of
1516 446 52 23 civil
1588 453 79 15 causes
1687 446 90 24 entered
1797 446 36 24 for

1256 478 51 24 trial
1318 483 23 19 at
1354 478 120 31 Liverpool
1486 480 83 22 assizes
1590 483 42 18 two
1648 485 65 23 years
1726 486 49 22 ago,
1788 487 45 15 was

1258 516 21 18 to
1298 511 38 23 the
1354 511 52 23 best
1425 512 25 23 of
1468 519 41 15 our
1528 510 142 24 recollection
1690 511 69 23 about
1778 513 54 27 150,

1257 545 23 21 in
1292 544 98 23 addition
1401 548 22 19 to
1435 545 72 22 which
1519 544 61 23 there
1593 551 44 15 was
1658 543 30 23 all
1708 543 38 23 the
1757 545 76 22 crimi-

1256 576 38 23 nal
1306 576 103 25 business
1421 577 24 22 of
1454 576 37 23 the
1502 576 62 30 large
1576 576 42 22 and
1625 576 115 30 'populous
1752 581 82 23 county

1258 609 24 23 of
1296 609 133 23 Lancaster.
1465 609 72 29 Many
1555 609 25 22 of
1598 608 62 24 these
1679 616 78 16 causes
1776 616 58 16 were

1257 649 25 16 as
1301 642 98 30 weighty
1418 649 24 16 as
1467 649 45 23 any
1532 641 67 23 Land
1617 640 74 24 Claim
1701 650 6 20 ;
1735 645 36 27 yet
1790 646 43 18 two

1257 673 85 32 Judges
1359 674 97 23 contrive
1478 678 21 19 to
1519 673 88 32 dispose
1625 674 25 22 of
1665 674 31 24 all
1714 682 24 15 or
1750 674 84 23 almost

1257 706 30 23 all
1300 706 38 23 the
1348 706 104 23 business
1472 706 53 23 civil
1542 707 43 22 and
1604 707 101 22 criminal
1723 707 24 22 in
1766 706 68 23 about

1256 738 63 24 three
1330 738 83 24 weeks.
1448 739 43 23 We
1503 739 68 23 admit
1581 739 50 23 that
1648 739 62 23 there
1722 746 37 16 are
1771 739 63 23 diffi-

1258 771 78 23 culties
1360 771 115 30 attending
1498 772 37 24 the
1558 771 150 31 adjudication
1728 772 24 23 of
1778 772 57 23 New

1258 804 98 22 Zealand
1374 804 67 22 Land
1461 804 101 28 Claims',
1576 804 72 22 which
1670 805 26 23 do
1715 809 41 19 not
1775 805 60 22 exist

1258 840 22 18 at
1292 837 36 22 the
1341 837 51 22 trial
1404 837 24 22 of
1444 837 37 23 the
1500 837 121 30 Liverpool
1642 845 66 15 cause
1719 837 39 24 list
1767 846 6 20 ;
1793 837 41 22 but

1257 876 37 15 are
1312 868 62 23 there
1395 877 44 22 any
1456 869 74 23 which
1549 869 57 23 need
1625 874 73 18 create
1715 877 26 15 so
1761 874 50 18 vast
1822 878 13 14 a

1257 900 164 31 disproportion
1432 902 22 22 in
1467 901 38 23 the
1516 901 76 30 period
1604 902 105 30 occupied
1720 902 30 30 by
1761 903 55 23 each
1824 903 10 23 ?

1291 933 50 24 Nor
1354 934 40 22 has
1406 934 45 23 this
1465 934 92 23 ruinous
1570 934 64 30 delay
1644 934 58 23 been
1713 934 80 23 caused
1805 934 30 31 by

1257 966 37 23 the
1316 971 60 18 want
1399 967 24 22 of
1446 966 140 31 stimulating
1605 966 154 31 applications.
1796 967 38 23 On

1256 999 38 23 the
1307 998 41 26 7th
1359 999 67 27 June,
1449 1000 72 27 1842,
1534 1007 61 14 more
1608 999 52 23 than
1681 1007 12 15 a
1710 1007 53 23 year
1783 1007 51 23 ago,

1256 1039 14 15 a
1280 1039 54 23 very
1345 1031 92 31 spirited
1449 1032 82 22 Public
1552 1032 103 31 Meeting
1672 1040 45 15 was
1735 1032 52 23 held
1806 1040 28 15 on

1256 1064 38 23 the
1306 1065 95 30 subject,
1412 1069 22 18 at
1441 1064 74 23 which
1526 1072 62 15 some
1598 1065 110 23 excellent
1719 1065 44 22 and
1773 1065 61 31 plain

1256 1098 107 29 speeches
1374 1105 57 15 were
1451 1097 119 23 delivered.
1606 1097 74 23 There
1695 1105 44 16 was
1752 1106 12 15 a
1775 1098 60 30 good

1256 1130 49 23 deal
1325 1130 25 23 of
1367 1130 182 30 complimentary
1569 1134 82 19 matter
1671 1131 128 30 expressive
1811 1131 30 22 of.

1256 1162 37 23 the
1317 1164 90 29 opinion
1430 1162 73 23 which
1520 1170 45 15 was
1586 1164 138 22 entertained
1747 1164 24 22 of
1797 1164 37 22 the

1256 1203 93 15 manner
1360 1197 23 21 in
1395 1195 72 23 which
1481 1196 17 22 it
1517 1203 46 15 was
1583 1197 113 30 supposed
1716 1196 48 23 that
1785 1196 47 24 Mr.

1257 1228 71 31 Spain
1340 1228 73 23 would
1424 1228 56 23 have
1501 1228 126 31 performed
1644 1229 38 23 his
1695 1229 62 24 office
1768 1229 20 23 if
1803 1228 29 25 he

1256 1261 44 23 had
1310 1261 95 23 insisted
1416 1268 60 24 upon
1488 1261 114 31 following
1619 1261 63 24 Lord
1700 1261 58 24 John
1770 1262 64 23 Rus-

1256 1294 61 23 sell's
1329 1294 153 28 instructions,
1494 1294 44 23 and
1550 1298 40 19 not
1607 1294 119 30 permitted
1745 1295 92 23 himself

1256 1331 23 19 to
1289 1327 28 23 be
1331 1327 129 23 overridden
1470 1327 30 30 by
1508 1327 37 23 the
1554 1327 102 23 Colonial
1665 1327 155 24 Government
1827 1336 5 19 ;

1255 1360 42 23 but
1307 1360 38 23 the
1357 1360 97 23 burthen
1466 1360 24 22 of
1506 1360 29 23 all
1556 1360 37 23 the
1606 1360 109 30 principal
1728 1360 106 31 speeches

1257 1400 44 16 was
1319 1392 38 24 the
1370 1392 175 24 unaccountable
1566 1392 43 24 and
1627 1397 60 19 most
1708 1393 126 30 protracted

1256 1425 64 31 delay
1330 1426 25 22 in
1367 1425 35 23 his
1414 1425 73 24 actual
1498 1433 113 23 progress,
1623 1425 45 22 and
1678 1433 29 15 on
1719 1425 44 25 this
1775 1425 59 24 head

1257 1458 62 23 there
1331 1466 72 15 seems
1416 1459 29 29 by
1456 1458 38 23 the
1513 1463 75 25 report
1608 1458 24 23 of
1648 1458 59 23 what
1717 1458 82 31 passed
1811 1462 24 19 at

1256 1491 38 23 the
1306 1492 100 29 meeting
1417 1494 39 20 not
1475 1495 21 18 to
1518 1490 55 24 have
1592 1490 56 23 been
1668 1499 13 15 a
1702 1491 132 24 dissentient

1256 1525 70 22 voice.
1362 1524 52 23 One
1426 1524 89 30 opinion
1533 1523 121 31 expressed
1674 1531 45 16 was
1736 1524 49 23 that
1796 1524 38 23 the

1258 1557 176 23 Commissioner
1444 1563 45 15 was
1508 1557 76 30 acting
1603 1557 72 22 under
1686 1558 148 22 instructions

1256 1589 57 23 from
1332 1588 129 28 Auckland,
1481 1589 43 22 and
1545 1589 47 23 that
1613 1589 38 23 the
1671 1590 64 30 delay
1747 1597 44 16 was
1810 1591 24 22 in

1256 1622 132 29 conformity
1400 1621 53 23 with
1464 1621 69 24 them.

1289 1654 29 23 In
1330 1654 94 31 reading
1435 1654 36 23 the
1484 1660 77 26 report
1572 1655 25 23 of
1611 1655 45 23 this
1675 1657 96 29 meeting
1791 1661 43 18 two

1256 1688 77 30 points
1344 1687 71 23 strike
1434 1695 27 15 us
1484 1688 34 22 for
1536 1689 149 23 observation.
1728 1689 71 29 First,

1254 1728 63 15 more
1330 1720 53 23 than
1395 1728 42 15 one
1449 1721 95 30 speaker
1560 1721 98 24 referred
1678 1726 22 19 to
1712 1721 38 24 the
1761 1722 73 23 disso-

1254 1753 72 23 lution
1350 1754 24 22 of
1401 1761 40 15 our
1470 1754 96 29 friendly
1592 1754 96 24 relation
1714 1755 54 23 with
1797 1755 37 23 the

1256 1785 93 24 Natives
1373 1794 24 15 as
1420 1794 14 14 a
1456 1787 83 22 certain
1566 1795 153 23 consequence
1747 1788 23 23 of
1797 1788 37 23 the

1256 1818 188 24 Commissioners
1466 1820 72 30 delay,
1560 1820 44 22 and
1627 1820 105 24 adverted
1754 1826 22 18 to
1797 1821 38 23 the

1254 1852 134 30 probability
1401 1853 24 22 of
1441 1860 12 15 a
1465 1853 86 22 serious
1568 1853 102 23 collision
1686 1854 99 23 between
1797 1855 37 22 the

1254 1892 70 16 races.
1361 1885 69 23 What
1442 1893 101 15 common
1556 1893 64 16 sense
1632 1886 94 23 foresaw
1734 1887 41 23 has
1785 1895 49 15 now

1254 1917 68 24 taken
1334 1919 63 29 place
1407 1928 6 18 ;
1432 1919 48 23 how
1492 1919 67 23 much
1579 1919 25 23 of
1618 1919 38 23 the
1675 1920 105 31 unhappy
1799 1928 35 15 re-

1254 1950 46 24 sult
1320 1952 20 22 is
1366 1951 131 30 chargeable
1519 1959 28 16 on
1572 1952 37 23 the
1638 1952 197 24 Commissioner's

1255 1984 111 22 tardiness
1374 1985 18 20 it
1403 1985 20 21 is
1435 1985 94 21 difficult
1540 1989 22 17 to
1574 1992 39 21 say
1622 1994 6 17 ;
1640 1985 41 21 but
1691 1985 45 22 this
1744 1993 31 15 we
1785 1994 50 21 may

1244 2016 3 22 i
1256 2016 114 28 conclude,
1384 2016 48 23 that
1442 2016 20 23 if
1477 2023 14 15 a
1501 2023 61 15 more
1574 2016 72 23 active
1667 2024 78 16 course
1762 2018 73 22 would

1245 2047 2 4 '
1255 2048 55 23 have
1322 2048 81 23 settled
1416 2048 37 24 the
1471 2048 67 23 Land
1557 2048 92 29 Claims,
1670 2049 37 23 the
1726 2049 70 23 whole
1813 2050 24 22 of

1244 2081 49 22 ,the
1304 2081 43 22 evil
1359 2082 19 21 is
1390 2086 23 17 to
1425 2079 83 25 belaid
1518 2086 22 17 to
1552 2081 36 22 his
1601 2086 101 18 account.
1739 2082 96 23 Gentle-

1245 2119 61 26 ;men
1318 2121 37 15 are
1368 2121 48 15 now
1429 2114 81 23 almost
1522 2114 59 30 daily
1601 2115 99 30 arriving
1720 2114 57 24 from
1797 2116 38 22 the

1256 2150 67 25 coast,
1337 2147 44 22 and
1394 2147 90 23 curious
1496 2154 105 15 rumours
1614 2147 67 22 reach
1691 2156 26 15 us
1735 2153 100 25 respect-

1255 2180 39 29 ing
1306 2180 37 22 the
1355 2180 66 22 effect
1433 2180 23 23 of
1466 2180 38 22 the
1518 2180 64 22 Land
1592 2180 153 24 Commission
1757 2189 28 15 on
1798 2181 37 23 the
1843 2174 2 35 j

1249 2213 79 22 ;minds
1352 2212 25 23 of
1402 2213 39 23 the
1461 2212 94 24 Natives
1567 2222 6 19 ;
1598 2213 18 23 if
1643 2213 64 23 these
1731 2222 104 15 rumours

1256 2244 80 24 should
1347 2253 68 23 prove
1427 2249 22 20 to
1461 2246 28 23 be
1498 2251 57 23 true,
1568 2246 18 23 it
1597 2246 18 23 is
1625 2254 14 15 a
1658 2246 88 30 subject
1762 2246 73 24 which

1256 2279 70 30 ought
1337 2283 22 18 to
1373 2279 26 22 be
1409 2283 58 19 most
1479 2279 88 30 strictly
1580 2279 108 30 enquired
1700 2280 47 22 into
1758 2280 77 23 when-

1258 2319 51 15 ever
1319 2311 37 23 the
1368 2312 78 22 merits
1458 2312 24 23 of
1497 2311 37 24 the
1551 2312 45 23 late
1606 2312 106 31 unhappy
1724 2312 63 24 affair
1799 2321 37 15 are

1256 2344 77 24 sifted.

1289 2377 50 24 The
1362 2377 64 24 other
1444 2378 63 30 point
1526 2378 73 23 which
1616 2378 80 23 struck
1712 2386 28 16 us
1760 2379 20 23 is
1799 2379 37 23 the

1256 2415 51 18 tone
1319 2410 26 22 of
1360 2410 37 23 the
1409 2411 81 30 speech
1501 2411 25 23 of
1540 2411 38 23 the
1591 2411 82 23 Crown
1691 2411 144 30 Prosecutor,

1258 2443 37 22 the
1305 2443 54 32 only
1371 2443 155 23 Government
1538 2444 75 23 officer
1625 2444 49 23 who
1690 2445 108 23 ventured
1815 2450 20 18 to

1256 2483 58 23 open
1327 2476 35 24 his
1371 2476 78 23 mouth
1461 2484 29 15 on
1503 2477 36 23 the
1561 2478 111 27 occasion,
1692 2478 43 22 and
1756 2478 80 23 indeed

1256 2509 53 30 they
1329 2516 38 16 are
1383 2514 39 18 not
1442 2510 115 30 generally
1574 2517 54 23 very
1647 2510 55 23 fond
1720 2510 25 23 of
1759 2511 78 30 public

1256 2541 146 24 discussions.
1446 2542 52 23 The
1519 2547 50 18 tone
1590 2543 25 22 of
1638 2543 39 23 the
1700 2544 82 31 speech
1804 2552 33 16 we

1256 2574 58 23 refer
1334 2579 23 18 to
1382 2582 45 15 was
1444 2575 111 31 precisely
1578 2575 36 23 the
1636 2584 62 15 same
1721 2584 25 15 as
1764 2581 23 19 at
1797 2577 39 24 the

1257 2611 89 27 present
1358 2608 64 22 crisis
1434 2608 20 22 is
1467 2611 23 19 to
1501 2608 28 23 be
1543 2609 66 22 found
1623 2610 23 21 in
1656 2609 37 23 the
1702 2610 100 23 columns
1816 2610 23 24 of

1256 2641 39 22 tho
1308 2639 108 25 Colonist.
1483 2641 51 23 The
1552 2642 73 22 blame
1639 2643 24 22 in
1675 2643 46 24 this
1732 2648 83 19 matter

1258 2674 47 23 said
1317 2673 38 23 the
1372 2673 81 24 Crown
1465 2674 143 29 Prosecutor,
1652 2681 56 17 rests
1727 2676 53 23 with
1799 2676 38 24 the

1257 2707 55 23 New
1336 2706 100 24 Zealand
1458 2707 125 31 Company.
1628 2708 53 23 The
1703 2710 134 23 excuseable

1257 2740 119 30 ignorance
1388 2739 25 23 of
1428 2740 58 23 their
1498 2740 116 32 Principal
1625 2741 79 31 Agent
1714 2742 36 24 led
1762 2747 23 18 to
1795 2744 19 22 it
1829 2751 6 20 ;

1258 2773 52 30 they
1338 2780 38 15 are
1397 2773 136 23 answerable
1552 2774 44 23 and
1615 2779 40 18 not
1667 2775 155 24 Government
1830 2785 5 19 ;

1260 2806 45 22 Mr.
1319 2806 91 30 Spain's
1430 2806 66 30 delay
1515 2807 19 22 is
1546 2807 24 23 of
1586 2815 28 15 no
1625 2808 153 30 importance;
1797 2809 40 23 be-

1259 2846 56 15 ware
1327 2839 26 22 of
1367 2839 108 30 agitation
1488 2839 43 23 and
1542 2840 59 23 refer
1612 2840 37 23 the
1670 2841 69 24 whole
1757 2846 81 19 matter

1258 2871 73 29 home,
1341 2871 99 29 whence,
1452 2872 19 23 if
1486 2880 45 22 you
1548 2874 51 22 wait
1614 2873 55 31 long
1684 2874 96 31 enough,
1793 2883 44 22 you

1247 2923 4 3 .
1258 2904 45 23 will
1314 2905 88 23 receive
1420 2905 74 31 ample
1507 2905 88 23 redress
1612 2906 35 23 for
1666 2907 29 23 all
1714 2915 43 22 you
1776 2908 61 30 grie-

1247 2940 4 23 !
1258 2945 82 16 vances
1352 2946 5 19 ;
1369 2937 41 23 but
1423 2945 24 16 as
1458 2945 45 23 you
1514 2938 50 23 love
1575 2945 67 25 peace
1656 2940 42 23 and
1714 2941 122 29 quietness,

1260 2978 23 15 as
1300 2978 44 21 you
1365 2970 49 23 love
1539 2972 44 22 and
1600 2972 83 30 equity,
1701 2973 92 23 -beware
1816 2973 25 23 of

1259 3003 114 31 agitation.
1421 3003 26 24 If
1461 3011 45 23 you
1529 3004 45 23 will
1585 3005 27 22 be
1623 3005 92 23 advised
1726 3005 31 30 by
1768 3013 43 21 me,
1825 3006 12 23 I

1260 3036 55 23 shall
1339 3036 28 23 be
1390 3044 55 23 very
1465 3036 75 31 happy
1561 3042 21 18 to
1608 3045 104 22 compose
1735 3046 45 22 you
1809 3046 28 17 an

1260 3070 89 22 address
1358 3077 7 20 ;
1385 3069 40 23 but
1437 3069 17 23 if
1470 3074 47 23 not,
1534 3077 37 22 my
1591 3071 130 23 conscience
1738 3072 19 22 is
1778 3072 59 23 clear

1260 3102 42 23 and
1313 3110 44 22 you
1369 3110 37 15 are
1568 3102 74 23 These
1656 3111 37 15 are
1705 3104 81 24 almost
1797 3105 38 23 the

1259 3143 52 22 very
1323 3134 72 24 words
1404 3135 49 23 that
1464 3142 58 16 were
1532 3135 56 23 used
1597 3144 7 20 ;
1623 3135 45 24 and
1686 3144 31 16 we
1738 3137 42 23 ask
1797 3145 41 16 our

1259 3168 204 28 fellowtownsmen,
1475 3175 51 16 now
1537 3168 50 23 that
1599 3177 12 14 a
1621 3177 55 22 year
1684 3169 42 24 has
1738 3170 98 31 elapsed,

1249 3212 5 12 j
1259 3201 98 23 whether
1386 3201 58 23 their
1465 3205 106 27 prospect
1592 3203 24 22 of
1641 3202 89 24 redress
1752 3205 19 22 is
1792 3212 45 22 any

1250 3237 3 32 |
1260 3241 76 16 nearer
1348 3233 54 23 than
1414 3234 18 23 it
1448 3241 45 16 was
1505 3243 7 19 ;
1531 3234 98 24 whether
1648 3235 38 24 the
1706 3244 67 23 peace
1794 3237 45 23 and

1260 3267 113 31 quietness
1390 3266 73 24 which
1482 3267 38 23 the
1540 3268 123 24 Auckland
1683 3269 155 24 Government

1250 3295 4 40 j
1259 3300 41 23 has
1312 3299 94 31 enjoyed
1417 3300 25 23 in
1452 3299 39 24 the
1502 3300 97 24 interval
1610 3300 41 24 has
1660 3301 57 24 done
1729 3303 110 30 anything

1249 3333 44 23 >for
1303 3332 69 29 them,
1385 3332 43 23 and
1438 3333 100 23 whether
1555 3333 20 23 if
1590 3333 59 24 their
1667 3335 107 30 agitation
1794 3336 44 23 had

1260 3366 56 23 been
1324 3373 62 15 more
1397 3366 122 30 vigourous
1527 3366 43 23 and
1578 3368 130 30 unceasing,
1716 3368 31 23 its
1755 3369 84 23 results

1251 3413 3 18 ;
1261 3398 72 24 would
1340 3402 41 19 not
1391 3398 23 23 in
1427 3398 29 24 all
1467 3399 135 30 probability
1625 3399 57 24 have
1700 3401 57 24 been
1776 3409 62 17 more

1261 3431 141 30 satisfactory
1421 3431 53 23 than
1497 3431 37 24 the
1557 3432 71 23 result
1651 3433 25 23 of
1696 3433 50 24 that
1765 3435 74 31 tprpid

1261 3465 81 31 apathy
1354 3469 23 18 to
1387 3464 74 24 which
1472 3466 19 21 it
1501 3464 41 24 has
1553 3465 58 23 been
1626 3466 38 23 the
1676 3466 74 32 object
1761 3467 25 23 of
1801 3467 37 24 the

1250 3507 4 24 ;
1261 3499 155 22 Government
1427 3502 65 26 party
1504 3497 44 24 and
1557 3498 38 23 the
1604 3498 155 26 Government
1768 3508 71 24 oTgan

1261 3536 22 18 to
1294 3530 81 24 reduce
1386 3530 68 23 them.
1502 3530 26 24 If
1542 3539 33 20 so,
1597 3531 54 24 then
1671 3539 32 17 we
1714 3540 47 23 say,
1771 3533 67 24 listen

1261 3572 28 15 no
1301 3571 62 16 more
1375 3567 23 19 to
1409 3563 56 23 such
1478 3563 98 24 advisers
1585 3573 7 19 ;
1611 3572 52 16 men
1682 3565 49 24 who
1750 3572 57 18 term
1826 3575 13 14 a

1261 3604 112 16 massacre
1397 3596 24 23 of
1447 3596 58 24 their
1530 3596 74 24 fellow
1627 3602 147 27 countrymen
1826 3608 13 14 a

1261 3634 87 19 contest
1358 3629 100 24 between
1469 3629 77 23 armed
1564 3630 91 23 settler's
1667 3631 43 23 and
1722 3639 13 15 a
1745 3631 60 31 body
1817 3633 24 23 of

1250 3664 2 27 |
1383 3669 52 16 men
1447 3662 49 23 who
1508 3669 38 17 are
1557 3663 71 23 under
1677 3664 91 31 pledges
1816 3670 22 19 to

1250 3712 3 4 -
1261 3695 38 25 the
1309 3694 123 25 Auckland
1447 3695 68 28 staff;
1533 3703 52 16 men
1604 3696 75 24 whose
1696 3697 53 32 only
1766 3698 73 32 object

1250 3730 31 23 is
1287 3733 28 25 .to
1328 3728 43 24 lull
1387 3735 45 23 you
1450 3728 48 23 into
1517 3736 13 15 a
1548 3729 57 23 fatal
1625 3731 106 30 security,
1752 3732 45 23 and
1816 3736 23 19 to

1261 3761 80 25 induce
1361 3768 45 24 you
1424 3765 22 19 to
1463 3761 53 23 lean
1534 3768 30 16 on
1575 3761 39 24 the
1624 3762 88 25 broken
1724 3764 51 23 reed
1787 3765 26 23 of
1827 3772 13 15 a

1261 3794 122 31 Bankrupt
1395 3794 162 23 Government.

1295 3827 76 25 There
1379 3827 20 23 is
1411 3834 29 16 no
1451 3828 78 22 nation
1539 3827 24 23 in
1575 3827 38 24 the
1624 3828 70 24 world
1705 3829 72 25 which
1784 3838 55 23 pays

1261 3862 30 23 its
1301 3860 78 32 public
1389 3860 163 24 functionaries
1563 3865 24 19 at
1598 3869 25 15 so
1641 3861 57 31 high
1714 3871 14 15 a
1745 3868 47 19 rate
1816 3871 24 16 as

1261 3895 39 24 the
1310 3894 108 31 English,
1431 3894 73 24 which
1515 3897 49 28 gets
1574 3902 25 15 so
1610 3894 59 24 little
1678 3894 57 25 from
1744 3896 62 24 them
1818 3897 23 23 in

549 30 96 50 ti)t
670 34 117 41 Ntto
814 33 207 42 Ztaimb
1046 33 187 48 <&%}Utt
1254 36 94 39 mb
1369 35 301 45 WttUinQton
1692 31 252 50 &ptctatoi\

106 122 169 24 SHIPPING
293 121 274 24 INTELLIGENCE.

268 171 140 21 ARRIVED.

76 200 49 26 July
141 202 34 22 22,
185 200 102 20 schooner
304 199 142 26 Shepherdess,
456 199 35 24 41,
510 198 116 25 Andeison,

47 228 54 19 from
115 228 75 24 Otago.

75 254 50 26 July
141 255 33 25 24,
191 255 135 24 government
338 254 47 24 brig
404 252 98 25 Victoria,
514 252 40 19 200
572 254 54 21 tons,

47 281 108 23 Richards,
175 281 55 20 from
252 280 117 20 Auckland.
407 279 123 25 Passengers
557 278 69 26 Major

46 308 126 23 Richmond,
182 307 63 20 Chief
254 307 69 20 Police
332 306 129 26 Magistrate,
472 306 45 19 Col.
527 306 99 25 Godfrey,

46 334 163 20 Commissioner
219 334 24 19 of
255 334 58 19 Land
331 333 83 22 Claims,
424 333 46 19 who
487 332 18 20 is
523 332 65 20 about
607 336 19 16 to

46 362 87 24 proceed
148 364 23 17 to
188 362 90 22 Akaroa,
289 360 43 20 Mr.
350 360 87 19 Edward
453 359 120 24 Shortland,
589 359 37 20 Dr.

46 388 75 26 Evans,
141 388 88 26 Captain
248 389 87 18 Bennett
352 387 24 19 of
398 387 37 19 the
454 386 123 26 Engineers,
588 386 38 20 and

46 415 28 18 53
84 415 87 18 soldiers
181 416 24 17 of
216 415 36 18 the
263 414 57 19 96th.

284 458 117 20 SAILED.

73 488 49 24 July
136 488 33 22 23,
179 487 103 19 schooner
298 486 64 23 Kate,
381 485 26 20 62
417 487 55 23 tons,
492 484 134 24 Macfarlane,

46 514 32 20 for
89 514 81 24 Cloudy
179 514 54 24 Bay.

71 541 49 24 July
137 541 33 24 25,
186 542 70 18 cutter
272 540 92 25 Finetta,
379 539 32 23 12,
433 539 82 23 Brown,
532 538 33 20 for
579 538 47 19 New

46 567 119 26 Plymouth.

73 595 58 19 Same
141 594 45 25 day,
198 595 70 18 cutter
277 594 74 24 Leven,
363 594 26 18 24
404 594 57 22 tons,
473 592 108 26 Donning,
596 592 30 19 for

46 621 34 19 the
92 623 66 17 coast.

73 648 59 19 Same
143 647 45 26 day,
199 647 102 19 schooner
320 647 74 23 Mana,
414 646 26 20 27
466 648 56 22 tons,
548 645 78 26 Swany,

46 680 33 17 for
87 675 35 19 the
132 676 66 21 coast,

268 720 33 19 IN
317 719 85 21 PORT.

70 748 107 20 Schooaer
203 748 64 24 Erin,
293 748 26 18 25
345 750 57 22 tons,
429 746 77 26 Relph.
550 746 76 20 Master

45 776 79 24 Agent.

70 802 51 24 Brig
135 802 83 23 Lunar,
233 802 38 18 165
282 803 57 20 tons,
355 800 36 19 W.
401 800 62 19 Ellis.
490 800 85 21 Rhodes
589 801 37 20 and

44 830 48 19 Co..
102 829 91 24 Agents.

70 856 116 21 Schooner,
196 854 61 25 Lady
266 855 73 25 Leigh,
353 854 41 19 109
403 856 58 21 tons,
472 854 77 26 Munn,
574 854 52 20 Fitz-

43 883 93 23 herbert,
147 882 79 24 Agent.

71 910 106 19 Schooner
183 908 73 20 Maori
262 908 72 26 Davis,
344 908 25 19 15
376 910 57 22 tons,
442 907 82 26 Wylde.
552 908 74 25 Agent.

45 937 22 20 J.
77 936 75 19 Wade.

71 964 51 24 Brig
131 964 77 22 James,
220 962 39 20 200
271 964 55 21 tons,
341 962 63 19 Ross.

71 990 122 25 Brigantino
198 990 68 23 Ariel,
275 990 38 18 104
317 991 56 22 tons,
382 988 141 21 Cruikshank.
547 990 79 24 Agent,

45 1018 99 25 Captain.

71 1044 122 26 Brigantine
207 1044 57 24 Ann,
275 1043 26 20 62
318 1045 56 23 tons,
387 1042 97 26 Higgins.
512 1042 35 20 W.
559 1042 67 26 Lyon,

44 1072 77 24 Agent.

71 1098 51 25 Brig
132 1098 101 24 Brigand,
245 1098 38 19 180
296 1099 55 23 tons,
363 1096 90 21 Padden.
484 1096 95 22 Bethune
586 1097 40 20 and

43 1126 93 22 Hunter,
147 1125 88 25 Agents.

71 1152 106 20 Schooner
195 1152 104 19 Governor
311 1152 89 22 Hobson,
417 1152 27 19 40
454 1153 55 24 tons,
528 1150 97 21 Scanlon.

43 1180 63 23 Hort,
118 1179 95 20 Mocatta
223 1178 41 20 and
275 1178 47 23 Co.,
332 1180 87 23 Agents.

70 1207 107 20 Schooner
185 1206 108 24 Industry,
304 1206 25 19 24
338 1207 57 22 tons,
403 1205 118 20 Anderson.
549 1205 76 25 Agent,

44 1234 22 20 J.
81 1233 74 20 Wade.

70 1260 121 26 Brigantine
201 1260 100 24 Hannah,
313 1260 25 19 90
348 1261 56 23 tons,
425 1259 53 20 Bell.
506 1259 70 20 Willis
585 1260 41 19 and

45 1288 47 23 Co.,
103 1287 87 26 Agents.

70 1315 50 25 Brig
135 1315 86 23 Nelson,
233 1315 39 19 153
290 1316 56 23 tons,
364 1313 109 21 M'Laren.
502 1313 68 20 Waitt
585 1314 41 19 and

43 1343 73 24 Tyser,
126 1343 91 24 Agents.

75 1369 106 20 Schooner
210 1368 141 26 Shepherdess,
377 1369 25 18 41
431 1370 54 22 tons,
509 1368 116 22 Anderson.

44 1397 24 19 C.
79 1397 34 19 W.
124 1396 105 24 Schultze,
242 1396 76 25 Agent.

71 1423 141 20 Government
223 1423 45 22 brig
280 1422 99 21 Victoria.
391 1423 40 18 200
441 1424 55 21 tons,
515 1422 110 20 Richards.

1861 127 81 24 return,
1967 129 25 15 or
2014 125 74 19 which
2109 125 79 21 allows
2209 125 62 21 them
2292 127 26 19 to
2328 125 71 30 .cling
2415 129 24 20 to

1861 156 61 22 office
1933 154 54 23 with
1999 154 38 23 the
2048 162 61 15 same
2119 156 143 29 pertinacity.
2297 155 42 23 An
2347 155 91 25 Ameri-

1861 195 40 16 can
1909 186 155 24 Ambassador
2081 189 100 22 receives
2199 187 59 24 little
2277 195 62 16 more
2356 184 53 28 than
2427 198 12 15 a

1861 220 54 23 New
1928 218 101 24 Zealand
2039 219 65 23 Land
2118 219 184 29 Commissioner,
2315 219 45 23 and
2367 224 39 26 yet
2411 221 28 24 he

1861 253 52 22 does
1924 252 45 23 and
1980 252 54 22 does
2051 252 51 23 well
2121 252 33 23 for
2173 253 19 22 it
2208 252 39 23 the
2265 252 105 23 business
2389 253 24 23 of
2427 262 14 15 a

1861 285 83 28 nation,
1961 284 38 23 the
2011 288 60 18 most
2089 285 141 23 remarkable
2249 285 79 23 nation
2344 285 95 31 perhaps

1861 317 72 24 which
1944 317 37 22 the
1992 316 88 30 history
2089 317 27 22 of
2130 317 38 23 the
2179 317 67 23 world
2267 317 42 22 has
2330 321 38 26 yet
2387 325 52 23 pro-

1862 350 78 23 duced.

1895 382 49 23 The
1955 381 57 23 evils
2030 381 122 24 connected
2163 382 53 23 with
2230 382 39 23 the
2288 383 118 22 execution
2418 384 25 22 of

1861 415 37 23 the
1906 414 88 24 various
2002 414 157 25 Government
2166 414 86 24 Offices
2261 415 24 22 in
2294 414 46 23 this
2347 414 94 31 Colony,

1862 454 81 24 appear
1961 451 23 18 to
1996 447 59 22 arise
2076 454 53 23 very
2139 447 68 23 much
2217 447 59 23 from
2288 447 38 23 the
2338 447 45 23 fact
2395 447 49 24 that

1862 480 37 23 the
1911 478 97 24 Settlers
2016 478 58 24 have
2085 487 29 15 no
2124 480 63 23 voice
2198 480 23 22 in
2232 478 77 32 public
2321 480 84 28 affairs,
2413 487 29 17 no

1862 511 86 25 control
1959 519 52 15 over
2023 511 65 23 those
2098 511 51 24 who
2167 512 131 22 administer
2314 512 69 23 them.
2420 513 24 23 If

1862 546 19 22 it
1891 552 58 16 were
1962 544 126 28 otherwise,
2101 544 53 31 they
2160 544 72 23 would
2245 544 53 23 take
2308 552 58 21 care,
2378 545 65 24 when

1862 578 53 29 they
1933 577 52 31 paid
2004 585 15 14 a
2038 577 77 30 public
2136 581 89 19 servant
2236 577 36 23 for
2292 577 69 30 doing
2371 578 71 29 work,

1862 611 48 22 that
1921 611 29 22 he
1962 609 37 23 did
2012 609 39 23 the
2062 609 64 23 work
2143 609 28 23 he
2184 617 44 15 was
2246 609 54 31 paid
2316 610 44 23 for.
2378 618 6 4 *
2396 610 47 24 But

1862 651 48 15 now
1922 651 30 14 no
1964 642 58 23 such
2039 649 79 16 means
2137 642 24 23 of
2182 642 99 31 keeping
2296 642 64 24 them
2377 650 32 23 up
2421 647 22 19 to

1862 676 57 23 their
1931 675 56 30 duty
2004 675 80 28 exists,
2096 675 45 23 and
2159 674 63 24 these
2232 675 131 30 gentlemen
2374 683 69 23 argue

1862 708 52 23 thus
1936 708 55 23 with
2011 707 135 24 themselves
2208 706 64 24 Here
2293 708 13 23 I
2403 716 40 23 say

1863 741 59 30 they,
1972 742 90 26 15,000
2079 741 65 22 miles
2162 740 56 23 from
2230 740 75 29 home,
2317 741 25 22 in
2354 741 37 23 the
2403 748 40 16 en-

1861 774 101 30 joyment
1982 773 26 23 of
2025 781 14 15 a
2061 773 74 30 salary
2153 773 77 29 nearly
2244 781 26 15 as
2290 773 64 31 large
2371 781 26 16 as
2415 781 28 16 an

1863 806 122 23 American
2002 805 168 24 Ambassadors
2182 816 6 18 ;
2211 805 51 24 how
2279 806 55 31 long
2351 806 14 24 I
2385 806 59 25 shall

1862 839 67 31 enjoy
1940 839 49 22 that
2001 839 81 29 salary,
2094 839 100 31 depends
2204 846 61 23 upon
2276 839 38 23 the
2325 839 79 31 length
2422 840 22 23 of

1863 872 52 23 time
1938 879 39 22 my
1994 871 152 30 employment
2169 872 117 22 continues
2294 880 6 19 ;
2326 872 21 22 if
2366 872 14 22 I
2405 877 38 25 get

1862 903 98 30 through
1983 911 38 22 my
2041 903 71 28 work,
2135 903 63 23 there
2217 905 20 21 is
2258 912 29 14 an
2304 904 45 22 end
2366 905 25 22 of
2406 912 37 23 my

1863 936 82 31 salary.
1980 935 24 23 It
2015 936 20 21 is
2048 939 48 19 true
2110 935 48 24 that
2169 936 20 23 if
2199 936 52 23 Ido
2270 941 39 18 not
2324 936 63 23 there
2399 937 45 23 will

1862 969 28 23 be
1902 977 13 15 a
1926 968 96 31 popular
2034 968 106 29 clamour,
2150 968 44 23 and
2206 969 11 23 I
2230 969 59 23 shall
2300 969 28 23 be
2341 970 103 30 reported

1862 1002 74 23 home.
1972 1000 47 23 But
2030 1000 60 23 what
2101 1001 27 23 of
2136 1001 49 23 that
2194 1002 9 23 ?
2239 1002 50 23 The
2301 1009 62 16 same
2377 1003 67 23 noble

1862 1035 50 23 lord
1922 1042 26 14 or
1959 1033 130 31 gentleman
2108 1034 49 23 who
2174 1039 39 26 got
2230 1042 36 16 me
2284 1043 39 23 my
2339 1036 104 30 appoint-

1863 1071 68 24 ment,
1955 1070 62 19 must
2039 1066 59 23 back
2121 1075 36 15 me
2180 1075 29 23 up
2232 1072 24 18 at
2278 1068 38 23 the
2340 1068 104 24 Colonial

1864 1100 81 23 Office.
1982 1099 12 23 I
2016 1100 67 22 know
2102 1100 48 23 that
2169 1100 30 23 he
2216 1108 63 15 cares
2293 1108 31 16 no
2336 1108 63 16 more
2410 1101 34 24 for

1864 1141 35 15 me
1912 1133 52 22 than
1976 1133 28 22 he
2023 1140 62 15 cares
2097 1133 35 23 for
2145 1133 106 24 Cardinal
2263 1133 96 31 Wolsey
2370 1141 25 16 or
2408 1134 36 24 the

1864 1166 71 22 Great
1954 1166 90 29 Mogul,
2057 1165 40 23 but
2114 1166 36 22 his
2168 1174 48 15 own
2235 1166 71 23 credit
2317 1167 24 22 in
2353 1166 39 24 the
2403 1174 40 23 ap-

1862 1200 125 29 pointment
2004 1199 21 22 is
2044 1202 22 19 at
2077 1199 73 28 stake,
2163 1199 44 23 and
2223 1199 30 22 he
2270 1202 60 19 must
2342 1199 54 31 help
2408 1207 35 16 me

1863 1237 46 17 out.
1945 1232 28 22 In
1992 1232 39 22 the
2050 1232 127 28 meantime,
2190 1232 20 22 if
2220 1231 37 23 the
2270 1232 108 29 agitation
2390 1232 53 24 here

1862 1265 103 22 becomes
1985 1264 157 30 unpleasantly
2161 1269 85 25 strong,
2267 1264 12 23 I
2300 1272 43 15 can
2364 1273 80 16 accuse

1863 1297 63 23 those
1937 1297 50 22 who
1999 1298 73 21 excite
2084 1298 18 21 it
2114 1297 24 23 of
2143 1297 75 30 lifting
2228 1297 38 22 the
2275 1298 43 22 veil
2327 1298 25 22 of
2359 1299 85 29 private

1862 1329 46 28 life,
1921 1330 12 22 I
1955 1337 41 15 can
2009 1329 41 23 fall
2067 1330 24 22 in
2110 1333 22 19 to
2151 1330 38 23 the
2208 1331 61 21 main
2286 1330 68 30 body,
2375 1331 14 23 I
2402 1338 42 17 can

1863 1363 66 22 retire
1953 1367 22 18 to
1998 1369 41 16 our
2062 1367 65 25 great
2151 1362 138 31 metropolis,
2315 1364 45 22 and
2381 1364 63 23 there

1863 1403 93 23 arrange
1969 1403 37 22 my
2018 1395 108 23 evidence
2147 1395 46 26 and.
2208 1404 37 21 my
2258 1395 57 24 little
2326 1396 66 29 farm,
2409 1396 35 25 far

1862 1428 57 23 from
1942 1428 38 23 the
2003 1432 154 26 tempestuous
2181 1428 142 31 atmosphere
2346 1429 25 24 of
2397 1430 46 23 this

1888 1465 50 26 port
1950 1461 25 23 of

2012 1527 277 19 PROCLAMATION.

38 1480 93 63 New
162 1480 216 63 Zealand
409 1480 217 63 Gazette

82 1545 66 21 AND
164 1544 214 22 WELLINGTON
397 1543 186 22 SPECTATOR.

157 1599 156 22 Wednesday,
330 1598 61 21 July
406 1599 32 24 26,
457 1599 58 20 1843.

77 1651 48 24 The
139 1651 153 23 Government
306 1651 50 30 brig
368 1649 43 23 had
424 1650 99 30 scarcely
535 1651 88 23 arrived

41 1684 55 23 with
108 1687 31 21 53
153 1684 94 23 soldiers
259 1691 28 15 on
298 1683 78 27 board,
387 1683 64 23 when
461 1683 75 31 Major
549 1684 72 22 Rich-

42 1717 76 28 mond,
137 1717 49 23 who
198 1724 62 15 came
272 1717 22 21 in
306 1716 40 23 her
358 1724 25 14 as
396 1715 76 23 Poiice
485 1715 135 31 Magistrate

43 1750 26 23 of
84 1750 43 23 this
149 1750 95 28 district,
268 1748 157 31 accompanied
444 1748 30 30 by
491 1748 47 24 Mr.
553 1750 68 23 Com-

42 1783 119 23 missioner
174 1783 78 30 Spain,
266 1782 44 22 and
320 1782 44 23 Mr.
375 1781 105 28 Hanson,
492 1781 37 24 the
541 1783 80 23 Crown

43 1816 143 28 Prosecutor,
200 1815 79 22 waited
297 1822 61 23 upon
372 1815 74 30 Major
456 1814 82 29 Durie,
552 1815 68 24 Com-

42 1849 108 23 mandant
159 1849 24 23 of
198 1848 38 22 the
248 1848 124 23 Volunteer
386 1848 90 27 Forces,
496 1852 22 18 to
531 1854 90 25 request

42 1882 50 23 that
99 1882 29 23 he
140 1881 73 24 would
231 1881 51 23 take
305 1881 128 22 immediate
454 1885 61 26 steps
531 1881 34 23 for
583 1882 38 23 the

43 1914 134 31 disbanding
186 1914 25 23 of
225 1914 38 22 the
275 1921 64 23 corps
351 1913 72 23 under
431 1913 35 23 his
478 1915 125 23 command.

77 1947 57 23 This
146 1955 45 15 was
204 1947 38 22 the
252 1947 50 22 first
313 1951 36 18 act
369 1947 26 22 of
409 1954 40 15 our
472 1946 56 23 New
543 1947 77 24 Police

42 1981 137 27 Magistrate
188 1989 6 18 ;
213 1980 50 22 how
273 1980 35 22 far
320 1980 18 22 it
350 1987 45 15 was
407 1987 14 14 a
432 1979 95 23 discreet
537 1988 41 15 one
590 1980 31 24 let

43 2019 39 15 our
94 2011 89 23 readers
193 2011 71 30 judge
277 2011 33 21 for
322 2010 143 23 themselves.
512 2011 109 24 Whether

42 2044 49 23 Mr.
103 2043 71 31 Spain
186 2042 44 24 and
244 2043 45 22 Mr.
304 2042 96 24 Hanson
409 2044 156 29 accompanied
574 2045 47 24 him

42 2084 26 15 as
77 2076 66 24 Land
152 2076 175 23 Commissioner
335 2075 43 23 and
387 2076 81 22 Crown
477 2075 142 32 Prosecutor,

36 2117 33 15 or
80 2110 22 22 in
115 2109 57 23 their
189 2109 86 31 private
294 2109 127 31 capacities,
440 2117 26 16 or
485 2116 25 15 as
532 2109 88 31 Magis-

42 2146 70 19 trates
124 2142 26 22 of
164 2142 38 22 the
214 2142 95 27 district,
321 2142 74 22 which
415 2149 32 16 we
466 2142 86 24 believe
569 2143 52 30 they

44 2183 46 21 are,
101 2183 33 15 we
143 2175 27 22 do
177 2180 41 17 not
227 2175 74 23 know.
337 2175 44 22 We
390 2183 111 23 presume,
510 2176 109 30 however,

42 2209 20 21 it
73 2216 45 15 was
130 2216 24 15 as
166 2208 154 30 Magistrates.

78 2241 129 31 Supposing
226 2241 35 23 for
277 2245 130 26 arguments
421 2241 54 24 sake
485 2243 48 22 that
545 2243 76 31 Major

44 2274 135 28 Richmond,
205 2274 47 23 Mr.
273 2274 77 31 Spain,
374 2274 45 23 and
438 2275 47 23 Mr.
515 2276 105 29 Hanson,

43 2316 58 14 were
113 2307 37 23 the
168 2307 64 22 three
255 2307 146 30 Magistrates
425 2309 21 21 in
470 2308 44 23 this
536 2309 87 24 district

45 2340 49 24 who
106 2340 44 23 had
162 2340 90 30 longest
264 2340 87 23 resided
362 2348 82 23 among
451 2349 27 15 vs
512 2342 38 22 the
559 2342 63 24 three

42 2377 60 19 most
113 2373 141 23 remarkable
262 2373 34 23 for
308 2373 37 23 the
353 2378 116 25 greatness
478 2374 25 23 of
512 2375 38 22 the
557 2375 69 26 stake,

43 2406 54 31 they
107 2406 57 23 have
173 2406 24 23 in
210 2406 44 23 this
273 2405 127 24 settlement
435 2406 43 23 and
498 2406 37 24 the
557 2408 63 22 three

43 2439 50 23 who
105 2439 67 23 stand
181 2439 90 30 highest
282 2439 24 22 in
316 2439 37 23 the
364 2439 76 30 public
449 2444 91 24 esteem,
576 2441 46 22 still

44 2479 33 16 we
88 2472 67 23 think
167 2472 18 22 it
200 2479 46 15 was
267 2479 13 15 a
295 2476 59 18 most
372 2472 168 31 extraordinary
557 2474 66 30 thing

44 2505 34 23 for
88 2512 44 22 any
144 2504 62 23 three
219 2504 155 30 Magistrates,
396 2505 93 23 without
508 2507 113 23 consulta-

44 2538 47 23 tion
102 2537 55 23 with
169 2537 36 23 the
218 2542 46 18 rest
276 2537 24 23 of
315 2537 38 23 the
372 2538 87 28 Bench,
472 2539 93 23 without
583 2540 39 23 the

44 2570 106 31 slightest
160 2571 113 22 reference
284 2575 22 17 to
320 2570 36 23 rtie
375 2571 91 30 opinion
484 2572 24 22 of
524 2573 96 28 settlers,

43 2603 38 23 the
92 2608 100 18 moment
204 2603 38 23 the
254 2603 156 23 Governmeut
423 2603 49 31 brig
484 2606 92 28 arrives,
599 2610 22 19 to

44 2644 43 15 run
98 2641 22 18 to
134 2636 37 23 the
184 2636 166 23 Commandant
361 2637 25 22 of
401 2637 37 23 the
450 2637 136 25 Volunteers
600 2643 22 19 to

44 2670 88 30 require
141 2669 36 23 the
185 2669 129 23 immediate
322 2669 134 31 disbanding
465 2671 24 22 of
498 2670 50 24 that
554 2672 66 30 body.

44 2702 77 29 What,
146 2702 65 23 could
232 2702 52 30 they
306 2706 39 18 not
365 2703 52 23 wait
435 2711 13 14 a
465 2704 68 29 week,
547 2712 12 15 a
571 2705 50 30 day,

44 2742 29 16 an
82 2735 64 28 hour,
162 2735 76 23 before
252 2735 76 30 acting
347 2735 24 22 in
392 2744 24 13 so
431 2737 168 31 extraordinary
611 2746 12 15 a

44 2775 95 16 manner
146 2768 10 23 ?

78 2801 49 23 Nor
141 2808 43 16 was
197 2800 38 23 the
244 2808 93 15 manner
349 2801 22 23 in
383 2801 71 23 which
467 2803 17 22 it
503 2810 44 15 was
567 2803 56 24 done

44 2834 47 23 less
101 2833 141 24 remarkable
254 2833 54 24 than
321 2833 37 24 the
371 2833 65 31 thing
445 2835 70 23 itself.
555 2836 69 24 Were

45 2867 63 23 these
116 2866 128 31 gentlemen
255 2867 105 30 ignorant
372 2867 48 23 that
432 2872 23 18 at
465 2867 36 24 the
510 2869 44 22 late
565 2870 59 30 pub-

45 2899 31 23 lic
87 2900 98 30 meeting
198 2907 28 14 on
240 2899 35 24 the
288 2899 88 31 subject
389 2900 24 23 of
428 2900 37 23 the
478 2900 124 31 Massacre,
613 2911 12 15 a

47 2933 134 24 Committee
190 2932 25 22 of
220 2933 72 30 safety
298 2940 45 16 was
353 2933 126 30 appointed,
489 2935 136 31 embodying

45 2966 38 23 the
94 2970 59 19 most
162 2966 138 30 respectable
317 2966 89 23 settlers
424 2966 35 23 for
475 2967 37 23 the
532 2975 92 24 express
632 2971 2 24 j

44 3006 98 23 purpose
158 2998 25 24 of
199 2999 191 31 communicating
409 2999 52 23 with
480 3000 37 23 the
534 3001 90 31 Magis-

44 3036 69 19 trates
126 3039 29 16 on
165 3032 39 22 the
212 3032 88 30 subject
308 3032 24 23 of
339 3040 42 15 our
390 3034 130 29 protection,
529 3034 43 23 and
578 3034 47 24 that

46 3064 76 31 Major
134 3065 73 23 Durie
221 3065 52 30 only
285 3065 64 23 acted
360 3065 71 23 under
442 3065 36 24 the
487 3068 102 22 sanction
604 3068 24 23 of
632 3075 2 19 \

44 3097 50 23 that
106 3098 135 23 Committee
251 3098 9 23 ?
301 3098 69 23 Were
383 3098 59 30 they,
452 3106 33 15 we
497 3100 50 28 ask,
559 3101 65 30 igno-

45 3134 51 18 rant
108 3130 26 22 of
150 3130 52 27 this,
221 3137 26 15 or
259 3130 37 22 did
308 3130 50 29 they
381 3132 155 30 intentionally
553 3137 42 26 put
613 3141 13 15 a

47 3162 71 30 slight
128 3170 62 22 upon
202 3162 38 23 the
252 3163 138 31 respectable
400 3163 60 30 body
471 3168 22 19 to
505 3165 71 23 which
593 3173 32 16 we

45 3195 74 23 allude
127 3194 31 30 by
170 3199 39 18 not
219 3194 78 32 laying
307 3196 56 23 their
372 3201 91 25 request
473 3197 75 24 before
556 3199 19 23 it
582 3199 10 23 1

80 3228 50 23 The
144 3227 133 24 Committee
289 3229 24 23 of
331 3229 81 23 Public
430 3229 78 31 Safety
520 3236 70 19 meets
603 3236 23 19 to

47 3262 50 30 day,
110 3265 23 18 at
152 3260 38 23 the
209 3260 132 32 Exchange,
354 3267 23 18 at
400 3264 29 21 12
447 3263 96 29 o'clock,
561 3264 65 24 when

46 3302 33 15 we
92 3294 27 22 do
131 3298 40 18 not
181 3293 70 23 doubt
262 3294 51 31 they
322 3295 43 23 will
378 3295 51 30 give
441 3295 37 23 the
489 3297 87 31 subjert
587 3297 39 24 the

47 3326 165 24 consideration
224 3327 20 22 it
254 3326 110 25 deserves.

81 3359 23 23 It
122 3359 98 23 remains
239 3363 22 18 to
280 3361 92 30 enquire
393 3360 28 31 by
437 3361 59 24 what
512 3363 114 31 authority

47 3401 26 15 or
85 3392 59 23 what
164 3391 59 31 legal
242 3392 60 30 right
320 3392 37 23 the
378 3393 62 24 three
456 3395 138 31 gentlemen'
602 3397 24 23 in

47 3427 105 30 question
164 3424 55 23 took
240 3432 59 23 upon
317 3425 134 25 themselves
462 3432 22 19 to
497 3433 94 27 attempt
604 3434 22 19 to

42 3463 47 28 .put
100 3458 64 23 down
176 3457 39 24 the
227 3457 135 24 volunteers.

81 3492 50 23 The
143 3490 153 31 English.law
308 3498 59 23 upon
388 3491 37 23 the
437 3493 101 31 .subject,
555 3503 26 15 as
592 3495 34 24 far

47 3533 26 14 as
90 3532 35 15 we
143 3524 139 23 understand
294 3524 25 27 it,
332 3524 20 22 is
369 3523 130 25 this-'-that
516 3527 23 22 in
560 3528 66 23 times

47 3558 64 22 when
124 3565 43 22 any
178 3558 45 22 riot
235 3564 26 15 or
277 3556 84 23 tumult
381 3557 19 23 is
419 3558 162 31 apprehended,
597 3561 30 23 all

46 3598 96 24 persons
159 3590 57 23 have
230 3598 13 15 a
254 3589 68 31 right-
332 3594 22 18 to
372 3597 49 16 arm
438 3590 134 26 themselves
583 3594 44 23 and

48 3628 23 18 to
77 3631 36 22 .go.
124 3623 74 23 armed
213 3623 25 25 in
255 3622 155 29 self-defence,
422 3623 44 23 aud
477 3624 35 23 for
525 3625 35 23 the
573 3634 53 23 pur-

115 3656 24 23 of
148 3657 105 29 securing
264 3655 39 24 the
313 3655 78 31 public
401 3663 75 23 peace.
515 3659 11 22 1
541 3658 84 25 Hawk,

49 3697 20 15 c.
82 3690 40 27 63,
135 3697 20 14 s.
170 3690 38 22 10.
246 3688 46 23 But
302 3689 19 22 it
337 3689 20 22 is
369 3693 40 18 not
420 3688 74 25 lawful
507 3694 22 19 to
541 3699 85 16 assem-

47 3721 38 23 ble
104 3721 103 31 together
225 3721 35 23 for
283 3721 37 23 the
340 3728 98 24 purpose
455 3722 25 23 of
496 3720 99 36 drilling^
604 3733 24 15 or

49 3754 99 30 training
177 3758 23 19 to
221 3762 74 20 .arms,
325 3754 94 24 without
449 3754 36 24 the
503 3756 125 32 .authority

49 3787 26 22 of
90 3787 39 26 her
143 3786 109 31 Majesty)
266 3787 37 23 the
315 3787 63 23 Lord
399 3787 138 26 Lieutenant
549 3790 25 22 of
591 3791 37 23 the

49 3824 90 26 county,
153 3827 26 14 or
191 3822 43 20 two
252 3819 100 24 Justices
363 3820 31 30 of
400 3820 38 23 the
450 3820 80 25 Peace.
565 3822 63 25 With

49 3852 56 22 such
125 3853 113 29 authority
258 3854 17 21 it
293 3854 20 21 is
333 3853 110 30 perfectly
465 3854 84 24 lawful.
585 3856 44 24 See

49 3885 59 22 Stat.
122 3886 33 22 60
167 3885 59 23 Geo.
240 3885 51 24 111.
305 3893 19 16 c.
338 3888 21 26 1;
372 3894 12 15 8
386 3883 6 26 ;
408 3888 22 23 I.
466 3881 109 30 Wither
585 3886 44 27 this
