4250 5920
271 197 160 28 LONDON.

73 251 75 29 [From
161 257 46 18 the
219 254 105 22 Evening
336 255 80 22 Stars
428 253 211 28 Correspondent.]

374 318 107 28 London,
498 318 61 24 June
574 318 33 23 26.

216 353 40 17 SIR
266 353 120 19 AUGUSTUS
402 354 96 18 HARRIS.

103 376 49 24 The
171 377 71 25 death
256 379 24 23 of
299 379 38 24 Sir
355 379 118 30 Augustus
488 378 82 24 Harris
585 386 53 20 was,

75 407 47 22 like
139 407 37 23 his
192 408 74 23 whole
286 409 47 26 life,
349 409 113 29 intensely
481 409 118 26 dramatic,
616 409 23 20 in

75 436 49 23 faet
133 437 25 22 in
168 437 121 23 theatrical
305 438 113 29 parlance,
430 438 45 22 and
491 445 24 15 as
526 438 27 22 he
564 437 75 22 would

75 465 59 24 have
150 466 51 24 said
216 467 97 29 himself,
383 468 139 29 thoroughly
536 466 103 24 effective

218 498 83 31 Barely
310 506 14 16 a
334 498 114 31 fortnight
461 506 43 23 ago
514 497 12 25 I
536 506 46 15 saw
593 497 45 24 him

76 529 23 21 in
110 528 31 23 all
152 529 34 22 his
197 529 72 29 glory,
280 529 46 22 and
341 529 92 29 looking
443 529 137 29 apparently
590 535 36 22 per-

75 557 72 32 fectly
157 558 59 25 well.
247 558 56 24 This
309 565 46 17 was
363 562 25 21 at
399 559 39 24 the
448 561 65 28 great
524 558 115 30 reception

75 588 45 24 and
131 589 71 23 dance
212 589 75 23 which
298 589 28 23 he
335 596 57 23 gave
409 592 26 20 at
452 589 152 29 Drury-Lane
615 592 24 18 to

76 619 39 22 the
126 618 112 25 Chamber
254 619 23 23 of
293 618 128 24 Commerce
439 619 120 30 delegates.
591 618 48 22 The

76 649 97 31 evening
192 649 142 23 commenced
359 649 57 22 with
437 649 97 22 'Faust'
554 650 25 21 at
599 648 39 22 the

75 687 77 23 opera,
162 687 15 16 a
186 680 51 30 gala
247 680 162 30 performance,
418 678 130 32 displaying
558 678 30 23 all
599 678 39 23 the

75 717 114 15 resources
212 710 25 22 of
262 710 88 22 Covent
373 709 99 23 Garden.
517 708 64 24 Then
605 716 33 14 we

75 739 89 23 crossed
181 739 41 23 the
239 739 54 23 road
309 742 25 20 to
351 739 38 23 the
405 737 109 25 National
531 738 105 27 Theatre,

75 769 151 24 transformed
246 769 35 23 for
301 769 39 22 the
360 776 71 15 nonce
451 769 49 22 into
520 769 39 22 the
578 771 60 20 mest

75 800 145 30 magnificent
230 800 24 22 of
270 799 45 22 ball
326 805 80 16 rooms.
439 798 63 31 Lady
513 798 80 23 Harris
604 805 22 16 re-

75 830 77 24 ceived
173 830 39 22 the
232 831 78 28 guests
329 829 89 30 blazing
433 829 57 23 with
510 829 125 27 diamonds,

75 860 67 23 while
173 860 36 22 Sir
242 861 48 20 <*us
321 866 25 15 as
377 861 65 21 usual
473 859 40 23 did
537 859 51 22 four
612 866 25 15 or

73 890 45 23 five
134 890 78 29 things
232 892 24 19 at
272 889 39 22 the
333 896 61 16 same
414 892 105 19 moment.
561 888 76 23 Never

73 927 47 15 was
145 920 64 21 there
232 927 14 14 a
270 918 89 23 readier
385 919 115 29 organiser
524 920 23 20 in
571 918 65 22 small

73 951 101 21 matters.
206 949 35 22 On
251 948 47 23 this
308 948 96 29 evening
414 949 35 21 his
459 949 89 27 private
566 956 57 13 secre-

74 980 68 22 taries
152 977 45 25 and
207 977 66 25 other
284 977 158 25 subordinates
453 984 58 16 were
520 984 70 16 never
600 978 34 22 far

74 1010 38 29 off,
122 1009 46 24 and
178 1009 142 31 perpetually
327 1009 24 23 in
361 1009 40 22 the
418 1008 110 23 intervals
545 1008 23 22 of
583 1015 39 15 con-

74 1040 116 24 versation
199 1040 57 23 with
266 1039 46 23 this
322 1042 66 26 guest
404 1045 25 16 or
445 1038 52 23 that
513 1038 28 22 he
559 1037 75 22 would

74 1070 41 24 fall
134 1070 58 24 back
211 1077 14 15 a
241 1071 51 28 step
310 1068 45 23 and
375 1068 98 30 whisper
492 1075 13 16 a
524 1067 111 23 direction

75 1103 69 20 anent
154 1100 40 24 the
211 1099 165 30 manipulation
391 1098 24 23 of
432 1098 39 22 the
488 1098 110 22 divisions
612 1098 23 21 of

76 1132 93 22 dancers
188 1137 26 17 or
233 1130 40 24 the
292 1131 169 29 arrangements
484 1127 35 25 for
543 1135 89 24 supper.

75 1162 38 23 Sir
131 1162 47 23 Gus
199 1161 78 29 dearly
296 1160 66 23 loved
386 1160 91 29 driving
501 1160 34 22 six
559 1159 77 22 horses

74 1191 98 27 abreast,
184 1190 42 22 but
236 1190 52 22 that
298 1190 97 22 difficult
404 1189 45 22 and
460 1190 99 24 exciting
574 1196 49 14 exer-

74 1221 45 23 cise
129 1220 40 22 has
179 1218 71 24 killed
258 1218 54 23 him.
338 1218 36 22 He
380 1217 97 24 suffered
484 1218 58 22 from
550 1218 84 27 Kidney

75 1250 130 31 complaint,
221 1248 45 25 and
283 1256 60 17 some
360 1249 56 23 timo
432 1255 41 23 ago
491 1247 35 24 his
542 1247 90 24 doctors

75 1281 49 23 told
133 1281 48 22 him
190 1280 29 22 he
228 1282 61 20 must
299 1282 47 20 rest
360 1286 26 15 or
402 1279 44 22 die.
530 1285 64 15 mean
611 1281 24 20 to

74 1312 48 22 rest
131 1308 97 31 directly
238 1308 48 24 I've
300 1315 52 16 seen
368 1308 76 30 Drury
463 1308 60 23 Lane
539 1310 95 20 autumn

74 1341 63 30 piece
297 1338 49 24 said
366 1339 40 23 the
425 1345 113 23 manager,
559 1338 74 23 and—

74 1371 60 28 well,
145 1371 47 23 he's
201 1370 57 30 kept
270 1370 35 23 his
314 1369 69 23 Avoid.
415 1369 38 23 Mr
462 1369 62 24 Cecil
540 1368 94 30 Raleigh

73 1402 45 23 and
129 1401 36 24 Sir
175 1402 116 28 Augustus
302 1407 58 16 were
371 1402 24 21 at
413 1399 135 23 Folkestone
566 1400 57 22 revis-

73 1433 40 29 ing
123 1432 39 23 the
169 1431 54 23 final
233 1438 76 16 scenes
319 1430 23 23 of
352 1430 40 23 the
401 1430 53 30 play
465 1430 35 22 for
510 1429 37 23 old
558 1429 76 30 Drury

73 1463 65 22 when
149 1461 39 24 the
198 1461 70 24 latter
278 1468 46 16 was
334 1460 69 24 taken
414 1459 32 25 ill.
477 1459 48 24 The
539 1459 95 24 medical

73 1501 52 16 men
134 1491 77 25 feared
221 1500 14 15 a
244 1491 58 24 fatal
317 1492 58 23 issue
391 1491 58 23 from
465 1491 40 22 the
521 1491 56 27 first,
590 1490 45 23 and

73 1531 56 16 soon
138 1522 46 24 had
195 1525 24 21 to
233 1529 41 24 say
284 1529 24 16 as
326 1521 73 24 much.
430 1521 48 24 The
494 1522 91 30 patient
600 1529 23 14 ac-

73 1553 82 35 cepted
184 1553 40 24 the
251 1552 123 24 inevitable
410 1552 222 29 characteristically.

293 1583 28 24 he
344 1582 49 24 said
426 1585 23 21 to
479 1582 36 24 his
546 1582 87 30 family,

101 1615 115 23 whatever
249 1615 101 29 happens
383 1616 25 20 to
441 1620 35 15 me
507 1612 64 23 don't
602 1613 33 22 let

74 1645 40 24 the
145 1644 77 33 public
260 1644 27 24 be
322 1642 166 33 disappointed.
533 1642 22 24 If
591 1650 45 23 you

74 1676 163 24 countermand
279 1684 29 15 an
351 1683 68 23 opera
461 1682 25 16 or
528 1677 52 27 stop
623 1682 13 15 a

73 1707 155 29 performance
256 1714 29 14 on
314 1713 38 21 my
376 1708 95 19 account
503 1705 37 22 I'll
565 1705 72 22 haunt

172 1736 37 24 Sir
218 1736 117 31 Augustus
345 1734 53 25 died
414 1734 127 32 peacefully
558 1734 23 23 in
597 1734 39 23 the

75 1775 106 22 presence
198 1767 24 23 of
241 1767 35 23 his
293 1767 52 23 wife
360 1766 46 23 and
425 1766 86 23 several
532 1766 104 22 intimate

74 1789 94 32 friends.
209 1797 94 29 Shortly
331 1796 76 23 before
438 1796 39 22 the
505 1795 43 23 end
573 1795 64 29 Lady

75 1828 82 25 Harris
176 1826 71 27 asked
263 1826 46 25 him
329 1826 19 25 if
366 1826 29 25 he
411 1825 91 26 wanted
517 1826 117 31 anything.

100 1860 12 22 I
123 1861 62 21 want
194 1866 14 16 a
217 1860 61 29 long,
289 1859 54 29 long
454 1858 28 22 he
498 1858 137 22 murmured.

77 1889 95 23 "Don't
180 1889 34 23 let
223 1896 88 22 anyone
320 1888 91 22 disturb
507 1887 53 23 And
577 1894 60 23 upon

78 1927 5 15 t
90 1920 33 22 iiis
139 1919 145 31 appropriate
301 1921 38 29 tag
356 1920 24 21 to
398 1918 35 23 his
443 1918 57 30 busy
510 1917 39 24 life
560 1917 77 23 drama

75 1951 140 23 Providence
225 1958 56 22 rang
290 1949 67 24 down
368 1949 39 24 the
417 1952 96 21 curtain.

104 1981 24 23 It
138 1982 19 21 is
167 1988 14 15 a
190 1981 51 30 pity
251 1981 53 22 that
313 1980 37 22 Sir
359 1980 118 29 Augustus
493 1979 40 22 did
543 1981 40 20 not
593 1979 45 21 live

75 2011 54 30 long
138 2010 88 31 enough
238 2014 23 19 to
272 2018 63 15 serve
345 2009 34 23 hie
392 2013 55 19 term
457 2017 23 15 as
491 2009 59 23 Lord
557 2009 82 30 Mayor

76 2042 24 23 of
110 2042 99 23 London.
241 2040 36 23 He
288 2040 81 23 looked
379 2039 97 23 forward
487 2042 24 19 to
522 2039 52 23 that
583 2047 54 22 year

75 2072 68 30 being
162 2072 39 23 the
220 2078 74 16 crown
315 2070 44 23 and
379 2077 57 23 apex
456 2070 23 23 of
498 2070 35 23 his
552 2077 82 16 career.

100 2102 51 23 You
162 2102 56 22 have
233 2108 30 16 no
363 2100 27 23 he
402 2100 54 23 used
467 2103 24 19 to
501 2107 49 22 say,
587 2101 50 22 how

73 2139 68 22 many
158 2131 144 29 possibilities
318 2131 39 21 the
374 2133 53 26 part
442 2130 24 22 of
482 2130 59 22 Lord
557 2130 81 29 Mayor

73 2161 72 24 offers.
177 2160 13 23 I
199 2160 58 23 shall
266 2160 52 30 give
329 2159 40 23 'em
380 2160 64 30 quite
454 2167 13 15 a
477 2167 49 15 new
545 2160 93 30 reading

73 2192 24 22 of
107 2192 38 22 the
156 2192 53 22 rule.
240 2190 12 23 I
262 2190 58 23 shall
331 2190 81 30 spread
423 2190 82 29 myself
515 2195 46 18 out.
594 2190 41 29 My

73 2221 75 23 Ninth
164 2221 24 22 of
203 2220 129 24 November
347 2220 62 22 show
427 2220 46 22 will
491 2220 27 22 be
530 2220 38 22 the
579 2222 59 20 most

72 2250 146 35 magnificent
237 2249 93 24 London
350 2249 41 23 has
415 2257 53 15 ever

72 2281 53 24 And
144 2289 34 16 we
197 2288 41 16 can
257 2281 64 29 quite
340 2280 87 23 believe
446 2280 19 23 it
485 2280 75 23 would
580 2281 57 22 have

72 2312 64 24 been.

101 2343 33 23 To
149 2349 38 23 my
204 2341 62 24 mind
284 2341 36 24 Sir
334 2342 118 28 Augustus
470 2341 81 22 Harris
569 2348 68 15 never

73 2373 89 23 showed
174 2375 24 21 to
208 2372 53 23 such
272 2371 128 30 advantage
411 2379 24 15 as
445 2370 66 24 when
522 2371 70 30 tixiug
603 2378 30 23 up

73 2404 40 24 the
122 2403 137 30 pantomime
270 2407 24 18 at
304 2402 77 28 Drury
391 2402 68 22 Lane.
491 2401 12 23 I
513 2401 122 23 witnessed

73 2434 39 23 the
122 2433 62 24 dress
194 2432 113 24 rehearsal
317 2432 45 22 last
368 2431 130 23 December.
529 2431 24 23 It
564 2431 71 29 began

73 2466 24 22 at
113 2472 59 15 noon
188 2462 44 25 and
247 2462 74 24 lasted
336 2462 57 23 with
402 2461 59 24 brief
470 2461 165 23 intermissions

73 2495 37 24 till
120 2495 64 23 three
200 2495 56 22 next
273 2493 109 30 morning.
422 2492 150 30 Throughout
583 2491 52 23 that

72 2526 74 24 entire
164 2524 79 32 period
262 2525 36 23 Sir
314 2525 118 29 Augustus
450 2530 46 16 was
515 2522 118 28 watchful,

72 2557 66 27 alert,
150 2556 95 26 tireless,
255 2553 148 31 Argus-eyed.
426 2553 52 22 You
488 2560 69 15 never
568 2553 66 22 knew

72 2586 75 24 where
166 2585 29 24 he
210 2592 53 22 was,
281 2584 43 24 but
339 2591 46 23 you
402 2583 85 30 always
501 2582 70 23 found
587 2582 47 23 him

73 2617 103 30 vigilant.
214 2616 47 24 One
278 2617 106 26 moment,
403 2614 88 30 despite
508 2614 73 29 heavy
597 2613 37 23 fur

73 2650 52 21 coat
134 2647 44 22 and
189 2649 40 27 top
238 2646 48 27 hat,
298 2646 28 22 he
336 2653 46 15 was
399 2645 102 29 showing
511 2643 50 23 Dan
572 2644 61 22 Leno

73 2678 51 23 how
143 2677 28 23 he
190 2676 90 23 wanted
301 2675 38 23 the
358 2674 137 23 breakdown
511 2673 66 29 done,
594 2673 39 22 the

72 2711 56 21 next
137 2708 29 23 he
176 2715 46 15 was
231 2706 108 30 shouting
349 2705 147 24 instructions
512 2712 24 15 as
554 2707 24 20 to
594 2704 39 23 the

72 2738 123 29 limelights
205 2737 58 23 from
274 2737 39 23 the
324 2736 56 23 back
396 2735 23 24 of
436 2735 39 23 the
485 2735 63 23 dress
558 2734 74 28 circle,

72 2769 45 23 and
134 2767 40 24 the
189 2770 56 21 next
261 2767 141 29 discovering
419 2765 51 24 that
480 2773 30 15 no
519 2765 114 23 reference

71 2802 26 20 to
116 2797 145 25 Cinderella's
280 2796 110 32 pumpkin
409 2795 113 31 appeared
546 2795 23 23 in
593 2795 40 23 the

71 2832 58 22 text.
162 2828 73 24 When
246 2828 39 23 the
296 2834 104 23 manager
416 2826 50 24 first
482 2833 62 16 came
554 2833 29 16 on
594 2825 39 24 the

71 2862 65 27 stage
154 2861 25 21 at
197 2865 59 16 noon
275 2865 13 15 a
307 2857 87 30 perfect
412 2859 72 21 storm
501 2856 23 22 of
543 2856 90 22 excited

70 2889 165 27 subordinates,
254 2890 82 25 actors,
353 2889 116 26 actresses,
485 2893 87 23 supers,
588 2885 45 23 and

70 2919 64 23 what
143 2922 40 19 not
192 2917 140 24 surrounded
343 2917 45 22 and
400 2916 115 28 swamped
525 2916 54 27 him,
591 2923 42 14 one

71 2948 149 31 out-bawling
228 2948 39 22 the
275 2946 71 24 other.
377 2946 37 24 Sir
420 2946 118 31 Augustus
545 2944 88 24 seemed

73 2984 24 19 to
117 2986 44 23 pay
180 2978 126 29 absolutely
326 2986 29 14 no
374 2977 120 23 attention.
535 2976 37 23 He
588 2984 46 14 was

74 3008 110 24 absorbed
204 3009 23 21 in
251 3008 85 22 certain
361 3006 168 29 imperfections
552 3007 24 21 in
595 3006 40 22 the

75 3045 73 22 scene,
173 3037 46 24 and
242 3036 98 24 brushed
364 3036 32 23 off
414 3036 35 22 his
468 3035 97 30 querists
589 3035 46 22 like

75 3069 55 24 flies.
157 3068 44 23 Yet
211 3075 29 16 no
249 3075 42 15 one
300 3066 88 24 seemed
396 3066 110 23 offended.

75 3099 13 24 I
107 3098 78 29 asked,
527 3103 46 16 was
597 3096 39 22 the

75 3130 73 32 reply,
275 3128 42 22 has
333 3130 46 20 two
389 3127 131 23 secretaries
531 3126 106 29 standing

75 3159 85 24 benind
176 3159 55 27 him,
242 3158 52 23 who
304 3157 54 23 took
376 3165 13 14 a
404 3156 126 23 shorthand
546 3160 54 18 note
614 3156 23 21 of

77 3191 40 23 the
134 3189 141 30 complaints.
307 3187 61 23 Each
386 3187 47 23 will
449 3186 28 23 be
492 3190 25 19 at
534 3193 53 16 once
605 3193 22 15 re-

77 3220 76 25 ferred
170 3223 24 20 to
209 3219 40 24 the
265 3226 82 23 proper
357 3217 145 31 department
515 3216 45 24 and
576 3216 61 23 dealt

105 3281 111 24 A.writer
225 3280 23 24 in
260 3279 7 14 '
275 3278 96 24 Modern
387 3278 45 23 Art
441 3278 45 23 and
497 3278 141 27 Literature'

78 3311 63 24 drew
156 3311 47 23 this
222 3310 90 30 picture
328 3309 24 24 of
371 3308 36 25 Sir
424 3309 118 29 Augustus
559 3307 81 23 Harris

78 3341 188 32 superintending
282 3340 39 24 the
337 3338 135 32 production
488 3338 24 23 of
530 3346 14 15 a
560 3341 66 27 pauto-

79 3373 68 24 mime
217 3371 25 25 It
257 3372 19 23 is
293 3373 26 21 at
335 3371 35 23 his
387 3377 51 16 own
454 3369 139 30 pantomime
607 3375 22 16 re-

79 3403 101 23 hearsals
199 3402 53 22 that
271 3402 40 22 the
330 3401 93 28 vitality
443 3399 44 23 and
507 3407 28 22 go
554 3399 25 21 of
601 3399 40 21 the

80 3433 77 31 Drury
168 3432 61 23 Lace
246 3438 106 24 manager
369 3438 37 15 are
426 3429 118 30 displayed
561 3431 25 20 to
601 3428 39 23 the

79 3464 80 23 fullest
170 3463 134 27 advantage.
336 3461 36 22 He
389 3462 19 21 is
424 3464 25 19 at
464 3460 35 22 his
516 3462 52 26 post
578 3459 63 29 early

79 3493 47 23 and
143 3493 54 26 late,
208 3492 99 28 wearing
323 3498 14 14 a
353 3490 67 22 black
437 3489 61 22 skull
513 3496 48 22 cap,
574 3489 22 21 in
613 3495 27 14 an

81 3531 54 23 easy
145 3522 63 25 chair
218 3521 31 31 by
259 3521 40 24 the
308 3519 49 25 side
373 3519 24 25 of
415 3519 40 24 the
471 3521 90 29 prompt
572 3518 66 24 table.

82 3555 76 29 Every
169 3553 64 23 three
243 3559 26 16 or
285 3552 52 23 four
354 3551 98 22 minutes
467 3551 28 22 he
506 3549 47 23 flies
563 3552 41 20 out
618 3549 23 23 of

82 3584 36 25 his
128 3591 54 23 easy
192 3582 62 24 chair
265 3589 25 16 as
305 3582 19 23 if
342 3581 29 24 he
386 3587 59 17 were
462 3579 116 32 propelled
588 3579 30 31 by
629 3586 12 15 a

83 3615 110 31 catapult.
224 3613 28 23 In
268 3620 29 16 an
313 3612 87 23 instant
410 3612 28 22 he
448 3618 70 16 seems
529 3613 24 21 to
569 3610 27 23 be
612 3610 29 22 all

82 3653 55 16 over
156 3645 40 22 the
215 3646 64 27 stage
298 3646 25 19 at
342 3650 62 20 once,
424 3648 51 16 now
494 3641 121 29 arranging
629 3648 13 14 a

83 3676 99 27 tableau,
194 3681 51 16 now
255 3673 106 30 teaching
370 3679 14 16 a
393 3672 81 23 chorus
484 3672 43 30 girl
537 3674 24 20 to
568 3671 74 23 throw

82 3707 77 23 action
169 3706 49 22 into
229 3706 40 21 her
278 3704 109 26 business,
398 3702 45 23 and
457 3709 50 16 now
523 3701 92 29 drilling
629 3709 14 14 a

82 3736 130 32 procession
230 3742 25 15 as
274 3734 19 23 it
310 3732 108 24 descends
437 3740 13 15 a
473 3732 38 29 big
535 3731 66 30 flight
620 3731 23 23 of

83 3767 78 31 palace
171 3770 62 26 steps
243 3764 45 24 and
298 3763 44 24 fills
359 3764 39 23 the
409 3763 76 29 Drury
495 3763 60 23 Laue
570 3766 70 26 stage.

83 3798 73 26 Then,
168 3803 62 16 worn
247 3798 49 25 out,
307 3794 28 23 he
352 3794 63 23 sinks
431 3793 57 24 back
506 3794 22 22 in
545 3793 34 22 his
589 3799 54 23 easy

83 3828 63 24 chair
161 3826 44 24 and
223 3826 72 29 sleeps
309 3824 104 30 soundly,
432 3824 98 29 through
550 3823 30 23 all
604 3822 39 24 the

82 3859 63 24 noise
155 3857 44 24 and
210 3857 47 27 din,
268 3855 36 24 for
318 3855 89 29 exactly
418 3857 38 20 ten
472 3855 103 21 minutes.
608 3853 35 22 He

83 3889 41 24 has
143 3888 41 25 the
202 3893 76 25 power
297 3886 24 23 of
339 3885 156 29 commanding
518 3884 62 23 these
595 3886 36 20 ten-

83 3920 88 22 minute
189 3917 105 23 snatches
313 3916 24 23 of
356 3916 61 29 sleep
436 3918 24 20 at
481 3922 44 22 any
535 3916 106 26 moment,

83 3949 45 24 and
147 3948 67 24 when
233 3947 39 24 the
292 3947 44 22 last
355 3946 43 23 full
421 3946 62 22 dress
511 3944 131 28 rehearsals,

84 3979 75 24 which
176 3979 128 23 sometimes
321 3977 44 23 last
382 3976 59 23 until
458 3976 51 23 four
525 3975 84 23 o'clock
620 3975 23 23 in

84 4012 41 22 the
134 4009 111 30 morning,
257 4015 38 16 are
305 4008 23 23 in
342 4013 103 24 progress
460 4007 28 22 he
506 4006 64 23 takes
581 4005 63 23 these

83 4041 139 23 ten-minute
239 4045 56 22 naps
307 4041 25 19 at
349 4037 108 23 intervals
476 4036 24 23 of
514 4036 70 22 about
598 4040 46 18 two

83 4071 76 27 hours,
178 4068 92 30 waking
295 4066 77 31 bright
394 4066 45 22 and
464 4064 113 24 refreshed
598 4064 45 23 and

85 4100 112 30 instantly
207 4098 114 30 throwing
332 4096 90 25 himself
436 4096 49 24 into
495 4095 38 25 the
543 4095 102 24 business

84 4132 25 24 of
118 4132 40 24 the
167 4137 72 18 scene.
271 4129 35 24 He
317 4130 49 22 acts
375 4128 56 23 with
443 4127 38 24 the
492 4129 81 25 actors,
584 4127 61 29 sings

84 4163 58 23 with
158 4161 41 23 the
214 4161 94 28 singers,
325 4159 79 22 shouts
423 4158 56 22 with
499 4158 40 22 the
554 4157 89 27 chorus,

84 4193 79 22 makes
173 4190 90 24 himself
278 4188 69 23 heard
363 4188 71 22 above
450 4187 31 22 all
491 4187 39 22 the
540 4194 51 15 roar
600 4186 45 22 and

84 4222 41 25 din
140 4221 25 24 of
178 4221 40 23 the
235 4219 88 30 clumsy
332 4220 63 28 stage
412 4219 128 29 carpenters
551 4216 44 24 and
606 4223 26 16 un-

83 4253 132 31 intelligent
234 4258 86 23 supers,
344 4250 44 23 and
407 4248 55 25 then
481 4247 112 31 suddenly
612 4247 34 24 his

85 4285 64 21 voice
164 4290 53 23 goes
234 4282 56 22 with
306 4289 14 14 a
334 4288 62 21 snap.
428 4280 48 22 The
490 4280 71 21 strain
572 4287 29 13 on
612 4278 34 22 his

85 4313 66 22 vocal
160 4310 82 24 chords
252 4311 40 21 has
308 4309 55 23 been
381 4311 38 19 too
429 4311 71 26 great,
512 4307 45 22 and
567 4307 28 21 he
605 4313 40 15 cau

85 4343 55 31 only
149 4341 69 32 speak
233 4341 23 24 in
267 4348 13 16 a
297 4339 50 29 low,
359 4338 79 25 hoarse
448 4337 104 31 whisper.
583 4335 63 25 Then

86 4375 29 24 he
132 4374 64 24 sinks
212 4372 57 24 back
287 4372 23 22 in
325 4371 36 23 his
377 4377 54 23 easy
441 4370 63 23 chair
513 4368 133 28 exhausted,

85 4405 99 24 beckons
205 4404 34 22 his
257 4401 95 24 faithful
370 4403 63 27 stage
453 4407 105 23 manager
573 4401 24 20 to
613 4398 34 23 his

86 4436 58 28 Bide,
155 4434 45 23 and
210 4440 67 23 gasps
287 4429 55 35 out:
361 4432 5 12 '
375 4432 73 22 Shout
462 4433 25 20 at
502 4430 42 22 'em
558 4429 35 23 for
603 4436 43 20 me,

86 4466 86 22 Collins
182 4473 6 18 ;
203 4464 43 23 I'm
256 4462 74 23 done.'
381 4462 48 21 The
439 4461 101 29 amazing
554 4460 92 28 vitality

86 4496 25 24 of
120 4495 39 25 the
170 4501 52 17 man
236 4492 76 24 would
323 4491 69 24 brock
408 4498 29 15 no
446 4490 82 23 denial.
559 4489 89 29 During

86 4528 37 23 bis
131 4526 77 24 illness
225 4525 23 22 in
264 4523 40 24 the
313 4523 82 23 winter
405 4521 23 24 of
443 4521 91 24 1893-94
545 4520 27 23 he
583 4519 65 24 made

86 4559 108 22 constant
204 4562 39 17 use
253 4555 24 22 of
292 4554 39 23 the
348 4553 119 29 telephone
483 4552 51 22 that
544 4554 105 20 connects

88 4589 40 23 the
137 4590 64 25 stage
211 4586 23 23 of
248 4585 78 29 Drury
337 4584 60 23 Lane
413 4582 58 24 with
488 4582 35 23 his
533 4581 113 24 bedroom.

87 4619 75 32 Lying
177 4617 65 25 there
259 4615 56 25 with
333 4615 35 23 his
382 4616 153 28 temperature
545 4619 53 17 over
610 4612 40 23 103

86 4651 30 25 he
126 4647 105 28 followed
241 4647 39 24 the
290 4645 124 26 rehearsals
424 4645 23 23 of
462 4644 39 24 the
511 4643 137 32 pantomime

86 4681 59 21 with
161 4680 39 21 the
217 4680 101 27 greatest
332 4683 58 19 care,
406 4676 44 21 and
466 4675 111 26 minutely
587 4674 51 21 criti-

87 4709 62 23 cised
165 4715 68 22 every
243 4706 71 23 detail
328 4705 73 22 which
417 4704 28 23 he
455 4703 66 23 could
532 4701 116 24 command

88 4740 33 29 by
130 4739 40 23 the
180 4744 60 16 mere
250 4737 93 27 hearing
352 4736 24 20 of
391 4735 25 21 it.

202 4772 110 17 t'f.KMENT
329 4763 86 25 seorr*H
430 4769 107 17 tkihitl.

119 4798 104 24 Clement
232 4796 72 27 Scott,
316 4795 23 23 in
351 4795 38 22 the
396 4800 77 17 course
481 4793 23 23 of
513 4800 28 15 au
548 4793 92 22 interest-

90 4832 40 29 ing
140 4828 93 26 memoir
243 4827 23 23 of
276 4826 36 23 his
321 4825 38 23 old
370 4824 81 28 friend,
460 4830 53 23 says
521 4832 35 15 :

116 4867 35 22 He
161 4870 42 16 was
208 4863 52 22 born
266 4863 24 20 to
297 4860 110 23 command
412 4860 42 22 and
464 4860 22 20 to
496 4859 25 21 be
530 4865 12 14 a
552 4857 70 22 leader
631 4857 22 21 of

91 4901 56 18 men,
165 4892 43 23 and
225 4890 61 23 there
307 4895 64 16 never
392 4894 42 15 wa3
455 4893 28 15 an
506 4887 68 20 officer
597 4891 56 15 more

88 4922 103 22 boncstlv
206 4917 87 24 beloved
309 4916 28 28 by
354 4916 37 21 the
404 4922 48 15 men
466 4915 27 21 he
508 4913 40 23 led.
577 4913 10 21 I
601 4913 52 21 have

92 4951 77 20 known
177 4948 45 21 him
231 4953 24 15 as
262 4953 28 14 an
303 4946 64 23 actor,
379 4943 85 24 defiant,
475 4942 81 25 breezy,
566 4940 87 26 defying

92 4976 93 22 obstaole
195 4981 23 14 or
226 4972 81 22 ill-luek
317 4979 6 17 ;
337 4971 10 20 I
356 4971 53 20 have
419 4970 41 21 had
470 4969 37 20 the
516 4969 66 20 honor
591 4967 22 21 of
622 4967 32 21 his

94 5002 119 26 friendship
220 5000 56 22 from
284 4999 38 21 the
334 4998 53 21 hour
397 4997 26 22 he
432 4996 84 22 became
525 5000 98 21 inaiiagcr
633 4993 21 22 of

93 5032 38 22 the
147 5029 87 23 historic
251 5028 84 21 theatre
352 5025 22 22 of
392 5025 71 27 Drury
483 5023 71 26 Lane;
573 5022 11 21 I
602 5022 53 21 have

93 5059 87 21 written
189 5057 61 26 plays
259 5055 52 20 with
319 5054 51 24 him,
381 5052 42 22 and
436 5052 141 21 know—none
586 5049 69 22 better

93 5086 60 23 —his
166 5084 106 22 swiftness
285 5082 22 22 of
320 5080 117 28 judgment,
450 5079 33 22 his
492 5077 98 27 unerring
599 5077 53 26 tact,

95 5115 34 21 his
147 5119 69 18 merry
234 5111 49 21 look
300 5110 61 20 when
379 5109 26 20 he
419 5109 36 20 cut
470 5107 43 21 and
526 5104 79 23 hacked
620 5112 35 13 mv

94 5139 118 23 best-loved
226 5138 115 22 sentences,
358 5135 43 21 and
415 5130 88 30 stbopod
518 5133 36 20 the
563 5129 79 28 impend-

94 5169 37 25 ing
138 5166 77 22 debate
224 5164 52 21 with
285 5169 12 15 a
307 5168 46 16 roar
362 5162 22 21 of
393 5160 111 26 laughter;
518 5160 10 19 I
542 5159 52 20 have
608 5164 49 14 Been

95 5196 45 23 btra
154 5193 91 24 conduct
259 5191 38 23 tbe
310 5188 105 24 rehearsal
431 5187 22 23 of
467 5186 49 30 play
530 5186 56 22 after
598 5184 57 30 play,

96 5224 131 26 pantomime
238 5221 57 21 after
307 5218 135 29 pantomime,
453 5216 106 25 watching
568 5215 44 20 him
622 5216 35 19 act

96 5258 61 16 scene
165 5250 58 22 after
231 5254 67 18 scene,
308 5245 43 23 and
365 5245 107 21 character
484 5243 57 21 after
550 5242 107 21 character

94 5288 26 16 as
129 5278 48 23 well
185 5285 24 16 as
218 5277 51 26 they
283 5273 62 24 could
358 5273 26 22 be
397 5270 182 27 instantaneously
588 5268 68 26 acted,

95 5311 26 19 at
133 5313 44 19 lay
194 5307 46 20 rate
253 5303 71 27 giving
337 5301 60 21 those
410 5306 27 14 on
446 5300 37 20 the
492 5299 59 25 stage
561 5297 37 21 the
608 5303 49 19 very

96 5334 124 26 impression
236 5331 50 26 they
301 5327 98 26 wanted;
415 5326 45 22 and
473 5325 10 22 I
497 5332 35 14 am
546 5323 112 22 convinoed

96 5364 56 24 that,
163 5362 22 22 in
194 5361 38 21 the
240 5359 49 26 long
298 5357 81 26 history
389 5355 22 21 of
420 5353 138 25 amusement,
566 5352 17 21 it
591 5350 68 22 would

95 5391 27 21 be
131 5388 89 24 difficult
227 5388 23 22 to
256 5387 65 28 quote
327 5391 13 16 a
347 5390 56 16 more
410 5381 85 28 capable
502 5388 23 15 or
530 5378 129 24 remarkable

95 5426 57 15 man.
354 5437 12 5 _
472 5435 9 9 .
502 5435 9 6 .
525 5435 6 5 .

123 5445 45 23 The
185 5441 159 26 extraordinary
366 5444 70 22 i»ower
458 5437 23 21 of
498 5437 62 25 doing
578 5437 42 19 two
636 5439 21 17 02

97 5476 61 21 three
167 5472 72 27 things
248 5468 103 29 together,
367 5466 43 23 and
422 5464 63 27 doing
494 5463 59 24 them
561 5463 29 22 all
605 5463 52 24 well,

97 5503 87 23 belongs
191 5501 25 21 to
225 5499 40 21 few
278 5503 55 15 men.
362 5494 22 21 It
398 5492 103 26 certainly
519 5492 100 25 belonged
637 5492 23 18 to

97 5530 110 23 Augustus
217 5525 80 24 Harris.
318 5524 30 21 At
357 5529 39 15 one
405 5520 41 23 and
456 5520 37 21 the
502 5524 56 17 same
568 5518 92 21 moment

98 5560 28 21 he
140 5556 70 22 would
224 5554 26 22 be
262 5551 105 26 dictating
381 5556 13 15 a
408 5549 64 22 letter
489 5547 22 21 of
528 5552 61 21 grave
606 5551 40 16 com-

98 5584 86 24 mercial
206 5583 129 26 importance
355 5577 44 23 and
420 5576 115 24 discussing
561 5574 99 21 different

97 5614 69 22 topks
175 5611 51 21 with
236 5612 43 18 two
288 5607 88 22 distinct
385 5604 80 27 people.
492 5604 12 19 1
511 5602 32 21 his
557 5607 69 21 power
638 5602 21 18 of

96 5640 124 23 fjMOtnttMi
225 5636 42 23 and
273 5635 81 24 variety
363 5633 10 21 I
380 5632 54 21 have
441 5636 61 15 never
509 5635 48 15 seen
564 5628 96 26 equalled

99 5671 22 20 in
130 5674 42 17 any
183 5671 49 16 man
240 5664 24 21 of
273 5669 36 20 my
319 5661 58 21 time.
399 5659 53 21 How
463 5656 47 22 well
519 5656 10 22 I
539 5654 120 26 remember,

98 5682 70 40 man/
182 5699 62 23 years
260 5697 46 21 ago,
326 5688 61 22 when
404 5685 27 22 ho
448 5682 122 24 summoned
589 5689 32 15 me
640 5683 21 20 to

97 5707 64 43 lK
169 5725 22 21 to
201 5728 35 17 see
244 5720 37 24 the
297 5717 5 12 '
309 5713 89 27 Deuiae'
413 5713 23 23 of
445 5711 119 24 Alexandre
573 5710 87 26 Drunas,

97 5762 15 15 a
121 5753 51 24 riay
179 5758 29 15 on
217 5748 68 23 which
295 5747 27 22 he
330 5744 43 25 had
382 5744 33 21 set
429 5743 33 21 his
477 5741 67 22 heart,
559 5739 42 21 and
614 5746 48 14 over

101 5764 67 40 wfiS
184 5779 28 23 be
228 5774 119 28 invariably
362 5770 51 23 shed
427 5769 86 28 eopfous
528 5769 61 19 tears.
622 5765 40 22 We

204 5807 28 28 by
250 5804 44 26 side
307 5803 23 25 in
345 5800 37 29 (be
399 5797 61 28 ittlll
478 5795 22 28 rf
519 5794 35 30 tt»
572 5792 90 31 Tfettj*

669 200 105 28 Fran<;aiß,
790 198 42 23 and
846 198 10 21 I
866 205 42 15 was
923 196 105 27 surprised
1044 197 23 20 to
1081 195 43 22 find
1142 195 48 22 that
1203 195 26 21 he

668 228 42 21 had
720 229 37 20 the
766 228 47 20 text
822 226 22 21 of
853 228 38 19 the
900 225 80 22 French
990 224 49 26 play
1049 224 21 20 in
1080 224 32 19 his
1121 223 64 22 hand.

717 255 33 21 Do
759 260 42 20 you
811 254 56 21 want
877 254 22 20 to
913 252 60 21 know
988 250 58 21 what
1060 250 9 19 I
1079 250 53 21 have
1142 252 35 24 got
1187 250 42 21 this

668 282 53 23 book
731 282 32 23 for
799 282 26 22 he
834 280 63 23 asked
903 287 33 15 mc
946 280 22 22 in
976 278 32 23 his
1016 277 54 23 droll
1079 277 89 26 fashion,
1177 277 51 22 witli

669 311 37 22 the
716 311 132 22 well-known
863 309 87 21 twinkle
965 308 22 21 in
1001 307 32 21 his
1048 313 40 19 eye
1101 306 42 21 and
1153 306 37 21 the
1199 307 20 20 in-

668 339 92 21 evitable
769 337 70 26 laugh.
945 342 35 14 are
995 334 61 26 going
1071 335 23 19 to
1103 333 126 21 collaborate

668 367 99 27 to-night.
795 366 10 22 I
814 364 54 22 shall
877 365 36 21 cut
922 363 37 22 the
968 362 48 27 play
1027 360 98 28 to-night,
1136 360 42 22 and
1187 367 41 21 you

668 395 54 21 shall
738 395 59 20 write
816 393 17 20 it
1016 389 28 21 So
1062 389 59 20 there
1140 395 29 14 we
1187 389 40 23 sat,

668 421 51 21 both
736 419 120 28 impressed,
877 418 50 22 both
944 416 97 24 affected,
1060 416 48 24 and,
1129 415 72 20 whilst
1218 416 10 19 I

668 448 70 21 stared
752 447 41 21 and
809 446 50 20 took
874 446 38 20 the
925 443 68 21 whole
1007 449 61 14 scene
1084 443 28 23 in,
1127 448 60 19 away
1202 442 26 20 he

668 475 83 21 worked
761 474 50 22 with
827 473 32 21 his
875 471 67 29 pencil
958 477 27 15 on
1000 470 37 21 the
1051 468 84 29 printed
1150 469 47 21 text
1207 468 21 21 in

668 504 36 21 the
714 503 99 22 Btalls—a
822 503 55 20 most
893 499 113 23 heterodox
1022 497 123 28 proceeding
1159 497 23 22 at
1191 496 37 22 the

668 531 98 22 Comedie
775 529 111 22 Framaise
893 539 12 4 -
912 527 40 22 and
962 534 23 14 as
994 533 31 14 we
1034 525 80 27 supped
1126 525 57 21 after
1191 525 37 20 the

667 558 50 28 play
727 558 27 22 he
769 557 71 22 tossed
857 558 23 20 to
898 562 33 15 me
948 554 38 22 the
1003 553 102 22 curtailed
1122 553 53 24 text,
1185 553 43 19 two

667 589 45 18 acts
727 586 77 26 having
819 585 52 21 been
885 590 39 15 run
938 583 46 20 into
999 588 40 15 one
1053 581 27 26 by
1096 581 44 20 him
1152 586 23 15 as
1191 580 37 20 the

667 614 49 26 play
726 612 121 27 proceeded,
863 610 42 22 and
920 616 61 20 every
991 609 74 24 speech
1081 607 112 21 shortened
1206 607 22 20 in

667 647 12 14 a
689 640 99 26 masterly
799 639 90 24 fashion,
904 637 43 22 and
961 636 58 22 said:
1057 635 67 21 There
1133 641 43 20 you
1184 640 42 15 arc.

666 668 68 21 There
749 667 18 22 is
781 673 54 20 your
851 665 104 25 scenario;
975 670 46 16 sow
1037 663 60 22 write
1176 661 51 22 This

667 695 52 22 book
736 695 17 22 is
767 701 39 15 one
822 694 23 22 of
860 701 35 19 rny
910 692 109 23 treasured
1037 690 133 28 possessions,
1185 689 42 22 and

667 722 43 21 this
726 723 17 20 is
759 728 27 15 an
801 722 96 25 example
907 720 22 21 of
944 720 37 20 the
995 719 113 26 particular
1117 717 110 26 brilliancy

665 749 42 21 and
717 748 92 28 rapidity
820 748 22 21 of
851 748 92 26 thought
952 746 42 21 and
1003 745 111 27 judgment
1125 744 66 21 which
1201 744 26 21 he

665 776 108 28 posse'sed
790 776 23 21 in
835 776 30 21 all
882 776 89 20 matters
989 772 114 23 connected
1121 772 51 21 with
1190 772 38 21 thn

665 806 66 25 stage.
759 804 53 20 lam
822 802 106 22 confident
936 802 49 21 that
994 801 43 21 this
1052 800 84 27 opinion
1145 799 43 21 will
1202 798 25 22 be

665 831 101 23 endorsed
776 831 27 27 by
813 837 61 20 every
884 830 77 22 author
970 829 46 21 who
1025 828 38 22 has
1072 827 42 22 had
1123 828 37 21 the
1168 828 59 26 great

665 859 53 28 good
727 859 49 21 luck
785 859 22 20 of
819 859 32 20 his
860 858 114 20 assistance
983 856 42 21 and
1035 856 121 26 sympathy.

691 887 21 21 It
730 887 38 21 has
790 885 52 21 been
860 891 22 15 sa
884 882 4 27 ;
891 884 21 25 d,
931 884 42 21 and
990 882 103 26 unkindly
1110 882 51 25 said,
1178 882 49 21 that

667 915 107 24 Augustus
787 913 74 21 Harris
875 911 40 21 had
934 918 27 14 no
981 910 55 26 right
1056 911 23 19 to
1091 911 40 24 put
1148 916 29 19 up
1194 909 32 20 his

665 947 60 15 name
734 946 23 15 as
767 940 37 21 the
812 939 77 21 author
896 938 23 21 of
928 938 36 20 the
971 937 70 25 Drury
1050 936 56 21 Lane
1115 936 41 21 and
1166 936 60 20 other

664 967 89 22 dramas.
782 967 25 20 In
821 972 35 18 my
867 965 83 26 opinion
969 964 25 20 he
1010 964 41 20 had
1066 969 62 20 every
1138 963 56 25 right
1203 964 23 19 to

663 995 27 21 do
700 1002 28 14 so.
757 993 21 22 If
787 993 26 21 he
822 992 36 22 did
868 993 37 19 not
914 992 45 26 give
974 991 37 21 the
1026 990 70 21 actual
1110 990 46 26 plot
1172 990 53 21 from

663 1023 54 20 start
726 1023 23 19 to
758 1021 69 24 finish,
838 1020 26 20 he
878 1026 43 14 saw
930 1019 67 19 where
1008 1018 16 20 it
1034 1024 42 14 was
1086 1017 57 21 weak
1151 1017 43 21 and
1202 1018 23 19 at

663 1056 52 15 once
730 1047 60 23 made
805 1047 19 21 it
842 1048 78 24 strong,
938 1045 42 21 and
990 1045 9 21 I
1009 1051 63 15 never
1085 1044 60 21 knew
1155 1050 12 14 a
1176 1050 49 14 man

665 1076 45 22 who
719 1075 42 22 had
770 1075 51 21 such
830 1080 12 16 a
852 1073 41 27 gift
899 1073 22 21 in
929 1073 37 21 the
975 1073 34 21 art
1021 1072 23 21 of
1053 1071 60 27 using
1126 1071 38 21 the
1177 1070 48 22 blue

663 1103 75 28 peneil.
773 1103 34 19 He
815 1101 69 21 would
894 1101 54 20 have
957 1099 61 21 made
1027 1106 24 14 as
1060 1099 52 26 good
1121 1104 27 15 an
1157 1098 68 20 editor

663 1138 24 17 as
695 1138 13 15 a
717 1136 105 22 manager.
852 1127 47 23 And
914 1128 18 22 it
945 1133 42 16 was
1001 1126 28 22 all
1043 1126 53 22 done
1106 1125 51 23 with
1173 1125 52 22 such

664 1160 53 26 good
727 1161 75 20 nature
811 1157 41 22 and
868 1158 78 23 charm,
957 1156 52 22 witli
1018 1162 13 16 a
1040 1155 63 28 laugh
1112 1155 42 23 and
1162 1162 63 15 never

663 1193 13 14 a
686 1193 65 17 sneer,
762 1193 23 13 so
795 1186 47 19 that
853 1186 22 19 to
882 1184 126 20 collaborate
1023 1184 51 19 with
1088 1184 43 18 him
1145 1190 42 13 was
1202 1184 23 19 at

663 1219 51 15 once
728 1218 12 15 a
754 1211 95 26 personal
865 1210 81 25 delight
961 1209 42 21 and
1012 1215 12 14 a
1034 1209 102 20 dramatic
1152 1209 60 19 educa-

663 1241 45 22 tion
743 1240 40 21 For
799 1238 26 22 he
839 1237 89 27 brought
938 1238 22 19 to
969 1236 32 21 bis
1011 1235 56 21 work
1081 1241 61 21 every
1152 1235 42 26 gift
1203 1234 22 21 of

663 1268 104 26 heredity,
776 1267 94 20 business
880 1266 51 23 tact,
941 1264 42 21 and
993 1264 89 25 practice
1097 1263 48 21 that
1154 1270 12 14 a
1176 1270 49 14 man

663 1301 23 14 so
703 1292 164 23 circumstanced
885 1291 61 21 could
964 1291 88 26 require.
1081 1290 33 20 He
1129 1296 43 14 was
1187 1289 38 21 the

663 1328 37 15 son
718 1321 22 22 of
757 1327 39 16 one
854 1319 37 22 the
908 1317 47 22 be?t
977 1320 58 24 stage
1058 1322 108 21 managers
1188 1316 37 22 the

663 1349 87 28 English
767 1348 103 22 dramatic
888 1346 41 22 and
947 1345 92 24 operatic
1056 1346 59 26 Btage
1130 1345 38 21 has
1178 1351 47 14 ever

663 1384 55 15 seen.
747 1377 33 21 He
789 1383 42 14 was
841 1375 47 21 well
896 1374 110 24 educated,
1021 1373 42 22 and
1079 1379 42 15 was
1135 1372 90 27 brought

663 1412 29 21 up
701 1405 21 21 in
731 1411 13 15 a
753 1404 93 21 business
858 1403 64 20 house
935 1409 24 14 as
967 1409 13 14 a
989 1401 62 22 clerk.
1080 1401 34 21 He
1128 1403 57 19 went
1199 1407 27 14 on

663 1434 23 20 to
694 1433 37 21 the
741 1434 58 24 Btage
807 1431 42 21 and
858 1430 85 21 learned
952 1429 37 22 the
999 1429 116 21 rudiments
1124 1428 23 21 of
1155 1429 71 25 acting

663 1461 22 21 in
694 1460 60 22 order
763 1459 49 21 that
821 1459 26 21 he
857 1458 68 26 might
934 1457 61 22 teach
1004 1456 71 22 others
1089 1458 23 19 to
1127 1458 41 23 act,
1183 1456 43 21 and

663 1489 27 21 he
699 1487 84 23 became
792 1492 99 21 manager
900 1485 22 22 of
931 1485 70 27 Drury
1013 1485 56 21 Lane
1078 1484 61 22 when
1148 1491 13 15 a
1169 1491 57 15 mero

663 1516 47 25 boy.

688 1543 73 26 Work,
773 1543 104 21 incessant
884 1541 63 25 work,
955 1540 65 22 killed
1028 1540 109 26 Augustus
1143 1539 80 22 Harris.

664 1572 34 21 He
711 1578 43 15 was
769 1569 131 23 determined
915 1571 23 19 to
956 1568 25 22 be
999 1568 36 22 the
1051 1567 120 22 Alexander
1184 1567 43 21 and

663 1599 110 27 Napoleon
787 1599 22 20 of
827 1599 33 20 his
875 1604 35 14 era
924 1597 21 21 in
960 1597 36 21 the
1006 1597 33 20 art
1050 1596 22 21 of
1086 1597 138 20 amusement.

664 1628 34 21 He
714 1633 41 14 was
771 1632 63 15 never
850 1624 55 22 tired
922 1624 23 21 of
962 1624 77 26 having
1056 1630 45 14 new
1115 1623 75 21 worlds
1204 1624 23 19 to

664 1661 97 25 conquer,
776 1660 46 16 new
832 1652 119 23 diiliculties
966 1653 23 20 to
1004 1651 89 22 combat.
1122 1651 103 26 Contrary

664 1686 23 19 to
696 1684 28 21 all
734 1683 72 22 advice
815 1681 41 22 and
867 1681 99 26 warning,
977 1680 26 21 he
1013 1680 127 26 incessantly
1147 1679 79 21 burned

665 1712 36 19 the
710 1710 74 21 candle
793 1711 23 19 at
832 1709 50 20 both
898 1708 58 24 ends,
967 1708 42 19 and
1025 1713 42 14 was
1081 1713 63 14 never
1157 1706 66 25 really

665 1739 70 26 happy
746 1736 69 22 unlcßs
825 1736 26 21 ho
861 1735 41 21 had
916 1735 33 21 far
964 1736 35 19 too
1011 1740 63 20 many
1086 1734 55 21 ironß
1155 1733 21 21 iu
1190 1733 37 21 the

665 1767 43 21 fire.
737 1766 91 21 Because
843 1764 59 21 there
919 1769 53 15 were
986 1769 27 14 no
1029 1769 56 14 more
1100 1768 72 20 operas
1185 1760 42 22 and

665 1795 94 19 theatres
768 1795 23 18 to
800 1798 93 19 manage,
905 1791 26 20 he
946 1790 76 20 turned
1037 1790 33 19 his
1083 1790 107 19 attention
1204 1790 22 19 to

665 1821 38 22 the
712 1820 165 22 entertainment
891 1818 21 21 of
930 1817 88 27 variety,
1034 1816 48 26 and,
1096 1816 56 22 after
1165 1815 61 27 being

665 1849 114 22 connected
790 1847 49 22 witb
850 1847 37 21 the
896 1846 74 22 Palaue
980 1846 96 22 Theatre,
1086 1844 66 22 ended
1162 1851 28 17 up
1203 1851 23 15 as

665 1877 111 26 managing
793 1875 90 21 director
900 1873 22 21 of
940 1873 36 21 the
994 1873 105 26 Olympia,
1117 1872 70 26 giving
1204 1873 22 19 to

665 1904 34 22 lua
712 1903 85 22 brother
810 1901 100 22 directors
924 1901 37 21 the
974 1900 63 21 fruits
1053 1900 22 20 of
1090 1900 32 20 his
1136 1898 78 22 remark-

665 1932 47 23 able
734 1931 126 28 experience,
879 1928 42 22 and
938 1927 64 28 fairly
1020 1927 130 26 astonishing
1167 1926 58 22 them

666 1961 51 20 with
727 1960 32 20 his
767 1958 125 22 marvellous
901 1964 84 19 energy.
1011 1957 68 20 There
1088 1962 62 14 never
1159 1962 41 14 was
1213 1961 13 15 a

667 1988 40 21 less
717 1985 174 22 narrow-minded
900 1990 49 14 man
958 1991 6 17 ;
978 1990 26 14 no
1013 1990 38 14 one
1061 1990 48 14 ever
1119 1982 54 20 lived
1179 1982 47 20 who

667 2022 41 15 was
717 2014 40 21 less
766 2020 12 15 a
792 2014 129 19 time-server
934 2011 42 21 and
990 2010 123 27 sycophant.
1141 2009 34 22 He
1184 2016 42 14 was

666 2042 87 28 popular
769 2040 51 22 with
836 2040 37 21 the
888 2039 69 27 public
971 2039 41 21 and
1022 2037 60 23 loved
1092 2039 22 20 to
1123 2044 34 15 see
1167 2037 58 22 them

665 2070 86 23 amused
756 2070 21 20 in
781 2068 36 22 the
823 2067 46 22 best
875 2067 89 27 possible
970 2068 112 20 maunerat
1089 2065 137 27 thecheapest

666 2098 89 27 possible
762 2098 54 24 cost,
827 2096 38 21 but
876 2096 16 20 it
901 2095 37 21 did
952 2096 36 19 not
998 2094 70 21 follow
1078 2094 49 21 that
1139 2093 87 21 because

667 2127 25 19 he
706 2132 42 14 was
761 2124 37 20 the
813 2124 90 19 director
919 2122 22 20 of
957 2122 78 20 Italian
1051 2127 63 20 opera
1128 2120 42 21 and
1188 2120 37 20 the

667 2153 76 26 largest
753 2150 93 22 theatres
855 2150 22 21 iu
886 2148 86 22 London
982 2148 48 21 that
1035 2148 27 21 he
1071 2147 76 22 ehculd
1156 2147 69 21 refuse

667 2182 22 20 to
703 2180 46 27 give
759 2178 32 22 his
799 2177 35 23 aid
844 2178 22 21 to
875 2176 37 23 the
921 2176 125 22 restoration
1055 2175 41 22 and
1106 2174 109 23 rehabilita-

667 2209 43 19 tion
720 2207 21 21 of
757 2206 37 21 the
803 2212 51 14 once
869 2204 96 26 despised
980 2204 65 21 music
1057 2203 50 21 hall.
1136 2204 43 19 l>ut
1189 2202 36 21 the

666 2234 66 22 result
741 2234 22 20 of
772 2239 39 14 one
820 2238 48 15 man
878 2232 63 25 doing
950 2231 32 20 far
989 2237 56 14 more
1053 2230 52 21 than
1112 2237 38 14 one
1160 2228 65 22 man's

665 2261 90 22 allotted
773 2259 59 27 day's
847 2258 63 26 work,
929 2258 123 26 overtaxing
1070 2258 33 21 his
1121 2257 102 26 strength,

665 2289 88 26 defying
762 2289 81 23 nature,
855 2286 99 26 laughing
963 2287 23 20 at
995 2286 51 24 fate,
1055 2292 42 14 was
1105 2284 118 22 inevitable.

665 2317 40 22 We
728 2316 46 21 who
796 2315 60 22 knew
879 2314 43 22 him
944 2314 42 21 and
1008 2313 60 22 loved
1091 2313 31 21 his
1142 2312 81 28 kindly,

665 2350 107 21 generous,
783 2343 42 21 and
834 2343 136 20 affectionato
986 2343 75 19 nature
1077 2347 42 15 saw
1131 2341 37 20 the
1183 2336 42 25 end

665 2373 37 20 not
711 2378 23 14 so
743 2377 50 20 very
804 2369 32 22 far
845 2369 74 21 ahead.
948 2368 66 27 Again
1025 2368 41 22 and
1081 2368 61 27 again
1151 2368 25 20 he
1187 2367 38 21 fell

664 2401 50 24 sick,
725 2399 61 26 again
795 2397 42 22 and
846 2397 61 26 again
922 2397 26 21 ho
957 2395 117 23 recovered.
1102 2395 123 26 Physicians

663 2427 44 21 and
715 2432 100 19 surgeons
825 2423 82 22 warned
922 2424 44 20 him
975 2430 5 18 ;
995 2424 51 25 they
1056 2423 64 21 dosed
1129 2423 44 21 him
1182 2423 42 21 and

664 2453 100 28 operated
773 2460 27 14 on
809 2452 51 21 him.
888 2451 45 21 But
948 2450 26 22 he
987 2457 41 15 was
1045 2451 37 21 not
1098 2450 36 22 the
1144 2456 48 16 man
1202 2451 23 20 to

663 2482 26 21 be
699 2479 120 28 frightened
834 2486 59 20 away
905 2479 54 21 from
974 2479 37 20 the
1025 2479 38 20 life
1079 2478 48 21 that
1143 2479 22 20 to
1180 2478 43 21 him

665 2510 70 21 mcaut
754 2507 56 22 work
828 2507 42 21 and
888 2506 89 27 nothing
994 2505 39 23 but
1046 2505 62 22 work.
1137 2505 19 22 A
1166 2512 56 19 man,

663 2538 96 21 however
779 2535 96 26 splendid
898 2535 32 20 his
952 2534 140 21 constitution
1119 2541 49 19 may
1191 2533 31 26 be,

663 2565 77 20 cannot
757 2563 26 20 be
801 2569 12 14 a
832 2568 97 20 manager
947 2561 22 21 of
987 2561 81 21 several
1086 2561 94 21 theatres
1202 2561 21 20 in

663 2591 85 23 London
766 2589 42 23 and
826 2589 37 22 the
881 2589 114 27 province',
1014 2595 13 15 a
1044 2588 52 21 civic
1108 2588 114 27 dignitary,

663 2620 37 21 the
722 2620 80 21 Master
823 2618 23 21 of
867 2624 12 15 a
901 2617 44 26 city
968 2623 109 21 company,
1100 2622 13 15 a
1135 2616 89 21 devoted

663 2649 80 22 Mason,
762 2653 28 14 an
806 2646 83 23 author,
908 2644 42 21 and
968 2651 12 14 a
997 2644 84 24 general
1102 2644 82 20 adviser
1202 2646 23 18 to

663 2674 118 26 everybody
800 2673 91 20 without
908 2672 78 26 paying
1008 2671 36 21 the
1067 2671 85 26 penalty
1176 2670 47 26 long

662 2702 71 22 before
743 2702 37 21 the
789 2700 58 22 time.
875 2700 34 21 He
919 2706 42 15 was
974 2706 64 15 never
1053 2698 66 27 really
1135 2699 23 21 at
1173 2700 49 20 rest.

662 2731 61 21 With
741 2728 117 22 shorthand
876 2728 81 21 writers
969 2728 25 20 at
1009 2727 32 20 his
1058 2726 86 21 bedside
1161 2733 62 19 every

662 2758 95 26 morning
766 2756 43 22 and
823 2755 33 21 his
870 2754 66 22 elbow
945 2754 29 22 all
983 2754 48 27 day,
1042 2754 52 21 with
1110 2754 114 21 rehearsals

662 2787 22 19 to
700 2784 74 22 attend
790 2785 22 19 to
826 2782 41 22 and
883 2782 61 26 plays
959 2783 22 19 to
996 2782 60 20 write
1070 2781 41 21 and
1129 2787 93 20 arrange,

662 2813 52 21 with
732 2811 37 22 the
787 2810 127 26 everlasting
931 2809 72 26 Drury
1026 2809 48 20 lane
1096 2808 128 27 pantomime

661 2847 49 15 ever
719 2840 22 20 in
750 2839 33 21 his
797 2837 61 24 head,
874 2836 41 22 and
930 2843 48 14 ever
992 2836 131 21 determined
1139 2838 22 18 to
1175 2835 49 21 beat

663 2867 31 21 his
703 2873 47 15 own
759 2865 78 23 record,
848 2863 52 21 with
909 2870 27 14 an
946 2863 167 26 uucowjuerablc
1128 2863 61 26 spirit
1201 2862 23 20 of

662 2895 132 21 jestlcssncss
803 2892 48 22 that
867 2891 63 21 drove
946 2891 44 21 him
1006 2896 38 15 one
1060 2889 41 27 day
1118 2891 23 19 to
1156 2889 65 25 Paris,

661 2922 38 20 the
715 2921 51 21 next
781 2921 23 19 to
818 2919 90 23 Vienna,
924 2918 38 20 the
976 2917 58 21 third
1053 2919 21 18 to
1093 2917 72 24 Rome,
1181 2917 42 20 and

662 2949 61 20 when
732 2948 61 21 home
806 2945 61 28 again
883 2952 29 17 up
926 2945 22 22 to
964 2944 223 25 Newcastle-on-Tyne
1201 2950 22 14 or

663 2975 129 27 Edinburgh,
804 2975 17 21 it
831 2975 16 20 is
857 2981 13 14 a
880 2973 83 22 miracle
977 2973 48 21 that
1034 2973 26 21 he
1069 2971 36 23 did
1115 2973 37 21 not
1161 2971 62 22 break

664 3004 61 21 down
734 3003 48 25 long
792 3001 76 21 before.
896 3000 40 22 We
953 3000 46 20 who
1015 2999 93 21 watched
1124 2999 43 21 him
1182 2999 42 21 and

664 3037 54 14 were
727 3027 120 28 constantly
858 3027 52 21 with
919 3027 43 21 him
973 3033 41 14 saw
1024 3026 51 21 with
1089 3026 66 21 alarm
1164 3026 60 20 those

664 3056 81 23 sudden
762 3056 92 27 sleeping
869 3055 34 21 fits
919 3055 21 20 in
955 3054 37 21 the
1009 3053 78 21 middle
1101 3053 23 21 of
1139 3060 27 14 an
1181 3053 33 21 ani-

665 3084 71 23 mated
745 3082 150 25 conversation,
906 3081 42 22 and
957 3081 91 21 foretold
1058 3081 36 21 the
1104 3080 57 27 early
1171 3081 54 21 close

665 3113 22 22 of
700 3120 12 14 a
721 3119 50 19 very
781 3110 125 23 marvellous
915 3116 75 14 career.

691 3140 43 21 But
743 3145 38 15 our
790 3138 52 26 grief
851 3138 18 20 is
879 3139 36 18 not
930 3136 37 21 the
983 3136 40 21 less
1038 3136 106 27 poignant,
1155 3142 39 14 nor
1209 3136 17 20 is

665 3174 38 15 our
729 3168 68 24 regret
824 3165 37 20 the
888 3164 40 21 less
950 3164 85 24 sincere,
1050 3170 46 13 now
1119 3163 48 20 that
1189 3163 38 20 the

667 3194 113 23 inevitable
794 3193 38 20 has
848 3191 88 22 arrived.
969 3191 44 20 The
1033 3189 194 27 English-speaking

667 3222 65 22 world
748 3222 39 21 has
802 3220 42 21 lost
859 3220 21 21 in
896 3220 109 26 Augustus
1020 3218 75 21 Harris
1107 3225 12 14 a
1133 3224 50 19 very
1197 3224 20 14 re-

668 3249 106 23 markable
794 3255 55 17 man,
872 3254 13 15 a
907 3246 97 28 splendid
1026 3246 95 21 instance
1143 3245 21 22 of
1191 3244 37 22 the

667 3279 91 26 pioneer,
769 3277 37 20 the
815 3276 153 25 temperament
978 3274 21 21 of
1011 3280 27 15 an
1047 3273 75 21 ardent
1131 3273 95 25 colonist,

668 3306 32 20 for
716 3305 26 21 he
756 3303 63 21 broke
835 3309 46 14 new
897 3301 81 27 ground
992 3300 139 26 everywhere,
1148 3306 27 15 an
1191 3306 24 14 un-

670 3332 98 26 flinching
783 3331 113 23 character,
913 3329 42 21 and
969 3335 39 15 one
1023 3328 46 21 who
1079 3328 42 21 will
1131 3328 40 21 live
1181 3327 47 27 long

669 3361 22 21 in
700 3361 37 21 the
747 3360 80 24 history
837 3357 23 22 of
875 3357 36 21 the
926 3356 87 27 English
1029 3357 58 25 stage
1101 3355 41 22 and
1157 3356 21 20 in
1192 3355 36 21 the

671 3394 92 19 memory
781 3386 23 21 of
820 3385 38 21 the
876 3384 86 26 healthy
985 3385 142 20 amusements
1148 3383 23 21 of
1192 3383 37 21 the

670 3415 78 27 people.
777 3414 44 20 But
834 3413 33 20 his
883 3412 41 20 loss
940 3413 22 19 to
976 3411 33 20 his
1025 3411 79 20 friends
1117 3411 42 20 and
1175 3417 40 13 com-

670 3442 59 22 rades
746 3441 46 21 who
806 3446 35 16 are
857 3439 39 21 left
912 3438 77 22 behind
1004 3438 17 21 is
1031 3439 23 20 to
1063 3438 58 21 them
1131 3437 33 22 far
1173 3444 56 14 more

670 3471 35 19 sad
721 3469 42 21 and
779 3467 131 26 irreparable.
938 3467 19 19 A
973 3466 75 23 better,
1059 3467 63 22 truer,
1140 3472 24 14 or
1173 3472 56 14 more

670 3496 87 21 faithful
774 3494 69 21 friend
858 3494 22 20 iu
889 3499 80 14 success
978 3492 42 21 and
1028 3492 107 25 adversity
1145 3499 27 13 no
1181 3498 48 14 man

670 3531 49 15 ever
734 3522 49 23 had.
811 3521 71 23 When
896 3521 25 21 he
936 3527 51 15 once
995 3519 87 28 grasped
1092 3519 36 22 the
1138 3519 56 22 hand
1204 3519 25 21 he

670 3550 127 23 anderstood
815 3550 36 21 the
870 3549 96 26 meaning
983 3549 22 20 of
1023 3547 49 22 that
1087 3547 56 22 hand
1161 3554 67 20 grasp,

670 3579 43 22 and
728 3585 62 15 never
805 3577 50 22 took
871 3577 17 20 it
903 3576 56 22 back.
988 3575 85 27 Lightly
1088 3580 42 16 rest
1140 3575 36 21 the
1185 3575 44 21 turf

670 3608 65 21 above
752 3606 51 23 him,
822 3605 37 21 the
877 3605 54 20 most
947 3603 56 28 loyal
1021 3603 22 21 of
1061 3602 112 26 comrades,
1194 3603 35 21 the

671 3636 55 21 most
744 3632 100 23 unselfish
862 3632 22 21 of
903 3638 54 18 men,
976 3631 37 20 the
1034 3630 47 21 best
1098 3631 22 20 of
1138 3630 91 27 friends!

743 3668 41 15 was
799 3667 12 15 a
826 3665 55 19 man,
893 3658 48 22 take
958 3658 43 21 him
1018 3658 31 21 for
1058 3658 28 21 all
1097 3658 21 21 in
1127 3657 35 22 all.
1191 3657 38 22 We

671 3689 53 23 shall
734 3690 37 21 not
781 3687 47 22 look
837 3693 56 20 upon
903 3686 32 21 his
945 3686 41 21 like
995 3686 60 26 again

777 3719 169 18 PROFESSIONAL
962 3719 162 17 PHILATELISTS

699 3746 72 24 Those
782 3744 50 24 who
842 3751 58 15 were
911 3743 46 23 like
970 3743 81 29 myself
1061 3743 71 22 under
1142 3743 39 22 the
1192 3743 25 22 im-

671 3778 100 30 pression
787 3776 53 23 that
855 3775 40 23 the
912 3782 62 14 craze
984 3773 35 23 for
1028 3776 74 26 stamp
1113 3773 118 28 collecting

671 3808 45 23 had
727 3806 78 24 waned
822 3809 23 19 to
862 3805 96 29 nothing
975 3811 51 21 may
1036 3803 27 23 be
1076 3803 113 30 surprised
1208 3806 23 20 to

671 3840 62 22 learn
753 3838 52 22 that
824 3838 63 21 there
912 3843 37 14 are
973 3835 48 22 still
1045 3834 52 30 fifty
1116 3834 116 23 first-class

672 3869 61 23 firms
743 3868 22 22 in
780 3866 90 23 London
887 3866 64 22 alone
968 3865 99 29 engaged
1085 3865 22 21 in
1125 3865 38 21 the
1173 3864 47 22 busi-

671 3906 58 20 ness,
741 3897 44 24 and
796 3895 124 25 thousands
930 3895 23 23 of

672 3935 71 23 peers,
756 3928 75 28 <J.C.s,
843 3927 94 27 officers,
949 3925 96 28 doctors,
1057 3925 44 22 and
1112 3925 118 22 solicitors.

673 3960 47 23 The
738 3958 82 24 annual
841 3960 107 20 turnover
967 3955 24 24 of
1010 3956 37 23 Mr
1069 3955 96 28 Palmer,
1182 3955 51 23 who

673 3991 40 22 has
728 3989 40 24 the
783 3988 72 23 oldest
876 3987 101 23 business
997 3987 22 21 in
1040 3986 38 23 the
1095 3986 72 27 trade,
1181 3993 52 15 runs

673 4021 48 22 into
737 4026 67 26 many
820 4017 124 24 thousands
960 4017 22 22 of
999 4016 93 29 pounds.
1125 4016 42 23 His
1184 4023 37 20 pre-

672 4053 51 19 sent
738 4048 65 23 stock
820 4049 19 20 is
854 4048 73 21 worth
939 4048 101 25 £OO,OOO.
1072 4047 76 21 Asked
1165 4047 29 27 by
1205 4053 28 14 an

673 4079 143 24 interviewer
833 4076 100 30 recently
944 4078 23 21 to
984 4076 87 23 furnish
1088 4083 60 15 some
1158 4076 65 22 statis-

674 4111 49 28 tics,
742 4110 28 23 he
787 4108 65 24 said:
894 4107 81 29 Thirty
993 4114 64 22 years
1074 4114 49 23 ago,
1142 4106 64 23 when
1222 4106 11 23 I

674 4149 45 16 was
730 4141 38 23 the
778 4140 53 27 only
841 4142 75 26 stamp
926 4138 75 23 dealer
1018 4138 22 22 in
1052 4137 99 28 London,
1164 4137 11 23 I
1186 4137 47 23 sold

673 4172 71 22 about
754 4172 78 25 10,000
848 4171 86 27 stamps
943 4175 13 16 a
966 4175 53 22 year
1029 4176 6 18 ;
1050 4168 45 23 last
1104 4175 61 21 year,
1177 4167 56 22 with

674 4208 67 22 many
758 4199 153 29 competitors,
928 4198 12 21 I
959 4198 48 22 sold
1027 4205 53 14 over
1099 4205 13 14 a
1132 4196 102 23 hundred

881 4227 103 25 hundred

675 4266 60 21 most
751 4262 23 23 of
789 4261 61 24 them
868 4261 23 22 in
911 4260 60 30 large
991 4259 99 28 batches,
1109 4259 23 22 of
1149 4266 83 15 course.

674 4295 48 19 One
732 4297 113 16 customer
854 4291 64 20 alone
928 4290 86 27 bought
1024 4292 130 22 '20,000,000
1163 4289 23 20 of
1196 4289 39 20 the

675 4327 126 17 commoner
812 4318 105 24 varieties
927 4318 34 23 for
968 4318 110 22 America.
1101 4316 36 23 He
1145 4316 90 23 wanted

676 4352 62 24 them
749 4354 23 21 to
783 4358 69 23 paper
863 4349 39 24 the
909 4348 62 24 walls
982 4348 22 24 of
1015 4348 79 24 houses
1105 4346 44 26 and
1160 4346 75 31 public

676 4383 120 29 buildings.
828 4381 48 24 The
895 4381 72 28 prices
987 4379 23 23 of
1029 4386 95 21 average
1143 4378 93 23 batches

676 4421 38 15 are
733 4413 57 23 from
815 4413 96 26 £IO,OOO
935 4414 23 20 to
982 4411 89 27 £'2,000.
1102 4409 48 22 The
1174 4408 62 23 walls

676 4444 23 24 of
718 4443 47 24 this
784 4449 69 21 room,
874 4448 44 23 you
943 4448 43 20 see,
1005 4447 38 16 are
1062 4438 98 31 papered
1180 4438 56 23 with

676 4477 92 26 stamps.
800 4473 62 26 They
873 4478 37 16 arc
920 4471 30 22 all
960 4470 156 26 counterfeits,
1127 4469 45 22 and
1182 4469 54 28 they

677 4504 93 23 number
781 4503 84 28 70,000.
897 4501 22 23 If
936 4501 55 29 they
1001 4507 58 16 were
1076 4499 96 31 genuine
1182 4499 54 29 they

676 4534 76 24 would
772 4534 27 23 be
818 4533 73 23 worth
911 4540 14 15 a
944 4532 86 23 million
1052 4530 94 30 pounds.
1177 4529 60 24 That

677 4573 48 16 sum
765 4564 40 23 has
847 4563 55 23 been
946 4561 53 31 paid
1037 4562 35 22 for
1109 4561 63 23 them
1207 4560 31 29 by

677 4595 121 30 somebody
822 4602 25 15 or
875 4593 72 28 other,
974 4600 24 15 so
1027 4592 52 23 that
1106 4592 47 23 this
1176 4598 61 16 room

677 4627 65 23 alone
752 4627 127 29 represents
889 4623 106 24 swindles
1010 4625 23 22 to
1043 4623 39 23 the
1098 4624 79 22 extent
1188 4621 22 24 of
1225 4629 13 14 a

678 4658 86 23 million
947 4654 58 23 How
1014 4654 28 23 do
1048 4662 45 21 you
1101 4655 67 21 count
1175 4652 63 23 these

680 4690 50 19 vast
740 4686 140 29 quantities'.'
890 4682 4 33 :
897 4682 4 33 '
996 4683 85 28 weight
1091 4683 23 21 in
1122 4682 65 22 sacks
1193 4682 23 21 of
1226 4689 13 13 a

680 4715 126 25 thousand/
810 4715 5 10 1
872 4714 70 23 What
955 4720 38 16 are
1001 4713 39 22 the
1050 4715 59 20 most
1118 4711 121 30 expensive

938 4744 23 21 of
986 4744 38 21 the
1043 4743 120 21 American
1183 4742 55 21 local

681 4776 105 22 varieties
797 4774 60 23 fetch
869 4774 57 22 from
942 4774 59 22 £'2so
1017 4775 24 20 to
1054 4774 65 21 £SOO.
1151 4772 21 21 A
1191 4771 49 29 pair

681 4807 23 22 of
714 4809 51 27 post
775 4805 63 23 office
848 4804 123 23 Mauritius
981 4810 38 16 are
1029 4802 73 23 worth
1114 4803 82 26 £6,000
1206 4810 5 18 ;
1227 4809 13 14 a

681 4840 35 19 set
733 4836 23 22 of
774 4835 39 23 the
831 4835 43 22 five
894 4834 85 23 British
996 4833 95 27 <iuiaua,
1104 4832 49 22 first
1172 4832 66 26 issue,

683 4868 61 26 1850,
755 4866 46 22 will
819 4864 61 23 fetch
894 4864 87 27 £I,OOO.
1013 4863 28 22 Of
1059 4869 84 20 course,
1154 4862 86 28 stamps

682 4899 61 21 must
767 4896 26 23 be
813 4895 23 23 in
862 4894 84 24 'mint'
966 4893 88 31 perfect
1077 4891 114 25 condition
1217 4894 24 19 to

683 4927 78 24 realise
781 4927 62 23 these
867 4925 79 31 prices.
985 4924 48 24 The
1057 4925 59 21 most
1137 4921 104 24 valuable

683 4958 94 28 English
801 4960 74 25 stamp
899 4956 19 22 is
942 4955 39 23 the
1010 4954 129 29 ninepenuy
1163 4955 65 19 straw-

683 4986 89 24 colored
782 4986 94 27 Queen's
887 4985 57 23 head
954 4984 57 23 with
1025 4984 49 21 hair
1085 4983 44 22 line
1139 4982 23 21 of
1174 4983 25 20 IS
1204 4983 23 20 12
1236 4989 5 19 ;

683 5018 52 22 that
745 5017 18 23 is
773 5016 74 24 worth
979 5014 47 24 Can
1036 5021 45 23 you
1093 5012 40 23 tell
1151 5019 42 19 me,
1207 5011 35 23 Mr

683 5048 96 26 Palmer,
791 5047 73 22 which
880 5047 19 22 is
914 5045 112 30 supposed
1043 5047 24 20 to
1083 5043 28 23 be
1127 5043 39 22 the
1177 5042 66 22 finest

683 5077 129 24 collections
822 5078 23 22 in
860 5076 40 24 the
1127 5072 114 27 Ferraris,

685 5110 22 21 in
726 5108 69 28 Paris,
808 5109 18 21 is
843 5108 38 22 the
897 5108 68 21 finest
980 5107 22 22 of
1022 5106 37 22 all.
1091 5104 23 22 It
1134 5104 19 21 is
1169 5103 73 22 worth

685 5138 116 27 £250,000,
813 5137 44 22 and
867 5137 103 21 contains
987 5136 70 22 about
1071 5134 93 26 250,000
1174 5133 56 27 speci-

686 5174 67 16 mens.
790 5166 37 23 Mr
843 5166 88 23 Ferrari
954 5172 56 23 pays
1026 5172 14 15 a
1055 5165 114 26 secretary
1185 5163 58 21 £SOO

685 5206 14 16 a
718 5205 53 24 year
789 5200 23 21 to
829 5196 58 32 keep
903 5197 39 24 the
959 5195 118 26 collection
1093 5201 30 23 up
1141 5195 24 21 to
1181 5191 60 25 date.

686 5230 47 22 The
751 5229 65 21 Duke
831 5229 24 21 of
871 5228 82 22 York's
970 5229 18 20 is
1005 5226 82 23 valued
1105 5229 25 18 at
1142 5224 101 22 between

686 5260 96 25 £30,000
791 5257 43 24 and
846 5259 102 28 £40,000,
960 5257 38 23 Mr
1011 5254 154 26 Rothschild's
1175 5253 68 23 about

687 5290 116 28 £IOO,OOO,
830 5290 38 21 the
899 5289 46 22 late
973 5288 74 23 Czar's
1071 5286 117 26 £l-30,000.
1233 5283 11 23 I

687 5320 85 22 believe
782 5319 39 22 the
836 5319 44 22 last
897 5318 18 22 is
927 5325 50 14 now
994 5318 40 22 the
1049 5317 108 28 property
1167 5314 23 22 of
1207 5315 38 21 the

687 5357 50 15 new
760 5348 61 24 Czar.
862 5348 52 22 And
939 5348 52 22 that
1015 5345 98 25 reminds
1137 5351 35 16 me
1194 5343 51 24 that

687 5380 117 23 collectors
813 5386 38 16 are
861 5378 122 29 clamoring
1000 5377 34 23 for
1052 5385 12 15 a
1081 5383 49 16 new
1149 5374 96 24 Russian

687 5414 81 26 6tamp.
800 5410 20 21 A
836 5408 176 23 whole-hearted
1031 5406 127 31 philatelist
1174 5405 71 22 revels

688 5441 23 24 in
731 5439 170 24 assassinations
920 5438 44 23 and
984 5437 80 24 deaths
1083 5436 24 23 of
1130 5434 115 23 monarchs

688 5471 44 24 and
742 5469 209 32 presidents—they
962 5475 64 16 mean
1036 5475 13 16 a
1059 5473 49 18 new

890 5545 49 24 said
959 5553 13 15 a
991 5544 115 30 neighbor,
1191 5548 56 23 your

688 5579 75 23 father
787 5580 25 21 at
1075 5573 48 24 said
1139 5572 106 26 Johnnie,

690 5609 69 22 "he's
776 5611 41 20 out
835 5608 23 22 in
873 5608 39 22 the
923 5607 38 29 pig
971 5613 42 22 pen
1024 5614 5 16 ;
1045 5604 68 30 you'll
1125 5604 66 22 know
1201 5602 46 21 him

690 5640 73 22 'cause
773 5638 46 23 he's
829 5640 40 28 got
879 5637 35 22 his
924 5637 41 22 hat

743 5668 60 23 Whv
815 5668 52 22 does
878 5667 39 22 she
928 5666 42 23 call
981 5666 40 21 her
1031 5664 85 23 bonnet
1126 5671 13 14 a
1150 5668 64 23 poem

716 5700 10 23 I
738 5692 63 31 don'l
812 5698 73 27 know,
898 5697 74 23 unless
982 5696 19 22 it
1012 5695 26 23 be
1049 5695 22 22 in
1081 5693 67 24 order
1158 5694 24 20 to
1196 5690 52 24 take

690 5732 127 28 advantage
834 5729 23 22 of
873 5729 38 22 the
927 5727 74 30 poetic
1145 5722 102 29 Charity,

690 5762 23 23 in
725 5762 39 22 the
773 5758 141 27 meanwhile,
934 5764 45 16 was
996 5757 105 28 covering
1115 5755 47 24 sins
1179 5760 31 25 up
1226 5756 22 20 Vj

690 5781 44 38 aii'l
746 5789 116 36 including
871 5788 31 25 its
912 5787 41 27 full
963 5786 110 33 capacity.

1345 186 244 32 AUSTRALIAN
1608 185 123 29 NOTES.

1286 269 38 24 Mr
1335 268 67 26 Crick
1411 268 21 24 is
1441 267 90 32 waging
1545 274 47 16 war
1606 265 90 32 against
1707 264 39 25 the
1756 271 49 25 prac-

1258 302 45 22 tice
1320 301 97 29 relating
1434 302 24 21 to
1474 306 50 16 new
1542 297 64 25 trials
1621 299 23 22 in
1662 297 39 24 the
1711 296 106 31 Supreme

1258 332 71 22 Court
1339 332 23 21 of
1370 330 57 24 New
1438 329 72 24 South
1523 329 81 22 Wales.
1637 327 80 28 These,
1729 327 76 22 accord-

1257 361 39 30 ing
1306 363 24 21 to
1341 361 51 23 that
1402 360 136 31 gentleman,
1550 358 51 24 who
1616 358 19 24 is
1650 365 13 16 a
1680 358 84 30 lawyer
1774 356 43 24 and

1257 392 51 22 who
1317 391 73 30 ought
1399 395 25 19 to
1434 391 75 26 know,
1517 397 39 15 are
1565 389 160 27 cumbersome,
1736 388 81 29 costly,

1257 421 44 22 and
1318 421 89 29 greatly
1424 420 85 23 behind
1526 420 39 22 the
1581 419 65 23 other
1662 418 97 23 colonies
1773 413 44 27 and

1258 450 110 30 England.
1406 450 100 22 Premier
1520 449 58 22 Reid
1596 449 19 22 is
1631 449 95 22 anxious
1744 450 23 19 to
1782 454 35 15 see

1256 480 40 24 the
1307 479 73 24 whole
1397 482 84 21 matter
1491 479 23 24 of
1531 479 44 24 law
1591 478 83 25 reform
1688 476 62 25 dealt
1761 477 56 23 with

1257 511 215 28 comprehensively,
1484 510 44 23 and
1540 511 90 21 assured
1642 509 38 23 Air
1690 508 67 24 Crick
1766 508 51 23 that

1257 541 17 22 if
1289 541 64 22 there
1370 548 46 15 was
1432 540 113 30 anything
1561 539 57 31 good
1636 540 23 22 in
1676 539 39 23 the
1729 538 46 24 Bill
1790 538 27 22 he

1256 570 110 30 proposed
1378 571 40 23 the
1427 570 156 23 Government
1592 569 76 24 would
1677 569 78 31 gladly
1764 568 53 24 take

1256 602 19 22 it
1291 602 59 22 from
1361 602 53 21 him.
1448 601 144 28 Encouraged
1611 600 30 29 by
1653 600 47 23 this
1716 606 101 16 measure

1256 631 23 23 of
1294 638 95 21 success,
1402 630 37 24 Mr
1456 630 68 24 Crick
1539 633 57 20 next
1612 629 81 23 moved
1712 629 63 23 leave
1794 632 23 20 to

1256 661 119 24 introduce
1392 668 13 16 a
1422 661 46 23 Bill
1486 664 24 20 to
1525 660 88 23 abolish
1630 660 39 24 the
1681 659 136 24 Ministerial

1256 693 73 22 offices
1340 692 22 23 of
1378 691 221 30 Attorney-General
1609 690 44 23 and
1669 690 148 23 Postmaster-

1255 722 104 27 General,
1380 722 45 22 and
1442 722 98 22 transfer
1558 722 38 21 the
1615 721 88 22 latter's
1726 720 78 29 depart-

1256 755 63 20 ment
1335 755 22 20 to
1375 751 39 23 the
1431 751 87 23 control
1534 751 23 22 of
1573 750 79 23 Public
1667 749 148 28 Instruction,

1256 783 44 22 and
1312 785 74 20 create
1403 790 13 14 a
1432 781 151 30 Department
1593 780 23 22 of
1630 779 117 30 Industry.
1780 779 37 23 Mr

1255 812 67 24 Crick
1333 811 103 31 objected
1446 814 23 21 to
1477 811 38 23 the
1521 809 221 31 Attorney-General
1750 809 67 31 beißg

1255 851 13 14 a
1279 842 102 30 political
1391 842 83 27 officer,
1486 840 45 24 and
1547 840 71 30 urged
1629 840 52 23 that
1692 840 39 23 the
1741 839 76 24 duties

1255 872 81 23 should
1345 873 25 21 be
1380 871 142 23 undertaken
1529 870 30 30 by
1566 878 14 15 a
1585 874 134 26 permanent
1726 870 88 23 official.

1255 903 47 22 The
1319 903 101 22 Premier
1437 902 73 22 threw
1526 908 14 16 a
1556 905 45 18 wet
1621 900 94 23 blanket
1731 908 28 15 on
1777 901 40 22 the

1255 932 87 29 project
1352 932 30 28 by
1392 932 81 28 saying
1488 931 59 27 that,
1560 930 67 23 while
1643 931 27 21 he
1685 930 76 22 would
1775 932 42 20 not

1254 969 82 22 oppose
1367 962 37 22 the
1435 960 163 27 introduction,
1624 960 28 22 he
1683 960 133 29 questioned

1254 992 109 27 whether,
1383 991 65 23 when
1464 990 142 28 introduced,
1623 990 20 22 it
1660 990 75 22 would
1751 990 27 22 be
1792 990 24 22 in

1253 1023 72 21 order.
1367 1021 47 23 The
1432 1021 120 29 Assembly
1569 1020 106 30 formally
1695 1020 82 30 agreed
1792 1023 25 20 to

1253 1052 40 22 the
1303 1051 91 23 motion.

1281 1082 21 22 A
1312 1087 116 23 gruesome
1438 1082 63 28 story
1512 1080 103 23 attaches
1625 1082 25 21 to
1664 1080 39 23 the
1714 1079 69 24 death
1793 1080 24 23 of

1253 1118 13 16 a
1290 1118 87 16 woman
1397 1111 72 30 living
1488 1113 25 20 at
1533 1110 106 28 Newton,
1655 1117 15 15 a
1688 1109 86 23 suburb
1793 1110 24 22 of

1254 1141 98 33 Sydney.
1394 1141 44 26 She
1458 1141 36 24 led
1515 1149 13 16 a
1547 1140 76 32 lonely
1640 1140 48 31 life,
1709 1139 44 26 and
1770 1147 46 18 was

1253 1174 64 29 lying
1333 1173 58 24 dead
1408 1174 34 23 for
1459 1181 13 14 a
1487 1173 63 23 week
1568 1173 76 23 before
1661 1173 40 22 she
1716 1179 45 16 was
1771 1172 33 23 dis-

1254 1204 100 21 covered.
1387 1204 49 20 Her
1453 1204 53 26 only
1517 1204 139 26 companion,
1669 1211 14 13 a
1692 1202 66 22 black
1770 1205 44 24 cat,

1254 1239 44 14 was
1309 1231 69 22 found
1390 1231 110 22 crouched
1511 1238 28 14 on
1550 1231 39 21 the
1600 1231 50 21 bed.

1281 1262 85 22 Father
1376 1262 74 27 Allen,
1463 1262 58 27 who,
1533 1265 25 19 at
1574 1261 39 23 the
1623 1265 92 26 request
1724 1261 24 23 of
1762 1261 40 24 Car-

1253 1292 62 22 dinal
1334 1292 118 28 Vaughan,
1470 1292 19 21 is
1506 1292 94 28 visiting
1617 1291 31 22 all
1663 1291 39 22 the
1713 1292 102 21 missions

1253 1321 74 24 which
1352 1321 113 30 recognise
1491 1321 32 23 St.
1549 1320 106 31 Joseph's
1679 1320 136 32 Missionary

1253 1352 98 30 College,
1364 1352 51 23 Mill
1431 1352 57 28 Hill,
1509 1351 100 28 London,
1621 1359 24 16 as
1659 1352 61 23 their
1730 1354 84 25 centre,

1253 1383 42 24 left
1307 1383 90 30 Sydney
1413 1383 29 29 by
1458 1383 40 22 the
1510 1383 120 22 Tasmania
1640 1382 35 23 for
1685 1382 128 24 Auckland.

1282 1414 27 23 In
1319 1414 97 30 opening
1427 1414 39 23 the
1484 1420 49 16 oase
1543 1413 36 23 for
1595 1413 40 23 the
1644 1414 82 22 Crown
1742 1414 23 22 in
1776 1414 39 22 the

1254 1445 92 29 charges
1356 1445 90 29 against
1456 1444 39 22 the
1505 1443 53 30 City
1569 1443 23 23 of
1603 1443 132 23 Melbourne
1750 1443 65 23 Bank

1255 1475 116 28 directors,
1385 1474 38 24 the
1434 1474 80 24 Crown
1533 1473 134 24 Prosecutor
1676 1473 77 24 stated
1764 1474 51 24 that

1255 1506 64 23 three
1335 1505 118 23 firms—D.
1472 1505 91 28 Munro,
1580 1505 67 27 Fink,
1659 1505 44 22 and
1721 1505 94 30 Fergus-

1255 1544 39 15 Bon
1319 1536 43 23 and
1387 1535 193 24 Mitchell—were
1599 1535 108 24 indebted
1733 1538 24 20 to
1777 1535 38 23 the

1255 1574 118 16 enormous
1392 1568 94 21 amouut
1505 1566 23 23 of
1548 1566 119 27 £949,000,
1689 1565 67 23 while
1777 1565 38 23 the

1255 1597 79 23 bank's
1344 1597 72 22 whole
1426 1597 84 29 capital
1522 1604 45 15 was
1578 1596 47 23 half
1639 1604 14 15 a
1663 1596 93 23 millioß.
1787 1595 28 23 In

1255 1627 78 23 Fink's
1343 1634 50 16 case
1410 1628 38 21 the
1467 1626 92 23 London
1570 1626 64 23 office
1644 1626 70 23 wired
1725 1628 24 21 to
1760 1626 42 22 Mel-

1255 1658 84 24 bourne
1350 1656 4 31 :
1397 1658 45 23 Are
1458 1665 44 22 you
1519 1656 106 25 involved
1642 1656 81 24 failure
1740 1656 75 24 Kink'.'

1256 1690 72 22 What
1495 1689 47 22 The
1558 1689 64 28 reply
1642 1696 59 15 was:-

1255 1719 61 22 draft
1332 1719 44 22 and
1396 1719 132 22 documents
1552 1718 103 26 £57,000.
1693 1719 45 20 Are
1757 1717 58 29 fully

1402 1749 32 22 At
1444 1748 52 23 that
1507 1748 54 23 time
1569 1747 78 24 Fink's
1657 1746 158 25 indebtedness

1255 1787 45 15 was
1326 1780 110 27 £197,000
1460 1779 89 22 instead
1573 1779 24 21 of
1621 1779 102 26 £57,000.
1768 1778 47 22 The

1255 1809 135 30 liquidators
1415 1816 57 15 were
1492 1811 40 20 not
1551 1807 51 25 able
1622 1811 24 20 to
1665 1814 91 16 recover
1774 1814 41 16 one

1255 1848 74 23 penny
1340 1840 44 23 due
1395 1840 29 30 by
1436 1840 62 23 these
1509 1839 68 29 firms,
1589 1839 45 24 and
1644 1839 75 24 would
1730 1839 27 23 be
1764 1838 51 31 glad

1255 1879 29 15 no
1294 1871 72 22 doubt
1376 1873 24 20 to
1410 1870 41 23 sell
1462 1871 38 22 the
1510 1870 67 23 debts
1590 1870 35 23 for
1635 1877 13 16 a
1658 1877 75 22 penny
1743 1870 24 23 in
1778 1870 37 23 the

1254 1900 83 31 pound.

1282 1931 80 24 Before
1399 1931 38 23 the
1475 1930 99 24 Mildura
1603 1930 147 24 Commission
1779 1929 36 24 Mr

1254 1963 87 29 George
1355 1962 93 28 Chaiiey
1466 1962 57 27 said,
1540 1963 23 21 in
1580 1962 63 29 reply
1662 1965 24 19 to
1698 1961 117 24 Cureton's

1254 1992 114 28 evidence,
1381 1992 51 22 that
1443 1992 27 22 he
1481 1999 68 15 never
1559 1992 44 21 had
1615 1998 44 22 any
1670 1991 112 22 intention
1793 1991 22 22 of

1254 2022 119 30 obtaining
1383 2029 79 23 money
1472 2021 58 23 from
1547 2023 38 21 the
1600 2021 80 30 colony
1695 2021 30 30 by
1735 2020 67 24 under-

1255 2053 60 22 hand
1340 2060 82 15 means.
1467 2052 44 23 His
1535 2052 53 30 only
1608 2054 75 28 regret
1707 2059 46 15 was
1777 2051 38 23 the

1255 2084 105 30 ignorant
1383 2085 53 28 part
1460 2082 82 31 played
1560 2082 29 30 by
1609 2082 99 24 Cureton
1733 2082 23 23 in
1780 2081 35 24 his

1254 2114 112 22 endeavor
1383 2118 24 18 to
1427 2114 51 22 ruin
1494 2114 39 22 the
1549 2114 131 28 enterprise.
1717 2112 37 22 He
1771 2112 44 22 had

1254 2143 92 23 severed
1357 2143 35 23 his
1402 2143 132 23 connection
1549 2143 56 23 with
1622 2143 52 22 that
1687 2142 128 29 gentleman

1253 2176 24 21 at
1298 2174 39 23 the
1357 2174 91 23 earliest
1467 2176 106 21 moment.
1620 2173 36 23 He
1675 2172 81 23 denied
1777 2172 38 23 the

1253 2207 125 20 statement
1395 2204 52 23 that
1464 2204 120 22 Patterson
1601 2203 45 22 had
1663 2203 45 23 lost
1725 2204 88 26 £5,000.

1254 2234 35 22 He
1301 2234 100 23 received
1413 2234 52 22 cash
1482 2234 35 22 for
1533 2234 97 22 services
1646 2232 109 23 rendered
1771 2232 44 22 and

1253 2265 66 22 other
1338 2265 85 27 claims,
1444 2263 45 23 and
1509 2263 58 23 from
1592 2263 39 23 the
1650 2263 46 23 sale
1716 2263 23 23 of
1763 2262 52 23 land

1254 2295 89 28 £7,984,
1355 2295 60 29 scrip
1426 2296 23 21 to
1461 2294 38 23 the
1510 2294 65 23 value
1593 2294 23 22 of
1633 2294 103 28 £24,800,
1748 2293 45 22 and
1803 2300 12 15 a

1253 2326 47 22 free
1317 2326 69 22 house
1403 2326 35 22 for
1455 2325 43 22 five
1516 2332 71 22 years.
1628 2324 48 23 The
1693 2326 122 21 statement

1253 2356 135 29 concerning
1398 2355 39 22 the
1455 2355 139 29 duplication
1612 2354 23 22 of
1651 2354 109 23 vouchers
1770 2361 45 15 was

1253 2394 13 15 a
1277 2394 55 22 pure
1352 2386 126 27 invention,
1495 2385 45 23 and
1557 2385 39 24 the
1614 2384 77 24 threat
1708 2388 25 20 to
1750 2383 65 25 shoot

1254 2417 119 22 Patterson
1394 2423 46 15 was
1460 2416 90 29 equally
1569 2417 89 21 untrue.
1700 2414 36 23 He
1756 2414 48 23 chal-

1253 2446 79 31 lenged
1343 2446 40 23 the
1393 2446 147 24 Commission
1552 2447 24 21 to
1590 2444 87 31 compel
1695 2444 120 24 Patterson

1253 2479 23 20 to
1287 2476 66 23 make
1363 2484 29 15 an
1402 2476 103 23 affidavit
1520 2475 100 30 defining
1635 2476 39 22 the
1689 2475 93 30 charges
1793 2475 22 23 of

1252 2507 66 23 fraud

1280 2538 115 29 Speaking
1405 2538 83 29 during
1505 2537 38 23 the
1554 2537 116 23 Financial
1688 2536 87 23 Debate
1792 2536 23 22 in

1253 2568 39 21 the
1303 2568 118 21 Victorian
1432 2567 127 29 Assembly,
1571 2567 160 22 ex-Treasurer
1741 2566 20 22 G
1785 2565 28 23 D.

1253 2598 80 23 Carter
1349 2597 67 30 airily
1426 2597 120 31 expressed
1557 2597 39 23 the
1612 2596 91 30 opinion
1714 2596 52 24 that
1777 2596 39 23 the

1253 2629 99 28 colony's
1365 2628 99 29 liability
1474 2628 24 22 of
1514 2629 147 26 £50,000,000
1677 2626 57 24 need
1750 2634 65 16 cause

1253 2666 28 15 no
1296 2659 77 26 alarm,
1386 2665 25 16 as
1427 2658 39 23 the
1479 2658 105 29 railways
1601 2664 59 16 were
1675 2664 14 16 a
1704 2657 111 30 perfectly

1252 2688 58 31 good
1335 2691 67 21 asset.
1442 2687 37 24 He
1503 2687 125 24 advocated
1653 2687 90 24 farther
1762 2687 53 24 land

1252 2720 139 27 settlement,
1409 2719 45 22 and
1470 2718 172 30 congratulated
1659 2718 39 23 the
1716 2718 100 23 Premier

1252 2757 28 15 on
1292 2749 34 23 his
1343 2749 90 30 general
1450 2748 191 23 administration.
1672 2748 38 23 Mr
1721 2748 93 29 Rogers,

1252 2780 59 22 after
1326 2788 12 13 a
1356 2779 90 30 general
1468 2779 79 22 attack
1568 2786 29 14 on
1617 2778 39 23 the
1676 2778 140 22 Treasurer's

1253 2809 103 23 methods
1366 2809 24 23 of
1406 2809 120 28 financing,
1538 2811 61 20 went
1614 2809 49 22 into
1674 2816 27 15 an
1712 2808 103 23 abstruse

1252 2840 135 22 calculation
1398 2838 56 23 with
1465 2838 80 30 regard
1557 2842 23 19 to
1588 2838 39 23 the
1636 2838 44 23 loss
1688 2838 40 23 the
1735 2838 80 29 colony

1252 2876 46 16 was
1314 2869 128 29 sustaining
1458 2868 29 29 by
1503 2868 136 29 emigration
1649 2871 25 19 to
1693 2868 123 22 Westralia

1251 2899 45 23 and
1307 2899 66 23 other
1383 2899 89 22 distant
1482 2898 72 23 lands.
1587 2897 36 24 He
1633 2897 121 29 computed
1763 2898 52 23 that

1251 2929 62 22 Bince
1330 2929 53 21 I<SBS
1399 2928 104 23 Victoria
1518 2927 45 22 had
1579 2927 45 23 lost
1641 2929 79 26 90,000
1735 2927 80 31 people

1252 2959 30 30 by
1294 2959 39 24 the
1343 2966 76 17 excess
1436 2958 24 24 of
1475 2958 142 31 emigration,
1628 2965 26 16 or
1669 2965 13 16 a
1697 2960 118 28 monetary

1253 2991 51 26 loss,
1317 2990 122 29 reckoning
1455 2989 39 22 the
1510 2989 65 22 value
1585 2989 24 22 of
1623 2989 55 21 each
1689 2988 127 23 individual

1253 3024 24 18 at
1303 3020 66 26 £.IOO,
1390 3019 24 22 of
1440 3019 154 27 £45,000,000.
1636 3017 93 30 Adding
1753 3018 63 22 what

1253 3049 81 22 should
1345 3050 57 21 have
1412 3048 55 23 been
1479 3049 40 22 the
1528 3048 87 23 normal
1632 3048 53 29 gain
1696 3047 45 23 had
1752 3047 64 23 these

1254 3079 79 30 people
1350 3078 113 23 remained
1481 3082 24 20 to
1515 3079 40 23 the
1571 3078 75 28 losses,
1659 3080 28 21 he
1704 3077 112 24 reckoned

1254 3110 53 22 that
1317 3110 38 22 the
1371 3110 85 22 exodus
1474 3109 44 23 had
1536 3108 101 24 resulted
1648 3109 24 22 in
1689 3116 13 15 a
1712 3108 104 23 decrease

1255 3141 22 21 in
1289 3140 38 22 the
1338 3139 101 23 national
1456 3139 84 23 wealth
1551 3142 23 20 to
1591 3139 39 23 the
1648 3142 80 20 extent
1738 3139 23 22 of
1777 3139 39 23 100

1256 3170 97 22 millions
1363 3169 101 30 sterling.

1284 3205 99 23 Premier
1394 3204 84 24 Nelson
1489 3205 45 23 laid
1543 3205 76 23 before
1627 3204 39 24 the
1674 3204 142 28 Queensland

1256 3236 88 23 Houses
1361 3243 13 15 a
1391 3243 69 23 paper
1477 3235 30 30 by
1524 3236 35 23 Sir
1578 3235 21 24 S.
1612 3235 93 24 Griffith
1719 3235 97 24 entitled

1258 3267 5 12 •
1273 3266 72 23 Notes
1354 3274 29 14 on
1393 3266 132 23 Australian
1536 3266 143 28 Federation,
1691 3266 30 22 its
1729 3266 89 23 Nature

1256 3296 44 22 and
1326 3296 109 22 Probable
1459 3296 100 22 Effects.'
1602 3296 47 22 The
1674 3303 69 22 paper
1773 3303 45 15 was

1256 3326 92 24 divided
1366 3327 48 22 into
1431 3326 103 23 fourteen
1550 3326 105 29 sections,
1668 3326 148 31 explanatory

1257 3357 22 22 of
1290 3358 39 22 the
1339 3357 90 30 general
1440 3362 80 17 nature
1537 3357 24 22 of
1578 3365 13 14 a
1608 3355 95 24 Federal
1717 3357 85 23 Govern-

1258 3390 68 20 ment.
1357 3387 28 23 In
1402 3387 90 29 dealing
1510 3387 56 23 with
1587 3387 39 23 the
1641 3388 104 28 questiou
1762 3388 24 22 of
1805 3395 13 15 a

1258 3417 84 23 federal
1353 3417 84 29 capital
1454 3417 38 22 the
1502 3417 78 23 writer
1597 3417 49 22 said
1661 3417 20 22 it
1694 3417 82 23 should
1791 3416 27 23 be

1258 3447 94 28 centra],
1364 3447 71 30 easily
1446 3447 127 28 accessible,
1585 3449 42 21 not
1636 3447 97 30 exposed
1745 3449 24 21 to
1780 3447 38 24 the

1258 3478 59 21 risks
1327 3478 23 21 of
1367 3484 47 15 war
1430 3484 25 15 or
1471 3478 110 26 invasion,
1594 3477 66 22 while
1676 3478 38 21 the
1729 3477 90 22 climate

1258 3506 80 24 should
1348 3509 42 21 not
1399 3506 28 24 be
1434 3506 55 24 such
1495 3513 25 16 as
1529 3510 23 19 to
1561 3506 80 23 render
1651 3506 19 24 it
1678 3506 141 24 undesirable

1258 3546 24 14 as
1293 3545 12 16 a
1316 3538 62 28 place
1385 3538 22 22 of
1418 3537 120 23 residence.
1565 3537 36 23 He
1611 3541 110 26 suggests,
1730 3537 76 30 regard-

1258 3569 38 28 ing
1307 3568 93 27 finance,
1413 3568 52 22 that
1475 3568 113 29 provision
1597 3567 27 23 be
1636 3567 65 23 made
1714 3567 106 30 whereby

1260 3599 38 22 the
1308 3598 94 23 Federal
1420 3599 154 22 Government
1591 3597 74 24 would
1684 3597 82 24 relieve
1781 3598 39 23 the

1260 3630 64 22 State
1334 3630 165 22 Governments
1509 3629 24 22 of
1543 3630 52 28 part
1605 3628 23 23 of
1639 3628 39 23 the
1688 3628 83 23 annual
1782 3636 25 15 ex-

1260 3659 120 30 penditure
1411 3658 181 31 approximately
1622 3658 66 31 equal
1722 3661 25 21 to
1780 3659 40 23 the

1260 3698 96 15 revenue
1376 3689 134 23 withdrawn
1531 3689 57 23 from
1614 3689 68 22 them.
1722 3689 34 22 On
1781 3689 39 22 the

1260 3720 103 30 question
1374 3720 23 23 of
1407 3720 89 23 colored
1507 3719 71 28 labor,
1590 3719 27 23 he
1628 3726 51 29 says
1694 3718 40 23 the
1744 3719 76 23 future

1260 3751 67 23 social
1340 3751 85 29 history
1437 3750 23 23 of
1470 3746 76 27 North
1557 3750 118 23 Australia
1684 3748 100 31 depends
1792 3757 28 15 on

1261 3783 39 21 the
1319 3782 64 22 effect
1404 3782 75 22 which
1498 3781 92 23 climate
1604 3780 110 30 produces
1733 3788 29 14 on
1783 3781 38 21 the

1261 3812 119 30 European
1390 3819 59 21 race,
1460 3818 29 16 an
1500 3811 66 23 effect
1576 3811 73 22 which
1660 3811 19 22 is
1694 3810 49 23 still
1758 3811 63 29 quite

1260 3842 178 30 problematical,
1456 3842 45 22 and
1519 3849 27 14 on
1566 3841 74 22 which
1660 3841 61 22 little
1741 3841 18 22 if
1778 3848 43 22 any

1261 3873 58 30 light
1329 3873 19 22 is
1359 3873 87 23 thrown
1458 3872 30 29 by
1499 3872 94 29 history.
1624 3871 62 27 This,
1698 3870 89 28 indeed,
1803 3872 19 21 is

1261 3911 24 15 so
1300 3903 94 22 obvious
1413 3905 22 20 to
1453 3901 163 31 unprejudiced
1635 3901 117 23 observers
1771 3901 52 23 that

1261 3934 39 22 the
1310 3933 95 23 Federal
1416 3932 139 23 Parliament
1569 3932 80 23 should
1666 3934 48 25 not,
1725 3931 60 23 until
1799 3932 23 22 in

1261 3964 124 29 possession
1396 3963 24 23 of
1430 3963 66 23 much
1507 3962 67 23 fuller
1591 3962 132 30 knowledge
1733 3962 56 23 than
1804 3962 19 23 is

1261 3997 25 20 at
1305 3997 92 27 present
1420 3993 133 28 attainable,
1573 3995 97 28 prevent
1688 3999 45 22 any
1748 3993 75 22 action

1262 4025 73 22 which
1347 4024 74 23 would
1432 4024 72 23 result
1513 4023 58 23 from
1586 4023 39 23 the
1640 4023 91 29 general
1741 4022 69 24 substi-

1263 4056 75 21 tution
1348 4054 80 21 within
1439 4061 45 21 any
1495 4056 52 26 part
1556 4054 24 20 of
1590 4054 39 20 the
1635 4053 108 28 territory
1752 4052 71 22 uuder

1263 4085 30 22 its
1303 4084 87 23 control
1405 4084 23 22 of
1437 4084 88 22 Asiatic
1540 4083 34 23 for
1590 4082 119 31 European
1727 4082 85 23 civilisa-

1263 4116 56 27 tion,
1330 4123 25 15 or
1366 4115 22 23 in
1407 4115 39 23 the
1456 4114 92 24 definite
1559 4113 172 24 condemnation
1741 4113 24 23 of
1779 4120 44 22 any

1263 4148 52 27 part
1338 4146 24 22 of
1385 4146 52 22 that
1456 4145 109 29 territory
1585 4148 24 19 to
1628 4144 132 23 barrenness
1779 4143 44 23 and

1263 4176 131 22 desolation.

1290 4205 98 28 Cyclists
1398 4204 56 23 need
1466 4212 28 15 no
1509 4205 78 29 longer
1607 4203 27 23 be
1652 4203 99 23 haunted
1762 4203 57 23 with

1264 4235 38 24 the
1313 4234 68 25 dread
1390 4234 24 25 of
1429 4235 126 30 punctured
1572 4238 63 28 tyres
1655 4234 17 24 if
1691 4234 39 24 the
1747 4234 64 24 inven-

1264 4267 47 23 tion
1331 4267 109 29 patented
1461 4266 29 30 by
1511 4270 45 20 two
1578 4266 111 23 Adelaide
1713 4266 111 22 residents

1264 4303 80 21 proves
1368 4296 92 26 capable
1545 4296 138 27 performing
1714 4295 62 21 what
1805 4295 19 20 is

1264 4324 101 23 claimed.
1398 4324 23 23 It
1435 4324 95 23 consists
1544 4324 24 22 of
1583 4327 45 20 two
1647 4323 73 23 bands
1743 4323 24 23 of
1788 4329 24 16 ex-

1265 4356 116 30 ceedingly
1392 4355 50 24 thin
1454 4354 115 31 tempered
1585 4354 57 24 steel
1652 4357 40 20 cut
1701 4353 43 24 and
1756 4354 57 23 inter-

1265 4386 79 23 locked
1360 4387 22 21 in
1394 4387 53 21 such
1459 4394 14 14 a
1483 4393 92 15 manner
1591 4393 24 15 as
1630 4388 24 20 to
1674 4385 89 23 become
1783 4393 42 15 one

1265 4417 81 22 hollow
1356 4416 68 27 band,
1436 4415 73 23 which
1520 4415 38 23 fits
1568 4415 101 23 between
1681 4415 38 23 the
1729 4415 34 23 air
1769 4415 56 23 tube

1265 4446 44 23 and
1320 4448 64 21 outer
1395 4450 58 25 tyre,
1466 4445 44 24 and
1525 4447 103 29 presents
1638 4445 39 23 the
1687 4452 138 23 appearance

1265 4477 23 22 of
1302 4484 14 15 a
1326 4476 129 28 snakeskin,
1468 4476 38 22 the
1516 4476 115 22 scale-like
1642 4476 48 22 face
1699 4475 127 29 possessing

1265 4510 64 28 great
1347 4506 103 30 mobility
1461 4506 43 23 and
1521 4505 132 31 durability.
1694 4505 24 24 It
1737 4513 42 15 can
1798 4504 27 24 be

1266 4538 87 29 readily
1372 4537 108 23 attached
1504 4539 25 21 to
1548 4537 30 23 all
1598 4537 99 30 existing
1719 4537 70 23 forms
1803 4536 23 23 of

1266 4568 129 31 pneumatic
1406 4570 68 26 tyres.

1294 4599 48 23 The
1352 4606 49 16 new
1413 4598 126 24 Education
1557 4598 46 24 Bill
1620 4598 36 23 for
1673 4598 120 23 Tasmania
1807 4598 19 23 is

1266 4630 100 30 exciting
1383 4630 102 22 interest.
1517 4629 23 23 It
1559 4629 74 30 places
1654 4636 66 21 many
1737 4628 77 24 restric-

1268 4662 59 21 tions
1337 4669 28 13 on
1381 4661 108 26 teachers,
1508 4660 44 22 and
1570 4661 47 21 will
1635 4659 132 29 practically
1778 4666 36 22 pre-

1268 4692 54 20 vent
1332 4690 88 28 private
1430 4690 87 21 schools
1527 4692 81 26 except
1617 4689 72 22 under
1699 4689 89 22 license.

1372 4767 75 26 THE
1468 4766 138 27 ROWAN
1619 4766 101 27 TREE.

1400 4852 15 19 A
1431 4851 63 20 NKW
1507 4852 102 19 SCUTCH
1621 4851 79 20 SANG.

1402 4899 69 21 Tim;:
1487 4899 52 20 'The
1549 4899 70 21 Boatie
1629 4898 71 22 Kowd.'

1359 4930 37 22 Oh,
1406 4930 37 21 due
1452 4936 23 17 ye
1483 4930 58 19 mind
1549 4929 35 20 the
1596 4929 74 22 llowan
1679 4930 43 19 tree

1385 4954 8 20 i
1400 4955 35 20 nat
1443 4961 53 16 grew
1506 4959 61 15 anear
1574 4953 36 20 the
1617 4953 55 23 door,

1360 4977 21 21 0'
1395 4978 34 19 the
1438 4979 58 19 staue
1504 4977 54 20 Weld
1567 4976 27 25 by
1603 4977 35 19 the
1649 4977 97 19 Kdensidc

1385 5002 13 19 I'
1408 5002 35 20 the
1452 5001 71 24 blythc
1531 5001 48 20 auld
1587 5000 50 25 days
1644 5001 22 20 of
1673 5007 47 18 yore
1729 5005 5 16 '.

1360 5038 38 20 'lis
1407 5038 83 23 planted
1500 5037 20 20 in
1529 5043 34 18 my
1572 5037 54 20 hairt
1635 5043 33 14 sae
1676 5037 51 24 deep

1382 5062 53 20 That
1444 5062 57 20 there
1511 5062 16 20 it
1535 5068 37 18 aye
1581 5061 42 21 will
1630 5068 61 17 grow,

1362 5086 85 26 (Searing
1455 5085 106 23 memories
1569 5086 16 20 </
1595 5086 47 21 that
1650 5087 67 23 sweet,

1382 5111 54 19 That
1444 5111 102 24 gladsome
1553 5111 48 23 laug

1362 5146 38 22 Oh,
1410 5146 58 19 mind
1476 5152 24 17 ye
1510 5145 58 20 when
1577 5145 35 20 the
1621 5146 69 19 liuties
1699 5146 50 23 flew,

1383 5169 47 20 And
1438 5169 59 20 lilted
1507 5169 10 19 i'
1526 5169 36 21 the
1570 5170 42 20 tree
1620 5169 4 24 ;

1362 5194 30 21 Ye
1400 5193 59 22 tauld
1467 5200 32 15 me
1508 5193 49 26 they
1564 5193 114 26 whispered
1687 5194 50 22 tales

1384 5219 53 22 That
1445 5226 80 14 wereua
1532 5220 84 24 guid—o
1628 5227 39 13 me.

1363 5255 49 20 Wee
1421 5256 62 24 jenny
1492 5262 56 14 wren
1560 5256 40 20 and
1609 5255 59 22 robin
1676 5256 49 20 cam'

1386 5280 24 20 In
1421 5280 73 21 winter
1502 5280 31 21 wi'
1542 5279 35 22 the
1586 5286 62 19 snaw,

1362 5304 27 19 To
1403 5304 51 20 feast
1462 5311 55 18 upon
1525 5304 36 20 the
1570 5303 92 23 Rowan's
1671 5306 49 19 store

1385 5328 22 20 if
1416 5328 74 22 berries
1499 5329 71 24 spread
1579 5334 33 14 sae
1620 5328 62 20 braw.

1363 5364 59 24 Vpou
1431 5364 35 20 the
1474 5364 74 24 bricht,
1555 5364 54 24 glad,
1619 5364 49 21 Rest
1676 5364 44 24 I)ay
1730 5370 58 15 morn

1386 5389 35 23 My
1428 5389 112 24 playmates
1548 5389 50 20 lo'ed
1607 5390 34 20 tae
1649 5389 62 20 twine

1363 5413 85 20 Around
1457 5413 53 20 their
1518 5413 61 20 necks
1588 5412 35 21 the
1631 5412 66 25 ruddy
1704 5421 34 16 g,.j
1752 5419 32 13 s

1385 5437 55 24 They
1448 5436 72 21 thocht
1529 5437 87 20 thirsel's
1624 5442 37 19 gey
1670 5438 45 19 fine.

1365 5473 42 20 Can
1416 5479 24 18 yc
1449 5473 48 20 reca'
1508 5473 46 20 that
1563 5472 63 25 nicht,
1636 5473 47 21 dear
1692 5473 52 22 fricn

1386 5497 53 20 That
1447 5497 74 23 glaikit
1529 5497 44 24 pair
1581 5504 30 13 we
1619 5497 63 24 spied,

1366 5524 39 17 Oor
1413 5522 62 23 canty
1482 5522 72 20 Jcanie
1563 5522 30 20 wi'
1603 5521 36 21 her
1647 5521 51 21 airm

1386 5546 66 21 Aboot
1459 5546 73 25 suinph
1541 5546 92 24 Jockey's
1640 5546 54 21 side?

1363 5581 42 21 The
1413 5581 43 21 cuif
1464 5582 25 20 lie
1497 5581 45 21 wad
1551 5581 37 21 hae
1597 5581 65 21 lookit
1669 5581 63 25 glum,

1388 5605 47 20 Had
1443 5606 25 20 he
1476 5606 39 20 but
1523 5606 51 20 kent
1582 5606 47 20 that
1637 5612 30 13 we

1365 5629 45 20 Had
1419 5635 45 14 seen
1474 5629 42 20 him
1526 5631 55 18 coort
1589 5630 32 19 his
1629 5629 68 21 better
1705 5628 51 21 hauf

1387 5653 91 20 Beneath
1487 5653 35 20 the
1532 5654 76 20 Uowau
1617 5654 48 20 tree.

1366 5687 38 22 Gin
1414 5688 33 20 'II3
1456 5690 32 18 tae
1497 5688 25 20 be
1530 5694 34 17 my
1573 5687 78 21 blessed
1659 5687 30 21 lot

1388 5713 40 21 Tac
1437 5713 41 21 win
1487 5712 35 22 the
1532 5712 47 22 laud
1587 5711 16 23 o'
1614 5713 46 23 rest,

1367 5739 7 21 J
1385 5739 50 23 hope
1444 5739 32 19 tae
1485 5744 31 14 see
1525 5745 11 13 a
1546 5738 76 20 Rowan
1632 5738 42 22 tree

1389 5762 23 25 Jq
1422 5761 77 27 perfect
1507 5762 23 21 be
1545 5762 36 26 uty
1590 5760 60 25 drest,

1736 5783 73 30 aw,

1893 183 76 28 THE
1987 183 220 28 DRUMMOND
2230 183 141 28 CASTLE.

1849 239 73 27 [From
1937 244 44 16 the
1995 239 104 21 Evening
2115 241 76 19 Stars
2205 242 195 19 Coeresponhknt

2155 298 107 28 Lonkox,
2273 298 61 26 June
2344 298 33 23 26.

1878 329 37 23 Mr
1934 327 144 30 Marquardt,
2096 328 39 22 the
2151 331 45 21 sole
2213 329 102 23 survivor
2331 328 24 22 of
2369 328 38 22 the

1849 357 140 26 Druinmoad
2000 357 76 25 Castle
2092 364 136 24 passengers,
2241 359 40 24 has
2291 358 55 23 been
2357 365 38 16 con-

1849 390 64 23 fused
1923 390 32 29 by
1964 396 68 22 many
2043 388 56 23 with
2110 389 37 22 the
2164 390 100 23 eminent
2274 389 102 23 violinist
2384 388 23 23 of

1849 420 39 22 the
1908 425 61 17 same
1987 424 65 16 name
2072 417 50 23 who
2141 419 80 23 toured
2239 425 62 17 some
2317 418 90 22 months

1848 456 42 23 ago
1910 448 100 29 through
2029 448 115 22 Australia
2163 449 45 21 and
2228 448 57 23 New
2301 447 103 23 Zealand.

1847 479 48 24 The
1906 481 45 21 two
1962 484 37 17 are
2009 480 48 25 not,
2069 476 110 31 however,
2191 479 21 23 in
2228 486 45 23 any
2289 483 50 25 way
2356 484 37 17 con-

1847 510 87 23 nected.
1966 509 38 23 Mr
2013 508 93 23 Charles
2117 508 134 31 Marquardt
2261 510 18 22 is
2287 509 39 23 the
2334 516 39 15 son
2384 508 23 23 of

1848 540 75 23 trades
1934 538 47 24 folk
1992 541 25 20 at
2027 537 63 27 Deal,
2103 538 43 23 and
2161 547 14 15 a
2191 540 58 22 mine
2267 545 105 23 manager
2382 541 25 20 at

1845 569 181 30 Johannesburg.
2065 567 37 24 He
2118 568 18 23 is
2159 569 65 24 home
2239 578 29 15 on
2285 577 14 15 a
2314 568 92 30 holiday

1846 601 36 22 for
1890 601 35 22 six
1935 599 97 23 months.
2065 598 38 22 Mr
2113 598 134 31 Marqaaidt
2260 601 63 22 alone
2334 599 23 22 of
2367 600 39 21 the

1846 630 115 24 survivors
1970 635 72 17 seems
2052 627 51 24 able
2111 631 22 20 to
2143 630 50 28 give
2209 637 14 16 a
2238 630 59 23 clear
2310 631 96 20 account

1846 661 23 23 of
1889 661 38 23 the
1944 658 152 31 catastrophe,
2113 659 43 23 and
2171 660 40 23 has
2230 659 117 25 furnished
2367 659 39 23 the

1848 693 6 12 1
1861 691 68 30 Daily
1939 688 132 26 Chronicle'
2081 689 55 23 with
2153 698 14 15 a
2183 691 43 23 full
2243 691 115 23 narrative
2382 689 23 23 of

1847 722 40 23 the
1897 721 82 22 wreck.
2010 720 24 21 It
2044 726 55 15 runs
2108 726 24 15 as
2141 721 88 22 follows
2238 729 35 14 :

1868 757 34 22 On
1911 755 105 27 Tuesday,
2027 761 23 15 as
2064 761 31 15 we
2104 756 130 27 approached
2249 757 37 21 the
2302 756 58 21 coast
2370 755 35 27 (he

1846 785 60 25 said),
1925 785 17 21 it
1959 789 55 21 grew
2031 783 63 24 thick,
2114 783 41 22 and
2173 785 91 21 towards
2281 784 89 25 evening
2387 783 18 21 it

1846 812 84 22 became
1942 818 51 19 very
2009 810 60 27 hazy,
2080 809 51 23 with
2147 818 13 15 a
2177 813 98 21 constant
2292 811 75 22 drizzle
2383 810 22 22 of

1847 841 83 21 rain—a
1937 839 75 22 Scotch
2022 838 57 25 mist,
2090 837 22 22 in
2120 838 50 23 fact.

1970 872 87 21 yousee
2066 872 39 14 one
2114 867 39 21 end
2162 867 22 21 of
2194 867 37 21 the
2246 867 46 26 ship
2301 867 55 21 from
2366 866 37 22 the

1847 895 62 21 other
1993 894 40 25 Oh,
2045 900 43 19 jes,
2104 893 16 21 it
2129 900 41 16 was
2179 902 63 15 never
2250 895 104 26 anything
2362 894 42 21 like

1846 929 23 14 so
1886 922 59 21 thick
1962 928 24 15 as
2004 921 55 21 that.
2099 920 43 22 The
2158 923 82 24 captain
2259 928 42 15 was
2322 929 28 13 on
2367 921 37 21 the

1847 948 77 27 bridge,
1933 948 43 22 and
1986 948 10 21 I
2005 947 42 22 had
2057 949 37 19 not
2103 954 47 15 seen
2165 949 44 21 him
2226 949 31 21 for
2273 955 57 15 some
2344 948 58 25 time,

1845 983 23 15 as
1877 975 75 28 during
1961 975 37 22 the
2008 974 58 22 thick
2075 975 90 23 weather
2181 976 26 23 he
2216 976 41 23 had
2266 975 52 24 been
2326 975 78 28 having

1845 1004 34 22 his
1889 1004 66 22 meals
1964 1004 22 21 in
1995 1002 36 23 the
2042 1002 59 22 chart
2115 1009 57 17 room
2186 1004 96 23 forward.
2310 1004 31 22 At
2350 1004 43 22 half-

1845 1034 48 24 past
1916 1032 33 20 six
1972 1037 27 14 on
2021 1030 37 21 the
2086 1030 96 28 Tuesday
2202 1032 94 27 evening,
2315 1032 45 26 just
2381 1038 23 15 as

1846 1065 30 14 we
1895 1065 54 14 were
1974 1057 61 27 going
2063 1056 60 22 down
2149 1060 23 19 to
2198 1059 80 26 dinner,
2301 1060 38 21 the
2360 1059 33 27 fog-

1846 1085 53 21 horn
1921 1091 44 15 was
1986 1084 69 21 blown
2076 1084 34 21 for
2128 1085 39 22 the
2189 1086 45 21 first
2255 1088 52 20 time
2329 1086 75 27 during

1845 1112 37 21 the
1904 1117 85 21 voyage,
2013 1111 42 22 and
2076 1111 18 21 it
2115 1112 113 23 continued
2248 1115 23 20 to
2292 1114 68 21 sound
2381 1115 22 20 at

1845 1140 101 22 intervals
1955 1139 22 22 of
1991 1138 65 24 about
2070 1145 14 16 a
2097 1139 87 25 minute.
2211 1141 45 22 The
2268 1142 85 28 captain
2362 1148 42 16 was

1845 1170 38 20 not
1903 1170 23 20 at
1949 1168 81 26 dinner,
2054 1168 42 22 and
2116 1175 31 15 we
2169 1176 57 14 came
2247 1176 29 21 up
2299 1171 61 25 again
2381 1172 23 20 at

1845 1196 103 26 half-past
1963 1202 63 14 seven
2043 1192 44 24 for'
2092 1201 12 14 a
2120 1197 49 18 turn
2183 1203 26 12 on
2223 1197 51 19 deck
2283 1197 71 20 before
2367 1197 37 19 the

1845 1223 172 20 entertainment.
2045 1222 99 21 Between
2151 1222 108 27 returning
2269 1222 54 22 from
2330 1223 74 21 dinner

1845 1249 42 23 and
1904 1249 37 23 the
1958 1249 291 28 entertainment-sdundings
2264 1258 54 16 were
2339 1250 64 24 taken

1845 1278 52 20 with
1915 1278 34 20 Sir
1967 1277 96 21 William
2080 1277 122 21 Thomson's
2217 1280 74 24 patent
2300 1279 102 21 machine.

1845 1304 68 22 Twice
1923 1304 37 21 the
1969 1303 47 21 lead
2026 1310 42 14 was
2076 1310 39 14 r?.n
2123 1305 38 19 out
2170 1305 173 27 unsuccessfully,
2354 1312 23 15 as
2386 1307 17 19 it

1845 1338 42 15 was
1897 1332 66 26 swept
1979 1332 71 21 astern
2065 1330 22 22 of
2104 1331 37 21 the
2155 1331 54 28 ship,
2219 1332 42 22 and
2271 1332 80 22 bottom
2361 1340 42 14 was

1845 1361 37 21 not
1891 1359 73 23 found.
1992 1359 59 21 Then
2060 1358 37 22 the
2104 1359 84 26 engines
2197 1366 53 16 were
2259 1361 95 27 stopped,
2361 1361 42 22 and

1845 1388 37 21 the
1899 1387 48 23 lead
1967 1393 42 16 was
2031 1386 92 27 dropped
2143 1387 61 26 again
2222 1389 23 20 at
2267 1389 136 26 seventy-five

1846 1416 98 21 fathom?.
1972 1415 50 21 This
2040 1420 42 15 was
2095 1413 35 22 the
2144 1414 65 27 depth
2224 1415 36 21 the
2278 1416 79 21 officers
2370 1423 22 14 ex-

1845 1443 80 27 pected,
1936 1449 23 14 so
1968 1442 51 26 they
2029 1441 98 27 regarded
2136 1442 123 27 everything
2268 1449 23 14 as
2300 1443 29 20 all
2340 1443 62 26 right,

1845 1470 43 23 and
1897 1470 37 22 the
1943 1469 84 27 engines
2036 1474 53 16 were
2097 1469 81 21 started

1930 1497 42 22 full
1981 1495 147 28 speed':"—"l
2137 1495 62 22 think
2214 1503 28 18 so,
2254 1496 38 22 but
2303 1497 52 22 lam
2365 1498 38 20 not

1845 1526 94 27 positive.
1967 1524 31 21 At
2014 1530 42 20 any
2072 1524 51 25 rate,
2139 1524 10 20 I
2164 1523 60 22 know
2237 1524 52 26 they
2299 1531 53 14 were
2367 1526 37 19 not

1845 1554 61 26 going
1919 1552 57 26 slow,
1988 1558 22 15 or
2019 1552 10 21 I
2038 1550 75 22 should
2123 1551 53 21 have
2185 1551 82 21 noticed

1986 1585 43 16 was
2052 1585 52 21 your
2127 1585 87 19 average
2235 1578 57 24 daily
2312 1577 92 23 runV—

1868 1608 72 21 About
1948 1607 38 22 300
1995 1606 66 25 miles,
2071 1613 22 14 as
2103 1612 30 14 we
2143 1612 52 14 were
2205 1608 37 17 not
2256 1606 61 25 going
2330 1608 23 18 at
2366 1612 38 14 our

1845 1636 46 21 best
1908 1634 69 28 speed,
1993 1634 22 21 in
2029 1633 60 22 order
2103 1632 50 22 that
2167 1632 38 21 the
2219 1632 47 27 ship
2275 1632 68 27 might
2352 1632 53 27 keep

1845 1664 37 22 her
1892 1663 57 28 place
1958 1669 23 16 as
1989 1669 28 15 an
2025 1660 145 23 intermediate

1953 1691 59 21 there
2021 1697 26 14 no
2056 1690 85 25 anxiety
2151 1689 106 21 whatever
2266 1695 27 14 on
2306 1688 37 22 the
2356 1690 49 25 part

1845 1718 23 21 of
1881 1718 37 20 the
1932 1719 129 18 officer*—no
2075 1716 104 26 suspicion
2195 1716 47 20 that
2256 1716 37 20 the
2306 1716 47 26 ship
2363 1721 42 14 was

1845 1746 38 22 out
1897 1744 23 22 of
1937 1745 37 21 her
1988 1750 123 16 course—no
2127 1749 135 16 nervousness
2276 1749 77 20 among
2369 1742 36 21 the

1845 1771 237 30 passengers?"'—"Not
2092 1771 21 21 in
2126 1772 37 20 the
2178 1778 49 19 very
2244 1771 60 21 least.
2332 1770 21 21 If
2368 1770 37 21 the

1845 1801 79 20 officers
1939 1799 59 21 knew
2012 1798 103 27 anything
2130 1798 23 20 of
2166 1798 37 21 tho
2217 1797 58 25 kind,
2292 1797 51 27 they
2358 1803 35 15 con-

1845 1827 71 24 cealed
1924 1827 18 23 it
1951 1826 113 29 extremely
2073 1824 54 29 well,
2137 1825 33 23 for
2179 1825 51 28 they
2240 1831 52 17 were
2301 1824 102 29 perfectly

1846 1856 94 22 cheerful
1949 1856 42 21 and
2003 1855 83 26 exactly
2098 1861 23 15 as
2134 1855 60 20 usual
2209 1855 21 20 in
2243 1854 56 21 their
2310 1860 93 15 manner.

1845 1884 64 21 After
1913 1884 40 20 the
1956 1884 83 20 concert
2044 1888 41 14 was
2092 1888 49 14 over
2148 1881 37 21 the
2193 1883 82 24 captain
2280 1888 57 14 came
2343 1881 62 21 down

1846 1911 32 22 for
1888 1911 40 21 five
1937 1910 91 21 minutes
2037 1909 44 26 just
2086 1910 23 21 at
2116 1908 37 22 the
2158 1907 48 25 end,
2213 1908 88 22 because
2308 1914 14 16 a
2330 1909 45 21 sort
2384 1907 21 22 of

1845 1940 49 21 vote
1902 1938 23 23 of
1934 1937 77 23 thanks
2020 1937 42 22 had
2070 1936 52 23 been
2135 1935 74 29 pas3ed
2224 1937 23 21 to
2263 1936 43 23 him
2322 1936 33 22 for
2367 1942 39 16 our

1845 1968 96 26 pleasant
1949 1972 80 20 voyage
2042 1965 41 22 and
2092 1965 33 20 his
2140 1966 96 25 courtesy
2246 1966 23 19 to
2278 1971 59 20 everj
2342 1964 61 27 body,

1844 1994 42 21 and
1903 1994 32 20 for
1950 1993 95 25 bringing
2061 1998 23 14 us
2099 1991 45 21 safe
2158 1992 68 21 home.
2267 1992 34 20 He
2316 1991 61 21 made
2393 1998 12 14 a

1845 2021 57 22 little
1911 2020 75 26 speech
1995 2020 22 21 in
2026 2021 65 25 reply,
2101 2018 42 22 and
2153 2018 44 22 said
2207 2019 26 21 he
2246 2026 42 14 was
2297 2026 50 20 very
2357 2018 48 27 glad

1845 2056 31 15 we
1892 2048 42 23 had
1948 2048 41 22 had
1998 2054 13 15 a
2020 2047 95 28 pleasant
2131 2053 86 20 voyage.
2244 2047 45 21 The
2303 2053 102 21 company

1844 2077 51 22 then
1905 2076 63 22 broke
1977 2082 29 19 up
2021 2074 52 23 with
2089 2074 36 23 the
2141 2074 81 28 singing
2237 2074 22 23 of
2278 2075 5 10 '
2289 2074 47 23 God
2352 2075 53 22 Save

1845 2105 37 21 the
1895 2102 107 28 Queen.'"

1892 2131 59 21 Then
1960 2130 26 21 he
1996 2129 98 22 returned
2101 2130 22 19 to
2130 2129 37 20 the
2172 2128 71 27 bridge
2250 2129 42 22 and
2298 2136 43 19 you
2348 2136 58 15 came

1845 2165 26 15 on
1897 2156 131 24 deck':"

1845 2185 67 23 round
1921 2185 37 22 the
1967 2185 47 26 ship
2022 2192 13 14 a
2043 2184 65 22 dozen
2123 2184 62 22 times
2200 2191 23 15 or
2232 2191 23 15 so
2264 2185 51 21 with
2325 2192 12 14 a
2347 2184 57 28 lady.

1845 2213 42 22 She
1897 2213 87 26 stopped
1993 2214 24 19 at
2026 2212 36 21 the
2075 2213 123 25 companion
2212 2218 45 20 way
2274 2212 42 21 and
2330 2212 45 21 said
2388 2213 18 20 it

1845 2246 42 16 was
1899 2241 48 20 time
1957 2239 33 21 for
2006 2239 36 21 her
2056 2240 23 20 to
2094 2239 69 23 retire,
2178 2238 42 22 and
2235 2245 24 15 so
2274 2239 11 21 I
2300 2239 53 21 bade
2368 2239 37 22 her

1844 2267 123 28 good-night
1976 2267 42 22 and
2028 2267 55 21 went
2092 2267 45 21 into
2148 2267 35 20 the
2198 2267 96 26 smoking
2303 2273 64 15 room.
2395 2267 10 21 I

1845 2302 42 15 was
1902 2295 75 26 Bitting
1993 2295 52 21 next
2059 2296 22 19 to
2096 2300 13 15 a
2123 2293 115 22 boatswain
2252 2294 23 22 in
2289 2294 38 22 the
2341 2301 62 21 navy,

1845 2324 47 21 who
1901 2330 41 15 was
1951 2322 95 27 bringing
2055 2321 79 23 homea
2141 2321 31 23 lot
2178 2321 22 22 of
2206 2322 145 25 time-expired
2358 2330 47 14 men

1845 2351 54 21 from
1909 2357 39 15 one
1962 2350 22 21 of
1998 2350 45 21 Her
2057 2349 110 27 Majesty's
2183 2349 57 28 ships
2256 2356 26 14 on
2296 2350 38 21 the
2350 2351 55 26 Cape

1893 2406 59 25 Now,
1963 2405 38 21 tell
2011 2411 32 15 me
2052 2405 101 26 precisely
2163 2405 46 20 how
2218 2410 42 20 you
2267 2405 37 26 got
2313 2405 37 21 the
2359 2405 45 21 first

1844 2433 115 21 indication
1968 2433 49 21 that
2025 2432 104 26 anything
2139 2438 41 14 was
2198 2438 76 20 wrong.
2279 2431 4 27 I
2285 2431 48 16 '—"
2340 2432 63 25 Well,

1843 2468 14 15 a
1865 2468 51 19 very
1926 2460 68 27 funny
2004 2459 60 27 thing
2082 2458 116 28 happened.
2227 2459 30 21 As
2267 2459 10 21 I
2287 2465 44 21 say,
2344 2460 9 20 T
2363 2466 41 15 was

1844 2489 82 26 talking
1948 2489 22 20 to
1987 2487 43 21 this
2048 2487 121 25 boatswain,
2189 2486 68 22 whose
2279 2493 62 16 name
2363 2494 41 15 was

1844 2516 91 28 Motyer,
1947 2515 61 22 when
2014 2515 27 22 he
2049 2515 58 22 said:
2123 2515 6 11 '
2135 2515 119 22 Whenever
2264 2514 77 23 there's
2349 2522 13 15 a
2370 2515 34 28 fog

1844 2551 28 14 on
1881 2544 10 21 I
1901 2551 63 14 never
1972 2550 26 19 go
2007 2545 23 19 to
2039 2543 39 21 bed
2087 2550 6 17 ;
2107 2543 10 21 I
2126 2544 48 25 stay
2184 2550 27 13 on
2220 2543 52 20 deck
2281 2543 31 20 all
2329 2543 75 26 night.'

1844 2571 45 21 The
1898 2570 67 21 words
1975 2577 52 14 were
2036 2577 27 13 no
2071 2576 74 15 sooner
2153 2571 38 19 out
2199 2569 23 21 of
2229 2570 33 20 his
2269 2570 73 21 mouth
2352 2570 52 21 than

1844 2598 38 23 the
1895 2598 47 27 ship
1959 2597 77 26 struck,
2054 2596 43 23 and
2111 2597 85 26 Motyer
2213 2596 56 23 cried
2288 2597 23 21 '1
2318 2596 55 23 hat's
2392 2604 12 15 a

1844 2624 109 24 collision.'
1998 2626 20 21 It
2041 2632 41 15 was
2098 2631 13 16 a
2129 2625 51 22 kind
2199 2625 22 22 of
2238 2625 77 27 sliding
2332 2626 70 24 shock,

1844 2654 91 26 exactly,
1946 2653 22 21 in
1977 2653 50 25 fact,
2038 2652 42 22 like
2097 2653 38 21 the
2149 2652 78 26 feeling
2244 2659 27 14 on
2286 2659 13 15 a
2314 2653 90 22 Thames

1844 2683 91 20 steamer
1943 2680 61 22 when
2013 2680 17 21 it
2039 2680 75 27 bumps
2126 2680 82 26 against
2217 2680 36 21 the

1938 2715 72 15 course
2018 2708 60 22 there
2086 2715 43 14 was
2138 2715 13 14 a
2378 2709 26 21 do

1844 2738 38 20 not
1891 2735 120 22 remember.
2039 2736 85 26 Motyer
2136 2735 42 22 and
2187 2736 10 21 I
2206 2742 54 15 were
2269 2736 75 26 sitting
2353 2737 51 20 next

1844 2763 37 23 the
1890 2763 57 25 door,
1959 2770 23 14 so
1990 2769 32 15 we
2039 2769 53 15 were
2101 2764 38 20 out
2148 2763 52 22 first.
2228 2763 41 21 We
2286 2770 38 14 ran
2342 2763 62 27 along

1844 2791 38 21 the
1895 2791 59 25 deck,
1965 2790 67 21 under
2040 2790 37 21 the
2083 2790 78 26 bridge,
2171 2790 43 21 and
2220 2790 75 22 looked
2304 2791 99 21 forward.

1844 2819 22 21 It
1879 2825 42 15 was
1930 2818 59 27 pitch
1997 2817 58 26 dark,
2066 2817 42 22 and
2117 2817 60 21 there
2187 2824 42 15 was
2244 2817 89 28 nothing
2347 2819 23 20 to
2380 2817 24 21 be

1844 2852 56 15 seen.
1928 2845 45 21 The
1988 2845 84 26 engines
2087 2845 43 21 had
2143 2845 96 26 stopped,
2257 2845 42 21 and
2314 2846 10 20 I
2343 2845 61 21 could

1844 2873 51 21 hear
1904 2872 37 22 the
1956 2871 52 22 bells
2023 2871 80 27 ringing
2118 2871 95 22 between
2227 2872 37 21 the
2283 2871 71 26 bridge
2363 2872 41 22 and

1843 2900 38 21 the
1890 2900 74 25 engine
1975 2905 62 15 room.
2065 2899 131 26 Everything
2213 2899 82 22 seemed
2309 2899 29 22 all
2348 2899 56 27 right

1844 2927 33 21 for
1886 2933 12 15 a
1908 2926 57 21 little
1974 2923 68 23 while.
2069 2926 68 20 There
2156 2932 41 15 was
2213 2933 26 13 no
2258 2926 50 20 rush
2323 2927 22 19 of
2362 2933 42 20 any

1894 2982 65 21 What
1968 2981 37 22 did
2013 2981 37 22 the
2059 2981 115 22 boatswain
2184 2988 36 20 say
2227 2981 23 21 of
2257 2982 37 21 the
2303 2982 102 21 situation

1845 3011 23 19 at
1878 3009 47 21 that
1935 3010 92 19 moment
2034 3008 9 21 '!
2111 3008 33 21 He
2151 3008 44 21 .said
2204 3007 4 26 :
2229 3008 5 11 '
2240 3007 53 22 Isn't
2302 3008 37 21 she
2345 3008 61 25 dowp

1846 3036 28 27 by
1892 3036 37 21 the
1947 3035 80 26 head';
2039 3035 42 22 and
2099 3036 10 21 I
2126 3036 69 21 notice
2201 3035 9 22 1
2227 3035 49 22 that
2291 3035 37 22 the
2341 3034 64 28 ship's

1845 3064 57 21 bows
1911 3069 54 16 were
1973 3063 81 27 getting
2063 3069 50 21 very
2123 3063 40 21 low
2175 3063 42 22 and
2227 3069 50 16 near
2286 3063 37 21 the
2332 3065 72 23 water,

1846 3098 23 15 so
1886 3091 11 22 I
1912 3097 39 16 ran
1966 3090 52 23 back
2032 3092 23 20 to
2068 3097 36 21 my
2113 3090 66 23 cabin.
2208 3092 45 20 The
2266 3091 73 22 sailors
2352 3097 54 15 were

1846 3120 106 25 removing
1971 3119 37 21 the
2025 3125 74 15 canvas
2121 3125 61 15 cover
2199 3119 53 21 from
2272 3125 39 15 one
2328 3118 23 21 of
2368 3118 37 21 the

1846 3146 60 22 boats
1915 3153 6 19 ;
1935 3146 82 26 cutting
2032 3146 23 25 it,
2073 3146 11 21 I
2101 3146 68 22 think.
2198 3146 10 21 I
2217 3146 92 24 thought
2318 3146 87 26 nothing

1848 3180 64 15 worse
1921 3173 52 22 then
1982 3173 52 22 than
2043 3173 47 22 that
2100 3174 11 21 I
2120 3173 76 22 should
2208 3172 101 28 probably
2320 3172 53 22 have
2383 3174 23 20 to

1847 3201 66 28 spend
1926 3200 30 22 all
1970 3200 60 28 night
2045 3201 22 21 in
2075 3207 12 16 a
2097 3201 55 27 boat,
2170 3208 23 14 ho
2202 3202 57 20 Iran
2269 3203 21 18 to
2300 3207 35 21 my
2346 3200 60 22 cabin

1846 3229 42 21 and
1906 3230 39 26 put
1962 3236 27 14 on
2006 3235 13 15 a
2036 3228 53 27 light
2106 3229 71 21 covert
2194 3229 61 25 coat;
2268 3228 43 22 and
2328 3228 51 22 then
2387 3229 19 20 it

1847 3256 98 22 occurred
1954 3257 23 21 to
1984 3263 33 15 me
2026 3256 47 22 that
2083 3257 10 21 I
2102 3256 42 22 had
2154 3256 69 22 better
2232 3258 39 25 put
2280 3263 27 15 on
2316 3256 37 22 the
2360 3255 36 22 life-

1847 3284 45 22 belt
1901 3284 67 21 which
1978 3290 42 15 was
2032 3283 64 22 above
2109 3290 36 21 my
2154 3283 65 22 bunk.
2246 3284 29 21 So
2285 3284 10 20 I
2304 3283 44 21 tied
2357 3283 49 21 that

1848 3311 66 23 round
1932 3317 34 16 me
1983 3310 27 28 by
2020 3317 38 16 one
2067 3311 22 22 of
2102 3312 37 22 the
2148 3311 84 28 strings.
2260 3311 33 27 T.y
2302 3311 44 21 this
2354 3311 52 21 time

1848 3340 37 21 the
1902 3339 52 22 deck
1972 3346 41 15 was
2031 3341 22 20 at
2070 3340 50 22 such
2139 3346 27 16 an
2180 3339 67 28 angle,
2263 3339 93 27 Blanting
2365 3339 30 21 for-

1848 3367 74 26 wards,
1941 3367 50 22 that
2008 3367 10 21 I
2035 3367 60 22 could
2110 3367 90 27 scarcely
2216 3367 63 21 stand
2288 3374 28 14 on
2325 3367 22 21 it.
2376 3367 31 21 As

1848 3395 37 21 tho
1894 3395 52 21 deck
1955 3396 36 25 got
2000 3396 35 20 too
2043 3396 59 25 steep
2111 3397 22 19 to
2142 3395 55 21 walk
2206 3402 28 14 on
2243 3395 10 21 I
2262 3395 61 21 made
2332 3401 13 14 a
2354 3394 52 21 dash

1848 3428 75 19 across,
1933 3423 37 25 got
1987 3421 49 21 hold
2045 3422 22 21 of
2083 3422 36 21 the
2132 3422 110 21 stanchion
2252 3421 48 22 that
2309 3422 98 26 supports

1848 3450 37 21 the
1894 3450 89 26 awning,
1993 3449 42 22 and
2050 3449 71 23 seated
2136 3449 77 27 myself
2222 3456 28 15 on
2259 3449 36 22 the
2304 3448 101 23 bulwark.

1849 3478 9 19 I
1868 3477 41 20 felt
1918 3483 47 14 sure
1974 3476 27 26 by
2011 3476 42 21 this
2067 3478 51 20 time
2131 3478 48 19 that
2193 3478 37 19 the
2239 3477 46 25 ship
2295 3483 42 14 was
2345 3476 62 26 going

1849 3503 67 26 down,
1927 3502 43 22 and
1979 3502 10 21 I
1999 3503 82 22 wanted
2097 3504 22 21 to
2135 3503 24 22 be
2174 3503 55 22 clear
2238 3502 22 22 of
2269 3502 38 22 the
2315 3502 90 28 awning.

1848 3532 45 21 The
1911 3530 83 23 electric
2011 3530 63 28 lights
2089 3531 104 27 suddenly
2203 3532 56 21 went
2271 3531 75 22 out—l
2360 3537 36 21 sup-

1850 3565 49 21 pose
1909 3559 60 20 when
1979 3558 36 21 the
2024 3560 64 21 water
2096 3560 37 26 got
2142 3560 23 21 to
2173 3560 37 20 the
2219 3559 74 27 engine

1899 3586 66 21 What
1974 3586 100 26 surprises
2083 3593 33 16 me
2131 3587 18 22 is
2160 3586 49 23 that
2222 3586 37 22 the
2268 3586 94 22 collision
2371 3585 36 22 did

1850 3615 37 20 not
1902 3613 59 28 bring
1979 3620 55 15 more
2051 3614 73 28 people
2133 3621 28 19 up
2174 3621 27 15 on
2365 3621 43 14 was

1851 3642 74 26 hardly
1935 3648 70 15 severe
2015 3643 80 25 enough
2110 3645 22 18 to
2147 3642 92 26 frighten
2254 3642 74 27 people
2337 3642 69 21 much.

1850 3670 10 20 I
1870 3675 39 15 can
1918 3668 128 22 understand
2055 3676 12 14 a
2076 3676 49 20 very
2135 3669 68 22 sound
2218 3670 81 26 sleeper
2307 3671 38 19 not
2354 3676 53 14 even

1850 3696 61 27 being
1919 3696 113 22 awakened
2041 3696 27 27 by
2083 3697 24 21 it.
2135 3697 11 21 I
2159 3704 42 14 saw
2217 3704 38 14 one
2271 3697 50 21 boat
2336 3703 72 20 swung

1851 3725 44 25 out,
1905 3723 42 22 and
1956 3730 23 15 as
1988 3723 37 22 the
2033 3723 47 25 ship
2086 3724 52 22 sank
2147 3725 18 21 it
2172 3731 58 15 came
2237 3725 45 21 into
2292 3724 36 22 the
2334 3726 73 24 water,

1850 3751 39 22 but
1907 3751 18 22 it
1943 3758 42 16 was
2002 3758 62 15 never
2081 3752 117 27 unhooked,
2218 3751 42 23 and
2278 3758 42 16 was
2337 3755 69 25 upset.

1851 3779 44 21 The
1905 3781 51 19 next
1970 3779 60 27 thing
2043 3780 47 21 that
2107 3781 109 26 happened
2232 3787 42 14 was
2290 3780 48 22 that
2347 3781 10 20 I
2367 3787 41 14 was

1852 3807 21 21 in
1886 3807 37 21 the
1942 3808 71 20 water.
2039 3807 44 21 The
2100 3807 49 24 ship
2166 3807 83 22 seemed
2263 3809 22 20 to
2299 3808 111 27 disappear

1852 3834 54 22 from
1916 3834 130 22 underneath
2056 3842 39 17 me,
2105 3835 42 22 and
2163 3835 10 21 I
2187 3835 82 27 pushed
2284 3835 78 27 myself
2372 3835 35 26 off,

1853 3862 44 21 first
1911 3861 21 22 of
1951 3862 29 21 all
1997 3861 54 22 from
2069 3862 36 21 the
2122 3863 39 20 rail
2176 3863 43 21 and
2236 3863 52 20 then
2304 3863 54 21 from
2372 3863 37 20 the

1852 3889 71 22 chains
1932 3890 24 20 at
1965 3889 36 22 the
2011 3890 37 27 top
2054 3889 22 22 of
2085 3890 36 21 the
2130 3890 82 27 awning
2222 3896 23 15 as
2253 3889 52 28 they

1969 3917 60 21 there
2046 3924 26 14 no
2267 3918 44 21 Not
2333 3918 22 20 in
2372 3918 38 20 the

1853 3944 59 21 least.
1940 3944 44 21 The
2002 3944 47 26 ship
2066 3944 76 28 simply
2160 3945 53 20 sank
2229 3944 42 21 and
2289 3944 37 21 the
2344 3948 66 17 water

1853 3971 69 22 closed
1935 3978 49 15 over
1992 3971 43 26 her,
2045 3972 42 22 and
2097 3972 9 22 I
2116 3979 42 15 was
2167 3972 40 22 left
2217 3972 86 27 floating

1963 4005 62 20 many
2036 4000 71 27 people
2116 4000 81 21 besides
2211 4000 94 26 yourself
2321 4007 54 14 were
2389 4000 22 21 in

1853 4026 37 22 the
1900 4028 64 20 water
1971 4026 8 23 \
2063 4028 61 21 could
2133 4030 38 19 not
2180 4027 45 26 tell,
2236 4027 87 22 because
2336 4028 22 21 of
2373 4028 38 21 the

1853 4054 106 24 darkness,
1970 4054 38 19 but
2017 4054 59 20 there
2085 4061 41 14 was
2139 4061 14 14 a
2239 4054 48 21 deal
2302 4055 22 20 of
2339 4055 60 20 shout-

1853 4080 41 27 ing,
1905 4087 27 14 an
1933 4080 20 25 J,
1964 4080 105 28 strangely
2079 4081 88 27 enough,
2178 4082 18 21 it
2206 4088 41 15 was
2253 4081 58 27 quite
2317 4080 94 23 cheerful

1853 4108 23 22 8b
1879 4108 79 26 outing.
1987 4108 47 22 You
2047 4109 60 22 could
2125 4109 50 22 hear
2192 4109 74 28 people
2282 4109 77 27 calling
2373 4111 39 20 out

1854 4136 53 22 from
1917 4136 29 22 all
1955 4136 111 22 directions
2083 4137 54 21 'Are
2151 4144 43 20 you
2209 4137 86 21 there?'
2315 4137 34 21 'ls
2363 4137 49 22 that

1853 4169 42 21 you
1902 4162 37 29 ?''
1945 4164 56 20 Who
2006 4164 53 20 have
2067 4171 40 18 you
2116 4165 37 26 got
2159 4165 51 20 with
2217 4171 43 19 you
2267 4162 19 29 ?'
2295 4164 43 22 and
2347 4171 23 15 so
2377 4171 33 19 on,

1854 4191 39 20 but
1901 4191 38 20 not
1953 4190 32 20 for
1999 4190 55 26 long.
2081 4191 45 21 Out
2141 4191 22 20 of
2177 4191 38 20 the
2231 4192 61 25 upset
2306 4191 48 21 boat
2370 4191 41 21 had

1854 4223 58 15 come
1921 4217 37 21 the
1967 4223 45 15 oars
2021 4216 41 22 and
2072 4218 36 21 the
2117 4224 48 21 spar
2173 4218 49 20 that
2231 4218 49 20 held
2291 4218 35 21 the
2336 4224 76 16 canvas

1855 4252 59 16 cover
1931 4251 68 17 across
2017 4244 36 23 the
2070 4247 37 26 tdp
2124 4245 23 23 of
2164 4245 23 27 it,
2203 4245 42 23 and
2263 4247 23 21 to
2304 4245 60 23 these
2382 4253 30 15 we

1854 4274 69 25 clung.
1950 4274 20 21 A
1991 4275 83 24 strange
2095 4280 87 18 woman,
2203 4274 68 21 whom
2288 4274 11 21 I
2316 4275 37 21 did
2375 4277 37 19 not

1854 4301 68 23 know,
1932 4300 78 25 caught
2025 4306 32 14 me
2066 4301 27 24 by
2107 4301 37 19 the
2153 4301 59 23 neck,
2222 4300 38 20 but
2271 4301 9 19 I
2287 4301 125 25 disengaged

1856 4325 74 28 myself
1942 4325 54 22 from
2006 4325 37 22 her
2052 4332 66 21 grasp,
2128 4327 42 21 and
2180 4325 73 29 placed
2262 4326 38 22 her
2309 4326 68 22 hands
2386 4333 27 15 on

1855 4354 37 23 the
1906 4360 54 22 spar,
1970 4355 22 21 to
2001 4353 67 23 which
2080 4355 37 22 she
2132 4355 62 27 clung
2209 4354 32 22 for
2256 4361 13 15 a
2286 4354 57 23 little
2361 4355 52 23 time

1854 4382 43 23 and
1905 4383 52 21 then
1966 4383 79 26 slipped
2055 4383 34 22 off.
2117 4383 67 22 There
2193 4383 70 22 would
2276 4382 26 23 be
2318 4383 57 27 eight
2390 4390 23 15 or

1855 4411 49 21 nine
1912 4417 28 14 on
1949 4410 36 21 the
1994 4416 47 21 spar
2049 4412 23 19 at
2080 4411 48 21 that
2139 4411 57 21 time.
2224 4411 69 21 When
2307 4411 38 21 the
2359 4411 54 26 light

1855 4444 64 19 came,
1937 4437 102 26 however,
2055 4437 58 22 there
2128 4444 54 15 were
2196 4437 49 28 only
2261 4438 60 21 three
2336 4437 22 22 in
2376 4438 36 21 the

1856 4465 64 20 midst
1929 4465 22 20 of
1961 4465 36 20 the
2006 4465 103 26 wreckage
2119 4465 42 20 and
2176 4465 81 21 banana
2266 4467 73 18 crates.
2368 4465 44 20 The

1857 4492 59 21 three
1925 4498 27 15 on
1963 4491 35 22 the
2007 4496 47 21 spar
2069 4498 46 14 now
2130 4498 54 15 were
2198 4492 52 20 Ellis
2268 4491 41 22 and
2325 4492 88 21 another

1856 4518 85 23 man—l
1951 4518 62 22 think
2022 4518 66 23 either
2102 4525 13 16 a
2130 4518 57 23 third
2197 4519 53 22 class
2265 4525 110 21 passenger
2390 4525 23 15 or

1856 4553 39 16 one
1904 4546 22 22 of
1940 4546 37 21 the
1991 4552 59 15 crew*
2076 4546 56 21 That
2150 4547 69 20 would
2237 4546 25 21 lie
2277 4546 64 21 about
2360 4546 43 21 half-

1856 4576 48 26 past
1912 4574 60 21 three
1980 4580 23 15 or
2012 4572 52 23 four.
2091 4574 51 21 This
2158 4574 104 21 unknown
2272 4580 49 15 man
2331 4573 82 21 seemed

1857 4604 22 21 to
1888 4602 40 28 slip
1942 4601 90 27 through
2046 4601 32 20 his
2092 4601 100 25 lifebuoy.
2220 4602 10 19 I
2246 4607 42 14 saw
2303 4601 43 20 him
2365 4601 49 19 Uoat

1856 4637 67 21 away,
1942 4637 26 19 go
1986 4628 66 24 round
2069 4635 51 14 once
2137 4635 23 13 or
2179 4627 66 24 twice,
2262 4626 42 23 and
2320 4626 52 22 then
2389 4633 26 20 go

1857 4659 67 21 down.
1952 4658 11 21 I
1972 4654 85 29 gripped
2072 4654 50 23 hold
2137 4654 23 23 of
2177 4655 31 22 his
2224 4654 94 27 lifebuoy
2326 4653 43 24 and
2379 4654 36 27 got

1858 4686 45 20 into
1912 4686 23 19 it.
1964 4684 52 20 Ellis
2025 4689 41 14 was
2076 4683 60 26 using
2145 4689 13 14 a
2166 4682 101 26 lifebuoy.
2300 4682 34 21 He
2349 4682 66 21 undid

1857 4719 35 21 my
1903 4712 53 26 coat,
1968 4710 49 22 took
2026 4716 34 21 my
2071 4709 57 23 knife
2138 4711 37 21 out
2186 4709 22 23 of
2222 4710 44 21 this
2282 4709 80 28 pocket,
2373 4708 42 23 and

1857 4742 36 20 cut
1903 4741 29 19 off
1941 4739 36 21 the
1987 4745 58 19 ropes
2054 4738 54 21 from
2118 4738 36 21 the
2166 4738 100 26 lifebuoy,
2277 4738 42 21 and
2333 4739 36 25 got
2383 4738 32 20 his

1858 4774 48 21 spar
1912 4766 42 22 aud
1964 4772 35 20 my
2010 4771 46 21 spar
2065 4764 44 22 tied
2124 4765 95 26 together
2235 4764 51 22 with
2302 4771 12 15 a
2328 4765 56 26 piece
2393 4764 22 21 of

1858 4794 89 29 grating,
1958 4792 41 24 and
2008 4791 60 23 made
2076 4799 13 15 a
2098 4793 65 26 rough
2173 4792 89 27 triangle
2272 4799 27 15 on
2308 4792 67 22 which
2386 4798 30 15 we

1858 4824 34 21 sat
1900 4824 23 20 at
1932 4821 95 28 opposite
2043 4820 56 22 ends.
2133 4821 51 21 This
2198 4820 90 22 relieved
2306 4826 38 15 our
2360 4826 56 16 arms

1860 4851 53 21 from
1922 4850 38 20 the
1973 4848 79 25 fatigue
2066 4848 22 20 of
2104 4848 90 25 hanging
2211 4855 34 14 on.
2281 4848 11 20 I
2309 4854 42 15 was
2365 4854 50 19 very

1861 4877 63 22 weak.
1952 4875 53 22 Ellis
2019 4880 40 14 wan
2074 4881 49 20 very
2142 4875 101 24 cheerful,
2258 4875 42 21 and
2315 4881 31 14 we
2363 4881 54 14 were

1860 4905 82 26 looking
1951 4904 38 21 out
1998 4902 32 22 for
2039 4901 54 23 land.
2121 4902 11 22 I
2141 4909 41 16 saw
2193 4902 49 23 land
2252 4902 161 25 first—Ushant,

1860 4934 11 21 I

1961 4959 52 21 Ellis
2028 4964 36 19 say
2079 4958 104 27 anything
2198 4959 22 20 to
2236 4958 67 22 throw
2311 4964 41 20 any
2363 4957 54 26 light

1860 4994 56 20 upon
1925 4986 37 21 the
1972 4983 63 29 slap's
2043 4991 77 19 course,
2137 4992 23 14 or
2175 4985 36 21 the
2221 4985 119 25 navigation
2349 4984 68 21 which

1860 5014 42 23 had
1919 5013 35 22 led
1970 5014 22 21 to
2008 5011 36 22 the
2060 5011 89 23 disaster
2227 5013 46 25 No;
2292 5012 33 22 for
2340 5012 27 21 he
2375 5010 42 23 had

1860 5042 52 22 been
1921 5049 26 14 on
1957 5040 37 22 the
2010 5039 69 27 bridge
2093 5040 33 21 for
2141 5040 58 27 eight
2213 5040 70 25 hours,
2299 5039 41 22 and
2349 5040 18 21 it
2376 5045 41 15 was

1860 5070 33 22 his
1907 5068 69 23 watch
1991 5068 22 21 to
2027 5072 25 22 go
2066 5073 26 16 on
2107 5068 23 21 at
2146 5067 111 28 midnight.
2285 5067 36 23 All
2332 5067 26 22 he
2373 5065 44 23 said

1861 5105 54 15 was:
1932 5097 5 11 '
1945 5097 9 21 I
1964 5094 82 23 wonder
2055 5094 57 23 what
2121 5096 37 21 the
2166 5096 56 21 devil
2231 5096 52 26 they
2293 5101 54 16 were
2356 5094 61 26 doing

1862 5126 51 20 with
1923 5124 51 21 her.'
2001 5122 39 21 His
2048 5122 54 21 head
2112 5129 42 14 was
2163 5124 83 19 thrown
2255 5123 52 20 back
2316 5129 57 19 upon
2382 5122 35 19 the

1861 5152 65 21 water
1942 5150 50 21 with
2008 5149 32 20 his
2054 5148 46 22 face
2116 5150 103 26 upwards,
2234 5149 42 21 and
2290 5155 61 19 every
2361 5154 56 15 wave

1862 5178 62 22 broke
1933 5183 49 16 over
1991 5176 24 26 it,
2025 5182 22 15 so
2055 5175 34 22 for
2097 5182 36 22 my
2143 5178 48 26 part
2199 5176 11 22 I
2218 5183 34 16 am
2266 5174 113 24 convinced
2392 5174 25 22 he

1862 5214 42 16 was
1925 5205 54 24 dead
2001 5204 47 27 long
2069 5203 71 24 before
2161 5205 52 27 they
2230 5204 74 29 picked
2321 5204 42 23 him
2382 5209 35 21 up,

1860 5234 103 26 although
1972 5234 50 24 they
2032 5232 80 22 relived
2120 5234 49 20 that
2177 5233 28 21 he
2213 5233 55 21 lived
2285 5233 33 21 for
2331 5239 13 14 a
2361 5231 56 22 short

1862 5262 51 22 time

1954 5287 57 23 what
2025 5286 25 23 do
2067 5294 40 17 you
2116 5288 102 22 attribute
2232 5295 54 19 your
2295 5294 72 20 escape
2373 5285 45 22 ?'—

1886 5315 82 26 Chiefly
1977 5316 23 20 to
2008 5314 38 21 the
2054 5314 43 22 fact
2107 5315 47 21 that
2168 5315 11 21 I
2192 5322 63 14 never
2263 5315 42 21 lost
2314 5314 67 22 heart.
2409 5312 9 21 I

1862 5350 42 16 was
1922 5341 104 23 confident
2043 5340 28 22 all
2086 5341 37 23 the
2141 5342 51 22 time
2210 5341 48 23 that
2276 5341 10 23 I
2304 5340 75 23 should
2394 5339 24 22 be

1862 5371 69 23 saved.
1959 5370 46 22 One
2013 5368 23 22 of
2048 5369 37 22 the
2100 5376 72 17 causes
2180 5370 24 22 of
2212 5376 36 21 my
2258 5375 79 22 escape,
2349 5369 41 24 too,
2406 5368 11 20 I

1863 5399 69 24 think,
1943 5404 42 15 was
1996 5397 36 21 the
2045 5396 44 22 fact
2098 5397 23 22 of
2135 5404 36 20 my
2180 5398 76 26 having
2272 5399 59 19 extra
2340 5395 78 23 clothes

1863 5433 33 18 on,
1906 5425 43 21 and
1957 5423 104 23 therefore
2069 5423 61 28 being
2145 5425 92 26 guarded
2250 5425 54 21 from
2314 5423 104 25 becoming

1862 5452 65 22 numb
1935 5452 55 22 from

1983 5485 43 21 you
2040 5484 41 21 any
2095 5479 74 26 theory
2186 5480 22 21 of
2222 5480 36 21 the
2267 5475 153 26 accident';"—

1884 5508 62 21 None
1954 5507 110 21 whatever.
2091 5507 11 21 I
2110 5513 40 16 can
2158 5507 50 28 only
2218 5513 89 22 suppose
2321 5506 49 21 that
2383 5505 37 21 the

1863 5534 133 24 Drummond
2004 5533 69 22 Castle
2083 5541 41 16 was
2133 5536 67 26 swept
2208 5536 38 21 out
2260 5535 22 21 of
2298 5534 37 21 her
2349 5538 71 16 course

1863 5562 28 28 by
1900 5562 38 22 the
1945 5564 72 24 strong
2025 5564 89 19 current.
2142 5562 22 21 It
2173 5562 50 22 took
2237 5569 24 14 us
2275 5563 37 20 out
2326 5560 94 22 between

1863 5590 37 22 the
1910 5590 42 22 two
1961 5588 78 23 islands
2048 5589 55 22 until
2112 5588 37 23 the
2158 5590 45 21 tide
2217 5589 84 26 turned,
2311 5587 43 24 and
2370 5587 50 22 then

1863 5618 19 21 it
1899 5617 49 22 took
1966 5623 24 15 us
2002 5615 30 22 all
2046 5616 37 21 the
2098 5623 46 19 way
2162 5616 52 22 back
2229 5616 67 27 again.
2324 5615 36 21 All
2378 5614 43 21 this

1863 5644 53 22 time
1932 5643 11 22 I
1957 5650 42 15 saw
2013 5648 42 19 auy
2069 5645 88 20 amount
2171 5644 23 21 of
2208 5649 88 21 corpses.
2324 5642 10 21 I
2343 5648 42 15 saw
2394 5647 27 15 no

1863 5672 61 21 boats
1933 5671 55 22 until
1997 5670 63 21 about
2069 5670 72 22 eleven
2156 5670 83 22 o'clock.
2267 5670 52 21 Ellis
2334 5675 42 15 was
2392 5668 19 20 in-

1863 5698 96 26 sensible,
1976 5697 37 22 but
2029 5696 25 23 he
2069 5704 41 17 was
2124 5698 46 22 still
2187 5698 21 23 in
2218 5698 32 22 his
2260 5697 100 27 lifebuoy.
2388 5695 33 21 He

1863 5727 42 23 had
1914 5726 78 23 drifted
2001 5731 58 20 away
2069 5726 54 23 from
2132 5727 37 23 the
2175 5726 97 27 triaugle.
2300 5726 33 21 On
2339 5724 82 28 jessing

1864 5762 39 15 oue
1912 5755 54 21 body
1975 5755 25 20 he
2010 5753 40 24 had
2060 5751 57 28 said:
2135 5755 52 23 'We
2201 5754 54 24 shall
2269 5754 50 23 both
2328 5759 51 17 soon
2397 5751 24 24 be

1990 5780 6 18 1

2545 180 61 22 thiak
2616 180 17 21 it
2642 178 98 28 probable
2750 178 48 21 that
2811 177 37 22 the

2440 209 36 22 the
2493 214 121 23 passengers
2631 208 58 20 went
2710 206 61 22 down
2793 206 20 20 in
2837 204 36 22 the
2895 204 62 26 ship'.'

2463 237 41 19 Yes
2513 243 7 18 ;
2534 237 37 19 bnt
2581 235 51 26 they
2643 234 60 21 made
2713 241 27 13 n:>
2754 233 67 20 sound
2836 233 74 24 except
2923 232 45 24 just
2978 237 22 14 as

2438 263 37 23 the
2497 262 47 29 ship
2565 260 143 29 disappeared.
2744 260 68 21 There
2834 264 42 15 was
2898 263 39 16 one
2955 263 33 21 pro-

2438 291 74 28 longed
2522 297 116 16 scream—a
2647 287 99 25 woman's
2755 294 85 19 scream,
2851 287 37 21 not
2903 292 28 16 an
2946 284 44 23 ordi-

2438 327 52 20 nary
2505 320 59 21 short
2579 326 44 19 cry,
2634 317 39 22 but
2692 324 12 15 a
2720 317 49 25 long
2783 315 43 27 yell
2841 315 41 21 like
2898 314 37 20 the
2945 313 55 21 blast

2437 348 23 20 of
2468 353 12 16 a
2490 348 67 20 steam
2567 345 89 22 whistle.
2684 344 57 21 That
2757 349 42 15 was
2812 342 30 21 all
2854 342 11 20 I
2875 341 71 21 heard.
2975 341 25 19 In

2438 375 50 25 fact,
2499 374 37 22 the
2552 374 47 26 ship
2614 373 57 21 went
2687 371 61 22 down
2764 377 22 15 so
2796 369 84 28 quickly
2891 368 48 22 that
2948 374 52 15 even

2437 404 22 19 to
2469 403 37 20 the
2515 401 74 27 people
2597 407 27 14 on
2633 400 52 20 deck
2694 400 18 19 it
2727 397 70 22 would
2811 397 25 21 be
2851 395 149 26 touch-and-go

2438 428 94 21 whether
2541 428 51 25 they
2602 426 61 22 could
2671 427 37 25 get
2717 431 49 15 over
2775 424 37 21 the
2821 423 44 21 side
2875 430 23 14 or

2590 464 76 18 ABOUT
2680 463 48 17 THE
2743 461 101 18 VICTIMS.

2464 490 48 25 The
2520 490 85 24 officers
2616 489 23 24 of
2650 488 39 24 the
2698 487 76 25 Castle
2781 486 45 24 line
2837 486 22 23 in
2867 484 131 24 Fenchurch

2436 524 72 21 street
2522 528 59 15 were
2600 526 30 17 on
2649 519 115 28 Saturday
2783 517 45 23 and
2844 516 101 29 Monday
2960 515 38 23 the

2436 559 64 16 scene
2524 552 24 22 of
2572 557 67 23 many
2663 548 113 24 incidents
2795 547 24 23 of
2838 545 95 31 anguish
2953 545 45 22 and

2436 583 89 28 misery.
2556 583 34 21 On
2602 580 100 29 Monday
2713 579 39 23 the
2762 577 50 24 firm
2830 578 66 29 again
2912 576 86 30 opened

2437 613 59 22 their
2512 612 67 22 doors
2594 610 81 22 earlier
2692 609 56 22 than
2765 607 40 23 the
2821 607 64 22 usual
2903 606 57 22 hour
2975 607 23 21 in

2435 642 66 23 order
2517 642 52 23 that
2583 641 39 22 the
2637 642 96 21 streams
2743 638 23 23 of
2775 638 95 23 anxious
2887 637 111 29 inquirers

2436 672 73 31 might
2532 670 112 24 ascertain
2668 670 40 23 the
2732 668 69 24 latest
2825 674 61 17 news
2910 670 25 21 at
2958 667 40 23 the

2435 703 92 23 earliest
2543 701 97 31 possible
2657 703 107 20 moment.
2796 698 48 24 The
2858 698 50 23 first
2918 698 80 23 visitor

2436 740 44 15 was
2499 740 30 15 an
2548 731 148 23 unfortunate
2715 736 76 23 young
2807 728 54 30 lady
2881 728 51 22 who
2952 728 45 22 had

2435 762 97 24 hovered
2543 761 72 24 round
2625 761 40 23 the
2675 761 75 22 offices
2759 759 83 29 during
2852 758 65 23 three
2932 758 63 30 days,

2434 793 44 23 and
2489 792 66 24 could
2565 794 42 21 not
2616 792 28 23 be
2661 790 123 23 convinced
2802 790 51 22 that
2870 790 40 21 her
2925 789 70 26 lo*-er,

2435 824 50 23 who
2519 830 45 16 was
2607 830 28 15 on
2679 821 69 23 board
2792 820 39 23 the
2870 820 26 22 ill
2910 833 7 4 -
2934 819 62 23 fated

2435 855 78 27 vessel,
2538 854 20 22 is
2581 852 123 23 numbered
2734 853 104 28 amengst
2863 851 38 22 the
2930 850 64 23 dead.

2433 885 49 23 The
2516 883 81 31 kindly
2624 889 107 23 manager
2762 881 22 24 of
2814 881 40 23 the
2877 888 120 23 passenger

2433 915 145 30 department
2602 914 66 29 again
2692 912 45 23 and
2761 912 66 30 again
2856 911 140 23 endeavored

2435 949 23 19 to
2488 944 97 24 comfort
2615 944 39 22 the
2685 942 61 30 lady,
2778 941 52 28 and,
2857 942 86 29 though
2967 948 30 16 no

2435 979 68 27 hopes
2526 974 67 25 could
2616 974 29 24 be
2668 973 83 24 offered
2777 975 24 21 to
2825 972 46 29 her,
2898 973 39 22 she
2960 974 37 21 sat

2433 1006 93 30 silently
2544 1006 23 24 in
2584 1006 40 24 the
2643 1005 63 24 office
2725 1004 94 30 waiting
2840 1009 25 18 to
2883 1002 55 25 hear
2957 1003 38 24 the

2433 1037 138 30 cablegrams
2579 1039 25 21 to
2612 1036 39 24 the
2661 1042 110 23 company
2779 1035 58 23 from
2845 1034 60 23 their
2913 1034 82 29 special

2433 1070 80 28 agents
2523 1067 53 23 read
2593 1066 68 24 aloud
2678 1067 24 22 in
2719 1066 39 22 the
2776 1064 117 24 corridors.
2925 1064 70 30 Many

2434 1097 161 29 heartrending
2604 1096 124 30 spectacles
2738 1096 57 22 have
2805 1095 56 22 been
2873 1095 121 22 witnessed

2433 1128 60 24 since
2513 1128 39 24 tho
2576 1126 115 32 reception
2715 1125 23 24 of
2762 1125 40 24 the
2825 1132 61 16 news
2910 1124 23 24 of
2957 1124 38 23 the

2433 1159 115 30 calamity,
2560 1159 42 23 but
2611 1166 59 16 none
2682 1157 64 30 quite
2762 1164 24 16 so
2803 1156 133 31 distressing
2950 1156 45 24 and

2433 1190 103 28 hopeless
2552 1197 25 14 as
2596 1190 58 21 hers.
2685 1189 71 27 Many
2773 1188 95 22 anxious
2888 1187 107 29 inquiries

2434 1225 57 16 were
2501 1218 48 23 also
2559 1218 65 23 made
2634 1218 128 30 respecting
2772 1218 39 23 the
2825 1224 58 17 crew
2899 1217 29 29 by
2939 1216 56 30 aged

2433 1249 100 25 mothers
2550 1248 45 25 and
2612 1249 76 28 wives,
2704 1255 62 17 some
2783 1248 57 24 with
2856 1247 99 25 children
2972 1248 23 23 in

2433 1281 61 22 their
2512 1287 60 15 arms
2591 1280 45 22 and
2660 1282 25 20 at
2704 1279 60 23 their
2783 1279 55 23 side.
2878 1278 39 23 All
2937 1286 58 15 were

2432 1309 176 31 grief-stricken,
2619 1309 42 23 but
2671 1308 152 23 nevertheless
2837 1308 49 23 still
2904 1308 91 30 hopeful

2433 1341 52 22 that
2500 1347 61 16 aews
2576 1340 75 29 might
2670 1340 27 22 be
2716 1339 102 23 received
2837 1339 87 29 stating
2944 1338 51 23 that

2433 1371 60 23 their
2503 1370 64 24 loved
2579 1378 53 15 ones
2642 1370 45 22 had
2697 1369 109 29 managed
2818 1372 23 20 to
2851 1376 85 22 escape.

2461 1402 21 21 A
2492 1408 70 22 paper
2577 1399 120 31 published
2713 1403 25 20 at
2748 1400 57 22 East
2819 1399 60 23 Ham
2894 1401 101 20 narrates

2433 1438 13 15 a
2459 1430 141 23 remarkable
2616 1430 141 23 coincidence
2774 1430 98 28 relating
2889 1432 24 19 to
2931 1429 26 22 K.
2970 1428 23 23 J.

2433 1460 85 28 Boetie,
2531 1461 39 22 the
2586 1460 63 24 third
2666 1461 113 29 engineer,
2791 1459 51 23 who
2852 1458 103 30 perished
2967 1465 28 15 on

2435 1491 38 22 the
2490 1490 140 24 Drummond
2647 1490 84 28 Castle,
2743 1490 45 23 and
2806 1490 50 22 who
2874 1488 88 24 resided
2973 1488 22 22 in

2434 1520 39 22 the
2484 1520 99 29 locality.
2615 1520 37 23 Mr
2667 1520 86 27 Beetie,
2765 1520 40 22 the
2815 1519 77 23 writer
2910 1518 84 27 stated,

2433 1556 47 17 was
2489 1552 41 21 not
2539 1550 157 30 permanently
2707 1549 107 24 attached
2832 1552 24 20 to
2866 1549 39 23 the
2915 1548 64 23 Drum-

2434 1580 67 23 mond
2511 1580 84 23 CasJe.
2627 1580 35 23 He
2673 1580 109 30 belonged
2793 1583 24 20 to
2827 1587 13 15 a
2850 1580 67 22 sister
2925 1578 72 23 vessel

2433 1610 24 22 of
2471 1610 40 22 the
2530 1617 60 15 same
2607 1610 52 27 line,
2677 1610 41 22 but
2736 1611 23 21 in
2779 1616 150 21 consequence
2946 1608 23 22 of
2984 1615 13 14 a

2434 1639 86 23 certain
2530 1639 109 23 domestic
2649 1643 68 20 event
2734 1639 28 23 he
2772 1639 70 23 asked
2852 1646 28 15 an
2891 1638 105 30 engineer

2434 1669 80 24 named
2524 1670 100 24 Chassen
2640 1679 29 14 on
2686 1670 40 24 the
2738 1669 139 24 Drummond
2887 1668 77 25 Castle
2974 1670 24 21 to

2434 1701 86 27 change
2535 1700 78 23 berths
2624 1701 56 22 with
2697 1701 46 22 him
2759 1701 35 22 for
2809 1708 43 14 one
2868 1707 94 21 voyage,
2974 1706 24 14 so

2435 1730 52 23 that
2497 1730 28 22 he
2536 1729 95 28 (Beetie)
2642 1729 66 23 could
2722 1729 85 23 remain
2818 1737 12 14 a
2840 1728 63 23 week
2921 1728 77 29 longer

2434 1763 25 21 at
2470 1759 71 25 home.
2572 1760 100 24 Chassen
2687 1760 82 30 agreed
2786 1759 45 24 and
2849 1762 61 20 went
2920 1761 40 21 out
2975 1758 23 23 in

2434 1791 97 22 Beetie's
2555 1790 78 22 vessel.
2664 1790 79 22 Beetie
2768 1789 105 22 followed
2898 1796 13 14 a
2936 1788 62 22 week

2434 1820 59 28 later
2510 1820 23 23 in
2549 1820 40 24 the
2598 1818 141 26 Drummond
2749 1819 77 25 Castle
2840 1822 24 21 to
2875 1818 35 24 his
2920 1817 76 25 death.

2434 1852 55 23 This
2496 1851 76 29 iaonly
2577 1855 52 25 part
2635 1851 23 23 of
2666 1851 39 23 the
2713 1854 70 25 story.
2803 1851 48 22 The
2857 1850 141 23 coincidence

2435 1882 94 22 follows.
2560 1881 55 23 This
2634 1881 19 22 is
2673 1881 38 22 the
2730 1881 82 22 second
2830 1881 55 21 time
2900 1879 98 23 Chassen

2435 1912 39 23 has
2492 1911 110 30 similarly
2612 1910 96 30 escaped
2724 1910 67 30 being
2809 1918 28 14 on
2855 1917 29 15 an
2900 1909 98 23 ill-fated

2435 1943 57 30 ship.
2510 1943 21 23 A
2541 1942 43 24 few
2595 1949 65 23 years
2670 1949 42 22 ago
2723 1940 28 24 he
2758 1940 65 24 made
2831 1948 14 16 a
2852 1940 131 30 correspond-

2435 1975 38 28 ing
2491 1978 129 23 temporary
2636 1972 115 29 exchange
2771 1974 24 20 to
2812 1971 74 30 oblige
2903 1971 95 23 another

2435 2003 93 24 brother
2557 2002 83 27 officer,
2670 2001 59 29 who,
2760 2001 46 23 like
2837 2000 85 29 Beetie,
2953 2008 45 16 was

2435 2033 107 25 drowned
2559 2041 28 15 on
2605 2032 40 25 the
2655 2039 93 23 voyage,
2761 2031 74 24 which
2852 2032 23 23 in
2891 2031 38 24 the
2939 2031 47 24 ordi-

2435 2072 57 23 nary
2516 2071 78 18 course
2617 2063 76 23 would
2718 2070 57 15 nave
2799 2062 55 24 been
2879 2062 64 23 made
2967 2062 30 31 by

2435 2097 106 22 Chassen.

2452 2159 75 27 THE
2547 2158 152 28 FUTURE
2713 2158 45 27 OF
2778 2158 198 27 RHODESIA.

2463 2245 28 23 11l
2506 2245 39 23 the
2556 2251 78 17 course
2643 2243 24 24 of
2685 2250 12 16 a
2707 2243 81 30 speech
2799 2245 25 21 to
2835 2243 38 23 the
2884 2242 79 30 people
2973 2242 24 22 of

2434 2275 134 30 Buluwayo,
2587 2275 38 22 Mr
2643 2274 91 23 Rhodes
2749 2273 49 23 said
2817 2274 34 22 his
2861 2273 135 29 aspirations

2434 2307 36 23 for
2488 2306 38 24 the
2544 2306 132 24 settlement
2686 2305 23 24 of
2726 2304 115 24 Rhodesia
2852 2303 66 24 could
2928 2310 68 17 never

2435 2337 57 23 have
2512 2337 54 22 been
2588 2336 95 23 realised
2702 2336 76 22 unless
2799 2335 39 23 the
2858 2335 79 29 people
2952 2334 44 22 had

2435 2367 86 24 carried
2532 2369 41 20 out
2583 2367 35 22 his
2628 2366 69 23 ideas.
2728 2365 49 23 The
2792 2365 87 30 history
2890 2365 23 21 of
2924 2364 58 23 Mata-

2434 2398 104 23 beleland
2556 2405 46 15 was
2612 2405 13 14 a
2643 2396 123 30 repetition
2777 2396 22 22 of
2812 2396 50 22 that
2872 2395 24 22 of
2907 2395 73 22 Masho-

2434 2428 92 28 naland,
2551 2428 43 22 but
2618 2427 39 22 the
2677 2426 142 23 inhabitants
2837 2433 58 14 were
2915 2424 80 23 within

2435 2457 139 25 measurable
2590 2457 103 24 distance
2707 2456 24 24 of
2747 2463 94 17 success.
2881 2455 47 23 The
2944 2455 41 23 rail-

2434 2496 52 23 way
2503 2489 58 23 from
2581 2489 39 22 the
2639 2487 69 24 south
2725 2487 76 22 would
2821 2487 27 22 be
2868 2485 127 30 completed

2434 2520 56 24 with
2502 2520 31 23 all
2543 2518 97 32 possible
2658 2518 75 31 speed.
2766 2517 47 24 The
2824 2516 60 31 Cape
2895 2516 87 24 authori-

2436 2551 42 22 ties
2493 2558 59 14 were
2562 2550 138 27 forwarding
2711 2550 38 21 the
2761 2548 53 22 rails
2824 2551 26 19 at
2861 2548 38 22 the
2910 2550 48 19 rate
2973 2548 23 21 of

2434 2588 42 15 one
2486 2580 52 23 mile
2549 2587 40 23 per
2599 2579 53 30 day,
2669 2578 45 24 and
2733 2578 39 24 the
2783 2577 81 25 metals
2879 2577 75 23 would
2970 2576 26 23 be

2434 2610 46 24 laid
2491 2618 24 16 as
2526 2610 45 24 fast
2581 2618 24 15 as
2624 2610 54 30 they
2689 2617 59 15 were
2763 2611 57 21 sent.
2853 2608 36 23 He
2899 2608 40 23 did
2956 2610 41 20 not

2435 2642 67 22 think
2513 2642 19 21 it
2542 2640 98 30 possible
2651 2643 24 20 to
2685 2640 113 28 complete
2808 2639 40 22 the
2859 2639 45 22 line
2914 2638 82 22 within

2434 2672 39 22 the
2484 2679 61 21 year,
2553 2671 43 22 but
2606 2671 19 22 it
2633 2670 73 30 might
2714 2670 100 29 possibly
2822 2669 66 23 reach
2897 2668 99 30 Palapye

2434 2702 30 30 by
2474 2703 53 22 that
2545 2701 61 24 time.
2638 2701 36 22 He
2692 2699 120 31 expressed
2829 2699 129 23 confidence
2972 2706 24 16 as

2434 2735 24 20 to
2479 2732 39 23 the
2538 2732 83 23 results
2640 2731 24 23 of
2683 2731 39 23 the
2742 2730 159 30 development
2918 2730 23 22 of
2957 2729 39 23 the

2434 2763 77 23 mines.
2550 2762 36 23 He
2602 2762 107 29 deplored
2726 2761 39 23 the
2780 2761 53 30 long
2850 2760 39 23 list
2899 2760 23 23 of
2939 2759 57 24 dead

2434 2792 45 24 and
2489 2792 118 23 wounded.
2639 2791 76 23 Never
2729 2792 23 22 in
2768 2791 39 23 the
2817 2790 88 29 history
2915 2790 24 22 of
2958 2790 38 22 the

2434 2823 61 29 Cape
2506 2822 44 23 had
2561 2823 39 22 the
2612 2821 83 24 Kaffirs
2704 2821 106 23 returned
2819 2828 24 16 so
2850 2821 63 23 often
2923 2823 24 20 to
2958 2820 39 23 the

2434 2854 82 28 charge
2540 2852 59 23 after
2624 2852 67 29 being
2712 2851 112 23 defeated.
2864 2851 74 22 When
2958 2850 38 23 the

2436 2882 115 24 Matabele
2572 2889 57 16 were
2653 2881 144 30 subjugated,
2819 2881 36 23 Sir
2874 2880 122 23 Frederick

2434 2913 136 28 Carrington
2590 2912 44 22 and
2655 2911 37 23 Sir
2709 2911 99 23 Richard
2819 2911 87 22 Martin
2921 2910 75 23 would

2434 2943 70 22 select
2513 2943 55 21 sites
2575 2942 35 22 for
2620 2944 133 27 permanent
2763 2941 63 23 forts.
2852 2941 36 22 He
2896 2948 45 16 was
2949 2947 35 16 sur-

2434 2972 75 30 prised
2518 2972 52 23 that
2579 2972 38 22 the
2628 2971 94 23 farmers
2737 2971 23 22 of
2773 2971 168 22 Matabeleland
2951 2970 44 23 had

2434 3003 58 21 done
2502 3009 24 15 so
2537 3002 51 22 well
2599 3002 61 27 prior
2671 3004 23 19 to
2705 3001 39 22 the
2754 3000 111 22 outbreak
2876 3000 24 22 of
2909 3000 72 21 rinder-

2434 3035 57 27 pest.
2523 3031 61 23 That
2593 3031 86 21 disease
2695 3030 73 28 might
2778 3037 61 14 come
2850 3029 42 22 but
2907 3035 54 15 once
2972 3029 22 21 in

2434 3070 13 15 a
2457 3063 103 28 century,
2572 3061 52 28 and,
2636 3060 57 22 with
2711 3060 61 22 what
2789 3066 46 15 was
2848 3058 111 22 admitted
2972 3061 22 19 to

2434 3093 27 23 be
2472 3092 39 24 the
2521 3092 67 23 finest
2605 3091 91 30 grazing
2713 3092 95 27 country
2826 3090 22 21 in
2865 3089 38 22 the
2914 3087 78 28 world,

2434 3124 40 22 the
2489 3123 76 22 future
2582 3122 129 29 prosperity
2730 3120 23 23 of
2773 3120 39 22 the
2831 3120 94 22 farmers
2949 3125 45 16 was

2434 3153 98 23 assured.
2564 3152 32 22 As
2615 3154 24 20 to
2653 3150 175 29 compensation,
2837 3150 39 21 the
2886 3149 75 22 action
2971 3148 23 22 of

2434 3183 40 23 the
2498 3181 124 24 Chartered
2652 3181 115 29 Company
2791 3186 46 16 was
2861 3178 130 23 creditable.

2435 3213 48 24 The
2492 3212 60 31 Cape
2564 3211 44 24 had
2618 3211 85 30 always
2720 3209 88 24 refused
2827 3208 166 30 compensation

2434 3244 35 24 for
2479 3251 54 20 war,
2545 3243 42 23 but
2604 3242 39 24 the
2659 3244 91 28 present
2766 3240 98 31 position
2882 3239 23 24 of
2921 3238 58 24 Mata-

2435 3274 103 24 beleland
2555 3280 46 16 Mas
2618 3271 188 31 unprecedented.
2848 3271 74 27 Every
2938 3270 44 22 elec-

2435 3306 47 22 tive
2491 3303 60 29 body
2562 3304 23 21 in
2596 3303 40 22 the
2645 3301 147 31 neighboring
2799 3301 76 23 States
2884 3299 44 23 had
2938 3299 55 23 been

2434 3335 126 30 discussing
2589 3333 45 24 and
2665 3332 94 30 settling
2791 3332 38 23 the
2862 3331 76 22 future
2971 3329 23 23 of

2435 3365 114 24 Rhodesia
2566 3365 98 23 without
2680 3364 112 22 reference
2808 3365 24 20 to
2848 3362 39 23 the
2905 3360 74 23 Rhode-

2435 3397 67 26 sians,
2523 3395 45 23 and
2598 3395 98 22 without
2714 3393 141 28 considering
2879 3392 51 22 that
2955 3391 39 22 the

2436 3426 140 23 Rhodesians
2600 3424 45 23 had
2669 3432 12 14 a
2705 3423 63 22 voice
2792 3423 22 22 in
2839 3422 39 22 the
2902 3423 89 20 matter.

2434 3456 137 29 Comparing
2581 3455 39 23 the
2631 3457 95 26 country
2738 3458 23 19 to
2772 3453 38 23 the
2820 3451 141 24 settlements
2972 3450 22 23 of

2436 3487 40 21 the
2491 3485 72 29 Niger
2578 3484 44 23 and
2635 3485 56 21 East
2700 3484 86 26 Africa,
2798 3482 36 22 Mr
2845 3481 91 22 Rhodes
2945 3480 49 23 said

2436 3516 28 23 he
2483 3513 128 26 attributed
2629 3513 38 25 the
2687 3513 81 24 failure
2787 3512 23 24 of
2830 3511 63 24 those
2913 3510 67 30 depen-

2436 3547 90 23 dencies
2541 3549 24 20 to
2582 3546 39 23 the
2637 3545 47 23 fact
2700 3545 52 22 that
2768 3543 38 23 the
2824 3543 89 23 climate
2930 3542 64 22 there

2436 3576 150 24 necessitated
2612 3576 39 22 the
2673 3574 133 31 population
2826 3573 66 29 being
2911 3571 83 29 wholly

2437 3609 92 26 native;
2544 3606 100 24 whereas
2660 3614 28 15 on
2706 3606 39 22 the
2762 3604 135 30 completion
2914 3602 23 23 of
2956 3602 38 23 the

2437 3639 92 29 railway
2535 3637 177 23 Rhodesiamust
2716 3636 89 23 become
2810 3633 87 30 thickly
2901 3632 93 31 peopled

2438 3670 29 29 by
2475 3669 70 23 white
2559 3666 97 24 settlers.
2685 3666 22 23 If
2721 3666 28 22 he
2759 3672 58 16 were
2827 3663 94 24 allowed
2932 3666 22 20 to
2963 3669 21 15 re-

2438 3700 60 22 maiu
2513 3701 25 21 at
2554 3697 63 23 work
2634 3697 56 23 with
2708 3696 62 23 them
2786 3695 27 23 he
2823 3693 80 24 looked
2918 3693 24 22 in
2957 3693 38 22 the

2438 3731 76 22 future
2525 3729 34 23 for
2576 3729 39 22 the
2632 3727 90 24 charter
2738 3729 23 20 to
2773 3726 61 29 lapse
2849 3724 44 23 and
2908 3724 34 22 for
2957 3723 39 22 the

2438 3760 79 31 people
2528 3763 23 20 to
2559 3759 90 23 become
2657 3757 180 31 self-governing.
2869 3754 54 24 This
2931 3753 65 23 could

2439 3793 26 21 be
2476 3789 169 25 consummated
2656 3789 98 23 without
2770 3788 54 22 hurt
2834 3790 23 19 to
2868 3786 39 22 the
2921 3785 61 22 share-

2439 3821 96 24 holders.
2567 3820 36 24 He
2610 3818 111 25 ridiculed
2732 3818 38 23 the
2778 3818 49 22 idea
2834 3817 23 22 of
2864 3815 118 30 amalgama-

2439 3853 49 22 tion
2498 3852 57 22 with
2566 3852 39 22 the
2616 3849 123 24 Transvaal
2746 3856 23 15 or
2781 3847 135 23 annexation
2925 3849 24 19 to
2958 3846 38 21 the

2439 3882 61 30 Cape
2518 3882 23 22 of
2560 3880 137 32 possessions
2716 3882 40 19 not
2775 3876 104 25 bounded
2903 3875 30 30 by
2958 3875 38 23 the

2439 3912 109 24 Zambesi.
2587 3912 54 22 Five
2659 3917 65 23 years
2744 3910 68 21 hence
2829 3906 108 31 probably
2958 3905 39 23 the

2440 3947 58 19 most
2509 3942 104 23 valuable
2623 3941 90 30 portion
2724 3940 23 22 of
2761 3940 38 22 the
2817 3940 94 26 country
2923 3935 74 23 would

2439 3973 28 24 be
2483 3971 129 32 recognised
2630 3979 24 15 as
2669 3971 63 29 lying
2742 3973 24 20 to
2777 3969 38 23 the
2826 3967 66 24 north
2908 3967 22 22 of
2946 3966 51 22 that

2440 4004 67 23 river.
2544 4003 24 23 It
2585 4002 75 23 rested
2680 4002 57 21 with
2758 4000 38 23 the
2815 3998 79 30 people
2915 4000 23 20 to
2963 4004 22 15 co-

2439 4038 93 25 operate
2543 4033 55 23 with
2609 4033 46 22 him
2666 4031 44 23 and
2720 4037 64 23 carry
2795 4032 40 19 out
2846 4029 33 22 his
2890 4028 104 22 schemes.

2441 4065 32 21 At
2483 4067 92 26 present
2589 4063 38 22 the
2638 4061 132 30 population
2784 4066 45 14 was
2840 4061 38 19 too
2888 4057 64 22 small
2963 4056 34 21 for

2440 4094 208 30 self-government,
2667 4091 43 23 but
2725 4088 179 32 representation
2920 4086 22 24 in
2959 4086 38 22 the

2441 4125 137 30 Legislative
2600 4122 93 25 Council
2718 4129 46 15 was
2786 4127 28 16 an
2839 4117 159 25 intermediate

2441 4159 63 26 stage
2526 4159 23 18 to
2573 4155 59 21 their
2658 4153 105 21 ultimate
2787 4150 82 28 object.
2904 4148 24 22 It
2953 4154 45 15 was

2441 4185 129 29 impossible
2580 4185 35 21 for
2626 4183 38 22 the
2675 4182 90 22 charter
2775 4183 24 19 to
2810 4179 83 22 remain
2905 4178 35 22 for
2946 4184 52 15 ever

2441 4214 57 23 with
2518 4222 13 14 a
2548 4214 70 23 white
2635 4211 146 29 community,
2807 4208 42 23 but
2873 4207 65 23 when
2958 4206 40 23 the

2441 4245 131 24 settlement
2583 4244 22 24 of
2623 4244 38 23 the
2677 4244 95 26 country
2782 4247 46 16 was
2842 4239 50 24 first
2909 4236 88 25 mooted

2442 4276 39 22 the
2487 4276 81 22 Crown
2579 4275 45 23 and
2634 4275 61 28 Cape
2707 4272 59 24 alike
2777 4270 99 30 rejected
2888 4270 38 23 the
2938 4268 59 28 task,

2441 4305 44 21 and
2497 4305 35 21 his
2549 4305 97 21 solution
2665 4303 23 21 of
2704 4310 14 13 a
2735 4302 89 21 charter
2835 4307 45 14 was
2890 4298 106 28 adopted.

2441 4334 37 23 He
2488 4333 99 31 thought
2598 4333 38 24 the
2646 4331 79 32 people
2735 4330 64 24 there
2810 4328 73 24 would
2894 4334 69 16 never
2973 4326 26 23 be

2441 4365 113 31 governed
2581 4365 58 23 from
2658 4364 60 30 Cape
2738 4362 77 27 Town,
2836 4359 45 24 and
2907 4357 92 25 advised

2443 4397 61 21 them
2538 4396 85 29 always
2656 4397 23 20 to
2708 4394 27 22 be
2769 4392 91 36 looking
2885 4392 24 21 to
2939 4390 61 23 their

2442 4427 77 21 future
2547 4433 25 15 as
2601 4433 28 14 an
2659 4422 156 31 independent
2843 4421 73 27 State,
2954 4419 45 23 and

2443 4458 23 21 to
2495 4456 57 28 keep
2582 4455 23 22 in
2634 4455 60 22 their
2723 4454 76 21 hearts
2828 4451 40 23 the
2898 4451 51 22 idea
2979 4449 22 23 of

2442 4486 46 22 free
2513 4484 64 23 trade
2601 4484 44 23 and
2660 4484 23 21 of
2707 4482 84 30 speedy
2815 4481 186 23 communication

2443 4515 55 23 with
2510 4515 38 23 the
2559 4514 66 29 Cape.
2657 4514 47 22 The
2723 4513 60 29 Cape
2801 4512 61 28 laws,
2881 4510 56 24 with
2957 4517 33 16 cer-

2444 4546 47 22 tain
2515 4545 163 25 amendments,
2700 4550 58 15 were
2779 4543 38 21 the
2836 4541 50 22 best
2906 4541 34 21 for
2956 4541 45 21 this

2443 4576 103 27 country,
2563 4573 43 22 and
2623 4573 27 22 he
2669 4573 46 21 also
2735 4571 92 23 advised
2848 4571 22 22 in
2892 4570 36 22 the
2948 4576 53 16 near

2443 4605 76 22 future
2538 4611 13 14 a
2571 4606 84 26 system
2675 4602 23 22 of
2718 4602 59 28 joint
2798 4601 99 25 defence,
2918 4599 81 27 which,

2443 4634 101 23 summed
2561 4641 38 22 up,
2615 4631 75 25 would
2707 4639 65 15 mean
2787 4630 142 23 Federation.
2960 4628 27 23 Re-

2443 4672 66 16 cause
2533 4665 23 22 of
2587 4664 38 22 the
2650 4663 146 23 unfortunate
2829 4662 172 22 circumstances

2444 4695 73 22 which
2528 4693 44 24 had
2583 4693 94 23 occurcd
2697 4693 28 22 he
2741 4691 39 23 did
2801 4695 39 19 not
2859 4690 85 29 change
2961 4696 41 15 one

2444 4728 124 21 statement
2577 4733 25 14 or
2612 4731 41 16 one
2664 4723 50 24 idea
2721 4722 66 23 made
2803 4729 25 16 or
2843 4719 118 31 expressed
2972 4719 29 30 by

2445 4756 45 22 him
2502 4756 23 22 in
2542 4755 39 23 the
2591 4755 60 28 Cape
2667 4754 77 22 House
2760 4752 24 23 of
2803 4751 125 29 Assembly.
2959 4750 43 21 His

2445 4786 74 30 policy
2528 4784 44 24 had
2589 4785 84 28 always
2690 4783 55 23 been
2763 4782 198 29 self-government
2978 4780 23 22 in

2446 4817 39 22 the
2504 4816 75 26 north,
2601 4815 44 22 and
2665 4814 18 22 if
2705 4814 28 22 he
2759 4813 44 22 had
2828 4820 13 14 a
2860 4818 40 22 say
2919 4811 23 22 in
2964 4809 37 23 the

2445 4848 97 27 country
2566 4846 35 21 his
2624 4844 75 30 policy
2722 4842 75 23 would
2821 4849 68 14 never
2909 4841 90 28 chaDge.

2446 4876 35 23 He
2492 4875 74 23 would
2578 4875 27 21 be
2615 4881 12 15 a
2639 4880 53 22 very
2703 4872 64 23 small
2779 4872 82 22 human
2871 4870 66 29 being
2947 4870 17 21 if
2975 4870 27 21 lie

2445 4905 87 24 altered
2548 4905 39 23 the
2605 4904 60 23 ideas
2675 4903 24 23 of
2716 4910 13 16 a
2744 4902 100 23 lifetime.
2876 4900 37 23 He
2929 4899 73 30 hoped

2446 4938 39 23 the
2509 4935 80 31 people
2612 4934 75 23 would
2714 4935 96 27 support
2833 4931 47 23 him
2904 4931 22 23 in
2952 4931 50 22 that

2446 4967 82 29 policy,
2540 4965 45 23 and
2596 4965 52 23 that
2661 4964 55 28 they
2726 4962 75 23 would
2811 4962 27 22 be
2853 4961 109 29 prepared
2979 4963 23 19 to

2446 4996 87 24 receive
2543 4995 39 23 the
2592 4994 61 23 ideas
2663 4992 119 24 conceived
2798 4991 30 30 by
2838 4991 47 23 him
2895 4997 24 16 as
2930 4992 24 21 to
2965 4990 37 23 the

2446 5027 65 23 mode
2521 5025 23 24 of
2561 5025 198 29 self-government
2768 5022 45 23 and
2831 5022 39 22 the
2888 5028 75 16 means
2980 5020 22 23 of

2446 5057 92 29 making
2549 5055 113 23 Rhodesia
2672 5060 41 16 one
2723 5053 23 23 of
2757 5053 39 23 the
2805 5052 77 24 States
2892 5051 22 23 of
2930 5051 72 23 South

2447 5088 84 23 Africa.
2817 5110 50 1 __

2475 5150 120 28 RULES
2613 5150 45 25 TO
2680 5148 117 27 AVOID
2818 5147 168 26 BATHING

2616 5184 222 29 FATALITIES.

2476 5263 47 24 The
2533 5261 179 32 LloyalHumane
2720 5260 88 30 Society
2814 5259 57 23 have
2878 5258 75 24 issued
2961 5258 45 23 this

2448 5294 75 23 notice
2532 5296 24 19 at
2566 5293 31 23 all
2606 5292 86 23 seaside
2700 5295 83 19 resorts
2793 5289 109 24 :—Avoid
2912 5289 94 30 bathing

2449 5323 81 24 within
2549 5325 45 20 two
2614 5322 68 22 hours
2700 5321 59 22 after
2774 5328 13 14 a
2806 5319 65 28 meal,
2886 5319 66 22 when
2970 5326 24 15 ex-

2448 5352 97 25 hausted
2564 5351 30 31 by
2613 5352 94 30 fatigue,
2725 5358 26 15 or
2770 5349 64 24 when
2854 5348 39 25 the
2909 5348 59 31 body
2989 5349 18 22 is

2449 5384 88 29 cooling
2553 5383 59 23 after
2629 5381 156 31 perspiration.
2817 5380 75 23 Avoid
2911 5380 95 30 bathing

2449 5413 127 29 altogether
2592 5413 23 22 in
2636 5412 38 22 the
2691 5418 58 22 open
2764 5411 35 22 air
2814 5411 25 26 if,
2850 5410 60 23 after
2925 5410 82 30 having

2449 5443 55 24 been
2515 5450 14 15 a
2538 5442 64 23 short
2612 5442 54 23 time
2683 5441 24 22 in
2724 5440 39 23 the
2778 5442 78 26 water,
2873 5440 19 23 it
2908 5447 77 16 causes
2995 5448 12 15 a

2449 5481 63 17 sense
2531 5473 23 23 of
2573 5472 122 27 chilliness,
2714 5471 57 24 with
2789 5470 121 23 numbness
2927 5474 24 20 to
2970 5470 37 24 the

2449 5503 72 24 hands
2540 5502 45 23 and
2603 5502 53 23 feet.
2687 5501 74 23 Bathe
2780 5501 65 23 when
2860 5501 39 23 the
2914 5500 60 30 body
2989 5501 18 23 is

2450 5541 76 21 warm,
2545 5532 109 31 provided
2671 5540 29 14 no
2716 5532 54 23 time
2787 5531 19 23 is
2822 5531 45 24 lost
2881 5532 23 22 in
2919 5531 88 31 getting

2450 5566 48 22 into
2518 5564 39 23 the
2577 5565 76 21 water.
2684 5562 75 22 Avoid
2778 5561 94 31 chilling
2892 5562 39 23 the
2948 5561 59 31 body

2450 5595 30 30 by
2499 5594 81 28 sitting
2604 5592 122 24 undressed
2749 5592 60 23 after
2839 5592 84 30 having
2953 5592 54 23 been

2450 5625 23 23 in
2484 5624 39 24 the
2533 5627 75 19 water.
2640 5622 74 22 Avoid
2730 5622 125 29 remaining
2871 5625 38 19 too
2923 5622 52 29 long
2986 5623 21 21 in

2451 5655 39 23 the
2509 5655 76 21 water.
2617 5652 48 23 The
2682 5652 104 29 vigorous
2802 5652 45 23 and
2862 5655 78 27 strong
2958 5660 49 21 may

2450 5684 69 24 bathe
2537 5682 62 30 early
2615 5682 22 23 in
2658 5682 39 23 the
2716 5682 102 30 morning
2838 5689 28 16 on
2888 5690 27 15 an
2931 5685 76 27 empty

2450 5714 108 26 stomach.
2596 5712 48 25 The
2663 5720 82 24 young,
2764 5712 44 24 aud
2825 5712 64 27 those
2906 5712 50 26 who
2972 5720 35 16 arc

2451 5747 71 26 weak,
2542 5745 43 24 had
2604 5744 73 26 better
2695 5743 68 25 bathe
2778 5748 44 21 two
2833 5752 24 17 ov
2869 5744 63 25 three
2942 5745 65 23 home

2450 5776 23 29 if
2476 5783 33 22 >W
2519 5783 13 19 »
2543 5775 63 30 We»l,
2644 5775 4 30 ,

3192 171 98 26 MAIL
3308 170 113 27 NEWS.

3057 239 93 22 Charles
3161 240 105 25 Dickens,
3279 246 39 14 son
3335 240 23 21 of
3372 240 40 21 the
3422 240 104 26 novelist,
3539 239 50 22 died

3030 272 24 21 at
3064 269 143 31 Kensington
3218 276 28 16 on
3256 268 57 32 July
3323 269 27 23 20
3360 269 23 23 of
3393 269 117 32 paralysis.

3057 301 48 22 The
3130 301 114 28 Kalaporc
3268 301 50 29 Cup
3342 308 45 16 was
3417 309 49 15 won
3497 301 30 30 by
3551 301 38 23 the

3029 330 115 23 Canadian
3169 330 99 23 riflemen
3293 336 24 17 at
3341 332 39 22 the
3405 334 144 21 tournament
3565 335 24 19 at

3029 360 77 31 Bisley
3116 369 28 15 on
3155 360 55 31 July
3223 362 31 24 17.
3278 360 47 24 The
3335 369 72 16 scores
3417 362 23 24 of
3451 362 38 24 the
3501 362 88 24 various

3029 393 72 21 teams
3112 398 57 16 were
3186 400 24 14 as
3228 392 75 22 follow
3313 393 126 23 :—Canada
3454 395 40 21 65(i
3504 394 83 27 points,

3030 421 104 28 England
3145 423 48 25 644,
3206 422 116 29 Guernsey
3333 424 48 26 618,
3392 423 81 29 Jersey
3482 424 48 21 589.

3057 450 47 23 The
3114 450 46 23 sale
3170 452 24 21 of
3209 452 38 21 the
3257 452 115 29 paintings
3383 452 43 23 and
3437 454 65 21 other
3511 452 78 24 effects

3028 480 24 23 of
3062 480 39 24 the
3111 480 46 24 late
3167 480 37 25 Sir
3213 482 121 24 Frederick
3350 482 110 32 Leighton
3475 483 74 24 closed
3559 490 29 17 on

3028 511 56 30 July
3096 514 33 26 18,
3138 513 45 22 and
3193 513 40 22 the
3242 517 117 19 executors
3369 522 38 15 are
3416 515 90 28 pleased
3517 518 24 19 at
3550 515 38 22 the

3028 542 78 23 result.
3137 543 33 22 At
3180 550 41 15 one
3232 544 54 22 time
3297 544 54 30 they
3360 544 73 23 would
3444 544 57 23 have
3511 544 76 31 gladly

3028 572 108 30 accepted
3153 575 97 27 £35,000
3266 575 35 22 for
3317 576 142 29 everything,
3478 579 44 19 and
3537 584 37 21 pro-

3028 604 68 26 posed
3114 606 23 20 to
3153 604 41 22 sell
3214 605 38 21 the
3270 605 117 23 collection
3402 609 24 19 to
3444 606 38 22 the
3499 607 85 21 nation.

3028 632 47 24 The
3085 634 90 23 auction
3189 635 53 28 sale,
3254 635 111 28 however,
3377 636 94 23 realised
3482 637 102 27 £40,000,

3028 664 73 23 which
3127 664 76 31 brings
3228 666 38 23 the
3291 666 57 23 total
3372 667 105 29 proceeds
3500 667 23 23 of
3548 666 38 24 the

3028 694 68 30 Leigh
3101 697 37 21 lon
3149 698 72 21 estate
3231 704 31 21 up
3273 699 23 20 to
3311 697 77 30 nearly
3399 699 114 26 £IOO,OOO.

3055 725 22 22 A
3086 729 68 25 party
3164 727 23 21 of
3197 727 41 22 200
3249 727 128 23 Londoners
3387 735 58 15 were
3456 731 90 27 present
3561 730 24 21 at

3026 755 40 22 the
3089 756 117 30 Bayreuth
3227 757 98 30 Wagner
3345 758 106 30 Operatic
3475 758 108 28 Festival,

3027 785 121 31 beginning
3158 795 28 14 on
3195 787 107 30 Monday,
3310 788 56 30 July
3374 790 33 22 27.
3438 789 47 23 The
3492 790 93 22 London

3026 816 163 30 subscriptions
3208 818 35 23 for
3267 819 39 22 the
3330 819 90 23 festival
3444 823 93 21 amount
3560 823 25 20 to

3028 848 88 26 £7,000.

3053 879 21 21 A
3084 879 103 30 painting
3204 879 30 29 by
3244 880 67 23 Alma
3327 880 97 24 Tadema
3434 881 44 23 and
3496 889 41 15 one
3554 881 29 29 by

3026 908 120 24 Constable
3157 917 58 15 were
3225 911 118 28 purloined
3353 911 58 23 from
3421 920 12 14 a
3442 920 42 14 van
3493 919 26 15 en
3526 915 57 19 route

3024 939 58 23 from
3097 939 39 23 the
3152 939 53 30 City
3224 943 24 20 to
3267 941 143 30 Paddington
3430 950 28 14 on
3475 941 56 28 July
3550 941 31 23 15.

3024 969 47 24 The
3082 969 106 24 Scotland
3202 970 62 24 Yard
3275 972 134 23 authorities
3426 972 87 23 believe
3530 971 53 29 they

3025 1000 57 24 have
3097 1000 56 24 been
3169 1001 68 24 taken
3249 1005 23 20 to
3283 1002 57 24 New
3352 1003 71 28 York,
3436 1003 81 28 which,
3530 1003 53 28 they

3024 1031 79 30 allege,
3119 1033 102 22 contains
3405 1034 35 22 for
3460 1034 55 22 such
3534 1040 37 22 pro-

3025 1065 73 25 perty.

3052 1092 47 21 The
3114 1092 59 23 Hon.
3193 1094 114 27 Algernon
3325 1094 98 26 Bourke,
3441 1101 104 21 manager
3562 1093 23 22 of

3024 1121 98 24 White's
3131 1122 65 29 Club,
3209 1122 75 24 Willis
3294 1124 90 27 Booms,
3397 1124 100 27 London,
3510 1122 75 24 stated

3024 1153 100 30 recently
3144 1154 51 24 that
3215 1155 18 23 if
3253 1155 38 23 the
3308 1155 84 30 closing
3408 1155 23 23 of
3447 1155 38 23 the
3506 1155 79 22 houses

3024 1183 133 29 designated
3167 1186 23 21 in
3206 1186 39 21 the
3262 1186 109 28 licensing
3388 1186 54 21 laws
3461 1185 81 22 should
3558 1185 27 22 be

3023 1214 104 23 enforced
3138 1214 52 23 club
3200 1215 40 22 life
3257 1215 74 22 would
3349 1215 27 22 be
3394 1214 128 29 destroyed,
3541 1214 44 23 and

3024 1244 109 24 members
3153 1245 89 30 obliged
3263 1248 24 20 to
3306 1245 28 23 do
3354 1252 24 16 as
3396 1252 49 16 men
3461 1245 23 23 of
3501 1244 84 24 similar

3024 1282 75 15 means
3110 1275 28 21 do
3149 1276 23 20 in
3183 1276 38 20 the
3233 1276 87 21 United
3331 1275 156 22 rftutes—that
3497 1276 25 25 is,
3541 1275 44 21 live

3024 1305 22 21 in
3058 1304 79 22 hotels.
3170 1303 35 22 He
3216 1304 48 21 said
3280 1303 64 22 there
3360 1304 44 21 had
3421 1303 55 22 been
3492 1311 13 15 a
3522 1306 63 27 great

3024 1334 103 23 decrease
3139 1334 22 22 in
3172 1334 108 29 drinking
3290 1334 23 21 in
3325 1334 38 22 the
3375 1334 65 23 West
3455 1334 51 23 End
3524 1334 61 23 clubs

3024 1366 23 21 in
3059 1366 39 21 the
3109 1365 44 21 last
3164 1367 88 26 twenty
3263 1372 71 21 years.

3053 1395 37 22 Mr
3106 1394 80 29 Henry
3202 1395 119 28 Cockayne
3339 1395 63 28 Cust,
3420 1395 74 23 editor
3510 1396 22 22 of
3549 1395 36 23 Mr

3024 1425 89 22 Astor's
3125 1425 5 12 '
3140 1425 47 22 Tall
3198 1425 56 22 Mall
3265 1426 110 25 Gazette,'
3385 1426 87 22 started
3483 1433 27 15 on
3529 1426 55 28 July

3030 1456 7 20 I
3048 1463 28 14 on
3087 1463 13 14 a
3117 1455 99 29 journey
3234 1455 73 22 which
3325 1455 27 23 he
3368 1456 90 23 intends
3477 1458 24 21 to
3520 1456 65 23 make

3025 1486 57 22 from
3102 1493 42 15 one
3163 1486 45 22 end
3228 1486 23 22 of
3266 1486 77 22 Africa
3360 1488 24 20 to
3399 1487 38 22 the
3447 1487 71 23 other.
3550 1487 35 23 He

3026 1516 45 22 will
3083 1516 65 29 begin
3159 1519 25 19 at
3196 1515 60 30 Cape
3264 1515 69 23 Town
3342 1517 44 21 and
3393 1517 45 22 will
3445 1517 66 22 reach
3520 1517 52 22 Alex-

3026 1546 80 21 andria
3116 1545 115 28 overland,
3248 1546 18 22 if
3276 1546 102 29 possible.
3410 1546 37 23 Mr
3464 1548 56 22 Cust
3536 1555 36 22 pro-

3027 1583 63 21 poses
3102 1579 23 20 to
3136 1577 68 29 erjuip
3215 1576 89 23 himself
3319 1577 55 22 with
3391 1578 101 29 personal
3510 1578 60 22 know-

3029 1606 63 29 ledge
3113 1607 23 21 of
3157 1607 38 22 the
3214 1609 64 26 great
3304 1607 117 23 continent
3445 1616 50 14 now
3520 1608 65 29 being

3026 1635 87 30 opened
3131 1639 24 19 to
3174 1637 135 22 civilisation
3330 1637 22 22 in
3372 1637 65 23 order
3457 1640 23 20 to
3499 1645 86 15 resume

3027 1666 76 30 public
3113 1666 40 24 life
3168 1668 22 22 in
3209 1666 142 25 Parliament.
3393 1668 42 23 His
3454 1669 131 30 companion

3027 1698 46 21 will
3085 1697 26 22 be
3122 1698 35 21 his
3167 1701 120 25 secretary,
3300 1698 37 22 Mr
3348 1699 77 21 Lionel
3435 1699 73 23 Bcclc.

3056 1726 47 22 Her
3123 1726 100 31 Majesty
3243 1727 75 27 Queen
3336 1727 102 23 Victoria
3458 1729 38 22 has
3516 1729 57 23 intro-

3028 1756 71 24 duced
3117 1757 130 30 telephones
3264 1758 47 23 into
3324 1758 105 24 Windsor
3444 1759 74 24 Castle
3534 1760 51 23 that

3028 1788 163 21 communicate
3207 1788 56 22 with
3284 1788 58 23 Lord
3367 1789 116 29 Salisbury
3503 1793 24 19 at
3546 1790 39 22 the

3028 1816 73 24 Home
3130 1818 77 28 Office,
3240 1818 160 33 Marlborough
3431 1819 84 30 House,
3541 1820 43 24 and

3028 1848 155 31 Buckingham
3195 1850 84 23 Palace.
3311 1850 23 23 It
3348 1852 19 22 is
3378 1852 108 28 proposed
3501 1854 24 20 to
3539 1852 44 22 add

3028 1879 169 29 electrophones
3206 1881 53 21 also.
3290 1880 27 22 In
3328 1881 51 22 that
3394 1888 50 15 case
3460 1882 39 21 the
3510 1882 74 26 Queen

3028 1908 46 23 will
3085 1908 26 24 be
3122 1912 42 28 put
3181 1910 22 23 in
3221 1910 37 23 the
3275 1910 92 30 hearing
3381 1910 24 23 of
3418 1911 31 23 all
3464 1912 38 22 the
3517 1912 68 22 latest

3027 1941 187 23 entertainments
3224 1941 23 23 in
3258 1941 38 23 the
3315 1941 91 24 London
3423 1942 100 24 theatres
3540 1942 43 24 and

3028 1974 91 19 concert
3129 1972 64 21 halls.

3055 2001 47 23 The
3112 2009 54 16 once
3176 2002 111 23 beautiful
3304 2002 110 24 Countess
3423 2003 23 23 of
3462 2003 121 29 Warwick,

3027 2032 106 30 formerly
3149 2033 63 30 Lady
3223 2033 94 28 Brooke,
3335 2034 23 22 of
3373 2034 72 22 whom
3463 2034 66 23 much
3540 2038 43 19 Was

3027 2062 82 24 known
3124 2071 60 15 some
3201 2071 65 23 years
3282 2072 41 22 ago
3342 2064 22 22 in
3380 2065 131 23 connection
3528 2065 55 23 with

3027 2094 39 23 the
3076 2094 91 30 Tranby
3182 2095 65 23 Croft
3263 2095 105 22 baccarat
3383 2095 99 27 scandal,
3501 2096 18 22 is
3534 2103 49 15 now

3027 2124 34 21 for
3077 2125 39 21 the
3133 2125 54 22 time
3204 2133 13 14 a
3234 2126 109 28 complete
3359 2125 80 22 wreck.
3471 2126 48 21 Her
3535 2133 36 14 ner-

3027 2161 55 15 vous
3091 2159 84 25 system
3187 2155 18 22 is
3216 2154 123 28 shattered,
3349 2154 44 24 and
3400 2155 39 22 she
3450 2155 18 22 is
3477 2155 106 30 suffering

3026 2185 57 23 from
3103 2185 75 29 abject
3197 2185 136 30 depression,
3355 2185 39 24 the
3413 2185 72 23 direct
3509 2194 61 15 conse-

3026 2222 95 21 quences
3131 2216 24 22 of
3169 2216 84 21 mental
3263 2215 44 22 and
3317 2216 103 28 physical
3430 2217 78 21 strain.
3539 2216 44 23 She

3026 2245 18 23 is
3064 2248 40 20 not
3123 2246 109 29 expected
3252 2247 24 21 to
3295 2245 27 23 be
3341 2245 50 23 able
3415 2248 24 20 to
3458 2253 82 22 appear
3559 2246 23 22 in

3026 2276 86 29 society
3122 2276 60 22 until
3192 2278 55 20 next
3256 2283 85 15 season.

3053 2306 74 24 Baron
3144 2306 81 24 Albert
3242 2307 80 28 Grant,
3335 2307 38 22 the
3389 2307 99 31 winning
3505 2314 63 23 specu-

3026 2337 65 28 lator,
3110 2338 19 21 is
3146 2338 65 29 again
3229 2338 22 22 in
3269 2338 40 22 the
3326 2338 92 22 London
3435 2338 147 30 Bankruptcy

3025 2368 77 22 Court.

3053 2398 47 22 The
3110 2398 87 23 Fourth
3208 2398 104 28 Hu3sars,
3326 2399 38 22 the
3399 2399 94 26 Queen's

3026 2436 37 14 are
3073 2428 67 30 being
3150 2428 68 22 raked
3230 2429 146 22 fore-aud-aft
3392 2429 30 28 by
3433 2429 38 22 the
3488 2429 92 22 Loudon

3026 2458 65 24 Press
3102 2459 34 22 for
3145 2458 106 24 snobbish
3267 2458 169 24 exclusiveness.
3472 2460 20 21 A
3509 2458 60 24 subal-

3026 2493 50 19 tern
3093 2489 81 23 named
3190 2489 80 31 Hodge
3286 2489 44 23 and
3340 2497 13 15 a
3363 2489 125 23 lieutenant
3502 2489 80 23 named

3025 2520 72 23 Bruce
3115 2520 63 24 Price
3196 2521 56 22 have
3270 2520 54 23 been
3340 2520 123 30 compelled
3474 2523 24 21 to
3509 2521 73 29 resign

3025 2552 57 21 from
3093 2552 39 21 the
3143 2552 109 28 regiment
3268 2551 29 29 by
3406 2551 60 22 table
3482 2558 88 22 persecu-

3026 2581 48 23 tion
3112 2581 92 23 because
3220 2581 59 23 their
3295 2581 95 22 incomes
3405 2580 39 24 did
3455 2586 40 18 not
3504 2581 79 22 enable

3026 2612 61 22 them
3125 2615 22 20 to
3158 2611 57 29 keep
3225 2612 93 22 hunters
3328 2611 43 23 and
3554 2611 28 23 In

3026 2643 82 22 Price's
3127 2650 49 15 case
3197 2643 37 22 the
3252 2643 74 21 father
3343 2643 23 21 of
3385 2643 38 21 the
3441 2649 75 21 young
3531 2649 52 14 man

3026 2673 115 22 intimates
3159 2673 50 22 that
3227 2673 33 22 his
3277 2679 39 15 son
3332 2679 45 15 was
3387 2672 78 22 driven
3476 2672 57 22 from
3545 2672 39 22 the

3026 2704 109 29 regiment
3153 2703 22 23 in
3192 2703 66 23 order
3274 2705 23 21 to
3316 2703 66 22 make
3401 2711 13 15 a
3434 2702 150 30 vacancy—-for

3026 2735 136 22 Lieutenant
3178 2734 103 22 Winston
3303 2734 21 22 L.
3342 2733 21 24 8.
3376 2733 124 28 Churchill,
3511 2740 40 16 son
3561 2733 23 22 of

3026 2764 39 23 the
3075 2764 45 23 late
3132 2764 58 23 Lord
3201 2764 118 28 Randolph
3331 2763 122 23 Churchill.

3054 2795 35 22 An
3100 2794 113 23 animated
3224 2794 88 30 picture
3322 2794 22 22 of
3361 2794 45 23 this
3416 2794 72 28 year's
3499 2793 84 29 Derby,

3027 2825 55 23 with
3100 2825 39 23 the
3155 2825 79 22 Prince
3251 2825 23 22 of
3291 2824 94 22 Wales's
3403 2824 137 22 Persimmon
3560 2830 24 16 as

3026 2857 39 20 the
3076 2856 92 26 winner,
3182 2855 17 22 is
3217 2855 38 22 the
3270 2855 89 21 feature
3373 2854 23 21 of
3413 2854 39 21 the
3463 2853 122 22 Alhambra

3028 2885 72 22 Music
3120 2884 62 28 Hall,
3203 2884 75 23 where
3298 2883 19 22 it
3336 2883 20 22 is
3375 2883 89 29 nightly
3484 2882 101 23 received

3026 2916 56 22 with
3093 2922 62 15 roars
3165 2915 23 22 of
3197 2915 114 26 applause.

3055 2945 90 25 Linton,
3164 2952 28 15 an
3210 2944 94 31 English
3322 2943 111 30 bicyclist,
3453 2944 24 22 at
3492 2942 91 23 Calford

3026 2984 27 13 on
3064 2976 57 28 July
3136 2977 20 26 7,
3173 2975 94 22 covered
3279 2975 124 27 thirty-one
3414 2973 63 23 miles
3487 2973 44 23 and
3542 2972 41 23 five

3025 3005 68 27 yards
3103 3006 23 20 in
3143 3012 28 14 an
3187 3005 62 26 hour,
3263 3004 53 22 thus
3333 3004 92 26 boating
3443 3003 38 21 the
3497 3002 86 22 world's

3025 3034 78 21 record
3122 3034 30 21 all
3173 3034 39 23 the
3237 3041 50 21 way
3307 3033 56 22 from
3390 3032 63 21 three
3474 3032 63 21 miles
3561 3033 22 20 to

3025 3064 126 28 thirty-one
3169 3065 70 21 miles.
3271 3058 46 27 The
3335 3062 104 29 previous
3455 3061 78 22 record
3550 3061 33 22 for

3024 3101 27 15 an
3068 3093 56 23 hour
3142 3101 45 15 was
3203 3093 149 29 twenty-nine
3370 3091 63 23 miles
3450 3091 45 23 and
3512 3091 59 29 forty-

3023 3124 51 22 four
3084 3124 74 28 yards.

3051 3153 73 22 There
3139 3154 18 21 is
3173 3161 12 14 a
3203 3152 121 23 likelihood
3342 3152 52 21 that
3411 3151 33 22 for
3458 3158 13 15 a
3486 3151 97 22 suitable

3023 3184 61 29 price
3095 3183 38 21 the
3144 3184 153 21 Government
3307 3182 23 21 of
3348 3180 114 23 Denmark
3478 3180 46 23 will
3542 3180 41 23 sell

3024 3214 38 22 the
3088 3212 83 24 Danish
3199 3213 64 22 West
3293 3211 80 23 Indian
3398 3211 73 23 island
3500 3211 23 22 of
3547 3211 33 23 St.

3023 3244 103 28 Thomas,
3139 3243 43 23 and
3194 3243 52 23 that
3256 3243 70 22 Great
3336 3242 89 23 Britain
3440 3241 47 24 will
3506 3241 27 23 be
3543 3241 39 23 the

3023 3274 127 29 purchaser.
3183 3274 44 23 She
3237 3276 77 19 covets
3330 3273 39 22 the
3386 3272 63 29 place
3460 3272 94 22 because
3564 3272 19 22 it

3023 3305 19 23 it
3059 3304 46 22 will
3124 3304 66 23 make
3209 3311 28 15 au
3254 3302 111 24 excellent
3381 3302 118 23 American
3517 3302 66 22 naval

3023 3335 91 22 station.

3051 3366 88 30 Among
3149 3365 66 23 other
3225 3365 125 22 attentions
3366 3368 24 19 to
3407 3364 27 22 be
3445 3363 52 30 paid
3509 3365 24 20 to
3544 3363 38 22 the

3024 3396 98 22 Ancient
3137 3396 44 21 and
3192 3395 129 22 Honorable
3339 3394 111 28 Artillery
3467 3394 115 28 Company

3023 3425 23 23 of
3063 3425 180 23 Massachusetts
3267 3424 22 22 in
3316 3424 89 22 London
3421 3424 82 29 during
3523 3423 59 22 their

3025 3457 53 22 visit
3088 3456 47 23 will
3152 3455 28 23 be
3194 3464 13 14 a
3223 3455 82 23 review
3321 3457 24 20 at
3363 3453 123 24 Aldershot
3502 3453 78 30 Camp,

3023 3493 68 15 never
3111 3485 125 22 heretofore
3251 3485 52 21 held
3323 3486 80 26 except
3427 3484 34 21 for
3481 3478 101 27 crowned

3025 3515 75 24 heads.

3051 3547 21 23 A
3081 3547 90 26 whaler,
3184 3546 23 22 of
3217 3546 41 23 300
3269 3547 50 21 tons
3328 3544 106 29 burthen,
3443 3544 43 23 and
3495 3551 14 15 a
3518 3543 65 23 small

3024 3580 104 25 steamer,
3149 3577 23 22 of
3191 3576 69 23 about
3279 3578 94 27 seventy
3393 3578 58 24 tons,
3472 3581 37 15 are
3533 3580 50 16 now

3025 3608 66 28 being
3100 3606 66 24 fitted
3177 3609 47 25 out,
3236 3606 45 23 and
3291 3606 19 22 it
3321 3606 17 22 is
3349 3605 108 22 intended
3467 3605 52 22 that
3529 3604 54 30 they

3025 3638 47 22 will
3080 3638 62 22 leave
3154 3637 92 22 London
3257 3644 27 15 on
3296 3636 131 29 September
3437 3636 9 21 1
3455 3638 54 19 next
3519 3642 28 15 on
3556 3642 27 15 an

3025 3668 118 23 Antarctic
3154 3666 137 31 expedition,
3303 3665 128 30 combining
3441 3665 39 23 the
3490 3664 93 23 twofold

3025 3699 87 29 objects
3136 3698 23 22 of
3182 3704 122 16 commerce
3328 3695 45 23 and
3397 3695 108 23 research.
3547 3693 36 24 Mr

3025 3727 169 31 Borchgrevink
3207 3727 43 23 will
3265 3727 56 22 have
3332 3726 81 30 charge
3423 3725 23 23 of
3463 3725 39 23 the
3519 3732 52 22 expe-

3025 3759 81 28 dition,
3119 3758 44 23 and
3175 3758 37 23 Mr
3222 3757 89 24 Gilbert
3327 3756 91 24 Bowick
3436 3756 18 23 is
3470 3756 113 23 chairman

3025 3790 23 22 of
3065 3790 39 22 the
3122 3789 141 23 Committee.
3296 3788 81 28 £5,000
3393 3787 39 23 has
3449 3787 54 22 been
3514 3786 69 23 found

3026 3820 112 23 sufficient
3148 3819 35 22 for
3194 3819 38 22 the
3243 3824 113 22 expenses.

3055 3850 71 22 South
3145 3848 136 27 Londoners,
3298 3855 28 14 on
3342 3847 56 29 July
3416 3847 31 29 11,
3465 3854 58 15 were
3538 3853 35 15 sur-

3026 3879 75 30 prised
3112 3881 24 21 to
3146 3886 36 15 see
3193 3878 40 23 the
3250 3878 101 22 Duchess
3367 3877 22 22 of
3405 3877 90 29 Albany
3510 3876 75 30 riding

3026 3918 28 15 on
3066 3918 12 14 a
3088 3909 39 23 fire
3138 3909 87 30 engine,
3237 3908 99 30 clinging
3353 3910 24 20 to
3394 3907 39 23 the
3450 3906 133 27 brasswork,

3027 3940 66 22 while
3104 3939 39 22 the
3160 3939 76 22 horses
3252 3946 58 15 were
3327 3938 114 29 galloping
3455 3940 25 19 at
3495 3944 12 15 a
3521 3939 64 28 great

3027 3978 54 22 pace
3092 3973 23 20 to
3125 3977 14 15 a
3149 3969 45 24 fire.
3227 3968 44 25 She
3283 3968 84 23 wished
3382 3970 24 21 to
3416 3974 36 17 see
3469 3967 39 24 the
3523 3974 50 23 prac-

3027 4001 54 23 tical
3092 4000 102 29 working
3204 4000 23 22 of
3238 4000 38 22 the
3287 3999 151 29 department.

3054 4031 48 23 The
3113 4030 49 23 first
3179 4030 56 22 class
3252 4028 64 29 yacht
3329 4028 13 29 3
3355 4028 89 29 Meteor,
3455 4028 127 27 Britannia,

3027 4061 44 21 and
3096 4061 64 20 Ailsa
3184 4059 71 22 sailed
3279 4066 13 14 a
3311 4066 50 14 race
3380 4066 28 14 on
3433 4059 55 28 July
3510 4058 25 22 13
3559 4060 25 19 at

3028 4090 123 30 Rothesay,
3165 4088 62 25 Firth
3238 4089 22 23 of
3278 4088 77 30 Clyde.
3387 4088 47 23 The
3445 4095 77 16 course
3539 4095 46 15 was

3027 4121 52 30 fifty
3089 4121 71 27 miles,
3172 4120 45 23 and
3228 4120 38 23 the
3283 4120 88 22 Meteor
3387 4119 89 23 crossed
3492 4119 38 23 the
3541 4118 44 23 line

3028 4152 56 22 first.

3055 4182 47 21 The
3120 4181 106 22 evidence
3243 4179 101 22 adduced
3360 4180 29 28 by
3401 4179 39 22 the
3450 4179 136 22 celebration

3028 4211 30 29 by
3069 4210 135 24 Cobdenites
3214 4210 22 22 of
3254 4210 39 22 the
3302 4209 84 29 jubilee
3396 4209 23 22 of
3429 4208 40 23 the
3479 4208 109 23 abolition

3028 4243 23 23 of
3068 4241 39 25 the
3117 4249 53 17 corn
3187 4240 62 29 laws,
3260 4243 25 21 at
3300 4239 140 29 Greenwich,
3452 4241 25 21 at
3487 4247 13 16 a
3509 4239 66 24 white-

3029 4274 48 22 bait
3093 4273 80 22 dinner
3192 4280 29 15 on
3238 4271 60 24 June
3314 4272 35 27 28,
3361 4272 19 22 is
3397 4271 51 23 that
3461 4271 127 23 Protection

3029 4302 120 27 principles
3168 4308 38 14 are
3223 4308 29 14 on
3269 4301 40 21 the
3328 4301 99 21 increase
3442 4301 22 20 in
3478 4300 108 28 Kugland.

3029 4332 47 23 The
3088 4331 6 13 •
3103 4330 71 25 Globe
3184 4330 5 11 '
3200 4329 125 29 remarked,
3335 4328 139 32 speakiDgof
3484 4328 39 24 the
3533 4328 44 24 cele-

3030 4363 88 24 bration
3189 4362 56 29 Only
3267 4362 39 22 the
3330 4363 59 21 most
3406 4360 52 24 rash
3478 4360 47 24 will
3539 4368 50 15 now

3030 4398 95 19 venture
3144 4396 24 20 to
3187 4393 112 29 prophesy
3315 4392 52 22 that
3384 4392 22 22 in
3427 4391 94 23 another
3537 4391 52 28 fifty

3030 4432 65 22 years
3114 4424 47 22 this
3180 4422 46 23 will
3250 4422 28 23 be
3297 4429 13 15 a
3330 4421 122 23 Freetrado

3032 4455 61 23 Even
3104 4454 40 22 tho
3162 4454 6 13 '
3175 4452 114 30 Saturday
3300 4452 90 23 Review
3400 4451 128 24 'admitted
3538 4452 52 22 that

3032 4483 121 25 Freetrade
3163 4484 40 22 has
3210 4483 53 28 only
3273 4490 14 14 a
3296 4482 43 22 few
3349 4482 132 22 celebrants.

3059 4515 47 23 The
3118 4514 99 23 Duchess
3234 4513 23 23 of
3273 4512 137 24 Sutherland
3420 4511 86 30 opened
3516 4511 61 25 Strat-

3032 4546 49 21 ford
3092 4545 76 22 House
3179 4551 28 15 on
3217 4544 60 22 June
3294 4544 26 21 'J7
3332 4545 23 20 to
3372 4542 109 22 celebrate
3493 4542 37 21 the
3542 4542 49 21 first

3031 4575 146 25 anniversary
3196 4573 23 23 of
3234 4574 39 21 the
3290 4572 89 29 Society
3400 4572 22 21 of
3445 4572 60 27 Lady
3523 4572 53 21 Jour-

3031 4604 85 22 nalists.
3149 4603 47 21 The
3210 4605 77 26 guests
3304 4609 57 15 were
3374 4601 118 23 welcomed
3503 4604 28 25 by
3542 4600 48 22 Mrs

3031 4634 89 30 Craigie
3137 4633 70 28 (John
3226 4633 76 23 Oliver
3320 4631 100 28 Hobbes)
3438 4630 44 24 and
3497 4631 40 23 her
3547 4630 32 24 col-

3032 4666 83 27 league.
3156 4663 48 24 The
3228 4666 76 26 guests
3329 4662 104 23 included
3457 4662 38 22 Mr
3516 4662 28 22 A.
3565 4661 23 23 J.

3032 4694 99 27 Balfour,
3150 4694 38 21 the
3207 4693 101 29 Marquis
3325 4692 23 22 of
3368 4692 146 24 Lansdowne,
3532 4690 57 24 Lord

3032 4723 122 29 Rosebery,
3167 4723 37 23 Mr
3221 4722 79 29 Henry
3314 4722 106 29 Asquith,
3434 4721 58 25 Lord
3503 4722 88 23 Ronald

3032 4755 88 26 Gower,
3132 4755 68 21 Oscar
3211 4753 128 29 Browning,
3349 4753 101 23 William
3459 4752 80 28 Black,
3547 4751 44 24 and

3031 4784 77 24 others
3132 4784 23 22 of
3179 4783 66 30 equal
3269 4785 59 21 note.
3374 4783 48 23 The
3446 4783 100 22 Duchess
3569 4782 22 23 of

3032 4814 145 26 Sutherland,
3191 4814 45 22 like
3253 4814 40 22 her
3309 4814 74 27 sister,
3396 4814 38 22 the
3445 4813 109 23 Countess
3569 4813 22 22 of

3033 4844 121 27 Warwick,
3167 4844 19 22 is
3196 4851 29 15 an
3233 4843 125 23 occasional
3365 4843 142 23 contributor
3519 4846 23 20 to
3554 4843 37 23 the

3033 4873 70 23 Frets,

3130 4928 26 27 A
3175 4927 153 28 SISTER'S
3348 4927 129 28 HONOR.

3060 5006 62 31 Very
3131 5006 111 24 dramatic
3260 5007 19 23 is
3295 5015 14 15 a
3325 5007 52 23 trial
3395 5007 73 23 which
3490 5007 38 22 has
3546 5006 47 29 just

3032 5037 55 23 been
3097 5037 123 24 concluded
3238 5040 25 21 at
3278 5039 39 22 the
3328 5038 89 23 Renncs
3427 5038 77 22 Assize
3513 5037 76 23 Court.

3032 5068 47 23 The
3095 5068 102 30 prisoner
3206 5075 46 16 was
3262 5076 13 15 a
3285 5075 76 24 young
3371 5075 86 17 woman
3472 5068 50 23 who
3537 5067 56 29 kept

3034 5099 68 23 house
3112 5099 35 23 for
3158 5099 39 23 her
3205 5100 82 27 father,
3295 5108 14 14 a
3318 5100 113 27 widower,
3441 5099 44 23 and
3496 5098 97 29 brought

3034 5136 30 21 up
3074 5129 40 21 her
3125 5129 102 23 brothers
3243 5130 45 22 and
3302 5130 85 25 sisters,
3397 5130 51 21 four
3457 5129 22 21 in
3490 5128 100 22 number.

3034 5159 47 22 One
3100 5159 24 21 of
3137 5159 41 22 the
3197 5159 62 29 girls,
3271 5159 83 29 during
3373 5159 40 22 her
3429 5158 61 23 elder
3509 5157 84 23 sister's

3034 5188 94 25 absence
3138 5188 58 25 from
3207 5189 72 31 home,
3292 5197 45 16 was
3353 5188 85 32 cruelly
3448 5187 104 24 deceived
3563 5186 30 31 by

3035 5228 13 15 a
3066 5221 110 29 neighbor
3195 5221 72 23 under
3286 5230 12 13 a
3318 5222 97 28 promise
3433 5221 24 21 of
3475 5220 116 26 marriage,

3034 5251 74 22 which
3119 5251 28 22 he
3163 5251 133 23 afterwards
3312 5251 89 22 refused
3417 5251 24 21 to
3452 5249 63 23 fulfil.
3546 5248 47 22 The

3035 5281 108 30 prisoner,
3154 5282 51 23 who
3221 5282 44 23 had
3282 5280 130 32 repeatedly
3421 5278 116 25 reminded
3547 5278 45 23 him

3036 5312 22 22 in
3067 5312 52 22 vain
3130 5312 22 22 of
3167 5312 35 22 his
3219 5312 87 29 pledge,
3319 5312 53 22 took
3391 5311 99 22 occasion
3500 5308 93 27 latterly

3036 5343 23 22 to
3070 5341 68 31 speak
3149 5342 66 30 again
3225 5349 55 22 very
3290 5341 109 28 seriously
3410 5343 23 20 to
3445 5340 38 22 the
3499 5345 50 15 man
3565 5344 28 15 on

3036 5372 39 23 the
3085 5372 95 30 subject,
3192 5373 44 22 and
3253 5371 110 29 implored
3379 5371 45 22 him
3435 5373 24 19 to
3469 5375 73 22 marry
3554 5368 39 22 her

3036 5403 72 23 sister.
3140 5403 65 23 With
3224 5411 12 15 a
3253 5402 56 23 rude
3326 5401 66 29 laugh
3409 5401 27 22 he
3447 5398 84 30 replied
3543 5399 50 21 that

3036 5433 28 22 he
3083 5433 75 23 would
3178 5433 28 22 do
3225 5433 96 27 nothing
3339 5432 22 20 of
3377 5430 38 22 the
3432 5429 62 26 kind,
3506 5428 43 22 and
3566 5428 27 21 he

3036 5463 55 24 then
3101 5463 90 23 became
3201 5470 22 16 so
3235 5462 97 23 insolent
3341 5461 23 22 in
3375 5460 34 22 his
3417 5459 118 23 demeanor
3543 5457 50 24 that

3038 5494 38 22 the
3095 5501 76 22 young
3187 5500 94 19 woman,
3300 5493 24 21 in
3342 5489 151 26 self-defence,
3509 5488 62 22 drew
3581 5495 12 15 a

3037 5524 61 23 knife
3110 5524 56 23 from
3184 5523 40 22 her
3241 5521 84 31 pocket
3340 5520 44 23 and
3399 5514 94 28 stabbed
3514 5518 45 23 him
3570 5519 23 21 to

3038 5555 38 23 the
3086 5555 71 23 heart.
3189 5554 47 21 The
3253 5554 84 20 utmost
3352 5550 122 30 sympathy
3485 5548 43 23 had
3539 5548 54 23 been

3037 5584 117 30 displayed
3165 5583 34 23 for
3210 5583 38 23 the
3257 5580 101 28 accused,
3370 5580 50 22 who
3430 5579 44 23 had
3488 5579 68 22 borne
3566 5586 27 15 an

3038 5614 111 23 excellent
3179 5613 123 25 character,
3328 5611 44 21 and
3403 5609 52 23 loud
3479 5616 45 14 was
3556 5609 37 22 the

3037 5644 107 30 applause
3154 5643 21 22 in
3187 5644 65 20 court
3261 5641 64 22 when
3336 5640 39 21 she
3385 5646 46 15 was
3441 5637 122 31 acquitted.

3065 5713 36 23 An
3116 5712 114 24 Ashaulcc
3240 5709 59 24 chief
3309 5709 38 24 has
3358 5710 50 23 sent
3418 5716 13 15 a
3441 5708 76 23 native
3528 5707 65 32 sheep

3038 5752 23 16 as
3070 5752 12 14 a
3093 5745 89 28 present
3193 5745 22 20 to
3228 5741 37 27 thg
3276 5739 82 32 Queen,
3391 5739 22 27 It
3423 5740 18 24 is
3452 5741 24 23 to
3486 5738 27 26 be
3523 5738 70 25 called

3638 169 215 29 COMMUNAL
3880 169 85 27 LIFE
3990 170 42 26 IN
4051 170 88 28 PARA-

3838 207 114 29 GUAY.

3771 275 102 26 COSME
3891 275 132 26 COLONY.

3647 314 52 23 Two
3717 322 64 22 years
3798 322 42 22 ago
3851 314 38 23 Mr
3899 313 35 24 W.
3950 313 68 28 Lane,
4035 312 56 23 with
4109 312 68 24 about

3618 344 62 30 sixty
3690 347 83 27 others,
3792 344 119 24 withdrew
3920 344 58 23 from
3997 344 39 22 the
4054 342 56 24 New
4121 343 42 22 Aus-

3618 375 67 23 tralia
3694 376 131 23 settlement
3835 375 45 23 and
3890 374 88 24 formed
3995 374 97 23 another
4108 373 69 23 about

3617 409 94 26 seventy
3721 406 64 22 miles
3795 406 94 22 distant.
3921 405 64 28 They
4000 403 45 23 had
4062 404 43 22 less
4122 403 55 23 than

3617 436 28 21 £1
3658 428 124 37 per*capita
3792 436 22 21 in
3826 436 59 27 cash,
3898 434 43 23 had
3953 437 24 20 to
3988 434 45 29 buy
4045 433 60 23 their
4114 432 62 29 land,

3616 464 59 23 clear
3695 466 25 28 it,
3743 464 65 24 make
3825 465 85 29 homes,
3927 463 45 24 and
3990 468 39 26 get
4048 463 60 23 their
4124 463 52 22 food

3616 496 88 31 supply.
3736 496 63 31 They
3809 496 58 24 have
3877 495 122 25 succeeded
4010 494 23 25 in
4043 494 60 31 spite
4113 493 24 25 of
4145 492 31 26 all

3616 527 139 28 drawbacks,
3781 529 57 21 have
3862 526 74 24 added
3957 529 24 20 to
4001 526 61 22 their
4081 524 95 24 number

3616 557 99 31 already,
3727 557 42 24 and
3786 557 58 24 have
3854 564 67 24 many
3932 557 51 24 who
3993 555 47 25 will
4054 555 48 31 join
4113 555 62 24 them

3616 591 24 19 at
3656 596 28 14 an
3700 589 62 28 early
3773 588 60 23 date.
3864 588 63 29 They
3945 588 57 22 have
4018 586 127 24 cultivated
4161 593 14 16 a

3615 618 61 30 large
3685 626 60 20 area,
3757 618 59 24 built
3825 626 14 15 a
3848 617 137 24 substantial
4003 617 79 30 bridge
4098 623 54 16 over
4161 623 13 16 a

3615 649 67 28 river,
3701 649 46 22 also
3762 649 63 28 barn,
3843 656 42 15 etc.
3924 648 47 23 The
3986 647 133 24 settlement
4134 647 40 23 has

3614 679 56 24 been
3689 678 136 32 proclaimed
3844 688 14 15 a
3878 680 88 30 colony,
3978 679 55 23 with
4054 685 77 24 power
4150 680 24 21 to

3614 710 57 23 elect
3681 711 30 21 its
3721 718 50 17 own
3782 710 138 30 magistrate,
3929 711 19 21 is
3955 710 96 29 granted
4061 717 28 14 an
4098 708 63 24 allow-

3613 748 54 15 ance
3687 739 103 31 monthly
3809 740 35 23 for
3867 742 137 28 postmaster
4026 738 45 24 and
4096 738 66 24 letter-

3614 771 89 27 carrier,
3725 771 44 22 and
3788 771 47 22 will
3852 777 77 16 secure
3945 778 13 15 a
3974 772 68 28 grant
4059 769 57 24 from
4134 769 39 23 the

3613 801 154 23 Government
3791 804 23 20 to
3839 808 66 16 cover
3930 801 39 23 the
3993 804 48 20 cost
4065 800 24 23 of
4119 799 54 24 land

3613 831 92 31 bought.
3737 831 27 24 In
3775 831 110 29 addition,
3898 831 38 23 the
3946 832 154 22 Government
4115 830 58 24 have

3614 863 81 29 agreed
3712 864 23 21 to
3751 862 67 23 frank
3835 862 31 23 all
3881 862 51 23 who
3948 862 47 29 join
4006 863 24 22 in
4039 863 77 22 future
4126 861 47 23 free

3612 893 58 22 from
3694 892 78 23 Monte
3797 892 73 23 Video
3893 900 26 15 or
3942 892 88 23 Buenos
4049 893 74 29 Ayres
4147 894 25 21 to

3612 924 86 24 Cosme,
3711 923 39 22 the
3759 930 65 15 name
3834 924 23 21 of
3872 923 38 22 the
3920 923 138 22 settlement.

3640 953 47 22 The
3698 953 114 30 following
3821 955 108 25 extracts,
3939 953 69 22 taken
4016 954 56 21 from
4084 960 12 14 a
4103 952 68 23 letter

3612 983 24 23 of
3649 991 42 15 one
3710 983 24 23 of
3748 983 38 24 the
3806 983 106 24 colonists
3932 983 77 28 (dated
4031 983 78 23 March
4124 983 45 28 20),

3612 1014 51 30 give
3680 1021 60 16 some
3759 1014 50 23 idea
3826 1014 23 23 of
3873 1014 50 23 how
3944 1014 145 23 communism
4104 1014 19 23 is
4138 1021 22 15 re-

3612 1044 84 29 garded
3707 1044 78 29 there:
3789 1058 26 3 —

3637 1080 63 21 After
3713 1079 61 28 being
3788 1080 49 22 here
3852 1080 72 27 nearly
3934 1080 59 22 three
4006 1079 85 23 months
4104 1079 11 23 I
4128 1079 43 22 find

3613 1108 48 20 that
3677 1113 35 20 my
3729 1108 45 20 first
3786 1108 133 26 impressions
3932 1107 54 22 have
4001 1108 37 20 not
4053 1107 50 27 only
4119 1106 52 23 been

3612 1134 113 23 confirmed
3743 1134 37 23 but
3797 1134 112 29 deepened.
3943 1134 45 23 The
4006 1134 90 29 plainest
4110 1134 61 28 thing

3613 1164 85 21 wiitten
3715 1170 27 14 on
3755 1164 37 21 the
3806 1163 46 22 face
3866 1164 23 21 of
3904 1164 43 21 this
3961 1164 74 27 colony
4049 1164 18 21 is
4081 1171 88 15 success.

3614 1192 20 19 It
3648 1191 39 20 has
3701 1191 113 20 succeeded
3827 1191 34 21 far
3875 1190 82 27 beyond
3973 1198 36 18 my
4019 1192 148 25 expectations.

3614 1217 33 22 I'll
3656 1217 38 22 tell
3703 1223 42 21 you
3755 1223 39 16 one
3803 1224 72 15 reason
3884 1218 48 27 why
3942 1225 39 14 one
3990 1218 52 22 feels
4051 1218 75 22 Cosme
4133 1218 38 22 has

3614 1245 111 23 succeeded
3741 1251 23 17 as
3779 1251 13 17 a
3807 1252 115 21 commune,
3938 1245 42 23 and
3995 1245 48 24 that
4056 1245 18 23 is
4087 1245 48 25 that
4148 1245 22 24 in

3614 1273 64 26 living
3687 1273 37 21 the
3732 1274 55 25 joint
3795 1274 118 20 communal
3922 1274 37 21 life
3968 1280 39 15 oue
4016 1274 52 22 feels
4076 1275 23 21 at
4108 1274 61 22 homo

3614 1299 21 20 in
3645 1300 17 19 it
3673 1306 23 14 as
3712 1306 50 14 Boon
3775 1306 23 14 as
3813 1306 39 14 one
3868 1300 37 21 has
3918 1300 42 21 had
3969 1301 51 19 time
4029 1302 22 19 to
4060 1307 34 14 see
4103 1301 45 20 half
4156 1307 13 14 a

3613 1325 64 23 dozen
3686 1326 73 27 people
3769 1325 45 23 face
3822 1328 22 20 to
3853 1326 52 23 face.
3938 1326 45 23 One
3992 1326 81 23 doesn't
4082 1334 56 16 seem
4146 1328 24 21 to

3613 1354 52 22 need
3674 1360 57 17 more
3740 1354 52 23 than
3805 1361 13 15 a
3827 1355 40 26 day
3877 1356 23 21 to
3908 1353 26 24 be
3948 1354 51 24 used
4011 1357 24 20 to
4043 1354 24 24 it.
4096 1371 5 7 .
4128 1371 6 7 .
4162 1371 5 7 .

3612 1383 45 21 The
3672 1383 118 21 Ascuncion
3804 1383 61 23 Ttesa
3879 1383 60 22 write
3953 1383 23 22 of
3990 1389 25 16 us
4030 1383 22 22 in
4061 1389 12 17 a
4082 1390 87 15 manner

3613 1411 48 20 that
3670 1410 36 25 (all
3716 1411 56 26 right
3781 1411 21 21 in
3811 1411 99 26 Spanish)
3918 1411 60 26 being
3985 1411 54 21 done
4047 1411 46 21 into
4100 1411 69 21 literal

3614 1437 85 26 English
3709 1438 17 21 is
3736 1445 21 14 9o
3766 1438 112 27 laudatory
3887 1439 48 20 that
3945 1439 17 20 it
3971 1438 71 21 makes
4051 1445 39 15 one
4099 1439 67 24 smile,

3614 1464 31 22 for
3654 1472 39 14 one
3702 1465 69 22 would
3780 1465 62 22 think
3851 1466 36 21 the
3897 1465 65 22 world
3971 1465 40 22 had
4021 1472 63 15 never
4096 1465 72 23 before

3612 1493 75 21 beheld
3703 1493 52 22 such
3772 1500 100 20 paragons
3886 1493 22 22 of
3924 1493 68 22 virtue
4007 1494 43 21 and
4063 1493 104 26 industry.

3613 1520 87 27 Coming
3722 1527 28 20 up
3772 1521 37 21 the
3831 1521 53 21 river
3905 1527 40 16 one
3962 1521 60 22 hears
4039 1521 129 26 continually

3612 1548 22 21 of
3648 1548 36 21 the
3798 1548 58 21 little
3983 1548 49 22 that
4044 1548 61 23 made
4117 1549 52 22 such

3612 1581 12 16 a
3650 1576 68 25 stand,
3746 1576 41 21 and
3813 1576 22 21 in
3861 1576 52 26 spite
3939 1576 23 21 of
3987 1576 123 28 everything
4131 1577 38 21 has

3612 1603 127 22 established
3759 1603 59 21 itself
3837 1610 23 14 as
3879 1611 12 13 a
3910 1604 53 21 solid
3979 1604 43 21 and
4039 1603 64 27 living
4116 1604 50 21 fact.

3613 1630 29 21 Of
3661 1637 77 19 course,
3760 1630 11 21 I
3791 1629 58 22 don't
3867 1630 62 21 think
3941 1637 14 15 a
3967 1632 54 20 start
4035 1630 66 22 under
4118 1630 51 22 such

3612 1658 117 22 conditions
3750 1658 61 22 could
3833 1657 52 23 have
3903 1658 51 22 been
3976 1658 61 23 made
4058 1658 111 29 anywhere

3605 1686 46 22 -hut
3666 1687 21 20 in
3704 1687 43 21 this
3764 1687 95 26 country,
3877 1686 68 22 where
3959 1687 36 21 the
4009 1693 63 15 warm
4085 1687 84 21 climate

3612 1713 60 20 made
3682 1720 50 20 poor
3740 1713 79 20 phelter
3826 1713 42 21 and
3884 1720 50 20 poor
3947 1713 92 26 clothing
4048 1714 119 24 endurable,

3612 1740 42 21 and
3661 1740 36 21 the
3706 1740 44 21 rich
3759 1740 39 22 soil
3807 1740 41 22 and
3863 1740 84 27 copious
3960 1740 85 22 rainfall
4054 1740 61 23 made
4124 1747 33 22 pro-

3612 1767 86 22 duction
3704 1767 58 27 rapid
3769 1768 42 22 and
3816 1775 54 15 sure.
3898 1785 5 5 .
3931 1784 6 6 .
3965 1784 6 6 .
3998 1769 40 21 We
4043 1775 35 15 are
4085 1770 70 25 happy
4164 1776 5 17 ;

3612 1801 31 15 we
3652 1795 53 21 have
3713 1795 40 21 but
3762 1802 39 14 one
3810 1797 74 24 regret,
3895 1795 42 21 and
3943 1795 47 21 that
4000 1796 17 20 is
4027 1795 32 21 for
4068 1796 37 21 the
4113 1795 56 21 folks

3612 1821 22 23 in
3643 1822 114 27 Australia,
3765 1823 47 22 who
3820 1823 27 23 do
3854 1823 37 22 not
3899 1822 61 24 know
3967 1823 37 23 the
4012 1823 93 23 freedom
4115 1823 52 23 from

3612 1852 85 25 anxiety
3712 1852 40 20 ami
3765 1851 82 22 trouble
3866 1852 47 21 that
3932 1858 30 15 wc
3976 1852 122 21 know—the
4115 1852 53 27 good

3612 1878 80 22 fellows
3702 1879 67 21 whom
3779 1886 30 14 we
3819 1879 52 21 wish
3880 1886 53 14 were
3948 1879 52 21 with
4014 1886 30 17 us,
4056 1879 81 21 instead
4146 1879 23 21 of

3612 1905 87 27 wasting
3713 1905 54 22 their
3785 1905 51 22 lives
3854 1905 21 22 in
3892 1912 13 15 a
3922 1905 48 22 vain
3983 1907 92 26 attempt
4093 1907 22 20 to
4127 1905 42 22 live

3612 1933 55 22 their
3673 1932 57 23 lives.
3758 1933 56 22 Here
3821 1940 37 19 we,
3865 1940 23 15 as
3895 1933 133 27 individuals,
4037 1940 62 15 never
4106 1933 63 22 think

3612 1961 22 20 of
3643 1962 118 20 to-morrow
3771 1968 5 19 ;
3789 1968 48 14 over
3854 1962 59 23 there
3931 1968 41 20 you
3986 1968 63 15 never
4064 1961 68 27 forget
4141 1962 25 25 it,

3611 1988 42 21 and
3662 1988 18 20 it
3689 1988 63 26 spoils
3761 1995 53 19 your
3823 1989 110 26 appetites.
3961 1988 11 21 I
3981 1988 91 26 thought
4080 1989 86 25 always,

3612 2015 56 22 after
3677 2016 10 20 I
3696 2016 60 21 knew
3764 2016 22 21 of
3801 2016 24 25 it,
3836 2016 48 21 that
3896 2016 38 21 the
3948 2016 118 21 communal
4080 2015 37 22 life
4126 2022 43 15 was

3612 2043 36 21 the
3658 2043 55 27 right
3722 2050 50 18 one;
3779 2050 46 15 now
3831 2044 10 21 I
3847 2044 53 21 have
3910 2049 26 16 no
3943 2043 113 22 hesitation
4065 2044 22 20 in
4096 2050 35 20 pay
4136 2044 33 25 ing

3612 2070 10 23 I
3631 2071 53 22 havo
3693 2071 55 22 lived
3765 2072 18 21 it
3800 2071 42 22 and
3861 2071 52 22 have
3931 2070 78 28 proved
4022 2071 25 22 it.
4075 2071 21 22 It
4106 2072 16 20 is
4133 2070 36 23 the

3611 2099 83 22 natural
3705 2099 43 25 life,
3764 2100 17 21 it
3794 2100 17 20 is
3828 2099 38 22 the
3882 2100 64 21 freest
3961 2099 45 21 life.
4033 2114 73 7 ...
4143 2099 26 21 In

3611 2126 118 21 conclusion
3745 2127 30 20 let
3793 2133 33 14 me
3848 2133 37 19 say
3903 2126 10 21 I
3927 2133 35 14 am
3980 2126 93 21 satisfied
4091 2126 22 21 of
4131 2126 38 21 the

3610 2153 75 27 justice
3694 2153 42 21 and
3746 2153 36 21 the
3788 2152 118 28 possibility
3912 2153 22 21 of
3943 2153 143 21 communism.
4114 2152 55 22 lam

3611 2181 91 21 satisfied
3712 2180 51 22 with
3780 2188 35 20 my
3825 2188 47 14 own
3880 2180 38 25 lot,
3930 2180 10 22 I
3948 2187 35 15 am
3997 2180 119 26 contented,
4126 2180 43 22 and

3611 2209 10 20 I
3637 2208 41 21 feel
3690 2209 9 19 I
3713 2209 52 20 have
3779 2208 85 22 learned
3877 2214 57 15 more
3952 2208 55 21 since
4021 2208 11 21 I
4049 2214 57 15 came
4119 2208 50 21 hero

3611 2235 51 21 than
3672 2235 10 20 I
3698 2235 41 21 had
3754 2241 47 15 ever
3818 2235 67 27 hoped
3903 2236 22 20 to
3943 2235 57 21 learn
4016 2234 21 22 in
4047 2234 107 22 Australia
4164 2241 5 19 ;

3610 2262 85 22 learned
3705 2263 47 21 that
3762 2263 69 26 thiugs
3843 2263 10 20 I
3868 2262 91 27 thought
3976 2262 68 27 might
4053 2262 26 22 bo
4087 2268 38 16 can
4134 2261 32 26 be,

3609 2290 42 22 and
3661 2290 52 22 have
3722 2289 76 28 proved
3807 2290 56 21 their
3872 2289 75 28 justice
3956 2289 41 23 and
4007 2289 159 28 righteousness.

3644 2354 75 26 THE
3737 2352 211 28 NOTORIOUS
3977 2352 145 28 BUTLER.

3638 2415 47 23 The
3700 2415 115 29 following
3825 2418 94 20 account
3935 2415 24 23 of
3975 2415 38 23 the
4022 2415 146 29 proceedings

3610 2451 137 30 subsequent
3756 2453 25 21 to
3789 2450 39 24 the
3838 2450 111 32 acquittal
3964 2449 23 25 of
4001 2449 80 25 Butler
4091 2458 28 16 on
4130 2450 39 24 the

3610 2488 81 30 charge
3702 2488 22 22 of
3738 2488 84 30 having
3832 2488 73 23 stolen
3915 2495 13 15 a
3938 2489 74 21 watch
4027 2486 58 24 from
4102 2495 13 15 a
4132 2487 38 23 Mr

3611 2524 95 24 M'Phee
3716 2532 38 16 are
3764 2524 69 24 taken
3843 2524 58 24 from
3911 2524 39 23 the
3961 2524 6 12 *
3976 2524 74 30 Argus
4058 2523 43 25 ':—

3640 2561 117 22 Detective
3769 2560 159 28 M'Manamny
3938 2559 45 23 had
3993 2566 67 16 never
4070 2559 100 23 doubted

3610 2590 36 24 his
3665 2590 82 30 charge
3764 2590 89 30 against
3872 2589 80 24 Butler
3975 2596 46 17 was
4045 2589 126 30 absolutely

3612 2624 58 25 true,
3682 2622 44 22 and
3738 2620 64 23 when
3818 2620 39 23 the
3874 2620 52 29 jury
3944 2620 106 23 returned
4061 2627 13 16 a
4085 2620 87 23 verdict

3611 2651 23 23 of
3678 2651 48 23 Not
3859 2651 29 21 he
3905 2656 46 16 was
3969 2657 61 15 more
4045 2651 56 22 than
4119 2657 53 16 ever

3611 2681 143 23 determineel
3774 2684 23 19 to
3817 2687 28 23 go
3864 2679 97 30 further,
3986 2679 45 24 and
4055 2680 30 30 by
4104 2687 68 23 every

3613 2712 97 26 possible
3730 2718 83 19 means,
3834 2711 125 22 consistent
3977 2710 24 23 of
4019 2718 78 15 course
4116 2711 56 23 with

3612 2743 43 21 fair
3672 2742 61 29 play,
3754 2741 113 22 endeavor
3885 2743 24 20 to
3928 2748 70 22 prove
4017 2741 52 23 that
4086 2741 28 23 he
4128 2748 45 16 was

3613 2773 68 28 right.
3727 2771 48 23 The
3794 2771 50 23 first
3867 2771 118 22 interview
4009 2771 100 23 between
4135 2771 38 23 the

3613 2802 115 23 detective
3738 2801 45 22 and
3794 2801 39 22 the
3843 2801 89 22 convict
3942 2808 45 15 was
3997 2801 70 23 short.
4093 2801 80 23 Butler

3614 2832 44 23 had
3679 2830 119 24 recovered
3816 2830 35 23 his
3869 2831 177 30 self-possession
4064 2830 45 25 and
4128 2830 45 25 had

3614 2862 88 28 quietly
3712 2861 83 22 settled
3806 2860 66 23 down
3890 2864 21 19 to
3926 2861 40 22 the
3983 2862 76 28 prison
4075 2862 96 22 routine.

3615 2891 36 23 He
3659 2890 91 31 greeted
3761 2891 39 23 the
3810 2890 112 24 detective
3933 2891 127 29 familiarly,
4073 2891 100 23 thanked

3615 2923 47 21 him
3672 2922 35 22 for
3717 2922 39 21 the
3766 2921 44 22 fair
3819 2928 92 16 manner
3921 2922 23 21 in
3951 2921 74 24 which
4032 2921 28 23 he
4066 2921 45 23 had
4118 2921 56 23 been

3614 2951 123 31 proceeded
3747 2951 95 29 against,
3855 2950 43 23 and
3907 2949 82 26 wound
4000 2958 30 24 up
4039 2958 14 16 a
4062 2950 44 24 few
4114 2950 47 25 well-

3615 2980 80 24 turned
3711 2984 116 19 sentences
3844 2980 29 30 by
3888 2982 80 28 saying
3984 2982 51 21 that
4053 2982 29 21 he
4100 2982 73 22 would

3613 3011 29 21 do
3654 3010 158 29 M'Manamny
3822 3017 14 15 a
3845 3010 58 29 good
3913 3013 53 19 turn
3982 3010 17 22 if
4017 3009 28 23 he
4061 3017 53 15 ever
4128 3010 46 22 had

3613 3040 39 22 the
3669 3040 90 23 chance.
3791 3040 158 28 M'Manamny
3970 3039 85 30 replied
4074 3039 52 24 that
4145 3039 29 24 hs

3613 3070 38 23 did
3662 3073 41 20 not
3714 3072 61 21 want
3784 3077 45 23 any
3839 3070 103 29 personal
3951 3069 83 29 favors,
4046 3069 43 24 but
4098 3069 76 24 would

3613 3101 26 22 be
3658 3100 91 29 pleased
3767 3100 81 23 indeed
3865 3100 18 23 if
3900 3100 28 23 he
3947 3100 67 23 could
4030 3107 91 17 recover
4135 3100 38 24 Mr

3613 3130 112 22 M'Phee's
3737 3131 81 21 watch.
3849 3130 81 22 Butler
3939 3130 80 22 smiled
4030 3138 24 15 as
4065 3131 28 22 he
4102 3131 72 23 asked

3611 3160 18 22 if
3648 3160 39 22 the
3707 3160 113 22 detective
3838 3159 111 30 imagined
3966 3160 28 22 he
4011 3160 44 23 had
4075 3161 45 22 lost
4139 3161 35 22 his

3611 3196 75 15 senses
3709 3190 45 21 and
3779 3196 45 15 was
3844 3190 68 28 going
3937 3192 23 20 to
3980 3190 66 23 make
4066 3191 108 22 evidence

3611 3220 89 30 against
3710 3220 96 23 himself.
3838 3219 36 23 He
3884 3227 46 16 was
3945 3227 61 16 more
4017 3220 133 30 thoughtful
4160 3229 14 15 a

3611 3253 100 21 moment
3725 3250 65 28 later,
3811 3250 65 23 when
3897 3250 48 24 told
3966 3250 52 24 that
4037 3258 29 16 no
4083 3251 91 23 further

3611 3281 146 28 proceedings
3772 3288 58 15 were
3841 3281 167 29 contemplated
4018 3287 25 17 so
4053 3281 35 22 far
4098 3288 25 16 as
4133 3281 40 23 tho

3612 3311 126 23 Hawthorn
3757 3318 49 15 case
3822 3317 45 16 was
3883 3310 131 24 concerned.
4135 3311 38 24 old

3612 3349 50 16 man
3681 3342 46 28 (Mr
3744 3342 104 28 M'Phee)
3865 3349 46 16 was
3926 3349 56 22 very
4075 3342 29 23 he
4113 3342 59 28 said,

3701 3373 19 22 it
3743 3371 96 31 perhaps
3864 3371 74 24 would
3963 3371 27 24 be
4010 3379 13 16 a
4041 3371 131 25 reasonable

3612 3403 65 28 thing
3688 3406 23 18 to
3722 3403 53 28 help
3785 3403 46 21 him
3842 3405 24 19 to
3876 3403 76 28 regain
3959 3403 39 21 the
4008 3403 82 21 watch.
4114 3402 42 30 Sup-

3611 3431 120 31 posing—l
3751 3432 86 29 merely
3861 3439 39 23 say
3920 3431 163 31 supposing—l
4102 3432 68 23 stuck

3612 3464 46 21 him
3677 3470 39 21 up,
3735 3462 44 22 and
3797 3463 41 22 tell
3857 3470 45 21 you
3919 3463 74 22 where
4010 3463 40 22 the
4060 3463 74 22 watoh
4144 3464 28 25 is,

3612 3492 62 22 what
3684 3492 73 21 would
3769 3492 89 28 happen
3875 3495 24 18 to
3910 3499 34 15 ine
3959 3492 18 21 if
3991 3492 127 29 something
4127 3492 47 22 else

3613 3529 57 16 were
3689 3521 70 24 found
3778 3521 77 24 beside
4070 3521 20 24 it
4108 3529 65 16 mean

3756 3552 92 29 queried
3878 3552 165 30 M'Manamny.

3612 3582 124 30 responded
3761 3581 87 30 Butler,
3895 3583 83 29 merely
3998 3590 13 15 a
4035 3582 81 24 loaded
4140 3590 22 16 re-

3775 3613 61 23 That
3855 3613 72 30 might
3947 3613 71 35 imply
4038 3620 29 16 an
4087 3613 86 23 offence

3612 3645 87 27 against
3719 3650 13 15 a
3752 3643 83 29 by-law
3849 3643 23 22 of
3888 3644 39 21 the
3947 3644 165 28 municipality,
4129 3644 44 22 but

3613 3674 94 29 nothing
3726 3680 45 22 you
3789 3672 58 23 need
3867 3673 26 22 be
3912 3673 73 22 afraid
4063 3674 108 23 returned

3613 3704 165 26 M'Manamny.
3808 3704 81 21 Butler
3899 3704 53 21 then
3965 3704 111 28 promised
4088 3706 24 20 to
4121 3704 52 30 give

3613 3742 59 14 fiorne
3691 3734 125 29 important
3840 3733 145 23 information
4009 3733 110 29 provided
4143 3736 29 21 he

3614 3772 57 16 were
3690 3765 76 22 shown
3783 3772 13 15 a
3811 3763 93 24 definite
3919 3763 153 31 undertaking
4088 3772 28 15 on
4133 3765 39 23 the

3613 3798 52 26 part
3684 3795 23 22 of
3726 3794 39 23 the
3782 3794 80 23 Crown
3882 3796 41 21 not
3933 3797 24 20 to
3972 3795 95 29 proceed
4082 3794 90 24 further

3613 3826 89 28 against
3712 3825 46 22 him
3768 3824 23 24 in
3802 3824 39 24 the
3851 3831 49 17 case
3911 3824 23 24 of
3949 3824 39 24 the
3998 3825 140 30 sticking-up
4148 3825 24 23 of

3615 3856 36 21 Mr
3662 3855 102 22 M'Phee.

3641 3887 20 20 A
3681 3885 44 22 few
3744 3885 55 29 days
3819 3885 57 22 later
3894 3885 156 29 M'Manamny
4066 3885 108 23 obtained

3614 3916 46 22 this
3671 3915 151 29 undertaking
3831 3915 58 22 from
3899 3915 40 22 the
3953 3915 221 29 Attorney-General

3614 3946 44 22 and
3678 3953 54 15 once
3751 3946 66 29 again
3836 3945 147 23 interviewed
3999 3945 86 23 Butler.
4124 3946 48 22 The

3614 3976 89 24 convict
3713 3983 45 15 was
3768 3978 40 20 not
3819 3982 24 16 so
3852 3975 45 23 free
3907 3975 45 23 and
3958 3975 127 30 outspoken
4095 3984 24 15 as
4127 3975 45 24 had

3615 4007 54 22 been
3687 4006 115 29 expected.
3834 4005 36 23 He
3891 4006 117 22 remarked
4027 4006 51 23 that
4096 4007 27 22 he
4140 4007 23 22 in-

3615 4036 84 23 tended
3713 4040 24 19 to
3753 4043 40 21 say
3803 4036 95 29 nothing
3918 4035 70 24 about
4004 4036 39 23 Mr
4062 4035 116 24 M'Phec'a

3615 4073 56 21 case,
3683 4066 44 22 and
3737 4066 28 22 he
3773 4065 39 23 did
3822 4068 47 19 not.
3901 4065 47 23 But
3958 4065 28 22 he
3996 4065 54 23 took
4061 4073 13 15 a
4083 4066 63 29 piece
4153 4066 24 22 of

3616 4096 105 31 foolscap,
3742 4095 44 25 and
3807 4095 55 24 with
3883 4102 12 16 a
3915 4095 43 24 few
3977 4095 57 24 lines
4059 4096 22 23 in
4101 4095 74 31 pencil

3615 4127 108 24 sketched
3734 4127 39 23 the
3784 4127 146 22 intersection
3941 4127 22 22 of
3981 4127 132 23 Exhibition
4130 4127 46 23 and

3619 4158 68 23 Little
3697 4157 103 22 Flinders
3809 4159 78 25 street,
3897 4157 58 22 with
3966 4156 124 23 Rochester
4100 4157 78 29 Lodge

3616 4195 29 15 on
3661 4188 38 22 the
3716 4194 85 20 corner,
3820 4187 44 21 and
3882 4186 55 22 then
3956 4186 113 22 indicated
4086 4195 14 13 a
4116 4187 49 21 four-

3617 4216 88 24 roomed
3725 4217 68 22 house
3810 4216 23 22 in
3852 4223 14 15 a
3891 4215 159 30 right-of-way
4069 4215 59 24 close
4151 4219 27 20 at

3617 4248 66 24 hand.
3714 4247 77 24 About
3802 4247 38 24 the
3850 4248 76 23 centre
3935 4246 23 24 of
3968 4255 42 16 one
4019 4247 24 24 of
4053 4247 38 24 the
4099 4255 73 16 rooms

3617 4280 27 21 he
3659 4278 76 30 placed
3751 4287 13 13 a
3780 4278 74 29 pencil
3870 4278 72 26 mark,
3953 4278 53 26 and,
4017 4278 101 25 handing
4132 4279 40 22 the

3617 4315 68 22 paper
3695 4314 53 14 over
3766 4310 23 18 to
3808 4307 39 21 the
3864 4306 120 27 detective,
3996 4306 49 22 said
4055 4314 6 14 :

3617 4345 43 24 you
3685 4344 43 17 arc.
3765 4335 57 26 Now
3844 4342 44 25 you
3909 4335 67 25 know
3997 4343 25 17 as
4036 4335 65 25 much
4122 4344 26 17 as
4162 4336 12 24 I

3618 4370 46 23 will
3687 4376 52 16 ever
3764 4368 39 24 tell
3833 4375 51 24 you.
3923 4368 35 23 Go
3982 4368 44 23 and
4050 4375 36 16 see
4110 4368 65 24 what

3617 4408 45 22 you
3685 4400 57 22 shall
3862 4400 32 21 To
3918 4399 39 22 the
3979 4398 112 23 detective
4111 4399 64 23 mind

3618 4430 95 29 nothing
3737 4437 59 15 more
3820 4436 45 16 was
3894 4429 109 29 required.
4044 4428 48 24 The
4120 4429 54 30 plan

3618 4461 90 22 showed
3731 4460 86 29 plainly
3841 4460 88 28 enough
3953 4460 39 22 the
4015 4459 65 29 place
4099 4460 76 22 where

3619 4490 38 23 the
3699 4490 75 23 watch
3816 4489 45 23 had
3904 4490 54 21 been
4001 4489 91 27 hidden,
4130 4489 46 23 and

3620 4520 157 29 M'Manamoy
3792 4520 44 22 lost
3855 4527 28 15 no
3904 4520 53 22 time
3977 4520 23 22 in
4019 4520 93 29 putting
4137 4520 40 22 the

3619 4551 144 21 information
3781 4553 23 19 to
3815 4558 13 14 a
3845 4550 108 28 practical
3970 4552 52 20 test.
4055 4549 74 23 When
4148 4550 29 22 he

3619 4580 94 22 reached
3729 4580 38 22 the
3782 4582 53 26 spot
3851 4579 114 23 indicated
3981 4587 28 15 on
4028 4579 38 23 the
4083 4587 52 22 map
4152 4587 25 15 or

3619 4610 60 29 plan,
3691 4609 110 28 however,
3814 4609 27 22 he
3851 4616 45 15 was
3913 4609 96 22 startled
4026 4609 29 29 by
4066 4609 99 24 discover-

3619 4641 38 30 ing
3674 4640 52 23 that
3741 4639 64 24 there
3822 4646 46 17 was
3878 4647 28 16 no
3918 4640 67 23 house
3996 4640 70 23 there.
4097 4640 25 24 It
4132 4640 45 24 had

3619 4671 55 22 been
3682 4671 100 28 recently
3790 4671 77 28 pulled
3875 4671 73 26 down,
3958 4671 44 21 and
4012 4671 30 21 its
4050 4671 74 22 bricks
4132 4671 45 22 had

3620 4701 34 22 for
3664 4701 39 22 the
3721 4704 58 19 most
3794 4703 52 27 part
3855 4699 56 23 been
3927 4699 76 24 carted
4019 4707 71 23 away.
4122 4700 55 23 This

3621 4731 139 29 unexpected
3770 4731 158 29 development
3944 4730 118 30 staggered
4081 4730 39 23 the
4140 4730 24 23 de-

3621 4762 90 26 tective,
3723 4761 43 22 but
3779 4761 99 22 without
3892 4760 66 30 delay
3969 4760 28 23 he
4014 4760 106 23 searched
4137 4764 41 19 out

3621 4791 38 24 the
3676 4798 75 17 owner
3768 4790 46 29 (Mr
3832 4790 109 31 Raphael,
3952 4790 23 23 of
3991 4790 87 24 Russell
4089 4792 88 27 street),

3620 4823 44 22 and
3674 4823 55 22 then
3740 4821 76 23 traced
3828 4821 38 22 the
3872 4821 131 29 purchasers
4011 4821 24 22 of
4045 4821 38 22 tho
4094 4821 83 24 bricks.

3621 4852 95 23 Neither
3727 4852 43 21 had
3781 4851 67 22 heard
3856 4850 111 29 anything
3974 4851 22 22 of
4006 4858 14 15 a
4029 4851 73 22 watch
4112 4851 66 29 being

3621 4882 69 22 found
3709 4882 23 22 in
3753 4881 38 22 the
3810 4880 75 28 house,
3906 4880 52 28 and,
3978 4880 109 30 provided
4103 4880 20 23 it
4133 4880 45 23 had

3621 4913 55 23 been
3686 4911 78 31 placed
3775 4911 70 28 there,
3857 4911 19 22 it
3887 4917 44 16 was
3939 4910 109 30 probably
4058 4910 48 23 still
4116 4910 62 31 lying

3621 4943 78 23 buried
3728 4944 103 26 amongst
3860 4941 39 22 the
3923 4941 84 22 broken
4031 4940 76 23 bricks
4132 4943 45 20 and

3621 4972 100 26 rubbish,
3742 4971 73 22 which
3835 4970 44 23 had
3899 4970 56 23 been
3974 4970 110 23 valueless
4101 4973 24 20 to
4141 4972 37 22 the

3621 5002 127 31 purchaser,
3764 5000 44 24 and
3819 5000 52 28 had,
3883 5000 119 28 therefore,
4017 5002 40 22 not
4074 5000 55 24 been
4146 5008 22 16 re-

3621 5033 86 24 moved.

3648 5065 33 22 At
3704 5071 28 15 an
3763 5062 62 30 early
3849 5062 57 23 hour
3935 5068 28 16 on
3988 5062 38 24 the
4057 5063 38 22 lilli
4123 5063 54 24 inst.

3622 5095 156 27 M'Manamny
3789 5093 44 23 and
3844 5094 45 22 two
3899 5094 125 26 assistants,
4034 5094 77 23 armed
4122 5095 56 23 with

3621 5126 64 27 picks
3694 5124 45 21 and
3748 5124 95 26 shovels,
3855 5123 142 22 commenced
4012 5126 22 19 to
4046 5125 58 20 clear
4114 5132 65 20 away

3622 5155 38 21 the
3670 5153 81 22 debris.
3782 5153 66 21 Some
3858 5152 67 22 hours
3941 5152 58 22 later
4016 5153 54 29 they
4080 5153 71 23 found
4167 5161 14 15 a

3621 5184 76 23 brown
3707 5189 70 24 paper
3786 5181 81 31 parcel,
3878 5181 81 30 which,
3967 5189 29 16 on
4008 5182 65 31 being
4083 5183 95 31 opened,

3621 5223 45 15 was
3676 5213 68 24 found
3756 5216 23 20 to
3789 5214 91 22 contain
3890 5215 41 21 not
3947 5213 54 29 only
4011 5213 38 24 Mr
4065 5215 114 22 M'l'hee's

3621 5244 52 28 gold
3683 5244 74 23 watch
3765 5243 44 22 aud
3819 5243 74 27 chain,
3904 5243 43 23 but
3962 5251 13 16 a
3991 5243 188 25 five-chambered

3621 5274 109 28 revolver,
3742 5272 80 25 loaded
3835 5273 23 23 in
3875 5280 68 23 every
3953 5273 112 30 chamber,
4078 5277 38 22 ten
4133 5275 46 25 ball

3620 5305 124 28 cartridges
3761 5304 46 22 tied
3825 5305 23 21 in
3865 5312 13 14 a
3897 5305 63 29 piece
3976 5305 23 22 of
4017 5312 46 22 rag,
4080 5314 13 14 a
4113 5306 52 23 keen-

3621 5334 70 30 edged
3709 5333 113 24 butcher's
3842 5334 62 23 knife
3923 5334 70 23 about
4014 5336 50 22 lOin
4083 5342 25 17 or
4130 5336 51 24 12in

3621 5366 59 28 long,
3692 5364 44 23 and
3746 5371 14 16 a
3775 5364 154 23 black-haired
3945 5365 71 23 mask.
4047 5366 47 23 The
4104 5367 75 23 watch

3622 5395 64 23 chain
3694 5402 45 14 was
3747 5394 86 23 broken
3840 5395 73 23 where
3920 5395 19 23 it
3945 5395 45 23 had
3997 5395 55 24 been
4061 5397 119 23 wrenched

3621 5426 57 21 from
3689 5425 39 21 the
3740 5427 56 24 vest,
3808 5425 45 21 and
3869 5425 39 22 the
3919 5426 74 22 watch
4004 5427 62 21 itself
4076 5434 46 15 was
4132 5428 47 21 still

3622 5454 101 30 showing
3747 5454 38 23 the
3810 5454 55 23 time
3888 5455 23 23 of
3940 5455 39 24 the
4003 5457 176 29 outrage—viz.,

3623 5489 86 25 twenty
3727 5486 97 22 minutes
3850 5487 52 27 past
3918 5487 26 22 10
3960 5494 55 21 p.m.
4052 5486 48 24 The
4117 5488 66 23 mask,

3623 5523 45 16 was
3686 5515 127 30 materially
3824 5515 106 24 different
3946 5516 59 23 from
4022 5517 39 24 the
4078 5525 42 16 one
4137 5517 46 25 d»-

3622 5546 94 23 covered
3733 5546 24 22 in
3767 5546 35 22 his
3823 5547 124 27 possession
3970 5550 26 19 at
4022 5547 38 24 the
4085 5548 57 23 time
4159 5549 24 23 of

3622 5576 35 23 his
3667 5578 90 21 arrrest.
3789 5576 24 23 It
3822 5577 19 22 is
3850 5577 24 23 of
3885 5577 38 23 the
3929 5577 112 24 orthodox
4048 5578 78 31 shape,
4137 5580 45 23 and

3622 5608 84 21 fastens
3716 5607 57 22 with
3782 5607 80 27 string.

3650 5671 48 22 The
3714 5672 48 21 fern
3779 5672 19 21 is
3815 5671 123 24 indicative
3948 5673 24 22 of
3981 5673 143 24 fascination.
4156 5676 26 24 In

3624 5701 90 31 Haxony
3726 5701 39 23 the
3775 5705 91 28 present
3876 5702 30 31 by
3916 5710 14 16 a
3940 5703 62 25 lover
4012 5705 24 23 to
4053 5705 36 30 hjs,
4105 5709 65 22 Bwcet-

3624 5733 64 23 heart
3702 5733 23 22 of
3734 5741 13 15 a
3758 5733 94 25 handful
3862 5735 23 23 of
3895 5735 61 26 ferns
3966 5736 18 25 is
3995 5736 132 32 equivalent
4136 5740 24 23 to
4171 5747 11 17 a

3623 5764 111 34 proposal,

1755 85 233 48 MOUNT
2032 85 271 49 BENGER
2347 85 183 47 iMAIL.

237 115 181 30 SATURDAY,
433 115 126 27 AUGUST
573 116 36 29 22,
628 117 51 24 18*6
