4250 5920
189 182 321 38 PARLIAMENT.

99 276 39 23 Mr
147 274 76 24 Pirani
233 273 70 23 asked
313 272 18 23 if
340 272 41 23 the
390 271 155 23 Government
556 269 76 24 would

72 306 118 24 introduce
199 303 127 32 legislation
336 304 25 21 to
371 300 79 24 enable
461 300 39 24 the
506 300 127 30 provisions

72 338 23 23 of
119 337 40 24 the
182 335 72 31 Shops
273 334 46 24 Act
342 331 98 32 relating
463 333 26 22 to
511 330 74 24 offices
608 333 25 20 to

72 369 28 23 be
119 366 104 32 properly
233 363 106 25 enforced
357 364 24 22 in
401 363 39 23 the
460 362 74 23 offices
550 361 23 23 in
593 360 41 24 the

73 399 86 31 colony.
190 397 49 25 The
247 395 106 25 Minister
363 393 23 24 of
397 393 73 24 Labor
486 391 50 25 said
553 391 20 24 it
587 398 47 17 was

73 431 52 22 well
145 430 81 23 known
246 428 52 22 that
316 426 39 24 the
374 426 46 22 Act
439 432 46 15 was
503 422 86 24 evaded
610 423 25 23 in

73 460 73 23 banks
155 459 45 22 and
211 464 66 23 many
285 456 82 26 offices,
374 454 46 22 and
426 455 20 21 it
452 460 46 15 was
505 453 129 28 absolutely

74 495 117 25 necessary
200 488 24 24 in
234 488 39 23 the
282 487 107 23 interests
405 483 23 24 of
444 483 40 24 the
498 482 74 24 clerks
582 481 53 25 that

75 522 40 24 the
135 521 43 24 law
194 518 81 25 should
291 518 28 23 be
335 514 110 26 amended
465 518 24 21 to
504 513 130 31 effectually

75 556 44 26 put
127 560 14 14 a
150 554 52 28 stop
212 554 25 19 to
246 549 40 24 the
295 547 110 30 sweating
414 547 52 23 that
475 553 51 15 now
536 544 96 24 existed.

76 582 38 23 Mr
137 581 90 24 Seddon
258 577 80 32 agreed
369 579 53 21 that
449 575 62 23 bank
542 574 93 24 officials

75 612 93 24 worked
183 617 54 25 very
253 609 53 31 long
321 608 68 24 hours
405 605 89 30 indeed,
506 605 44 24 and
560 604 75 25 added

77 645 52 22 that
138 641 132 33 practically
280 639 72 25 banks
359 638 45 24 and
411 638 75 23 offices
496 637 44 23 had
550 639 37 21 set
596 636 39 23 the

76 674 44 23 law
153 677 26 20 at
210 671 105 25 defiance.
360 670 37 23 An
425 667 121 31 amending
574 667 61 30 Shop

77 704 77 23 Hours
163 703 46 24 Bill
218 701 75 24 would
309 701 27 22 be
353 699 99 30 brought
461 698 67 23 down
538 697 96 29 shortly,

78 735 45 25 and
133 734 27 26 he
171 732 74 26 would
260 734 28 23 be
304 729 90 35 pleased
409 729 18 25 if
446 728 114 33 provision
576 734 59 17 were

78 767 65 22 made
157 767 24 22 in
196 767 20 22 it
234 768 25 21 to
277 767 60 20 meet
352 763 40 23 the
406 769 50 16 case
473 761 24 23 of
511 760 62 24 bank
589 759 44 24 and

79 797 63 22 office
151 796 79 23 clerks.

106 832 29 25 In
155 831 37 26 Mr
209 830 107 25 Seddon's
340 828 100 33 opinion,
459 826 115 26 wherever
597 825 41 25 the

82 865 65 23 thrift
157 864 23 23 of
190 864 39 23 the
238 862 79 32 people
326 861 20 24 is
355 859 123 26 concerned
484 859 65 24 there
556 856 82 25 should

80 896 28 22 be
124 895 154 23 Government
296 891 87 25 control
401 890 45 24 and
461 898 13 15 a
484 890 155 23 Government

80 925 72 23 audit.
181 924 56 24 This
255 930 46 16 was
317 923 24 23 in
350 928 87 17 answer
451 923 25 20 to
495 920 38 23 Mr
552 918 85 29 Pirani,

80 956 52 21 who
150 954 70 23 asked
238 953 103 22 whether
357 953 28 21 he
395 951 74 22 would
486 949 103 23 consider
599 949 40 22 the

80 984 141 31 advisibility
235 982 24 25 of
272 981 153 32 reorganising
444 980 40 24 the
503 979 74 25 Audit
596 977 29 25 De-

80 1020 116 27 partment
204 1023 25 17 so
239 1015 52 24 that
306 1015 21 23 it
342 1012 59 25 shall
418 1019 58 17 nave
491 1010 116 32 oversight
616 1009 24 26 of

81 1048 40 23 the
139 1046 148 31 expenditure
306 1045 24 23 of
353 1044 32 23 all
409 1043 164 30 departments,
593 1041 47 23 and

80 1077 91 25 include
190 1078 22 22 in
233 1076 31 24 its
282 1075 103 24 function
406 1073 39 24 the
464 1073 65 23 audit
552 1071 25 24 of
600 1071 40 24 the

81 1111 107 21 accounts
197 1107 23 23 of
230 1107 39 23 the
279 1106 64 23 Bank
353 1106 24 22 of
386 1104 58 24 New
454 1102 98 25 Zealand
562 1102 45 23 and
617 1101 24 24 of

82 1139 40 24 the
132 1139 93 23 Estates
232 1135 139 26 Realisation
381 1133 82 26 Board.

110 1175 28 23 In
153 1175 92 28 moving
259 1174 24 22 in
300 1173 39 23 the
353 1170 94 26 Council
456 1170 37 24 for
501 1177 14 16 a
524 1173 80 20 return
617 1171 25 21 to

82 1206 63 22 show
154 1205 40 23 the
203 1203 150 30 expenditure
369 1209 30 15 on
415 1202 40 21 the
465 1201 74 28 Otago
547 1199 95 24 Central

83 1240 25 19 to
117 1235 61 27 date,
190 1233 38 24 Mr
244 1232 54 24 Bolt
312 1231 50 24 said
379 1231 28 23 he
416 1230 103 24 believed
533 1229 20 24 it
567 1228 74 24 would

83 1266 29 24 be
121 1265 75 25 better
205 1264 35 25 for
249 1264 40 25 the
299 1263 80 31 colony
386 1265 24 21 to
420 1268 28 24 go
458 1262 23 23 in
491 1261 36 24 for
536 1268 14 16 a
559 1260 52 23 loan
618 1259 25 24 of

84 1297 44 23 five
137 1295 97 24 millions
244 1297 25 20 to
278 1301 66 22 carry
353 1301 29 15 on
393 1293 47 22 this
449 1292 45 23 and
504 1292 67 22 other
577 1291 63 26 lines,

84 1326 45 23 and
147 1332 25 16 so
188 1325 51 29 give
256 1323 153 29 employment
426 1325 25 19 to
467 1321 64 22 labor
549 1320 44 22 and
611 1320 31 28 by

83 1355 96 30 opening
206 1360 31 22 up
261 1353 39 22 the
328 1353 97 24 country
448 1353 76 19 create
552 1348 90 28 general

82 1385 169 29 improvement.
309 1380 48 24 The
390 1379 60 24 Hon.
482 1378 39 24 Mr
547 1377 95 23 Walker

82 1415 44 23 had
136 1422 30 14 no
174 1412 113 30 objection
298 1415 24 20 to
332 1412 39 23 the
381 1414 85 22 return,
478 1409 46 23 and
533 1408 49 23 said
590 1408 52 23 that

82 1445 40 22 the
131 1443 93 22 number
233 1442 24 23 of
273 1448 51 16 men
334 1447 50 16 now
393 1438 119 30 employed
527 1438 20 23 is
562 1438 77 22 180.

82 1474 38 24 Mr
128 1473 125 24 Jenkineon
268 1470 81 25 moved
362 1477 30 17 an
406 1468 144 24 amendment
560 1467 80 27 asking

81 1506 35 22 for
126 1505 39 23 the
174 1509 95 24 average
279 1504 49 22 cost
341 1508 41 24 per
392 1499 59 29 mile,
463 1499 82 27 which,
557 1497 28 24 he
595 1497 45 23 had

81 1541 78 17 reason
169 1537 24 19 to
204 1534 93 26 believe,
309 1530 44 25 had
364 1531 56 22 been
428 1527 212 26 enormous.This

82 1565 38 23 Mr
139 1563 52 24 Bolt
209 1562 76 24 would
305 1565 40 20 not
360 1563 86 27 accept,
466 1558 68 23 while
553 1557 38 24 Mr
610 1557 27 23 G.

81 1595 97 23 M'Lean
187 1592 125 32 supported
327 1593 21 22 it
363 1599 25 15 as
404 1589 71 30 likely
485 1592 25 20 to
526 1588 66 23 bean
606 1588 22 22 in-

80 1625 111 23 structive
211 1627 85 20 return.
336 1621 47 23 The
402 1621 46 22 line
466 1617 81 25 should
571 1624 69 16 never

80 1656 58 23 have
147 1662 57 24 gone
214 1654 23 24 in
254 1654 31 24 its
301 1654 92 29 present
402 1649 118 29 direction,
532 1647 44 25 and
587 1647 18 24 if
620 1647 19 24 it

80 1686 46 24 had
141 1693 56 22 gone
219 1684 96 24 another
334 1689 50 22 way
406 1682 20 22 it
447 1679 74 24 would
543 1678 30 30 by
593 1678 46 23 this

80 1718 56 21 time
155 1716 57 23 have
236 1713 95 24 reached
355 1711 61 25 Lake
441 1709 111 24 Wanaka.
564 1708 75 23 Mr

80 1748 99 22 Stewart
194 1744 67 25 could
277 1748 40 19 not
334 1740 138 26 understand
488 1741 40 22 the
545 1739 57 23 drift
616 1739 24 23 of

80 1777 39 22 Mr
129 1775 113 23 M'Lean's
253 1773 107 27 remarks,
371 1771 45 23 and
426 1769 93 31 pointed
536 1772 41 19 out
587 1769 52 22 that

80 1807 23 23 in
120 1805 73 32 Otago
209 1805 64 23 there
290 1810 45 16 was
351 1803 23 22 in
391 1801 114 23 existence
521 1806 14 15 a
550 1798 89 30 League

80 1837 73 24 which
173 1843 46 16 was
239 1835 80 29 taking
337 1833 74 23 active
430 1832 95 24 interest
544 1830 23 22 in
592 1829 47 23 this

80 1870 90 19 matter.
201 1866 47 22 But
265 1865 28 22 he
308 1871 47 14 saw
374 1870 29 15 no
421 1862 113 27 objection
556 1864 24 18 to
599 1860 40 22 the

80 1894 219 25 amendment.Mr
309 1891 96 24 M'Lean
414 1889 119 32 explained
550 1889 52 23 that
620 1889 19 22 it

80 1935 46 15 was
132 1934 14 16 a
155 1925 101 32 political
264 1924 45 24 line
318 1923 30 30 by
359 1923 30 23 its
399 1924 92 28 present
497 1918 142 26 route.Mr

79 1957 53 24 Bolt
141 1956 49 24 said
200 1956 28 23 he
238 1954 103 31 objected
352 1955 24 22 to
386 1953 39 24 the
435 1951 151 25 amendment.
617 1950 22 23 A

78 1988 91 29 portion
177 1986 23 23 of
213 1986 40 23 the
269 1986 44 22 line
330 1983 45 24 had
393 1990 57 23 gone
466 1982 99 29 through
581 1987 56 23 very

79 2017 83 30 rugged
166 2019 103 26 country,
274 2014 67 23 while
346 2014 39 23 the
392 2012 125 24 remainder
521 2018 45 15 was
570 2013 41 20 not
614 2017 25 16 so

79 2047 164 26 mountainous,
254 2044 45 24 and
310 2044 35 22 for
355 2043 52 23 that
416 2049 78 16 reason
505 2042 39 22 the
559 2045 79 18 return

82 2077 75 22 would
167 2076 26 23 be
204 2074 131 29 misleading
345 2077 25 19 to
377 2073 39 23 the
425 2071 90 31 general
526 2070 113 31 public.

81 2107 39 23 Mr
134 2106 68 30 Kelly
219 2104 92 24 favored
328 2104 39 22 the
383 2102 144 23 amendment
537 2108 24 16 as
571 2100 68 30 being

79 2138 54 29 only
148 2137 43 23 fair
206 2139 25 20 to
246 2136 40 22 the
301 2132 152 33 publicMr
462 2131 116 31 Reynolds
587 2138 38 22 sug-

79 2167 78 33 gested
167 2168 39 22 the
214 2166 159 30 adjournment
383 2164 23 23 of
424 2164 40 22 the
480 2162 88 24 debate.
573 2161 65 23 Mr

79 2197 111 25 Shrimski
206 2195 103 31 objected
320 2198 25 20 to
360 2195 54 26 this,
428 2193 45 23 and
483 2191 81 31 agreed
581 2191 56 23 with

80 2228 38 24 Mr
129 2228 93 23 M'Lean
233 2227 51 24 that
294 2225 39 24 the
343 2224 45 24 line
399 2230 46 17 was
454 2230 13 16 a
483 2221 102 32 political
595 2228 43 17 one

80 2266 29 16 on
127 2258 40 24 the
185 2261 52 28 part
255 2256 23 24 of
298 2256 39 23 the
356 2254 105 24 Dunedin
480 2252 110 25 members
613 2252 24 23 in

80 2289 94 24 another
184 2286 137 33 place.Mr
334 2284 145 26 Jenkinson's
494 2282 145 25 amendment

81 2320 83 28 having
181 2318 56 23 been
255 2317 82 31 agreed
356 2320 25 19 to
399 2324 29 14 on
447 2316 40 22 the
506 2315 74 22 voices
599 2314 39 22 the

82 2350 92 28 motion,
185 2356 24 16 as
218 2356 14 16 a
242 2347 80 29 whole,
333 2353 47 17 was
389 2345 94 24 carried.

110 2386 54 23 Two
174 2385 152 24 Government
334 2383 58 24 Bills
399 2382 83 30 having
493 2381 111 24 reference
614 2382 25 22 to

83 2418 40 21 the
138 2416 92 22 tobacco
246 2416 43 21 law
303 2421 59 16 were
378 2412 123 25 circulated
511 2412 44 23 last
566 2411 70 23 week.

84 2447 47 22 The
141 2445 50 23 first
200 2445 23 22 of
233 2445 61 22 them
311 2444 19 22 is
345 2442 75 30 styled
436 2443 39 22 the
484 2442 100 23 Tobacco
593 2441 46 22 Act

82 2475 151 25 Amendment
249 2473 52 25 Bill.
332 2472 24 25 It
371 2472 70 24 alters
451 2472 40 23 the
501 2471 138 31 regulations

83 2508 23 23 in
126 2506 80 31 regard
225 2508 25 21 to
269 2505 39 24 the
326 2504 156 25 manufacture
501 2503 23 23 of
547 2502 92 24 tobacco

84 2538 80 22 within
181 2538 40 22 the
236 2536 88 28 colony,
341 2535 44 23 and
402 2535 47 22 also
463 2534 62 23 deals
534 2534 56 22 with
600 2533 40 22 the

84 2567 67 24 retail
160 2567 46 23 sale
216 2567 24 22 of
256 2564 172 24 manufactured
444 2564 92 23 tobacco
545 2563 45 23 and
601 2562 39 23 the

84 2597 93 30 making
192 2597 24 22 of
234 2597 121 29 cigarettes
373 2595 30 30 by
420 2593 67 25 hand.
517 2593 68 24 After
601 2593 39 23 the

85 2628 122 30 beginning
221 2627 23 22 of
260 2628 56 21 next
332 2633 61 21 year,
409 2625 19 22 if
444 2625 46 22 this
504 2624 44 23 Bill
566 2630 75 23 passes

84 2659 50 21 into
143 2658 51 26 law,
205 2663 30 16 no
249 2662 80 23 person
339 2654 47 23 will
400 2654 27 23 be
437 2654 94 23 allowed
541 2657 25 20 to
575 2653 67 23 retail

84 2687 93 24 tobacco
187 2687 23 23 in
221 2694 13 15 a
250 2685 101 30 borough
367 2684 98 24 without
480 2692 14 15 a
507 2684 90 28 license,
607 2683 35 23 for

85 2718 74 22 which
169 2718 30 21 1
209 2718 20 21 is
239 2719 24 20 to
273 2715 28 23 be
310 2715 61 29 paid.
401 2714 52 29 Any
463 2714 78 22 holder
550 2714 23 22 of
587 2713 55 23 such

85 2755 14 16 a
116 2748 81 23 license
214 2753 52 23 may
282 2745 78 24 obtain
381 2751 13 16 a
413 2746 100 21 warrant
529 2746 24 21 to
573 2750 38 17 use
629 2750 14 16 a

85 2778 192 29 tobacco-cutting
297 2776 110 28 machine,
425 2774 44 25 and
489 2774 54 24 such
562 2774 81 24 license

85 2812 79 28 grants
183 2807 131 31 permission
339 2809 25 20 to
386 2806 67 22 make
477 2806 118 29 cigarettes
613 2805 31 29 by

85 2840 61 22 hand
157 2846 28 15 on
195 2839 40 22 the
248 2839 109 28 payment
366 2837 24 22 of
404 2844 28 14 an
442 2835 126 23 additional
578 2835 34 22 fee
622 2835 22 21 of

84 2870 33 23 ss.
148 2868 127 23 Numerous
294 2866 113 30 penalties
425 2872 38 15 are
482 2864 110 30 provided
611 2864 34 23 for

85 2899 108 21 breaches
204 2898 23 22 of
241 2897 39 22 the
295 2897 53 26 Act,
360 2895 117 29 including
491 2894 118 23 forfeiture
623 2894 22 23 of

85 2929 41 23 the
142 2928 83 24 license
239 2927 35 24 for
289 2934 13 16 a
320 2925 82 25 second
417 2925 128 23 con?iction
564 2924 81 24 within

87 2960 80 22 twelve
178 2959 97 22 months.

114 2989 48 23 The
171 2989 66 22 other
253 2988 45 23 Bill
313 2985 93 24 amends
422 2985 39 24 the
478 2985 74 23 excise
568 2984 76 24 duties

85 3026 29 16 on
138 3018 100 28 tobacco,
263 3018 80 28 cigars,
367 3017 128 29 cigarettes,
515 3014 45 25 and
583 3014 62 24 snuff

85 3047 170 25 manufactured
272 3048 23 22 in
312 3047 40 23 the
366 3047 87 29 colony.
484 3046 48 23 The
545 3045 59 30 duty
618 3047 25 21 at

85 3080 41 23 the
135 3080 91 29 present
236 3079 54 22 time
299 3084 29 16 on
338 3077 94 23 tobacco
441 3077 20 23 is
475 3077 23 22 Is
508 3076 40 23 the
557 3075 83 30 pound,

84 3109 45 23 and
139 3117 28 15 on
177 3110 79 29 cigars,
267 3108 128 27 cigarettes,
406 3107 45 22 and
461 3106 61 23 snuff
531 3108 22 21 Is
564 3106 27 22 61
603 3105 39 22 the

84 3140 83 53 gjund.
197 3140 48 22 The
263 3138 54 29 only
332 3137 122 23 alteration
473 3136 65 23 made
557 3135 30 29 by
601 3135 40 23 the

105 3170 24 23 ill
139 3177 51 16 now
199 3169 98 30 brought
311 3167 66 24 down
392 3167 20 23 is
428 3167 23 23 in
467 3166 80 30 regard
562 3168 25 21 to
600 3166 40 23 the

84 3200 58 30 duty
160 3207 29 16 on
208 3200 125 30 cigarettes.
370 3197 55 24 This
444 3197 19 23 is
482 3195 114 25 increased
616 3199 24 20 to

84 3232 24 21 3s
118 3231 27 22 (id
155 3231 40 22 the
204 3229 76 30 pound
289 3236 29 15 on
327 3228 122 30 cigarettes
465 3226 174 24 manufactured

84 3262 29 28 by
122 3260 136 29 machinery,
269 3258 44 24 and
329 3257 97 24 reduced
442 3260 24 20 to
481 3258 23 22 Is
514 3257 39 23 the
564 3256 76 31 pound

82 3291 19 23 if
109 3290 65 24 made
183 3290 31 30 by
223 3289 68 24 hand.
330 3288 127 31 Cigarettes
467 3286 172 24 manufactured

81 3321 32 29 by
122 3321 59 22 hand
192 3320 90 23 outside
291 3327 14 15 a
313 3318 90 23 bonded
420 3318 92 23 tobacco
526 3318 99 23 manufac-

82 3354 52 26 tory
143 3357 38 16 are
190 3349 120 31 exempted
324 3349 59 22 from
392 3348 65 29 duty.

107 3381 48 23 The
165 3380 124 24 Treasurer
296 3380 41 22 has
351 3378 98 31 brought
458 3377 67 24 down
534 3385 15 16 a
557 3377 46 24 Bill
614 3380 24 21 to

80 3411 81 24 amend
184 3411 41 23 the
247 3411 155 23 Government
425 3408 73 24 Loans
522 3411 25 21 to
571 3408 66 24 Local

80 3441 82 24 Bodies
170 3441 53 28 Act,
233 3440 127 30 providing,
368 3442 105 26 amongst
480 3439 66 23 other
554 3439 83 29 things,

80 3472 54 22 that
142 3472 40 23 the
192 3471 121 23 Treasurer
322 3470 35 23 for
374 3470 39 23 the
430 3471 56 21 time
501 3468 66 31 being
578 3476 59 23 may,

80 3502 19 23 if
123 3503 27 21 he
174 3501 79 23 thinks
273 3500 35 28 fit,
331 3503 78 26 accept
432 3500 58 22 from
513 3506 45 29 any
581 3499 57 23 local

80 3531 119 30 authority
217 3531 40 23 the
276 3532 132 29 repayment
426 3529 25 23 of
464 3529 40 23 the
522 3528 73 24 whole
613 3536 26 16 or

80 3566 54 26 part
152 3562 23 24 of
198 3569 14 16 a
230 3562 59 28 loan,
309 3559 206 31 notwithstanding
531 3560 53 23 that
599 3560 40 23 the

80 3592 79 32 period
182 3592 36 24 for
241 3595 132 28 repayment
397 3592 40 23 has
463 3594 42 21 not
534 3590 101 31 expired.

81 3625 48 23 The
148 3624 125 31 provisions
292 3623 23 23 of
339 3623 39 23 the
397 3622 111 30 principal
532 3623 46 23 Act
599 3630 39 15 are

80 3654 112 23 extended
216 3657 24 20 to
263 3653 80 23 enable
371 3653 62 22 loans
457 3655 25 20 to
513 3651 27 24 be
563 3652 74 23 raised

80 3685 36 22 for
125 3685 39 22 the
173 3684 135 30 acquisition
324 3683 24 23 of
364 3682 76 30 public
451 3682 78 23 works.
562 3682 75 24 Loans

80 3714 92 24 secured
182 3714 30 30 by
219 3714 83 29 special
312 3717 61 19 rates
381 3719 39 17 are
430 3712 118 24 restricted
559 3712 31 30 by
598 3713 39 23 the

80 3745 125 23 conditions
221 3745 53 23 that
287 3744 40 24 the
343 3743 88 24 ratable
441 3743 66 23 value
515 3742 25 24 of
553 3742 84 24 Native

79 3775 53 24 land
149 3783 25 15 or
192 3775 81 24 Crown
292 3774 53 23 land
364 3773 106 24 included
484 3774 24 22 in
521 3780 45 23 any
581 3773 55 23 such

79 3806 83 30 special
171 3808 61 21 rates
248 3807 62 22 must
325 3804 27 23 be
369 3804 43 23 less
421 3804 56 23 than
487 3803 100 24 one-half
597 3804 39 23 the

79 3837 87 23 ratable
181 3837 66 23 value
265 3836 22 23 of
304 3835 31 23 all
348 3834 87 24 ratable
451 3838 108 27 property
576 3842 61 23 upon

78 3867 74 23 which
162 3867 40 23 the
211 3869 49 21 rate
275 3867 19 22 is
311 3865 81 29 levied,
403 3865 45 23 and
460 3865 38 23 the
508 3864 94 24 number
613 3865 24 23 of

78 3901 129 26 ratepayers
226 3904 61 22 upon
304 3896 74 23 whose
397 3898 109 27 property
526 3895 40 22 the
585 3898 50 19 rate

77 3928 21 22 is
119 3926 72 24 levied
214 3929 63 20 must
298 3925 82 24 exceed
404 3933 49 15 one.
497 3924 136 23 Additional

77 3957 109 23 remedies
216 3963 38 16 are
282 3954 109 32 provided
415 3956 24 22 in
463 3955 40 23 the
533 3961 51 17 case
613 3954 23 23 of

78 3987 87 23 default
187 3987 23 23 in
232 3987 40 22 the
290 3989 109 27 payment
416 3985 24 23 of
461 3985 105 28 interest,
591 3983 45 25 and

78 4018 40 23 the
134 4018 47 23 Act
195 4017 23 24 of
236 4018 53 23 1886
306 4017 20 23 is
341 4015 110 25 amended
468 4022 24 17 so
502 4022 25 17 as
537 4018 25 20 to
571 4015 66 23 allow

77 4049 24 23 of
117 4049 111 27 250,000
242 4055 42 22 per
299 4055 85 15 annum
399 4047 68 29 being
475 4045 162 31 appropriated

77 4079 36 21 for
127 4079 63 21 loans
206 4082 24 18 to
246 4078 57 22 local
322 4077 78 22 bodies
409 4083 67 15 an
496 4077 99 20 increase
614 4075 24 22 of

77 4109 97 26 50,000
183 4114 28 16 on
221 4107 40 23 the
270 4109 93 20 amount
377 4110 26 19 at
417 4105 40 24 the
473 4107 93 28 present
582 4104 56 23 time

76 4138 110 30 provided
195 4138 42 23 for.

105 4168 35 23 Sir
152 4168 26 22 R.
192 4168 86 24 Stout's
287 4167 125 30 complaint
427 4165 53 25 that
496 4165 40 24 the
546 4164 93 24 salaries

77 4199 54 27 paid
150 4202 24 18 to
190 4204 68 23 many
272 4198 24 22 of
312 4197 40 23 the
368 4197 145 28 magistrates
530 4202 60 16 were
600 4199 39 18 too

77 4229 44 22 low
145 4235 45 16 was
213 4227 113 24 admitted
348 4226 32 30 by
402 4226 40 23 the
463 4224 109 28 Premier,
588 4223 51 24 who

77 4258 83 29 stated,
177 4258 111 28 however,
312 4257 54 24 that
383 4263 14 17 a
421 4256 61 30 large
501 4255 96 24 number
615 4253 24 24 of

78 4290 108 21 members
197 4289 75 23 would
281 4288 76 29 object
367 4290 24 20 to
406 4293 45 23 any
468 4285 117 31 proposals
602 4284 37 24 for

77 4326 29 14 an
116 4320 105 20 increase.

104 4350 28 22 In
149 4350 122 29 defending
287 4349 40 23 the
337 4348 75 22 Labor
421 4346 101 23 Bureaus
536 4345 58 24 from
609 4353 29 14 an

77 4379 79 23 attack
171 4379 102 30 recently
283 4377 65 24 made
364 4384 29 16 on
410 4377 61 22 them
486 4376 31 29 by
527 4376 40 22 the
578 4375 45 22 Wel-

78 4411 85 30 lington
175 4409 140 24 Benevolent
323 4408 115 27 Trustees,
449 4406 40 24 the
500 4405 106 25 Minister
615 4404 24 26 of

78 4442 74 22 Labor
162 4441 48 22 said
221 4441 52 22 that
288 4440 18 23 if
323 4445 119 22 necessary
452 4438 28 22 he
491 4437 74 22 would
581 4437 58 22 have

76 4478 30 15 an
122 4470 145 23 amendment
282 4470 24 21 of
325 4469 40 22 the
381 4468 44 22 law
440 4470 26 20 to
484 4469 97 25 prevent
599 4466 40 23 the

76 4501 155 29 employment
249 4499 23 23 of
316 4497 116 24 sandwich
539 4504 24 15 as
583 4496 56 31 they

77 4537 59 16 were
153 4530 54 30 only
216 4529 118 29 employed
351 4528 31 29 by
396 4527 102 23 business
518 4534 51 14 men
587 4527 51 22 who

76 4567 59 16 were
153 4563 38 20 too
207 4565 64 17 mean
289 4562 24 19 to
330 4557 114 24 advertise
459 4557 23 22 in
499 4556 40 23 the
554 4563 84 23 proper

75 4590 114 24 channels.
235 4589 36 22 He
286 4588 76 23 wonld
377 4593 42 17 not
433 4586 105 28 hesitate,
557 4586 24 23 in
597 4586 40 23 the

75 4620 95 23 eventof
176 4626 29 16 an
212 4619 161 28 infringement
378 4617 24 23 of
409 4617 40 22 the
455 4617 94 21 circular
555 4616 69 22 direct-

76 4652 38 28 ing
120 4649 123 24 charitable
250 4647 37 24 aid
295 4647 82 24 boards
381 4649 41 21 not
425 4650 24 20 to
452 4645 90 31 employ-

75 4682 59 22 wich
239 4683 25 20 to
279 4678 74 24 direct
369 4685 13 16 a
399 4677 144 30 prosecution
558 4677 24 23 of
597 4677 39 23 the

75 4711 116 30 offending
200 4709 90 25 boards.

102 4741 132 31 Complaint
242 4746 47 18 was
299 4738 66 25 made
374 4737 31 31 by
414 4737 38 25 Sir
462 4737 26 23 R.
502 4736 70 25 Stout
584 4736 54 24 that

75 4773 40 23 the
125 4772 107 23 Minister
242 4771 23 22 of
275 4769 76 24 Lands
361 4769 44 22 had
416 4767 88 24 started
514 4775 14 15 a
537 4767 58 23 farm
611 4770 26 20 at

74 4802 131 24 Pomabaka
215 4800 100 23 without
323 4798 119 26 authority
452 4798 68 28 being
529 4798 67 28 given
606 4798 30 28 by

73 4831 176 26 statute.The
264 4830 60 22 Hon.
337 4829 22 23 J.
378 4828 121 24 M'Kenzie
518 4826 51 24 said
583 4827 54 23 that

73 4865 66 24 there
149 4870 46 15 was
205 4869 29 16 no
244 4860 114 24 intention
369 4861 24 21 to
403 4861 59 21 start
472 4865 13 15 a
496 4857 65 24 State
578 4858 58 22 farm

73 4898 26 19 at
116 4892 138 26 Pomahaka,
266 4890 45 23 and
328 4890 53 23 that
397 4891 40 21 the
453 4888 76 23 senior
537 4887 99 23 member

73 4925 36 23 for
130 4923 139 30 Wellington
289 4920 46 23 had
354 4918 130 25 discovered
501 4925 14 16 a
534 4917 102 24 "mare's

176 4953 40 23 All
231 4952 52 23 that
298 4951 29 23 he
343 4957 46 16 was
406 4949 69 29 doing
491 4955 46 16 was
555 4950 24 21 to
595 4948 27 23 im-

72 4991 71 23 prove
153 4983 40 23 the
202 4982 59 23 farm
271 4981 35 23 for
316 4980 40 22 the
365 4986 97 23 purpose
475 4978 25 22 of
513 4978 91 29 getting
613 4978 20 22 it

73 5013 92 29 settled,
186 5012 45 24 and
250 5011 29 24 he
298 5009 111 25 ventured
428 5011 26 21 to
475 5015 42 23 say
536 5007 53 24 that
611 5007 24 24 in

73 5045 83 23 twelve
167 5042 97 24 months'
274 5042 55 23 time
339 5042 20 22 it
369 5040 74 24 would
453 5039 29 24 be
491 5039 82 30 agreed
583 5038 52 24 that

73 5076 29 22 be
112 5074 44 23 had
166 5074 58 22 done
234 5072 58 29 good
302 5071 70 23 work.

101 5105 48 22 The
159 5106 154 19 trovernment
329 5108 39 15 are
383 5101 24 22 of
422 5099 92 30 opinion
529 5098 53 23 that
595 5098 40 22 the

72 5141 83 23 money
174 5131 106 31 required
304 5133 25 21 to
346 5130 65 23 fence
430 5129 101 30 portions
551 5127 24 24 of
595 5127 40 24 the

73 5165 95 29 railway
177 5164 58 23 lines
250 5162 25 24 of
290 5162 40 23 the
346 5160 82 30 colony
442 5158 66 25 could
523 5158 29 24 be
566 5158 68 24 much

72 5197 77 22 better
158 5197 68 26 spent
235 5200 29 16 on
274 5192 66 24 roads
349 5192 35 22 for
401 5192 38 22 the
449 5190 97 23 settlers.

99 5224 131 30 Complaint
240 5223 84 29 having
334 5221 55 23 been
399 5220 66 22 made
475 5219 30 30 by
515 5219 38 23 Mr
561 5219 73 22 Lewis

71 5256 54 25 that
134 5262 29 18 on
179 5253 39 26 the
235 5251 111 31 Saturday
364 5249 162 32 half-holidays
540 5248 94 26 tobacco

71 5294 47 16 was
133 5286 49 24 sold
197 5289 26 19 at
242 5284 81 26 hotels,
343 5284 40 22 the
402 5282 100 23 Premier
520 5280 113 29 promised

69 5318 56 21 that
140 5316 41 22 the
196 5314 103 24 Tobacco
313 5313 45 22 Bill
368 5312 74 22 which
456 5310 75 23 would
540 5317 55 15 soon
605 5310 28 22 be

70 5346 78 23 before
157 5345 41 23 the
207 5343 78 24 House
294 5341 76 23 would
386 5340 92 24 contain
491 5347 15 15 a
517 5339 115 31 provision

71 5379 54 24 that
133 5376 67 26 those
209 5374 52 25 who
269 5372 50 27 sold
336 5371 93 27 tobacco
444 5370 76 26 would
536 5371 57 24 have
607 5372 26 23 to

71 5410 56 23 take
135 5411 42 20 out
186 5416 13 14 a
210 5408 81 21 license
301 5406 36 22 for
346 5405 54 22 that
407 5411 104 22 purpose.

102 5439 82 22 Messrs
201 5437 113 28 O'Regan,
326 5434 107 27 Graham,
452 5433 68 26 Mills,
538 5432 46 23 and
600 5432 29 22 R.

71 5468 124 24 M'Kenaie
205 5465 84 24 waited
298 5472 29 15 on
338 5464 39 22 the
389 5463 105 23 Minister
509 5462 23 22 of
549 5462 81 22 Works

69 5507 30 16 on
113 5496 106 30 Tuesday
229 5495 67 31 night
313 5493 129 31 respecting
457 5491 40 24 the
513 5491 118 22 extension

68 5531 25 22 of
111 5531 41 22 the
170 5524 250 33 Belgrove-Motupeka
438 5522 87 24 seotion
544 5522 24 23 of
591 5521 40 23 the

69 5559 105 26 Midland
191 5558 111 30 Railway.
334 5554 78 24 While
435 5552 125 30 admitting
579 5551 52 24 that

69 5593 40 23 the
125 5590 117 24 deviation
265 5586 99 32 through
386 5584 81 25 Norris
487 5583 82 30 Valley
584 5590 47 16 waa

68 5630 43 16 one
121 5624 23 21 in
155 5622 40 23 the
204 5620 64 31 right
276 5618 120 26 direction,
409 5616 55 28 they
474 5614 70 30 urged
556 5614 52 22 that
617 5621 14 14 a

68 5653 116 26 deviation
202 5656 25 20 to
244 5648 90 27 Bromel
355 5647 107 29 Crossing
483 5643 74 25 would
576 5643 27 25 be
617 5651 13 16 a

69 5689 89 24 greater
167 5682 151 25 convenience
335 5685 25 17 to
376 5679 41 22 the
426 5677 101 26 settlers,
538 5675 45 23 and
593 5682 25 16 ex-

85 5713 75 25 reesed
170 5713 40 24 the
219 5713 59 29 hope
285 5711 53 23 that
344 5708 40 25 the
391 5708 156 24 Government
557 5704 73 23 would

69 5747 28 21 be
106 5745 51 22 able
167 5747 24 19 to
201 5747 67 25 grant
277 5741 41 24 the
334 5739 89 24 further
437 5737 128 23 concession
579 5742 42 23 sug
633 5734 10 32 J

69 5773 165 29 gested.The
249 5772 60 26 Hon.
326 5770 39 23 Mr
383 5768 135 26 Hall-Jones
537 5765 94 32 pointed

70 5809 42 27 oat
121 5808 53 26 tat
182 5806 40 28 ta
232 5802 80 30 Norrii
321 5800 70 32 Gully
405 5799 115 29 dtviatioa
531 5804 46 23 wm
590 5798 41 29 art

663 182 111 28 material,
787 182 41 23 but
839 182 39 22 the
893 188 42 15 one
951 184 23 19 to
985 180 108 23 Bromel's
1108 180 75 23 would
1199 179 28 23 be

663 213 89 31 against
762 212 40 23 the
819 215 70 19 terms
906 211 23 23 of
948 211 40 23 the
1006 210 105 23 Midland
1122 210 105 29 Railway

662 246 109 21 contract.
804 242 48 23 The
868 245 86 19 matter
968 241 83 26 would,
1068 241 112 27 however,
1199 241 28 22 be

662 273 132 24 considered
811 273 29 28 by
851 273 39 22 the
905 272 103 23 Cabinet.
1041 271 27 22 In
1088 271 137 28 conclusion,

662 304 40 23 the
713 303 107 23 Minister
829 302 24 23 of
868 302 84 23 Works
962 308 57 24 gave
1036 301 41 23 the
1091 300 136 31 deputation

663 337 24 21 to
701 333 141 25 understand
858 333 53 24 that
928 333 40 24 the
984 332 116 24 deviation
1115 332 83 29 would,
1209 331 18 24 if

662 365 106 31 possible,
780 365 28 22 be
818 364 107 30 adopted.

691 396 28 24 In
742 394 81 32 briefly
847 396 93 30 moving
963 395 23 23 in
1011 394 40 24 the
1069 393 95 26 Council
1188 393 40 24 the

663 427 82 24 second
764 427 95 28 reading
877 427 24 23 of
920 427 41 23 the
979 426 91 22 Female
1091 426 52 22 Liw
1162 425 52 23 Prac-

663 459 106 22 titioners
778 457 45 23 Bill
835 457 37 22 Mr
882 457 54 22 Bolt
950 456 49 22 said
1013 456 54 22 that
1083 456 20 22 it
1119 454 109 30 appealed

664 492 25 20 to
698 489 40 23 the
752 487 111 31 chivalry,
880 493 101 17 common
997 493 72 20 sense,
1086 485 43 22 and
1147 485 81 30 justice

663 520 24 23 of
701 518 117 25 members.
849 518 35 24 On
896 518 38 23 the
945 517 85 23 motion
1037 516 24 24 of
1072 516 38 24 Mr
1116 515 112 25 Shrimski

664 551 40 23 the
723 550 83 23 debate
825 556 47 16 was
890 548 126 29 adjourned
1041 548 36 23 till
1101 547 85 29 Friday
1205 547 23 22 in

664 580 67 24 order
741 582 24 21 to
774 580 53 29 give
844 579 40 23 the
900 578 94 25 Council
1009 578 56 23 time
1085 580 24 20 to
1126 576 103 24 consider

665 612 40 24 the
710 611 156 24 Government
872 616 102 17 measure
981 615 29 17 on
1018 608 40 24 the
1065 614 61 17 same
1131 607 96 31 subject.

693 642 75 24 When
785 641 40 24 the
842 641 97 23 Divorce
956 640 46 24 Bill
1018 647 45 15 was
1074 638 104 26 reached,
1190 638 39 23 the

665 673 101 30 Speaker
780 680 57 22 gave
853 672 36 23 his
905 671 76 29 ruling
998 670 53 24 that
1070 670 28 22 he
1112 668 66 24 could
1189 671 41 20 not

665 711 36 16 see
712 704 35 22 his
762 709 51 22 way
830 706 24 19 to
869 702 38 30 lay
917 702 63 21 aside
990 702 47 21 this
1051 700 54 27 Bill,
1117 707 25 14 as
1152 700 20 21 it
1182 706 47 14 was

665 734 107 26 different
780 734 58 24 from
846 733 53 24 that
908 730 130 33 previously
1048 730 89 25 thrown
1148 733 41 21 out
1199 728 30 32 by

667 767 39 23 the
715 765 170 24 Council.Sir
894 765 27 22 O.
937 764 127 22 Whit-more
1074 761 109 30 repeated
1194 761 36 22 his

666 796 114 29 objection
796 798 25 19 to
836 795 41 22 the
886 794 54 26 Bill,
951 793 45 23 and
1007 792 81 23 moved
1098 793 40 21 the
1147 791 83 23 second

667 826 94 31 reading
780 825 54 24 that
852 824 46 31 day
917 824 35 23 six
971 821 169 26 months.Mr
1159 820 71 31 Kelly

667 857 81 26 looked
772 865 29 15 on
825 856 107 30 adultery
955 862 25 16 as
1004 854 24 24 of
1051 854 66 23 much
1142 855 88 28 greater

667 889 91 31 gravity
775 888 24 24 in
816 894 87 16 women
917 888 57 21 than
990 887 24 22 in
1030 892 58 16 men.
1119 884 56 24 This
1185 883 45 23 Bill

668 919 75 24 would
753 919 28 22 be
790 918 41 23 the
847 924 77 16 means
940 916 30 29 by
980 923 42 16 one
1032 919 38 19 act
1079 915 24 23 of
1117 914 113 29 infidelity

667 950 24 22 of
710 949 110 28 breaking
838 954 32 22 up
893 947 77 28 happy
990 944 153 23 homes.Mr
1162 944 67 28 Rigg,

668 979 110 33 speaking
797 981 24 20 to
841 977 40 23 the
900 975 154 28 amendment,
1070 973 49 24 said
1140 974 52 22 that
1211 974 21 22 it

668 1010 89 26 seemed
767 1016 25 18 to
801 1009 46 24 him
859 1008 53 25 that
926 1008 19 23 it
955 1015 46 16 was
1011 1010 41 20 not
1062 1005 76 31 happy
1154 1005 77 24 homes

669 1043 53 23 that
731 1041 85 23 needed
827 1040 46 22 this
883 1040 53 26 Bill,
947 1039 43 22 but
999 1038 108 28 unhappy
1117 1037 115 22 homes.

670 1073 38 24 Mr
717 1072 99 25 Stewart
830 1068 121 33 suggested
969 1068 52 24 that
1035 1075 25 15 as
1070 1075 41 15 our
1121 1066 110 30 marriage

669 1104 55 23 laws
748 1110 59 15 were
832 1099 119 29 decidedly
975 1097 186 30 unsatisfactory,
1186 1097 44 23 and

670 1134 53 24 that
732 1141 23 15 as
767 1132 39 24 the
815 1130 142 32 procreation
974 1128 23 25 of
1014 1128 102 24 children
1131 1134 47 17 was
1187 1134 42 17 one

670 1165 23 24 of
712 1165 41 23 the
769 1172 23 15 te
795 1170 63 16 aeons
875 1162 35 23 for
927 1161 118 29 marriage,
1057 1160 65 22 those
1136 1165 94 24 persons

671 1196 51 23 who
731 1194 45 23 had
783 1194 58 22 been
850 1191 98 24 married
959 1193 46 21 two
1015 1197 66 22 years
1090 1189 45 23 and
1147 1189 44 22 had
1201 1196 29 14 no

671 1224 102 25 children
782 1222 82 24 should
877 1224 42 21 not
928 1221 27 22 be
965 1219 124 30 compelled
1101 1222 24 20 to
1136 1219 94 23 commit

672 1255 105 30 adultery
795 1254 25 23 in
839 1252 67 24 order
922 1254 25 21 to
964 1257 77 17 secure
1056 1257 13 16 a
1079 1250 98 26 divorce,
1188 1249 44 23 but

672 1285 81 24 should
764 1287 57 21 have
831 1284 39 23 the
881 1283 61 30 right
952 1286 24 19 to
991 1281 69 30 apply
1070 1283 25 21 to
1105 1288 14 15 a
1132 1280 69 29 judge
1209 1279 23 23 of

672 1317 39 21 the
721 1316 108 27 Supreme
839 1314 78 25 Court,
929 1312 51 22 who
996 1311 80 22 should
1089 1311 57 21 have
1155 1316 77 22 power

671 1346 60 21 after
742 1345 35 21 six
794 1343 90 22 months
894 1346 25 17 to
929 1343 68 27 grant
1007 1339 94 23 it.Sir
1112 1339 26 23 G.
1154 1338 60 23 Whit-

672 1374 78 23 more's
760 1372 145 24 amendment
915 1378 46 15 was
976 1369 87 24 carried
1075 1369 30 30 by
1121 1369 29 23 20
1161 1370 23 22 to
1196 1369 34 27 11,

670 1404 45 24 and
726 1404 40 23 the
774 1402 82 24 second
868 1401 96 30 reading
973 1401 52 23 lost.

698 1434 48 23 The
755 1433 143 28 Canterbury
908 1430 155 30 Agricultural
1074 1429 45 23 and
1129 1429 103 22 Pastoral

670 1463 150 27 Association,
832 1461 98 30 through
942 1461 37 22 Mr
994 1460 26 23 G.
1034 1459 36 23 W.
1084 1459 98 27 Russell,
1194 1466 38 15 are

670 1494 137 30 petitioning
827 1492 139 24 Parliament
985 1491 23 22 in
1026 1490 133 23 connection
1175 1489 57 22 with

670 1525 39 22 the
719 1524 97 29 freights
825 1530 29 15 on
864 1522 75 22 frozen
950 1524 71 19 meats
1039 1520 43 22 and
1097 1520 39 22 the
1147 1520 70 22 insula-

669 1555 49 22 tion
728 1554 24 23 of
767 1553 86 23 trucks.
884 1551 37 23 Sir
936 1550 61 24 John
1014 1549 54 23 Hall
1086 1556 46 16 was
1147 1551 72 27 yester-

669 1584 45 30 day
724 1583 118 24 examined
859 1581 76 24 before
952 1580 40 23 the
1009 1579 70 24 Stock
1096 1579 136 24 Committee

668 1622 29 15 on
708 1614 40 23 the
757 1614 95 28 subject.
884 1611 54 23 This
948 1610 143 26 Committee,
1108 1610 51 22 who
1173 1616 43 16 com-

668 1645 61 31 prise
738 1643 56 24 both
810 1641 108 25 branches
934 1640 25 24 of
975 1640 40 24 the
1034 1639 147 31 Legislature,
1193 1645 38 18 are

668 1675 118 29 evidently
795 1671 140 26 determined
946 1675 25 19 to
980 1678 29 23 go
1018 1671 49 23 into
1078 1670 39 24 the
1126 1670 105 30 question

670 1704 144 30 thoroughly,
830 1703 45 23 and
891 1703 57 21 have
963 1701 133 22 summoned
1113 1701 40 22 the
1170 1708 45 14 man-

668 1736 68 29 aging
751 1735 110 23 directors
878 1732 24 23 of
919 1732 39 23 the
976 1730 113 28 Mataura,
1109 1730 119 30 Islington,

668 1766 44 22 and
737 1765 88 22 Belfast
843 1763 108 25 Freezing
973 1761 90 25 Works,
1081 1761 38 22 the
1139 1761 91 28 general

668 1802 106 23 manager
783 1793 24 24 of
814 1793 40 23 the
864 1791 57 25 New
931 1790 99 24 Zealand
1040 1790 112 29 Shipping
1166 1789 48 23 Com-

668 1833 68 23 pany,
748 1824 44 25 and
809 1824 67 23 other
894 1824 92 28 experts
1004 1824 24 21 to
1044 1821 52 31 give
1113 1820 114 24 evidence.

668 1857 48 22 The
727 1854 155 31 Agricultural
898 1853 45 23 and
954 1852 104 29 Railway
1069 1852 161 28 Departments

667 1893 39 16 are
720 1885 56 23 both
789 1887 24 20 to
830 1884 28 22 be
874 1882 146 30 represented
1035 1885 25 19 at
1075 1882 39 22 the
1129 1881 99 29 inquiry,

668 1915 74 25 which
753 1914 108 31 promises
872 1916 24 21 to
907 1913 27 23 be
944 1911 142 25 exhaustive.

696 1946 37 24 No
747 1953 80 17 sooner
837 1944 45 24 had
900 1944 37 23 Mr
948 1943 35 22 W.
997 1943 129 22 Hutchison
1140 1944 41 28 got
1195 1941 35 23 his

668 1978 119 22 Restraint
806 1976 24 22 of
853 1976 149 22 Incitements
1022 1977 24 18 to
1070 1973 96 29 Betting
1184 1972 45 22 und

669 2007 123 30 Wagering
814 2005 46 23 Bill
884 2006 49 21 into
957 2004 129 22 committee
1111 2002 56 22 than
1192 2002 37 22 Mr

668 2038 25 23 0'
697 2038 76 28 Regan
789 2035 79 23 moved
885 2035 52 22 that
952 2040 103 23 progress
1070 2031 28 23 be
1114 2031 113 30 reported.

668 2067 36 23 He
714 2065 127 25 contended
851 2065 52 23 that
914 2064 17 23 if
942 2064 39 22 the
991 2063 45 23 Bill
1055 2063 90 22 became
1155 2061 44 23 law
1209 2062 19 22 it

667 2096 75 24 would
753 2096 65 23 make
828 2096 81 22 crimes
918 2094 23 23 of
952 2094 63 23 what
1024 2092 82 24 should
1116 2099 69 16 never
1200 2091 27 23 be

667 2127 85 24 classed
767 2127 25 23 in
808 2126 53 24 that
875 2127 115 27 category,
1001 2123 45 23 and
1063 2122 128 31 legislation
1206 2122 24 23 of

667 2158 47 24 this
724 2157 56 24 kind
796 2157 65 23 made
878 2156 139 23 Parliament
1034 2153 52 25 look
1097 2153 130 24 ridiculous.

667 2189 24 23 It
722 2196 46 15 was
806 2187 82 23 absurd
923 2189 24 20 to
980 2185 44 23 fine
1055 2191 13 16 a
1098 2191 131 22 newspaper

667 2219 35 23 for
726 2218 132 31 publishing
999 2214 135 30 eoncerning
1158 2221 69 16 races.

667 2249 48 24 The
731 2249 87 22 motion
833 2255 47 15 was
896 2247 45 23 lost
958 2246 30 29 by
1004 2247 26 22 31
1042 2248 25 20 to
1082 2244 132 25 17.There-

667 2287 61 23 upon
740 2279 36 24 Mr
787 2279 73 23 Lewis
870 2277 79 24 moved
965 2281 24 19 to
1006 2275 45 24 add

667 2311 81 29 saying
758 2310 53 23 that
820 2310 18 22 if
848 2309 40 23 the
897 2308 45 23 Bill
953 2315 58 15 were
1026 2310 25 19 to
1067 2306 28 23 be
1112 2306 81 27 passed
1210 2306 20 22 it

668 2341 81 23 should
767 2340 29 23 be
815 2339 66 23 made
905 2341 24 21 to
953 2345 67 16 cover
1043 2336 139 30 speculators
1206 2336 24 22 in

668 2372 86 30 mining
764 2371 67 29 scrip,
843 2373 41 20 not
894 2369 65 24 alone
969 2367 94 25 backers
1074 2367 22 24 of
1107 2367 76 23 horses
1201 2373 29 17 on

668 2404 40 22 the
718 2402 138 27 totalisator,
868 2400 44 24 and
921 2399 81 24 should
1013 2398 50 23 deal
1081 2398 57 23 with
1154 2397 60 29 gamb-

668 2433 48 29 ling
726 2433 22 22 in
759 2432 30 22 all
800 2430 147 24 forms.Mr
956 2430 25 22 T.
1002 2428 131 23 Mackenzie
1150 2427 80 22 moved

668 2466 25 20 to
710 2465 78 29 report
802 2468 112 23 progress,
930 2460 81 29 saying
1021 2459 52 22 that
1083 2458 39 22 the
1140 2457 92 22 wonder

668 2501 47 16 was
724 2492 53 26 that
787 2492 40 24 the
836 2498 78 17 mover
923 2491 24 23 of
961 2491 40 23 the
1017 2489 44 24 Bill
1079 2488 45 24 had
1142 2491 40 21 not
1198 2487 22 24 in-

669 2524 81 24 cluded
774 2524 41 22 the
846 2523 94 30 playing
969 2521 23 23 of
1022 2520 97 23 marbles
1148 2520 24 22 in
1197 2519 35 22 his

669 2562 107 16 measure.
808 2553 24 23 It
851 2560 46 15 was
914 2552 94 29 playing
1025 2550 56 23 with
1093 2550 139 22 Parliament

670 2588 24 20 to
704 2585 66 29 bring
780 2585 22 22 in
814 2592 13 14 a
837 2590 101 15 measure
948 2581 24 23 of
983 2581 46 23 this
1039 2579 193 24 character.Mr

672 2615 133 24 M'Lachlan
814 2612 95 32 pointed
924 2614 41 21 out
975 2612 53 23 that
1039 2611 36 23 Mr
1086 2610 84 27 Willis,
1182 2609 51 23 who

670 2653 47 15 was
732 2645 135 29 supporting
887 2644 39 22 the
945 2642 53 27 Bill,
1017 2649 46 14 was
1081 2640 100 28 actually
1195 2647 25 15 en-

671 2675 70 31 gaged
752 2676 23 22 in
785 2675 40 23 the
842 2673 158 24 manufacture
1009 2672 24 22 of
1049 2671 94 30 playing
1158 2670 72 22 cards.

672 2706 22 23 It
704 2705 112 30 appeared
834 2707 24 20 to
875 2704 47 22 him
940 2703 53 23 that
1008 2702 63 22 there
1083 2708 45 16 was
1138 2708 30 15 no
1178 2700 54 22 such

672 2736 66 30 thing
754 2743 25 15 as
795 2734 79 30 purity
884 2739 82 23 among
981 2731 110 24 members
1108 2731 23 22 of
1148 2730 72 23 Parlia-

672 2766 148 24 ment.The
828 2764 82 24 debate
921 2771 46 16 was
981 2763 58 30 kept
1053 2762 67 30 going
1131 2760 37 25 till
1178 2760 42 24 mid-

674 2798 73 30 night,
758 2797 39 23 the
813 2796 104 30 question
934 2795 68 30 being
1019 2793 90 23 treated
1126 2792 57 23 with
1195 2792 39 22 the

674 2831 85 20 utmost
775 2828 80 27 levity,
867 2826 44 22 and
927 2826 54 21 then
998 2833 13 14 a
1025 2824 86 22 motion
1122 2826 25 20 te
1157 2825 77 27 report

674 2865 102 21 progress
787 2864 46 14 was
843 2854 86 23 carried
940 2854 30 28 by
980 2856 26 20 21
1018 2858 24 18 to
1054 2854 32 21 14.

702 2887 35 23 On
745 2887 39 21 the
795 2886 84 22 motion
896 2884 23 22 of
935 2883 37 23 Mr
987 2883 92 27 Collins,
1091 2890 14 15 a
1121 2885 79 20 return
1215 2882 19 23 is

676 2919 24 21 to
710 2917 28 23 be
748 2915 109 31 prepared
868 2913 101 31 showing
980 2914 39 23 the
1028 2916 49 20 cost
1087 2912 23 23 of
1128 2913 38 22 the
1176 2919 44 16 com-

675 2948 94 27 pilation
785 2946 45 24 and
847 2945 101 31 printing
965 2945 23 23 of
1004 2945 38 22 the
1058 2943 57 24 New
1136 2943 98 24 Zealand

674 2978 81 22 School
774 2977 96 27 Reader,
894 2977 60 25 1895,
971 2976 45 22 and
1041 2975 39 22 the
1101 2974 96 22 number
1211 2974 23 22 of

674 3007 99 23 Readers
792 3011 25 17 at
836 3009 92 26 present
947 3006 23 21 in
995 3013 39 14 use
1058 3005 22 22 in
1107 3004 38 22 the
1169 3004 65 22 State

672 3038 94 22 schools.
797 3036 24 23 It
840 3043 46 15 was
909 3035 76 23 stated
1006 3035 52 22 that
1081 3033 151 27 (Queensland,

672 3068 115 27 following
802 3067 40 21 the
858 3065 103 29 example
978 3065 23 21 of
1021 3065 46 22 this
1082 3064 89 29 colony,
1183 3070 37 23 pro-

671 3097 68 31 posed
750 3096 103 30 printing
861 3103 14 15 a
884 3094 87 24 similar
981 3094 95 24 Reader.

698 3127 94 25 Juniors
802 3126 72 23 under
884 3126 39 22 the
934 3133 40 22 age
985 3125 23 23 of
1025 3124 104 30 eighteen
1145 3124 89 30 joining

670 3158 39 23 the
719 3157 59 25 Civil
789 3157 90 24 Service
889 3163 38 16 are
937 3163 51 16 now
997 3155 126 30 compelled
1134 3159 24 19 to
1168 3162 66 16 serve

671 3188 63 25 three
745 3195 65 23 years
820 3188 22 23 in
853 3195 14 15 a
877 3187 118 22 volunteer
1004 3193 73 21 corps.

721 3253 76 27 THE
816 3253 86 27 NEW
925 3251 251 29 BOUNDARIES.

668 3333 73 28 [From
751 3338 45 17 the
805 3333 78 22 Star's
893 3333 55 22 Pari
956 3338 130 16 iamentauy
1095 3331 136 27 Reporter.]

819 3387 218 27 WELLINGTON,
1054 3388 97 23 August
1168 3387 31 22 12.

696 3419 49 23 The
752 3427 49 15 new
811 3420 73 29 Otago
890 3418 107 23 electoral
1004 3418 136 22 boundaries
1150 3425 38 14 are
1197 3426 34 14 :

696 3450 97 23 Oamaru
817 3449 121 30 comprises
958 3449 39 23 the
1017 3447 116 27 Kakanui,
1155 3446 60 24 Waia-

668 3479 62 28 reka,
755 3479 45 24 and
828 3479 116 29 Papakaio
969 3478 87 29 ridings
1077 3477 24 24 of
1126 3477 103 23 Waitaki

667 3510 106 29 County;
788 3510 53 22 that
856 3509 90 30 portion
963 3508 24 23 of
1003 3508 104 29 Otepopo
1121 3507 76 29 riding
1208 3507 22 22 of

670 3540 101 24 Waitaki
787 3540 90 30 County
894 3540 64 30 lying
975 3538 81 24 within
1074 3538 40 23 the
1129 3538 101 30 existing

668 3570 102 25 Waitaki
787 3570 107 24 electoral
911 3569 92 25 district
1018 3569 58 23 from
1093 3568 97 24 Maheno
1206 3571 24 21 to

668 3602 39 25 the
717 3606 97 21 western
830 3600 119 31 boundary
962 3601 23 24 of
1002 3599 66 26 block
1081 3600 34 28 14,
1126 3599 104 31 Otepopo

667 3641 83 22 survey
766 3633 92 23 district
875 3635 25 20 at
917 3633 40 22 the
976 3635 58 20 west
1052 3631 85 23 branch
1153 3631 23 22 of
1191 3631 39 22 the

668 3663 161 23 Waimakarua
839 3663 85 26 River;
938 3662 45 22 and
995 3662 51 22 that
1056 3662 91 29 portion
1157 3661 24 22 of
1191 3661 39 22 the

666 3693 115 23 Inoholme
792 3693 75 29 riding
876 3693 24 21 of
916 3691 102 23 Waitaki
1028 3691 91 29 County
1129 3691 99 23 situated

667 3724 22 23 in
710 3724 39 23 the
767 3723 100 29 existing
883 3722 98 24 Oamaru
1005 3721 107 24 electoral
1129 3721 98 23 district.

666 3754 55 23 This
736 3754 92 23 district
842 3753 48 23 also
907 3752 102 24 includes
1028 3752 39 24 the
1083 3752 104 29 Borough
1206 3751 24 24 ef

666 3783 105 25 Oamaru.

696 3820 118 24 Waibemo
833 3820 121 30 comprises
978 3820 40 23 the
1041 3818 73 24 whole
1138 3818 24 24 of
1190 3818 40 24 the

666 3851 108 24 Counties
790 3851 24 23 of
835 3851 118 23 Wa'hemo
973 3849 45 24 and
1035 3849 135 28 Maniototo,
1188 3849 39 23 the

667 3882 158 34 Hawkesbury
842 3881 76 30 riding
928 3881 23 23 of
969 3880 143 23 Waikouaiti
1128 3880 100 29 County,

667 3913 40 22 the
731 3911 103 24 Moeraki
854 3912 76 27 riding
952 3911 23 23 of
1001 3910 102 23 Waitaki
1128 3910 99 28 County,

666 3942 45 22 and
721 3942 41 22 the
771 3942 90 29 portion
871 3942 25 22 of
912 3942 104 27 Otepopo
1032 3940 76 29 riding
1125 3940 23 22 of
1167 3940 46 22 Wai-

667 3971 50 23 taki
726 3971 91 30 County
827 3971 24 23 in
865 3971 40 23 the
921 3971 99 29 existing
1037 3969 118 24 Waihemo
1172 3970 44 23 elec-

667 4004 82 25 torate,
774 4001 105 28 together
903 4001 58 23 with
992 4001 40 22 the
1062 4001 118 30 Boroughs
1204 4000 23 24 of

668 4032 148 28 Palmeraton,
828 4031 99 29 Naseby,
938 4031 45 24 and
994 4030 127 30 Hampden.

695 4069 115 22 Chalmers
830 4069 120 28 comprises
972 4069 39 21 the
1030 4068 73 22 whole
1122 4069 23 21 of
1167 4068 45 22 Wai-

668 4097 88 23 kouaiti
779 4097 99 30 County,
904 4097 120 30 excepting
1052 4097 40 22 the
1118 4097 95 23 Hawkes-

667 4127 58 31 bury
754 4127 90 30 riding;
873 4127 40 24 the
936 4127 73 23 whole
1037 4127 23 23 of
1084 4127 39 23 the
1148 4127 66 23 Penin-

667 4158 49 23 sula
753 4158 99 30 County,
888 4158 120 29 excepting
1039 4157 39 24 the
1109 4157 119 24 Anderson

668 4188 48 29 Bay
744 4188 93 23 district
864 4188 74 22 which
973 4188 42 22 lies
1044 4190 24 20 to
1097 4188 40 22 the
1171 4191 57 19 west

668 4217 22 23 of
719 4217 39 23 the
784 4218 46 22 line
860 4217 152 29 commencing
1040 4221 26 18 at
1094 4216 135 24 North-east

668 4247 98 28 Harbor,
784 4247 70 23 about
863 4254 14 15 a
886 4247 52 22 mile
954 4250 49 19 east
1019 4247 23 22 of
1059 4246 74 23 Burnt
1150 4247 76 28 Point,

668 4278 44 22 and
722 4278 135 28 proceeding
867 4285 54 15 over
930 4277 40 22 the
981 4276 40 23 hill
1036 4277 91 29 passing
1138 4276 90 23 Harbor

668 4307 73 27 View,
765 4307 45 23 and
834 4307 81 23 thence
934 4306 115 29 following
1068 4306 39 23 the
1132 4309 96 20 western

668 4337 117 30 boundary
795 4337 24 23 of
835 4336 40 24 the
890 4336 138 24 Tomahawk
1038 4336 54 23 road
1103 4335 91 24 district
1204 4339 24 21 to

668 4367 40 23 the
731 4367 88 29 lagoon,
844 4366 45 23 and
913 4367 81 22 thence
1017 4365 67 30 along
1103 4373 13 15 a
1135 4366 45 23 line
1204 4369 24 20 to

670 4398 92 30 Lawyer
777 4396 74 30 Head,
863 4396 103 32 together
982 4395 56 24 with
1056 4396 40 23 the
1111 4395 117 30 Boroughs

668 4429 23 23 of
701 4429 56 24 Port
767 4429 115 23 Chalmers
897 4428 45 23 and
953 4427 158 30 Hawkesbury
1121 4427 45 23 and
1177 4428 52 23 that

667 4460 91 29 portion
777 4459 23 23 of
823 4459 40 22 the
886 4458 105 29 Borough
1011 4458 22 22 of
1055 4457 65 23 West
1138 4457 91 23 Harbor

667 4489 101 23 situated
782 4490 50 21 east
848 4488 23 23 of
887 4488 40 23 the
944 4487 103 30 dividing
1064 4487 45 23 line
1126 4487 102 23 between

668 4518 175 24 Ravensbourne
858 4518 45 23 and
918 4518 117 27 Rothesay
1045 4518 125 28 townships
1183 4517 45 23 aud

667 4555 49 17 east
741 4549 24 22 of
792 4548 86 23 section
904 4548 25 22 of
953 4548 35 25 66,
1015 4546 65 24 block
1105 4548 22 26 9,
1151 4546 76 24 North

667 4579 91 23 Harbor
772 4578 44 24 and
834 4577 108 24 Blueskin
958 4577 98 24 district.
1087 4577 140 28 Quarantine

666 4609 77 21 Island
753 4610 20 20 is
783 4609 23 21 in
816 4608 47 22 this
873 4608 128 22 electorate.

694 4644 47 24 The
757 4644 54 30 City
826 4644 24 24 of
866 4643 106 24 Dunedin
988 4643 121 31 comprises
1124 4643 40 23 the
1172 4643 54 30 City

666 4675 23 24 of
708 4675 113 27 Dunedin,
844 4675 40 22 the
903 4674 116 30 Boroughs
1043 4675 23 22 of
1091 4673 135 24 North-east

666 4705 81 30 Valley
764 4704 45 24 and
825 4704 154 30 Mornington,
991 4704 105 30 together
1106 4704 56 23 with
1173 4704 53 23 that

666 4736 90 30 portion
774 4736 24 24 of
817 4736 40 22 the
875 4735 105 30 Borough
1004 4735 23 23 of
1051 4735 87 29 Roslyn
1162 4734 64 31 lying

666 4766 126 22 south-east
815 4766 23 22 of
857 4766 98 22 sections
973 4767 47 26 129,
1040 4767 47 24 128,
1108 4765 47 27 127,
1176 4766 48 27 126,

667 4797 47 26 125,
727 4797 47 26 124,
787 4796 47 27 123,
852 4796 47 27 122,
920 4797 47 25 121,
987 4797 47 26 120,
1052 4796 48 26 119,
1113 4797 48 24 118,
1176 4796 47 26 117,

668 4826 45 27 116,
725 4825 45 24 and
782 4826 46 27 115,
841 4825 94 24 Wakari
951 4825 100 29 district,
1063 4825 128 23 south-east
1201 4825 25 23 of

665 4857 40 22 the
715 4856 94 29 original
819 4856 96 23 sections
932 4857 47 27 114,
993 4857 47 26 113,
1053 4857 46 26 112,
1113 4857 48 24 HI,
1175 4856 48 28 110,

666 4887 48 27 109,
730 4888 47 26 108,
797 4887 47 27 107,
863 4887 47 26 106,
930 4887 47 26 105,
995 4886 45 23 and
1061 4887 48 26 104,
1129 4885 95 24 Wakari

665 4916 107 27 district;
793 4917 52 23 that
861 4917 90 29 portion
970 4916 23 24 of
1012 4916 40 24 the
1071 4916 106 30 Borough
1201 4916 23 23 of

666 4946 71 23 Maori
749 4946 49 24 Hill
812 4947 64 29 lying
890 4948 127 23 south-east
1033 4946 24 24 of
1072 4947 40 22 the
1127 4946 97 30 original

664 4977 98 21 sections
777 4978 26 21 14
819 4976 45 22 and
883 4978 32 25 12,
933 4977 65 22 block
1018 4978 33 27 11,
1073 4977 78 29 Upper
1169 4977 39 21 Kai-

664 5006 65 24 korai
745 5005 98 30 district,
859 5006 66 24 block
944 5007 32 29 11,
988 5006 106 24 Dunedin
1109 5006 44 24 and
1167 5007 57 23 East

664 5037 75 24 Taieri
755 5037 99 28 district,
871 5037 45 24 and
933 5038 23 23 of
970 5038 98 23 sections
1084 5039 35 27 94,
1135 5038 36 27 92,
1186 5039 36 27 90,

664 5069 35 25 88,
708 5069 78 25 86,84,
796 5068 44 22 and
846 5069 35 25 82,
887 5068 94 23 Wakari
987 5068 99 26 district,
1094 5069 45 22 and
1146 5068 25 22 of
1177 5075 35 16 sec-

665 5097 59 22 tions
730 5098 35 25 47,
774 5098 35 26 48,
816 5096 66 23 block
888 5098 21 26 5,
918 5097 105 23 Dunedin
1031 5098 44 22 and
1085 5098 56 22 East
1146 5097 76 23 Taieri

664 5126 108 27 district*!,
793 5126 45 24 and
856 5126 24 24 of
898 5127 97 23 sections
1011 5128 34 27 11,
1063 5128 21 27 4,
1101 5128 21 26 3,
1141 5127 44 23 and
1202 5128 19 27 1,

663 5156 67 25 block
750 5157 20 28 8,
791 5156 76 24 North
883 5156 90 25 Harbor
988 5157 45 24 aud
1052 5157 110 24 Blueskin
1178 5157 33 24 dis-

664 5188 62 27 trict,
743 5186 45 25 and
807 5187 52 24 that
873 5188 91 28 portion
982 5188 23 23 of
1024 5188 40 24 the
1080 5188 104 30 Borough
1199 5188 24 24 of

664 5218 66 22 West
754 5217 89 22 Harbor
866 5218 84 22 situate
974 5221 57 19 west
1058 5218 24 22 of
1106 5218 116 29 Rothesay

663 5246 121 31 Township
794 5246 44 24 aud
849 5249 56 23 west
913 5247 24 25 of
946 5247 97 25 sections
1050 5249 27 24 56
1085 5250 24 22 to
1116 5249 28 23 65
1153 5247 45 25 and
1209 5249 14 23 2

663 5279 23 24 of
702 5280 35 26 29,
753 5278 66 25 block
829 5280 21 27 9,
862 5279 75 24 North
951 5279 91 24 Harbor
1057 5280 46 23 and
1112 5280 109 23 Blueskin

662 5309 98 21 district.

689 5337 137 23 Caversham
853 5338 120 29 comprises
997 5338 40 23 the
1057 5338 117 31 Boroughs
1198 5338 24 24 of

661 5367 144 30 Caversham,
817 5367 72 27 South
906 5367 113 31 Dunedin,
1035 5369 45 26 and
1096 5371 32 24 St.
1142 5368 77 32 Kilda,

661 5401 106 29 together
776 5400 57 24 with
843 5401 52 23 that
904 5404 52 26 part
966 5402 24 23 of
999 5402 121 23 Peninsula
1130 5402 91 29 County

661 5431 129 28 embracing
809 5433 59 20 most
885 5431 24 23 of
928 5431 117 23 Anderson
1061 5432 49 28 Bay
1129 5432 93 22 district

661 5460 45 24 and
716 5460 115 22 described
842 5467 24 15 as
876 5460 63 29 lying
953 5468 28 15 on
997 5461 39 22 the
1053 5465 57 19 west
1119 5461 24 23 of
1152 5468 13 16 a
1176 5461 45 23 line

660 5490 98 29 starting
769 5496 28 17 on
807 5489 40 23 the
856 5489 72 31 Otago
937 5489 89 24 Harbor
1036 5490 70 24 about
1115 5498 43 15 one
1167 5491 54 23 mile

660 5524 51 20 east
719 5520 24 24 of
752 5520 74 23 Burns
836 5520 68 24 Point
918 5520 46 24 and
974 5521 134 30 proceeding
1117 5529 54 16 over
1181 5522 40 23 the

661 5551 49 29 hill,
721 5551 91 30 passing
823 5550 88 24 Harbor
921 5551 65 23 View
995 5551 45 23 and
1056 5552 80 23 thence
1151 5559 30 15 on
1196 5555 25 20 to

661 5583 39 23 the
708 5585 96 21 western
815 5581 115 31 boundary
938 5582 24 24 of
971 5583 40 23 the
1017 5583 138 23 Tomahawk
1165 5582 54 25 road

659 5613 100 27 district,
770 5613 66 29 along
851 5613 52 23 that
918 5613 115 29 boundary
1044 5616 24 21 to
1078 5614 39 23 the
1131 5614 87 30 lagoon,

660 5643 44 25 and
715 5643 81 25 thence
805 5642 66 25 down
881 5645 24 23 to
915 5642 95 32 Lawyer
1019 5643 73 25 Head.

688 5675 48 23 The
755 5674 75 23 Taieri
848 5675 120 28 comprises
988 5675 39 23 the
1046 5675 72 23 whole
1138 5675 23 23 of
1180 5675 40 23 the

661 5704 75 23 Taieri
754 5704 98 29 County,
873 5705 119 30 excepting
1016 5705 52 24 that
1087 5705 91 29 portion
1197 5705 23 23 of

660 5734 141 30 Maungatua
807 5734 75 30 riding
891 5734 62 30 lying
964 5735 66 23 south
1037 5735 24 23 of
1071 5734 43 24 Lee
1122 5735 97 28 Stream,

659 5764 45 24 and
720 5765 120 30 excepting
855 5766 48 21 also
918 5765 52 23 that
986 5766 90 30 portion
1091 5765 24 23 of
1136 5765 84 26 Otakia

661 5796 74 37 riding
746 5795 99 28 situated
856 5795 132 26 south-west
1000 5797 21 27 of
1037 5796 39 28 the
1086 5795 54 29 road,
1151 5799 56 24 start-

1255 182 40 29 ing
1311 183 25 21 at
1351 181 40 23 the
1406 187 38 16 sea
1460 184 64 19 coast
1533 183 26 21 at
1568 181 40 23 the
1624 182 109 23 southern
1750 182 56 23 boun-

1255 212 57 29 dary
1322 212 24 22 of
1360 212 86 23 section
1464 212 21 27 9,
1502 210 66 24 block
1585 213 21 26 3,
1618 212 85 23 Otakia
1719 212 99 29 district,

1256 243 44 22 and
1311 242 136 31 proceeding
1456 242 115 29 westerly,
1582 243 92 30 passing
1684 243 40 23 the
1734 243 73 23 follow-

1256 273 39 29 ing
1308 273 111 23 sections:
1467 273 9 22 1
1497 272 24 23 of
1536 273 34 27 12,
1590 273 14 22 2
1621 273 23 22 of
1660 274 33 25 13,
1716 274 33 26 14,
1775 273 45 24 and

1258 304 33 27 13,
1312 302 66 24 block
1399 316 35 14 ,
1449 302 100 28 Otakia;
1569 302 35 28 36,
1623 303 35 27 34,
1679 303 35 27 33,
1732 304 35 27 32,
1783 304 36 28 31,

1255 333 48 24 2of
1317 334 35 28 29,
1366 333 44 24 lof
1424 333 36 28 29,
1471 333 47 24 2of
1527 333 59 29 28,1
1597 332 24 24 of
1635 333 35 29 26,
1681 333 36 30 25,
1728 333 45 25 and
1786 335 33 26 10,

1256 363 66 24 block
1347 365 22 26 4,
1394 364 85 23 Otakia
1502 364 107 27 district;
1639 365 106 29 together
1763 365 58 22 with

1257 394 39 24 the
1329 394 119 31 Boroughs
1482 394 24 24 of
1542 393 96 32 Mosgiel
1668 394 45 25 and
1746 394 74 25 Green

1256 426 87 26 Island,
1368 426 53 22 that
1444 426 92 29 portion
1559 426 24 22 of
1606 426 41 22 the
1670 426 107 29 Borough
1797 426 25 22 of

1258 456 85 27 Roslyn
1354 455 101 21 situated
1472 455 137 22 north-west
1623 455 25 21 of
1664 455 96 28 original
1775 462 34 15 sec-

1258 485 60 23 tions
1329 485 34 27 14,
1376 485 34 27 13,
1423 485 33 25 12,
1470 485 33 27 11,
1517 485 33 27 10,
1562 485 21 26 9,
1594 485 22 27 8,
1634 484 22 27 7,
1667 485 21 28 6,
1699 485 22 28 5,
1732 485 22 27 4,
1764 485 22 28 3,
1797 485 22 28 2,

1257 515 45 24 and
1314 516 19 27 1,
1346 515 79 24 Lower
1435 514 111 25 Kaikorai
1562 514 107 28 district;
1686 515 136 24 north-west

1257 547 24 23 of
1290 546 97 29 original
1396 546 98 23 sections
1507 547 33 26 10,
1553 546 80 27 11,12,
1647 546 32 27 13,
1693 546 33 27 14,
1740 547 32 25 15,
1786 547 34 26 16,

1257 577 46 23 and
1323 577 34 27 17,
1369 575 66 24 block
1455 577 21 24 4,
1494 575 79 30 Upper
1590 575 111 23 Kaikorai
1720 575 100 28 district,

1258 607 45 24 and
1313 607 22 23 of
1351 606 86 23 section
1453 607 35 27 20,
1500 605 66 24 block
1577 607 21 26 3,
1616 605 79 31 Upper
1710 605 112 24 Kaikorai

1258 638 108 26 district;
1381 637 46 23 and
1437 637 52 23 that
1499 638 90 29 portion
1599 636 24 24 of
1634 637 38 23 the
1683 636 106 31 Borough
1799 636 23 24 of

1260 669 72 23 Maori
1343 667 50 24 Hill
1409 668 63 29 lying
1489 667 137 23 north-west
1643 667 24 23 of
1683 668 86 22 section
1787 667 33 27 13,

1258 699 67 22 block
1335 700 21 26 2,
1369 699 79 28 Upper
1463 698 112 22 Kaikorai
1585 697 99 26 district,
1702 697 24 22 of
1735 697 85 21 section

1258 730 14 24 2
1286 728 24 26 of
1327 728 39 25 the
1376 728 50 24 said
1436 727 67 25 block
1512 728 22 28 2,
1545 727 24 25 of
1585 727 86 25 section
1683 728 20 28 7,
1715 726 67 25 block
1798 727 22 29 7,

1260 762 79 29 Upper
1359 760 126 26 Kaikorai;
1509 760 24 23 of
1554 761 19 26 1,
1594 759 67 23 block
1684 760 35 26 10,
1745 758 76 23 North

1260 791 90 23 Harbor
1359 790 45 23 and
1415 789 109 23 Blueskin
1535 789 119 26 districts;
1672 789 45 22 lof
1728 789 35 26 73,
1774 788 47 23 2of

1259 822 35 28 73,
1305 821 35 28 74,
1352 819 45 26 and
1410 820 35 28 72,
1457 819 67 24 block
1542 819 34 28 11,
1589 817 75 26 North
1675 817 91 25 Harbor
1776 817 46 24 and

1260 852 108 25 Blueskin
1388 851 107 28 district;
1513 850 46 24 and
1578 850 137 24 north-west
1738 849 24 24 of
1782 849 40 24 the

1259 884 109 24 southern
1378 882 117 29 boundary
1505 881 58 24 lines
1572 881 24 23 of
1611 881 99 23 sections
1721 881 34 27 11,
1766 881 21 27 4,
1799 881 21 27 3,

1259 914 45 23 and
1316 915 19 27 1,
1344 913 67 24 block
1425 914 21 27 8,
1458 912 76 24 North
1545 911 91 24 Harbor
1652 911 45 23 and
1713 911 109 24 Blueskin

1260 944 109 22 districts.

1288 981 73 24 Bruce
1389 979 121 32 comprises
1538 977 40 25 the
1606 975 74 26 whole
1703 976 25 24 of
1750 975 73 25 Bruce

1260 1013 99 30 County,
1394 1012 40 24 the
1462 1010 77 28 riding
1568 1009 24 25 of
1623 1008 148 30 Waitahuna,
1796 1008 24 24 of

1260 1043 108 30 Tuapeka
1378 1043 99 28 County,
1493 1041 45 23 and
1549 1041 39 22 the
1597 1040 77 30 riding
1683 1040 24 22 of
1720 1040 90 22 Clarkes-

1260 1074 61 28 ville,
1346 1073 23 24 of
1399 1072 86 25 Clutha
1512 1071 107 31 County;
1648 1071 52 23 that
1723 1073 54 28 part
1799 1069 24 24 of

1262 1105 140 29 Maungatua
1417 1103 76 30 riding
1507 1102 24 23 of
1545 1102 75 24 Taieri
1637 1101 92 29 County
1745 1101 65 22 south-

1261 1138 49 20 east
1329 1134 23 24 of
1371 1134 44 24 Lee
1437 1133 96 29 Stream,
1554 1132 46 24 and
1619 1132 52 24 that
1690 1131 90 32 portion
1800 1130 23 25 of

1261 1166 85 24 Otakia
1355 1165 75 30 riding
1440 1165 23 23 of
1471 1164 74 24 Taieri
1552 1163 92 30 County
1651 1170 30 16 on
1691 1162 40 24 the
1745 1162 65 24 south-

1262 1199 57 20 west
1342 1196 48 23 side
1413 1195 24 22 of
1461 1195 39 22 the
1524 1193 54 24 road
1606 1193 102 29 starting
1735 1195 26 20 at
1784 1193 39 21 the

1262 1226 108 23 southern
1392 1224 118 30 boundary
1528 1224 24 23 of
1569 1224 84 22 section
1674 1223 21 27 9,
1717 1221 66 24 block
1801 1222 21 27 3,

1262 1256 84 24 Otakia
1369 1255 107 27 district;
1496 1254 46 23 and
1558 1253 135 30 proceeding
1708 1251 113 28 westerly,

1262 1288 90 27 passing
1372 1287 39 21 the
1430 1285 116 28 following
1569 1283 154 22 sections:l
1743 1282 24 22 of
1788 1282 33 26 13,

1262 1318 13 21 2
1289 1316 24 21 of
1324 1317 32 22 13.
1370 1316 32 25 14,
1415 1314 43 22 and
1472 1315 32 23 15,
1516 1313 66 21 block
1593 1313 21 24 3,
1623 1311 84 23 Otakia
1715 1311 89 21 district
1817 1318 5 15 :

1262 1346 34 26 37,
1307 1346 35 26 34,
1354 1345 35 23 33.
1401 1344 34 26 31,
1451 1343 14 22 2
1474 1342 24 23 of
1507 1343 35 24 29,
1556 1342 9 21 1
1576 1342 25 21 of
1609 1342 35 25 29,
1656 1341 14 21 2
1684 1340 25 22 of
1722 1341 35 25 28,
1769 1340 14 21 2
1799 1339 24 22 of

1262 1376 34 27 26,
1319 1376 10 22 1
1349 1374 24 23 of
1389 1374 35 27 27,
1440 1374 36 26 25,
1491 1371 44 24 and
1553 1372 36 26 20,
1608 1370 66 23 block
1693 1370 22 26 4,
1735 1368 86 24 Otakia

1262 1406 107 25 district;
1394 1403 105 29 together
1521 1402 58 23 with
1603 1401 40 24 the
1662 1399 118 30 Boroughs
1799 1398 23 24 of

1262 1436 83 23 Milton
1355 1434 44 23 and
1408 1434 148 28 Kaitangata.

1289 1469 108 32 Tuapeka
1427 1468 121 30 comprises
1581 1466 30 24 all
1646 1465 39 24 the
1714 1464 108 32 Tuapeka

1261 1503 98 27 County,
1380 1500 120 30 excepting
1515 1499 40 23 the
1575 1497 86 30 ridings
1676 1496 24 23 of
1718 1496 104 29 Tapanui

1261 1532 44 23 and
1322 1530 147 27 Waitahuna,
1488 1528 105 30 together
1612 1527 56 22 with
1689 1526 39 23 the
1749 1526 59 22 Mata-

1262 1562 76 27 kanui,
1374 1558 167 26 Manuherikia,
1577 1556 161 30 Earnscleugh,
1777 1555 45 23 and

1264 1593 101 22 Dunstan
1376 1591 86 30 ridings
1472 1589 23 23 of
1511 1588 100 23 Vincent
1620 1587 91 29 County
1721 1584 45 25 and
1782 1585 40 24 the

1261 1622 116 29 Boroughs
1394 1621 23 22 of
1434 1619 120 23 Lawrence
1573 1617 45 23 and
1633 1616 125 29 Roxburgh
1778 1616 44 22 and

1263 1651 134 25 Alexandra.

1288 1683 84 23 Clutha
1382 1681 120 30 comprises
1512 1680 40 23 the
1567 1678 73 24 whole
1650 1678 24 23 of
1688 1678 40 23 the
1738 1676 84 25 Clutha

1260 1713 98 28 Countv,
1384 1712 43 23 less
1452 1711 39 23 the
1521 1708 124 31 Clydevale
1669 1707 83 30 riding,
1783 1707 39 23 the

1260 1743 102 30 Tapanui
1383 1742 75 29 riding
1482 1741 23 22 of
1528 1739 109 30 Tuapeka
1660 1738 100 29 County,
1782 1737 40 23 the

1260 1773 92 23 Otaraia
1363 1772 54 23 road
1435 1771 92 22 district
1542 1769 23 22 of
1582 1768 128 23 Southland
1720 1768 100 29 County,

1260 1803 44 23 and
1315 1802 52 24 that
1376 1801 91 31 portion
1477 1800 24 24 of
1518 1800 39 23 the
1573 1798 120 31 Knapdale
1705 1797 55 24 road
1776 1797 33 23 dis-

1260 1835 55 23 trict
1331 1833 24 24 of
1369 1831 127 25 Southland
1515 1830 92 31 County
1622 1828 101 25 situated
1740 1828 82 24 within

1260 1866 38 21 the
1317 1865 100 27 existing
1436 1863 85 22 Clutha
1542 1861 106 23 electoral
1669 1859 99 27 district,
1790 1862 22 20 to-

1259 1894 79 30 gether
1349 1893 56 23 with
1420 1892 40 23 the
1476 1890 118 30 Boroughs
1604 1889 24 24 of
1642 1889 121 24 Balclutha
1778 1888 44 23 and

1259 1924 102 31 Tapanui
1371 1922 45 25 and
1427 1922 92 25 Clinton
1529 1924 61 21 town
1601 1920 98 24 district.

1287 1988 48 23 The
1350 1987 77 24 actual
1444 1986 133 30 population
1597 1985 23 23 of
1639 1984 40 24 the
1698 1990 49 17 new
1767 1983 44 24 elec-

1259 2021 86 20 torates
1355 2018 64 23 is:

1458 2051 71 16 NORTH
1543 2050 80 16 ISLAND.

1259 2072 43 23 Bay
1310 2072 22 20 of
1345 2071 78 20 Islands
1771 2067 52 24 9,841

1259 2096 95 20 Marsden
1771 2092 52 24 9,661

1259 2120 109 21 Auckland
1376 2120 47 24 City
1760 2116 64 24 35,539

1259 2145 81 21 Parnell
1760 2141 62 23 10,741

1259 2169 57 21 Eden
1760 2166 64 23 10,469

1259 2193 106 22 Manukau
1760 2190 64 23 10,442

1259 2218 100 20 Franklin
1760 2214 65 22 10.0U5

1258 2243 87 20 Thames
1761 2238 64 24 10,0/9

1259 2267 121 21 Ohiueinuri
1771 2263 53 23 9,467

1259 2291 98 23 Waikato
1770 2287 53 24 9.809

1259 2317 44 22 Bay
1310 2317 23 19 of
1341 2316 73 23 Plenty
1770 2312 55 22 9,490

1259 2340 88 24 Waiapu
1771 2336 50 23 9,411

1260 2365 78 25 Napier
1761 2361 64 23 11.275

1261 2390 147 25 Hawke'say
1771 2385 53 25 9.582

1260 2415 106 23 Waipawa
1447 2429 20 4 ...
1538 2429 19 4 ...
1627 2427 20 5 ...
1772 2410 53 23 8,(523

1261 2438 101 20 Pahiatua
1771 2434 53 19 8-517

1261 2462 113 20 Masterton
1447 2476 20 6 ...
1512 2458 4 26 ,
1772 2458 53 22 9,3)4

1261 2486 120 24 Wuirarapa,
1446 2502 20 5 ...
1536 2501 20 5 ...
1626 2500 21 5 ...
1771 2482 54 25 8,519

1261 2512 101 21 Taranaki
1759 2507 64 24 10,042

1263 2537 108 21 Kzmont...
1447 2551 20 5 ...
1538 2550 19 5 ...
1628 2549 19 5 ...
1771 2532 54 24 k',335

1262 2561 87 19 Hawera
1771 2556 54 22 8,585

1262 2584 116 24 Wanganui
1762 2580 62 24 10,267

1262 2609 62 21 Patea
1773 2604 52 25 8,520

1263 2633 119 24 Rangitikei
1448 2648 19 3 ...
1538 2648 20 3 ...
1628 2647 19 4 ...
1771 2629 54 23 9,450

1263 2657 127 20 Palmerston
1398 2656 68 20 North
1762 2653 63 23 10,201

1263 2681 119 21 Manawatu
1448 2697 20 4 ...
1538 2697 19 3 ...
1628 2695 19 5 ...
1773 2677 52 24 8,604

1263 2706 62 19 Otaki
1772 2702 54 22 8,531)

1263 2730 126 23 Wellingtun
1398 2729 109 20 Suburban
1762 2725 64 23 10,567

1264 2753 125 25 Wellington
1398 2753 47 25 City
1760 2749 64 24 35,510

1263 2778 127 21 Waitemata
1773 2774 53 22 9,404

1465 2818 68 18 SOUTH
1548 2818 79 16 ISIA.NI).

1263 2839 92 21 Waitaki
1774 2835 52 23 9,527

1264 2865 88 18 Uamaru
1764 2860 62 22 10,148

1264 2886 108 21 Waiherao
1774 2883 52 23 9,740

1265 2911 105 20 Chalmers
1774 2907 52 23 9.4

1265 2935 152 25 DunedinCity
1764 2930 62 25 35,000

1265 2961 122 19 Cavensham
1451 2975 19 4 ...
1541 2975 19 3 ...
1764 2956 62 22 H.*l

1265 2985 65 20 Taieri
1774 2979 52 23 9.480

1265 3009 63 19 Bruce
1774 3005 52 22 8,754

1264 3032 75 20 Clutha
1774 3028 52 24 9,814

1263 3056 95 25 Tuapeka
1774 3052 52 24 9,290

1263 3080 113 25 Wakatipu
1774 3076 52 24 9,434

1263 3105 95 20 Mataura
1774 3101 52 24 9,767

1263 3130 109 20 Awarua...
1450 3145 20 4 ...
1541 3144 19 4 ...
1630 3144 21 4 ...
1774 3125 52 24 9,511

1264 3153 132 26 Invercargill
1451 3170 19 4 ...
1541 3168 19 5 ...
1630 3167 20 5 ...
1720 3167 20 5 ...
1764 3149 62 24 10,757

1262 3179 91 20 Wallace
1774 3174 52 24 9,270

1263 3203 76 20 Nelson
1764 3198 62 24 10,532

1263 3227 99 21 Motueka
1451 3243 19 4 ...
1540 3242 20 4 ...
1630 3241 20 4 ...
1774 3223 52 23 8,78!)

1264 3252 69 19 JJuller
1774 3247 52 23 9,600

1262 3276 53 23 Grey
1774 3271 52 23 9,880

1263 3300 108 21 Westland
1774 3295 52 24 9.337

1262 3324 84 20 Wairau
1764 3319 62 25 10,337

1263 3349 76 23 Ashley
1773 3344 53 23 9,74b

1262 3373 87 24 Kaiapoi
1774 3368 52 24 9,621

1261 3398 59 20 Avon
1774 3393 52 24 9,b82

1262 3423 109 20 Kiccartou
1774 3418 52 22 9,420

1261 3445 148 22 Christchurch
1418 3445 47 24 City
1762 3442 63 23 'W.o2h

1262 3471 107 24 Lyttelton
1763 3466 63 23 l.b-*

1261 3496 110 19 Elleamere
1771 3491 54 22 9,44b

1261 3519 80 25 Selwyn
1774 3514 52 23 9.270

1261 3544 120 21 Aehburton
1773 3538 52 25 9.911

1260 3569 109 21 (ieraldiue
1778 3563 47 37 {.279

1260 3594 83 20 Timaru
1357 3610 20 4 ...
1447 3608 19 5 ...
1760 3590 64 22 10.100

1287 3625 127 31 Appended
1433 3632 39 16 arc
1491 3624 40 23 the
1549 3623 83 31 figures
1651 3623 24 22 ah
1679 3622 73 29 owing
1774 3621 50 23 how

1259 3657 40 22 the
1319 3655 133 31 population
1477 3654 24 23 of
1525 3654 39 22 the
1583 3653 134 22 electorates
1736 3652 24 23 in
1779 3650 44 24 and

1259 3687 87 22 around
1357 3685 106 25 Dunedin
1473 3692 39 16 are
1522 3683 66 23 made
1599 3690 30 23 up
1639 3691 34 16 :

1483 3730 119 16 CHALMERS.

1259 3752 111 21 Peninsula
1378 3752 82 23 County
1537 3767 20 4 ...
1626 3766 20 4 ...
1716 3765 20 5 ...
1771 3748 52 24 1.P34

1259 3777 49 20 Port
1316 3776 105 21 Chalmers
1430 3775 94 25 Borough
1536 3791 20 4 ...
1626 3789 20 6 ...
1716 3789 20 4 ...
1771 3773 50 23 1,901

1259 3803 32 18 On
1299 3801 47 24 ship
1355 3800 62 21 board
1447 3816 19 5 ...
1536 3815 20 5 ...
1626 3814 20 5 ...
1790 3796 33 22 W3

1259 3826 59 20 West
1326 3825 87 23 Harbor,
1423 3824 61 21 south
1494 3824 52 21 from
1555 3823 164 22 Kavensbounie.
1732 3822 4 26 .
1789 3822 33 21 isl

1259 3850 120 21 North-east
1409 3849 72 24 Valley
1505 3849 74 24 riding,
1604 3847 128 21 Waikouaiti

1304 3875 81 24 County
1447 3890 20 5 ...
1537 3889 20 5 ...
1626 3888 20 6 ...
1789 3870 34 22 698

1259 3899 99 20 Blueskin
1771 3895 52 23 1.747

1258 3923 81 20 Merton
1349 3923 68 23 riding
1446 3939 20 3 ...
1536 3938 19 4 ...
1626 3937 20 4 ...
1715 3936 21 4 ...
1771 3920 52 22 1,372

1259 3948 142 22 Hawkesbury
1411 3946 93 25 Borough
1536 3962 20 4 ...
1625 3961 21 4 ...
1715 3960 21 4 ...
1789 3944 34 19 760

1258 3972 127 24 (Quarantine
1398 3970 69 21 Island
1537 3986 19 5 ...
1626 3985 20 5 ...
1715 3984 21 5 ...
1812 3981 10 5 -

1347 4020 59 22 Total
1769 4017 54 25 y,3

1488 4061 104 17 DUNEDIN.

1258 4083 47 23 City
1313 4083 22 19 of
1347 4082 97 20 Dunedin
1535 4096 20 5 ...
1625 4095 20 5 ...
1758 4078 64 24 22,15

1257 4105 157 25 Onshipboanl
1769 4127 5 7 t
1788 4101 35 21 270

1257 4130 83 21 Portion
1348 4130 23 19 of
1383 4129 76 24 Itoslyn
1468 4129 94 24 Borough
1624 4144 20 5 ...
1715 4143 19 5 ...
1769 4126 53 25 3,512

1257 4155 49 21 Part
1314 4155 22 20 of
1348 4154 64 21 Maori
1423 4154 43 20 Hill
1769 4151 53 25 1,030

1258 4179 120 20 North-east
1385 4179 72 23 Valley
1463 4177 94 25 Borough
1625 4193 21 5 ...
1714 4192 20 4 ...
1769 4176 52 22 3,374

1258 4203 131 23 Morningtou
1398 4202 94 24 Borough
1535 4217 19 4 ...
1625 4217 19 4 ...
1714 4216 20 4 ...
1769 4200 52 23 3,584

1257 4226 58 21 West
1324 4226 81 20 Harbor
1412 4226 114 24 (including
1534 4224 168 23 Ravensbourne)
1714 4240 20 4 ...
1788 4223 33 20 415

1346 4275 59 21 Total
1757 4272 64 24 35,000

1499 4315 80 15 T.UEIU.

1257 4335 82 23 County
1352 4334 22 21 of
1390 4334 66 21 Taieri
1469 4334 118 24 (excluding
1600 4332 77 22 Otakia
1689 4332 41 21 and

1303 4359 126 24 Maungatua
1438 4358 82 25 ridings,
1531 4364 45 13 now
1585 4358 21 20 in
1619 4358 36 19 the
1666 4357 64 20 Bruce

1302 4383 117 22 electorate)
1450 4398 12 5 ..
1532 4397 20 5 ...
1621 4396 20 5 ...
1766 4379 53 23 0,376

1258 4405 84 28 Moegiel
1352 4406 93 25 Borough
1767 4403 52 27 1,392

1257 4432 65 20 Green
1332 4431 68 21 Island
1411 4431 93 24 Borough
1534 4447 19 4 ...
1623 4447 20 3 ...
1713 4446 19 4 ...
1786 4430 34 19 f63

1259 4456 122 23 Remaining
1390 4456 80 23 portion
1480 4456 76 22 Koslyn
1623 4470 20 4 ...
1713 4469 19 4 ...
1786 4454 34 18 tJOti

1259 4480 122 23 Remaining
1389 4479 80 24 portion
1479 4478 64 21 Maori
1552 4477 45 21 Hill
1623 4493 21 5 ...
1713 4493 19 4 ...
1786 4477 34 20 453

1346 4527 59 21 Total
1766 4525 53 23 y,480

1472 4567 132 17 CAVERSHAM.

1256 4586 123 23 Caversham
1388 4588 94 24 Borough
1532 4604 20 5 ..
1621 4603 21 4 ...
1711 4602 20 4 ...
1766 4586 53 24 4,763

1255 4612 66 19 South
1330 4612 96 20 Dunedin
1766 4610 53 23 4,592

1256 4636 29 20 St.
1298 4636 60 20 Kilda
1766 4633 53 25 1,185

1256 4660 106 21 Anderson
1372 4660 42 24 Bay
1442 4677 19 3 ...
1532 4676 20 4 ...
1622 4675 20 5 ...
1711 4675 20 3 ...
1785 4658 33 20 717

1256 4685 120 20 North-east
1385 4685 80 19 Harbor
1531 4699 20 5 ...
1621 4699 19 4 ...
1795 4682 21 20 94

1344 4732 60 20 Total
1755 4730 62 22 H,35l

1273 4800 94 26 RAID
1387 4799 51 27 ON
1456 4798 26 28 A
1500 4798 199 28 GAMBLING
1717 4796 78 27 DEN

1374 4877 254 27 CHRISTCHURCH.
1644 4877 97 24 Au;usr
1753 4878 32 21 15.

1282 4911 78 25 About
1369 4913 40 20 ten
1418 4909 86 23 o'clock
1519 4909 45 23 last
1578 4908 68 30 night
1661 4915 14 16 a
1684 4908 62 29 large
1757 4906 59 30 body

1253 4942 24 23 of
1290 4941 73 31 police
1372 4939 66 25 made
1448 4947 13 16 a
1471 4938 49 25 raid
1535 4946 29 16 on
1573 4946 29 16 an
1612 4938 87 30 alleged
1716 4938 86 29 gaming-

1254 4972 68 22 house
1332 4978 54 15 over
1396 4978 13 14 a
1426 4970 42 21 fish
1478 4970 57 27 shop
1545 4969 23 22 in
1578 4969 81 22 Cashel
1670 4970 77 20 street.
1779 4968 37 21 An

1252 5002 72 23 alarm
1334 5007 46 17 was
1389 5000 67 30 given
1466 5002 25 20 at
1506 4998 40 23 the
1562 4998 89 23 bottom
1661 4997 23 23 of
1699 4997 40 23 the
1748 4997 68 22 stairs

1252 5033 66 23 when
1338 5031 40 24 the
1396 5030 74 31 police
1488 5028 98 29 arrived,
1603 5028 45 24 and
1667 5028 71 29 lights
1757 5035 58 15 were

1252 5063 84 23 turned
1345 5062 67 22 down
1422 5060 46 23 and
1483 5067 29 15 an
1529 5061 100 35 attempt
1645 5057 66 24 made
1727 5061 24 20 to
1761 5058 54 22 rush

1252 5095 48 24 out,
1312 5092 43 22 but
1370 5091 47 22 this
1427 5097 46 15 was
1488 5087 131 31 prevented.
1651 5088 65 23 Some
1727 5090 87 25 twenty

1252 5129 51 16 men
1313 5127 59 18 were
1382 5119 70 24 found
1462 5125 29 16 on
1506 5118 40 23 the
1556 5118 114 30 premises,
1681 5117 45 23 and
1736 5124 29 15 on
1776 5117 39 22 the

1252 5152 55 24 floor
1313 5160 14 16 a
1336 5152 50 24 dice
1392 5150 44 24 box
1444 5149 44 23 and
1493 5148 62 30 forty
1559 5148 49 24 dice
1612 5155 59 16 were
1674 5146 138 25 discovered.

1251 5184 48 23 The
1309 5181 115 31 occupiers
1433 5180 25 24 of
1471 5179 42 25 the
1527 5179 108 28 premises
1649 5181 45 20 and
1709 5178 105 23 nineteen

1251 5214 77 22 others
1347 5219 59 15 were
1426 5209 134 24 handcuffed
1579 5209 46 22 and
1644 5208 69 22 taken
1734 5211 24 19 to
1775 5208 39 22 the

1251 5243 73 33 police
1334 5242 91 23 station.

1279 5276 33 22 At
1328 5274 39 24 the
1378 5274 66 22 court
1458 5270 81 31 to-day
1549 5269 39 23 the
1605 5268 140 31 proprietors
1755 5276 58 16 were

1251 5304 97 30 charged
1358 5303 58 23 with
1426 5303 68 23 being
1503 5301 40 22 the
1553 5300 93 28 keepers
1656 5299 23 23 of
1689 5306 13 14 a
1712 5306 101 14 common

1250 5332 178 32 gaming-house,
1449 5329 45 24 and
1510 5329 40 23 the
1567 5328 125 28 remaining
1708 5327 105 23 nineteen

1250 5372 60 18 wore
1319 5361 98 34 charged
1427 5359 57 27 with
1494 5359 68 33 being
1571 5357 69 27 found
1657 5357 23 24 in
1690 5364 13 17 a
1713 5357 85 33 gaming-

1251 5398 69 23 house
1331 5395 98 24 without
1438 5392 79 26 lawful
1526 5397 88 19 excuse.
1644 5390 49 24 The
1705 5390 108 40 majority

1251 5434 58 16 were
1318 5432 77 26 young
1404 5431 51 16 men
1465 5423 73 23 under
1553 5421 75 29 thirty
1642 5426 66 23 years
1725 5420 23 22 of
1762 5427 49 22 age,

1249 5464 61 15 some
1329 5456 24 23 of
1372 5453 62 24 them
1458 5453 68 28 being
1545 5451 111 22 residents
1677 5450 24 22 in
1725 5449 86 23 Christ,

1249 5486 93 28 church,
1353 5484 45 24 and
1409 5483 76 23 others
1493 5481 92 23 visitors
1595 5480 57 22 from
1662 5478 147 30 Wellington,

1250 5517 93 30 Napier,
1378 5513 45 25 and
1457 5511 112 25 Dunedin.
1611 5508 121 29 Williams,
1760 5515 39 24 pro-

1249 5548 87 29 prietor
1345 5546 24 23 of
1379 5546 39 23 the
1427 5545 65 28 shop,
1509 5549 46 17 was
1565 5540 60 24 fined
1642 5540 52 27 25,
1710 5538 45 24 and
1772 5539 39 23 the

1249 5579 77 23 others
1336 5577 31 25 2
1376 5575 62 25 each.
1469 5574 35 24 On
1517 5573 40 24 the
1574 5570 56 25 floor
1647 5569 25 25 of
1691 5569 38 24 the
1748 5576 63 17 room

1249 5609 64 24 three
1324 5607 61 25 bank
1402 5611 64 19 notes
1483 5604 24 24 of
1522 5611 30 16 an
1570 5602 89 24 extinct
1677 5600 134 24 Melbourne

1249 5639 61 26 bank
1324 5646 59 17 were
1397 5635 78 30 found,
1495 5635 43 24 but
1557 5640 59 18 were
1634 5633 41 23 not
1693 5630 78 25 traced
1786 5633 25 22 to

1249 5679 45 22 any
1303 5670 125 33 particular
1442 5665 134 28 individual.
1606 5664 48 24 One
1664 5663 24 24 of
1697 5663 40 24 the
1750 5670 59 21 men,

1249 5702 76 23 Frank
1336 5701 114 25 Burrows,
1464 5704 47 16 was
1520 5695 97 31 charged
1627 5694 57 23 with
1701 5696 95 26 attempt-

1249 5733 39 29 ing
1303 5734 25 21 to
1345 5738 52 22 pass
1411 5737 14 15 a
1444 5727 61 24 bank
1524 5729 54 21 note
1597 5724 86 24 similar
1702 5726 25 21 to
1745 5723 65 24 those

1249 5762 69 24 found
1329 5761 23 24 in
1362 5760 40 25 the
1412 5766 61 18 room
1484 5764 28 16 en
1521 5764 13 16 a
1541 5755 130 31 Sydenham
1681 5753 128 23 tradesman

1250 5794 21 29 in
1282 5792 115 31 exchapge
1406 5790 35 28 for
1451 5787 77 38 gwdi,
1539 5785 46 27 and
1595 5793 47 19 was
1651 5783 128 36 remaned.

1919 183 75 27 THE
2020 183 155 28 YELLOW
2201 182 136 29 AGONY.

1848 257 73 28 [From
1931 263 45 17 thb
1985 258 59 21 Stab
2051 263 12 16 s
2072 257 191 24 Parliamentaby
2273 258 121 21 Kefortkr
2402 254 8 27 ]

2000 314 217 31 WELLINGTON,
2232 315 99 25 August
2347 314 32 23 14.

1878 351 86 29 Nearly
1974 352 40 23 the
2023 352 73 23 whole
2106 352 23 24 of
2143 352 120 30 yesterday
2274 349 137 26 afternoon's

1849 382 82 31 sitting
1941 382 24 24 of
1979 382 39 23 the
2028 382 78 23 House
2121 390 45 16 was
2183 383 69 24 taken
2263 389 31 23 up
2305 380 56 24 with
2372 380 39 23 the

2095 415 113 28 question,
2239 413 39 24 the
2305 410 106 26 Asiatics'

1850 442 139 23 Restriction
2013 443 45 22 Bill
2083 443 52 26 (No.
2160 445 30 26 2),
2221 444 24 22 of
2273 442 75 23 which
2371 441 40 22 the

1850 471 100 24 Premier
1969 471 45 24 had
2034 471 88 30 charge,
2143 472 66 32 being
2232 469 130 27 considered
2387 469 24 23 in

1850 502 138 29 committee,
1999 502 60 23 after
2075 502 73 24 which
2162 504 20 24 it
2199 511 46 17 was
2260 500 54 26 read
2324 509 14 15 a
2348 499 63 25 third

1851 533 130 23 time.Mr
2000 532 25 24 T.
2044 532 130 26 Mackenzie
2194 533 79 25 moved
2289 536 25 20 to
2329 531 82 25 reduce

1851 563 39 22 the
1900 563 97 28 poll-tax
2014 563 58 21 from
2088 564 59 22 IOO
2162 568 24 19 to
2202 566 53 25 SO,
2274 563 74 22 which
2365 568 46 16 was

1850 592 122 30 negatived
1986 592 30 30 by
2033 593 28 22 45
2077 594 24 21 to
2117 594 84 24 s.On
2219 594 39 23 the
2274 592 85 24 motion
2376 591 35 23 for

1852 622 39 24 the
1907 623 62 23 third
1986 622 94 31 reading
2098 623 62 26 there
2175 632 46 16 was
2238 632 14 16 a
2268 622 96 32 lengthy
2374 622 25 23 de-

1851 653 61 28 bate,
1923 654 24 22 in
1957 653 39 24 the
2006 660 78 16 course
2089 654 23 23 of
2120 655 72 24 which
2201 655 36 23 Mr
2245 655 25 23 T.
2281 653 130 24 Mackenzie

1851 683 54 23 took
1916 684 119 28 exception
2046 689 24 17 to
2080 684 39 23 the
2129 692 48 16 new
2185 686 74 23 clause
2268 685 49 28 just
2327 682 82 27 added,

1851 712 30 30 by
1901 713 82 28 which,
2004 712 81 25 should
2104 720 14 17 a
2136 714 94 25 Chinese
2249 713 119 24 merchant
2386 719 25 16 or

1851 744 35 24 his
1901 747 70 28 agent
1989 752 28 23 go
2037 747 23 21 to
2070 744 116 27 Australia
2201 754 29 16 on
2249 745 111 28 business,
2381 743 29 24 he

1851 775 83 28 would,
1955 782 68 23 every
2042 776 56 22 time
2122 776 28 23 he
2167 776 108 24 returned
2299 778 24 20 to
2348 775 63 22 these

1851 804 85 27 shores,
1947 805 57 22 have
2021 808 25 20 to
2062 812 45 22 pay
2125 806 37 23 the
2178 806 48 31 poll
2235 810 48 23 tax,
2294 803 117 24 inasmuch

1851 842 25 16 as
1896 834 40 24 the
1959 836 174 24 naturalisation
2154 837 22 24 of
2199 837 96 25 Chinese
2310 842 46 16 was
2370 837 41 21 not

1851 867 137 29 recognised.
2028 867 21 23 A
2068 867 94 24 decided
2180 871 89 28 protest
2283 867 90 30 against
2387 872 24 16 so

1852 897 86 23 drastic
1957 904 14 15 a
1990 904 101 16 measure
2110 905 46 15 was
2173 899 47 22 also
2240 897 73 24 raised
2328 897 31 29 by
2374 895 37 23 Mr

1852 926 94 28 Duthie,
1957 927 52 22 who
2018 927 47 23 said
2076 927 53 23 that
2138 928 38 23 the
2191 928 70 23 influx
2278 927 24 23 of
2315 926 96 24 Chinese

1851 956 40 23 did
1901 959 41 20 not
1952 962 100 17 warrant
2061 957 31 22 its
2108 958 160 22 introduction.
2299 956 49 23 The
2362 962 49 16 new

1851 986 76 25 clause
1950 993 47 18 was
2014 994 23 16 so
2061 986 87 33 foreign
2166 991 24 22 to
2209 985 87 27 British
2311 985 100 26 freedom

1852 1026 25 16 as
1887 1021 24 22 to
1920 1019 50 23 lead
1982 1022 24 20 to
2016 1019 39 23 the
2065 1019 130 29 impression
2206 1020 52 23 that
2274 1019 18 24 it
2307 1025 47 16 was
2368 1020 43 28 put

1852 1050 49 22 into
1916 1049 39 23 the
1966 1048 45 24 Bill
2021 1049 56 23 with
2087 1056 14 15 a
2111 1049 56 23 view
2178 1052 23 20 to
2216 1050 84 29 having
2310 1049 20 22 it
2344 1048 67 30 again

1853 1079 99 31 rejected
1960 1079 23 23 in
1995 1081 16 11 '
2017 1079 95 24 another
2277 1079 28 23 R.
2314 1079 80 30 Thomp-

1851 1118 41 15 son
1903 1117 45 16 was
1958 1110 100 22 likewise
2068 1109 23 23 of
2100 1111 90 28 opinion
2201 1111 51 22 that
2262 1110 40 23 the
2311 1109 46 23 Bill
2366 1109 45 23 had

1853 1140 55 25 been
1933 1140 121 31 purposely
2072 1139 66 24 made
2157 1140 129 25 distasteful
2308 1147 25 16 so
2347 1147 26 16 as
2387 1142 24 21 to

1852 1179 81 15 ensure
1943 1172 31 22 its
1983 1171 77 23 defeat
2075 1173 26 20 at
2118 1171 39 22 the
2171 1170 72 23 hands
2253 1171 23 22 of
2289 1170 39 22 the
2339 1170 58 22 Coun-

1852 1201 37 27 cil,
1901 1201 88 22 besides
1999 1200 73 23 which
2083 1200 39 23 the
2137 1199 87 34 colony,
2242 1199 31 28 by
2282 1198 129 29 legislation

1852 1231 23 22 of
1886 1230 46 23 this
1941 1233 89 24 nature,
2042 1237 45 15 was
2094 1229 106 30 lowering
2209 1228 63 24 itself
2281 1228 23 23 in
2313 1227 39 24 the
2359 1234 52 23 eyes

1853 1260 22 23 of
1891 1260 38 23 the
1940 1259 101 23 civilised
2052 1258 78 23 world.

1903 1323 192 27 JUVENILE
2114 1320 246 31 IMMORALITY.

1851 1395 73 28 [From
1934 1401 44 17 the
1988 1396 78 23 Star's
2072 1396 192 24 Parliamentary
2275 1396 117 22 Reporter

2007 1450 215 29 WELLINGTON,
2236 1450 98 24 August
2350 1450 31 22 14.

1879 1480 29 24 In
1927 1481 92 30 moving
2044 1481 38 23 the
2105 1482 81 24 second
2210 1481 93 30 reading
2326 1479 24 24 of
2374 1478 39 24 the

1851 1511 107 24 Juvenile
1976 1511 142 30 Depravities
2133 1512 148 30 Suppression
2299 1510 54 27 Bill,
2374 1509 39 24 the

1852 1540 100 24 Premier
1962 1541 114 31 regretted
2087 1542 39 23 the
2136 1542 111 30 necessity
2257 1542 53 22 that
2324 1539 89 24 existed

1852 1571 35 23 for
1896 1572 56 22 such
1961 1579 14 15 a
1985 1579 108 21 measure,
2105 1572 42 24 but
2157 1573 38 23 the
2211 1570 170 31 responsibility
2390 1569 24 24 of

1853 1601 81 30 taking
1950 1603 75 22 action
2042 1606 24 19 to
2082 1607 96 25 prevent
2188 1602 101 24 children
2300 1601 23 23 of
2333 1600 80 24 tender

1852 1638 41 22 aqe
1903 1631 58 24 from
1971 1632 97 31 keeping
2077 1633 24 22 in
2112 1633 39 22 the
2160 1636 82 20 streets
2252 1632 46 23 late
2312 1634 26 20 at
2347 1630 67 31 night

1853 1670 45 15 was
1914 1666 49 20 cast
1979 1670 29 16 on
2025 1663 38 23 the
2080 1662 66 25 State
2155 1664 74 30 owing
2239 1666 24 20 to
2274 1662 40 23 the
2323 1662 90 30 neglect

1851 1693 24 22 of
1886 1697 91 24 parents
1987 1694 158 29 (particularly
2155 1694 23 22 in
2188 1694 61 29 large
2259 1693 74 26 cities)
2345 1695 24 19 to
2384 1691 30 22 do

1853 1723 60 23 their
1929 1723 65 30 duty.
2025 1723 22 23 If
2062 1723 40 24 the
2117 1723 72 31 police
2204 1730 58 16 were
2279 1721 95 25 allowed
2389 1723 25 21 to

1853 1761 38 14 use
1901 1753 40 22 the
1957 1754 132 28 supplejack
2107 1754 147 28 occasionally
2264 1753 64 22 there
2338 1751 75 23 would

1853 1791 52 14 Boon
1917 1782 26 23 be
1953 1790 14 15 a
1977 1784 110 22 cessation
2098 1783 22 23 of
2136 1784 38 23 the
2185 1784 97 30 practice
2298 1782 23 23 of
2331 1781 49 24 lads
2390 1781 24 22 of

1853 1813 40 25 the
1912 1812 96 26 larrikin
2027 1814 57 24 class
2108 1814 161 32 congregating
2293 1815 25 21 at
2341 1814 73 22 street

1853 1853 89 15 corners
1962 1845 45 23 and
2027 1845 92 30 making
2138 1845 106 24 offensive
2267 1843 102 24 remarks
2388 1845 25 21 to

1853 1874 91 23 females
1954 1875 97 29 passing.
2082 1875 132 22 Constables
2229 1874 74 23 wonld
2321 1874 88 28 require

1853 1908 24 20 to
1887 1904 28 24 be
1925 1905 126 23 instructed
2067 1907 40 21 not
2122 1908 25 20 to
2163 1903 166 31 unnecessarily
2344 1904 57 22 inter-

1853 1935 47 24 fere
1917 1936 57 23 with
1991 1935 102 23 children
2110 1936 24 22 of
2148 1935 80 24 tender
2245 1942 41 23 age
2303 1934 70 23 found
2384 1941 28 15 on

1853 1967 40 22 the
1908 1970 84 19 streets
2009 1967 59 22 after
2084 1966 64 27 dark,
2161 1974 41 15 nor
2218 1970 62 18 must
2294 1965 55 29 they
2359 1963 54 24 take

1853 1997 66 29 hasty
1937 2004 25 15 or
1978 1996 165 23 ill-considered
2160 1996 74 23 action
2252 1995 74 23 which
2338 1994 75 23 would

1853 2027 55 23 tend
1942 2029 25 20 to
1997 2026 67 30 bring
2094 2026 40 23 the
2163 2026 72 29 police
2268 2025 61 23 force
2362 2025 51 22 into

1852 2056 124 31 disrepute.
2007 2057 28 23 In
2055 2056 38 24 the
2108 2064 50 16 case
2177 2055 24 24 of
2219 2063 13 15 a
2251 2055 50 23 first
2319 2054 92 28 offence,

1852 2094 75 22 young
1960 2087 55 29 girls
2046 2087 69 22 found
2140 2094 25 15 or
2195 2085 101 24 believed
2328 2087 24 21 to
2385 2084 28 23 be

1853 2118 106 29 loitering
1968 2117 81 23 should
2059 2117 27 23 be
2096 2116 127 28 cautioned,
2234 2115 45 24 and
2289 2122 29 16 on
2328 2122 13 15 a
2352 2122 49 22 repe-

1853 2148 68 24 tition
1931 2149 24 22 of
1965 2148 39 23 the
2014 2148 84 23 offence
2111 2148 55 29 they
2181 2146 80 24 should
2272 2146 26 23 be
2310 2146 68 23 taken
2390 2149 23 20 to

1853 2179 39 22 the
1908 2181 91 20 nearest
2015 2179 72 29 police
2103 2179 94 26 station,
2214 2177 44 23 and
2275 2177 18 23 if
2310 2177 61 22 their
2380 2183 33 15 re-

1851 2209 59 52 Elies
1925 2215 59 16 were
2000 2211 42 20 not
2060 2208 144 29 satisfactory
2224 2207 55 29 they
2296 2205 75 24 would
2387 2205 27 23 be

1868 2238 84 31 rought
1967 2238 75 24 before
2061 2246 13 15 a
2093 2238 132 30 magistrate
2241 2236 45 24 and
2303 2236 110 30 probably

1853 2269 133 24 committed
2010 2272 25 20 to
2058 2276 29 16 an
2112 2268 120 24 industrial
2251 2267 83 24 school.
2366 2266 48 24 The

1853 2304 76 19 recent
1944 2299 133 24 disclosures
2093 2299 23 23 in
2134 2298 105 24 Dunedin
2249 2298 45 24 and
2305 2297 95 31 Welling-

1853 2334 40 19 ton
1917 2330 44 23 had
1985 2330 78 23 shown
2087 2330 39 22 the
2150 2329 111 29 necessity
2280 2329 35 22 for
2334 2328 80 30 taking

1853 2361 75 23 action
1948 2360 75 24 where
2042 2360 20 24 it
2077 2367 46 16 was
2142 2358 101 24 believed
2262 2359 52 23 that
2338 2365 76 24 young

1853 2392 55 29 girls
1919 2399 58 16 were
1993 2391 112 24 harbored
2115 2391 35 23 for
2160 2390 101 24 immoral
2272 2397 108 23 purposes
2390 2389 24 23 in

1853 2423 95 22 Chinese
1979 2423 62 21 dens.
2086 2421 80 22 Power
2195 2428 45 15 was
2270 2421 47 21 also
2347 2421 67 28 given

1853 2456 25 18 to
1915 2451 49 23 raid
2002 2450 116 31 gambling
2155 2450 56 23 dens
2248 2450 74 22 where
2365 2449 49 22 lads

1854 2481 155 32 congregated.
2055 2480 128 25 Discretion
2216 2480 80 24 should
2329 2479 85 32 always

1853 2514 27 23 be
1904 2514 67 29 given
1995 2515 25 21 to
2044 2513 144 30 magistrates
2212 2515 24 20 to
2266 2511 55 24 hear
2350 2511 64 23 these

1853 2551 62 16 cases
1924 2544 24 22 in
1958 2551 95 20 camera,
2069 2550 25 15 as
2105 2542 111 30 publicity
2226 2542 73 29 might
2308 2542 23 22 in
2347 2548 67 22 many

1853 2581 62 16 cases
1934 2577 96 27 prevent
2049 2572 152 24 reformation.
2243 2572 33 23 Dr
2295 2571 118 27 Newman,

1854 2604 67 24 while
1945 2603 123 30 admitting
2093 2603 39 23 the
2158 2603 110 30 necessity
2294 2602 35 23 for
2353 2609 61 17 some

1853 2635 76 23 action
1947 2635 67 29 being
2033 2634 69 22 taken
2122 2636 25 20 to
2165 2640 55 22 cope
2239 2633 56 23 with
2315 2633 99 29 existing

1853 2664 100 31 juvenile
1961 2664 129 30 depravity,
2098 2662 126 24 contended
2235 2663 52 22 that
2296 2669 118 16 enormous

1854 2703 87 21 powers
1952 2702 58 15 were
2020 2694 110 30 proposed
2147 2693 71 23 under
2234 2693 39 23 the
2289 2692 45 23 Bill
2352 2695 25 20 to
2387 2692 27 23 be

1854 2725 66 30 given
1932 2727 23 20 to
1966 2724 134 27 constables,
2115 2723 44 23 and
2170 2723 20 22 it
2199 2723 73 29 might
2282 2730 25 14 as
2322 2723 50 21 well
2387 2722 27 22 be

1854 2754 112 32 proposed
1981 2758 25 20 to
2022 2755 51 29 ring
2089 2754 38 23 the
2147 2753 83 23 curfew
2247 2752 44 24 bell
2307 2755 26 21 at
2351 2752 63 31 eight

1854 2786 85 24 o'clock
1948 2793 69 23 every
2027 2786 73 30 night.
2124 2784 72 23 What
2206 2784 38 23 the
2254 2783 72 31 police
2334 2784 80 22 should

1854 2816 28 24 be
1892 2816 95 24 ordered
1997 2820 24 19 to
2032 2816 29 23 do
2077 2822 45 16 was
2138 2817 24 21 to
2178 2814 73 23 direct
2267 2814 59 23 their
2340 2817 61 21 atten-

1856 2847 48 23 tion
1914 2850 25 20 to
1949 2847 40 23 the
1999 2847 113 22 existence
2121 2845 25 23 of
2253 2844 75 30 shops,
2340 2845 73 21 which

1855 2876 66 23 could
1946 2877 28 22 be
1997 2875 71 24 found
2093 2876 22 22 in
2140 2881 68 22 every
2232 2876 76 21 centre
2331 2874 24 22 in
2375 2874 39 23 the

1856 2906 86 29 colony.
1983 2906 32 22 As
2035 2913 14 14 a
2073 2907 84 20 matter
2180 2904 24 22 of
2216 2903 4 32 .
2227 2904 54 25 fiat,
2305 2903 108 23 observed

1856 2937 38 22 the
1905 2936 80 30 chirpy
1995 2935 61 23 little
2067 2934 85 29 doctor,
2169 2934 39 23 the
2218 2932 76 25 Grand
2305 2932 109 26 National

1856 2974 45 16 was
1911 2974 42 16 run
1964 2967 52 22 that
2026 2966 126 27 afternoon,
2164 2965 43 23 and
2224 2964 55 30 boys
2294 2965 23 23 of
2333 2964 80 24 tender

1855 3004 65 22 years
1935 3004 58 16 were
2004 2999 24 20 to
2038 2996 27 23 be
2075 2995 71 24 found
2155 2995 94 30 putting
2258 2995 60 23 their
2354 2995 60 24 little

1929 3035 29 15 on
1978 3027 99 23 without
2093 3024 182 25 restraint.Mr
2293 3025 120 24 Riccarton

1856 3058 89 22 Russell
1955 3057 120 30 expressed
2092 3056 108 30 approval
2210 3056 23 22 of
2244 3056 38 23 the
2298 3056 76 22 action
2391 3056 23 23 of

1856 3087 38 24 the
1912 3087 154 24 Government
2081 3087 24 23 in
2124 3085 143 31 introducing
2286 3086 127 28 legislation

1855 3125 29 16 on
1900 3118 47 23 this
1961 3118 97 30 subject,
2075 3117 42 24 but
2134 3117 28 22 he
2177 3116 41 23 did
2234 3119 40 20 not
2289 3116 68 23 think
2375 3117 39 22 the

1854 3155 77 23 power
1947 3148 67 30 given
2030 3151 24 20 to
2071 3148 39 23 the
2127 3148 72 30 police
2213 3146 75 24 would
2297 3147 115 23 commend

1855 3179 63 23 itself
1936 3182 24 20 to
1979 3179 39 23 the
2037 3181 97 26 country
2152 3185 26 15 or
2195 3178 39 22 the
2253 3178 83 23 House.
2378 3177 36 23 He

1856 3209 115 31 regretted
2002 3209 52 23 that
2084 3209 38 22 the
2152 3208 97 23 Premier
2280 3208 81 23 Bhould
2390 3215 24 15 so

1856 3239 146 29 persistently
2040 3238 107 23 overlook
2180 3238 39 23 the
2254 3238 85 23 fulness
2369 3238 45 22 and

1855 3268 78 25 fitness
1957 3269 23 23 of
1999 3268 40 24 the
2059 3268 55 23 local
2134 3268 134 24 authorities
2288 3270 25 21 to
2331 3267 82 24 attend

1855 3302 24 22 to
1932 3299 46 25 this
2023 3299 58 24 class
2126 3298 23 24 of
2195 3301 147 28 government
2391 3298 23 24 of

1855 3331 39 22 the
1923 3333 103 26 country.
2067 3329 27 23 In
2119 3329 35 23 his
2177 3330 91 29 opinion
2292 3329 122 28 municipal

1854 3360 136 24 authorities
2000 3360 23 23 of
2038 3359 40 24 the
2087 3358 107 25 different
2209 3359 111 30 boroughs
2333 3358 81 24 should

1854 3391 28 23 be
1892 3390 141 31 empowered
2049 3393 24 20 to
2089 3390 63 22 draw
2169 3397 31 22 up
2216 3390 138 30 regulations
2369 3389 45 23 and

1854 3421 90 30 employ
1955 3424 79 20 truant
2043 3421 87 21 officers
2140 3423 24 19 to
2173 3421 51 29 give
2234 3421 66 22 effect
2310 3423 24 20 to
2342 3420 69 23 them.

1855 3451 36 22 He
1900 3451 93 30 pointed
2004 3453 41 20 out
2061 3450 53 23 that
2122 3454 59 19 most
2193 3450 23 23 of
2233 3451 39 22 the
2287 3450 127 23 constables

1854 3489 59 15 were
1922 3488 77 23 young
2008 3488 59 20 men,
2079 3480 43 23 and
2133 3480 63 30 quite
2206 3480 97 23 unfitted
2315 3482 23 21 to
2348 3487 66 23 carry

1854 3515 41 19 out
1905 3512 45 21 this
1960 3511 58 23 class
2027 3510 24 23 of
2068 3510 139 23 work.Mr
2223 3510 123 23 Earnshaw
2362 3517 38 15 con-

1854 3541 130 31 gratulated
1994 3541 40 23 the
2050 3539 100 25 Premier
2166 3548 60 23 upon
2243 3540 83 31 having
2343 3541 59 23 intro-

1853 3572 74 23 duced
1938 3572 38 23 the
1984 3571 53 28 Bill,
2047 3571 74 23 which
2130 3572 27 22 he
2163 3571 130 24 considered
2303 3571 110 31 grappled

1854 3611 54 23 very
1924 3602 68 31 fairly
2008 3602 56 24 with
2085 3609 13 17 a
2114 3609 55 24 very
2184 3602 96 25 delicate
2298 3603 113 30 question.

1853 3634 25 24 It
1897 3642 53 19 was,
1962 3635 24 22 in
2006 3634 34 23 his
2055 3633 100 30 opinion,
2167 3641 13 15 a
2199 3633 75 25 better
2292 3633 46 24 Bill
2357 3634 56 25 than

1853 3665 53 22 that
1936 3664 74 23 which
2039 3663 38 23 Mr
2108 3663 127 24 Hutchison
2266 3663 45 23 had
2343 3664 59 23 intro-

1853 3694 73 23 duced
1949 3701 29 16 on
2002 3694 40 23 the
2065 3701 61 15 same
2149 3694 163 29 subject.Mr
2340 3694 73 23 Lewis

1852 3725 49 23 said
1931 3724 28 23 he
1989 3723 76 23 would
2093 3727 96 26 support
2216 3724 39 23 the
2282 3724 54 28 Bill,
2372 3724 42 22 but

1852 3755 18 23 if
1884 3755 21 23 it
1913 3762 60 16 were
1982 3757 25 21 to
2021 3754 28 23 be
2058 3753 66 24 made
2133 3761 14 16 a
2156 3754 112 24 workable
2278 3761 101 17 measure
2394 3755 20 23 it

1853 3785 74 23 would
1944 3785 58 23 have
2018 3786 24 21 to
2052 3784 28 23 be
2089 3784 87 23 altered
2192 3785 23 22 in
2225 3785 135 23 committee.
2392 3785 20 22 A

1852 3816 72 31 police
1934 3814 115 25 constable
2066 3814 23 25 in
2100 3814 96 25 uniform
2207 3815 74 24 would
2291 3815 28 24 be
2329 3814 84 25 useless

1852 3854 25 16 as
1886 3854 29 16 an
1926 3847 137 23 instrument
2074 3847 23 22 to
2107 3846 51 29 give
2168 3845 65 25 effect
2243 3849 24 20 to
2278 3846 39 23 the
2326 3846 54 27 Bill,
2388 3853 25 16 as

1852 3877 127 24 constables
1989 3884 58 16 were
2058 3879 38 20 too
2106 3875 51 24 well
2167 3875 88 25 known.
2286 3875 66 26 Some
2361 3884 38 22 pro-

1852 3908 72 23 vision
1934 3906 80 24 should
2025 3906 28 23 be
2063 3906 65 23 made
2141 3905 35 23 for
2185 3906 38 23 the
2234 3906 145 30 punishment
2388 3907 25 22 of

1851 3940 93 27 parents
1960 3937 52 22 who
2030 3935 118 30 neglected
2167 3936 60 23 their
2245 3936 102 23 children
2366 3936 45 23 and

1851 3967 95 23 allowed
1961 3967 63 23 them
2035 3971 23 17 to
2069 3966 27 22 be
2110 3973 29 15 on
2157 3966 38 22 the
2209 3968 82 22 streets
2300 3968 26 21 at
2336 3966 72 29 night.

1851 3998 76 23 The
1937 3997 111 31 principle
2058 3996 23 23 of
2096 3996 40 23 the
2146 3995 44 24 Bill
2200 4004 45 16 was
2254 3995 117 32 approved
2380 3997 30 27 by

1851 4029 39 24 Mr
1905 4028 36 24 W.
1963 4027 136 28 Hutchison,
2120 4026 42 24 but
2181 4027 27 23 he
2227 4027 39 24 did
2283 4030 41 21 not
2343 4027 68 24 think

1852 4061 52 22 that
1918 4060 39 22 the
1976 4065 101 16 measure
2101 4058 62 22 itself
2184 4063 60 18 went
2263 4058 35 22 far
2322 4058 87 29 enough

1852 4091 22 21 in
1898 4088 80 31 regard
2002 4091 26 19 to
2047 4088 40 22 the
2105 4093 82 23 proper
2205 4087 103 30 bringing
2333 4094 31 23 up
2387 4087 24 22 of

1851 4120 40 24 the
1910 4117 181 26 children.Mr
2110 4116 84 31 Hogg's
2213 4117 130 31 experience
2362 4124 47 16 was

1851 4151 52 23 that
1920 4150 17 23 if
1956 4150 56 29 boys
2031 4155 25 16 or
2074 4147 55 31 girls
2148 4154 58 17 were
2224 4147 97 24 inclined
2341 4149 25 22 to
2381 4147 28 24 be

1851 4182 86 22 vicious
1947 4180 19 23 it
1976 4179 75 23 would
2066 4178 28 23 be
2110 4186 14 15 a
2138 4185 55 22 very
2202 4178 96 24 diffioult
2308 4179 66 28 thing
2385 4180 24 21 to

1851 4211 65 23 make
1935 4211 63 22 them
2014 4209 110 23 virtuous.
2155 4207 36 23 He
2207 4207 130 25 considered
2357 4208 52 22 that

1851 4248 67 22 many
1938 4239 109 24 members
2067 4238 24 23 of
2114 4237 40 24 the
2172 4238 158 29 constabulary
2350 4244 58 17 were

1849 4272 64 29 quite
1933 4270 98 23 unfitted
2051 4272 24 20 to
2094 4268 98 30 perform
2211 4268 38 25 the
2265 4268 76 24 duties
2358 4275 37 24 pro-

1851 4301 66 23 vided
1934 4301 35 22 for
1979 4300 30 29 by
2020 4300 47 22 this
2083 4305 107 16 measure.
2221 4299 65 23 With
2304 4300 39 22 the
2357 4306 39 23 pro-

1849 4331 63 30 posal
1922 4333 25 21 to
1957 4330 54 24 send
2020 4328 113 31 depraved
2140 4328 55 31 girls
2202 4333 24 20 to
2235 4336 14 17 a
2258 4329 150 30 reformatory

1850 4361 27 22 he
1887 4361 64 29 quite
1961 4360 89 30 agreed,
2068 4359 42 23 but
2120 4359 28 22 he
2164 4360 91 29 pointed
2265 4363 41 19 out
2316 4360 52 22 that
2382 4363 26 20 at

1849 4391 40 23 the
1917 4393 92 28 present
2037 4390 54 23 time
2122 4396 29 16 no
2181 4390 54 24 such
2264 4390 143 24 institutions

1849 4422 87 24 existed
1960 4422 24 23 in
2004 4421 39 23 the
2067 4420 154 31 colony.Mr
2245 4421 91 29 Parata,

1849 4454 39 21 the
1905 4453 76 22 father
1999 4452 24 22 of
2042 4459 13 15 a
2074 4451 80 28 family
2173 4452 43 22 and
2234 4453 47 21 also
2296 4460 14 14 a
2325 4453 68 28 grand-

1971 4481 131 24 considered
2126 4481 40 23 the
2187 4481 43 24 Bill
2254 4489 42 16 one
2320 4482 24 22 of
2368 4482 38 22 the

1847 4512 88 24 faddist
1945 4519 111 16 measures
2065 4519 52 16 now
2126 4519 24 16 so
2166 4510 127 31 frequently
2307 4511 99 30 brought

1848 4543 76 22 before
1934 4542 39 23 the
1983 4541 85 28 House,
2079 4541 45 23 and
2134 4542 131 22 announced
2283 4541 35 23 his
2333 4541 60 23 inten-

1847 4573 49 23 tion
1906 4573 23 22 of
1945 4573 80 29 voting
2034 4571 90 30 against
2133 4571 94 24 itMr
2237 4571 27 23 R.
2277 4571 128 29 Thompson

1847 4602 100 30 thought
1966 4602 52 23 that
2032 4602 40 23 the
2087 4601 46 24 Bill
2151 4601 81 23 should
2250 4601 66 21 make
2331 4601 75 21 better

1847 4633 114 30 provision
1971 4632 36 23 for
2016 4632 136 35 preventing
2161 4631 55 29 boys
2232 4630 57 23 from
2299 4629 107 30 loitering

1846 4663 71 23 about
1927 4665 39 20 the
1975 4665 83 19 streets
2068 4663 25 21 at
2103 4662 71 28 night,
2187 4661 44 23 and
2240 4659 119 32 expressed
2370 4660 35 23 his

1847 4693 91 29 opinion
1962 4692 52 22 that
2034 4691 39 23 the
2097 4698 86 21 powers
2201 4693 66 28 given
2286 4693 24 21 to
2329 4697 77 23 young

1846 4721 128 24 constables
1984 4728 58 16 were
2059 4723 39 21 too
2114 4724 71 27 great.
2221 4721 27 24 In
2265 4721 137 27 committee,

1847 4753 111 25 however,
1968 4752 39 23 the
2017 4751 44 24 Bill
2070 4751 66 23 could
2147 4751 27 23 be
2181 4752 64 23 made
2253 4752 48 23 into
2309 4759 13 15 a
2330 4751 74 22 useful

1847 4781 176 25 measure.Mr
2030 4781 77 23 Pirani
2117 4789 56 22 gave
2180 4782 38 22 the
2227 4782 100 23 Premier
2337 4780 67 23 much

1846 4812 71 24 credit
1938 4812 35 23 for
1992 4811 144 30 introducing
2159 4811 126 30 legislation
2308 4818 30 16 on
2357 4810 47 24 this

1846 4842 96 29 subject,
1953 4841 82 28 which,
2047 4842 28 23 he
2091 4841 132 29 contended,
2235 4849 46 16 was
2296 4841 107 31 urgently

1846 4872 110 31 required.
2002 4872 36 23 He
2058 4872 116 30 disagreed
2205 4873 56 23 with
2284 4872 40 23 the
2352 4879 38 23 sug-

1845 4903 88 30 gestion
1952 4905 25 20 to
1996 4902 64 22 leave
2079 4902 39 23 the
2137 4905 83 21 matter
2235 4906 25 20 to
2277 4903 39 22 the
2331 4903 56 21 muni-

1845 4934 59 30 cipal
1933 4932 143 28 authorities,
2101 4933 104 30 pointing
2230 4935 41 21 out
2299 4933 35 22 for
2360 4939 42 17 one

1846 4964 66 29 thing
1947 4963 40 23 the
2019 4963 105 28 question
2156 4964 24 21 of
2218 4969 102 23 expense.
2366 4962 36 23 He

1845 5000 53 21 was,
1919 4992 111 28 however,
2052 4992 98 23 inclined
2166 4995 24 20 to
2209 4992 66 24 think
2292 4992 51 23 that
2362 4992 40 23 the

1844 5023 45 25 Bill
1900 5025 61 22 went
1971 5025 38 21 too
2025 5022 43 28 far,
2086 5022 45 24 and
2147 5022 51 25 that
2211 5024 35 24 for
2255 5023 39 24 the
2310 5025 92 28 present

1844 5055 20 22 it
1873 5053 81 24 should
1970 5053 27 23 be
2016 5052 102 24 confined
2138 5055 24 21 to
2179 5053 95 31 keeping
2290 5053 57 30 boys
2355 5053 46 24 and

1844 5084 54 29 girls
1913 5083 32 23 off
1962 5084 40 21 the
2016 5085 83 20 streets
2115 5085 25 20 at
2156 5083 140 29 night.Mr
2313 5083 88 23 Button

1844 5114 47 22 also
1919 5112 174 30 complimented
2122 5112 40 23 the
2185 5113 98 24 Premier
2307 5120 29 16 on
2360 5113 41 23 the

1843 5143 53 28 Bill,
1926 5142 45 24 and
1995 5142 50 23 said
2068 5142 29 23 he
2125 5143 81 30 agreed
2234 5143 85 30 mainly
2343 5143 57 24 with

1844 5174 39 23 the
1901 5174 45 22 last
1960 5173 101 30 speaker.
2101 5172 36 24 He
2153 5173 97 32 thought
2268 5174 53 23 that
2339 5181 62 16 some

1843 5204 115 28 provision
1976 5203 82 22 should
2077 5203 47 22 also
2141 5203 27 22 be
2184 5205 64 22 made
2264 5207 24 20 to
2305 5208 96 24 prevent

1843 5232 69 24 knots
1921 5232 24 23 of
1959 5239 50 16 men
2020 5232 58 23 from
2087 5232 107 31 blocking
2203 5234 39 23 the
2251 5234 117 30 footpaths
2374 5236 26 21 at

1842 5262 132 33 night.ln
1985 5263 39 23 the
2038 5262 91 32 general
2138 5262 122 27 discussion
2275 5264 73 25 which
2359 5265 30 23 fol-

1842 5295 73 22 lowed
1930 5293 110 23 members
2059 5293 70 28 spoke
2147 5294 116 30 favorably
2279 5295 121 29 regarding

1842 5324 40 22 the
1898 5322 111 30 principle
2027 5323 24 22 of
2069 5321 41 23 the
2124 5321 52 29 Bill,
2187 5323 41 24 but
2243 5324 82 29 agreed
2341 5324 58 23 with

1842 5352 37 26 Mr
1896 5352 139 25 M'Gowan's
2051 5352 130 25 contention
2200 5354 51 25 that
2269 5361 14 17 a
2301 5352 98 26 mistake

1841 5393 47 17 was
1898 5384 64 25 made
1973 5385 23 23 in
2009 5384 40 24 the
2065 5385 130 30 suggestion
2209 5387 52 24 that
2277 5385 40 25 the
2326 5386 72 31 police

1840 5416 136 23 authorities
1985 5415 72 29 ought
2067 5417 25 20 to
2108 5414 28 23 be
2145 5415 96 30 charged
2256 5417 58 22 with
2323 5423 62 20 carry-

1840 5446 39 28 ing
1889 5448 41 19 out
1939 5445 31 22 its
1980 5444 210 29 provisions.The
2201 5446 104 22 Minister
2314 5446 24 21 of
2354 5444 29 23 De-

1840 5475 63 22 fence
1913 5473 94 28 pointed
2016 5476 42 19 out
2067 5473 52 22 that
2128 5474 54 29 only
2192 5476 127 21 committee
2325 5474 60 28 objec-

1840 5505 60 23 tions
1917 5503 45 25 had
1979 5503 56 24 been
2052 5502 74 25 raised
2141 5505 25 22 to
2185 5505 38 24 the
2240 5504 53 29 Bill,
2307 5504 46 24 and
2369 5503 28 23 he

1839 5535 111 22 admitted
1976 5534 53 23 that
2052 5533 107 30 ordinary
2177 5536 70 27 police
2271 5533 126 24 constables

1839 5564 73 33 ought
1925 5566 41 23 not
1986 5566 23 21 to
2028 5563 28 25 be
2075 5564 119 25 entrusted
2211 5564 57 26 with
2285 5563 111 26 offenders

1839 5596 71 24 under
1917 5596 39 24 the
1962 5595 52 24 Bill.
2018 5594 55 25 ln
2079 5594 110 31 replying,
2199 5598 38 23 the
2243 5595 100 25 Premier
2348 5593 49 25 said

1839 5627 28 23 he
1877 5634 47 16 was
1940 5625 120 32 agreeably
2068 5625 116 31 surprised
2200 5630 25 21 at
2241 5627 39 23 the
2294 5627 65 22 tones
2373 5624 24 23 of

1839 5658 40 24 the
1897 5657 89 25 debate.
2027 5657 36 23 He
2080 5656 44 24 had
2143 5657 108 30 expected
2274 5664 15 16 a
2306 5654 91 33 general

1839 5695 120 16 consensus
1974 5688 23 23 of
2012 5688 92 28 opinion
2122 5694 25 15 as
2164 5690 24 19 to
2203 5690 39 22 the
2252 5687 111 27 necessity
2373 5685 24 22 of

1839 5718 40 24 the
1888 5718 53 28 Bill,
1950 5717 43 24 but
2002 5717 28 23 he
2040 5716 45 24 had
2094 5716 77 24 feared
2181 5718 52 25 that
2239 5718 40 24 the
2286 5716 82 23 details
2374 5714 23 23 of

1839 5748 39 23 the
1884 5755 108 20 measure,
1999 5747 68 31 being
2076 5746 93 27 drastic,
2178 5748 73 23 would
2259 5747 57 23 have
2326 5745 36 24 led
2373 5747 24 19 to

1839 5779 30 26 its
1880 5779 65 34 beiug
1955 5777 103 28 blocked.
2089 5776 88 31 Special
2187 5778 121 37 policemen
2321 5773 75 30 would.

2439 181 28 23 be
2477 180 49 24 told
2536 180 33 23 off
2576 180 36 23 for
2628 180 41 23 the
2685 180 58 28 duty
2760 178 102 31 imposed
2880 178 72 23 under
2963 177 39 23 the

2440 212 51 23 Act.
2532 210 28 24 In
2577 210 130 24 committee
2725 211 28 22 he
2769 209 75 23 would
2862 213 79 25 accept
2957 214 46 23 any

2440 241 129 24 reasonable
2580 241 144 23 amendment
2735 240 34 23 for
2784 240 39 23 the
2839 240 164 29 improvement

2439 273 24 22 of
2473 272 39 23 the
2522 271 132 24 Bill.The
2669 270 81 24 second
2761 270 94 30 reading
2865 276 47 16 was
2922 267 81 31 agreed

2441 305 24 21 to
2475 309 28 17 on
2514 302 40 23 the
2563 301 81 23 voices.

2512 376 174 27 BANKING
2705 373 224 29 SIDELIGHTS.

2441 460 64 21 FiiOM
2514 463 45 16 the
2569 456 77 24 Star's*
2656 458 197 20 Parliamentary
2868 455 131 22 Reporter.

2630 511 203 24 WELLINGTON.
2844 511 92 23 August
2945 510 31 24 15.

2465 542 45 22 The
2520 542 94 32 printing
2627 541 22 22 of
2658 540 132 26 documents,
2801 541 91 23 returns,
2909 539 43 23 and
2961 538 31 23 evi-

2442 570 63 21 dence
2522 576 23 15 in
2562 569 111 21 connectin
2688 568 53 21 with
2755 568 38 21 the
2811 568 101 27 inquiries
2929 567 23 20 of
2966 567 37 20 the

2440 597 93 23 banking
2541 596 133 22 committees
2683 595 43 22 will
2735 601 64 22 prove
2808 601 13 16 a
2829 601 52 21 very
2891 594 112 28 expensive

2441 625 58 22 item.
2526 624 47 22 The
2586 624 67 22 whole
2670 623 23 22 of
2711 624 38 21 the
2765 623 79 22 annual
2862 624 81 26 reports
2961 621 42 24 and

2440 653 167 23 balance-sheets
2625 652 23 21 of
2665 651 38 22 the
2720 651 62 22 Bank
2799 652 23 20 ef
2839 651 53 22 New
2909 650 94 22 Zealand

2441 682 55 20 since
2514 681 29 21 its
2561 680 108 27 inception
2686 679 54 22 have
2757 679 54 22 been
2831 678 89 23 ordered
2937 680 23 20 to
2978 677 26 22 be

2441 707 85 28 printed
2543 707 22 21 in
2580 707 111 28 pamphlet
2705 707 63 25 form,
2783 706 43 22 and
2841 706 22 21 in
2872 706 53 21 view
2934 705 23 21 of
2966 705 38 21 the

2441 735 188 29 misleadingnot
2644 737 23 21 to
2682 740 37 18 use
2733 741 14 17 a
2757 735 95 28 stronger
2862 732 127 25 wordchar-

2440 766 58 20 acter
2512 765 23 20 of
2543 771 12 14 a
2570 764 88 21 number
2675 764 23 21 of
2714 764 37 21 the
2768 764 166 21 balance-sheets
2950 763 53 24 they

2441 791 76 22 should
2526 798 62 19 prove
2597 791 52 21 both
2659 791 125 26 interesting
2792 790 44 22 and
2844 789 132 22 instructive.

2465 818 45 22 The
2528 818 107 27 following
2648 824 36 17 are
2702 817 36 23 the
2754 817 102 23 transfers
2869 817 23 22 ef
2905 816 61 23 Bank
2981 815 23 23 of

2440 847 53 23 Now
2501 846 93 23 Zealand
2608 847 71 22 shares
2693 846 62 23 made
2769 846 56 23 since
2841 845 38 23 the
2893 844 110 28 beginning

2440 876 23 21 of
2477 875 56 22 1893.
2566 876 62 21 Some
2646 875 23 22 of
2682 875 38 22 the
2735 881 57 16 mere
2809 876 71 20 recent
2901 874 102 21 transfers

2441 903 57 22 show
2507 904 57 21 what
2573 903 57 21 little
2644 903 62 21 va'ae
2719 903 37 21 the
2771 902 115 24 transferor
2895 901 72 27 placed
2976 907 27 14 on

2441 931 33 21 his
2488 930 78 22 shares.
2594 930 51 21 This
2662 930 63 22 much
2742 930 23 21 of
2780 930 37 21 the
2830 931 74 20 return
2917 928 44 21 will
2978 927 25 22 be

2441 958 47 20 well
2497 957 67 21 worth
2574 957 101 26 studying
2684 965 32 13 :

2466 1408 46 21 The
2527 1408 90 21 asterisk
2630 1407 91 27 signifies
2735 1407 48 22 that
2796 1407 33 20 Mr
2844 1406 22 21 J.
2882 1405 70 27 Ryley
2963 1410 41 16 wa3

2442 1434 37 21 the
2488 1434 123 21 transferee.

2467 1461 96 21 Another
2572 1463 73 20 return
2659 1461 56 27 gives
2729 1460 125 27 particulars
2863 1459 22 21 of
2898 1459 37 21 the
2945 1458 48 22 Colo-

2442 1488 43 22 nial
2495 1488 60 22 Bank
2564 1488 77 22 landed
2651 1490 99 26 property
2759 1487 42 22 and
2816 1487 105 27 premise?,
2932 1485 41 22 and
2984 1485 21 21 in

2442 1522 65 20 many
2515 1516 106 21 instances
2637 1516 42 20 this
2695 1516 67 20 shows
2778 1515 49 20 that
2839 1516 38 19 not
2886 1520 57 15 more
2952 1513 53 21 than

2442 1543 24 27 lj
2477 1549 35 21 per
2521 1543 55 20 cent,
2588 1549 36 20 per
2632 1548 79 15 annum
2721 1542 17 21 is
2753 1542 62 26 being
2823 1540 100 22 returned
2932 1546 27 14 on
2969 1540 37 20 the

2442 1576 75 20 money
2528 1569 55 28 paid.
2611 1570 45 21 The
2672 1570 114 26 properties
2800 1568 45 22 sold
2861 1568 27 27 by
2898 1568 38 20 the
2945 1567 61 21 Bank

2442 1598 23 21 of
2474 1598 52 21 New
2535 1596 92 23 Zealand
2637 1597 56 20 since
2702 1598 55 19 their
2766 1597 143 25 acquirement
2917 1601 36 15 are
2962 1602 31 13 :

2467 1869 46 20 The
2521 1868 54 20 book
2584 1868 62 20 value
2655 1867 22 20 of
2691 1867 30 20 all
2738 1867 37 19 the
2785 1865 115 25 properties
2909 1863 98 27 acquired

2442 1896 18 21 is
2478 1894 105 26 125,379
2601 1894 35 21 15a
2653 1893 33 22 21.
2721 1893 45 21 The
2783 1891 150 22 Christchurch
2952 1890 55 21 bank

2442 1923 106 50 firemises,
2565 1922 68 22 which
2651 1928 53 16 were
2722 1919 76 24 valued
2815 1920 24 22 at
2856 1918 99 27 12,953,
2971 1924 36 16 are

2451 1951 50 27 jing
2510 1951 49 26 idle,
2569 1950 43 23 and
2622 1949 45 23 BO
2681 1949 41 22 odd
2736 1949 18 21 is
2767 1949 62 26 being
2837 1947 49 28 paid
2895 1946 74 29 yearly
2979 1946 28 27 by

2442 1986 47 20 way
2499 1979 23 21 of
2531 1980 63 20 rates.
2615 1978 45 21 The
2668 1977 100 21 Dunediu
2776 1976 101 27 premises
2882 1982 54 14 were
2943 1974 64 21 taken

2442 2013 49 15 over
2498 2008 23 19 at
2530 2013 13 14 a
2552 2005 109 22 valuation
2676 2004 23 21 of
2708 2003 98 26 36,928.
2834 2003 36 21 All
2887 2003 48 20 that
2950 2002 18 20 is
2976 2008 21 14 re-

2444 2033 77 22 turned
2536 2032 28 27 by
2575 2039 45 19 way
2630 2031 23 22 of
2668 2031 81 22 income
2764 2031 34 20 for
2811 2031 58 20 rents
2878 2029 18 21 is
2905 2028 57 23 962
2971 2035 36 20 per

2442 2067 86 19 annum,
2539 2060 63 21 while
2611 2058 57 23 376
2678 2058 35 23 13a
2722 2059 18 20 is
2749 2057 100 22 absorbed
2859 2056 27 28 by
2896 2058 63 20 rates.

2468 2088 30 22 Aa
2512 2090 24 19 to
2552 2087 94 27 writings
2662 2086 30 21 off
2707 2086 22 21 in
2744 2085 90 23 1895-96,
2846 2085 38 20 the
2898 2083 109 26 following

2442 2115 125 34 particulars
2584 2121 36 15 arc
2641 2113 104 28 supplied,
2768 2112 97 26 shillings
2882 2111 43 22 and
2942 2118 65 20 pence

2442 2144 62 26 being
2513 2142 89 23 omitted
2611 2149 33 16 :

2597 2175 106 20 Written
2716 2174 43 21 Off
2771 2173 81 22 1895-96.

2443 2200 81 25 Capital
2914 2196 94 24 900,000

2444 2225 88 21 Reserve
2540 2223 85 23 fund...
2695 2239 20 4 ...
2785 2238 19 5 ...
2874 2237 20 5 ...
2947 2222 61 23 I;>,oi>o

2443 2250 51 22 Call,
2503 2249 51 24 1895,
2564 2246 91 24 received
2664 2250 21 18 to
2695 2247 46 21 13th
2749 2247 56 24 July,
2815 2246 44 22 1896
2874 2262 19 5 ...
2933 2245 75 24 441,808

2443 2274 74 21 Profits
2956 2270 50 25 7,031

2443 2299 75 21 Profits
2815 2295 81 25 49,470

2444 2323 47 21 And
2501 2324 52 19 from
2561 2328 97 18 su-peuse
2666 2323 86 19 account
2784 2336 20 5 ...
2843 2321 53 23 4,723

2943 2342 65 26 54,193

2443 2371 86 23 General
2538 2372 136 24 contingency
2681 2371 87 20 account
2784 2386 20 5 ...
2874 2385 19 5 ...
2944 2368 60 25 62.451

2444 2398 90 20 Interest
2542 2403 96 19 suspense
2646 2397 87 20 account
2785 2412 18 3 ...
2874 2411 19 4 ...
2955 2394 53 23 3,720

2444 2422 120 19 Recoveries
2604 2436 19 5 ...
2694 2436 20 3 ...
2783 2435 21 4 ...
2874 2434 19 5 ...
2974 2419 34 19 105

2444 2444 144 21 Consolidated
2597 2444 112 24 properties
2717 2445 87 19 account
2882 2458 13 4 ..
2985 2441 23 21 41

2444 2468 103 22 Reserved
2555 2469 61 24 profit
2625 2467 86 23 account
2788 2483 19 4 ...
2878 2483 18 4 ...
2943 2466 65 24 17,968

2444 2494 44 22 Bad
2496 2493 50 23 debt
2555 2499 96 19 suspense
2659 2493 87 22 account
2974 2490 33 21 204

2896 2540 111 24 1,531,951

2674 2572 101 21 AITMEP.

2444 2598 51 24 Call,
2514 2598 51 24 1895,
2585 2598 21 21 to
2625 2597 82 20 Estates
2725 2597 44 20 Com-

2466 2629 54 17 pany
2529 2622 58 20 share
2595 2623 88 19 account
2795 2620 93 25 X441,20tj

2444 2646 64 21 Share
2516 2646 76 23 capital
2600 2648 22 18 to
2631 2646 82 20 Estates
2725 2645 43 21 Com-

2465 2676 55 19 pany
2528 2671 59 19 share
2595 2671 87 20 account
2813 2668 75 24 323,100

2444 2719 28 19 To
2488 2719 81 20 Estates
2585 2718 104 24 Company
2705 2718 67 19 contin-

2465 2748 64 19 gency
2538 2742 52 21 fund
2813 2739 75 26 171,136

2444 2766 44 22 Pad
2496 2768 59 20 debts
2564 2767 83 20 written
2656 2766 28 21 off
2811 2765 76 24 542,316

2444 2792 95 24 Further,
2549 2792 31 20 for
2589 2791 78 24 March,
2676 2791 45 22 1896
2761 2807 20 5 ...
2823 2790 65 23 54,193

2895 2862 109 24 1,531,951

2468 2895 46 21 The
2527 2895 50 26 only
2592 2894 83 26 general
2691 2893 137 21 information
2840 2899 23 15 as
2879 2893 23 20 to
2912 2892 94 25 writings

2443 2922 30 22 off
2486 2922 49 22 that
2543 2921 38 22 the
2595 2921 103 22 directors
2707 2920 41 22 felt
2762 2920 95 27 justified
2867 2920 17 22 is
2893 2918 111 23 contained

2444 2950 21 22 in
2474 2949 38 23 tlio
2521 2949 107 27 following
2636 2957 32 15 :

2594 2981 113 22 Writikus
2716 2984 48 22 On,
2775 2981 80 22 1888-96.

2443 3007 58 20 Total
2511 3007 92 24 writings
2611 3007 28 20 off
2895 3003 111 26 3,095,709

2443 3031 43 21 The
2505 3032 80 19 various
2609 3032 97 19 accounts
2729 3036 39 14 com-

2466 3055 67 25 prised
2553 3055 20 21 in
2590 3055 37 20 the
2642 3054 139 21 consolidated

2466 3080 111 24 properties
2608 3080 87 19 account
2722 3085 58 17 were,

2466 3104 55 24 prior
2540 3105 22 19 to
2584 3104 36 20 the
2644 3104 42 19 sale
2705 3104 22 19 to
2747 3103 35 20 the

2467 3128 81 21 Estates
2567 3127 110 25 Company,
2699 3127 83 21 written

2466 3153 60 21 down
2535 3153 21 20 in
2564 3153 75 21 18*9-90
2648 3153 26 22 by
2695 3168 19 4 ...
2776 3150 110 27 1,195,231

2444 3177 89 20 Further
2539 3177 92 23 writings
2637 3177 28 19 oft'
2672 3177 49 19 took
2726 3177 56 23 place

2466 3201 22 21 in
2496 3202 75 20 1895-96
2578 3201 22 20 in
2608 3201 36 21 the
2652 3200 62 25 sliapc
2722 3201 21 20 of
2754 3207 19 14 re-

2466 3221 84 25 duction
2569 3226 23 20 of
2620 3225 81 20 Estates
2725 3225 43 20 Com-

2466 3250 69 26 pany's
2540 3250 57 19 share
2602 3249 81 24 capital,
2688 3255 19 14 ai
2710 3255 53 14 noun
2767 3250 8 19 t-

2466 3268 65 31 fugto
2812 3272 75 25 764,306

2488 3323 59 20 Total
2895 3321 111 23 1,959,537

2445 3370 89 26 Leaving
2549 3370 84 22 balance
2655 3370 83 21 written
2754 3370 29 21 off

2465 3396 60 21 other
2533 3396 96 21 accounts
2895 3394 111 24 1,136,262

2443 3426 29 22 Of
2481 3427 68 20 which
2559 3426 106 25 171,136
2673 3426 45 21 still
2728 3426 90 21 remains
2829 3427 22 19 to
2860 3424 68 22 credit
2936 3424 23 21 of
2968 3424 37 21 the

2443 3455 138 24 contingency
2591 3453 62 22 fund.

2520 3520 107 28 NEWS
2646 3520 103 28 FROM
2767 3519 156 28 NANSEN.

2580 3607 68 26 THE
2664 3607 109 26 PARTY
2789 3605 87 27 SAFE.

2443 3671 68 27 THE
2527 3671 116 27 NORTH
2661 3671 81 26 POLE
2758 3668 93 28 STILL
2861 3667 139 28 UNSEEN.

2554 3735 61 30 [Per
2629 3734 74 25 Press
2717 3733 175 29 Association.]

2662 3793 143 28 LONDON.
2821 3793 103 25 August
2938 3793 32 25 11.

2473 3828 35 26 Dr
2518 3828 105 32 Nausea,
2635 3828 42 26 the
2694 3827 68 26 Polar
2778 3826 111 34 explorer,
2909 3828 43 23 has
2967 3833 22 17 re-

2442 3861 86 27 turned
2542 3865 25 22 to
2583 3861 86 27 Vardo.

2472 3895 38 24 He
2540 3894 129 26 succeeded
2698 3895 24 24 in
2757 3893 110 31 reaching
2898 3891 102 25 latitude

2441 3927 74 32 86deg
2538 3927 78 25 14min
2639 3926 37 29 N.,
2695 3926 76 25 which
2792 3926 21 24 is
2831 3925 53 24 four
2903 3924 97 31 degrees

2441 3959 93 26 further
2550 3959 72 25 north
2641 3959 60 24 than
2719 3966 48 25 any
2777 3957 111 34 previous
2905 3955 81 33 expedi-

2441 3993 50 24 tion
2503 3992 44 25 has
2558 3991 140 39 penetrated
2709 3994 31 22 to.

2471 4025 46 26 His
2528 4025 60 34 ship,
2601 4025 41 26 the
2655 4025 76 30 Fram,
2748 4032 49 17 was
2817 4022 140 27 abandoned
2976 4021 24 26 in

2440 4059 41 24 the
2501 4061 101 22 autumn
2625 4059 27 23 of
2670 4058 46 24 last
2736 4065 64 24 year,
2821 4056 47 24 and
2880 4056 41 24 the
2940 4064 59 16 crow

2439 4089 113 26 wintered
2568 4091 24 23 in
2603 4089 76 26 Franz
2688 4090 70 24 Josef
2766 4088 73 25 Land.

2468 4122 74 26 Their
2552 4122 54 26 food
2623 4131 47 16 was
2686 4120 75 27 bears'
2780 4120 59 26 flesh
2859 4120 48 26 and
2926 4119 74 26 whale

2439 4155 106 26 blubber.

2468 4188 51 25 The
2535 4190 104 30 attempt
2656 4191 26 21 to
2698 4187 58 25 drift
2775 4195 79 17 across
2865 4187 42 24 the
2918 4187 80 31 region

2438 4221 26 25 of
2477 4220 42 26 the
2530 4220 79 26 North
2622 4220 55 25 Pole
2687 4219 79 26 failed.

2468 4254 98 26 Nanseu
2580 4253 21 26 is
2611 4253 94 32 coining
2724 4252 70 27 home
2806 4252 23 26 in
2841 4252 42 26 the
2894 4255 103 22 steamer

2437 4287 146 30 Windward,
2609 4286 127 33 belonging
2764 4288 24 23 to
2815 4286 41 25 tho
2881 4286 106 25 Jackson

2439 4319 166 27 Haruisworth
2622 4319 69 26 Polar
2702 4319 142 33 expedition.

2658 4363 142 29 LONDON,
2816 4363 103 25 August
2933 4364 34 24 15.

2467 4397 35 28 Dr
2512 4397 98 28 Nanseu
2622 4406 48 18 was
2681 4400 25 23 at
2717 4396 91 27 Oleuek
2821 4396 72 26 River
2903 4396 24 26 in
2940 4397 43 32 Sep-

2436 4432 98 31 tember,
2547 4434 65 23 1893.
2651 4432 38 25 lie
2700 4440 48 16 was
2766 4430 87 26 uuable
2872 4433 25 23 to
2916 4430 81 26 obtain

2436 4473 64 16 more
2515 4465 65 31 dogs,
2600 4464 47 25 and
2669 4464 87 25 drifted
2778 4463 147 25 north-west.
2959 4463 38 24 He

2435 4505 48 17 was
2495 4496 114 26 icebound
2622 4496 62 25 until
2696 4496 83 25 March
2794 4497 33 30 14,
2841 4497 64 24 1895.

2465 4529 77 25 When
2561 4529 31 24 he
2609 4529 44 24 left
2672 4529 37 23 his
2721 4529 81 28 vessel,
2815 4529 41 23 the
2875 4529 77 28 Fram,
2964 4528 32 24 all

2435 4569 60 17 were
2516 4561 24 25 in
2561 4561 116 24 excellent
2698 4560 89 30 health,
2808 4560 45 24 but
2871 4560 41 24 the
2933 4560 51 24 ther-

2435 4596 115 20 mometer
2561 4593 127 30 registered
2704 4592 91 24 several
2810 4592 97 30 degrees
2923 4592 61 23 below-

2434 4632 58 17 zero.
2524 4624 67 32 They
2609 4623 113 25 obtained
2743 4623 61 32 light
2823 4623 31 28 by
2872 4630 82 16 means
2971 4623 26 23 of

2434 4657 137 33 electricity,
2583 4656 42 26 the
2635 4664 79 24 power
2729 4656 37 25 for
2776 4654 77 27 which
2863 4663 49 18 was
2927 4663 54 25 gene-

2434 4691 66 24 rated
2512 4690 31 32 by
2554 4698 14 16 a
2578 4688 122 32 windmill,
2710 4689 75 25 which
2796 4697 59 24 gave
2865 4688 131 26 admirable

2434 4723 92 26 results.

2465 4763 34 24 Dr
2510 4762 97 25 Nanseu
2619 4770 55 24 says
2684 4761 55 26 that
2749 4762 42 24 the
2810 4761 71 25 Fram
2893 4761 100 25 resisted

2432 4801 127 19 enormous
2569 4802 115 25 pressure.

2463 4828 35 24 Dr
2508 4828 98 25 Nanseu
2617 4827 48 26 and
2675 4827 122 26 Jolianseu
2808 4827 92 26 started
2912 4826 68 27 north-

2432 4861 64 25 ward
2528 4861 57 25 with
2619 4861 180 33 twenty-eight
2829 4860 66 33 dogs,
2926 4861 68 24 three

2432 4894 97 33 sledges,
2540 4895 47 24 and
2599 4897 47 22 two
2664 4903 92 22 canoes,
2767 4894 48 25 and
2832 4895 62 23 after
2905 4893 73 25 travel-

2431 4926 50 33 ling
2491 4936 80 16 across
2581 4927 74 33 rough
2667 4928 35 24 ice
2713 4926 100 26 reached
2824 4926 42 26 the
2876 4926 83 33 degree
2968 4926 27 25 of

2431 4962 67 22 80.14
2509 4969 31 16 on
2551 4961 70 31 April
2630 4963 19 22 7.
2682 4960 77 25 There
2769 4969 48 15 was
2829 4960 57 24 then
2898 4968 31 15 no
2940 4959 51 31 sign

2431 4992 27 25 of
2472 4992 56 26 laud
2545 5001 27 17 or
2582 5001 47 22 sea,
2641 4992 45 26 but
2703 4992 89 33 merely
2803 4991 142 26 hummocks
2961 4999 29 16 on

2431 5025 41 26 the
2482 5026 96 25 horizon
2590 5025 143 34 resembling
2742 5026 80 24 frozen
2832 5024 118 26 breakers.

2461 5060 84 31 Owing
2565 5063 26 21 to
2611 5059 42 25 the
2674 5059 122 24 shortness
2814 5058 27 25 of
2860 5058 59 32 dogs
2934 5057 58 31 they

2430 5091 91 25 started
2548 5092 36 24 for
2611 5091 75 25 Frauz
2710 5090 70 25 Josef
2803 5090 74 24 Land.
2919 5090 73 23 Their

2430 5123 104 26 watches
2545 5123 47 26 had
2603 5122 108 33 stopped,
2721 5121 48 26 and
2788 5121 37 25 for
2840 5121 77 26 weeks
2933 5121 57 32 they

2430 5164 60 18 were
2501 5157 102 25 without
2614 5155 133 32 reckoning.
2789 5153 67 33 They
2867 5154 123 32 gradually

2429 5189 72 26 killed
2523 5189 32 25 all
2576 5189 42 25 the
2637 5188 58 31 dogs
2715 5188 37 25 for
2772 5189 149 28 sustenance,
2942 5187 47 24 and

2429 5222 99 24 reached
2540 5221 121 25 Northern
2679 5220 75 23 Frauz
2769 5219 90 31 Joseph
2876 5219 66 24 Laud
2959 5226 29 17 on

2429 5254 96 34 August
2536 5256 35 29 26,
2583 5253 48 27 and
2648 5250 120 29 remained
2780 5250 66 27 there
2858 5251 63 26 until
2933 5251 56 33 May

2430 5290 35 29 19,
2477 5288 68 24 when
2555 5288 58 30 they
2623 5285 92 26 started
2724 5284 36 26 for
2769 5284 154 32 Spitzbergeu
2930 5285 58 24 with

2428 5320 42 24 the
2480 5319 91 30 sledges
2581 5317 48 25 and
2639 5324 91 17 canoes.

2458 5350 41 27 All
2515 5350 42 27 the
2575 5351 71 33 party
2656 5355 59 21 were
2732 5347 25 26 iu
2773 5347 120 29 excellent,
2898 5347 89 32 health,

2427 5385 48 26 and
2496 5385 25 26 in
2542 5384 125 32 travelling
2687 5381 105 34 casually
2809 5384 49 23 met
2874 5381 58 27 with
2949 5382 38 26 Mr

2427 5418 104 24 Jackson
2542 5425 31 16 on
2584 5417 41 24 the
2635 5417 36 23 ice
2681 5423 31 16 on
2728 5415 64 24 June
2805 5416 34 28 17,
2855 5422 57 17 near
2923 5416 63 30 Cape

2427 5450 75 23 Flora.
2535 5449 67 30 They
2612 5446 120 26 remaiued
2744 5446 24 24 in
2779 5446 125 25 Jackson's
2914 5455 56 22 quar-

2427 5481 55 23 ter's
2493 5479 61 25 until
2566 5479 42 25 the
2618 5477 157 26 Windward's
2785 5477 93 25 arrival.

2456 5514 74 24 Great
2538 5511 115 26 scientific
2663 5510 87 25 results
2758 5519 40 16 are
2806 5510 145 33 anticipated
2959 5519 26 16 as

2426 5545 41 25 the
2483 5544 75 27 result
2576 5544 26 24 of
2618 5544 49 24 this
2684 5543 55 32 trip,
2750 5543 47 24 and
2813 5542 42 25 the
2870 5543 80 24 leader
2964 5544 21 23 is

2425 5578 120 26 confident
2555 5577 54 26 that
2620 5576 42 26 the
2671 5584 60 17 crew
2741 5584 41 17 are
2792 5575 55 26 safe.

2456 5612 51 24 The
2517 5610 96 26 Walrus
2620 5618 49 16 was
2675 5609 105 25 wrecked
2789 5609 24 24 in
2822 5609 41 25 the
2870 5609 113 25 northern

2425 5644 99 34 regions.
2564 5643 34 26 Dr
2614 5642 117 26 Nanseu's
2747 5650 78 23 canoe,
2844 5644 45 29 too,
2907 5641 47 26 had
2969 5650 15 17 a

2425 5686 92 16 narrow
2526 5684 89 24 escape.

2456 5710 35 24 Dr
2508 5709 98 25 Nanson
2625 5709 89 24 asserts
2731 5707 54 26 that
2801 5706 20 25 if
2835 5706 30 25 he
2879 5706 46 25 had
2936 5706 47 26 had

2425 5742 118 27 sufficient
2552 5741 59 33 dogs
2621 5740 30 30 he
2669 5739 76 29 would,
2762 5739 60 28 have
2832 5738 99 33 reached
2942 5742 41 26 tue

2426 5774 61 32 We.

3078 177 201 26 ADVANCES
3298 178 44 26 TO
3361 178 182 29 SETTLERS.

3032 245 73 28 [From
3114 250 45 17 the
3169 245 77 23 Stars
3254 246 192 22 Parliamentary
3457 248 135 27 Reporter.]

3183 299 218 28 WELLINGTON,
3417 301 97 23 August
3530 302 31 23 14.

3060 330 48 25 The
3132 330 60 25 Hon.
3218 330 62 25 John
3305 330 122 23 M'Kenzie
3453 332 80 23 moved
3552 332 40 23 the

3032 362 81 23 second
3124 362 94 29 reading
3227 362 24 22 of
3265 361 39 23 the
3314 361 154 23 Government
3474 362 119 23 Advances

3033 396 23 20 to
3072 392 96 24 Settlers
3185 392 46 24 Act
3241 391 153 24 Amendment
3410 391 52 24 Bill.
3493 391 37 23 He
3544 391 49 23 said

3032 424 52 23 that
3103 424 21 23 it
3143 431 45 16 was
3207 426 41 20 not
3267 430 118 22 necessary
3401 425 24 20 to
3440 430 28 22 go
3486 423 49 22 into
3556 422 37 23 the

3032 454 75 29 policy
3117 454 24 21 of
3157 454 47 21 this
3214 454 53 26 Act,
3279 460 25 14 as
3314 453 52 22 that
3375 452 45 22 had
3436 452 92 28 already
3538 452 56 21 been

3032 483 94 24 decided
3137 482 30 31 by
3178 482 39 24 the
3227 482 85 28 House,
3321 482 45 23 and
3383 482 39 24 the
3437 481 96 24 benefits
3543 488 38 16 con-

3032 514 75 25 ferred
3117 522 29 16 on
3157 513 39 25 the
3213 513 80 31 colony
3304 515 29 29 by
3345 513 38 24 the
3399 515 85 29 system
3495 519 59 18 were
3568 519 25 16 so

3032 546 51 23 well
3093 545 83 24 known
3187 545 52 23 that
3249 545 20 22 it
3278 552 46 16 was
3334 551 150 23 unnecessary
3495 546 24 21 to
3535 543 60 24 refer

3033 579 23 20 to
3074 576 40 23 the
3130 576 47 22 Act
3192 575 96 23 further.
3320 574 147 29 Experience,
3479 574 112 27 however,

3032 605 44 25 had
3086 606 78 24 shown
3175 605 53 24 that
3237 612 61 16 some
3314 604 156 24 amendments
3485 611 59 17 were
3559 611 22 16 re-

3031 637 81 31 quired
3123 638 22 23 in
3156 637 40 23 the
3206 637 53 28 Act,
3270 636 46 23 and
3333 636 53 24 that
3403 642 47 17 was
3465 635 40 24 the
3514 642 79 17 reason

3032 668 52 31 why
3100 668 39 23 the
3158 670 92 28 present
3269 666 45 24 Bill
3333 673 47 16 was
3399 666 99 30 brought
3516 666 72 23 down.

3031 699 48 22 One
3089 698 111 29 proposed
3210 697 145 22 amendment
3364 704 47 14 was
3422 698 50 21 that
3483 696 110 22 advances

3032 729 73 31 might
3116 728 27 24 be
3153 727 65 25 made
3235 735 29 16 on
3281 726 101 25 freehold
3393 726 64 25 lands
3467 726 35 25 for
3511 734 14 17 a
3535 729 57 22 term

3031 761 24 23 of
3074 765 38 18 ten
3123 767 71 21 years.
3226 760 48 23 The
3283 760 92 23 settlers
3389 759 75 23 would
3474 759 54 29 only
3536 758 57 23 have

3032 794 24 20 to
3066 797 44 22 pay
3121 792 14 20 5
3149 797 40 22 per
3204 792 59 20 cent,
3276 790 103 25 interest,
3390 789 46 22 and
3450 789 74 23 would
3535 789 58 22 have

3032 821 40 24 the
3095 820 79 31 option
3197 819 24 24 of
3238 819 85 32 paying
3342 819 33 23 oil
3390 819 60 24 their
3465 821 128 29 mortgages

3032 856 24 20 at
3076 859 44 23 any
3144 851 62 24 time.
3251 851 105 24 Another
3381 850 145 25 amendment
3547 857 46 17 was

3032 884 52 23 that
3107 882 115 24 suburban
3245 882 65 23 lands
3330 882 76 23 would
3432 882 28 23 be
3486 880 105 25 included

3031 914 24 22 in
3074 913 41 23 the
3133 913 118 23 securities
3270 920 29 16 on
3321 913 74 22 which
3417 919 81 22 money
3520 912 73 29 might

3032 945 23 20 in
3079 943 77 22 future
3189 943 27 22 be
3244 943 123 22 borrowed.
3413 942 24 22 It
3465 949 46 15 was
3542 948 37 23 pro-

3031 972 68 32 posed
3135 972 72 23 under
3241 972 40 24 the
3318 971 45 24 Bill
3399 974 24 21 to
3458 972 58 23 raise
3550 971 40 23 the

3031 1004 60 24 limit
3110 1004 23 24 of
3150 1004 63 24 loans
3229 1003 59 25 from
3307 1004 82 29 2,300
3413 1006 24 21 to
3462 1003 89 29 4,000,
3568 1010 24 16 as

3031 1036 39 22 the
3081 1035 68 23 lower
3158 1035 60 23 limit
3234 1035 124 29 compelled
3375 1042 14 14 a
3405 1035 86 22 certain
3502 1035 55 21 class
3568 1036 24 20 to

3030 1073 30 24 go
3079 1068 24 21 to
3120 1065 39 23 the
3174 1065 89 30 private
3279 1064 78 24 lender
3371 1065 35 23 for
3426 1071 86 23 money.
3544 1063 48 24 The

3031 1098 154 21 Government
3194 1095 66 23 could
3275 1099 41 19 not
3330 1103 66 21 agree
3406 1098 24 19 to
3440 1095 39 23 the
3490 1094 102 29 proposal

3033 1130 23 18 to
3081 1125 108 23 establish
3213 1125 57 23 local
3290 1124 81 23 boards
3390 1131 25 16 as
3439 1124 52 22 well
3509 1131 25 15 as
3554 1123 39 23 the

3032 1155 90 30 general
3139 1155 77 23 board.
3256 1155 48 23 The
3321 1155 106 22 Minister
3441 1158 62 18 went
3521 1160 28 16 on
3570 1155 24 20 to

3032 1192 40 22 say
3088 1185 52 22 that
3156 1184 40 22 the
3213 1184 145 29 department
3375 1190 46 16 was
3435 1183 93 29 making
3538 1189 54 22 very

3032 1214 145 30 satisfactory
3187 1220 103 28 progress
3305 1213 56 22 with
3378 1213 112 22 advances
3500 1215 24 20 to
3534 1212 58 23 bona

3032 1244 44 24 fide
3085 1244 98 29 settlers,
3196 1242 44 25 and
3251 1244 39 23 the
3300 1244 117 23 securities
3426 1242 94 31 offering
3535 1249 57 16 were

3031 1275 80 30 ample.
3143 1274 36 24 He
3189 1275 84 30 quoted
3283 1274 82 31 figures
3376 1277 23 21 to
3413 1274 63 23 show
3486 1273 39 24 the
3533 1275 59 21 state

3032 1306 23 22 of
3065 1306 40 22 the
3115 1305 152 29 department,
3279 1305 45 22 and
3334 1305 49 22 said
3394 1305 52 22 that
3456 1303 82 28 during
3549 1303 44 23 last

3032 1342 54 22 year
3105 1335 63 22 loans
3188 1338 24 19 to
3232 1334 39 23 the
3290 1336 80 21 extent
3389 1334 23 22 of
3436 1333 112 26 143,000
3568 1333 23 22 in

3032 1371 77 17 excess
3131 1364 24 23 of
3178 1364 40 24 the
3233 1371 81 23 money
3338 1363 110 23 available
3472 1362 45 23 had
3537 1362 55 23 been

3033 1395 90 30 applied
3140 1395 42 23 for.
3213 1395 85 30 Things
3316 1402 58 16 were
3389 1401 50 16 now
3450 1393 76 23 better
3537 1392 55 24 thau

3034 1427 54 27 they
3105 1432 58 15 were
3180 1432 28 15 on
3227 1427 50 20 31st
3296 1425 80 22 March
3396 1425 52 25 last,
3469 1423 66 21 when
3554 1423 39 21 the

3033 1454 166 23 balance-sheet
3218 1454 23 23 of
3258 1454 40 23 the
3313 1454 145 29 department
3473 1459 46 15 was
3529 1452 65 22 made

3034 1492 36 23 up.
3102 1484 48 24 The
3159 1493 50 14 sum
3219 1484 24 23 of
3258 1485 111 27 700,000
3384 1491 47 16 was
3441 1489 50 16 now
3501 1482 93 30 earning

3034 1515 95 23 interest
3139 1518 25 19 at
3175 1516 38 22 the
3223 1518 49 20 rate
3290 1515 22 22 of
3328 1517 12 20 3
3356 1522 40 21 per
3406 1516 58 20 cent,
3477 1512 44 23 and
3535 1513 8 21 1
3556 1520 39 21 per

3034 1547 58 20 cent,
3112 1545 91 29 sinking
3220 1545 75 22 funds.
3333 1543 47 24 The
3396 1550 50 16 sum
3457 1543 23 22 of
3499 1543 96 26 57,000

3035 1574 74 24 would
3124 1574 28 24 be
3168 1574 110 24 available
3295 1574 46 23 this
3359 1581 54 23 year
3433 1574 34 21 for
3487 1574 39 21 the
3542 1579 39 23 pay-

3034 1607 62 21 ment
3107 1606 22 22 of
3140 1606 103 26 interest,
3260 1606 100 21 whereas
3375 1604 54 29 only
3439 1603 96 27 4,1,000
3550 1609 46 16 was

3035 1635 111 30 required,
3167 1635 53 29 and,
3241 1635 106 30 allowing
3370 1634 36 23 for
3429 1633 167 30 departmental

3034 1674 116 22 expenses,
3175 1667 20 22 it
3219 1674 46 15 was
3284 1665 121 23 estimated
3425 1664 52 23 that
3501 1663 39 23 the
3559 1663 24 23 de-

3035 1698 115 28 partment
3174 1696 75 22 would
3280 1696 62 22 show
3366 1703 14 14 a
3408 1694 73 23 credit
3505 1694 91 22 balance

3034 1731 25 17 at
3069 1726 40 22 the
3119 1726 44 22 end
3173 1726 23 22 of
3206 1726 39 23 the
3260 1728 91 20 current
3368 1732 55 23 year
3439 1724 24 23 of
3478 1724 88 28 4,100.

3036 1755 36 23 Sir
3091 1757 27 21 R.
3141 1756 69 22 Stout
3229 1763 46 15 was
3294 1755 53 30 glad
3367 1759 24 18 to
3415 1754 47 22 find
3488 1754 50 22 that
3557 1754 39 22 the

3035 1785 154 23 Government
3196 1792 57 16 were
3263 1786 68 28 going
3339 1787 25 21 to
3371 1783 84 24 extend
3465 1783 40 23 the
3512 1785 84 28 system

3037 1818 23 21 to
3084 1815 115 24 suburban
3223 1815 73 30 lands,
3325 1815 43 24 but
3392 1814 28 24 he
3444 1813 104 31 objected
3573 1816 24 21 to

3036 1848 125 28 increasing
3171 1847 40 23 the
3221 1847 60 23 limit
3298 1847 23 23 of
3338 1847 63 22 loans
3417 1853 31 21 up
3465 1849 24 19 to
3506 1846 88 27 4,000.

3036 1876 43 23 His
3089 1876 51 22 idea
3150 1883 46 16 was
3207 1877 52 21 that
3269 1877 39 21 the
3318 1879 86 26 system
3420 1882 46 15 was
3483 1877 76 20 meant
3573 1878 24 19 to

3036 1906 85 24 benefit
3139 1913 55 23 poor
3213 1907 87 30 people.
3332 1906 36 23 He
3387 1904 104 32 objected
3511 1905 48 23 also
3574 1907 23 21 to

3036 1938 40 23 the
3085 1938 118 23 extension
3213 1938 24 22 of
3247 1938 39 23 the
3296 1938 60 22 limit
3367 1940 23 19 to
3406 1939 39 20 ten
3462 1943 72 23 years.
3565 1936 33 22 As

3037 1972 24 19 to
3081 1968 38 23 the
3138 1969 80 29 saving
3241 1969 23 21 of
3288 1969 82 26 4,000
3394 1966 95 24 claimed
3509 1966 30 29 by
3559 1966 39 22 the

3036 1999 114 27 Minister,
3163 1999 27 22 he
3200 1999 102 22 asserted
3312 1999 52 22 that
3374 1998 18 22 if
3401 2006 14 14 a
3430 2004 75 23 penny
3521 1997 23 22 in
3559 1996 40 23 the

3063 2034 59 17 were
3132 2028 53 29 paid
3196 2036 24 15 as
3237 2031 116 27 mortgage
3371 2030 38 21 tax
3425 2035 29 14 on
3471 2027 31 22 all
3518 2033 80 22 money

3036 2058 116 24 borrowed
3163 2058 65 24 there
3238 2058 75 23 would
3326 2058 28 23 b3
3371 2057 97 30 nothing
3484 2056 47 24 like
3547 2056 52 23 thai

3036 2096 49 16 sum
3105 2088 67 24 saved
3193 2091 25 21 at
3237 2089 40 23 the
3296 2088 44 24 end
3359 2089 24 22 of
3402 2088 39 23 the
3460 2094 61 23 year.
3562 2086 37 23 He

3037 2119 74 24 would
3131 2122 41 20 not
3193 2126 83 24 oppose
3296 2119 39 24 the
3357 2118 82 24 second
3459 2117 100 30 reading.

3036 2149 38 25 Mr
3091 2150 63 23 Mills
3171 2150 44 24 and
3231 2150 38 24 Mr
3278 2150 27 24 G.
3319 2149 35 24 W.
3368 2148 89 25 Russell
3474 2147 124 31 supported

3036 2181 40 23 the
3086 2181 45 23 Bill
3141 2181 46 22 and
3195 2181 37 23 Mr
3242 2181 25 23 T.
3281 2180 131 23 Mackenzie
3418 2179 114 23 criticised
3543 2179 56 22 it.

3036 2211 48 23 The
3095 2211 59 23 Hon.
3167 2211 37 23 Mr
3216 2211 71 23 Ward
3297 2210 49 23 said
3357 2210 28 22 he
3395 2209 40 23 did
3450 2212 41 20 not
3502 2208 67 23 think
3580 2208 19 23 it

3036 2241 99 30 prudent
3145 2249 26 16 or
3180 2241 112 24 desirable
3303 2244 23 20 to
3337 2240 52 24 lend
3404 2242 42 21 out
3460 2246 80 23 money
3551 2241 25 21 at
3585 2246 14 16 a

3036 2272 69 24 lower
3114 2275 50 21 rate
3175 2272 55 24 than
3241 2273 14 23 5
3265 2279 40 23 per
3321 2274 68 26 cent.,
3408 2270 45 25 and
3470 2270 18 24 if
3505 2270 20 23 it
3540 2276 59 17 were

3036 2303 97 23 reduced
3152 2306 24 20 to
3186 2305 13 21 4
3210 2311 40 22 per
3267 2306 58 20 cent,
3346 2303 20 23 it
3383 2302 74 23 would
3473 2303 41 21 not
3530 2300 27 24 be
3575 2303 24 21 to

3036 2334 40 23 the
3086 2334 127 30 advantage
3229 2333 24 23 of
3269 2333 40 23 the
3326 2333 95 23 scheme.
3453 2331 37 23 He
3500 2331 99 30 thought

3036 2364 19 25 it
3072 2372 46 17 was
3135 2373 14 16 a
3165 2364 95 25 decided
3276 2364 165 31 improvement
3458 2365 24 21 to
3499 2361 100 24 advance

3036 2396 40 24 the
3086 2404 80 22 money
3176 2396 35 23 for
3222 2399 36 20 ten
3270 2402 65 23 years
3350 2394 72 24 under
3439 2394 39 23 the
3493 2393 52 23 Act.
3577 2392 22 24 If

3037 2427 39 22 the
3094 2429 120 27 argument
3234 2427 52 21 that
3305 2426 45 22 this
3370 2425 88 22 scheme
3477 2430 47 16 was
3540 2430 43 16 com-

3035 2457 80 29 peting
3133 2456 58 23 with
3210 2456 40 23 the
3274 2455 90 29 leading
3383 2454 110 23 branches
3512 2453 23 22 of
3560 2453 39 22 the

3035 2488 155 24 Government
3204 2486 124 25 Insurance
3342 2485 152 32 Department
3504 2483 44 24 and
3560 2483 38 24 the

3036 2519 80 23 Public
3131 2519 70 23 Trust
3218 2518 152 29 Department
3387 2524 59 16 were
3461 2514 108 31 analysed
3579 2515 19 23 it

3036 2549 75 23 would
3122 2549 27 22 he
3159 2548 71 24 found
3248 2549 53 22 that
3318 2548 64 23 there
3401 2554 45 16 was
3462 2546 95 29 nothing
3575 2545 22 23 in

3036 2580 27 28 it,
3075 2587 24 16 as
3110 2580 39 22 the
3159 2580 94 22 amount
3269 2578 24 23 of
3308 2585 81 22 money
3400 2580 25 20 at
3441 2576 40 23 the
3498 2575 99 31 disposal

3035 2610 23 24 of
3077 2612 64 22 these
3161 2611 46 22 two
3226 2608 156 31 departments
3406 2614 46 16 was
3470 2606 128 30 altogether

3036 2641 207 29 disproportionate
3254 2643 23 19 to
3288 2639 39 23 the
3342 2639 164 28 requirements
3520 2637 24 22 of
3559 2636 39 23 the

3036 2670 79 31 people
3123 2670 23 23 of
3156 2670 39 23 the
3205 2669 86 29 coltny.
3323 2668 37 23 He
3370 2667 94 24 claimed
3476 2667 52 23 that
3537 2667 60 22 since

3036 2702 46 22 this
3101 2701 89 22 scheme
3210 2700 43 22 had
3272 2699 56 24 been
3345 2696 106 25 initiated
3472 2698 63 22 there
3551 2697 45 22 had

3035 2731 55 23 been
3108 2738 14 15 a
3138 2730 40 23 fall
3196 2730 22 22 of
3234 2731 13 21 2
3264 2737 40 22 per
3321 2731 58 20 cent,
3397 2728 23 22 in
3438 2727 39 23 the
3495 2729 59 20 rates
3574 2726 23 23 of

3036 2762 102 28 interest,
3156 2760 73 24 which
3246 2762 77 21 meant
3332 2767 13 15 a
3355 2759 79 30 saving
3444 2757 23 24 of
3484 2757 112 29 600,000

3035 2801 41 23 per
3085 2800 84 16 annum
3180 2794 24 21 to
3215 2792 38 23 the
3263 2790 86 30 people.

3063 2824 47 22 The
3127 2823 65 23 other
3209 2822 106 29 speakers
3331 2828 59 15 were
3406 2819 84 24 Messrs
3509 2820 87 28 Geerge

3035 2853 136 26 Hutchison,
3190 2852 63 27 Hall,
3274 2851 98 27 Massey,
3393 2850 88 27 Eraser,
3502 2848 92 28 Maslin,

3034 2883 112 24 I'latman,
3159 2881 165 28 Montgomery,
3337 2880 95 25 Tanner,
3441 2879 26 23 G.
3479 2879 23 23 J.
3511 2878 82 29 S,mith,

3033 2912 45 23 and
3095 2911 93 24 M'Nab.
3219 2910 96 24 General
3332 2909 108 30 approval
3450 2908 24 23 of
3488 2908 39 23 the
3537 2914 42 16 mea-

3034 2951 50 16 sure
3104 2950 46 16 was
3168 2940 128 32 expressed,
3317 2939 110 31 although
3446 2947 14 16 a
3479 2938 42 24 few
3537 2945 43 17 com-

3034 2975 79 22 mittee
3123 2973 125 30 objections
3264 2979 58 15 were
3337 2971 135 30 urged.ln
3483 2969 110 30 replying,

3034 3005 39 23 the
3091 3004 59 23 Hon.
3168 3003 61 24 John
3250 3002 120 23 M'Kenzie
3389 2999 164 25 characterised
3570 3007 25 15 as

3034 3024 83 34 absurd
3135 3034 39 23 the
3190 3033 130 24 contention
3338 3032 52 23 that
3408 3031 38 24 the
3464 3030 45 23 Bill
3519 3029 75 24 would

3035 3065 89 23 involve
3133 3072 14 16 a
3164 3064 107 23 violation
3289 3063 23 23 of
3328 3062 38 23 the
3376 3063 103 22 contract
3488 3060 57 23 with
3555 3060 39 23 the

3034 3103 80 21 money
3125 3094 77 24 lender
3212 3096 24 21 at
3246 3093 79 23 Home.
3356 3092 36 23 He
3402 3091 48 24 said
3466 3091 58 27 that,
3536 3090 59 24 after

3034 3126 85 24 careful
3129 3124 165 25 consideration
3304 3123 44 24 and
3359 3121 142 29 calculation,
3511 3121 27 24 he
3548 3128 46 16 saw

3036 3157 51 23 that
3096 3157 20 23 it
3123 3156 75 24 would
3208 3156 28 22 be
3245 3155 24 23 in
3279 3154 39 24 the
3331 3154 106 23 interests
3448 3152 22 24 of
3481 3152 39 24 the
3530 3152 64 23 small

3034 3187 91 24 settlers
3145 3189 24 21 to
3188 3186 57 23 have
3266 3192 14 16 a
3301 3185 42 23 few
3363 3184 62 30 large
3442 3184 63 22 loans
3519 3182 75 24 iesued

3035 3218 30 29 by
3075 3218 39 23 the
3124 3217 151 29 department,
3292 3222 25 16 so
3335 3215 51 23 that
3401 3215 38 22 the
3450 3213 142 30 department

3035 3248 73 30 might
3117 3247 78 22 obtain
3204 3253 61 15 some
3274 3246 24 21 of
3308 3245 39 22 the
3380 3243 125 31 gilt-edged
3512 3243 71 22 securi-

3129 3277 36 23 Sir
3175 3276 26 24 R.
3215 3276 68 24 Stout
3297 3274 90 24 himself
3403 3281 46 16 saw
3464 3273 40 24 the
3520 3280 62 16 neces-

3034 3309 45 29 sity
3090 3308 34 23 for
3135 3307 62 24 these
3214 3307 60 29 large
3291 3306 70 27 loans,
3380 3305 35 23 for
3432 3305 28 22 he
3476 3304 45 23 had
3538 3304 54 23 been

3034 3337 159 24 instrumental
3210 3337 23 22 in
3250 3337 85 28 having
3351 3335 39 23 the
3410 3335 60 23 limit
3488 3334 24 23 of
3531 3334 63 22 loans

3034 3368 75 24 issued
3118 3368 31 29 by
3157 3368 39 23 the
3205 3367 154 24 Government
3366 3365 49 23 Life
3422 3365 122 23 Insurance
3550 3363 28 24 De-

3033 3401 116 28 partment
3159 3397 114 25 increased
3288 3397 57 23 from
3361 3396 83 28 5,000
3454 3398 24 21 to
3488 3395 103 28 IO,OOO,

3034 3430 45 23 this
3094 3430 98 22 increase
3208 3428 83 29 having
3307 3427 56 23 been
3378 3426 70 23 found
3458 3429 25 19 to
3493 3425 27 23 be
3530 3425 50 23 abso-

3034 3460 71 30 lutely
3113 3465 117 23 necessary
3237 3458 18 23 if
3262 3458 39 22 the
3309 3457 155 22 Government
3470 3456 123 23 Insurance

3034 3490 149 29 Department
3191 3496 59 15 were
3260 3490 23 21 to
3291 3490 40 27 get
3341 3487 39 23 the
3390 3486 84 23 benefit
3483 3486 24 23 of
3517 3486 16 13 *'
3540 3486 42 28 gilt-

3033 3519 70 31 edged
3252 3518 72 22 which
3330 3516 74 23 would
3408 3516 120 23 otherwise
3536 3515 57 23 have

3033 3550 55 23 been
3098 3549 92 24 secured
3201 3549 30 30 by
3248 3547 58 25 rival
3316 3547 81 23 offices.
3428 3546 36 24 He
3474 3545 66 25 could
3552 3545 40 24 tell

3034 3581 38 24 the
3083 3580 77 24 House
3171 3580 51 23 that
3232 3586 60 16 some
3302 3579 24 22 of
3336 3579 39 22 the
3385 3581 127 27 mortgages
3522 3577 70 22 taken

3032 3612 30 29 by
3072 3612 40 24 the
3121 3612 144 29 department
3273 3610 45 23 had
3326 3608 92 31 already
3426 3608 56 24 been
3490 3608 52 30 paid
3553 3607 36 24 off.

3032 3643 37 23 He
3077 3642 101 24 asserted
3196 3642 52 23 that
3266 3641 44 23 last
3326 3640 73 30 year's
3410 3640 45 22 Act
3465 3638 44 24 had
3523 3638 68 24 saved

3032 3673 39 24 the
3088 3680 48 15 sum
3147 3672 23 23 of
3187 3672 96 26 IB,OOO
3293 3671 23 23 in
3333 3672 116 28 mortgage
3458 3669 45 23 and
3513 3676 65 23 procu-

3032 3704 73 22 ration
3121 3703 54 27 fees,
3195 3701 44 24 and
3260 3702 19 22 it
3298 3707 45 16 was
3363 3702 48 26 not,
3430 3699 120 28 therefore,
3567 3701 24 20 to

3031 3733 28 23 be
3083 3733 120 23 wondered
3222 3735 25 19 at
3266 3732 52 22 that
3337 3731 40 23 the
3395 3730 89 23 scheme
3504 3737 45 16 was
3566 3737 25 15 so

3031 3763 102 30 strongly
3150 3762 100 31 opposed
3269 3761 30 30 by
3319 3768 60 16 some
3398 3761 96 29 lawyers
3509 3760 23 22 in
3552 3760 39 23 the

3032 3794 84 23 House.
3147 3794 32 22 As
3198 3801 13 14 a
3231 3792 64 30 proof
3314 3791 52 23 that
3385 3791 40 23 the
3442 3791 88 22 scheme
3546 3789 45 24 had

3030 3824 82 24 caused
3123 3832 13 15 a
3146 3823 117 24 reduction
3274 3823 23 23 in
3307 3822 40 23 the
3355 3822 46 23 fees
3411 3820 44 25 and
3466 3821 23 23 in
3497 3820 38 25 the
3542 3823 50 21 rate

3030 3855 23 23 of
3063 3855 96 23 interest
3169 3855 27 22 be
3206 3853 92 29 pointed
3314 3855 41 21 out
3365 3852 52 24 that
3426 3859 29 16 no
3465 3852 44 23 less
3518 3859 13 15 a
3541 3859 50 15 sum

3031 3886 54 23 than
3110 3886 111 27 220,000
3244 3884 24 23 of
3291 3885 39 22 the
3354 3885 94 21 amount
3471 3882 120 30 originally

3029 3915 90 30 applied
3129 3916 36 22 for
3175 3915 44 22 last
3228 3921 55 23 year
3293 3921 45 16 was
3348 3916 41 20 not
3394 3912 112 30 required,
3517 3919 25 16 as
3550 3913 42 22 the

3030 3946 94 29 original
3144 3944 89 24 lenders
3252 3943 44 24 had
3314 3942 80 31 agreed
3412 3945 24 20 to
3455 3942 82 23 reduce
3552 3942 39 23 the

3030 3978 49 22 rate
3089 3975 23 24 of
3121 3975 97 23 interest
3237 3974 23 23 in
3270 3973 67 25 order
3347 3976 24 21 to
3381 3980 74 16 renew
3465 3973 40 22 the
3522 3975 55 20 mort-

3030 4005 152 32 gages.The
3190 4005 80 23 second
3282 4004 92 30 reading
3383 4010 46 16 was
3436 4002 80 30 agreed
3528 4005 24 21 to
3562 4010 29 16 on

3030 4038 39 23 the
3080 4038 81 26 voices,
3173 4036 38 24 the
3222 4036 77 24 House
3309 4035 71 29 rising
3389 4036 24 22 at
3423 4034 51 24 2.45
3480 4041 52 16 a.m.

3031 4102 75 26 THE
3119 4100 182 28 ROMANCE
3320 4099 46 28 OF
3378 4099 27 27 A
3418 4098 161 29 PICTURE.

3054 4177 46 21 The
3119 4176 63 21 'New
3200 4175 58 21 York
3276 4174 86 22 World'
3381 4173 93 27 recently
3488 4173 46 22 told
3553 4174 35 21 the

3029 4211 57 25 story
3097 4209 23 22 of
3129 4209 46 20 how
3185 4208 81 21 Ruekin
3275 4214 51 21 gave
3335 4214 29 20 up
3373 4207 32 21 his
3414 4207 49 21 wife
3473 4208 22 19 to
3504 4206 84 26 Millais,

3029 4243 36 21 the
3075 4243 43 21 late
3128 4241 105 28 president
3245 4240 23 23 of
3279 4240 37 23 the
3329 4240 68 28 Royal
3406 4240 115 27 Academy.

3053 4277 31 22 To
3102 4276 40 22 few
3158 4282 48 15 men
3220 4275 38 22 has
3272 4282 58 14 come
3346 4275 37 21 the
3397 4280 81 16 success
3493 4273 49 22 that
3556 4273 32 23 Sir

3028 4304 58 22 John
3095 4304 85 25 Millais,
3191 4302 68 27 R.yal
3274 4301 154 26 Academician,
3439 4301 37 22 has
3485 4301 103 22 attained.

3029 4331 49 23 And
3094 4337 51 17 once
3158 4330 62 28 again
3236 4330 17 22 is
3269 4329 83 23 revived
3370 4329 38 22 the
3424 4327 107 27 well-nigh
3549 4328 30 23 for-

3029 4361 35 26 got
3119 4360 59 26 story
3198 4358 22 22 of
3236 4358 46 21 how
3297 4358 58 21 John
3371 4356 88 26 Ruskiu,
3476 4356 112 27 England's

3028 4388 59 28 great
3097 4387 65 26 critic,
3173 4391 52 23 gave
3238 4386 33 21 his
3281 4391 47 16 own
3337 4384 106 22 beautiful
3452 4384 49 21 wife
3516 4386 23 19 to
3552 4384 36 21 the

3028 4422 70 24 young
3107 4416 63 22 artist
3179 4414 53 26 who,
3243 4414 62 22 while
3321 4412 96 29 painting
3431 4412 37 23 her
3482 4412 51 26 face,
3551 4412 37 23 fell

3027 4444 22 20 in
3058 4445 46 19 love
3114 4443 51 21 with
3175 4443 36 21 her
3219 4442 42 21 and
3271 4449 41 14 was
3321 4441 61 21 loved
3396 4442 22 19 hi
3433 4442 79 20 return.
3540 4440 21 21 It
3570 4441 17 20 is

3027 4471 38 21 her
3074 4470 127 26 exquisitely
3210 4469 69 25 lovely
3297 4468 45 21 face
3357 4468 48 21 that
3420 4468 19 20 is
3455 4475 7 14 i
3469 4466 80 22 ictured
3566 4467 20 20 in

3027 4498 78 22 Millais
3112 4504 11 14 8
3153 4497 55 21 most
3231 4495 162 27 widely-known
3418 4501 82 19 canvas,
3530 4494 56 21 'The

3027 4525 117 26 Hugueuot
3152 4523 80 22 Lover.'
3259 4524 45 20 The
3312 4524 61 19 other
3387 4522 52 24 face,
3450 4522 49 21 that
3512 4521 23 21 of
3549 4522 37 20 the

3026 4558 49 15 man
3083 4551 65 22 about
3158 4551 68 20 whose
3239 4556 57 14 arms
3309 4550 38 20 she
3356 4548 30 25 tie
3396 4548 10 25 3
3416 4548 29 25 the

3025 4577 120 26 'kerchief,"
3155 4578 16 20 is
3187 4577 37 21 the
3239 4576 100 21 idealised
3353 4576 46 21 face
3413 4575 23 22 of
3452 4576 36 20 the
3502 4575 83 27 paiuter

3024 4604 92 20 himsslf.

3049 4631 21 21 If
3088 4636 43 24 you
3153 4629 75 21 should
3245 4629 46 26 step
3309 4629 44 19 into
3371 4628 34 20 Sir
3421 4627 57 21 John
3499 4626 82 21 Millais'

3023 4657 78 23 suburb
3115 4657 64 22 house
3195 4656 22 22 in
3231 4655 67 23 South
3313 4655 138 28 Kensington,
3467 4653 93 27 London,
3570 4660 11 16 a

3024 4686 64 21 house
3103 4685 50 22 that
3167 4685 26 21 he
3209 4684 38 22 has
3260 4683 55 22 built
3331 4682 152 22 himselfand
3492 4683 18 21 it
3519 4683 18 21 is
3545 4683 36 20 not

3023 4713 50 27 only
3097 4712 76 28 superb
3193 4711 179 27 architecturally,
3395 4709 39 23 but
3456 4709 57 23 filled
3531 4709 50 23 with

3023 4742 41 21 fine
3073 4740 106 28 examples
3189 4740 22 22 of
3225 4739 86 22 modern
3323 4740 34 21 art
3366 4739 22 21 in
3397 4744 98 16 canvases
3503 4744 24 16 as
3536 4738 45 22 well

3023 4775 23 16 as
3054 4769 107 21 furniture
3169 4768 43 21 and
3220 4767 138 25 decorations,
3369 4766 33 21 for
3411 4765 84 22 Millais'
3505 4765 76 22 wealth

3023 4797 37 21 has
3069 4796 53 22 been
3131 4796 33 21 for
3178 4801 60 21 years
3254 4801 49 20 very
3320 4794 125 26 largeyou
3461 4793 69 22 would
3546 4794 35 20 not

3022 4824 105 28 recognise
3135 4824 22 21 in
3166 4824 37 20 the
3212 4824 83 20 matron
3304 4822 23 21 of
3339 4821 43 22 this
3395 4822 59 26 great
3468 4820 113 22 household

3021 4859 14 15 a
3052 4852 79 28 typical
3150 4850 79 23 British
3247 4850 55 26 wife,
3319 4849 38 22 her
3371 4849 45 22 hair
3433 4848 95 26 silvered,
3545 4848 36 22 her

3022 4880 55 22 form
3086 4879 74 23 roumL
3170 4878 42 22 and
3221 4878 37 22 the
3268 4877 82 22 mother
3359 4877 22 22 of
3390 4883 64 21 many
3460 4876 120 27 daughters,

3021 4908 37 22 the
3067 4907 82 27 dainty,
3160 4906 91 27 clinging
3260 4906 64 26 figure
3333 4905 22 21 of
3369 4905 38 21 the
3422 4904 83 22 maiden
3514 4904 22 21 in
3545 4904 36 21 the

3021 4935 88 28 picture.
3137 4935 43 21 Yet
3189 4934 51 26 they
3250 4940 35 15 are
3296 4940 40 15 one
3349 4932 42 22 and
3400 4932 37 22 the
3447 4938 62 16 same.
3537 4932 44 22 The

3021 4963 52 21 then
3082 4963 57 26 plain
3148 4962 58 21 John
3215 4961 88 21 Everett
3319 4960 84 25 Millais,
3413 4960 41 26 boy
3463 4960 69 25 artist,
3543 4959 38 21 but

3021 4996 52 15 even
3081 4991 24 20 at
3115 4989 48 22 that
3171 4989 52 21 time
3232 4988 38 21 the
3279 4987 85 21 wielder
3369 4987 23 21 of
3401 4993 13 15 a
3423 4993 40 21 pen
3470 4987 22 21 of
3501 4986 78 28 genius,

3021 5017 85 27 painted
3120 5017 38 22 her
3174 5022 24 16 as
3215 5015 37 22 she
3270 5015 52 22 then
3336 5021 48 20 was,
3399 5014 119 28 faithfully,
3529 5014 52 23 with

3019 5052 64 20 every
3093 5045 43 21 line
3145 5044 22 22 of
3176 5045 37 20 her
3222 5045 65 19 sweet
3295 5043 46 21 face
3351 5043 45 22 told
3411 5043 21 21 in
3447 5043 37 21 the
3499 5043 82 22 colored

3021 5073 110 25 pigments.
3160 5072 60 20 From
3230 5071 49 20 that
3288 5071 53 20 hour
3355 5071 27 20 he
3394 5070 38 20 fell
3441 5071 22 19 in
3472 5071 47 20 love
3527 5071 52 21 with

3019 5099 44 24 her,
3074 5099 81 26 though
3162 5097 37 21 she
3209 5104 42 14 was
3259 5097 89 20 another
3357 5096 66 21 man's
3434 5097 55 21 wife.

3044 5126 45 21 The
3098 5125 60 22 other
3165 5130 49 16 man
3221 5130 42 14 was
3270 5130 27 14 no
3304 5130 39 14 one
3350 5123 42 21 else
3398 5123 52 21 than
3456 5123 36 22 the
3499 5130 51 16 even
3556 5125 23 21 at

3019 5153 49 22 that
3077 5154 51 20 time
3144 5153 82 21 famous
3240 5151 58 21 John
3312 5150 87 22 Ruskin.
3428 5151 35 21 An
3471 5151 108 23 anchorite

3018 5181 86 27 always,
3123 5187 13 14 a
3153 5179 78 22 hermit
3251 5184 76 21 among
3348 5178 33 21 his
3400 5178 70 26 books,
3489 5179 43 22 this
3545 5181 34 20 art

3018 5208 133 26 philosopher
3161 5212 41 15 was
3211 5206 21 20 in
3242 5212 26 14 no
3278 5205 48 21 wise
3341 5205 63 21 fitted
3417 5205 34 21 for
3463 5212 13 15 a
3489 5207 90 21 married

3018 5233 44 28 life,
3073 5234 42 21 and
3124 5234 54 21 least
3186 5231 23 23 of
3218 5231 29 22 all
3256 5233 22 19 to
3288 5231 25 21 be
3322 5231 86 22 wedded
3418 5233 22 21 to
3449 5233 37 21 the
3495 5240 83 21 sympa

3017 5262 74 27 thetic,
3106 5261 136 24 affectionate
3257 5259 57 23 little
3330 5259 88 28 English
3432 5267 81 16 woman
3531 5261 46 23 who

3017 5290 67 21 found
3099 5290 22 21 in
3138 5289 43 21 him
3199 5287 50 26 only
3266 5294 13 14 a
3294 5288 91 25 gloomy,
3404 5288 76 27 moody
3494 5291 81 24 savant,

3017 5316 136 26 irresponsive
3162 5316 23 19 to
3194 5315 37 19 her
3239 5320 97 14 caresses.
3364 5315 76 25 Tositig
3449 5316 23 19 at
3486 5316 45 20 first
3545 5316 32 21 for

3016 5342 80 22 Millais
3111 5348 24 14 as
3151 5347 13 15 a
3178 5340 110 24 diversion,
3307 5340 38 21 she
3362 5340 66 22 found
3447 5341 129 22 numberless

3015 5370 126 25 attractions
3157 5368 22 24 in
3197 5367 36 24 the
3247 5367 69 25 clever
3332 5376 72 22 youpg
3419 5368 71 25 fellow
3503 5370 23 23 of
3539 5370 37 24 the

3015 5400 72 25 world,
3094 5399 42 22 and
3144 5398 18 22 if
3170 5397 81 22 Buskin
3256 5398 42 21 had
3307 5400 38 19 not
3352 5398 103 27 suddenly
3461 5400 113 22 awakened

3015 5428 23 20 to
3047 5427 38 21 the
3093 5426 45 21 fact
3146 5425 49 21 that
3204 5424 33 21 his
3245 5424 49 21 wife
3303 5424 42 21 bad
3354 5425 68 27 begun
3436 5428 23 19 to
3468 5426 46 21 love
3523 5426 40 22 else-

3015 5453 69 21 where
3101 5453 59 20 there
3175 5450 69 22 would
3258 5451 53 21 have
3325 5451 53 22 been
3393 5459 12 14 a
3419 5452 79 21 broken
3511 5453 60 21 heart

3014 5480 42 20 and
3064 5485 13 16 a
3085 5477 80 27 spoiled
3174 5477 44 20 life.

3039 5506 44 22 But
3092 5506 37 21 the
3137 5504 75 26 moody
3223 5504 133 28 philosopher
3368 5505 60 22 knew
3437 5506 46 21 how
3493 5507 22 21 to
3524 5505 49 24 bear

3013 5533 79 25 defeat,
3102 5532 50 26 and,
3162 5531 87 25 besides,
3260 5539 24 14 so
3299 5533 110 25 engrossed
3426 5540 41 15 was
3477 5534 26 21 he
3513 5534 21 21 in
3543 5535 29 21 all

3013 5560 32 24 his
3054 5560 109 27 absorbing
3172 5559 79 22 studies
3261 5559 48 22 that
3318 5566 12 15 a
3345 5560 48 22 wife
3402 5560 36 22 did
3447 5562 37 21 not
3494 5562 78 22 matter

3013 5589 62 22 much
3084 5589 23 21 to
3115 5588 50 21 him.
3200 5587 60 21 With
3270 5588 75 26 hardly
3354 5594 13 15 a
3376 5590 93 20 moment
3476 5596 10 14 s
3495 5589 65 24 hesita-

3012 5617 52 25 tion,
3075 5622 50 14 once
3134 5615 26 20 he
3170 5621 41 14 was
3220 5620 69 15 aware
3303 5614 49 22 that
3367 5615 37 21 the
3414 5622 80 16 woman
3503 5617 66 28 really

3012 5643 59 24 cared
3082 5643 33 23 for
3123 5642 78 22 Millais
3215 5641 42 23 and
3266 5642 61 22 couid
3343 5641 25 24 be
3377 5642 69 30 happy
3456 5644 52 23 with
3518 5645 50 26 him,

3012 5673 27 21 he
3047 5670 84 23 handed
3139 5670 37 21 her
3185 5676 49 15 over
3243 5670 91 27 literally
3345 5672 22 20 to
3376 5671 33 21 his
3422 5671 76 23 friend.
3549 5674 21 21 If

3012 5704 43 21 you
3063 5699 47 20 love
3118 5697 37 21 her
3163 5697 37 20 she
3209 5697 18 20 is
3235 5703 64 20 yours
3327 5697 37 21 the
3376 5699 60 26 great
3444 5699 59 21 critic
3512 5700 18 20 is
3539 5706 20 16 re-

3012 5725 72 27 ported
3094 5726 23 19 to
3125 5723 53 21 have
3186 5725 123 26 generously
3318 5725 51 21 said.

3037 5753 20 19 A
3073 5750 77 24 formal
3166 5750 83 22 divorce
3265 5757 43 15 was
3325 5752 80 29 pushed,
3422 5753 91 26 through
3532 5755 37 21 the

3113 5778 70 28 WUrta
3198 5784 23 18 as
3236 5778 83 32 rapidly
3334 5785 23 17 m
3376 5779 94 31 possible,
3488 5781 41 24 and
3545 5788 23 18 as

3620 191 50 15 soon
3678 191 23 15 as
3711 185 17 20 it
3737 191 41 15 was
3794 185 88 27 granted
3897 186 44 21 Mrs
3949 184 82 23 Buskin
4040 183 84 22 became
4132 183 45 22 Mrs

3619 212 58 21 John
3686 212 84 22 Millais.
3799 213 98 22 Without
3905 219 13 16 a
3926 212 66 28 single
4008 218 55 22 pang
4071 211 23 22 of
4109 213 69 25 regret

3620 240 37 21 the
3665 240 77 21 author
3751 240 21 21 of
3784 242 5 8 '
3795 240 87 23 Modern
3891 239 108 24 Painters'
4008 239 77 22 turned
4094 238 52 23 back
4155 240 24 19 to

3620 267 33 20 his
3667 266 54 21 book
3736 267 42 22 and
3791 266 41 23 left
3847 268 36 21 the
3900 275 71 20 young
3988 267 74 28 couple
4079 268 23 21 to
4118 266 61 23 make

3621 294 55 20 their
3685 300 53 20 way,
3749 301 12 14 a
3771 301 44 20 way
3825 295 49 22 that
3883 301 43 15 was
3935 301 45 15 now
3989 294 92 22 assured.

3646 320 49 21 And
3712 327 12 14 a
3742 327 49 21 very
3810 322 69 27 happy
3898 322 101 27 marriage
4016 322 17 21 it
4048 321 84 27 proved.
4160 321 19 22 A

3622 348 73 26 family
3711 355 48 14 soon
3775 356 76 20 sprang
3865 356 29 20 up
3907 349 67 22 under
3988 350 37 21 the
4034 350 77 21 Millais
4125 350 43 21 roof-

3622 376 50 24 tree,
3690 375 41 21 and
3745 376 57 21 John
3817 377 87 20 Everett
3913 376 79 22 Millais
4005 383 54 20 grew
4068 383 57 15 more
4137 377 42 21 and

3622 409 57 15 moro
3694 408 121 22 prosperous
3831 410 62 21 every
3907 410 58 21 year.
3998 404 34 21 He
4048 402 79 29 always
4141 404 39 22 has

3622 430 117 21 attributed
3749 431 32 20 his
3794 437 80 15 success
3888 431 23 20 in
3919 431 39 21 life
3970 432 23 20 to
4001 431 44 21 this
4053 437 95 15 romance
4157 432 22 20 of

3623 457 33 19 his
3670 456 103 26 boyhood,
3789 457 43 20 and
3846 457 37 20 the
3895 457 45 20 fact
3954 457 49 20 that
4018 457 32 20 his
4063 457 55 24 wife,
4128 464 52 14 even

3623 482 81 28 though
3713 483 36 20 she
3759 489 42 15 was
3810 484 37 20 not
3856 483 32 21 his
3897 484 57 25 then,
3965 484 61 20 stood
4035 483 22 21 in
4065 483 37 21 the
4111 485 70 20 centre

3623 511 22 22 of
3661 511 36 21 the
3714 510 58 23 little
3787 517 77 16 canvas
3877 510 49 24 that
3940 510 37 23 has
3991 511 55 22 since
4062 510 84 24 become
4158 518 24 15 so

3623 539 117 22 renowned.

3648 566 22 21 It
3679 567 17 20 is
3705 566 124 27 interesting
3838 568 22 19 to
3869 566 60 22 know
3939 567 48 21 that
3996 566 36 22 the
4041 567 61 20 exact
4111 566 40 21 size
4159 565 23 22 of

3623 593 44 22 this
3682 593 88 28 picture,
3789 600 47 15 now
3853 595 21 20 in
3891 600 13 15 a
3921 593 82 28 private
4015 593 79 28 gallery
4109 593 22 21 in
4145 593 37 21 the

3623 623 57 21 town
3689 621 22 23 of
3727 622 95 26 Preston,
3838 621 104 28 England,
3958 621 17 22 is
3988 620 33 24 3ft
4029 621 35 22 2in
4074 628 13 15 x
4096 620 34 23 2ft
4139 621 40 26 lin,

3622 651 42 21 and
3682 651 48 21 that
3748 649 78 23 Millais
3847 651 37 27 got
3899 649 58 23 l5O
3973 649 34 22 for
4020 649 24 26 it,
4064 648 44 23 SO
4125 656 57 15 more

3623 678 61 27 being
3700 677 125 23 afterwards
3841 677 68 23 added
3931 677 28 27 by
3976 677 38 22 the
4031 676 118 28 purchaser,
4170 682 12 16 a

3622 705 167 27 picture-dealer,
3799 705 56 21 after
3864 706 38 21 the
3910 705 112 27 engraving
4031 704 62 21 made
4101 704 55 21 from
4165 705 17 20 it

3622 732 28 30 by
3660 733 37 24 the
3712 732 117 25 celebrated
3843 739 106 23 engraver,
3959 732 25 24 T.
4000 732 26 24 O.
4041 731 89 29 Barlow,
4141 731 41 24 had

3622 763 71 22 Bcored
3706 769 13 16 a
3733 765 59 24 great
3806 769 80 14 success
3900 762 43 22 and
3956 762 61 21 made
4026 761 63 22 much
4098 767 82 21 money.

3622 790 45 21 The
3680 790 62 21 value
3757 790 23 21 of
3793 790 38 21 the
3845 789 88 27 original
3945 795 76 16 canvas
4031 790 22 20 to
4062 788 42 26 day
4114 788 68 22 would

3623 816 98 29 probably
3732 816 26 23 be
3766 816 123 24 thousands.

3711 881 130 27 ROUND
3859 880 76 28 THE
3953 880 140 28 WORLD.

3651 955 59 23 Lord
3730 955 69 30 Hugh
3816 955 62 23 Cecil
3895 955 64 23 made
3974 962 14 15 a
4004 954 81 31 speech
4100 953 25 24 of
4139 960 26 16 un-

3622 985 64 25 usual
3697 985 118 32 brilliancy
3825 985 25 26 in
3864 987 95 29 support
3968 983 24 26 of
4002 984 39 25 the
4052 983 127 26 Education

3622 1017 45 24 Bill
3681 1018 24 23 in
3715 1018 39 23 the
3765 1017 77 24 House
3857 1017 24 23 of
3896 1017 126 25 Commons.
4053 1015 24 25 It
4087 1023 46 17 was
4144 1015 35 24 his

3622 1047 89 23 maiden
3721 1047 73 29 effort,
3806 1047 44 23 and
3867 1054 45 16 was
3928 1046 94 24 marked
4039 1046 141 31 throughout

3622 1077 30 31 by
3662 1086 14 15 a
3685 1078 66 23 finish
3762 1078 23 23 of
3796 1078 68 30 style,
3876 1085 13 15 a
3905 1076 108 31 quietude
4028 1077 24 23 of
4067 1075 111 31 delivery,

3622 1108 45 21 and
3690 1115 29 14 an
3745 1112 140 18 earnestness
3909 1108 22 21 of
3955 1107 127 22 conviction
4105 1106 75 22 whioh

3622 1136 123 23 amounted
3756 1139 24 21 to
3790 1136 128 30 eloquence,
3927 1134 47 24 and
3991 1135 64 31 quite
4071 1134 109 31 captured

3623 1167 38 23 the
3669 1166 84 24 House.
3784 1166 27 23 In
3824 1167 68 26 voice,
3905 1173 100 20 manner,
4016 1164 45 24 and
4077 1168 90 20 accentu-

3622 1197 61 22 ation
3696 1195 59 24 Lord
3771 1195 69 30 Hugh
3856 1195 20 24 is
3892 1202 14 16 a
3921 1201 56 24 very
3991 1194 100 31 striking
4105 1200 62 25 repro-

3622 1226 92 23 duction
3730 1225 24 24 of
3768 1225 59 24 Lord
3844 1225 125 30 Salisbury,
3985 1224 45 24 and
4046 1224 65 24 those
4129 1224 51 23 who

3622 1256 123 24 remember
3755 1256 39 24 the
3804 1258 93 29 present
3906 1255 75 25 Prime
3992 1254 106 25 Minister
4107 1255 23 24 in
4140 1254 40 25 the

3622 1287 76 23 House
3714 1287 23 23 of
3753 1287 119 24 Commons
3891 1294 25 16 as
3935 1286 60 24 Lord
4016 1287 85 22 Robert
4119 1286 61 24 Cecil

3622 1324 58 16 were
3690 1317 97 23 inclined
3798 1320 25 20 to
3832 1318 51 29 give
3890 1319 24 21 to
3925 1317 47 22 him
3982 1316 39 23 the
4031 1316 87 24 tribute
4126 1316 54 30 paid

3622 1350 24 19 to
3667 1346 99 23 William
3791 1347 50 23 Pitt
3864 1354 29 15 on
3918 1346 92 30 making
4032 1345 36 23 his
4091 1345 89 24 maiden

3622 1377 79 30 speech
3712 1377 30 30 by
3752 1376 106 24 Edmund
3868 1376 84 29 Burke,
3964 1375 51 24 who
4029 1375 151 25 remembered

3623 1408 34 22 his
3672 1408 84 28 father,
3773 1408 39 23 the
3827 1411 65 26 great
3908 1407 54 23 Earl
3978 1407 24 23 of
4020 1406 120 29 Chatham,
4157 1407 23 23 in

3624 1437 38 23 the
3672 1437 77 23 House
3759 1438 22 23 of
3791 1436 132 29 Commons:
4010 1437 19 23 is
4044 1439 41 21 not
4098 1444 14 15 a
4128 1437 52 28 chip

3622 1467 24 23 of
3653 1467 39 23 the
3702 1467 38 24 old
3750 1467 66 24 block
3826 1475 6 21 ;
3847 1467 60 31 why,
3919 1467 28 24 he
3964 1467 19 24 is
3999 1467 40 24 the
4050 1473 54 25 very
4114 1465 66 26 block

3651 1528 72 23 Baron
3735 1528 82 24 Hirech
3828 1529 47 23 will
3894 1529 47 24 still
3962 1528 105 24 continue
4086 1530 25 21 to
4130 1528 51 29 give

3624 1557 44 23 rise
3678 1561 24 19 to
3712 1566 66 23 many
3788 1559 129 31 conflicting
3930 1559 139 30 paragraphs
4085 1559 25 22 in
4125 1557 55 25 both

3624 1587 86 31 foreign
3720 1588 43 24 and
3774 1589 85 23 British
3870 1597 87 22 papers.
3988 1589 47 23 The
4052 1595 50 17 sum
4118 1591 25 21 to
4153 1588 28 23 be

3625 1618 62 22 dealt
3708 1619 278 28 with3s,ooo,ooois
4012 1627 25 15 so
4063 1625 118 17 enormous

3626 1648 51 24 that
3686 1648 18 24 it
3716 1648 18 24 is
3742 1648 60 25 little
3812 1649 91 25 wonder
3912 1649 52 25 that
3976 1657 56 17 even
4042 1657 14 17 a
4065 1649 47 25 will
4129 1656 38 17 con-

3625 1679 88 30 taining
3736 1687 24 16 so
3780 1688 66 22 many
3865 1688 25 15 as
3914 1681 161 30 twenty-three
4094 1680 85 24 clauses

3625 1709 52 22 fails
3687 1712 23 19 to
3720 1709 135 31 adequately
3865 1712 60 21 meet
3934 1710 39 24 the
3983 1717 56 17 case.
4070 1709 24 25 It
4110 1710 19 23 is
4139 1713 41 21 not

3625 1742 25 19 at
3659 1739 31 23 all
3699 1739 70 30 likely
3780 1740 51 23 that
3842 1740 38 23 the
3890 1740 89 24 outside
3988 1741 76 30 public
4073 1740 48 24 will
4127 1747 53 17 ever

3626 1768 66 22 know
3703 1769 38 22 the
3752 1769 71 23 whole
3833 1771 57 21 facts
3907 1770 23 22 of
3945 1771 38 22 the
3994 1777 57 21 case,
4063 1770 35 23 for
4113 1777 67 23 many

3626 1798 23 23 of
3659 1798 38 23 the
3708 1806 118 16 numerous
3837 1799 91 24 codicils
3937 1800 47 23 will
3994 1800 27 23 be
4036 1800 63 31 kept,
4110 1807 26 16 so
4145 1800 35 23 far

3626 1837 24 15 as
3668 1830 18 23 is
3701 1829 82 31 legally
3800 1830 103 30 possible,
3915 1831 89 30 private
4019 1831 57 24 from
4091 1831 31 24 all
4137 1830 42 25 but

3626 1860 64 22 those
3701 1860 153 29 immediately
3870 1862 122 21 concerned
4005 1862 23 21 in
4039 1862 39 21 the
4087 1863 91 21 matter.

3652 1888 48 24 The
3718 1889 86 23 Jewish
3824 1890 78 29 people
3911 1897 38 16 are
3968 1897 37 23 my
4016 1889 100 24 children
4136 1890 45 24 and

3627 1927 37 22 my
3768 1919 49 24 said
3832 1919 38 24 the
3886 1920 69 24 baron
3972 1928 28 15 on
4019 1928 42 17 one
4070 1921 109 29 occasion,

3628 1950 43 23 and
3682 1950 23 23 in
3716 1950 35 23 his
3761 1950 46 23 will
3821 1951 28 22 he
3858 1950 41 24 has
3908 1951 87 23 carried
4005 1950 46 25 this
4061 1952 120 23 sentiment

3627 1982 41 21 out
3687 1983 24 20 to
3730 1981 40 23 the
3789 1987 55 24 very
3854 1981 75 23 letter.
3969 1980 48 24 The
4035 1981 113 28 baroness,
4158 1982 23 22 of

3628 2018 85 21 course,
3724 2011 19 22 is
3753 2011 77 29 amply
3840 2011 109 29 provided
3965 2011 42 28 for,
4018 2011 45 23 and
4073 2018 25 16 so
4115 2011 19 23 is
4144 2011 39 23 the

3628 2041 61 22 little
3698 2041 132 29 grandchild
3847 2041 117 28 Lucienne,
3977 2041 41 22 but
4031 2041 20 22 it
4067 2041 19 22 is
4103 2043 23 20 to
4144 2040 39 23 the

3628 2070 147 23 colonisation
3790 2070 89 24 soheme
3898 2070 45 24 and
3967 2073 24 21 to
4010 2078 68 23 many
4096 2070 87 24 Jewish

3628 2101 105 23 charities
3744 2100 51 24 that
3810 2101 40 23 the
3859 2100 56 24 bulk
3925 2101 24 23 of
3965 2101 39 23 the
4017 2103 109 28 property
4136 2101 47 23 will

3628 2131 128 31 ultimately
3767 2139 68 17 come.
3856 2131 123 24 Meantime
3987 2131 64 24 there
4058 2132 19 23 is
4085 2130 96 30 trouble,

3628 2163 93 22 because
3739 2170 66 22 many
3815 2162 23 23 of
3855 2162 39 23 the
3911 2164 117 22 executors
4045 2162 96 24 hesitate
4157 2164 25 22 to

3628 2192 125 23 undertake
3764 2193 40 22 the
3813 2192 138 30 stupendous
3961 2193 63 23 work
4032 2192 24 24 of
4066 2193 104 22 distribut-

3629 2223 37 30 ing
3683 2223 39 23 the
3732 2222 113 28 millions;
3861 2222 44 24 and
3924 2230 60 16 some
4002 2222 23 24 of
4045 2223 61 23 them
4125 2223 57 23 have

3628 2253 85 24 retired
3732 2253 58 24 from
3805 2253 40 23 the
3864 2253 167 31 responsibility
4047 2253 132 31 altogether.

3628 2284 47 23 The
3685 2283 106 25 baroness
3800 2284 40 23 has
3855 2283 156 31 considerably
4027 2283 99 24 lessened
4144 2284 39 23 the

3628 2316 112 28 difficulty
3766 2315 45 22 and
3830 2315 69 22 saved
3918 2323 13 14 a
3950 2317 64 28 great
4032 2315 51 22 deal
4101 2315 24 22 of
4144 2316 25 21 im-

3629 2347 102 29 patience
3741 2345 45 23 and
3797 2344 95 32 possible
3904 2345 119 31 ill-feeling
4032 2347 103 28 amongst
4146 2344 37 24 the

3628 2376 148 25 Continental
3791 2376 62 24 Jews
3869 2375 30 31 by
3908 2375 92 32 making
4016 2377 167 30 arrangements

3627 2408 36 22 for
3673 2406 132 29 7,000,000
3823 2409 24 21 to
3864 2406 27 23 be
3907 2407 66 29 given
3984 2414 30 22 up
4031 2406 152 30 immediately

3628 2440 24 20 to
3662 2437 40 23 the
3719 2437 168 29 philanthropic
3903 2437 142 23 institutions
4055 2436 74 23 which
4144 2436 39 23 her

3627 2467 47 23 late
3685 2467 101 23 husband
3797 2466 45 24 had
3852 2468 59 22 most
3920 2469 26 21 at
3955 2466 71 24 heart.

3654 2497 62 25 The'
3723 2498 119 31 European
3852 2497 143 25 Economist'
4002 2497 115 32 publishes
4124 2504 59 18 some

3628 2530 57 22 facts
3696 2530 56 22 with
3768 2529 80 30 regard
3864 2532 25 20 to
3906 2529 39 23 the
3955 2529 89 30 growth
4053 2529 24 23 of
4093 2530 78 28 popula-

3628 2561 47 21 tion
3700 2559 23 23 in
3748 2561 40 21 the
3812 2559 90 23 various
3921 2559 113 23 countries
4052 2559 25 23 of
4094 2558 89 31 Europe

3628 2589 82 31 during
3720 2589 38 24 the
3769 2589 116 24 decennial
3891 2589 78 31 period
3975 2589 23 23 of
4010 2590 96 23 1885-95.
4136 2589 47 23 The

3627 2622 121 28 aggregate
3766 2620 100 23 increase
3882 2627 47 16 was
3945 2620 135 28 29,922,800.
4118 2619 65 24 Some

3627 2650 76 23 States
3710 2650 57 22 have
3773 2650 115 22 advanced
3899 2650 95 29 greatly.
4019 2650 45 22 For
4071 2650 112 29 example,

3627 2680 82 24 Russia
3733 2679 74 25 added
3829 2680 128 29 12,510,800
3976 2682 25 21 to
4023 2679 41 24 her
4084 2679 99 31 existing

3627 2711 146 28 population;
3795 2711 121 28 Germany,
3938 2711 130 27 4,522,600;
4088 2711 93 22 Austro-

3626 2739 118 31 Hungarv,
3790 2739 134 31 3,502,200;
3966 2740 71 24 Great
4079 2739 98 29 Britain,

3625 2771 129 28 2,452,400;
3770 2770 98 30 Turkey,
3882 2771 128 30 1,100,000;
4025 2770 45 25 and
4085 2770 93 31 France,

3624 2803 85 27 67,100.

3652 2832 72 23 There
3740 2839 39 16 are
3789 2832 53 30 only
3853 2834 45 21 two
3908 2833 115 23 survivors
4032 2833 23 22 in
4066 2832 85 25 France
4161 2833 22 23 of

3624 2862 135 29 Napoleon's
3775 2862 77 22 Grand
3863 2863 79 28 Army,
3953 2862 45 23 and
4015 2870 41 15 one
4073 2862 25 23 of
4111 2863 70 27 them,

3624 2892 31 22 M.
3668 2892 97 27 Baillod,
3774 2898 45 16 was
3830 2892 100 29 recently
3939 2891 121 23 decorated
4070 2891 30 30 by
4110 2891 60 23 Presi-

3623 2921 56 24 dent
3696 2920 71 25 Faure
3778 2921 57 24 with
3845 2921 40 24 the
3901 2928 61 17 cross
3976 2921 24 24 of
4014 2921 40 24 the
4068 2921 81 31 Legion
4159 2921 24 24 of

3624 2952 85 24 Honor.
3740 2952 89 24 Baillod
3844 2952 19 24 is
3881 2954 39 21 lo:>
3936 2959 66 23 years
4016 2952 47 28 old,
4073 2952 45 24 and
4135 2952 48 25 still

3624 2982 132 31 reasonably
3765 2983 82 28 active,
3859 2983 87 30 though
3958 2983 61 23 after
4029 2982 116 24 Waterloo
4155 2983 28 23 he

3624 3020 46 17 was
3680 3013 132 30 discharged
3823 3013 58 24 from
3890 3013 41 24 the
3939 3020 64 24 army
4011 3020 24 17 as
4044 3020 14 17 a
4068 3020 101 24 consump-

3624 3044 55 22 tive.

3652 3074 48 23 The
3710 3074 69 23 death
3789 3074 40 23 has
3840 3073 107 25 occurred
3961 3076 25 22 at
4000 3074 107 31 Clooney,
4120 3074 62 24 West

3624 3104 73 27 Clare,
3709 3105 23 22 of
3746 3113 13 14 a
3769 3113 52 15 man
3837 3105 81 23 named
3933 3104 105 31 Conway,
4051 3107 25 21 at
4095 3104 39 24 the
4143 3112 39 24 age

3624 3135 23 23 of
3662 3136 38 23 111
3711 3142 73 24 years.
3815 3134 48 25 The
3873 3135 107 24 deceased
3998 3135 44 23 had
4058 3135 55 24 been
4132 3134 38 32 bog-

3624 3173 81 23 ranger
3714 3173 28 16 on
3754 3165 39 24 the
3803 3168 73 21 estate
3886 3165 23 24 of
3924 3165 59 24 Lord
4000 3165 128 29 Inchiquin,
4139 3166 43 23 and

3624 3196 82 24 almost
3716 3199 24 20 to
3750 3196 39 24 the
3799 3196 46 24 last
3854 3203 46 16 was
3916 3196 23 23 in
3956 3196 87 30 perfect
4059 3195 123 32 possession

3623 3227 23 22 of
3661 3227 34 22 his
3706 3227 112 23 faculties.
3849 3226 37 24 He
3895 3226 55 23 used
3961 3230 24 19 to
3994 3226 60 24 walk
4066 3229 45 21 two
4120 3227 62 23 miles

3623 3264 69 22 every
3806 3259 24 21 to
3840 3264 65 16 mass.
3944 3256 35 24 He
3996 3256 45 24 bad
4056 3264 14 16 a
4088 3257 94 23 distinct

3623 3287 143 24 recollection
3783 3287 24 24 of
3822 3287 38 24 the
3877 3286 60 25 Irish
3955 3287 116 24 Rebellion
4081 3287 25 24 of
4120 3287 62 29 1798,

3624 3318 21 22 iu
3657 3318 75 22 which
3742 3318 28 22 he
3780 3318 54 22 took
3845 3325 29 15 an
3884 3318 74 23 active
3970 3320 59 27 part.

3652 3347 47 23 The
3709 3351 92 26 present
3811 3347 110 23 members
3937 3347 24 23 of
3977 3347 40 23 the
4033 3349 65 29 great
4114 3347 68 23 house

3623 3377 23 24 of
3666 3377 135 24 Rothschild
3818 3377 95 24 number
3923 3386 29 15 no
3961 3377 69 24 fewer
4041 3378 54 24 than
4105 3379 77 23 eleven

3623 3408 88 24 barons.
3749 3408 60 24 Lord
3827 3408 33 23 De
3880 3408 135 24 Rothschild
4034 3408 46 26 and
4098 3408 84 25 Barons

3622 3438 80 24 Alfred
3713 3438 45 24 and
3768 3438 100 30 Leopold
3876 3438 45 24 live
3931 3439 23 23 in
3963 3438 103 31 England
4076 3447 7 19 ;
4097 3439 85 23 Barons

3622 3469 124 30 Alphonse,
3765 3469 96 28 Gustav,
3881 3469 106 28 Edward,
4005 3469 111 30 Adclphe,
4137 3469 45 24 and

3622 3500 76 21 James
3709 3500 23 22 in
3752 3499 79 28 Paris;
3845 3499 75 23 Baron
3930 3499 124 25 Nathaniel
4070 3500 79 28 Meyer
4158 3500 24 23 in

3622 3528 97 30 Vienna,
3730 3529 45 24 and
3785 3529 75 24 Baron
3871 3528 101 25 William
3982 3529 24 24 in
4015 3528 130 26 Frankfort.

3650 3566 66 24 From
3727 3566 109 30 inquiries
3851 3566 65 24 made
3933 3567 24 23 in
3973 3565 88 32 Paisley
4078 3570 102 28 amongst

3622 3597 39 25 the
3685 3597 80 32 people
3789 3597 51 25 who
3864 3597 45 25 had
3933 3597 118 25 entrusted
4070 3597 67 25 funds
4156 3600 24 23 to

3622 3629 167 26 Abercrombie,
3806 3630 40 22 the
3856 3629 93 30 missing
3958 3629 104 31 Glasgow
4076 3632 91 21 account-

3621 3662 48 25 ant,
3681 3659 89 30 against
3780 3659 74 23 whom
3864 3659 40 24 the
3920 3659 104 31 Glasgow
4039 3659 72 31 police
4125 3660 56 23 have

3622 3690 73 21 issued
3707 3697 13 15 a
3737 3692 108 25 warrant,
3866 3690 20 22 it
3904 3697 95 23 appears
4019 3690 52 23 that
4089 3690 28 22 he
4135 3689 45 23 had

3621 3719 103 23 received
3734 3719 59 23 from
3803 3719 89 30 Paisley
3906 3719 80 24 clients
4003 3727 61 16 sums
4079 3723 86 20 amount-

3621 3750 39 30 ing
3670 3753 25 20 to
3704 3753 25 21 at
3739 3750 57 24 least
3806 3751 103 28 50,000.
3940 3749 30 25 Of
3980 3750 63 24 three
4053 3750 58 31 legal
4120 3749 62 25 Arms

3620 3781 108 29 specially
3753 3780 123 24 concerned
3901 3787 46 17 two
3971 3780 45 24 had
4040 3781 66 30 given
4127 3788 55 16 over

3621 3811 97 27 IO,OOO
3727 3811 55 24 each
3792 3811 35 24 for
3837 3812 146 28 investment,
4001 3810 45 25 and
4062 3811 39 24 the
4118 3811 62 24 third

3621 3843 89 26 7,500.
3741 3842 93 24 Private
3850 3849 92 23 persons
3957 3842 44 24 had
4011 3842 47 24 also
4067 3842 113 24 advanced

3622 3873 89 22 various
3721 3880 68 21 sums,
3801 3880 42 16 one
3853 3873 128 30 gentleman
3991 3872 45 24 and
4047 3872 34 24 his
4095 3872 52 23 wife
4156 3875 25 20 to

3622 3903 38 22 the
3677 3906 81 20 extent
3776 3903 23 23 of
3816 3910 54 16 over
3886 3904 103 27 II,OOO.
4022 3902 158 24 Abercrombie

3621 3932 45 23 had
3677 3932 126 24 influential
3813 3933 79 29 family
3900 3932 144 24 connections
4052 3933 22 22 in
4081 3932 97 30 Paisley.

3649 3963 34 23 At
3693 3962 39 24 the
3743 3962 121 24 Electrical
3874 3963 134 24 Exhibition
4018 3962 66 31 being
4094 3962 52 24 held
4156 3963 23 23 in

3622 3992 56 24 New
3692 3993 61 24 York
3763 4001 14 15 a
3794 4001 99 23 message
3911 3993 40 24 has
3968 3993 55 24 been
4040 3995 51 21 sent
4107 3993 72 23 round

3620 4023 40 24 the
3671 4023 78 25 world.
3780 4023 38 25 Mr
3828 4023 120 33 Chauncey
3958 4024 33 24 M.
4008 4023 84 33 Depew
4109 4026 70 25 wrote

3620 4062 14 15 a
3657 4055 109 30 despatch
3791 4063 25 15 as
3840 4055 122 30 follows:

3620 4084 108 27 Nature's
3753 4087 121 26 treasures,
3906 4085 45 23 and
3982 4085 84 21 science
4090 4084 89 24 utilises

3620 4114 91 24 electric
3735 4122 77 23 power
3836 4115 35 23 for
3895 4115 40 24 the
3958 4114 111 31 grandeur
4092 4114 23 24 of
4139 4114 40 25 the

3622 4145 91 24 nations
3723 4145 45 24 and
3779 4146 39 23 the
3829 4153 66 23 peace
3907 4146 24 23 of
3947 4144 40 25 the
4123 4144 55 24 This

3620 4183 46 15 was
3690 4179 51 20 sent
3759 4176 31 29 by
3810 4176 120 24 President
3949 4175 120 28 Chandler,
4094 4175 24 23 of
4136 4176 40 22 the

3620 4206 77 22 Postal
3716 4206 138 30 Telegraphs
3873 4206 156 30 Department,
4056 4205 50 23 who
4131 4212 45 17 was

3619 4235 81 31 sitting
3709 4238 26 21 at
3744 4243 42 16 one
3796 4235 49 24 side
3854 4235 24 24 of
3887 4236 39 23 the
3935 4235 59 24 table
4001 4236 23 24 in
4034 4235 39 23 the
4083 4233 78 25 Exhibi-

3620 4266 56 29 tion,
3687 4266 45 24 and
3747 4266 104 31 opposite
3862 4266 45 24 him
3924 4268 25 22 at
3966 4266 39 24 the
4014 4266 65 23 other
4094 4265 48 24 side
4151 4264 24 25 of

3619 4297 40 23 the
3669 4297 61 23 table
3740 4304 46 16 was
3796 4297 38 23 Mr
3844 4297 92 28 Edison,
3947 4296 94 30 waiting
4051 4299 23 21 to
4090 4296 86 23 receive

3619 4327 20 24 it
3656 4327 60 24 after
3734 4327 31 24 its
3784 4328 52 29 long
3855 4328 100 28 journey.
4001 4327 38 23 Mr
4062 4325 113 26 Chandler

3619 4358 146 23 transmitted
3775 4358 20 23 it
3804 4360 25 21 at
3838 4358 50 23 8.34
3899 4364 53 17 over
3961 4357 39 23 the
4017 4357 65 23 wires
4097 4357 23 22 of
4134 4356 40 23 the

3619 4388 106 24 Western
3754 4387 82 29 Union,
3869 4387 98 31 through
4000 4386 104 31 Chicago,
4130 4386 43 24 Los

3617 4419 105 31 Angeles,
3734 4419 45 23 .Sin
3789 4419 125 26 Francisco,
3926 4417 45 25 and
3981 4417 80 25 thence
4071 4421 24 20 to
4112 4416 45 25 Van-

3617 4457 89 20 couver,
3730 4449 132 29 Winnepeg,
3883 4449 121 26 Montreal,
4029 4448 79 27 Canso,
4126 4448 45 23 and

3617 4479 99 27 London,
3728 4478 74 23 which
3812 4480 19 21 it
3841 4478 95 23 reached
3947 4481 24 21 at
3986 4479 57 22 8.38.
4080 4477 89 24 Thence

3615 4509 20 23 it
3659 4517 46 15 was
3728 4511 52 21 sent
3803 4508 97 30 through
3926 4508 89 28 Lisbon,
4046 4507 122 29 Gibraltar,

3615 4539 80 26 Malta,
3707 4538 137 28 Alexandra,
3863 4538 63 27 Suez,
3943 4538 109 29 Bombay,
4069 4537 99 28 Madras,

3614 4568 130 30 Singapore,
3756 4567 121 31 Shanghai,
3890 4567 121 30 Nagasaki,
4028 4567 45 24 and
4088 4567 79 24 Tokio.

3613 4598 47 22 The
3685 4605 98 21 message
3807 4605 45 14 was
3877 4597 107 23 returned
4002 4597 30 29 by
4052 4597 38 23 the
4109 4605 61 15 same

3612 4629 72 25 route,
3697 4627 43 21 and
3757 4633 45 14 was
3820 4626 101 22 received
3939 4626 29 28 by
3984 4626 38 21 Mr
4040 4626 85 22 Edison
4144 4627 25 22 in

3612 4656 51 31 fifty
3673 4656 99 24 minutes
3780 4656 60 24 after
3850 4655 37 24 Mr
3897 4655 113 25 Chandler
4020 4655 43 25 had
4080 4656 88 25 started

3612 4688 26 22 it.
3668 4687 49 23 The
3726 4694 99 23 message
3840 4694 46 16 was
3896 4686 105 31 reported
4010 4686 57 24 from
4078 4687 56 23 each
4144 4688 24 23 of

3612 4718 39 23 the
3661 4717 76 31 places
3747 4717 129 24 mentioned
3885 4724 26 16 as
3920 4717 20 24 it
3949 4716 97 25 reached
4056 4717 26 24 it.
4113 4717 55 25 This

3612 4749 19 23 is
3648 4749 39 23 the
3706 4749 82 23 fastest
3806 4748 63 30 piece
3888 4748 23 23 of
3930 4748 160 24 international
4114 4749 43 23 tele-

3612 4779 110 54 fraphing
3732 4778 74 24 which
3816 4779 41 23 has
3866 4786 52 16 ever
3928 4778 56 24 been
3993 4778 172 30 accomplished,

3627 4809 32 23 'he
3669 4816 99 23 message
3778 4811 51 22 cost
3836 4811 25 21 at
3871 4808 64 24 tariff
3942 4812 61 21 rates
4013 4808 79 25 152d0l
4102 4811 47 23 5-c.

3639 4839 27 24 In
3677 4840 63 23 Paris
3751 4840 39 23 the
3799 4847 105 23 manager
3914 4839 23 24 of
3947 4847 13 16 a
3970 4839 99 32 clipping
4084 4839 85 26 bureau

3611 4871 75 23 whose
3701 4878 85 23 agency
3800 4870 66 24 reads
3885 4870 30 24 all
3934 4870 39 24 the
3993 4877 81 24 papers
4092 4871 24 24 of
4130 4872 39 24 the

3611 4901 77 28 world,
3701 4901 100 30 recently
3812 4901 65 23 made
3886 4908 14 16 a
3909 4901 134 23 calculation
4053 4908 25 17 as
4088 4904 24 21 to
4118 4903 50 22 who

3612 4933 17 21 is
3639 4932 100 23 oftenest
3747 4931 129 24 mentioned
3886 4939 25 16 as
3927 4939 14 16 a
3958 4931 76 31 public
4044 4932 122 25 character.

3611 4962 115 29 Napoleon
3746 4962 18 23 I.
3786 4962 79 23 stands
3885 4962 57 28 first,
3962 4962 110 30 although
4089 4964 46 22 this
4150 4965 19 21 is

3610 4991 109 32 probably
3746 4992 23 23 in
3794 4998 152 25 consequence
3968 4991 24 25 of
4015 4992 40 24 the
4078 4993 90 30 passing

3610 5023 87 24 fashion
3707 5023 24 23 of
3747 5022 76 31 things
3833 5022 118 31 Napoleon
3960 5023 53 24 that
4022 5026 36 21 set
4072 5024 23 23 in
4105 5032 60 15 some

3602 5053 1 36 |
3610 5054 55 23 time
3674 5061 49 23 ago.
3754 5053 63 24 Then
3827 5061 73 16 comes
3911 5053 39 24 the
3960 5054 109 31 Emperor
4078 5054 24 24 of
4111 5055 40 23 Ger-

3609 5091 75 22 many,
3704 5084 54 23 then
3777 5084 80 22 Prince
3876 5083 125 30 Bismarck,
4022 5085 45 23 and
4085 5085 24 23 in
4128 5085 40 23 the

3609 5114 77 23 fourth
3697 5113 64 31 place
3770 5113 38 24 Mr
3817 5113 131 24 Gladstone.

3636 5144 48 24 One
3702 5144 24 23 of
3746 5143 39 24 the
3808 5146 60 22 most
3891 5144 140 25 remarkable
4055 5145 112 25 botanical

3608 5176 126 23 curiosities
3749 5176 23 23 in
3783 5175 39 24 the
3832 5174 71 24 world
3913 5175 19 24 is
3949 5176 24 23 iu
3988 5176 39 23 the
4041 5178 124 28 possession

3608 5205 23 22 of
3641 5205 49 23 Mrs
3700 5206 32 22 Le
3741 5205 72 27 Clerc,
3824 5205 24 23 of
3862 5205 95 27 Quebec.
3988 5206 24 23 It
4029 5207 19 22 is
4062 5214 13 15 a
4085 5207 80 27 potted

3608 5235 118 23 American
3742 5235 90 30 Beauty
3842 5242 50 16 rose
3907 5234 66 30 bush,
3984 5235 75 24 whose
4078 5235 86 24 flowers

3607 5265 57 24 have
3674 5266 101 31 perfume
3786 5266 52 31 only
3848 5266 59 24 from
3917 5266 113 32 midnight
4040 5267 59 24 until
4109 5267 39 31 day-

3606 5297 65 28 light.
3703 5297 88 29 During
3800 5298 40 21 the
3850 5299 47 21 rest
3914 5298 23 22 of
3956 5298 39 22 the
4012 5298 148 28 twenty-four

3606 5326 68 22 hours
3693 5326 56 28 they
3772 5332 38 16 are
3834 5326 112 29 perfectly
3969 5327 104 22 odorless.
4114 5327 48 23 The

3605 5354 116 34 fragrance
3737 5355 78 33 begins
3831 5358 24 24 to
3873 5355 78 28 exhale
3961 5356 109 34 precisely
4080 5364 28 18 on
4123 5357 40 26 the

3604 5388 77 23 stroke
3692 5389 24 22 of
3726 5389 88 22 twelve.

3630 5418 62 23 John
3701 5419 89 23 Ruskin
3800 5419 19 23 is
3829 5420 116 30 evidently
3955 5426 54 16 near
4023 5420 40 22 the
4080 5421 44 23 end
4140 5421 21 22 of

3603 5447 35 22 his
3655 5448 45 22 life.
3732 5447 44 25 His
3795 5456 99 24 memory
3911 5451 19 22 is
3945 5456 57 23 gone
4017 5450 144 30 completely,

3602 5476 45 23 and
3665 5477 28 22 he
3713 5477 108 31 imagines
3841 5480 52 22 that
3912 5480 28 22 he
3959 5479 19 22 is
3996 5478 24 23 in
4040 5478 84 31 danger
4138 5480 23 22 of

3600 5508 134 24 starvation.
3766 5508 36 24 He
3820 5509 40 24 has
3876 5510 67 29 given
3962 5516 65 23 away
4043 5517 117 17 enormous

3601 5544 60 16 sums
3672 5537 82 32 during
3770 5539 36 23 his
3822 5540 52 30 long
3889 5541 45 27 life,
3952 5539 45 24 and
4014 5541 20 22 it
4050 5541 20 22 is
4084 5548 14 16 a
4114 5541 47 23 fact

3600 5567 53 24 that
3670 5568 34 24 his
3719 5570 129 32 generosity
3866 5571 39 24 has
3922 5570 41 25 left
3982 5570 47 25 him
4048 5580 98 22 compara-

3600 5599 72 30 tively
3686 5607 62 22 poor.

1726 83 233 49 MOUNT
2004 84 268 50 BENGER
2317 83 189 49 MAIL.

3570 103 178 29 SATURDAY,
3764 104 126 28 AUGUST
3904 105 35 27 22,
3958 105 40 22 189
4013 120 5 7 .

3599 5657 95 26 Printed
3713 5661 45 23 and
3777 5662 120 30 published
3916 5663 31 31 by
3966 5664 39 24 the
4023 5665 132 29 proprietor,

3654 5689 61 23 John
3740 5691 147 28 Weatherall,
3917 5697 25 20 at
3971 5695 35 21 his
4035 5694 120 29 registered

3654 5720 103 31 printing
3778 5722 71 27 office,
3873 5724 106 24 Scotland
3998 5726 77 25 street,
4096 5723 45 24 Rox-

3654 5750 80 29 burgh,
3746 5751 79 30 Otago,
3838 5752 56 24 New
3908 5753 117 26 Zealand-
4034 5753 112 31 Saturday

3652 5779 91 40 Aujj'uat
3752 5781 34 36 BJJ,
3800 5782 60 28 \m.

2452 990 54 22 Date
2513 990 22 21 of

2614 989 117 23 Transferor

2817 988 72 23 Shares

2892 987 3 23 .
2910 987 93 23 CODslUC-

2464 1015 61 22 Deed.

2916 1014 73 21 raticD.

2452 1041 50 19 1893.

2954 1044 15 14 s.
2982 1038 20 19 d.

2441 1064 54 23 Sept.
2506 1065 22 20 14

2552 1063 22 22 E.
2584 1064 23 21 R.
2622 1064 67 21 Smith

2849 1063 20 19 1-2

2915 1063 22 19 .52
2960 1061 9 21 1
2993 1061 10 21 0

2441 1090 44 20 Oct.
2495 1090 21 20 11

2551 1090 25 20 A.
2587 1089 26 21 H.
2623 1089 84 21 Nathan

2846 1087 23 21 23

2902 1087 35 20 100
2958 1087 12 20 0
2993 1087 10 19 0

2441 1115 55 20 Sept.
2507 1114 23 19 14

2553 1114 42 19 Mrs
2605 1114 23 19 R.
2638 1114 18 19 J.
2666 1113 81 20 Seddoti
2770 1128 20 4 ...

2848 1113 21 18 20

2915 1111 22 20 83
2958 1112 12 17 0
2993 1111 10 18 0

2441 1138 47 21 Dec.
2498 1138 23 20 20

2553 1137 90 21 Richard
2654 1137 81 20 Rankiu

2848 1136 21 21 73

2903 1135 33 20 281
2959 1135 12 20 5
2993 1135 10 19 0

2453 1163 49 19 194.

2441 1186 47 18 Feb.
2499 1185 32 19 19*

2551 1185 54 19 Juhn
2619 1184 82 20 Ritchie

2836 1183 33 19 132

2903 1183 34 18 473
2960 1183 10 18 4
2993 1183 10 17 0

2441 1208 58 21 April
2507 1208 33 19 30'

2553 1208 87 19 Thomas
2648 1206 79 21 Turrell

2837 1206 32 21 166

2906 1205 64 20 16B17
2993 1205 10 18 0

2441 1232 55 23 Sept.
2506 1232 22 20 20

2551 1231 54 21 John
2615 1231 64 24 Ryley

2847 1230 24 20 .10

2915 1229 22 21 87
2949 1229 21 20 10
2993 1229 10 20 0

2442 1256 48 21 Dec.
2498 1257 23 20 28

2550 1256 55 21 John
2617 1256 84 23 Murray

2836 1255 33 20 100

2441 1282 55 21 Sept.
2507 1281 22 20 19

2553 1281 55 20 John
2618 1281 64 22 Ryley

2847 1280 22 20 25

2915 1279 22 20 10
2959 1279 12 20 5
2992 1279 11 19 0

2442 1306 44 19 Oct.
2496 1306 22 18 1R

2552 1305 79 19 Bendix
2640 1305 149 20 Hallenstein...

2837 1303 33 21 100

2926 1304 11 17 ,X
2949 1303 22 19 13
2993 1303 10 18 0

2443 1329 48 23 Sept
2506 1329 24 20 29

2551 1329 19 19 J.
2580 1328 27 20 H.
2618 1328 52 20 Ken-

2848 1328 22 18 20

2915 1326 23 20 40
2960 1326 11 19 0
2993 1326 11 19 0

2453 1353 51 20 1895.

2443 1376 51 20 Mar.
2508 1376 21 20 21

2554 1376 58 20 Ellen
2621 1376 24 20 A.
2653 1376 56 20 Paris

2848 1374 23 22 39

2927 1374 11 20 0
2960 1374 12 20 3
2993 1374 11 19 0

2723 1633 56 20 Book
2789 1633 69 21 Value.

2911 1632 48 21 Sold
2968 1632 36 20 for.

2794 1664 14 15 P.
2826 1658 20 21 (1.

2957 1663 15 14 s.
2985 1657 19 20 d.

2444 1685 121 21 Cambridge

2679 1700 20 4 ...
2741 1682 34 21 250
2797 1683 12 19 0
2831 1684 12 17 0

2905 1682 35 20 250
2962 1682 11 19 0
2996 1682 11 19 0

2443 1710 108 20 J,awrence

2681 1724 19 3 ...
2723 1706 53 24 2,559
2787 1706 23 20 19
2832 1707 11 18 ti

2888 1706 52 23 1,009
2963 1708 10 17 U
2996 1706 11 18 0

2443 1734 81 21 Marton

2681 1748 19 4 ...
2742 1730 34 22 265
2798 1731 12 19 0
2832 1731 11 19 0

2917 1730 23 20 25
2963 1730 12 19 0
2996 1730 11 20 0

2444 1758 119 20 Xorruanby

2753 1755 23 19 9
2798 1755 11 19 7
2832 1755 10 19 1

2929 1755 12 18 3
2962 1755 13 19 0
2996 1755 11 18 0

2443 1782 102 20 Rangioni

2679 1796 20 4 ...
2724 1778 51 24 1,390
2787 1778 23 20 19
2822 1779 20 18 11

2888 1778 53 22 1,000
2963 1778 11 17 0
2996 1778 11 17 0

2443 1805 116 23 Wanganni

2679 1821 19 4 ...
2722 1803 53 25 3,805
2797 1802 13 21 5
2831 1802 12 20 0

2888 1802 53 24 3,003
2952 1802 22 19 15
2996 1802 12 19 3

2443 1828 118 28 Wyndham

2753 1828 22 22 77
2798 1828 12 20 6
2832 1828 11 20 1

2918 1828 23 19 90
2997 1828 10 18 6
