3396 4379
344 388 3003 40 THE

344 428 1201 46 OXFORD
1745 428 1602 46 OBSERVER

344 474 1502 45 CIRCULATING
1982 474 1365 45 THROUGHOUT

344 519 938 46 NORTH
1470 519 1877 46 CANTERBURY

1666 632 224 30 Established
1929 635 89 28 1889.

2882 748 376 2 FASDDFAS

75 822 144 29 Yoltjmn
249 818 57 29 IX.
348 814 101 32 NEW
475 809 153 35 SERIES.

1221 801 109 30 EAST
1375 801 184 37 OXFORD,
1604 802 246 40 SATURDAY,
1895 806 202 32 JANUARY
2141 811 16 28 1
2204 811 89 31 1895.

88 101 39 34 v_\
152 110 20 12 M

88 138 38 20 o
150 138 19 19 «

86 257 38 20 O
187 261 19 14 <N
223 259 21 16 O

145 369 21 17 o

82 397 18 7 -.
113 390 15 7 *-
145 388 21 16 o
221 390 21 15 CO

82 426 39 28 P4
144 418 21 37 g
184 425 20 26 53
220 416 21 40 @

81 499 81 31 •*-!-*__
220 506 21 18 <

79 525 40 32 ft
143 517 20 42 3
219 525 29 18 *■

75 557 43 17 J-**
142 560 20 13 -q
218 557 21 19 H

79 576 39 26 s--|
141 583 21 14 r»

2490 953 211 65 JQHN
2758 961 85 75 JH.
2908 961 296 69 600KE,

2487 1051 120 48 THE
2640 1055 273 52 PlOPJul'g
2942 1060 269 56 €lIMIST,

2400 1148 413 44 178JCashel
2860 1157 228 44 Street,
3157 1162 132 33 XSO.

2269 1234 4 23 ;
2628 1225 12 38 )
2646 1224 150 41 Opposite
2810 1228 52 30 the
2876 1229 39 30 A.
2938 1229 45 39 I.)
3387 1246 2 5 ■

2443 1290 791 55 oaaisToatriioa.

2376 1454 105 31 Allow
2501 1467 51 19 me
2573 1461 34 26 to
2628 1459 117 30 submit
2766 1461 33 28 to
2814 1472 79 28 your
2908 1465 226 31 consideration
3149 1466 55 31 the
3218 1466 162 42 following

2294 1503 204 42 Specialities,
2522 1508 43 30 all
2587 1509 33 29 of
2640 1510 104 30 whick
2764 1510 96 42 being
2882 1523 52 30 my
2948 1524 69 21 own
3033 1519 242 39 compounding,
3290 1520 19 30 I
3323 1529 56 21 can

2294 1557 193 43 confidently
2508 1562 205 36 recommend,
2734 1562 119 42 haying
2867 1566 208 41 successfully
3107 1570 75 29 used
3213 1567 85 33 theni
3328 1571 48 31 for

2293 1617 84 21 some
2399 1619 111 29 years:
2512 1628 35 4 —
2547 1628 7 4 -
3190 1636 4 9 ,

2429 1664 13 20 I
2457 1671 36 15 am
2507 1666 148 28 exceedingly
2668 1668 126 22 successful
2806 1670 26 21 m
2846 1677 39 20 my
2894 1672 110 21 remedies
3013 1672 37 21 for
3065 1673 66 21 these
3140 1675 141 26 complaints,
3295 1677 59 22 have
3364 1684 18 16 a

2256 1705 4 14 :
2259 1720 2 1 -
2279 1702 3 22 ]
2404 1702 64 26 large
2478 1703 97 21 number
2588 1704 25 21 of
2625 1705 160 22 testimonials.
3315 1717 3 3 •
3333 1725 4 2 .

2297 1746 86 28 NEW
2401 1748 154 33 REMEDY
2574 1750 72 28 FOR
2665 1751 106 28 LIVER
2781 1754 239 41 COMPLAINTS

2432 1786 55 21 This
2497 1787 42 21 has
2548 1788 59 21 been
2616 1790 52 20 -well
2677 1790 78 21 tested
2762 1792 47 21 and
2818 1794 87 25 proved
2913 1794 82 27 highly
3005 1792 152 33 satisfactory.
3186 1809 2 6 >
3385 1812 3 8 v

2294 1829 170 29 GOLDEN
2486 1832 125 29 GROSS
2634 1836 239 30 NEURALGIA
2890 1840 184 42 MIXTURE
3089 1850 26 18 :-
3363 1828 11 47 ,'

2272 1889 77 28 '-ps^
2405 1876 35 21 By
2451 1877 74 22 which
2538 1879 27 21 th
2567 1886 11 14 e
2588 1881 54 26 pain
2653 1881 19 21 is
2682 1883 77 24 cured,
2769 1889 52 16 ease
2830 1884 114 26 obtained,
2959 1886 31 27 by
2999 1893 15 14 a
3022 1887 44 21 few
3075 1887 71 22 doses.
3154 1902 1 1 ■
3308 1881 14 26 A

2406 2051 45 19 For
2460 2048 72 24 which
2550 2048 838 29 ri^v^^roWWßßß^^^^^^^^^BßHiH^Mß^Sl^SWßl^^^^^^^^^B^B

2429 2137 13 19 I
2456 2143 42 14 can
2513 2138 53 26 give
2580 2145 14 13 a
2608 2139 48 20 safe
2670 2140 47 20 and
2730 2141 84 27 speedy
2828 2149 54 15 cure
2895 2144 33 27 by
2942 2152 15 13 a
2970 2145 45 21 few
3029 2146 71 20 doses.

2255 2176 2 18 1
2296 2180 77 26 Sore
2390 2181 102 27 Heads
2508 2185 26 24 &
2553 2186 107 31 Legs-

2404 2219 75 21 Cured
2489 2220 31 26 by
2529 2227 31 14 an
2569 2223 120 25 agreeable
2698 2225 47 19 and
2753 2225 107 26 pleasant
2873 2228 147 27 application,
3034 2231 48 21 also
3092 2232 97 23 relieves
3199 2235 62 26 pain,

2297 2267 156 28 Influenza
2460 2281 28 4 —

2403 2307 74 22 Cured
2485 2308 37 21 for
2530 2310 31 21 2s.
2576 2310 37 21 6d.
2623 2311 124 24 Hundreds
2762 2321 42 14 can
2817 2315 84 28 testify
2915 2317 25 21 to
2962 2318 41 22 the
3013 2320 59 25 good
3084 2319 90 29 quality
3183 2323 25 20 of
3216 2324 49 21 this
3274 2325 105 23 mixture.

2295 2358 191 32 Superlative
2509 2363 131 28 Mixture
2651 2366 48 26 for
2715 2368 61 26 Bad
2788 2368 127 34 Coughs
2924 2383 29 4 —

2255 2393 2 36 [
2406 2399 85 28 Brings
2505 2406 64 23 away
2582 2402 102 28 phlegm,
2699 2405 74 27 allays
2785 2406 136 28 irritations,
2935 2409 46 21 and
2998 2411 95 28 quickly
3106 2419 73 16 cures.

2298 2440 117 28 Eureka
2423 2455 29 3 —

2405 2481 21 19 A
2440 2488 53 14 sure
2507 2489 53 15 cure
2574 2484 37 21 for
2624 2485 33 20 all
2670 2486 68 21 kinds
2752 2487 25 21 of
2790 2488 52 21 skin
2856 2488 124 22 irritation.

2297 2521 183 25 CHILDBEDS
2494 2526 150 23 TASTLESS
2658 2529 160 23 TEETHING
2831 2531 178 23 POWDEES—

2407 2577 49 21 The
2473 2578 53 21 best
2539 2578 26 22 m
2578 2580 151 28 Canterbury,
2743 2588 15 14 a
2770 2583 57 21 trial
2839 2583 49 21 will
2905 2591 71 20 prove
2989 2585 27 21 it.
3036 2586 84 28 highly
3133 2589 172 22 recommended
3318 2589 32 28 by

2446 2616 97 21 medical
2557 2624 60 15 men.

2424 2686 618 42 CONSULTATIONS
3061 2694 205 38 FREE

2313 2757 290 29 PRESCRIPTIONS
2617 2762 217 29 CAREFULLY
2848 2766 76 24 AND
2943 2766 214 26 CORRECTLY
3164 2770 216 26 DISPENSED.

2594 2928 125 45 JtJST
2750 2929 325 48 PIIRCHASEI>

2299 3022 32 29 A
2352 3022 268 32 WHOLESALE
2642 3024 391 34 WAKEHOUSEMANS
3056 3029 162 31 ENTIRE
3244 3030 138 42 STOCJ£

2798 3090 40 22 OF

2503 3278 5 5 '
2521 3288 175 32 DOUBLE
2725 3288 150 33 WIDTH
2895 3260 493 63 AL^WOOL^^^^^^

2303 3361 458 92 DRESS
2827 3361 556 127 SERGES

2331 3521 242 50 Reduced
2593 3525 131 45 from
2755 3524 66 44 2s.
2852 3525 55 52 tp
2937 3523 52 45 Is
3021 3524 72 46 6d.
3112 3538 93 43 per
3218 3529 137 62 yard.

2719 3613 245 43 ALSO

2479 3688 87 47 750
2590 3684 207 47 YARDS
2820 3685 76 45 OF
2921 3685 287 46 GENUINE

2329 3773 251 101 ROUGH
2659 3770 269 99 BROWN
3017 3770 340 102 HOLLAND

2628 3932 102 53 6d.
2766 3946 114 53 per
2903 3932 164 67 yard
3111 3947 18 48 {

2303 4029 64 30 this
2380 4028 26 31 is
2421 4028 52 30 the
2488 4027 84 40 good
2587 4026 48 29 old
2651 4025 92 30 make
2757 4024 35 31 of
2803 4025 114 30 brown'
2926 4025 137 39 holland,
3086 4024 111 31 Imave
3211 4024 176 40 purchased

2409 4080 42 31 all
2465 4078 36 32 of
2511 4078 62 31 this
2587 4077 171 42 particular
2771 4077 63 30 line
2849 4081 33 26 at
2896 4069 429 57 presejxt4frrfe^Tif>^S^^

2326 4210 71 34 R.
2435 4208 79 34 H.
2551 4200 316 52 PJdRISH,
2933 4210 156 37 £a>st
3112 4212 258 42 Oxford,

1719 946 177 47 JOHN
1928 945 271 54 INGRAM.

1691 1244 160 39 LICENSED
1884 1245 83 38 LAND
1992 1245 138 38 BROKER,
2155 1246 72 38 VAL-

1691 1296 119 45 UATOR,
1845 1296 140 44 ESTATE,
2028 1296 199 45 INSURANCE,

1691 1347 20 38 &
1728 1347 150 38 GENERAL
1889 1347 69 38 COM
1965 1347 138 38 MISSION
2110 1347 116 38 AGENT-

1720 1400 78 30 Agent
1809 1401 41 27 for
1861 1400 38 23 the
1920 1400 123 24 National
2064 1400 133 24 Insurance

1901 1442 121 31 Company

1838 1477 31 29 of
1875 1477 61 24 New
1959 1477 120 23 Zealand.

1711 1507 175 31 OXFORD
1903 1508 26 31 &
1955 1508 254 31 SHEFFIELD.

2028 1594 2 12 :
2088 1603 3 8 :

1691 1682 149 31 Fortnightly
1861 1683 107 24 Auction
1990 1682 73 25 Sales
2078 1682 58 25 held
2145 1706 1 2 .
2157 1683 26 23 m
2195 1682 38 27 the

1691 1715 94 25 Market
1808 1716 89 29 Yards,
1925 1715 103 32 Oxford,
2055 1724 69 22 every
2146 1716 86 24 second

1691 1748 133 32 Thursday.
1858 1749 113 29 Monthly
1992 1748 72 25 Sales
2075 1749 57 24 held
2146 1753 26 19 at
2193 1748 37 25 the

1691 1782 95 24 Market
1818 1782 89 29 Yards,
1938 1781 125 33 Sheffield.
2132 1782 101 24 Privvte

1691 1814 102 25 Auction
1805 1815 72 25 Sales
1888 1815 151 24 undertaken
2062 1816 26 23 m
2112 1823 47 22 any
2169 1818 64 29 part

1691 1848 345 33 df-tke^camtt>:y^_^Pro^erty
2043 1848 95 31 Bought
2162 1848 82 36 Sold^

1691 1889 25 16 or
1727 1882 51 29 Let,
1798 1882 50 25 and
1856 1882 286 30 iValuations*~carefully
2153 1884 78 22 made.

1691 1915 69 24 Land
1771 1916 95 32 Bought
1875 1916 77 24 under
1969 1915 40 25 the
2032 1916 123 30 T?ajisf££
2174 1915 58 28 Act,

1691 1948 136 31 Transfers,
1840 1949 96 27 Leases,
1950 1949 49 23 and
2024 1948 72 24 deeds
2112 1949 31 31 of
2156 1949 89 29 Mofl^

1691 1988 70 25 gages
1771 1982 85 22 drawn
1874 1990 41 24 up.
1949 1982 90 30 Money
2057 1981 106 25 invested
2181 1981 51 23 and

1691 2013 107 25 obtained
1811 2020 41 26 for
1872 2015 89 24 Clients
1972 2022 30 16 on
2024 2014 135 32 Mortgage.
2188 2014 44 25 In-

1717 2056 101 16 surance
1827 2048 93 31 effected
1931 2056 31 16 on
1974 2048 132 30 Buildings
2119 2049 31 29 of
2157 2055 47 22 any

1758 2081 145 31 description
1914 2082 50 23 and
1979 2081 64 23 their
2048 2084 116 21 contents.

1720 2489 49 21 The
1777 2489 117 28 following
1903 2490 72 21 farms
1984 2496 39 15 are
2041 2490 37 21 for
2087 2491 47 21 sale
2143 2491 32 26 by
2184 2491 51 26 pri-

1693 2529 54 20 vate
1756 2529 85 25 treaty.
1872 2529 62 24 1,000
1950 2535 64 14 acres
2023 2529 26 20 at
2065 2529 106 20 Sheffield
2182 2529 55 20 with,

1692 2566 65 26 large
1766 2566 115 26 Dwelling
1890 2566 46 21 and
1945 2572 119 20 necessary
2079 2566 69 21 Farm
2157 2566 80 21 Build-

1720 2610 28 22 gs
1757 2603 33 21 all
1798 2603 82 22 fenced
1889 2603 47 22 and
1945 2603 153 22 sub-divided.

1722 2702 42 21 360
1782 2708 63 15 acres
1865 2702 57 21 with
1935 2702 59 27 good
2011 2702 119 27 buildings
2139 2702 48 21 and
2204 2701 42 22 all'

1691 2740 87 22 Jenced
1795 2740 48 21 and
1862 2740 141 21 subdivided.
2042 2740 41 22 178
2101 2746 63 15 acres
2178 2740 59 26 good

1694 2778 152 26 agricultural
1858 2777 72 21 Land.

1722 2895 42 23 796
1773 2902 62 15 acres
1845 2896 60 27 good
1917 2895 97 28 grazing
2022 2895 57 21 land
2096 2895 83 22 fenced
2188 2895 48 22 and

1695 2933 142 22 subdivided.
1882 2940 4 3 •
2038 2951 5 5 .
2193 2943 39 14 _.'■

1723 3051 28 21 60
1760 3057 64 15 acres
1833 3049 57 23 with
1899 3051 65 26 large
1972 3051 123 27 Dwelling.

1858 3353 1 1 ■
1861 3350 2 8 ;
1885 3353 2 1 '
2088 3361 10 5 ..-
2128 3359 2 2 •
2154 3356 2 1 ■
2248 3349 2 14 i

1816 3375 58 10 '■■■'■■
1910 3380 2 5 i
2099 3369 2 3 '
2180 3381 3 8 :
2242 3375 7 10 'I

1720 3662 172 49 JOHN
1941 3645 281 64 INGRMI

1795 3763 310 34 OXFORD.

1700 4020 159 33 WATGH
1946 4033 26 29 a,
2048 4021 29 31 &
2103 4019 140 33 CLOCK

1703 4103 149 51 Hands
1868 4075 159 104 |f^|
2058 4103 182 50 61$$$$$.

1800 4187 336 39 FITTED

1954 4247 26 20 at

1746 4290 160 45 Parish's,
1940 4289 92 35 East
2055 4288 145 45 Oxford,

1146 937 242 20 EXTRAORDINAY
1416 937 220 22 OPPORTUNITY.

1130 964 71 21 ?ROM
1211 964 61 19 THE
1281 963 116 21 FACTOR
1402 965 18 20 5T
1429 964 110 21 DIRECI
1549 964 38 21 TO
1598 966 62 20 THE

1285 997 4 3 •
1310 990 160 21 CTJSTOME..

1150 1017 38 20 OR
1198 1017 112 25 Company
1333 1016 19 20 is
1366 1018 77 24 selling
1463 1018 67 20 direct
1575 1019 23 20 to
1627 1020 38 20 the

1130 1037 12 32 J
1162 1044 115 24 customer,
1293 1043 52 21 thus
1357 1044 115 25 procuriug
1482 1046 36 19 for
1528 1044 38 21 the
1574 1045 70 23 latter,
1651 1052 14 15 a

1130 1070 67 23 louble
1217 1076 111 19 economy,
1347 1070 94 26 namely,
1462 1071 37 20 the
1514 1072 65 26 profit
1590 1072 23 20 of
1627 1073 38 20 the

1130 1097 104 23 wholesale
1244 1097 77 25 dealer,
1340 1097 43 20 and
1394 1096 36 21 the
1447 1101 65 17 more'
1517 1098 148 21 considerable

1130 1124 62 23 >ne«.oi
1202 1124 37 20 the
1249 1124 63 19 retail
1323 1123 77 25 dealer,
1425 1124 129 26 amounting
1566 1126 23 19 to
1607 1126 57 19 from

1130 1159 20 14 >3.
1178 1157 13 14 o
1199 1152 47 19 .£lO
1255 1155 58 21 upon
1322 1156 14 15 a
1346 1150 70 27 single
1423 1150 77 22 watch.
1515 1151 74 21 Retail
1596 1152 69 21 watch

1130 1173 73 28 leaders
1214 1178 44 20 and
1275 1176 112 27 jewellers,
1398 1178 86 26 usually
1499 1178 79 27 selling
1597 1178 39 22 but
1651 1185 14 15 a

1130 1205 29 22 lew'
1171 1204 93 21 watches
1275 1204 65 25 daily,
1355 1210 37 15 are
1411 1205 71 20 forced
1501 1206 24 20 to
1549 1205 63 22 make
1636 1212 28 15 an

1130 1231 155 25 ixtraordinary
1299 1230 65 26 profit
1375 1236 58 20 upon
1452 1232 53 20 each
1520 1237 41 15 one
1574 1232 49 21 sold
1641 1232 23 21 m

1130 1258 54 21 jrder
1194 1259 24 18 to
1228 1257 75 27 defray
1313 1262 110 21 expence3.

1147 1285 43 20 We
1209 1284 160 21 manufacture
1376 1290 26 14 as
1412 1289 44 15 our
1470 1286 122 26 speciality
1610 1287 55 26 only

1130 1312 88 25 sterling
1231 1312 69 21 silver
1309 1317 26 14 or
1354 1311 54 26 gold
1416 1311 157 22 stemwinders
1602 1313 63 27 (key-

1130 1340 24 19 Iss
1167 1338 100 21 watches.

1149 1364 47 21 The
1206 1365 85 26 keyless
1307 1362 138 23 mechanism
1454 1365 23 19 of
1491 1365 94 22 watches
1592 1366 20 21 is
1622 1373 42 14 one

1130 1393 13 20 if
1157 1390 39 22 the
1205 1393 58 20 most
1272 1392 108 26 importar
1385 1393 9 20 t
1405 1391 43 21 and
1458 1392 73 21 useful
1540 1394 125 21 inventions

1130 1420 14 21 sf
1160 1418 91 22 modern
1270 1419 75 23 times,
1373 1418 88 21 instead
1475 1418 23 20 of
1512 1420 113 26 fumbling
1641 1420 23 21 m

1130 1447 53 20 ane's
1192 1446 92 26 pockets
1299 1448 23 18 to
1332 1445 47 21 find
1394 1445 41 21 the
1451 1445 49 26 key,
1517 1446 72 21 which
1602 1446 63 21 when

1130 1473 61 21 bund
1205 1474 19 19 is
1238 1473 58 20 most
1310 1473 84 26 always
1402 1472 63 21 filled
1475 1472 54 21 with
1539 1472 76 22 dust—
1619 1473 46 21 this

1130 1501 15 20 of
1154 1505 78 17 course
1240 1500 69 26 being
1324 1499 131 21 transferred
1469 1500 24 19 to
1508 1500 41 20 the
1562 1500 74 21 watch
1638 1511 27 4 —

1130 1534 35 14 one
1175 1528 41 20 has
1226 1527 42 21 hut
1276 1528 25 19 to
1312 1526 55 20 turn
1376 1532 12 14 a
1399 1526 97 21 knurled
1505 1526 84 21 button
1597 1527 70 21 fitted

1130 1555 17 20 bo
1155 1555 42 21 the
1210 1554 102 27 pendant
1330 1553 32 26 (or
1371 1555 68 25 vmg\
1449 1553 55 20 thus
1514 1554 102 26 winding
1625 1554 40 21 the

1130 1582 65 22 watch
1215 1581 45 21 and
1289 1580 132 28 regulating
1439 1580 40 22 the
1496 1580 73 22 hands
1582 1581 31 27 by
1625 1581 41 22 the

1130 1616 55 14 same
1195 1614 84 15 means.

1150 1637 48 20 Our
1206 1635 99 21 watches
1324 1642 38 14 are
1373 1636 142 26 everywhere
1533 1635 134 27 recognised

1130 1663 18 21 bo
1157 1663 29 21 be
1204 1663 41 21 the
1258 1663 52 21 best
1326 1663 25 21 m
1369 1663 42 21 the
1420 1663 97 24 market,
1531 1663 135 26 surpassing
1677 1677 7 5 -

1130 1691 26 20 all
1165 1690 78 21 others
1253 1690 31 26 by
1303 1690 40 21 the
1352 1690 114 26 precision
1475 1690 26 20 of
1519 1689 63 21 their
1590 1696 76 14 move-

1130 1718 68 20 ments
1216 1724 26 14 as
1260 1717 53 21 well
1322 1724 25 14 as
1366 1717 31 26 by
1415 1717 62 21 their
1491 1723 110 20 accuracy
1619 1717 47 21 and

1130 1745 125 26 cheapness.

1152 1771 46 21 Our
1207 1772 94 25 factory,
1315 1771 61 21 since
1385 1771 31 21 its
1422 1771 138 21 foundation
1568 1771 26 21 m
1604 1771 61 25 1852,

1130 1799 36 21 has
1176 1799 96 27 aquired
1281 1805 14 14 a
1305 1799 143 21 world-wide
1457 1798 142 27 reputation,
1616 1798 47 21 and

1130 1827 102 21 obtained
1241 1827 40 19 the
1291 1826 94 26 highest
1394 1826 89 20 awards
1502 1825 59 21 from
1574 1826 34 20 all
1625 1826 44 24 the.
1676 1849 8 4 _

1130 1854 121 27 important
1265 1853 153 21 Exhibitions.
1447 1853 35 21 No
1496 1853 75 21 watch

1130 1888 36 14 our
1178 1882 90 25 factory
1281 1881 97 21 without
1393 1881 88 26 having
1488 1881 59 21 been
1555 1881 112 26 carefully

1130 1909 115 21 examined
1258 1908 46 21 and
1319 1908 102 25 verified,
1434 1909 56 20 thus
1508 1907 70 28 being
1596 1908 71 27 ready

1130 1936 31 21 for
1169 1936 132 20 immediate
1313 1942 45 14 use.
1387 1936 64 20 Each
1461 1942 42 14 one
1512 1935 21 20 is
1547 1936 44 26 put
1599 1942 33 20 up
1642 1936 26 20 m

1130 1970 25 14 an
1164 1964 92 26 elegant
1266 1963 122 20 silk-lined
1397 1969 57 19 case,
1471 1962 46 21 and
1531 1969 137 20 accompan-

1130 1990 33 21 ied
1171 1991 31 25 by
1212 1997 15 13 a
1235 1990 115 26 warranty
1358 1990 36 21 for
1403 1990 66 20 three
1479 1996 71 20 years.

1152 2018 49 21 The
1206 2018 73 26 buyer
1288 2024 52 20 may
1346 2018 77 20 return
1434 2024 46 20 any
1486 2018 23 19 of
1519 2024 41 14 our
1569 2016 99 22 watches

1130 2045 77 22 within
1216 2045 36 21 six
1270 2045 91 21 months
1375 2045 83 21 should
1475 2045 42 21 the
1536 2045 73 21 latter
1626 2045 43 21 not

1130 2072 69 21 afford
1207 2072 49 20 him
1264 2072 41 21 the
1314 2072 61 21 most
1384 2072 111 26 complete
1502 2072 151 21 satisfaction.

1153 2100 39 19 All
1201 2099 93 20 articles
1304 2099 51 20 sold
1374 2105 39 14 are
1422 2099 114 20 delivered
1551 2100 52 25 post
1611 2099 57 24 free,

1130 2127 41 20 and
1181 2126 103 21 Customs
1298 2126 59 26 duty
1365 2126 56 26 paid
1435 2127 26 19 to
1470 2131 47 21 any
1531 2127 55 25 part
1595 2126 25 21 of
1628 2126 41 20 the

1130 2152 72 25 world,
1217 2152 55 20 thus
1282 2152 98 20 without
1399 2152 40 20 the
1449 2152 110 26 slightest
1578 2152 91 21 trouble

1130 2185 22 14 or
1160 2178 119 26 formality
1286 2179 25 20 to
1320 2178 41 21 the
1370 2179 107 20 receiver.
1589 2185 4 3 •
1605 2177 64 13 ■-"-'*•■

1153 2206 39 19 All
1205 2206 88 25 repairs
1312 2205 85 26 during
1415 2205 41 20 the
1474 2205 68 20 three
1561 2211 66 19 years
1646 2204 24 21 of

1130 2232 122 26 guarantee
1258 2251 3 2 .
1271 2238 39 14 are
1329 2232 112 20 executed
1455 2231 182 27 gratituitously,
1652 2231 18 20 if

1130 2260 37 21 the
1185 2259 75 21 watch
1282 2259 30 21 be
1328 2258 127 22 forwarded
1472 2259 24 21 to
1516 2265 42 14 our
1576 2258 94 21 London

1130 2288 65 20 office.

1130 2315 46 20 The
1198 2313 119 27 following
1335 2319 40 16 are
1397 2313 56 21 cash
1475 2313 75 27 prices
1569 2313 102 21 without

1130 2341 109 21 discount.

1604 2367 20 20 £
1651 2373 18 14 8.

1155 2396 27 21 A.
1194 2393 163 26 Stem-winder,
1364 2393 178 27 sterlingsilver,
1550 2393 50 20 hall
1605 2399 3 17 ;
1621 2393 2 6 '

1209 2420 101 26 marked,
1324 2420 104 28 jewelled
1436 2420 26 21 m
1470 2420 14 21 6
1493 2420 96 25 actions,

1209 2449 86 26 crystal
1301 2449 63 27 glass
1374 2455 14 14 a
1397 2449 80 26 strong
1484 2448 47 21 and
1535 2448 53 21 dur-

1210 2476 51 21 able
1275 2476 76 21 watch
1399 2490 24 6 ...
1563 2490 24 6 ...
1644 2477 26 19 12

1130 2504 55 20 A.A.
1194 2502 50 22 The
1263 2509 63 15 same
1342 2503 59 21 with
1430 2502 83 21 double
1533 2502 71 21 silver

1215 2536 50 15 case
1279 2530 122 27 (Hunter),
1420 2530 117 26 elegantly
1553 2535 47 15 en-

1199 2558 87 26 graved
1432 2561 5 4 '
1642 2558 40 19 18/

1169 2584 88 22 B.Gold
1267 2584 161 26 stem-winder,
1437 2584 50 21 hall
1500 2582 101 26 marked,

1213 2613 80 25 strong
1302 2611 90 27 keyless
1399 2612 82 24 action,
1491 2610 104 28 jewelled

1211 2639 40 21 ml
1255 2640 13 19 3
1272 2639 94 24 actions,
1375 2639 56 21 with
1438 2639 55 26 gold
1502 2645 26 14 or
1535 2638 57 21 steel

1212 2666 82 25 hands,
1308 2666 67 21 small
1389 2666 83 21 second
1489 2666 54 24 dial,
1552 2671 39 15 en-

1213 2693 88 27 graved,
1314 2693 25 21 m
1357 2693 115 21 beautiful
1491 2693 99 26 designs,

1213 2721 83 27 engine
1304 2721 84 21 turned
1397 2728 26 14 or
1431 2721 63 27 plain
1503 2720 91 27 polish-

1213 2749 35 24 ed,
1272 2749 56 20 with
1346 2754 138 21 monogram,
1507 2747 84 24 initial;
1682 2761 2 9 ■,

1213 2781 59 14 arms
1282 2775 30 20 &c
1462 2790 78 6 ......
1604 2775 14 19 2
1658 2774 15 19 0

1131 2800 55 22 8.8.
1206 2801 45 21 The
1270 2808 60 14 same
1358 2808 25 14 as
1399 2802 26 24 B,
1447 2802 53 20 with
1516 2803 75 24 strong

1213 2828 78 22 double
1299 2828 50 26 gold
1364 2835 56 19 case,
1439 2836 30 14 an
1484 2828 106 22 excellent

1213 2856 45 21 and
1267 2861 50 20 very
1326 2857 85 24 elegant
1421 2856 136 27 timekeeper.
1568 2872 23 6 ...
1603 2857 13 20 3
1647 2857 27 21 10

1159 2882 104 22 O.Roxal
1269 2881 157 29 chronograph,
1441 2885 25 19 18
1475 2885 60 19 carat
1539 2884 53 26 gold

1213 2912 58 19 most
1296 2910 100 27 superior
1415 2911 82 24 keyless
1520 2916 70 15 move-

1213 2938 68 23 ment,
1305 2938 23 19 of
1351 2937 37 20 the
1411 2939 59 19 most
1489 2939 101 19 accurate

1213 2963 169 28 workmanship,
1401 2965 45 21 and
1463 2970 41 15 one
1514 2965 22 20 of
1555 2964 37 22 the

1213 2991 47 22 best
1272 2998 61 15 wear-
1337 2991 101 26 resisting
1449 2992 92 21 watches
1552 3007 24 6 ...
1604 2993 15 19 4

1132 3017 49 22 C.C.
1191 3018 46 20 The
1251 3025 60 15 same
1321 3019 70 20 watch
1401 3019 54 20 with
1464 3019 77 20 double
1547 3019 45 20 and

1129 3039 2 24 i
1215 3046 60 20 extra
1286 3046 75 24 strong
1371 3047 57 24 case,*
1437 3046 96 21 18-carat
1540 3045 51 26 gold

1129 3067 2 26 !
1213 3072 134 27 artistically
1362 3073 112 25 engraved,
1499 3073 93 25 engine-

1214 3099 77 21 turned
1302 3105 24 14 or
1345 3099 59 26 plain
1418 3099 104 26 polished;
1538 3098 53 22 with

1214 3132 147 20 monograms,
1375 3126 90 25 initials,
1475 3126 37 21 &c.
1552 3142 23 5 ...
1605 3128 13 20 6
1646 3128 28 19 10

1159 3154 27 21 D.
1208 3154 104 26 Imperial
1322 3153 101 20 calendar
1433 3154 156 24 chronometer,

1215 3181 97 20 18-carat
1335 3179 57 24 gold,
1415 3180 121 25 indicating
1555 3180 37 21 the

1214 3207 48 25 day,
1274 3206 36 20 the
1319 3206 66 23 week,
1397 3206 37 21 the
1442 3206 85 26 month,
1544 3207 46 19 and

1214 3233 49 21 date
1281 3233 23 20 of
1313 3233 86 24 month,
1408 3233 98 26 jewelled
1521 3233 23 20 m
1555 3234 35 20 18-

1215 3260 92 25 --actions,
1326 3260 51 21 with
1387 3260 31 20 all
1429 3260 37 20 the
1474 3260 67 21 latest
1549 3260 42 21 im-

1215 3288 147 28 provements
1385 3287 47 21 and
1454 3287 137 25 inventions,

1215 3321 43 15 one
1267 3315 25 20 of
1300 3315 41 20 the
1350 3315 52 20 best
1411 3314 46 21 and
1462 3316 58 19 most
1529 3321 63 21 mag-

1215 3342 94 21 nificent
1312 3342 100 21 watches
1418 3341 175 22 manufactured

1215 3370 57 21 such
1281 3376 25 14 as
1322 3375 39 15 are
1369 3375 71 15 never
1449 3369 51 21 sold
1517 3370 31 26 by
1559 3377 33 14 re-

1214 3398 45 21 tail
1268 3397 88 21 dealers
1364 3396 37 21 for
1410 3396 45 21 less
1463 3396 59 21 than
1531 3398 47 20 ,£25
1607 3399 27 20 10
1662 3399 14 20 0

1160 3426 44 21 All'
1208 3431 42 16 our
1258 3424 99 22 watches
1366 3431 39 14 are
1413 3424 174 22 manufactured
1596 3425 25 22 m
1630 3426 46 21 two

1134 3453 106 21 different
1248 3452 64 24 sizes,
1326 3452 64 26 large
1399 3452 46 20 and
1455 3452 67 20 small
1533 3452 47 26 (for
1588 3453 88 27 gentle-

1134 3487 53 13 men
1205 3479 47 21 and
1274 3478 92 26 ladies,)
1388 3478 99 22 without
1510 3479 122 22 difference
1651 3480 25 21 of

1133 3507 69 27 price.

1162 3535 46 20 Old.
1216 3534 106 23 watches,
1336 3532 39 21 old
1383 3533 55 27 gold
1446 3534 47 19 and
1510 3534 76 26 silver;
1590 3535 85 23 will'be

1134 3562 70 20 taken
1212 3562 25 19 m
1246 3560 109 27 payment
1364 3561 26 20 at
1398 3560 41 21 the
1448 3561 95 26 highest
1555 3562 76 20 value:
1655 3562 20 20 if

1134 3587 128 22 forwarded
1270 3587 32 26 by
1310 3587 78 26 parcel
1395 3587 55 26 post
1458 3587 25 21 to
1494 3594 42 14 our
1545 3588 101 22 address.

1162 3615 157 21 Remittances
1338 3619 54 22 may
1414 3614 29 20 be
1465 3614 66 22 made
1550 3612 75 24 either
1644 3616 32 26 by

1135 3642 80 21 Postal
1224 3641 78 24 Order,
1314 3640 98 26 Cheque,
1422 3641 67 20 Bank
1498 3642 66 20 notes
1569 3642 106 27 (postage

1135 3670 87 25 stamps
1230 3668 38 20 for
1277 3663 68 25 small
1351 3667 121 27 amounts,)
1488 3668 25 21 of
1522 3675 46 20 any
1571 3671 103 25 country,

1135 3697 25 21 m
1168 3694 127 29 registered
1303 3694 68 21 letter.

1162 3723 24 21 It
1195 3725 21 19 is
1226 3729 41 14 our
1275 3722 47 21 aim
1330 3721 25 21 to
1366 3721 47 27 give
1422 3719 41 23 the
1479 3722 89 22 utmost
1575 3723 101 26 possible

1136 3750 142 22 satisfaction
1286 3749 26 21 to
1322 3754 40 14 our
1371 3748 85 26 clients,
1479 3749 107 27 knowing
1594 3751 48 20 this
1650 3751 26 21 to

1135 3779 29 21 be
1173 3779 42 20 the
1223 3777 52 21 best
1285 3775 171 22 advertisement
1463 3776 37 20 for
1513 3783 42 14 our
1564 3777 112 26 products,

1136 3806 47 20 and
1191 3805 33 21 all
1232 3804 50 21 who
1291 3803 59 21 have
1362 3808 56 15 once
1432 3803 96 20 entered
1545 3803 50 21 into
1610 3804 67 20 busi-

1136 3840 53 14 ness
1197 3831 111 22 relations
1317 3829 57 21 with
1393 3836 27 13 us
1437 3829 78 27 gladly
1533 3831 144 20 recommend

1138 3867 26 13 us
1173 3861 25 20 to
1209 3859 59 21 their
1276 3856 88 22 friends
1375 3856 46 20 and
1429 3856 182 27 acquaintances.

1192 3885 101 21 Address
1302 3884 37 20 for
1347 3883 82 21 letters
1437 3883 46 21 and
1491 3883 75 21 orders
1573 3899 6 5 .

1152 3912 98 22 MORSE
1260 3909 261 23 MANUFACTURING
1531 3909 139 23 COMPANY

1302 3937 20 26 7,
1335 3937 29 21 ed
1373 3936 57 21 Lion
1440 3935 77 27 Court,

1385 3963 94 21 London
1487 3963 53 22 E.C.

1167 4165 56 24 l&gT
1228 4162 103 26 wanted,
1346 4162 26 21 at
1381 4168 64 19 once,
1459 4162 25 20 m
1494 4168 69 21 every
1581 4162 98 26 locality,

1139 4197 30 15 an
1178 4190 123 24 intelligent
1319 4195 80 21 person
1415 4191 24 18 to
1448 4191 37 19 act
1503 4195 26 15 as
1545 4195 41 14 our
1602 4190 77 24 Agent.

1139 4215 36 24 No
1185 4217 83 28 special
1277 4216 128 26 knowledge
1414 4216 108 27 required,
1531 4216 45 22 and
1584 4216 95 22 without

1139 4245 126 25 interfering
1288 4244 56 21 with
1366 4245 88 26 present
1473 4243 136 27 occupation.
1645 4245 34 19 An

1140 4271 111 22 excellent
1267 4271 136 27 occupation
1420 4271 38 21 for
1466 4277 15 15 a
1498 4271 94 27 capable
1601 4276 79 22 young

1141 4306 53 14 man
1203 4305 24 15 or
1235 4299 62 27 lady.
1340 4309 3 3 •

661 952 68 46 H.
757 948 284 47 LAMING

710 1051 252 47 Saddler

783 1138 108 33 and

583 1192 262 51 HAPLESS
886 1188 202 49 MAKER

722 1268 73 26 Near
813 1265 143 33 Saleyards.

672 1341 338 44 OXFORD,

575 1428 114 32 Orders
704 1427 63 30 and
795 1426 119 40 repairs
949 1423 160 42 promptly

575 1470 57 30 and
646 1468 107 40 neatly
767 1467 152 31 executed
944 1469 32 26 at
1001 1465 108 30 lowest

793 1515 93 23 rates.

668 1590 145 33 HORSE
836 1587 170 34 COVERS

594 1675 90 29 made
698 1678 38 30 to.
746 1674 92 29 order
853 1672 62 30 and
938 1669 151 41 repaired.

615 1747 21 20 A
646 1745 64 22 stock
719 1745 23 21 of
750 1745 68 21 horse
828 1743 123 22 medicines
961 1749 29 14 on
999 1742 69 24 hand,

641 1798 165 23 SOLOMON'S
832 1796 148 23 SOLUTION
1006 1796 37 21 &c.

575 1933 55 45 G.
651 1930 72 46 W.
746 1929 43 46 J.
809 1926 304 47 PARSONS

595 2033 316 46 MONUMENTAL
926 2029 165 43 MASON.

656 2105 61 25 Begs
726 2103 26 21 to
761 2107 118 16 announce
887 2101 54 21 that
950 2100 30 21 he
988 2100 44 20 has

605 2157 148 26 removed
759 2155 33 25 to
801 2155 41 25 56
851 2154 61 25 and
920 2154 41 24 58
973 2152 108 25 MAN-

665 2214 189 28 CHESTER
865 2211 158 27 STREET

692 2282 126 34 {Opposite
837 2281 65 25 Scot.
914 2278 83 33 Bros.)

575 2352 81 29 Every
679 2350 142 30 description
843 2349 28 29 of
891 2345 159 25 monumental
1066 2345 49 23 and

591 2410 90 26 marble
694 2409 65 24 work
770 2407 104 26 excuted
892 2410 26 21 at
929 2406 80 24 lowest
1027 2408 71 21 rates.

710 2475 131 32 Telephone
861 2474 49 28 No;
925 2473 57 24 682.

712 2550 95 30 Oxford
817 2549 79 32 Agent

769 2613 33 24 R.
819 2612 36 24 H.
873 2609 144 27 PARISH.

649 2765 54 45 G.
764 2762 290 48 SMITH.

590 2864 108 45 ZINC,
723 2862 88 46 TIN,
837 2861 96 39 AND
962 2859 143 40 SHEET

660 2944 137 43 STEEL
812 2941 220 42 WORKER.

599 3029 82 40 HIGH
699 3027 140 40 STREET.
859 3025 82 39 EAST
957 3024 138 39 OXFORD.

575 3121 46 25 All
631 3119 82 26 KxMs
725 3120 32 31 of
762 3119 91 32 Pumps
863 3118 80 24 Fixed
952 3116 51 25 and
1012 3116 105 31 Repair-

684 3185 30 22 ed
725 3187 28 20 at
765 3183 37 23 the
813 3182 102 24 shortest
926 3182 83 26 notice,

605 3313 72 45 W.
710 3313 66 45 H.
809 3309 285 49 ALFORD.

615 3410 462 91 WATCHMAKER,

579 3535 152 23 WORKING
740 3532 174 26 JEWELLER,
929 3531 146 22 OPTICIAN
1085 3531 37 22 &c.

649 3594 174 34 Main
858 3591 221 40 street,

627 3687 137 41 OX
790 3683 289 43 FOBD.

584 3767 169 40 Jewellery
768 3767 33 30 of
816 3777 55 21 eve
879 3776 38 30 ry
932 3763 190 41 description

623 3829 87 32 made
725 3833 32 26 to
772 3829 102 35 order,
896 3826 118 31 altered
1028 3826 63 29 and

778 3885 151 42 repaired.

588 3972 103 49 Pipes
706 3968 171 40 mounted
888 3968 71 39 and
967 3967 155 50 repaired

589 4038 60 40 Old
665 4037 82 40 Gold
760 4036 72 40 and
847 4036 111 39 silver

673 4107 137 34 Spectacles
827 4110 22 20 to
866 4106 48 23 suit
930 4105 38 24 all
984 4105 77 34 sights

588 4188 78 31 Agent
668 4187 47 30 for
726 4185 101 25 Adam's
835 4184 61 25 Star
913 4184 70 30 Cycle
997 4183 125 33 Company.

652 4241 77 31 W.
757 4239 51 33 H.
839 4238 226 33 ALFORD

749 4293 78 28 East
842 4292 120 29 Oxford

150 1380 269 49 NOTICE.

46 1484 118 45 JOB
179 1478 350 50 PRINTING.

33 1571 115 45 JOB
178 1566 368 49 PRINTING!

78 1648 173 33 OXFORD
284 1644 226 33 OBSERVER

104 1721 164 40 Machine
304 1717 173 51 Printing

197 1766 179 40 WORKS.
551 1782 6 20 ;

68 1816 98 24 MAIN
181 1813 148 28 STREET,
359 1809 150 27 OXFORD.

127 1882 90 24 FINE
233 1877 185 28 PRINTING.
427 1898 3 3 .

43 1924 43 38 In
98 1933 74 38 any
186 1919 155 49 Variety
357 1928 36 28 or
412 1916 114 48 Style.

80 1968 219 51 Hmorfel
352 1964 151 51 Cards.

19 2065 40 38 m
73 2073 84 29 new
172 2061 71 40 and
258 2060 123 39 chaste
402 2057 155 50 designs.

171 2115 53 39 ss.
253 2124 62 39 per
339 2112 72 38 doz.
461 2151 5 3 .

105 2159 218 41 Statement
331 2156 128 45 Heads,

105 2220 79 38 Ball
199 2218 257 49 Programmes,

105 2267 157 42 Posters;
282 2262 198 45 Handbills,

106 2323 190 45 Billheads,
324 2321 163 49 Cheques,

105 2383 123 39 Letter
244 2380 69 40 and
327 2379 89 39 Note
430 2376 127 46 Heads,

107 2439 184 44 Circulars,
318 2436 136 45 Menus,

58 2498 222 49 Catalogues,
306 2495 58 38 &c.
383 2494 57 38 &c.
467 2493 62 38 &o«

65 2559 78 31 New
160 2556 94 40 slyles
268 2555 33 29 m
316 2553 131 39 visiting
461 2552 63 30 and

162 2614 140 31 business
324 2611 101 31 cards.

23 2675 73 39 The
107 2671 140 41 newest
273 2669 117 49 styles
404 2667 39 38 m
457 2667 108 51 types

101 2729 71 41 and
198 2723 284 44 ORNAMENTS.

226 3643 192 63 Singor's

120 3766 84 49 and
242 3759 244 53 Hotmkold

115 3919 190 49 Hacking
326 3917 36 45 If
363 3913 135 51 **s*s

70 4037 122 50 From
210 4038 56 48 Is.
282 4046 77 49 jttr
393 4033 148 49 fozm.

271 4113 42 21 AT

124 4201 362 47 PARISH'S

54 4291 514 47 eastolfqrd
