3434 4385
459 41 2818 48 THE

459 89 1127 330 OXFORD
1774 89 1503 330 OBSERVER

1116 426 183 54 AND
1374 426 586 54 CANTERBURY
2032 427 497 69 DEMOCRAT,

1254 539 522 34 CIE.OXJLA.TING-
1853 541 518 37 THROUGHOUT

1701 711 228 33 Established
1974 715 91 29 1889.

36 864 138 30 VOLUMN
195 861 27 30 V—NO.Y
233 877 41 5 —
274 859 61 31 NO.

1250 850 108 31 EAST
1390 850 187 38 OXFORD,
1600 851 244 43 SATURDAY,
1873 856 156 31 MARCH
2051 858 56 36 24,
2129 859 89 30 1894

2912 864 136 32 Price—
3049 865 86 32 ONE
3173 865 155 32 PENNY.

2884 1015 50 38 G.
2961 1015 49 39 E.
3040 1016 345 45 WEYLANDT,

2996 1078 111 27 FAMILY
3124 1079 147 27 BUTCHER.

2906 1123 157 39 EAST
3095 1126 264 38 OXFORD,

2931 1194 4 24 ;
2944 1186 119 25 Families
3075 1188 89 24 waited
3173 1195 65 24 upon
3250 1187 75 33 daily.

2970 1303 281 33 ASTOUNDING
3264 1307 7 29 !

3033 1359 81 26 THIS
3142 1360 47 24 BE
3219 1361 92 25 TRUE
3319 1363 12 23 ?

2958 1445 62 24 TES,
3034 1446 20 20 A
3069 1446 134 21 DECIDED
3214 1447 83 22 FACT.

2859 1519 100 31 NEW
2968 1520 141 32 YEABS
3121 1522 274 32 CONCESSION.

2887 1598 51 79 C.
2981 1598 61 79 I.
3085 1601 285 79 MANNING

2949 1812 356 32 PHOTOGRAPHER.

2860 1891 41 20 BY
2938 1891 126 21 SPECIAL
3100 1892 221 20 APPOINTMENT
3357 1892 39 21 TO

2992 1923 80 21 EARL
3077 1923 39 21 OF
3125 1923 133 21 ONSLOW.

2859 1987 105 25 TT7TLL,
2979 1985 91 29 During
3086 1987 41 21 the
3151 1988 83 20 Month,
3253 1988 24 20 of
3294 1989 104 27 January

2869 2008 29 28 YV
2935 2014 60 26 only,
3005 2015 55 19 1894
3068 2015 65 20 Issue
3142 2015 27 19 to
3177 2015 41 20 the
3227 2015 87 21 Public.

3004 2047 87 31 ONE
3111 2048 146 30 DOZEN

2858 2094 30 21 Of
2896 2095 36 21 his
2947 2095 189 26 Widely-known,
3152 2094 246 29 Superiorly-finished,

3050 2128 48 20 knd
3114 2128 91 26 Highly

2857 2161 189 21 ENAMELLED
3102 2162 134 21 CABINET
3281 2162 112 22 PHOTO-

2858 2194 121 20 GRAPHS
2992 2194 40 20 AT
3041 2193 63 21 THE
3112 2194 143 20 NOMINAL
3268 2194 125 21 CHARGE

3112 2231 29 14 OP

3095 2264 66 30 15s.
3281 2256 2 2 '

2857 2345 173 22 DUPLICATE
3044 2346 120 21 ORDERS
3179 2346 40 20 AT
3236 2345 64 21 THE
3316 2344 83 22 SAME

3088 2379 94 21 RATE/

2884 2446 49 21 The
2941 2445 83 21 Public
3032 2451 39 15 are
3086 2445 96 21 advised
3199 2446 25 20 to
3242 2445 62 21 avail
3321 2445 75 21 them-

2857 2478 73 21 selves
2949 2478 22 21 of
2989 2478 48 21 this
3056 2478 148 26 opportunity
3222 2476 25 21 of
3275 2475 120 29 obtaining

2856 2513 124 26 high-class
2989 2513 62 20 work
3060 2513 26 21 at
3095 2512 55 21 such
3157 2519 16 14 a
3180 2511 115 21 moderate
3305 2511 91 27 charge.

2855 2588 176 21 REMEMBER
3041 2588 61 21 FOR
3112 2588 61 20 ONE
3182 2588 110 20 MONTH
3305 2588 91 20 ONLY.

2881 2647 49 20 The
2937 2647 53 20 vast
2998 2645 132 26 experience
3146 2645 108 21 obtained
3266 2645 31 26 by
3311 2645 85 21 C.H.M

2853 2682 26 20 m
2887 2682 41 20 the
2936 2681 157 21 innumerable
3102 2680 112 22 branches
3227 2680 25 21 of
3260 2681 40 20 the
3311 2681 81 25 photo-

2853 2716 96 26 graphic
2958 2716 38 20 art
3005 2715 85 26 during
3101 2715 37 20 his
3147 2714 84 20 Indian
3240 2714 46 20 and
3295 2713 96 21 Austra-

2853 2750 40 20 ian
2910 2749 94 24 travels,
3018 2748 46 21 and
3083 2749 38 20 the
3144 2748 114 26 thorough
3277 2749 114 25 apprecia-

2853 2784 50 20 tion
2912 2782 30 27 by
2949 2784 41 19 the
2999 2782 94 27 general
3109 2782 78 26 public
3200 2781 24 21 of
3239 2781 40 21 the
3291 2788 70 17 same,
3370 2782 21 19 is

2853 2817 111 21 sufficient
2978 2816 126 27 guarantee
3112 2816 54 20 that
3184 2815 32 20 all
3234 2816 62 19 work
3313 2815 78 20 issued

2853 2852 59 21 from
2919 2852 36 21 his
2961 2850 90 23 -Atelier
3057 2850 45 21 will
3108 2850 29 21 be
3145 2849 25 22 of
3176 2849 41 21 the
3222 2849 94 26 highest
3321 2848 68 21 order

2878 2972 81 20 WILL
2970 2970 41 21 DO
3020 2970 52 20 HIS
3083 2969 71 21 OWN
3164 2967 196 22 OPERATIONS.

2853 3036 78 21 Studio
2931 3047 28 3 —
2960 3036 41 19 150
3008 3034 105 21 Colombo
3123 3033 77 24 street,
3220 3031 169 21 Christchurch.

3013 3066 156 26 Telephone—
3168 3064 42 20 No.
3221 3064 46 20 592.

2989 3150 265 48 NOTICE.

3043 3232 4 5 ■
3047 3223 43 5 —
3187 3222 9 9 r
3196 3221 52 21 ~S~

2853 3252 18 57 I
2888 3250 62 25 have
2971 3247 113 26 resumed
3103 3245 105 32 practice
3218 3244 28 24 m
3261 3242 123 26 LUCK'S

2913 3279 191 28 BUILDINGS
3122 3278 146 26 Gloucester
3292 3275 91 29 Street,

2853 3324 82 18 corner
2945 3315 28 24 of
2983 3312 117 26 Colombo
3114 3312 89 25 Street.
3231 3310 14 24 I
3255 3310 64 23 have
3331 3315 53 17 sev-

2853 3350 49 24 eral
2914 3356 68 17 sums
2994 3347 26 24 of
3030 3353 89 23 money
3130 3344 64 24 from
3206 3343 56 23 £50
3273 3340 112 32 upwards

2853 3385 23 23 to
2884 3381 59 26 lend
2949 3388 33 17 on
2988 3379 130 25 first-class
3126 3374 111 26 freehold
3244 3374 65 24 farm
3316 3372 66 24 land.

2974 3418 110 31 JOHN
3109 3416 32 31 C.
3154 3413 158 36 CORR,-.

2884 3463 188 30 Barrister
3090 3466 67 21 and
3180 3455 179 37 Solicitor.

3098 3495 232 33 Christdburbli.

2881 3603 210 43 BURRELL
3107 3597 242 44 BROTHERS-

2928 3649 373 38 PHOTOGRAPHERS

2853 3710 63 21 Have
2919 3707 106 22 removed
3029 3707 24 20 to
3057 3712 60 14 more
3123 3701 148 24 commodious
3276 3698 111 30 premises

2960 3737 164 30 VICTORIA
3143 3732 134 30 STREET

2853 3793 116 30 Opposite
2991 3788 127 30 Salvation
3147 3786 77 30 Army
3254 3781 131 25 Barracks.

2884 3826 58 25 And
2953 3832 41 17 are
3006 3823 78 29 doing.
3100 3816 150 28 Enamelled
3268 3815 119 25 Cabinets

2853 3866 36 25 for
2900 3866 43 33 8/6
2952 3872 44 24 per
3006 3863 87 24 dozen.
3118 3859 76 25 Great
3204 3853 184 33 Photographic

2854 3903 125 32 Surprise-
3025 3900 52 24 One
3106 3897 32 28 oi;
3152 3896 44 24 the
3216 3894 95 30 largest
3333 3898 57 19 ever

2853 3941 156 27 introduced.
3048 3939 78 23 JFrom
3148 3935 62 24 Dec.
3232 3932 72 25 11th.
3324 3931 68 24 until

2853 3983 43 24 the
2907 3982 63 24 New
2980 3980 78 26 Year,
3089 3977 53 24 One
3152 3974 91 25 Dozen
3260 3972 69 31 large
3340 3971 52 24 size

2855 4019 147 27 Enamelled
3017 4018 93 24 Photo?
3121 4014 40 25 for
3175 4012 54 34 15/-
3241 4012 76 25 usual
3327 4011 67 31 price

2857 4061 37 25 £1
2908 4062 53 23 10s.
2997 4058 91 26 Secure
3102 4063 16 17 a
3137 4053 96 33 deposit
3255 4051 78 26 ticket
3354 4051 43 24 for

2857 4099 42 32 2/6
2911 4105 56 17 now
2980 4093 86 33 readyC
3099 4093 63 25 This
3176 4092 27 24 is
3223 4091 42 24 the
3288 4089 109 31 greatest

2856 4135 136 28 wonderof
3010 4134 44 26 the
3077 4141 54 25 age.
3166 4132 79 24 Don't
3262 4129 63 25 miss
3345 4127 53 26 this

2857 4178 107 25 chance..
3140 4199 18 14 **

2891 4214 165 27 BURRELL
3066 4213 191 31 BROTHERS*

3120 4252 212 34 Photographers,

3209 4291 190 28 Christchurch.

2982 4316 228 26 '"'■■.T'".'^-.--'.---.V--Vs'.-i't-'*i-

2463 999 117 26 GREAT
2611 1001 86 26 SALE

2569 1047 31 17 OP

2294 1085 6 13 i.
2318 1073 210 32 TEWELLRY,
2563 1077 179 28 WATCHES,
2776 1078 71 25 DIA-

2311 1105 23 26 O
2477 1109 98 25 MOND
2594 1110 120 30 GOODS,

2314 1143 128 27 SILVER
2460 1145 71 25 AND
2554 1147 285 26 ELECTRO-PLATE

2311 1182 49 24 AT
2376 1183 23 23 A
2416 1183 174 26 DISCOUNT
2615 1185 44 25 OF
2676 1187 28 23 4s
2721 1187 39 24 IN
2777 1187 70 25 THE

2294 1238 3 15 v
2411 1222 126 30 POUND,
2550 1224 69 24 FOR
2632 1225 22 23 A
2670 1225 79 26 FEW

2294 1258 5 14 L
2463 1262 125 26 WEEKS
2597 1264 101 24 ONLY.

2347 1304 115 29 £10,000
2480 1305 74 26 value
2565 1308 27 23 to
2604 1307 77 25 select
2702 1307 68 26 from
2789 1310 27 23 at

2294 1403 6 24 IM.l
2312 1362 68 46 M.
2442 1365 404 49 SANDSTEIH

2324 1438 108 22 DIRECT
2445 1441 154 26 IMPORTER,
2628 1437 206 29 WATCHMAKER

2458 1478 59 20 AND
2532 1479 164 25 JEWELLER,

2310 1512 115 22 CASHEL
2440 1515 39 20 ST.
2500 1516 87 24 WEST,
2597 1514 4 3 '
2611 1516 232 23 OHRISTCHURCH

2452 1614 165 26 Established
2630 1617 74 24 1862.

2333 1686 31 21 M.
2376 1686 163 24 SANDSTEIN
2549 1689 40 22 has
2604 1690 117 26 appointed
2730 1692 44 21 Mb.
2783 1692 25 21 R.
2818 1692 29 21 H.

2304 1718 83 22 Pabish
2402 1726 25 15 as
2443 1720 36 21 his
2495 1721 80 23 Oxford
2588 1723 105 26 AGENT,
2707 1725 49 21 who
2771 1726 44 20 will
2823 1726 24 21 at

2304 1756 44 20 any
2357 1752 53 21 time
2418 1758 96 20 procure,
2528 1760 29 15 on
2573 1755 149 27 approbation,
2740 1757 107 24 Watches,

2304 1784 84 26 Clocks,
2398 1786 44 21 and
2451 1786 117 27 Jewellery,
2587 1794 24 14 or
2627 1788 35 20 his
2675 1789 81 21 Oxford
2771 1790 76 21 clients

2305 1818 23 20 to
2338 1819 66 21 select
2417 1819 65 26 from,
2493 1820 24 21 at
2526 1820 38 22 the
2581 1827 60 16 same
2649 1822 58 26 price
2724 1829 25 16 as
2755 1823 92 27 charged

2303 1850 24 21 at
2336 1850 38 21 the
2383 1850 155 23 Christchnrch
2547 1853 180 22 Establishment.

2349 1902 58 40 M,
2453 1902 337 42 SANDSTEIN

2453 1960 112 22 OASHEL
2578 1961 120 26 STREET,

2394 2002 361 31 CHRISTCHURCH.

2323 2214 263 48 WALTER
2646 2218 179 48 RYDE.

2409 2311 118 21 TIMBER
2552 2313 177 24 MERCHANT.

2383 2378 120 32 WEST
2576 2381 183 41 OXFORD.

2304 2574 78 56 A.
2401 2575 83 55 D.
2514 2574 325 61 Hassall

2422 2665 295 39 SADDLER

2538 2728 61 20 AND

2300 2774 280 40 HARDWARE
2598 2775 229 41 IMPORTER

2444 2835 94 26 HIGH
2556 2836 144 30 STREET,

2383 2887 366 57 OUST.

2301 2985 170 57 DESIRES
2489 2987 26 23 to
2527 2994 131 17 announce
2670 2987 57 25 tbat
2736 2988 29 24 m
2776 2988 61 24 view

2376 3018 27 25 of
2415 3018 45 25 tho
2482 3019 169 32 approaching
2674 3020 108 30 harvest,
2806 3021 33 24 he

2300 3056 47 24 has
2369 3056 74 24 made
2466 3064 34 16 an
2522 3057 126 25 extensive
2670 3058 122 31 purchase
2813 3058 28 25 of

2300 3094 135 24 BINDER
2458 3094 115 24 TWINE
2598 3095 51 23 and
2671 3095 164 25 MACHINE

2302 3131 78 26 OILS
2397 3132 83 25 which
2491 3132 32 24 he
2534 3132 22 25 is
2567 3132 118 31 prepared
2698 3134 26 24 to
2747 3134 89 31 supply

2301 3171 26 23 at
2338 3169 44 25 the
2392 3170 88 25 lowest
2491 3170 183 25 remunerative
2696 3171 87 31 prices.

2302 3242 53 24 The
2366 3242 127 31 following
2499 3242 93 25 brands
2601 3250 42 17 are
2650 3242 59 31 kept
2719 3243 28 24 m
2756 3242 80 26 stock:

2335 3285 132 32 Donaghy,
2485 3285 115 28 Manilla,
2613 3285 85 25 Mixed
2709 3285 51 25 and
2771 3285 65 25 Flax

2302 3325 107 28 Twines,
2427 3325 135 23 Auckland
2575 3325 74 24 Fibre
2662 3324 61 29 Cos,.
2730 3325 106 25 Manilla

2303 3362 59 24 Star
2369 3362 51 24 and
2430 3361 72 28 Flax,
2524 3362 50 24 and
2594 3362 90 24 Mason
2706 3362 128 25 Struthers

2301 3394 57 30 well
2369 3400 91 23 known
2471 3398 105 25 Lurline
2589 3399 85 31 Hemp
2692 3399 93 25 Twine.

2335 3437 54 24 The
2400 3436 76 25 Stock
2488 3436 27 24 of
2525 3436 62 25 Oils
2598 3437 23 24 is
2632 3437 123 30 complete
2778 3445 57 16 con-

2302 3475 90 31 sisting
2415 3473 27 26 of
2451 3496 4 5 .
2469 3473 76 31 Lard,
2552 3481 4 4 '
2570 3474 93 29 Castor,
2696 3474 141 29 Valvoiine,

2302 3512 98 24 Golden
2418 3511 157 32 Machinery;
2599 3512 84 29 Colza,
2704 3512 52 24 Pea
2776 3513 61 28 Nut,

2300 3551 137 28 Neatsfobt,
2455 3551 62 23 Raw
2539 3551 51 24 and
2613 3551 89 25 Boiled
2719 3551 117 25 Linseed.

2300 3588 111 31 Aprons,
2424 3588 50 24 and
2489 3588 130 25 Elevators
2636 3588 73 24 made
2729 3588 50 24 and
2801 3596 36 16 re-

2300 3628 87 31 paired
2406 3630 26 23 at
2472 3628 110 25 shortest
2615 3628 92 24 notice.
2743 3628 94 24 Binder

2302 3666 79 32 whips
2393 3666 98 25 Canvas
2502 3666 99 28 batons,
2613 3666 76 25 rivets
2702 3666 50 25 and
2763 3666 72 25 Pole-

2302 3707 88 29 straps,
2404 3706 59 30 kept
2470 3705 28 24 m
2518 3706 104 30 variety.

2317 3754 23 25 A
2350 3755 68 31 large
2430 3755 116 31 quantity
2557 3755 28 24 of
2594 3755 91 24 Horse
2694 3754 143 25 Medicines

2300 3794 94 32 always
2405 3802 38 17 on.
2460 3794 70 25 hand
2552 3794 130 31 including
2703 3793 134 25 Elliman?s

2302 3834 127 31 Slesinger
2451 3832 52 26 and
2523 3833 149 32 Abilgaards
2700 3833 137 25 Embroca-

2302 3871 60 28 tion,
2389 3871 146 32 Slesirigers'
2565 3871 144 31 Leemings,
2743 3871 94 25 James'

2301 3911 50 24 arid
2362 3911 114 25 Stevens'
2488 3911 156 30 Blisterings,
2663 3910 96 31 Fryer's
2779 3910 60 25 Bal-

2302 3956 62 21 sam,
2390 3948 82 26 Sweet
2482 3948 81 30 Nifcre,
2578 3948 94 31 Spavin
2683 3947 84 34 bruise
2778 3956 57 17 con-

2302 3987 88 29 dition,
2409 3988 51 23 and
2483 3988 92 24 Worm
2595 3987 126 29 Powders,
2742 3987 54 25 also

2302 4024 85 25 varied
2409 4024 72 25 stock
2503 4024 27 25 of
2553 4024 123 32 Saddlery
2691 4025 29 24 m
2743 4025 35 25 all
2807 4025 36 25 its

2303 4062 132 24 branches.

2336 4099 151 24 Horse-hair
2496 4099 53 23 and
2559 4099 122 24 Beeswax
2691 4099 151 30 purchased.

2304 4138 99 25 Second
2413 4138 70 24 hand
2492 4138 98 24 saddles
2608 4138 97 32 bought
2728 4139 51 25 and
2803 4148 41 17 ex-

2303 4178 115 31 changed
2448 4178 39 24 foi
2519 4185 65 17 new.
2618 4178 83 31 Agent
2730 4179 41 26 for
2803 4181 43 25 the

2303 4216 130 31 Lyttelton
2444 4216 84 24 Times
2540 4216 137 31 Company,
2695 4218 51 25 and
2764 4218 83 26 South

2304 4253 99 25 British
2415 4253 139 25 Insurance
2562 4253 44 26 Co.
2643 4254 92 30 Qrders
2746 4255 34 36 by
2790 4257 57 31 post

2303 4298 28 18 or
2343 4292 124 30 telegram
2474 4291 128 33 promptly
2613 4293 120 26 attended
2743 4295 37 25 to.

1804 993 451 45 SADDLERY.

1760 1072 171 56 H.J.
1948 1073 339 59 LAMING

1855 1151 351 37 SADDLER

1995 1197 65 21 AND

1762 1232 289 40 HARNESS
2087 1235 200 38 MAKER

1908 1284 72 25 Neap.
1999 1285 150 30 Saleyabds,

1795 1327 46 40 O
1867 1327 64 41 X
1957 1329 198 40 FOR
2179 1330 46 41 D
2250 1358 15 13 .

1758 1399 88 25 Orders
1859 1400 50 25 and
1926 1401 105 31 Eepairs
2042 1402 127 32 promptly
2180 1404 107 24 executec

1922 1446 26 22 at
1959 1444 87 25 lowest
2057 1447 76 23 rates.

1862 1510 145 39 HORSE
2030 1510 165 40 CODERS

1758 1561 100 39 made
1870 1562 38 38 to
1924 1562 103 38 Order
2042 1562 70 39 and
2126 1563 161 50 Repaired

1773 1622 22 23 A
1809 1622 75 24 Stock
1897 1622 27 24 of
1934 1623 82 24 Horse
2029 1623 122 24 Medicine
2164 1632 33 16 on
2206 1624 75 29 hand,

1834 1665 161 21 SOLOMON'S
2013 1666 149 20 SOLUTION
2176 1667 37 20 &c.

1776 1727 55 44 E.
1854 1727 58 45 R
1930 1729 344 44 ALLPRESS

1865 1799 136 26 Consulting
2009 1800 47 20 and
2061 1800 91 26 Family
2157 1801 106 24 Chemist,

1945 1833 57 23 239.
2017 1832 91 24 Cashel
2118 1832 83 26 Street
2214 1833 73 29 West,

2013 1870 274 25 CHRISTCHUBOH.

1862 1906 84 33 (Next
1956 1906 107 25 Zetland
2074 1907 75 24 Arms
2161 1907 96 34 Hotel)

1756 1956 41 27 (34
1806 1963 66 20 years
1887 1956 131 27 experience
2033 1957 25 21 at
2067 1957 73 21 Home
2149 1957 47 22 and
2211 1964 25 14 m
2251 1957 36 22 the

1966 1988 116 27 Colonies)

1781 2020 38 21 Mr
1828 2020 103 26 Allpress
1940 2020 55 26 begs
2011 2021 25 20 to
2044 2020 82 22 tender
2138 2020 37 22 his
2191 2020 96 27 grateful

1756 2053 81 20 thanks
1847 2054 25 18 to
1881 2053 36 19 his
1930 2058 121 14 numerous
2060 2052 82 20 clients
2150 2053 137 26 throughout

1754 2085 142 25 Canterbury
1904 2084 37 21 for
1950 2084 40 21 the
1999 2086 95 25 support
2101 2085 74 20 which
2182 2086 43 20 has
2234 2086 53 20 been

1754 2119 137 20 vouchsafed
1908 2119 25 20 to
1954 2118 48 21 him
2017 2119 84 26 during
2120 2119 41 20 the
2183 2119 104 21 nineteen

1754 2159 64 21 years
1827 2153 29 20 he
1867 2153 41 20 has
1917 2152 105 23 followed
2030 2153 37 21 his
2083 2152 125 28 profession
2217 2153 25 21 m
2251 2153 36 21 the

1754 2187 115 23 Province,
1896 2187 45 19 and
1954 2187 91 26 finding
2067 2187 21 20 it
2110 2187 122 21 incumben
2241 2187 46 21 tto

1753 2220 120 21 centralize
1891 2220 38 20 his
1941 2220 105 21 business
2060 2220 25 21 m
2108 2220 66 21 order
2187 2221 25 20 to
2234 2220 53 27 keep

1752 2254 48 20 him
1814 2254 25 20 m
1854 2255 68 19 touch
1939 2254 53 20 with
2008 2255 36 19 his
2063 2255 129 26 supporters
2206 2255 26 20 m
2249 2254 38 21 the

1753 2286 153 27 surrounding
1914 2287 97 26 country
2017 2286 109 24 districts,
2133 2286 30 21 he
2170 2286 42 21 has
2218 2286 69 21 taken

1753 2320 39 20 the
1802 2321 71 20 above
1882 2321 109 25 premises
2001 2321 73 21 where
2092 2320 30 21 he
2130 2320 50 20 ■will
2188 2321 29 21 be
2234 2321 53 26 glad

1752 2354 25 21 to
1786 2355 86 20 receive
1883 2354 37 21 his
1929 2354 87 21 friends
2024 2354 131 27 personally
2168 2361 25 14 or
2201 2354 86 21 receive

1752 2387 61 21 their
1822 2387 78 21 orders
1914 2392 42 21 per
1967 2387 58 26 post.
2053 2386 44 21 His
2115 2386 62 21 Well
2194 2387 93 23 Known,

1752 2419 68 21 Tried
1844 2418 46 22 and
1912 2419 122 26 Approved
2055 2418 119 22 Remedies
2201 2418 36 22 for
2257 2418 30 22 all

1752 2446 83 21 classes
1845 2446 24 21 Of
1886 2446 106 21 Diseases
2001 2452 39 15 are
2049 2452 50 14 now
2108 2452 25 14 so
2141 2446 52 21 well
2206 2446 81 21 known

1752 2479 25 15 as
1795 2474 25 21 to
1834 2473 59 21 need
1912 2479 30 15 no
1959 2473 90 21 further
2072 2472 102 21 mention
2197 2474 26 19 m
2241 2472 46 21 this

1752 2501 137 26 necessarily
1899 2501 65 20 short
1973 2500 185 21 advertisement.
2286 2493 2 26 !

1778 2528 21 20 A
1808 2528 45 21 full
1860 2528 62 26 price
1932 2528 50 20 List
1991 2528 22 20 of
2022 2528 33 20 all
2063 2527 36 20 his
2108 2526 91 21 various
2217 2527 70 21 Rem-

1752 2555 61 21 edies
1823 2562 42 14 can
1874 2556 29 20 be
1912 2555 47 20 had
1968 2555 55 20 Post
2035 2555 58 20 Free
2102 2560 29 15 on
2143 2554 144 26 application,

1752 2582 46 20 and
1810 2589 84 19 among
1907 2582 64 21 them
1980 2582 90 21 besides
2078 2581 66 20 those
2153 2581 24 20 of
2185 2588 15 14 a
2208 2582 79 26 purely

1752 2609 98 21 Medical
1869 2610 121 19 Character
2008 2609 48 19 will
2072 2608 28 21 be
2118 2608 74 20 found
2206 2608 80 24 Horse,

1752 2636 74 20 Cattle
1841 2636 46 20 and
1902 2636 52 26 Dog
1969 2635 131 21 Medicines,
2115 2634 23 21 of
2156 2634 131 21 undoubted

1751 2662 90 26 efficacy
1849 2663 103 24 together
1966 2662 56 21 with
2035 2662 21 21 A
2072 2662 60 21 Host
2140 2661 24 21 of
2174 2662 113 21 Domestic
2286 2665 2 12 l

1752 2689 104 21 Utilities
1865 2690 74 19 Toilet
1952 2688 160 27 Preparations
2121 2688 19 21 &
2148 2688 139 26 Perfumery.

1778 2716 38 21 Mr
1824 2716 102 26 Allpress
1936 2716 85 21 invites
2036 2715 150 26 applications
2201 2715 37 20 for
2251 2715 36 20 his

1750 2743 52 20 List
1810 2743 46 21 and
1872 2743 46 21 will
1931 2743 56 20 send
1996 2743 57 20 Free
2063 2742 24 21 of
2095 2747 97 21 expence
2201 2747 30 15 on
2239 2747 48 15 rec-

1752 2770 48 26 eipt
1809 2770 24 20 of
1842 2770 56 20 Five
1908 2770 105 26 shillings
2023 2769 47 21 and
2079 2768 103 27 upwards
2194 2769 24 20 m
2227 2768 60 27 post-

1751 2797 23 20 al
1783 2797 66 20 notes
1859 2803 25 14 or
1892 2797 67 20 order
1968 2803 46 20 any
2020 2796 80 21 article
2107 2796 83 20 named
2198 2795 89 20 therein

1751 2824 56 20 such
1816 2824 66 20 order
1896 2830 54 20 may
1959 2825 104 19 emanate
2077 2824 56 19 from
2145 2829 42 14 one
2196 2827 89 22 person,

1750 2857 25 15 or
1783 2851 29 22 be
1822 2851 64 21 made
1895 2858 31 20 up
1936 2857 82 20 among
2028 2850 136 27 neighbours
2174 2850 50 20 who
2236 2856 51 20 may

1751 2879 83 26 depute
1852 2885 42 15 one
1908 2879 24 20 of
1947 2879 61 20 their
2020 2878 96 21 number
2127 2878 25 20 to
2167 2879 65 19 make
2248 2877 39 21 the

1750 2906 139 25 remittance,
1899 2906 131 21 receivethe
2039 2905 119 27 goodsand
2168 2905 119 21 distribute

1750 2933 40 21 the
1801 2939 60 15 same
1870 2939 30 15 on
1910 2933 91 20 arrival.

1750 2967 77 26 Agent
1836 2967 36 20 for
1882 2967 87 20 Oxford
1978 2966 49 25 and;
2027 2966 98 25 District
2131 2966 37 20 Mr
2174 2966 27 20 B.
2209 2966 78 20 Keats.

1798 3026 190 56 Money
2002 3029 54 42 to
2078 3026 154 45 Lend.

1805 3114 18 30 I
1838 3114 80 30 have
1947 3124 113 30 money
2088 3118 33 26 to
2148 3114 73 31 lend
2256 3116 30 28 m

1750 3155 85 39 large
1861 3163 35 21 or
1924 3156 91 28 small
2044 3164 85 20 sums
2167 3164 31 20 to
2227 3156 60 29 suit

1750 3196 179 30 Borrowers
1960 3199 34 26 at
2020 3196 109 29 lowest
2162 3201 125 26 current

1750 3240 91 26 rates.

1831 3276 192 31 WILLIAM
2046 3275 156 39 HOBAN,

1926 3316 189 29 SOLICITOR,

1785 3356 48 24 204
1845 3355 122 25 Hereford
1977 3354 41 25 St.
2031 3355 197 24 Christchurbh
2239 3356 48 23 and

1961 3392 110 25 Kaiapoi.

1752 3469 150 40 'THE
1925 3472 128 37 RED
2067 3472 206 39 HOUSE
2277 3472 10 18 5

1889 3524 73 20 under
1971 3524 41 20 the
2021 3524 124 20 Verardah

1750 3562 40 18 109
1809 3561 106 20 Colombo
1934 3560 64 21 Sreet
2027 3561 242 21 CHRISTCHURCH.

1800 3597 156 38 JOHN
1995 3598 236 38 WILSON

1749 3650 98 21 General
1855 3649 88 24 Dealer,
1960 3650 125 20 Furniture
2095 3650 90 26 Broker,
2196 3650 19 21 &
2220 3652 67 20 Hotel

1804 3688 117 20 Valuatrr.
1961 3687 147 21 Established
2119 3688 114 26 20JYears.

1749 3740 61 21 John
1820 3740 88 20 Wilson
1914 3740 114 21 embraces
2037 3740 40 21 the
2086 3740 92 25 present
2184 3741 103 25 opportu-

1750 3767 51 26 nity
1810 3768 24 20 to
1847 3767 75 20 thank
1931 3767 38 20 his
1980 3768 130 25 supporters
2119 3766 36 21 for
2164 3768 62 20 their
2235 3774 52 14 cus-

1750 3794 45 21 tom
1806 3794 48 21 and
1860 3794 126 26 patronage
1999 3794 46 21 and
2061 3800 96 18 assures,
2162 3794 65 21 them
2235 3794 52 21 that

1750 3827 24 14 as
1784 3821 24 20 m
1818 3821 40 20 the
1865 3821 53 25 past
1926 3820 30 21 he
1971 3820 21 21 is
2004 3820 110 26 prepared
2122 3817 25 24 io
2156 3822 83 24 supply
2247 3821 40 20 the

1749 3848 52 21 best
1810 3848 124 19 Furniture
1945 3847 44 24 &c,
2004 3847 37 20 &c.
2057 3847 25 20 at
2098 3846 72 27 prices
2185 3848 61 26 fully
2262 3848 25 21 20

1750 3881 40 20 per
1800 3875 53 20 cent
1861 3875 46 20 less
1914 3874 58 20 than
1981 3874 112 21 hitherto.

1805 3912 60 21 John
1888 3911 88 21 Wilson
2003 3911 46 20 will
2072 3911 92 20 furnish
2184 3918 15 14 a
2218 3912 69 20 house

1751 3939 136 25 throughout
1894 3938 36 20 for
1939 3939 53 22 J320,
2022 3938 62 20 John
2092 3938 90 20 Wilson
2191 3939 48 19 will
2246 3939 41 20 sell

1751 3972 45 19 you
1809 3972 14 14 a
1845 3965 117 20 Duche3se
1985 3965 71 20 Chest
2064 3965 113 19 Drawsers
2187 3965 36 21 for
2235 3965 52 26 .50/-.

1778 3992 60 20 John
1846 3991 89 20 Wilson
1954 3990 46 20 will
2020 3991 43 20 sell
2080 3997 46 18 you
2141 3996 15 14 a
2175 3991 71 21 Chest
2266 3991 21 21 of

1751 4019 103 20 Drawers
1863 4017 36 21 for
1908 4016 51 25 20/-.
2002 4017 59 21 John
2071 4017 90 20 Wilson
2183 4018 47 20 will
2249 4018 38 20 sell

1751 4051 45 20 you
1825 4044 89 21 Double
1941 4044 53 20 Iron
2018 4043 127 21 Bedßteads
2176 4044 39 21 for
2237 4044 50 27 25/-.

1753 4072 82 25 Spring
1845 4071 132 20 Mattresses
1987 4069 45 28 25/-
2041 4070 123 20 Palliasses
2173 4077 47 20 any
2227 4071 60 25 price

1752 4104 46 20 you
1811 4099 51 19 like.
1901 4096 145 26 Everything
2060 4097 69 24 cheap
2145 4097 142 26 Everything

1754 4124 57 27 good
1820 4123 46 22 and
1875 4130 46 19 you
1929 4129 43 14 can
1985 4123 41 26 get
2035 4123 139 26 everything
2182 4123 59 21 from
2249 4124 38 21 the

1753 4150 144 22 useful'little
1906 4149 81 21 needle
2000 4149 25 21 to
2042 4149 41 21 the
2101 4149 128 26 proverbial
2251 4156 36 14 an-

1753 4179 59 20 chor.
1854 4194 11 4 ..

1753 4205 62 21 THE
1834 4204 62 21 RED
1906 4202 114 22 BOUSE.
2042 4203 40 20 109
2092 4202 105 22 Colombo
2206 4203 81 21 Street.

1917 4227 80 23 JOHN
2012 4229 128 21 WILSON.

1780 4258 124 21 Furniture
1912 4257 101 25 Bought,
2028 4255 50 22 sold
2100 4261 24 15 or
2152 4256 135 27 exchanged.

1754 4286 63 20 Sales
1834 4283 109 23 attended
1952 4289 28 15 on
1990 4282 150 23 commission.
2274 4297 3 2 -

1208 991 177 46 JOHN
1456 992 283 57 IISTGRAM,

1237 1054 486 35 AUCTIONEEE

1210 1101 106 25 LICENCED
1333 1101 58 25 LAND
1404 1101 93 30 BROKER,
1512 1102 125 30 VALUATOR,
1654 1103 85 29 ESTATE,

1224 1132 131 30 INSURANCE,
1367 1133 14 24 &
1391 1133 101 25 GENERAL
1503 1134 138 25 COMMISSION
1653 1135 79 25 AGENT.

1207 1167 68 24 Agent
1279 1169 38 24 for
1326 1169 34 19 the
1369 1169 104 20 National
1482 1169 113 21 Insurance
1607 1169 104 28 Company
1726 1176 13 19 o;

1385 1200 50 19 New
1449 1202 102 19 Zealand.
1564 1210 3 3 ■

1230 1230 171 32 OXFORD
1423 1233 29 28 &
1477 1232 252 31 SHEFFIELD.

1458 1280 31 19 *.

1207 1303 149 28 Fortnightly
1365 1305 98 20 Auction
1474 1306 64 20 Sales
1547 1305 55 21 held
1611 1306 24 20 m
1640 1306 40 21 the
1688 1306 51 20 Mar-

1206 1338 41 20 ket
1256 1338 75 20 Yards
1341 1339 130 25 OXFORD,
1483 1346 69 19 every
1561 1340 82 20 second
1662 1340 77 20 Thurs-

1207 1369 49 26 day.
1273 1371 108 25 Monthly
1391 1371 64 20 Sales
1465 1371 55 21 held
1529 1372 26 20 at
1564 1372 89 20 Market
1663 1372 76 24 Yards,

1207 1401 179 21 SHEFFIELD.
1450 1403 93 20 Private
1562 1403 99 21 Auction
1682 1404 57 21 Sales

1205 1433 143 21 undertaken
1358 1441 46 19 any
1412 1435 54 26 part
1477 1435 23 20 of
1509 1435 41 21 the
1561 1437 102 25 country.
1691 1437 48 20 Pro-

1204 1466 66 26 perty
1281 1466 100 27 Bought,
1391 1466 60 24 Sold,
1462 1473 25 14 or
1496 1467 49 20 Let.
1557 1468 47 19 and
1611 1468 128 21 Valuations

1205 1500 110 27 carefully
1324 1501 73 21 made.
1429 1501 66 21 Land
1503 1502 105 27 Brought
1618 1503 73 21 under
1704 1503 35 21 the

1205 1534 106 22 Transfer
1319 1535 52 25 Act,
1400 1536 127 24 Transfers,
1541 1536 91 26 Leases,
1646 1537 18 20 &
1670 1538 69 20 Deeds

1204 1567 22 20 of
1235 1567 134 27 Mortgages
1384 1567 77 21 dra^n
1470 1575 38 20 xip.
1546 1568 84 27 Money
1640 1570 99 20 invested

1204 1599 46 20 and
1259 1600 108 19 obtained
1377 1600 34 19 for
1421 1600 85 20 Clients
1517 1606 29 15 on
1555 1601 129 25 Mortgage.
1705 1600 34 21 In-

1236 1637 95 14 surance
1350 1632 97 19 effected
1463 1638 28 14 on
1501 1632 127 26 Buildings
1638 1633 23 19 of
1670 1639 46 20 any

1279 1663 144 26 description,
1433 1664 47 20 and
1489 1664 63 20 their
1561 1665 112 19 contents.

1204 1699 59 20 HAS
1277 1699 57 20 FOR
1348 1699 71 21 SALE
1437 1699 38 20 BY
1491 1700 125 20 PKIVATE
1630 1701 109 19 TREAT!

1230 1736 21 20 A
1259 1736 56 25 good
1333 1736 158 27 Agricultural
1500 1736 46 21 and
1555 1736 104 22 Pastoral
1675 1738 64 20 Farm

1202 1769 131 24 containing
1343 1770 40 18 522
1393 1774 63 16 acres
1465 1769 114 21 Freehold
1586 1769 18 20 Si
1609 1771 42 19 240
1663 1771 76 20 Lease-

1202 1800 54 22 hold
1265 1803 26 20 at
1299 1801 65 22 View
1372 1802 52 21 Hill
1433 1802 98 22 devided
1538 1804 48 21 into
1597 1804 27 19 12
1629 1804 110 27 paddocks

1202 1836 51 20 well
1262 1837 100 21 watered
1370 1837 80 21 within
1460 1837 28 26 4%
1498 1838 66 20 miles
1572 1837 60 22 from
1641 1838 98 27 Railway

1203 1868 97 25 Station,
1316 1869 140 20 substantial
1477 1872 13 17 5
1499 1870 92 20 roomed
1610 1870 75 20 House
1704 1877 35 12 sur

1202 1902 102 20 rounded
1317 1902 31 27 by
1357 1908 14 14 a
1379 1903 51 20 nice
1439 1903 139 26 plantation,
1583 1903 70 27 .large
1663 1903 76 21 Stable

1202 1935 45 20 and
1256 1936 110 21 outsheds
1375 1936 96 21 thereon
1471 1948 27 4 —
1498 1938 62 26 price
1569 1943 57 21 very
1633 1938 49 20 low.

1228 1973 21 20 A
1258 1974 50 20 nice
1318 1974 62 20 little
1390 1974 68 20 Farm
1470 1975 28 20 60
1506 1975 65 20 Acres
1582 1979 26 16 at
1621 1975 63 20 West
1698 1975 41 20 Ox-

1200 2006 54 21 ford
1263 2007 62 26 price
1334 2007 33 21 £6
1383 2009 44 18 10s.
1437 2014 41 20 per
1487 2014 58 18 acre,
1556 2014 55 20 easy
1619 2009 79 24 terms,

1298 2049 34 20 On
1343 2051 92 18 account
1445 2051 23 19 of
1478 2051 36 19 Mr
1529 2051 124 20 Allpbess.

1228 2091 42 21 His
1279 2098 51 21 very
1338 2093 51 20 nice
1400 2093 114 21 residence
1524 2093 98 26 opposite
1635 2094 37 20 the
1685 2094 54 20 Par-

1201 2129 81 21 sonage
1289 2125 59 20 East
1351 2125 86 20 Oxford
1443 2126 37 20 for
1485 2126 47 21 sale
1541 2132 58 20 vary
1605 2126 77 27 cheap,
1692 2126 47 21 half

1200 2163 52 15 acre
1261 2157 24 21 of
1294 2157 61 26 land,
1365 2157 60 26 good
1434 2158 93 27 garden.

1263 2195 36 19 On
1308 2195 98 20 account
1418 2195 22 20 of
1449 2196 42 19 Mb
1501 2196 77 20 Jameb
1592 2195 94 21 Fishbr.

1226 2228 15 19 4
1244 2234 64 15 acres
1318 2228 23 21 of
1358 2228 58 21 land
1434 2228 107 28 dwelling
1560 2229 72 22 house
1644 2230 95 21 thereon

1200 2260 64 26 quite
1273 2267 15 14 a
1298 2260 105 27 bargain.

1224 2293 134 21 WANTED
1372 2293 25 21 to
1407 2293 71 22 Lease
1487 2300 16 15 a
1512 2294 67 21 small
1588 2294 73 28 Dairy
1670 2295 69 20 Farm

1198 2326 60 21 from
1266 2327 29 19 40
1303 2326 25 21 to
1343 2326 41 20 100
1388 2331 70 16 acres.

1230 2359 46 20 For
1289 2359 137 26 particulars
1440 2359 72 27 apply
1526 2360 25 20 to

1200 2412 195 35 JOHN
1426 2412 311 34 INGRAM

1197 2492 2 35 !
1257 2505 261 26 CALEDONIAN
1536 2505 146 27 HOUSE.

1198 2567 221 45 James

1280 2623 84 26 BOOT,
1382 2622 85 27 SHOE.
1484 2624 25 25 &
1524 2623 132 27 SLIPPER-

1332 2655 264 31 Manufacturer.
1738 2656 2 44 |

1301 2700 118 31 WEST
1453 2701 182 30 OXFORD.

1198 2751 49 21 Has
1258 2757 29 15 on
1295 2751 63 20 hand
1367 2757 13 14 a
1390 2752 105 25 splendid
1502 2752 133 20 assortment
1641 2752 24 21 of
1671 2752 68 21 Boots

1199 2783 45 21 and
1254 2783 70 21 Shoes
1333 2783 67 20 made
1419 2789 30 13 on
1459 2784 39 19 the
1507 2783 107 25 premises
1633 2785 26 19 at
1668 2784 71 25 prices

1198 2814 53 21 that
1260 2815 53 26 defy
1322 2814 153 27 competftion.
1504 2815 61 26 Boys
1573 2815 81 21 School
1662 2816 76 25 Boots,

1198 2848 58 21 back
1265 2854 73 15 seams
1347 2847 46 21 and
1402 2847 64 22 front
1474 2847 64 21 hand
1545 2853 66 19 sewn,
1620 2848 84 21 cannot
1710 2848 28 21 be

1198 2880 127 25 surpassed.
1357 2879 69 22 Men's
1435 2879 50 22 best
1491 2880 151 27 watertights,
1651 2881 87 26 pegged

1198 2909 50 30 [15/-.
1287 2912 100 26 Bespoke
1410 2912 143 26 department
1575 2913 106 25 carefully
1705 2913 34 20 at-

1198 2944 68 21 tonde
1296 2945 31 21 to.
1356 2945 40 20 Fit
1414 2945 47 20 and
1478 2944 173 28 Workmanship
1670 2945 69 21 Guar-

1198 2976 86 21 anteed.
1313 2976 93 25 Repairs
1415 2976 78 24 neatly
1503 2976 47 21 and
1557 2977 115 26 promptly
1682 2977 57 20 done

1198 3008 23 21 at
1228 3008 133 21 reasonable
1369 3008 74 26 prices

1207 3062 91 21 Branch
1311 3062 182 21 Establishment
1501 3070 5 11 :
1522 3062 59 20 Near
1600 3062 68 21 Town
1677 3062 56 20 Hall

1384 3089 58 21 East
1451 3089 93 21 Oxford.

1378 3201 313 47 STOCKS,

1198 3261 343 32 MONUMENTAL
1563 3262 173 38 MASON,

1321 3312 133 32 Madras
1477 3314 127 36 Street,

1239 3363 455 33 CHRISTCHURCH.

1202 3455 159 59 WISHES
1379 3457 26 21 to
1423 3455 87 24 inform
1521 3463 99 23 persons
1640 3457 24 22 m
1673 3458 64 21 want

1289 3488 28 24 of
1331 3488 166 23 Monumental
1521 3488 75 24 Work
1625 3489 53 23 tbat
1706 3489 31 23 he

1198 3521 96 23 intends
1314 3523 25 21 to
1362 3519 89 26 SELL
1478 3520 63 24 HIS
1575 3520 161 25 PRESENT

1198 3547 117 30 'LARGE
1336 3551 118 29 STOCK,
1472 3552 132 30 consisting
1621 3552 26 24 of
1659 3552 76 25 Gran-

1199 3585 33 23 ite
1250 3584 101 31 Marble,
1378 3584 48 24 and
1452 3585 67 23 other
1546 3582 75 27 Stone
1650 3584 87 24 Monu-

1200 3620 85 26 ments,
1315 3620 26 21 at
1369 3617 162 31 considerably
1566 3617 170 24 REDUCED

1198 3650 133 26 PRICES.
1365 3650 58 24 Iron
1440 3650 101 29 Fences,
1560 3649 113 25 Concrete
1690 3650 45 24 and

1201 3683 74 25 Stone
1292 3683 125 31 Keroings,
1436 3683 100 24 reduced
1547 3683 25 22 in
1571 3690 6 5 v
1590 3682 71 30 ].rice.
1696 3683 40 22 In-

1199 3716 127 30 scriptions
1344 3716 48 23 and
1410 3715 34 23 all
1460 3715 67 23 work
1543 3716 26 21 m
1597 3715 139 23 connection

1200 3749 56 23 with
1274 3749 41 23 the
1332 3748 68 23 trade
1412 3748 61 23 done
1485 3747 25 24 m
1522 3746 132 25 first-class
1667 3748 68 29 style.

1200 3780 76 32 Early
1294 3780 133 31 inspection
1445 3781 100 23 invited.
1582 3779 96 26 Several
1687 3788 49 15 new

1200 3815 61 23 lines
1277 3814 75 29 lately
1381 3813 101 24 arrived.
1518 3812 54 30 Any
1600 3812 137 24 reasonable

1200 3847 59 24 offer
1275 3846 38 24 for
1329 3846 41 23 the
1388 3850 94 26 present
1499 3845 69 24 stock
1586 3845 49 24 will
1661 3844 76 25 result

1201 3880 23 24 m
1242 3888 14 15 a
1274 3880 58 24 sale.
1369 3878 76 24 Want
1468 3879 26 23 to
1512 3878 92 23 realise.

1251 3976 76 37 GK
1380 3973 316 44 SMITH,

1202 4036 87 44 ZINC,
1313 4034 70 40 TIN,
1407 4034 65 38 AND
1496 4032 116 40 SHEET,
1637 4033 102 38 STEEL

1408 4099 138 21 WORKER

1237 4138 89 40 High
1349 4135 112 40 Street,
1485 4135 80 30 East
1588 4133 126 33 Oxford.

1205 4239 40 24 All
1256 4238 73 24 kinds
1341 4238 28 24 of
1376 4238 104 31 -Pumps
1492 4236 77 24 Fixed
1581 4238 23 21 &
1619 4235 120 32 Repaired

1318 4282 27 23 at
1357 4280 44 25 the
1414 4279 110 26 shortest
1535 4279 91 25 notice.

204 1374 104 82 J.
405 1359 619 92 LOUGH,

170 1494 164 29 BUILDER,
380 1490 245 29 UNDERTAKER,
675 1482 273 30 WHEELWRIGHT
982 1480 75 27 ETC.

43 1571 100 35 VX7
147 1568 105 25 ISHES
269 1571 25 21 t0
317 1566 76 32 notify
415 1567 27 23 to
463 1565 41 23 the
521 1563 81 32 public
617 1563 54 24 tbat
694 1560 32 25 he
748 1560 20 24 is
779 1567 14 15 a
794 1566 32 24 PP
828 1557 82 25 ointed
929 1557 83 31 Agent
1028 1554 38 24 for
1084 1554 40 24 the

37 1656 260 45 WALTER
317 1655 55 52 A.
395 1650 229 48 WOOD'S
646 1651 241 43 Reapers
905 1646 34 42 &
958 1645 231 44 Binders

265 1753 217 44 Mowers
515 1750 100 44 and
644 1747 184 45 Rakes.

156 1852 60 20 ALL
243 1849 119 21 EXTRAS
389 1847 59 21 FOR
475 1844 97 22 THESE
599 1840 159 24 MACHINES
786 1838 81 22 KEPT
894 1837 35 21 IN
959 1833 100 23 STOCK.

33 1934 52 24 also
97 1932 40 25 W.
151 1931 30 24 A.
194 1929 101 26 Wood's
308 1927 92 25 Binder
411 1926 84 25 Twine
507 1924 50 24 and
568 1922 42 31 oil,
623 1920 137 29 Valvoline,
774 1918 95 28 Castor,
882 1916 87 25 Boiled
978 1915 20 24 &
1009 1913 61 25 Raw
1078 1909 110 29 Liuseed

34 1976 47 30 Oil,
99 1974 120 31 Building
236 1971 128 26 Materials
386 1969 50 26 and
458 1969 180 29 Ironmongery
657 1964 26 26 of
701 1971 71 24 every
789 1960 152 32 description
953 1960 26 23 at
1000 1957 97 25 Lowest
1108 1955 78 25 Rates

530 2010 80 32 Agent
627 2008 39 25 for

276 2067 63 21 THE
366 2063 205 24 MANCHESTER
598 2059 176 25 INSURANCE
803 2056 152 23 COMPANY.

327 2196 57 41 J.
438 2194 58 40 S.
537 2187 269 47 COOK,

561 2253 42 19 The
623 2247 93 28 People's
732 2247 98 24 Chemist,

668 2292 93 27 Cashel
776 2292 97 31 Street,

855 2329 282 29 CHRISTCHURCH.

722 2388 130 35 (Opposite
863 2387 43 25 the
927 2387 57 24 A.I.
998 2383 89 33 Hotel)

37 2475 12 20 I
65 2474 55 21 have
128 2472 97 26 pleasure
235 2471 23 20 m
269 2468 106 27 thanking
384 2474 37 20 my
430 2467 81 21 friends
518 2465 44 21 and
571 2464 123 27 supporters
704 2461 35 20 for
749 2460 37 21 the
795 2458 123 22 confidence
927 2456 44 21 and
989 2461 51 20 very
1048 2454 75 21 liberal
1133 2454 53 26 pat-

29 2517 79 16 ronage
125 2510 70 20 which
205 2509 40 20 has
255 2508 53 20 been
315 2505 102 23 extended
426 2507 21 19 to
456 2510 33 15 me
496 2505 33 19 for
539 2503 37 21 the
584 2502 50 27 past
643 2505 68 21 years,
721 2498 12 21 I
743 2498 56 21 trust
808 2496 49 21 that
866 2495 13 20 I
888 2495 57 20 shall
951 2493 63 21 merit
1023 2492 38 21 the
1070 2491 116 21 continued

28 2528 117 45 uatro°nage
155 2547 22 21 of
187 2553 35 19 my
231 2545 82 21 friends
322 2543 44 21 and
375 2543 36 21 the
421 2541 72 27 public
500 2540 114 26 generally,
641 2536 84 26 During
734 2535 37 22 the
781 2539 60 21 years
850 2533 12 20 I
875 2532 55 21 have
937 2531 54 21 been
999 2530 25 20 m
1031 2528 154 22 Chnstchurch

27 2588 55 19 have
92 2584 112 27 dispensed
211 2588 67 20 many
285 2581 118 21 thousands
414 2580 22 21 of
445 2578 152 27 prescriptions
607 2576 44 21 and
660 2572 138 25 successfully
808 2569 81 23 treated
901 2568 80 22 several
989 2566 121 22 thousands
1120 2566 23 21 of
1148 2571 37 20 my

26 2624 102 24 patients.
139 2622 12 19 I
160 2627 35 14 am
205 2620 54 25 fully
268 2617 127 27 acquainted
404 2616 52 21 with
466 2615 138 20 thebusiness
611 2613 24 19 m
642 2613 29 19 ah
677 2611 29 19 its
715 2609 111 23 branches,
837 2606 43 21 and
889 2604 209 28 itismyendeavour
1107 2603 79 24 always

25 2663 25 18 to
61 2658 121 28 personally
196 2656 75 22 attend
289 2657 24 19 to
323 2655 34 20 the
374 2652 153 27 requirements
537 2650 44 22 and
589 2649 75 21 obtain
675 2647 36 21 the
722 2645 122 21 confidence
859 2642 23 20 of
901 2642 29 21 all
948 2641 49 21 who
1016 2639 76 26 kmdly
1099 2658 2 4 .
1110 2639 75 21 favour

26 2704 35 15 me
78 2696 52 21 with
141 2695 55 20 their
205 2695 125 25 patronage.

63 2735 65 21 TRY
148 2734 49 20 MY
217 2731 94 23 CURE
330 2731 64 20 FOR
412 2729 64 21 ALL
495 2726 107 21 KINDS
619 2725 42 20 OF
677 2722 83 21 SKIN
790 2719 174 22 DISEASE—

127 2770 12 20 I
149 2776 36 13 am
196 2766 135 26 exceedingly
341 2764 116 23 successful
468 2763 24 20 m
503 2768 36 19 my
545 2761 103 21 remedies
657 2760 33 19 for
700 2757 44 21 this
753 2755 125 27 complaint,
888 2754 55 21 have
953 2753 77 25 alarge
1047 2750 90 21 number
1149 2750 23 20 of

185 2803 152 23 testimonials.

24 2848 64 21 TRY
102 2846 49 22 MY
170 2844 75 23 NEW
264 2841 145 23 REMEDY
427 2839 65 22 FOR
511 2837 97 21 LIVER
621 2830 224 26 COMPLAINTS
863 2830 69 20 AND
947 2826 237 23 INDIGESTION.

24 2850 64 20 TRY
102 2850 343 43 W^^^g^ypatie^g
454 2865 55 20 have
520 2862 80 27 proved
609 2862 18 20 it
636 2859 77 27 highly
728 2856 144 25 satisfactory.

176 2908 81 30 Large
271 2904 76 27 Stock
364 2903 27 26 of
400 2902 35 26 all
446 2902 73 24 kinds
531 2900 25 25 of
568 2899 89 25 Patent
680 2895 135 25 Medicines
838 2895 27 22 at
893 2892 72 25 Store
982 2891 93 25 Prices.

195 2949 21 22 A
228 2945 119 32 complete
371 2944 152 24 Assortment,
542 2940 27 24 of
588 2935 179 33 Honioepatiiic
794 2933 143 25 Medicines.

101 2993 43 26 All
161 2990 128 27 DRUGS
306 2985 193 29 Guaranteed
518 2984 85 31 Pure,
620 2982 75 26 Best
717 2978 131 36 Quality,
868 2976 56 25 and
942 2975 119 25 Lowest
1088 2972 83 26 Price

158 3030 304 31 PBESGBIPTIONS
479 3029 120 31 carefully
618 3027 49 23 and
687 3024 114 29 correctly
825 3020 134 31 dispensed.

332 3063 617 46 CQTSrSTJT^TATIOISrS
988 3058 193 35 FRJiJE

426 3115 115 32 JOHN
565 3113 29 31 S.
621 3110 148 35 COOKE,

377 3165 145 34 Registere'l
556 3159 212 30 Pharmaceutical
786 3157 120 28 Chemist,

721 3198 111 27 Cashel
860 3197 116 30 Street,

854 3229 280 29 OHRI-STCHURCH.
1143 3249 2 6 ,

26 3295 272 139 Ta.
362 3340 91 87 j.
555 3274 515 150 wSteT

174 3470 389 49 FURNISHING
674 3456 392 55 WAREHOUSE

407 3557 488 56 CHRISTCHURCH.
979 3598 4 6 .

38 3663 25 25 Is
81 3663 46 24 the
152 3660 81 36 depot
251 3659 88 25 where
362 3664 55 27 you
442 3663 50 18 can
514 3660 43 18 see
577 3653 47 24 the
646 3650 110 34 Largest
784 3648 84 28 Stock
895 3646 29 27 m
957 3644 69 27 New
1070 3639 116 29 Zealand

431 3707 40 28 ..of
490 3706 38 27 all
548 3706 80 25 kinds
640 3704 42 26 of:
684 3718 28 3 —
712 3718 9 10 r

35 3765 282 54 CARPETS,
362 3756 440 54 FLOORCLOTHS,
825 3747 359 51 LINOLEUMS

120 3855 206 54 CHINA,
360 3852 202 55 GLASS,
604 3846 495 54 EARTHENWARE,

379 3947 358 49 FURNITURE
770 3947 82 44 &c.

34 4049 52 42 at
129 4045 52 46 A.
223 4046 42 45 J.
266 4082 2 1 .
294 4045 128 45 W.'S
480 4055 105 33 YOU
638 4053 102 33 CAN
791 4050 212 33 DEPEND
1054 4046 133 32 UPON

33 4134 108 33 THE
174 4134 128 33 BEST
334 4133 163 34 GOODS
529 4130 67 33 AT
627 4128 109 33 THE
768 4125 215 33 LOWEST
1002 4123 187 33 PRICES

88 4200 171 46 Steam
279 4199 212 44 Cabinet
513 4196 101 46 and
632 4191 306 56 Upholstery
956 4189 193 44 Works

289 4286 6 13 1
354 4276 79 45 St.
471 4274 179 44 Asaph
679 4269 218 44 Street.

68 520 29 223 SELLING
69 407 28 97 OFF
71 188 30 176 BELOW
78 31 28 126 COST

125 636 22 81 HENS
127 564 22 57 ALL
128 464 20 85 WOOL
128 301 21 148 COLONIAL
128 177 23 108 TWEED
132 76 23 84 SUITS

183 540 24 53 255.
182 452 25 52 255.
184 363 23 51 255.
185 276 24 51 255.
186 188 23 52 255.

269 638 13 5 v
244 582 26 43 AT
245 410 27 154 PARISH'S
246 306 26 86 EAST
248 140 27 147 OXFORD.
