3540 4560
1234 82 172 32 OXFORD
1451 78 226 34 OBSERVER
1736 74 240 35 SATURDAY,
2033 70 150 31 MARCH
2227 70 50 33 24,
2314 67 90 28 1894.

2941 4301 107 25 Printed
3070 4300 51 26 and
3159 4300 138 26 Published
3307 4300 33 32 ly
3367 4300 117 25 Richard

2957 4360 2 6 ,
2965 4349 4 17 i
2975 4339 109 27 Hplman
3105 4338 103 30 Pabish,
3232 4340 26 24 at
3276 4338 41 25 his
3323 4353 7 10 r
3336 4337 147 33 Registered
3514 4353 1 3 -

2975 4382 118 33 Printing
3103 4382 86 30 Office,
3212 4382 69 33 Hi^b
3289 4381 108 28 ..Street.
3420 4382 64 26 East

2957 4442 4 4 •
2975 4425 102 28 Oifoidi,
3087 4422 164 38 Cao^erbuQri
3258 4446 4 3 .
3411 4445 6 3 -
3448 4440 5 8 ;

2954 4473 13 13 ;;
2992 4473 40 28 .;w^^
3047 4467 201 30 tS^^r^iy/M
3249 4478 16 17 A
3262 4478 52 17 B(m
3323 4474 2 14 ;
3332 4470 40 30 24,
3383 4468 72 28 1894-

3001 199 54 45 A.
3072 201 56 45 P.
3142 200 273 65 TUTTON,

2977 271 231 32 AUCTIONEER,
3252 273 194 29 VALUATOR,

2944 310 108 26 GRAIN
3092 313 71 24 AND
3196 313 162 25 PRODUCE
3392 313 88 25 MER-

2961 351 124 30 CHANT,
3097 353 71 25 AND
3185 353 135 25 ESTATE
3333 354 129 24 AGENT.

3039 430 190 32 AUCTION
3245 432 130 30 SALES

3201 487 30 16 OF

2944 515 86 25 LIVE
3046 517 110 25 STOCK
3168 519 43 24 AT
3224 519 259 24 THERANGIORA

2978 555 145 26 MARKET
3136 558 119 25 EVERY
3276 558 171 25 TUESDAY.

2944 630 97 25 Private
3051 632 67 24 Sales
3128 637 64 21 most
3201 634 129 31 efficiently
3339 634 144 24 conducted.

2945 707 80 32 Agent
3037 710 39 23 for
3088 710 40 24 the
3146 710 78 26 South
3241 711 92 25 British
3350 712 132 24 Insurance

2945 740 134 33 Company.

3097 783 29 24 A.
3136 783 29 24 P.
3176 783 146 30 TUTTON,

3126 821 152 30 Auctioneer,
3292 823 162 31 <&c.,Eangbi
3459 832 22 15 a.

2987 900 87 31 TRY
3087 902 86 31 MRS
3189 903 252 33 McINTOSH'S

3086 957 82 24 NEW
3181 959 163 24 ZEALAND

2945 994 537 54 HAIRRESTOREB

2946 1083 50 24 For
3008 1086 143 31 promoting
3168 1087 44 25 the
3223 1089 93 30 growth
3329 1089 27 25 of
3365 1089 43 25 the
3420 1091 64 23 Hair

2946 1121 50 24 and
3006 1123 148 32 preventing
3167 1124 27 25 it
3204 1125 93 32 falling
3316 1127 41 29 off,
3369 1131 114 28 prevent-

2945 1159 46 33 ing
3005 1161 43 25 the
3066 1162 134 26 formation
3255 1165 58 25 bald
3333 1167 100 30 patches
3450 1176 34 16 on

2945 1200 43 24 the
3008 1201 72 29 head,
3101 1202 50 25 and
3173 1206 129 30 removing
3335 1206 73 25 Scurf
3434 1208 50 24 and

2946 1237 127 26 Dandruff
3078 1249 6 21 ;
3097 1240 52 25 also
3168 1243 26 23 to
3215 1241 100 26 Relieve
3328 1244 154 26 Headaches.

2979 1303 54 26 The
3045 1305 125 34 following
3180 1315 42 18 are
3241 1317 15 16 a
3277 1310 94 31 sample
3392 1310 27 25 of
3441 1310 44 25 the
3495 1298 20 22 *

2945 1348 78 25 many
3034 1343 173 27 Testimonials
3218 1347 111 24 received
3336 1355 5 15 :
3345 1361 33 4 —

3070 1383 187 32 Christchurch,
3270 1385 58 25 Jan.
3338 1387 24 29 8,
3377 1388 72 24 1892.

2963 1418 52 26 Mrs
3022 1420 141 29 Mclntbsh,
3176 1423 68 25 Dear
3249 1424 98 24 Madam
3352 1425 132 32 .--Having

2947 1459 59 24 used
3013 1468 64 23 your
3096 1461 65 25 Hair
3172 1463 123 30 Restorer,
3308 1464 15 24 I
3334 1464 63 25 have
3408 1465 75 24 found

2947 1505 15 18 a
2973 1501 71 28 great
3054 1500 180 31 improvement
3244 1503 27 25 m
3281 1511 43 24 my
3333 1503 63 30 hair,
3406 1505 47 24 nnd
3463 1505 21 24 it

2945 1535 23 25 is
2979 1544 56 17 now
3046 1538 117 26 asithick
3175 1548 28 16 as
3215 1549 56 16 ever
3281 1541 21 23 it
3319 1550 58 19 was,
3398 1543 50 23 and
3470 1543 14 24 I

2947 1575 72 24 know
3031 1577 27 24 of
3067 1578 83 25 others
3161 1579 57 25 that
3235 1580 63 24 have
3309 1581 63 23 used
3384 1582 21 23 it
3423 1582 62 24 with

2946 1615 64 31 good
3021 1616 98 26 results.

3130 1663 82 25 Your
3213 1663 19 25 3
3223 1662 76 33 triily,

3204 1702 103 24 Robert
3319 1703 98 29 Young,

3114 1740 173 30 Colombb-st.,
3299 1742 181 27 Christchurch

3046 1818 126 30 Dunedin,
3186 1815 55 31 3lst
3254 1822 111 29 October,
3377 1825 73 23 1892.

2980 1860 68 26 Dear
3060 1862 78 30 Sir,—
3138 1863 18 25 l
3165 1864 63 26 have
3249 1865 71 25 much
3333 1865 114 32 pleasure
3458 1868 28 24 m

2947 1898 133 34 certifying
3090 1900 61 28 that,
3158 1902 64 26 from
3234 1904 114 31 personal
3359 1904 126 26 observat-

2947 1937 44 24 ion
3018 1938 27 24 of
3075 1939 71 25 those
3174 1941 54 24 who
3256 1949 42 17 are
3325 1943 74 30 using
3433 1944 52 24 Mrs

2940 1973 160 28 ,Mclntosh's
3112 1977 63 25 Hair
3182 1976 123 33 Restorer,
3314 1980 21 24 it
3342 1980 45 24 has
3393 1982 92 29 proved

2948 2020 33 16 an
2999 2013 145 26 undoubted
3165 2024 106 22 success,
3292 2018 50 23 and
3359 2018 65 32 hope
3444 2027 41 17 ere

2947 2051 61 33 long
3017 2053 21 24 it
3050 2054 50 24 will
3111 2055 53 24 find
3175 2064 15 16 a
3208 2057 141 30 prominent
3360 2058 69 31 place
3452 2067 34 20 on

2948 2089 43 26 the
3006 2091 69 25 toilet
3097 2092 68 26 table
3187 2094 28 25 of
3235 2094 35 25 all
3290 2095 63 29 who,
3379 2096 107 32 through

2949 2130 108 26 sickness
3067 2140 29 16 or
3106 2133 139 30 otherwise,
3262 2135 61 27 have
3333 2135 59 30 lost,
3406 2144 28 17 or
3445 2144 43 17 are

2947 2170 89 33 losing,
3050 2179 47 18 one
3112 2173 28 25 of
3155 2173 143 26 mankind's
3316 2175 64 25 chief
3398 2176 87 25 adorn-

2947 2211 91 25 ments.
3072 2211 103 33 Having
3191 2215 61 24 been
3274 2215 116 31 sceptical
3410 2224 27 17 as
3461 2218 25 23 to

2948 2247 43 25 the
3002 2249 82 25 virtue
3095 2251 28 23 df
3130 2253 66 23 most
3207 2254 127 23 nostrums
3344 2253 38 25 for
3393 2262 94 16 renew-

2947 2286 45 32 ing
3011 2296 28 16 or
3057 2289 142 34 improving
3221 2291 43 25 the
3283 2293 97 30 growth
3399 2293 28 25 of
3443 2293 43 26 the

2949 2326 61 30 hair,
3023 2328 14 26 I
3048 2328 31 25 do
3090 2337 57 17 now
3166 2330 62 26 with
3239 2331 142 25 confidence
3392 2341 94 17 recom-

2949 2366 74 24 mend
3034 2366 49 25 this
3095 2368 94 29 article,
3208 2368 78 26 which
3304 2378 59 24 may
3373 2378 76 23 prove
3473 2379 15 17 a

2949 2404 64 25 boon
3039 2408 26 23 to
3095 2408 42 30 all,
3166 2408 23 24 if
3214 2410 62 24 used
3301 2411 133 31 according
3462 2413 26 23 to

2949 2445 140 26 directions.

3133 2488 81 24 Yours
3229 2488 73 33 truly,

3192 2528 28 25 C.
3231 2528 31 25 B.
3275 2529 111 29 Miller,

3001 2564 87 26 Watfcr
3099 2565 27 25 of
3135 2565 77 26 Leith
3226 2567 81 29 Store,
3321 2568 44 25 Gt.
3379 2568 109 33 King-st.

2952 2643 35 25 To
3008 2643 40 26 be'
3057 2644 50 24 had
3132 2645 64 25 from
3225 2646 35 25 all
3288 2646 125 26 Chemists
3442 2648 50 24 and

3002 2682 195 34 Store-keepers,
3208 2683 49 26 and
3266 2685 142 26 Wholesale
3416 2686 27 25 of

3083 2722 72 25 MRS
3173 2723 182 30 McINTOSH,
3368 2722 5 3 '

3110 2760 109 26 Haddon
3232 2761 89 29 Street,
3336 2761 152 33 Sydenham,

2949 2799 66 25 Who
3023 2801 22 24 is
3057 2798 44 27 the
3111 2800 184 33 SolePreparer
3303 2801 27 25 of
3335 2802 43 25 the
3387 2803 103 24 Article.

2982 2838 78 25 Local
3087 2838 83 33 Agent
3212 2839 52 25 Mrs
3285 2839 29 25 A.
3341 2839 29 25 C.
3394 2838 95 33 White,

2949 2878 69 26 West
3031 2878 98 26 Oxford.

3145 3579 143 25 NOTICE-

2948 3621 41 64 I
2990 3620 62 26 wish
3064 3622 26 25 to
3100 3621 86 26 inform
3209 3630 42 24 my
3271 3621 94 26 Oxford
3394 3620 92 26 friends

3001 3653 51 25 and
3073 3654 43 25 the
3137 3657 101 30 general
3255 3654 91 25 Public
3375 3653 57 27 that
3443 3661 43 24 my

2946 3694 125 31 Rangiora
3093 3694 115 26 business
3231 3695 45 25 has
3300 3694 129 25 increased
3456 3695 27 23 to

2946 3734 62 24 such
3020 3742 33 18 an
3064 3736 85 23 extent
3159 3735 54 24 that
3224 3735 14 23 I
3250 3734 66 26 shall
3335 3734 31 24 be
3394 3734 90 24 unable

2948 3775 27 23 to
2996 3774 59 25 visit
3067 3774 94 31 Oxford
3181 3774 76 25 untill
3276 3774 97 24 further
3391 3773 92 25 notice.

2949 3811 42 26 All
3008 3812 72 27 work,
3099 3814 56 24 sent
3171 3812 34 32 by
3217 3811 115 27 Griffiths
3345 3811 67 29 Bro.,
3425 3810 59 26 Car-

2946 3852 71 29 riers*
3041 3852 49 25 will
3112 3852 96 26 receive
3229 3853 101 31 prompt
3349 3851 140 26 attention*

2945 3892 23 24 A
3003 3893 69 30 large
3107 3892 77 25 Stock
3223 3892 27 25 of
3270 3892 119 24 Watches
3432 3892 51 24 and

2947 3929 129 33 Jewellery
3104 3937 33 19 on
3166 3929 78 25 hand.
3279 3928 126 26 Traveller
3444 3929 39 25 for

2945 3967 83 25 North
3037 3967 155 33 Canterbury
3205 3967 98 26 district
3315 3967 41 24 Mr
3368 3967 25 25 J.
3408 3967 75 24 Gent.

3060 4003 71 28 GUS
3143 4005 117 30 JONES,
3281 4005 135 31 Rangiora,

2945 4071 58 46 H.
3040 4070 52 47 H.
3140 4069 310 48 CEBERHAN

3005 4143 130 21 PAINTER
3147 4143 58 20 AND
3219 4142 179 26 DECORATOR,

2945 4175 136 25 WRITER/
3092 4175 136 25 GRAINER,
3247 4175 111 20 GILDER
3377 4175 52 25 &0.,
3438 4176 45 21 ACs

3045 4209 113 32 EAST
3195 4209 181 31 OXFORD.

2438 202 424 47 EUCALYPTUS

2562 279 47 4 —
2609 272 6 10 :
2615 279 26 3 —
2641 273 14 14 4.
2655 278 77 4 —

2436 303 59 20 THE
2509 301 73 21 BEST
2595 301 87 21 HOME
2698 299 138 21 BEMEDIE

2494 339 36 16 are
2544 333 36 20 the
2590 332 135 27 preparation
2735 331 26 23 of
2768 331 36 21 the

2379 371 170 21 TASMANIAN
2568 368 186 22 EUCALYPTUS
2768 368 48 20 OIL
2830 367 82 21 COMP.

2408 408 135 25 Universally
2553 406 104 21 admitted
2666 406 36 19 the
2711 405 79 23 BESf,
2802 403 114 22 PUREST

2380 446 43 20 and
2433 447 57 18 most
2499 444 95 21 effective
2604 442 134 25 Eucalyptus
2760 440 105 21 Globulus
2881 439 35 21 Oil

2380 479 33 19 for
2434 473 170 27 INFLUENZA;
2626 473 92 25 Coughs,
2737 473 64 20 Colds
2825 472 44 23 and
2886 472 30 20 all

2380 509 65 20 Chest
2462 508 42 20 and
2512 507 64 24 Lung
2592 505 113 21 affections
2719 504 77 26 speedy
2804 504 60 20 relief
2874 503 43 21 and

2380 541 56 19 Cure
2453 540 34 20 for
2502 538 157 22 Rheumatism,
2679 536 123 25 Neuralgia,
2817 536 99 25 SpraioE-

2379 567 72 20 Burns
2471 567 34 20 &c.
2749 584 3 2 .

2406 599 133 26 Eucalyptus
2557 597 105 21 Globuius
2679 597 93 20 Extract
2781 596 90 26 sprayed
2884 596 32 20 in-

2380 631 63 20 haled
2459 630 43 21 and
2516 630 66 20 taken
2591 628 117 25 internally
2725 628 34 19 for
2773 628 37 19 the
2827 627 87 26 Throat,

2380 667 97 25 Catarrh,
2494 666 59 25 Hay,
2577 664 99 26 Typhoid
2691 663 44 21 and
2749 663 82 21 Scarlet
2839 664 77 20 Fevers

2381 698 129 21 MEASLES
2521 698 36 20 the
2563 699 55 18 moat
2628 696 136 24 satisfactory
2773 696 143 24 preventative

2380 729 49 21 and'
2438 730 60 20 Cure.
2526 729 57 21 Send
2596 728 52 20 Post
2663 727 56 20 Card
2728 729 23 19 to
2761 727 37 21 the
2807 727 64 20 Office
2883 727 34 20 for

2380 761 96 20 Circular
2490 761 119 24 describing
2628 761 123 19 treatment.
2777 759 139 26 Eucalyptus,

2380 794 111 21 Ointment
2501 794 37 20 the
2547 794 70 25 Magic
2627 793 79 21 Healer
2719 792 23 21 of
2756 793 69 23 Sores,
2839 793 78 23 Burns,

2382 825 102 24 Wounds,
2500 825 59 21 Boils
2577 827 45 21 Ac,
2645 823 133 26 Eucalyptus
2798 823 57 26 Soap
2868 823 43 20 Fra

2380 857 63 24 grant
2453 856 43 21 and
2504 856 125 25 refreshing.
2653 856 133 25 Eucalyptus
2795 854 89 27 Jujubes
2893 861 25 15 or

2380 888 102 20 Pastilles
2491 888 34 20 for
2535 888 36 20 the
2596 888 80 20 Throat
2687 887 43 20 and
2739 886 64 21 Voice
2819 893 28 14 an
2862 887 54 20 anti-

2381 919 67 26 septic
2458 919 42 20 and
2510 919 121 21 stimulant.

2380 952 126 26 Veterinary
2523 953 35 20 Oil
2568 952 42 21 and
2621 952 111 21 Ointment
2742 952 36 24 for,
2785 951 37 20 the
2831 951 85 21 stables.

2408 985 29 21 Be
2447 992 48 15 snre
2505 992 43 19 you
2557 985 108 22 Purchase
2680 985 39 21 the
2729 984 104 25 Platypus
2850 983 68 22 brand

2380 1017 50 24 only
2441 1018 22 19 of
2470 1018 29 19 all
2509 1018 113 23 Chemists,
2627 1017 88 20 Grocers
2721 1016 43 20 and
2771 1015 146 26 Storekeepers

2380 1048 43 20 and
2437 1049 23 19 at
2474 1048 36 20 the
2521 1049 64 20 Office
2594 1049 13 21 9
2616 1048 115 20 Cathedral
2740 1053 76 19 square
2824 1047 93 20 between

2380 1079 101 21 Morten's
2495 1080 113 26 Buildings
2615 1080 42 20 and
2669 1079 41 21 the.
2714 1079 51 21 Post
2775 1078 70 22 Office.

2545 1114 89 21 Oxford.
2644 1114 79 26 Agent

2423 1164 2 1 •
2436 1150 26 20 R.
2472 1150 29 20 H.
2516 1150 119 25 PARISH,
2658 1145 77 25 EASt
2748 1150 119 20 OXFORD

2461 1188 142 27 Eucalyptus
2612 1188 38 20 Oil
2664 1187 30 28 1/-
2707 1194 42 20 per
2757 1188 78 20 bottle.

2381 1272 100 21 KONGO
2518 1273 54 20 PAI
2593 1272 94 21 TENEI
2702 1272 55 19 KEI
2771 1271 124 21 KOTJTOU

2594 1307 111 21 KATOA.

2422 1346 191 37 MACBEAN
2657 1344 217 39 STEWART'S

2380 1401 73 21 NEW
2469 1402 79 20 CURE
2563 1402 59 20 FOR
2636 1401 127 21 ASTHMA

2434 1437 74 21 NEW
2523 1438 79 20 CURE
2615 1437 58 21 FOR
2688 1437 97 21 CROUP

2494 1474 74 19 NEW
2582 1473 80 21 CURE
2676 1473 58 20 FOR
2747 1472 171 21 DIPHTERIA

2435 1505 73 20 NEW
2523 1504 79 21 CURE
2617 1503 57 21 FOR
2690 1503 132 21 CHRONIC

2557 1541 190 21 BRONCHITIS.

2375 1597 2 2 .
2395 1580 115 26 Prepared
2518 1580 60 19 from
2586 1579 41 20 the
2636 1579 121 19 Mountain
2768 1579 47 19 and
2824 1579 81 20 Forest

2501 1606 81 21 Plants
2596 1604 24 23 of
2632 1605 56 21 New
2702 1604 106 22 Zealand.

2380 1641 29 20 In
2418 1641 98 20 Asthma
2526 1640 42 20 the
2577 1640 55 20 New
2640 1639 59 21 Cure
2708 1639 43 20 has
2760 1639 86 26 proved
2853 1639 66 21 itself

2422 1669 25 19 to
2456 1668 28 20 be
2494 1667 65 20 Head
2568 1666 46 21 and
2624 1666 123 20 Shoulders
2757 1666 72 21 above
2838 1666 33 20 *»H

2563 1694 72 21 Other
2649 1693 77 21 Cures.

2408 1734 28 20 In
2445 1740 30 14 no
2484 1733 103 20 instance
2596 1732 41 20 has
2646 1738 15 14 a
2668 1731 69 21 death
2746 1731 107 21 occurred
2858 1731 60 21 from

2382 1761 131 26 diphtheria
2530 1760 66 21 -when
2615 1759 40 21 the
2876 1759 42 20 has

2380 1789 59 21 been
2448 1788 73 26 freely
2530 1787 58 21 used
2596 1787 59 21 from
2660 1786 41 21 the
2711 1786 50 21 first
2768 1787 76 20 outset
2849 1786 24 21 of
2879 1786 40 21 the

2382 1816 93 24 disease,
2492 1815 47 20 and
2557 1820 27 14 so
2601 1814 67 25 great
2686 1820 38 14 are
2743 1813 32 21 its
2794 1813 125 26 protective

2380 1848 92 20 powers,
2484 1841 54 21 that
2546 1841 41 21 the
2596 1840 125 26 complaint
2729 1840 44 20 has
2782 1846 71 14 never
2862 1840 57 20 been

2381 1869 81 20 known
2470 1869 25 20 to
2505 1868 83 27 spread
2596 1867 25 21 to
2630 1867 68 21 other
2714 1867 110 20 members
2841 1867 24 20 of
2878 1867 41 20 the

2380 1896 88 24 family.
2692 1901 5 6 '

2409 1930 48 20 The
2463 1930 55 20 New
2528 1929 66 24 Cure,
2604 1930 25 19 3s
2639 1928 39 24 6d;
2691 1928 117 21 Grindelia
2816 1928 104 21 Robusta

2445 1956 135 26 Cigarettes,
2590 1957 26 18 2s
2623 1955 119 24 jAsthmaV
2751 1955 107 24 Tobacco,

2550 1984 26 19 2s
2590 1982 30 21 6d
2633 1982 46 20 and
2693 1983 31 20 Is.

2408 2041 185 39 HEALTH
2616 2041 42 38 IS
2679 2039 216 40 WEALTH,
2918 2020 9 61 j

2382 2093 37 20 TO
2427 2092 61 20 THE
2498 2091 171 21 SUFFERING
2676 2090 244 22 &UNFORTUNATE

2383 2155 87 58 ALL
2490 2154 87 28 Weak,
2589 2154 111 25 Nervous
2717 2154 47 24 and
2776 2153 143 25 Debilitated

2438 2187 116 26 Sufferers
2563 2187 55 25 who
2627 2187 60 25 have
2697 2187 86 24 wasted
2792 2186 63 25 their
2863 2186 57 24 time

2382 2221 48 23 and
2441 2228 94 20 means,
2548 2220 102 31 sending
2659 2224 25 20 to
2691 2220 70 24 otiher
2770 2220 112 24 Colonies
2890 2219 36 25 P..

2382 2253 29 24 0.
2422 2253 80 24 Boxes
2512 2253 50 25 &c,
2570 2252 38 24 foir
2616 2260 26 16 so
2643 2267 10 17 r
2655 2253 79 28 calle,d
2740 2252 104 24 Electric
2852 2251 67 25 Belt's

2382 2285 50 25 and
2451 2285 98 24 Useless
2567 2282 238 32 Nostruras/sKould
2817 2285 43 24 not
2872 2285 47 23 dis-

2381 2318 60 31 pair,
2453 2318 45 24 but
2509 2319 97 23 consult
2617 2318 138 30 personally
2766 2325 27 17 or
2804 2317 32 31 by
2846 2321 64 27 post.

2383 2365 126 48 FREE
2813 2351 52 72 %
2867 2357 60 60 &,

2382 2427 52 25 The
2446 2428 63 30 only-
2514 2427 99 25 Electro
2632 2426 103 26 Medical
2744 2427 125 31 Specialist
2878 2428 41 24 ad-

2383 2460 117 32 vertising
2519 2460 68 32 [with
2606 2462 93 29 twenty
2707 2468 69 24 years
2789 2460 131 32 European

2382 2493 146 31 experience,
2551 2493 50 25 and
2618 2493 66 24 three
2703 2500 68 23 years
2786 2492 81 26 before
2878 2494 43 24 the

2382 2526 58 24 New
2453 2519 106 31 ZeaWnd
2571 2525 94 33 public]
2683 2526 54 25 who
2748 2526 44 24 has
2798 2525 77 26 .made
2886 2525 40 28 all,

2382 2559 95 24 chronic
2488 2566 67 17 cases
2563 2559 26 24 of
2601 2566 54 16 men
2671 2559 48 23 and
2730 2566 95 17 women
2836 2567 14 15 a
2867 2558 52 25 life-

2382 2592 59 24 time
2454 2592 79 31 study,
2547 2592 48 24 and
2611 2592 26 24 to
2664 2592 113 24 convince
2794 2592 43 24 the
2855 2595 65 22 most

2382 2624 121 32 scepticah
2516 2624 14 29 I
2601 2624 99 24 forward
2712 2624 120 26 electrical
2843 2625 76 32 appli-

2382 2666 71 17 ances
2473 2658 48 24 and
2539 2657 171 26 consentrated
2737 2660 130 23 treatment
2887 2666 32 17 on

2382 2699 58 24 easy
2453 2693 75 23 terms
2542 2690 29 26 of
2575 2692 122 31 payment.
2742 2711 68 12 ....._
2827 2709 13 9 

2516 2732 3 26 \
2535 2731 191 27 [TESTIMONIAL.]
2738 2750 3 6 ,

2608 2763 114 24 Dunedin,
2731 2763 57 26 July
2797 2764 34 23 28,
2842 2765 60 19 1893.
2926 2763 2 26 j

2409 2797 25 20 It
2443 2796 64 26 gives
2523 2803 36 14 me
2570 2796 66 26 great
2644 2796 104 26 pleasure
2763 2796 26 21 to
2803 2797 77 25 report
2895 2803 25 14 so

2382 2822 133 27 favourably
2524 2822 25 21 m
2558 2822 56 21 such
2624 2828 15 14 a
2648 2822 64 21 short
2719 2823 72 23 time/
2798 2823 123 27 especially

2381 2850 61 21 after
2450 2850 70 26 being
2528 2849 92 21 treated
2634 2849 31 26 by
2685 2855 69 15 seven
2770 2850 151 26 professional

2381 2883 53 15 men
2443 2877 36 20 for
2488 2883 29 14 no
2524 2876 89 25 benifit,
2624 2876 46 20 arid
2688 2876 14 21 I
2719 2876 60 21 have
2798 2877 123 27 gradually

2381 2910 98 27 gaining'
2486 2909 105 27 strength
2605 2908 46 22 and
2661 2916 86 20 energy
2756 2910 62 21 since
2827 2910 92 27 placing

2380 2944 39 19 my
2428 2944 51 14 case
2497 2937 26 19 m
2533 2943 59 19 your
2608 2942 58 19 care,
2686 2937 46 19 and
2750 2937 13 20 I
2772 2937 60 20 shall
2842 2937 79 26 gladly

2380 2963 143 22 recommend
2528 2970 59 19 your
2596 2963 51 21 able
2655 2963 125 21 treatment
2788 2964 25 20 to
2822 2964 84 20 others.

2702 2991 22 20 J.
2735 2990 38 21 Me
2783 2991 108 21 Donald:

2413 3024 61 24 Free
2484 3024 59 24 trial
2555 3023 65 30 daily
2627 3023 61 25 from
2702 3025 29 23 11
2742 3031 59 17 a.m.
2810 3024 40 25 till
2861 3025 60 24 9.30

2379 3065 58 23 p.m.
2447 3057 27 23 of
2483 3057 125 23 the'latest
2619 3056 57 31 only
2687 3057 109 23 Eeliable
2806 3057 49 23 aad
2862 3057 57 24 Per-

2380 3090 98 24 manent
2497 3088 62 26 Cure
2580 3089 37 24 for
2634 3088 162 29 rheumatism,
2815 3090 104 28 sciatica,

2380 3121 129 32 neuralgia,
2513 3121 61 25 liver
2582 3121 183 32 derangement,
2774 3121 145 32 indigestion

2380 3154 104 32 buzzing
2494 3156 27 23 m
2533 3154 41 25 the
2582 3154 62 25 head
2657 3153 48 26 and
2714 3162 61 21 ears,
2790 3154 129 30 dizziness,

2379 3187 70 25 weak
2454 3187 70 29 back,
2530 3187 62 24 tired
2596 3186 96 31 feeling,
2700 3187 85 30 specks
2792 3187 81 25 before
2880 3188 41 24 the

2379 3227 62 23 eyes,
2465 3220 115 24 nervious
2601 3219 146 31 irritability,
2768 3220 151 28 exhaustion,

2379 3252 55 24 lack
2445 3252 26 24 of
2483 3259 95 24 energy,
2592 3251 96 25 bladder
2697 3252 48 24 and
2753 3252 91 32 kidney
2851 3254 68 24 trou-

2379 3285 58 29 bles,
2462 3285 105 25 varicose
2589 3284 75 30 veins,
2688 3285 47 24 and
2747 3285 33 25 all
2800 3285 119 26 weakness

2379 3319 98 30 pecular
2486 3319 25 23 to
2523 3326 65 16 men,
2611 3334 4 13 ;

2413 3356 135 26 Numerous
2571 3355 106 32 grateful
2687 3356 84 25 letters
2784 3356 64 25 from
2860 3356 58 25 both

2380 3396 67 18 sexes
2460 3397 43 16 can
2513 3388 31 25 be
2552 3403 3 10 ;
2560 3388 132 32 inspected.
2827 3405 21 9 ..

2420 3426 64 40 W.
2508 3420 230 53 HOTMAiftr,
2761 3414 141 53 MM.

2458 3474 99 25 Market
2573 3474 82 29 Place,
2688 3474 179 25 Christchurch.

2427 3551 190 57 Money
2636 3553 54 43 to
2712 3551 156 44 Lend.

2420 3615 18 30 I
2473 3615 79 30 have
2573 3624 114 30 money
2721 3617 35 29 to
2777 3615 73 30 lend
2884 3615 34 30 m

2378 3655 87 40 large
2493 3666 36 20 or
2550 3655 89 30 small
2674 3665 85 20 sums
2785 3659 34 27 to
2855 3656 63 29 suit

2378 3696 177 31 Borrowers
2592 3699 33 28 at
2653 3697 108 30 lowest
2791 3700 127 27 current

2378 3741 91 26 rates.

2436 3777 63 38 W.
2524 3777 46 38 H.
2597 3775 261 41 SPACEMAN.

2554 3823 192 29 SOLICITOE,

2447 3863 192 26 Chmstohukch
2650 3863 51 25 and
2712 3864 136 25 Bangioba.

2381 3934 215 38 MONEY
2625 3934 82 38 TO
2731 3934 182 40 LEND.

2397 3987 18 30 I
2428 3988 81 31 have
2521 3987 120 32 several
2656 3998 87 21 sums
2757 3990 35 29 of
2804 4000 114 30 money

2378 4033 33 25 to
2425 4028 82 37 lend,
2523 4030 34 31 aii
2564 4059 2 4 ,
2584 4030 110 30 lowest
2707 4033 85 28 rates
2807 4031 34 30 of
2867 4031 51 30 in-

2376 4071 108 28 terest'
2510 4079 2 1 '
2547 4073 3 8 :
2553 4069 37 33 ..,'
2594 4073 3 9 ;
2615 4069 14 19 '•'
2642 4070 15 11 "'
2680 4076 2 2 '
2698 4071 2 2 '
2704 4070 22 13 ;;:
2757 4074 2 9 :
2778 4072 34 13 ■■-■■■
2822 4082 2 2 ■
2822 4073 12 12 li
2837 4081 2 2 -
2846 4071 14 14 ;;
2867 4083 2 2 -
2874 4075 2 5 <
2883 4080 1 2 -
2911 4068 14 8 '"

2460 4104 127 47 w:e;
2599 4109 39 39 d.
2661 4107 169 43 bishop.

2394 4178 3 7 ,
2476 4182 4 11 s
2513 4181 4 3 .
2554 4155 191 33 solicitoe,
2810 4180 2 15 ;
2846 4186 11 11 M
2877 4161 15 29 ;.

2410 4199 47 24 205
2477 4198 123 26 Hereford
2622 4198 38 27 St.
2680 4194 201 32 Chkistchubch^

2373 4317 155 27 PADifTEE
2534 4336 4 17 ?
2543 4318 81 32 AND,
2629 4305 280 54 I^EEHAN^R;
2914 4304 4 18 j
2921 4346 3 4 .

2476 4368 112 32 EAST
2632 4353 196 51 OXFORD^
2919 4354 4 47 i

2386 4410 88 28 '^.'U\\l
2489 4410 34 23 ;K
2539 4421 32 14 ..-..•>
2582 4414 40 19 ,■■::•
2640 4415 72 27 •.:-?.-.;,_,
2725 4423 22 17 ,^
2764 4421 126 22 v-irnv'^a

2369 4481 2 16 i
2388 4467 13 6 '''
2404 4461 4 7 :
2415 4456 50 34 -M
2463 4457 93 34 &^era
2554 4458 13 14 o
2567 4466 121 33 pro'mptly
2691 4461 10 15 ::
2700 4459 162 41 d^teiideci'to)
2872 4464 6 18 j
2890 4467 14 15 a
2916 4473 6 10 r

1317 221 71 56 H.
1420 219 62 55 E.
1514 212 443 63 BOARDMAN
1996 211 54 57 &
2080 207 147 63 CO.,

1221 298 141 22 BAILIFFS
1377 297 64 20 AND
1456 293 184 24 COMMISSION
1658 291 127 22 AGENTS.
1832 290 100 22 HOTEL
1946 286 137 22 BROKERS
2097 284 64 21 AND
2175 280 148 23 VALUERS.

1318 346 60 29 222
1401 341 234 32 HEREFORD
1659 338 171 36 STREET,
1874 331 341 37 CHRISTCHURCH.

1506 408 405 19 »♦♦♦♦♦♦♦♦♦»♦»♦♦♦♦♦♦♦♦♦♦♦♦♦♦♦«
1920 408 4 19 M
1944 408 24 14 M
1973 407 37 15 »M
2014 407 71 15 ♦♦♦♦»

1263 450 43 23 We
1324 450 150 30 respectfully
1486 448 39 31 beg
1544 452 22 18 to
1577 447 73 23 thank
1660 454 43 16 our
1714 445 89 23 Clients
1811 444 49 23 and
1869 443 37 23 the
1918 442 88 24 Public
2015 439 124 34 generally
2143 439 45 29 for
2197 436 37 25 the
2252 436 99 29 support

1194 493 116 24 accorded
1320 500 36 20 us,
1369 492 50 23 and
1430 500 44 16 can
1486 498 82 17 assure
1580 498 43 15 our
1626 489 100 31 friends
1738 487 52 24 that
1798 494 45 16 our
1851 487 105 23 business
1967 485 50 22 still
2023 484 102 23 remains
2141 481 76 23 under
2236 479 36 23 the
2290 483 62 17 same

1194 538 162 30 management
1375 542 28 15 as
1411 534 106 26 hitherto,
1528 534 49 23 and
1587 532 49 23 that
1644 530 135 30 everything
1789 529 121 23 entrusted
1919 532 22 19 to
1950 535 28 15 us
1990 527 51 22 will
2049 526 25 23 be
2082 525 78 24 under
2172 522 35 25 the
2219 520 132 25 immediate

1194 579 146 30 supervision
1352 579 30 29 of
1389 585 44 15 our

1393 618 123 32 MR.
1548 617 67 32 H.
1641 616 54 31 E.
1722 608 428 39 BOARDMAK

1251 663 50 23 Our
1312 660 245 29 WELLINGTON,
1571 657 198 29 AUCKLAND,
1783 655 147 28 TIMAKU,
1944 654 21 24 O
1968 653 127 27 AMARU,
2112 647 171 29 DUNEDIN,
2302 647 50 23 and

1194 703 276 28 INVERCARGILL,
1486 700 173 27 AGENCIES
1668 708 40 16 are
1721 700 50 24 still
1782 701 26 21 m
1820 700 36 22 the
1869 699 76 23 hands
1958 698 30 29 of
1994 694 162 30 Trustworthy
2167 693 98 30 Agents.

1257 766 153 25 PROMPT
1425 763 258 28 SETTLEMENT,
1702 763 107 24 Account
1829 761 71 24 Sales
1919 757 156 29 immediately
2094 764 31 15 on
2142 754 139 26 relization,
2302 752 49 22 and

1196 808 70 31 unity
1291 807 68 29 from
1383 806 48 23 loss
1441 805 28 30 by
1477 813 46 15 our
1534 803 84 25 clients
1636 810 41 15 are
1686 802 134 31 principles
1831 808 33 15 we
1876 799 92 30 strictly
1980 797 85 24 adhere
2079 799 29 20 to.

1681 856 42 33 H-
1743 855 35 33 E.
1798 847 246 41 BOA'RDMAN
2065 851 30 30 &
2116 847 72 34 CO.

1475 910 101 23 Private
1587 908 134 30 Enquiries
1742 907 136 24 Conducted
1893 905 56 24 with
1969 905 106 28 Secresy.

1410 990 15 19 \
1512 990 107 21 MONEY
1633 989 38 21 TO
1685 988 83 21 LEND
1782 987 38 21 TO
1834 986 66 22 ANY
1914 983 134 23 AMOUNT.

1258 1071 90 29 Money
1359 1070 106 25 invested
1474 1070 47 30 for
1532 1076 44 16 our
1596 1067 134 24 Clients.—
1730 1065 97 29 Fifteen
1843 1071 46 23 per
1907 1064 58 22 cent.
1986 1059 154 25 Gudarnteed
2163 1065 30 15 on
2212 1056 36 23 all
2266 1055 86 23 monies

1190 1114 88 31 placed
1294 1114 26 23 m
1331 1121 46 17 our
1387 1114 78 23 hands
1465 1114 47 31 for
1522 1113 145 23 investment.
1701 1110 77 24 Bents
1789 1107 115 26 collected
1914 1105 49 24 and
1970 1104 137 30 Mortgages
2116 1101 101 32 effected.

1732 1216 390 39 INDUSTRY

1310 1280 253 42 BABL
1755 1275 168 40 JkSTD
1969 1272 44 40 P
2027 1271 98 40 81
2139 1270 43 40 0
2197 1268 48 40 B

1497 1328 193 42 Coventry
1727 1325 114 44 Cycle
1889 1322 130 35 Worlis

1360 1384 38 29 88
1422 1379 200 34 COLOMBO
1646 1378 175 35 STREET,
1865 1372 346 34 CHRISTCHURCH.

1192 1446 58 31 We
1265 1446 120 38 having
1399 1444 94 30 taken
1509 1453 74 20 over
1595 1441 54 29 the
1662 1440 73 30 well
1747 1439 117 30 known
1872 1437 113 35 works,
2001 1436 180 38 machinery
2191 1434 60 31 and
2262 1434 89 30 stock

1190 1489 35 28 m
1237 1487 92 29 trade
1342 1486 79 30 wish
1434 1488 35 26 to
1483 1484 112 29 inform
1610 1481 54 29 the
1686 1481 106 39 public
1806 1479 70 30 that
1890 1489 47 20 we
1952 1488 53 19 are
2019 1477 151 40 prepared
2184 1479 33 26 to
2238 1475 113 29 under-

1190 1528 73 30 take
1279 1526 103 30 orders
1396 1526 49 29 for
1458 1534 70 20 new
1541 1521 158 32 machines
1714 1521 63 29 and
1792 1523 128 27 execute
1938 1519 120 39 repairs
2080 1521 34 26 at
2136 1517 53 29 the
2214 1517 137 29 shortest

1324 1566 103 30 notice
1441 1565 49 30 for
1511 1564 42 30 all
1568 1563 92 29 kinds
1676 1561 35 29 of
1720 1561 215 38 Engineering
1949 1560 63 28 and
2024 1558 94 39 Cycle
2131 1557 94 30 work.

1356 1618 127 21 SPECIAL
1496 1614 178 22 ATTENTION
1690 1613 95 21 GIVtiN
1800 1613 38 20 TO
1853 1611 141 22 COUNTRY
2010 1611 123 20 ORDERS.

1193 1659 121 39 Racing
1329 1655 160 31 Machines
1512 1654 62 30 and
1597 1651 98 40 Light
1717 1651 169 31 Roadsters
1902 1661 18 20 a
1935 1650 156 40 specialty.
2134 1649 49 30 No
2198 1648 154 40 imported

1191 1700 158 30 machines
1363 1698 76 38 kept
1453 1697 32 29 m
1501 1695 98 30 stock,
1616 1694 43 29 all
1673 1693 87 30 work
1775 1693 80 29 done
1869 1702 41 19 on
1924 1691 54 30 the
2000 1691 158 39 premises.
2210 1690 31 29 A
2266 1690 86 38 large

1222 1740 89 31 stock
1324 1738 36 31 of
1369 1738 126 39 Lamps,
1507 1735 95 35 Bells,
1618 1734 63 30 and
1697 1733 128 32 Saddles
1839 1743 41 20 on
1893 1731 85 31 hand
1993 1735 32 26 at
2039 1731 114 31 reduce
2164 1731 130 39 dprices.

1392 1825 77 38 CAN
1490 1823 82 39 YOU
1594 1822 157 38 AFFORD
1773 1820 27 38 A
1824 1819 133 39 LARGE
1978 1817 152 38 FAMILY
2142 1818 14 31 ?
2166 1851 3 8 ,

1608 1898 32 21 IF
1661 1898 63 21 NOT
1746 1897 88 22 READ
1849 1897 64 22 THE

1234 1947 158 43 THE
1436 1943 187 42 LA¥
1669 1943 97 41 OP
1817 1938 483 46 POPULATION
2300 1939 9 11 1

1317 2018 129 27 Contains
1458 2015 177 29 instructions
1647 2015 62 26 how
1717 2017 30 23 to
1759 2013 122 35 regulate
1892 2013 46 25 the
1950 2011 53 26 size
2016 2010 28 27 of
2061 2011 47 25 the
2125 2009 107 35 Family

1206 2098 4 3 .
1524 2072 98 32 Post
1668 2071 102 31 Free
1805 2092 36 6 ...
1865 2070 42 29 Is
1951 2066 66 32 2d.

1382 2135 35 27 F-
1434 2135 26 26 J.
1479 2133 132 34 QUINN,
1629 2132 170 26 Manchester
1815 2130 99 33 Street,
1933 2128 204 28 Christchurch.

1312 2280 58 25 FOUR
1385 2279 108 26 HUNDRED
1508 2278 62 29 EASY,
1590 2276 138 27 PROFITABLE
1743 2276 44 26 AND
1804 2276 115 26 PLEASANT
1940 2276 62 26 WAYS
2021 2276 29 25 TO
2071 2276 61 26 MAKE
2149 2276 82 25 MONEY.
2269 2267 4 13 :

1658 2314 62 24 Post
1737 2313 59 29 free,
1816 2314 37 31 1/-

1491 2359 30 25 F.
1540 2359 25 25 J.
1584 2358 118 31 QUINN,
1720 2357 57 25 Box
1794 2358 40 29 37,
1854 2356 196 26 Christchurch.

1374 2461 339 48 ENORMOUS
1774 2460 390 45 SEDUCTIONS

1190 2579 82 60 THE
1290 2577 116 33 question
1417 2576 22 24 is
1450 2574 100 25 natural
1550 2588 34 4 —
1687 2572 61 25 send
1763 2574 27 23 to
1801 2571 179 26 Christchurch
2000 2571 38 25 for
2055 2578 63 24 your
2136 2571 131 32 Drapery?
2301 2570 53 25 The

1255 2612 103 30 drapery
1370 2608 54 26 sold
1432 2608 26 24 m
1467 2607 57 25 that
1535 2607 51 32 city
1597 2613 74 24 every
1681 2613 47 18 one
1740 2605 94 30 knows,
1847 2605 22 25 is
1881 2606 45 24 not
1937 2605 71 25 made
2021 2605 76 27 there,
2117 2603 46 26 but
2173 2603 131 33 imported.
2340 2603 14 26 I

1192 2646 94 32 import
1296 2644 66 25 from
1373 2642 45 25 the
1429 2641 54 25 best
1495 2639 107 33 English
1613 2639 51 25 and
1681 2639 88 25 Scotch
1782 2639 99 27 houses;.
1928 2638 71 25 lam
2012 2638 105 25 enabled
2127 2639 27 24 to
2165 2639 123 30 purchase
2306 2637 48 27 low

1190 2681 51 25 and
1250 2677 46 28 sell
1309 2678 26 24 at
1343 2684 16 16 a
1370 2677 53 23 rate
1436 2674 26 25 of
1471 2673 74 32 profit
1559 2673 53 33 (my
1624 2679 120 24 expences
1755 2671 72 32 being
1839 2671 81 31 small)
1934 2671 56 26 that
2002 2671 83 25 would
2097 2671 29 25 be
2145 2670 146 26 considered
2311 2670 42 25 ab-

1190 2714 59 25 surd
1260 2712 33 29 by
1309 2718 47 22 any
1377 2706 179 27 Christchurch
1578 2705 200 26 establishment.
1831 2704 44 31 My
1897 2704 76 26 Stock
1992 2704 20 24 is
2032 2704 44 24 the
2095 2704 95 31 largest
2209 2704 50 24 and
2282 2705 68 23 most

1189 2744 96 29 tvaried
1295 2744 57 25 that
1361 2742 46 24 has
1418 2748 57 18 ever
1485 2740 64 25 been
1559 2739 89 26 shown
1658 2738 27 25 m
1696 2737 44 26 the
1751 2737 104 31 district,
1869 2737 50 25 and
1930 2737 38 26 for
1978 2737 93 32 quality
2092 2737 48 25 and
2159 2737 73 25 value
2249 2739 59 29 puts
2326 2737 26 24 m

1190 2782 32 24 he
1234 2777 80 28 shade
1330 2775 76 33 goods
1418 2773 91 25 offered
1521 2772 31 32 by
1564 2772 103 31 visiting
1677 2771 117 25 hawkere
1804 2772 65 23 from
1880 2770 44 25 the
1941 2770 181 25 Christchurch
2134 2779 45 23 rag
2191 2772 88 23 marts.

1225 2831 95 27 Dress
1332 2829 165 30 Materials,
1510 2827 88 25 Plain
1610 2826 60 24 and
1680 2825 104 31 Fancy
1795 2826 80 24 from
1888 2825 49 25 3d.
1951 2830 55 25 per
2013 2825 85 29 yard.

1223 2893 27 26 A
1266 2878 111 50 (strong
1393 2888 88 26 Stout
1497 2887 134 25 Durable
1648 2885 127 31 Kaiapoi
1791 2885 114 25 Tweed
1921 2885 51 31 2/6
1984 2891 55 24 per
2050 2885 76 31 yard

1823 2928 108 25 Makes
1944 2928 154 25 first-class
2116 2928 92 31 Boys'
2226 2928 91 26 Suits,

1223 2986 61 26 Ait
1301 2983 140 29 Muslins,
1460 2981 156 31 Cretones,
1636 2979 78 26 Lace
1733 2979 138 26 Curtains
1890 2979 53 26 &c.

1222 3063 26 29 A
1267 3059 110 26 Choice
1395 3058 167 25 Collection
1580 3057 33 24 of
1627 3055 122 31 Gloves,
1776 3056 77 30 Ties,
1884 3055 129 31 Aprons,
2043 3055 168 25 Insertions
2227 3056 54 24 &c.

1223 3114 122 30 Stuped
1362 3111 124 26 Galatea
1502 3109 55 33 4/6
1568 3116 56 24 per
1634 3109 108 30 dozen,
1771 3109 103 25 worth
1885 3109 50 25 9d.
1953 3114 55 25 per
2024 3108 85 30 yard.

1223 3180 31 25 P:
1263 3178 65 24 ints
1340 3176 79 24 from
1431 3175 52 25 4d.
1496 3180 55 25 per
1562 3174 84 30 yard.
1660 3173 139 30 Muslins,
1812 3172 139 30 Selesias,
1965 3171 126 32 Calicos,
2105 3172 54 26 &c.

1811 3215 87 25 With
1916 3215 87 24 other
2020 3214 193 26 Manchester
2229 3216 88 30 lines.

1222 3275 90 28 Hats,
1331 3271 103 31 Fancy
1451 3271 60 24 and
1528 3269 106 31 Sailor,
1653 3269 31 25 m
1700 3267 104 26 White
1822 3269 61 24 and
1899 3267 116 27 Colors.

1768 3312 127 25 Newest
1911 3311 123 31 Shapes.
2071 3311 96 31 Large
2184 3312 132 34 Variety,

1221 3372 25 26 F
1262 3374 109 25 owers,
1389 3367 155 30 Feathers,
1563 3365 148 31 Ribbons,
1730 3363 106 33 Laces,
1854 3364 76 32 Jets,
1949 3364 55 26 &c.

1696 3405 88 25 With
1800 3406 42 23 all
1858 3405 185 24 necessaries
2060 3405 48 25 for
2125 3405 191 31 Trimmings.

1221 3463 105 28 Fincy
1342 3459 140 29 Frillings
1501 3458 77 30 3yds
1590 3457 47 24 for
1646 3455 37 34 1/-
1700 3456 103 25 worth
1814 3455 51 32 9d,
1883 3461 55 26 per
1948 3456 84 30 yard,

1759 3498 184 32 Umbrellas,
1961 3499 152 31 Parasols,
2133 3499 183 33 Sunshades,

1186 3638 422 94 MANTLES,
1628 3600 251 117 CAP~ES
1905 3636 61 81 &
1984 3636 363 84 JACKETS

1188 3757 83 31 lan
1285 3751 142 39 showing
1441 3761 19 20 a
1472 3749 130 39 variety'
1610 3748 33 30 of
1657 3748 54 30 the
1724 3746 110 34 Latebt
1848 3747 158 32 Novelties
2020 3748 35 29 m
2069 3748 122 32 Ladies'
2215 3749 134 32 Mantles

1190 3808 100 39 Capes
1305 3803 63 30 and
1378 3801 139 36 Jackets,
1531 3800 34 31 m
1574 3800 54 29 the
1642 3802 80 27 most
1736 3798 169 42 ApjDpved
1919 3798 160 31 Materials
2095 3800 62 30 and
2166 3799 112 43 Styles,
2288 3802 60 30 and

1188 3861 62 30 hay
1258 3866 12 20 3
1293 3858 35 27 to
1351 3852 60 33 call
1434 3861 80 32 your
1528 3849 155 32 attention
1698 3853 37 34 4p
1757 3849 55 31 tlie
1834 3849 279 32 undermentioned
2135 3850 77 33 Lots
2214 3875 9 12 s
2245 3852 103 32 which

1188 3912 50 31 bei
1262 3916 21 30 g
1297 3902 179 42 purchased
1489 3905 34 27 at
1536 3902 87 39 large
1637 3898 170 38 discounts,
1819 3900 64 30 will
1896 3901 40 29 be
1949 3901 118 29 offered
2081 3911 35 20 as
2129 3902 117 32 follows
2257 3915 6 17 :
2272 3920 37 5 —

1179 3983 217 45 fe^JlApIES'
1410 3981 191 32 JACKETS
1616 3980 31 31 m
1664 3989 17 22 a
1696 3981 123 40 variety
1834 3981 33 30 of
1882 3981 130 31 Tweeds
2031 3981 33 30 m
2087 3982 112 32 shades
2217 3983 33 30 of
2263 3982 86 31 fawn

1179 4018 128 71 iillt
1323 4036 45 29 &c
1371 4057 7 7 -
1380 4057 9 13 j
1389 4050 43 6 ~~
1773 4076 6 3 -
1822 4050 2 2 '
1977 4047 48 29 '■
2060 4067 14 10 ■•
2182 4075 3 1 •
2334 4077 1 2 ■

1179 4079 124 55 Ir'PSS
1354 4082 101 33 Usual
1476 4082 89 30 Price
1586 4082 77 30 each
1707 4104 35 7 ...
1914 4105 33 9 ...
2078 4105 35 6 ...
2172 4114 3 5 ,
2229 4082 56 33 12s
2307 4083 41 31 6d

1179 4121 124 49 1111111
1356 4134 124 36 Special
1493 4131 77 33 Sale-
1578 4132 89 30 Price
1879 4156 33 7 ....
2085 4156 33 8 ...
2249 4135 35 30 5s
2307 4135 41 30 6d

1179 4177 64 70 |H
1253 4179 142 68 ||>IES'
1411 4192 141 32 BLACK
1568 4191 226 32 CAPBS%ith
1809 4192 55 31 Jet
1874 4192 63 30 and
1951 4191 61 31 silk
2029 4191 209 42 trimming-—

1179 4231 126 61 IS^iii
1355 4245 104 32 Usual
1483 4243 90 31 Price
1587 4242 77 33 each
1841 4266 35 6 ...
2020 4270 3 3 .
2048 4266 35 6 ...
2200 4240 5 12 ;
2225 4245 58 33 2|s
2304 4246 42 29 Od

1179 4293 128 41 §M$M
1356 4289 125 45 Special
1494 4293 72 32 Sale
1579 4293 89 30 Price
1836 4315 36 7 ...
1905 4308 4 4 •
2018 4316 3 13 ;
2045 4317 33 8 ...
2150 4323 2 4 
2243 4294 36 33 Tjs
2306 4294 38 33 6<J

1179 4327 126 64 tff^
1354 4371 2 3 •
1598 4370 1 1 .
1627 4339 172 41 '\/.»mmm-
1874 4363 2 4 ■
1930 4370 2 2 .
1977 4355 18 22 :,
2002 4363 19 14 :J:
2039 4374 1 1 .
2055 4363 10 13 V
2072 4368 11 9 ,
2083 4357 31 22 V?
2130 4363 68 14 
2232 4370 40 11 .,
2300 4338 51 37 '..Y,

1179 4383 236 82 ||h.
1452 4404 313 42 PARISH,
1822 4404 156 34 East
2025 4404 258 37 Oxford.

612 198 223 77 Beke
876 228 131 45 and
1048 226 118 46 son

612 287 81 47 Hb
764 308 132 24 inquiry
933 305 123 22 agency

830 351 70 23 Lane.,
915 350 188 20 Christchurch.

719 386 23 20 of
759 385 53 24 Kin,
823 383 98 26 Missing
929 381 117 21 Relatives
1056 380 45 24 &c;
1120 379 46 20 Ad-

811 413 23 18 m
844 417 45 19 any
898 410 53 26 part
961 409 23 19 of
994 408 40 20 the
1044 407 77 20 world.

754 444 83 20 Names
847 440 99 22 indexed
954 447 40 19 up,
1009 446 62 19 upon
1090 438 75 20 which

787 476 75 25 given,
883 473 121 23 Solicitors,
1024 472 88 23 Courts,
1131 470 35 20 m

723 510 107 20 relatives
839 508 45 23 &c,
893 507 106 21 Searches
1006 506 25 20 m
1038 506 73 20 Home
1120 504 46 20 and

703 542 135 22 Directions,
851 541 76 25 Army,
938 539 72 25 Navy,
1017 538 59 24 Law,
1083 537 83 25 Clergy

612 561 122 45 H|Hcal,
740 573 59 20 Civil
807 573 97 22 Service,
913 571 133 24 University
1051 569 46 20 and
1102 569 65 19 other

612 594 84 40 H^H.
713 605 43 20 Old
763 604 97 21 Records
866 604 25 19 m
896 601 154 22 Government
1060 600 105 20 Gazettes

696 639 45 19 and
751 639 66 19 other
830 643 94 20 papers;
943 635 101 25 Country
1059 633 105 22 families,

778 670 90 20 Letters
878 670 98 22 written,
995 667 107 25 Register
1110 665 55 26 kept

794 703 45 21 and
863 703 66 19 other
944 699 151 27 professional
1122 704 38 15 me

612 725 107 43 I^Hed
729 737 24 18 m
762 736 32 19 all
802 736 40 19 the
852 734 110 20 Colonies.

612 758 115 43 I^Hi'ty
736 776 65 19 years
811 769 138 25 experience,
955 766 96 26 enquiry
1060 764 37 21 fee
1115 764 36 26 2/6

813 806 78 24 Stamp
904 802 71 28 reply.

612 927 258 41 Hxpobd
915 940 237 25 s^A-iKiEiair

731 990 213 28 Established
969 985 87 29 1862.

811 1052 56 24 best
877 1050 81 25 brand
969 1049 60 31 only
1039 1049 68 31 kept.

808 1092 205 28 OATMEAL,
1048 1090 110 25 BEAN

717 1136 292 27 CHICKENWHEAT,
1028 1136 42 23 &c.

721 1180 122 21 LOWEST
872 1178 141 21 CURRENT
1041 1176 104 24 RATES,

612 1208 76 86 I
717 1253 52 43 F.
803 1251 49 43 B.
875 1248 188 54 LANE.

612 1315 72 40 WM
733 1325 90 40 (Late
838 1324 39 30 E.
896 1322 160 39 Butcher.)

909 1382 182 33 Jeweller,
1109 1378 52 31 &c.

628 1435 123 30 Importer
785 1435 26 23 of
851 1430 106 26 Musical
992 1430 171 25 Instruments

727 1472 110 24 Victoria
860 1470 37 25 St.
928 1469 134 30 Eangiora.

630 1560 98 30 Special
739 1560 71 23 value
832 1559 28 23 m
882 1557 80 24 Extra
985 1556 87 29 strong
1084 1553 79 25 Cased

627 1602 88 31 highly
723 1601 109 24 finished
845 1598 109 32 English
971 1597 81 25 Lever
1060 1595 103 26 Watch-

628 1653 34 16 es.
708 1643 191 26 Manufactured
916 1643 27 23 to
964 1648 44 23 my
1036 1639 73 25 order
1129 1638 34 31 by

628 1684 54 25 best
694 1684 105 25 London
817 1681 107 26 makers.
959 1678 157 33 Unequalled
1124 1677 39 26 for

628 1726 122 26 excellent
763 1724 178 32 Timekeeping
956 1723 50 24 and
1018 1721 143 32 durability.

660 1770 30 24 F.
708 1770 32 24 B.
752 1768 96 26 LANE
860 1766 140 34 personally
1022 1766 71 25 visits
1114 1763 48 26 Ox-

628 1814 54 24 ford
702 1813 125 31 monthly,
851 1811 115 32 carrying
985 1817 16 17 a
1022 1809 69 31 large
1113 1808 51 25 and

628 1855 85 25 choice
747 1855 70 24 stock
845 1853 28 25 of
903 1851 128 29 Watches,
1060 1851 102 28 Chains,

627 1898 134 28 Brooches,
772 1897 88 31 Eings,
871 1896 86 27 Studs,
975 1894 128 25 Pendants
1115 1895 47 28 etc,

629 1941 141 31 Spectacles
792 1938 124 33 (Pebbles,
932 1938 169 31 Pantoscopsc
1113 1937 50 24 and

628 1984 108 31 Crystal)
749 1982 97 29 Clocks,
865 1980 108 34 (Marble
994 1979 50 25 and
1062 1978 101 33 Wood,)

727 2025 156 26 Accordeons
895 2024 50 25 and
957 2023 106 25 Violins.

660 2070 82 24 Exact
754 2069 57 24 date
823 2068 27 25 of
860 2067 62 25 each
933 2066 60 25 visit
1015 2066 23 24 is
1049 2064 105 26 notified

775 2112 28 25 m
836 2116 17 11 *•

627 2157 115 24 Eepairs.
744 2170 32 4 —
777 2156 42 24 All
830 2154 94 31 repairs
942 2161 42 16 are
1001 2152 119 25 executed
1130 2151 33 32 by
1169 2164 2 4 ■

626 2200 92 32 myself
738 2208 28 17 or
783 2199 80 25 under
878 2205 44 24 my
941 2196 227 32 superintendence,

627 2251 27 17 so
677 2243 56 24 that
751 2244 104 30 patrons
866 2248 48 17 can
935 2241 53 30 rely
1011 2246 33 18 on
1066 2239 98 31 getting

627 2285 155 25 satisfaction
790 2286 27 23 at
828 2283 45 26 the
884 2290 59 24 very
954 2281 86 25 lowest
1049 2281 113 31 charges.

659 2328 104 32 Eepairs
775 2336 28 16 or
811 2327 85 25 orders
904 2333 59 24 may
974 2325 31 24 be
1013 2325 45 24 left
1070 2326 26 23 at
1096 2338 34 4 —

625 2376 26 25 J.
670 2375 134 30 Weeber's,
839 2374 66 25 East
928 2372 101 27 Oxford,

625 2422 26 22 at
674 2420 41 24 W.
738 2420 37 23 M.
799 2419 38 27 0.,
862 2418 64 24 East
950 2416 102 25 Oxford.

625 2462 24 26 J.
667 2462 101 30 Brown,
780 2460 161 30 Bootmaker,
965 2458 72 26 West
1060 2457 102 26 Oxford.

625 2506 40 24 W.
678 2505 25 25 J.
717 2505 118 25 Crothers
844 2505 19 23 &
876 2504 45 24 Co.
929 2521 6 6 .
958 2502 70 25 Oust.

658 2549 50 23 and
724 2548 52 25 will
782 2547 31 25 be
825 2545 126 34 promptly
962 2544 119 25 attended
1093 2545 35 23 to.

627 2592 55 30 All
802 2591 79 31 done
893 2600 40 20 on
946 2589 54 30 the
1011 2588 152 31 Premises

748 2644 62 29 and
825 2640 199 42 guaranteed.

664 2716 159 47 £1000
855 2715 254 52 Reward.

625 2816 169 29 fI^HEEE
816 2816 58 30 days
888 2814 82 25 before
982 2812 71 25 Noah
1064 2811 45 25 left
1121 2811 41 24 the

638 2838 45 44 JL
730 2849 60 29 Ark,
804 2850 71 23 about
894 2846 121 31 half-past
1028 2846 30 23 14
1070 2844 92 24 o'clock

622 2883 24 23 m
659 2883 40 24 the
710 2883 120 30 morning,
842 2889 16 17 a
868 2880 101 25 Balloon
983 2885 48 17 was
1044 2880 42 22 cut
1093 2878 70 24 loose

622 2915 60 24 from
694 2915 244 27 Manchestev-street,
957 2911 142 30 containing
1114 2913 47 21 two

622 2948 71 24 small
704 2947 250 25 children-twins-one
966 2951 15 16 a
992 2945 46 29 boy
1049 2943 25 23 of
1085 2942 76 31 thirty

621 2981 46 27 six,
681 2981 45 24 and
740 2981 42 24 the
794 2980 68 24 other
870 2986 12 17 s
894 2978 48 32 girl
954 2977 25 24 of
990 2977 65 30 forty
1064 2975 97 25 winters

656 3013 54 25 The
728 3014 45 31 boy
796 3019 67 18 wore
883 3019 15 16 a
915 3011 61 30 long
997 3008 82 26 South
1102 3007 59 25 Pole

621 3047 71 24 linen
715 3047 94 27 duster,
842 3044 69 25 lined
933 3043 61 25 with
1018 3043 143 23 tomatocan

621 3079 87 29 labels,
721 3079 51 23 and
783 3087 15 15 a
809 3085 84 17 cream
905 3075 67 25 color
982 3075 63 31 plug
1055 3074 52 23 hat.

655 3119 55 24 The
720 3118 48 31 girl
785 3125 63 17 wore
860 3124 15 16 a
887 3114 94 32 striped
988 3112 174 33 penetentiary

622 3151 51 25 suit
681 3151 69 29 with,
787 3158 15 17 a
813 3152 67 23 truss
892 3148 27 26 of
925 3148 50 31 hay
983 3147 38 24 for
1040 3154 16 16 a
1069 3145 91 29 bustle,

622 3184 50 24 and
700 3184 95 24 carried
818 3191 16 16 a
860 3182 38 23 La
921 3180 82 25 Tusca
1023 3186 49 17 sun
1084 3177 77 26 shade

622 3217 73 23 made
707 3216 64 25 from
791 3213 168 33 cherry-wood
979 3210 132 26 furnished
1126 3210 34 31 by

621 3249 44 24 the
683 3249 47 31 boy
742 3248 56 26 who
809 3255 77 17 never
896 3246 53 25 told
961 3253 15 16 a
987 3244 43 24 fib.

655 3281 55 33 Any
722 3289 47 18 one
788 3281 116 30 learning
923 3278 28 26 of
971 3277 66 25 their
1059 3276 102 31 present

622 3315 76 25 abode
707 3314 51 26 will
769 3314 85 25 confer
866 3321 15 16 a
900 3313 71 30 great
982 3311 70 24 favor
1063 3317 33 17 on
1116 3308 45 26 the

622 3347 120 25 bereaved
752 3348 103 31 parents
863 3345 33 32 by
907 3344 106 31 keeping
1025 3342 52 25 still
1085 3341 76 25 about

621 3381 29 24 it.
686 3381 54 24 The
752 3381 86 24 ascent
849 3386 51 17 was
920 3377 74 25 made
1004 3376 38 24 for
1051 3375 44 24 the
1102 3382 58 23 pur-

621 3421 61 23 pose
693 3413 27 25 of
728 3413 116 32 painting
855 3419 33 17 on
900 3410 43 25 the
955 3409 86 29 Moon,
1054 3407 105 26 adverti-

622 3446 57 31 sing
687 3447 43 23 the

669 3485 449 38 FTJRISriTXJieE

623 3544 66 26 That
701 3544 59 33 they
771 3543 97 32 bought
879 3542 28 25 of

627 3600 70 51 H.
728 3591 431 61 ATKINSON,

691 3671 40 23 117
747 3667 206 24 MANCHESTER
972 3665 121 25 STREET,

739 3707 281 30 CHEISTCHURCH.

624 3773 253 43 MRW.N,
902 3768 258 45 CATHRO,

665 3845 182 24 BARRISTER
861 3843 68 23 AND
945 3840 174 24 SOLICITOR.

774 3884 233 34 BANGIORA.

621 3939 133 31 Attends
768 3937 123 32 Oxford
905 3946 40 20 on
956 3934 97 31 Court
1062 3932 96 40 Days.

621 4012 167 25 Instructions
795 4010 35 32 by
840 4011 56 31 post
908 4007 53 27 will
971 4006 93 25 receive
1075 4012 93 35 promg.l

785 4050 29 30 pt
842 4047 133 25 attention.
1145 4045 23 36 $|

672 4112 44 53 S.
748 4113 51 43 B.
822 4102 306 57 SEYMOUR,
1135 4071 33 78 I

780 4193 2 3 .
819 4176 138 26 DENTIST,
1146 4163 22 50 jgj

661 4221 42 22 215
718 4219 105 23 Colombo
837 4219 82 23 Street,
942 4215 169 23 Christohurcli.
1146 4205 21 33 1

790 4292 178 22 CHARaES:—
989 4294 30 17 :■■,
1148 4280 18 50 |

687 4336 94 26 Filling,
795 4334 40 24 6s;
869 4330 133 23 Extraction
1011 4331 25 19 2s
1051 4329 37 21 6d.
1150 4335 16 21 %

645 4402 95 21 Nitrous
749 4398 61 23 Oxid
818 4398 47 21 Gas
874 4393 168 24 Adnlinistered
1046 4393 38 21 for
1089 4392 59 22 Pain
1149 4404 9 13 ?
1156 4392 10 29 s

618 4445 46 21 leas
673 4442 135 22 Extraction
816 4440 25 23 of
849 4438 82 24 Teeth.
942 4457 3 3 .
964 4437 46 22 Fee
1018 4436 37 22 for
1063 4435 103 45 Admin|

619 4482 109 22 istration
740 4482 31 20 ss.
1154 4477 12 39 |

96 1413 261 82 SMITH
385 1411 58 78 &
467 1411 108 91 Co.,

72 1515 72 24 THE
154 1511 156 26 LEADING
319 1509 118 25 FRAME
446 1507 141 25 MAKERS

63 1554 121 21 CORNER
204 1550 141 22 COLOMBO
366 1549 17 19 &
403 1547 197 21 GLOUCESTER

118 1584 138 21 STREETS.
303 1579 240 22 CHRISTCHURCH.

147 1621 52 24 The
207 1620 116 30 cheapest
331 1617 63 31 shop
400 1616 27 23 m
435 1616 86 23 Town.

96 1665 136 30 Importers
245 1662 27 24 of
281 1659 151 31 Mouldings,
451 1658 82 25 Glass.
545 1656 53 25 En-

162 1703 115 32 gravings
300 1700 49 24 and
378 1700 122 23 Pictures.

62 1782 80 43 W.
164 1775 301 50 JOHNSON
472 1777 41 43 &
527 1774 72 44 Co

173 1848 55 26 (late
239 1846 87 21 Hamill
335 1844 17 20 &
362 1843 112 24 Johnson)

116 1890 83 20 LAND
213 1888 64 20 AND
287 1885 115 22 ESTATE
416 1884 128 25 AGENTS,

206 1930 27 20 71
243 1926 123 23 Cathedral
376 1926 91 26 Square,

104 1962 453 37 CHRISTCHURCH.

87 2036 49 19 The
146 2035 103 20 Farmers
256 2032 23 21 of
286 2031 92 24 Oxford,
390 2030 57 21 Cnst
456 2029 46 20 and
511 2034 88 14 surrou-

60 2073 73 25 nding
143 2072 108 19 Districts
259 2071 49 19 who
318 2069 55 19 wish
382 2069 25 19 to
413 2067 90 25 dispose
511 2065 25 21 of
538 2065 61 21 their

61 2111 72 19 farms
147 2109 47 20 will
202 2108 49 20 find
267 2107 19 20 it
303 2107 24 19 to
347 2105 62 20 their
426 2104 130 24 advantage
574 2104 25 19 to

60 2148 64 26 place
134 2147 62 21 them
206 2146 25 19 m
240 2151 41 15 our
294 2143 81 21 hands.
412 2142 44 20 We
474 2141 66 20 mate
558 2140 40 20 the

62 2185 52 20 Sale
129 2184 23 20 of
171 2183 64 21 Land
253 2182 40 21 the
311 2180 94 26 leading
420 2178 87 22 branch
521 2177 23 21 of
557 2184 42 14 our

61 2222 111 20 Business
182 2221 45 20 and
237 2227 32 13 we
279 2225 66 19 spare
352 2217 90 21 neither
447 2217 56 20 time
509 2215 90 21 trouble

61 2265 42 13 nor
113 2264 97 19 expence
220 2257 24 19 m
249 2253 220 28 bringingproperty
475 2251 77 21 before
558 2251 41 20 the

62 2296 74 20 notice
150 2294 24 21 of
183 2294 40 20 the
235 2292 84 27 public.

157 2330 56 20 FOR
228 2328 75 22 SALE
318 2328 40 19 AT
373 2326 118 21 OXFORD

87 2373 20 20 A
117 2373 68 19 Farm
194 2370 24 21 of
226 2371 28 20 40
264 2375 62 15 acres
331 2368 59 26 good
397 2366 56 21 land
461 2366 52 21 well
517 2365 82 21 fenced

60 2410 46 20 and
115 2408 141 21 subdivided.
266 2406 53 21 Two
329 2405 108 25 dwelling
455 2404 83 20 houses
552 2401 45 21 and

59 2448 41 19 out
108 2446 124 25 buildings,
268 2443 64 21 Price
345 2442 55 26 only
409 2442 60 20 ,£SOO
483 2446 46 20 any
538 2445 58 15 reas-

59 2485 81 19 onable
150 2484 70 20 terms
230 2482 76 26 given.

87 2531 48 20 Our
144 2530 50 21 List
209 2529 25 21 of
246 2529 78 20 Farms
334 2526 36 21 for
380 2526 52 21 Sale
446 2526 52 20 sent
506 2525 48 20 free
568 2529 29 15 on

60 2568 144 26 application.

62 2643 25 35 P
117 2630 478 85 MANNINGgfIOffIPANY

258 2723 137 24 LIMITED.

84 2783 271 29 CHEISTCHUEGH
376 2781 69 25 BEE
447 2780 80 26 WEE
529 2780 32 25 Y.

288 2843 62 21 THE

338 2883 95 32 JES

190 2926 130 22 BREWED
331 2926 39 20 BY
385 2925 71 20 THIS

143 2963 371 39 COMPANY

247 3031 82 22 FROM
339 3031 62 20 THE

171 3127 46 19 Are
227 3123 174 26 acknowledged
410 3123 25 20 to
442 3123 37 20 be-

54 3165 150 21 SUPERIOR
213 3165 35 19 IN
260 3162 135 24 QUALITY
406 3161 37 21 TO
451 3161 65 21 ANY
522 3160 73 20 PRO-

122 3195 101 20 DUCED
238 3194 35 20 IN
287 3193 74 20 NEW
374 3192 150 20 ZEALAND.

83 3231 109 27 Supplied
197 3232 24 20 to
225 3230 81 21 Hotels
312 3229 46 21 and
366 3229 93 20 Private
465 3229 129 20 Customers

53 3259 26 19 m
88 3258 143 27 Hogsheads,
242 3257 99 24 Barrels,
352 3255 140 24 Kilderkins,
502 3255 45 20 and
558 3255 36 19 10-

54 3286 89 26 --gallons
153 3285 63 26 Kegs
226 3285 60 26 only.

56 3337 118 41 TALE
198 3336 90 42 ALE
312 3336 94 39 AND
437 3335 157 40 EXTRA

249 3386 133 44 STOUT

153 3440 127 22 BottlecWn
289 3438 85 25 Quarts
384 3438 47 20 and
439 3438 72 20 Pints.

209 3537 230 45 DRINK

95 3607 181 38 HYSLOP'
291 3607 121 38 PURE
433 3606 101 38 TEA.

60 3673 65 31 The
140 3673 92 31 finest
245 3673 53 29 tlie
311 3671 105 31 World
433 3673 158 38 produces.

63 3727 73 28 Sold
147 3727 44 38 by
220 3725 50 30 Mr
284 3725 35 29 F.
335 3725 38 29 A.
403 3725 189 35 ■Waterman,

102 3771 80 30 East
192 3770 130 33 Oxford.

60 3822 52 29 Mr
130 3822 39 35 R,
185 3822 118 35 Fisher,
319 3820 90 30 West
421 3820 131 30 Oxford.

61 3870 49 30 Mr
126 3871 36 30 E.
178 3871 50 30 W.
258 3869 127 40 Cooper,
416 3868 86 36 Oust,
532 3868 62 31 and

102 3928 94 29 many
214 3918 109 29 others.

58 3989 137 46 GEO.
217 3988 46 45 S.
282 3985 307 55 HICKMAN.

207 4083 68 26 Cobn
289 4082 145 24 Exchange.

280 4148 277 28 CHEISTOHUECH.

91 4236 80 29 Land,
183 4236 97 28 Estate,
315 4235 87 24 House
409 4234 51 25 and
483 4233 109 25 General

58 4278 167 26 Commission
258 4278 90 31 Agent.
352 4295 3 9 ;
378 4294 3 5 -
404 4276 119 29 .LOANS
558 4283 34 18 on

52 4321 129 25 ■Freehold
195 4320 112 31 Security
326 4320 150 31 negotiated.
522 4318 69 26 ALL

52 4364 119 26 ■business
183 4362 127 27 entrusted
321 4363 30 25 ta
369 4370 43 24 my
430 4370 56 17 care
497 4362 52 26 will
559 4362 32 25 be

52 4407 143 40 ■pnducted
206 4406 60 27 with
279 4405 42 27 the
333 4407 94 25 utmost
438 4405 96 33 fidelity
541 4405 49 26 and

52 4450 128 32 ■ispatch.
394 4450 2 5 '
461 4449 94 17 ■•■•■■■■■■.■■':
569 4451 30 29 .^
