4159 5748
1932 155 48 35 IN
2004 155 218 35 MEMORIAM.

1842 229 28 24 Tn
1885 230 151 29 affectionate
2046 227 183 30 remembrance
2240 226 27 25 of
2278 227 56 25 Uer-

1806 274 96 19 trude
1915 267 94 34 Ruth,
2024 266 55 28 who
2101 264 54 27 died
2170 263 60 27 26th
2246 262 90 28 Novem-

1806 302 48 31 ber,
1870 304 71 26 1893.

1832 346 45 19 And
1889 346 50 21 with
1950 348 38 22 the,
1995 353 57 15 morn
2062 345 58 20 those
2129 343 58 25 angel
2197 343 52 20 faces
2258 342 65 25 smile,

1832 372 74 21 Which
1913 373 10 21 I
1930 373 49 22 have
1986 375 46 19 love
2039 374 6 19 I
2054 372 47 25 long
2111 372 53 19 since
2174 370 40 20 and
2223 370 40 20 lost
2272 369 80 21 awhile.

1808 404 145 27 —lnserted
1967 407 31 27 by
2013 405 41 25 ber
2069 403 84 31 loving-
2167 409 100 25 parents

2073 438 26 25 T.
2115 437 21 27 &
2152 438 29 25 E.
2197 439 28 25 A.
2242 437 80 27 Coof.

1812 518 156 61 Mount
1999 518 188 61 Benger
2218 518 125 61 Mail

1812 635 51 17 BE
1888 635 101 17 JUST
2014 635 76 17 AND
2115 635 102 17 FEAR
2242 635 101 17 NOT.

1870 699 116 22 FRIDAY,
2003 696 156 22 NOVEMBER
2173 695 31 25 27,
2221 695 54 21 1896.

1832 772 47 20 The
1890 773 74 20 annual
1974 770 136 23 examination
2127 770 21 19 of
2166 770 35 19 the
2217 769 50 20 locil
2287 768 67 21 school

1808 807 25 20 bv
1843 807 104 25 Inspector
1959 805 113 26 Fitzgerald
2083 811 124 14 commences
2221 811 26 13 on
2266 804 89 24 Monday

1806 841 57 18 next.

1833 877 40 20 We
1884 878 65 21 would
1959 878 63 21 direct
2031 876 34 20 the
2079 875 101 20 attention
2188 875 22 20 of
2225 881 36 14 our
2277 874 80 21 readers

1807 913 21 18 to
1842 911 31 19 Mr
1884 912 99 20 Dimant's
1993 911 39 25 gift
2042 909 158 21 advertisement
2210 909 109 25 appearing
2338 908 19 20 in

1807 946 40 17 this
1858 944 59 21 issue.
1945 947 21 18 It
1976 945 40 20 will
2026 944 47 19 bear
2083 942 82 25 reading
2174 943 66 20 twice.

1833 982 46 21 The
1889 984 77 25 cycling
1976 982 62 22 club's
2048 981 48 20 road
2107 988 45 13 race
2161 982 21 19 to
2192 980 48 22 Coal
2247 979 111 22 Creekand

1807 1017 52 21 back
1881 1019 108 26 yesterday
2020 1016 104 21 afternoon
2148 1015 89 25 brought
2263 1015 36 20 out
2322 1015 38 19 five

1807 1053 89 19 starters.
1933 1052 36 21 The
1991 1052 74 19 winner
2087 1050 74 19 turned
2177 1055 27 20 up
2218 1049 21 20 in
2282 1048 78 20 Grover

1807 1085 77 26 (whoke
1894 1087 49 20 time
1951 1094 39 13 was
1997 1085 82 24 Soinin),
2088 1085 22 19 T,
2120 1083 83 21 Micheil
2213 1083 59 25 being
2280 1082 78 20 second.

1833 1125 37 20 Mr
2004 1123 97 21 returned
2112 1123 52 19 from
2175 1121 95 21 Dunedin
2288 1122 21 18 at
2325 1120 34 20 the

1807 1160 39 20 end
1856 1160 21 19 of
1887 1160 39 19 last
1938 1160 61 24 week,
2010 1158 37 20 and
2060 1158 22 20 is.
2096 1165 28 12 we
2136 1164 33 13 are
2179 1156 46 26 glad
2240 1157 22 18 to
2279 1155 24 19 be
2315 1154 45 20 able

1808 1196 22 18 to
1839 1195 61 24 state,
1912 1201 44 13 now
1973 1201 24 12 on
2014 1200 11 12 a
2039 1193 38 19 fair
2093 1198 44 19 way
2156 1190 87 20 towards
2256 1195 103 19 recovery,

1809 1229 33 20 lie
1853 1235 88 14 resumes
1952 1229 32 20 the
1994 1226 85 27 practice
2096 1226 21 20 of
2138 1226 31 19 his
2183 1224 112 27 profession
2309 1225 49 18 next

1812 1264 64 21 week.

1835 1302 31 20 At
1877 1301 29 21 his
1917 1292 87 31 mfSjjiir
2013 1306 24 14 on
2048 1299 88 25 Monday
2147 1298 66 25 iright,
2225 1297 33 21 Mr
2268 1297 91 21 Larnach

1809 1334 68 21 stated
1886 1334 45 19 that
1976 1333 37 20 had
2026 1332 90 21 received
2126 1339 11 12 a
2148 1331 87 27 promise
2249 1330 54 21 from
2319 1330 35 20 the

1811 1368 54 18 Hon.
1889 1367 54 18 John
1961 1367 107 19 M'Kenzie
2091 1368 21 16 to
2133 1365 47 19 visit
2199 1365 35 18 the
2251 1364 108 19 electorate

1809 1400 72 24 during
1891 1399 35 20 the
1936 1405 70 21 recess,
2021 1400 40 20 and
2075 1399 26 20 he
2120 1398 67 26 hoped
2204 1398 41 20 also
2262 1397 45 20 that
2326 1396 34 21 the

1809 1432 90 20 Premier
1908 1431 65 19 would
1983 1438 54 14 come
2047 1438 21 13 as
2080 1431 51 21 well.

1835 1469 47 21 Ol'R
1894 1468 73 21 Millers
1985 1469 45 20 Fat,
2044 1468 157 26 correspondent
2213 1468 66 19 wiPes
2289 1466 71 21 :-Wt?

1811 1503 40 20 had
1862 1510 11 13 a
1883 1502 86 20 number
1979 1503 20 20 of
2017 1501 111 26 Roxburgh
2141 1501 83 25 cyclists
2239 1501 59 19 down
2312 1499 49 20 here

1811 1538 30 20 for
1866 1544 11 14 a
1898 1544 36 13 run
1959 1543 26 13 ou
2007 1536 90 23 Sunday.
2124 1536 64 19 These
2207 1534 103 21 machines
2327 1539 35 14 are

1810 1570 86 25 starting
1907 1573 21 17 to
1960 1570 55 19 catch
2027 1577 24 12 on
2089 1569 47 19 here
2156 1574 53 19 now,
2228 1567 59 20 there
2303 1565 59 25 being

1810 1604 81 26 already
1902 1610 60 14 seven
1973 1610 20 13 or
2011 1603 62 27 eight,
2089 1602 51 21 with
2155 1609 55 13 more
2222 1602 21 20 to
2259 1601 75 21 follow.
2352 1601 8 19 I

1811 1640 83 21 believe.

1836 1682 36 20 Mr
1889 1682 110 23 Rawlins,
2018 1680 73 24 during
2112 1679 32 20 his
2169 1678 83 20 address
2270 1678 47 19 here
2336 1684 24 12 on

1811 1713 100 26 Saturday
1934 1712 63 26 night,
2026 1712 47 21 took
2090 1712 31 20 bis
2150 1711 97 21 audience
2265 1710 43 21 into
2330 1710 32 20 his

1811 1750 114 22 confidence
1936 1749 18 20 in
1964 1755 54 14 more
2038 1755 53 18 ways
2111 1747 49 20 than
2178 1753 45 14 one.
2252 1747 57 20 Inter
2323 1745 39 21 alia

1811 1785 24 19 he
1846 1791 48 18 gave
1905 1784 54 20 them
1971 1790 9 12 a
1990 1784 70 23 strong
2076 1782 45 20 hint
2129 1783 21 18 to
2167 1781 35 20 the
2222 1781 61 20 effect
2293 1780 47 20 that
2348 1780 14 20 if

1811 1817 49 25 they
1869 1816 34 20 did
1913 1817 35 18 not
1959 1814 54 26 place
2023 1814 42 21 him
2076 1816 20 18 at
2107 1814 36 19 the
2152 1813 51 20 head
2213 1812 20 21 of
2240 1812 35 21 the
2285 1812 42 26 poll
2336 1818 26 14 on

1811 1849 78 27 polling
1898 1849 37 25 day
1946 1848 25 20 he
1983 1854 37 13 was
2033 1847 12 9 ''
2057 1847 52 21 done
2120 1847 49 19 with

1835 1889 47 20 The
1891 1887 49 21 local
2040 1886 47 21 club
2097 1885 41 21 had
2156 1892 11 14 a
2186 1892 37 14 run
2244 1886 21 20 to
2284 1884 78 22 Millers

1810 1924 47 19 Fiat
1866 1922 54 25 early
1931 1922 19 19 in
1969 1921 33 19 th■;
2023 1920 63 24 week,
2107 1920 58 19 when
2185 1919 62 20 about
2269 1925 12 13 a
2299 1918 63 20 dozen

1811 1955 99 21 members
1920 1953 46 22 took
1975 1954 52 25 pait.
2054 1953 43 20 The
2108 1952 91 27 pleasure
2210 1951 20 21 of
2246 1951 36 21 the
2292 1951 71 25 outing

1812 1996 38 13 was
1876 1987 109 22 somewhat
2007 1986 79 21 marred
2117 1986 26 25 by
2170 1992 25 13 an
2221 1985 135 20 unfortunate

1810 2022 92 21 accident
1912 2023 19 18 to
1945 2021 29 19 Mr
1988 2020 23 20 15.
2023 2019 26 21 V.
2062 2019 74 26 Reilly,
2148 2018 35 20 the
2195 2019 109 25 secretary,
2317 2018 45 20 who

1811 2054 102 21 sustained
1923 2060 11 13 a
1945 2053 40 25 fall,
1999 2052 24 25 by
2034 2052 66 20 which
2110 2052 24 19 he
2146 2051 39 20 will
2196 2051 24 20 be
2230 2051 92 20 confined
2339 2051 21 20 to

1811 2090 31 21 his
1851 2090 62 20 house
1923 2088 30 22 for
1962 2094 54 14 some
2026 2087 56 26 days.

1836 2130 50 20 OCR
1908 2127 105 23 Cromwell
2032 2126 157 24 correspondent
2209 2125 68 21 writes
2317 2125 43 21 The

1811 2157 44 21 first
1866 2156 73 21 annual
1946 2154 130 24 agricultural
2086 2153 62 25 show,
2163 2153 47 21 held
2221 2155 22 18 at
2253 2153 108 21 Cromwell

1811 2191 24 13 on
1844 2184 80 23 Fridav,
1934 2182 47 20 20th
1988 2183 47 19 inst.
2046 2188 39 12 was
2092 2188 11 12 a
2108 2182 57 23 great
2173 2187 86 18 success,
2267 2180 92 20 between

1810 2218 61 12 seven
1881 2210 39 19 i-.nd
1931 2209 52 20 ei.ht
1998 2207 92 21 hundred
2101 2208 74 24 paving
2190 2208 31 18 for
2240 2206 117 20 admission.

1811 2237 57 20 Next
1876 2243 48 18 year
1938 2236 33 19 the
1984 2235 55 19 show
2054 2233 72 21 should
2145 2234 24 19 be
2186 2240 51 14 even
2256 2240 11 12 a
2282 2234 79 23 greater

1808 2270 87 16 success,
1905 2270 21 12 as
1939 2262 34 20 the
1982 2261 129 27 competition
2123 2260 40 20 will
2174 2260 25 20 ha
2209 2259 61 21 much
2282 2260 75 20 keener

1810 2291 40 21 and
1860 2291 35 19 the
1905 2297 9 13 c
1922 2291 111 24 mipetitors
2043 2289 39 19 will
2089 2289 34 25 get
2132 2288 98 26 prepared
2240 2287 32 20 for
2282 2287 24 21 it.

1835 2329 41 20 We
1896 2328 68 20 would
1987 2334 52 12 warn
2059 2334 37 12 our
2118 2326 80 20 readers
2220 2326 78 25 against,
2324 2325 36 20 the

1809 2356 77 25 danger
1903 2355 21 20 of
1941 2355 92 24 allowing
2048 2360 67 19 young
2131 2353 90 20 children
2239 2355 21 18 to
2278 2352 82 24 indulge

1809 2383 109 21 overmuch
1943 2383 18 19 in
1984 2383 67 22 eating
2075 2381 73 25 unripe
2169 2380 139 24 gooseberries.
2336 2380 20 20 A

1811 2411 54 20 little
1885 2409 44 27 girl,
1952 2409 33 21 the
2001 2409 99 26 daughter
2115 2408 21 20 of
2152 2408 31 20 Mr
2200 2407 101 26 Stringer,
2320 2407 37 20 has

1810 2439 49 19 been
1870 2437 96 21 rendered
1976 2437 97 24 serioudy
2082 2435 22 21 ill
2115 2436 86 23 through
2212 2436 68 24 eating
2296 2441 59 18 green

1810 2465 141 25 gooseberries,
1971 2464 38 19 and
2025 2470 38 13 one
2079 2463 21 19 of
2117 2463 29 19 Mr
2164 2462 69 20 J.tmes
2253 2462 107 20 Andrew's

1811 2491 90 21 children
1911 2491 41 20 also
1961 2491 34 20 has
2004 2491 43 26 just
2056 2492 35 24 got
2105 2496 48 14 over
2167 2496 11 13 a
2193 2489 75 20 serious
2288 2489 69 20 attack

1809 2519 53 19 from
1872 2519 35 19 the
1916 2525 53 13 same
1979 2524 64 14 cause.

1837 2557 31 21 AT
1879 2557 34 20 the
1921 2555 72 21 annual
2002 2555 85 21 election
2095 2555 31 20 for
2132 2562 11 14 a
2150 2553 90 22 member
2246 2555 101 26 represent-

1811 2585 33 24 ing
1865 2585 36 19 the
1926 2584 99 24 boroughs
2048 2583 20 20 of
2094 2583 121 24 Alexandra,
2242 2581 115 26 Cromwell,

1811 2611 120 26 Roxburgh,
1941 2611 89 25 Tapanui
2045 2610 40 20 and
2093 2610 88 20 Vincent
2191 2609 82 24 County
2283 2616 25 12 on
2325 2608 24 20 th
2355 2616 5 5 j

1812 2639 77 20 United
1899 2637 187 26 OtagoCharitable
2096 2637 41 21 Aid
2149 2637 71 25 Board,
2232 2637 48 20 held
2291 2638 21 18 at
2322 2635 35 21 the

1812 2666 84 20 Council
1920 2665 116 25 Chambers,
2053 2664 118 25 Roxburgh,
2187 2670 24 12 on
2233 2663 126 23 Wednesday

1812 2693 85 26 evening
1917 2693 40 23 (Mr
1979 2692 85 25 Burton,
2090 2693 55 19 town
2167 2691 61 24 clerk,
2249 2690 60 27 being
2324 2690 35 20 the

1811 2720 102 26 presiding
1920 2720 80 24 officer),
2011 2720 30 19 Mr
2047 2719 167 25 James'Hazle.t,
2225 2719 20 19 of
2253 2718 104 25 Dunedin,

1813 2755 39 13 was
1862 2747 106 20 re-elected
1979 2746 167 27 representative.

1836 2786 46 20 The
1893 2786 48 20 next
1956 2785 50 20 New
2023 2784 89 21 Zealand
2129 2784 127 20 Parliament
2272 2783 47 25 will,
2336 2790 23 12 or

1811 2814 64 25 ought
1897 2815 29 19 to.
1941 2813 25 20 be
1980 2820 10 12 a
2005 2819 49 19 very
2079 2811 79 21 Liberal
2173 2818 45 19 oue,
2235 2810 79 25 iudeed,
2334 2817 25 13 no

1811 2844 74 17 matter
1894 2840 65 20 which
1973 2842 59 24 party
2043 2840 43 25 gets
2102 2839 44 20 into
2160 2846 76 19 power.
2264 2839 53 19 That
2334 2839 24 24 is,

1811 2868 15 19 if
1835 2875 28 12 we
1871 2874 35 13 can
1917 2867 75 20 believe
2002 2867 36 19 the
2053 2866 123 20 candidates.
2200 2866 55 19 Even
2263 2865 35 19 the
2307 2869 53 15 most

1811 2894 93 20 so-called
1917 2894 151 23 Conservative,
2087 2893 54 19 from
2161 2892 107 20 Auckland
2287 2893 21 19 to
2326 2892 34 19 the

1810 2920 116 27 Bluff,have
1933 2919 114 21 renounced
2055 2919 34 19 the
2096 2926 47 17 very
2150 2925 59 13 name
2219 2918 20 20 of
2249 2918 100 20 Conserva-

1811 2950 41 19 tive
1862 2955 22 12 or
1893 2948 60 25 Tory,
1962 2948 48 19 an<vN
2020 2946 53 22 each,
2091 2946 84 25 instead,
2192 2945 52 21 dubs
2263 2945 102 19 himself;/

1810 2978 46 17 tiue
1866 2974 85 21 Liberal.
1982 2975 60 18 A.ter
2051 2973 33 24 all,
2102 2973 36 19 the
2151 2973 48 24 king
2215 2973 15 19 is
2244 2973 36 19 not
2300 2972 60 25 Dick,

1809 3003 37 16 but.
1926 3003 3 16 s

1837 3040 46 19 The
1894 3037 72 21 annual
1978 3036 88 26 meeting
2076 3036 21 19 of
2107 3036 35 21 the
2154 3035 110 26 Roxburgh
2275 3034 84 21 Medical

1814 3067 124 20 Association
1949 3073 38 12 w:s
1998 3064 47 21 held
2055 3066 21 19 at
2091 3064 35 21 the
2138 3064 122 21 Athe-isemn
2275 3063 45 20 Hall
2331 3070 26 13 on

1814 3095 89 25 Tuesday
1913 3093 91 21 evenine.
2033 3093 28 19 As
2071 3091 114 21 heretofore
2192 3092 35 19 the
2234 3090 122 21 attendance

1815 3129 38 12 was
1874 3121 64 20 small.
1961 3120 31 19 Mr
2011 3120 23 20 L.
2050 3120 23 19 E.
2092 3119 78 20 Haines
2184 3118 108 26 presiding.
2319 3118 42 19 The

1815 3149 61 18 books
1886 3147 38 20 and
1935 3147 118 20 documents
2064 3153 51 12 were
2130 3145 80 20 handed
2220 3151 48 13 over
2283 3147 21 17 to
2321 3145 34 19 Dr.

1815 3174 81 24 Mullin,
1908 3181 20 12 as
1938 3173 26 20 he
1973 3173 33 20 did
2013 3174 35 19 not
2055 3172 79 26 require
2140 3179 11 12 a
2157 3171 81 20 further
2248 3173 111 23 guarantor

1815 3210 21 12 as
1858 3204 21 18 to
1898 3201 73 23 salary,
1990 3200 16 20 it
2020 3199 59 26 being
2098 3198 124 22 understood
2243 3194 45 25 that
2304 3198 57 20 those

1815 3229 45 20 who
1872 3229 47 19 wish
1930 3234 35 14 can
1977 3227 39 20 still
2027 3227 59 26 enjoy
2098 3227 35 20 the
2144 3226 106 26 privileges
2256 3225 104 25 attaching

1815 3260 21 16 to
1859 3256 35 20 tie
1917 3254 115 21 association
2059 3260 24 13 on
2109 3253 116 27 complying
2251 3252 49 21 with
2327 3252 34 21 the

1814 3283 114 21 conditions
1973 3283 25 18 At
2017 3282 33 19 the
2067 3284 83 23 request
2167 3281 21 19 of
2206 3281 35 19 the
2259 3280 71 20 doctor
2348 3287 12 12 a

1815 3311 55 19 small
1881 3310 116 20 committee
2056 3308 109 26 appointed
2176 3309 21 18 to
2211 3309 105 24 represent
2326 3307 35 20 the

1814 3337 130 25 subscribers,
1977 3336 106 24 consis'icg
2118 3335 22 21 of
2172 3335 74 21 Messrs
2276 3334 85 26 Haines,

1940 3364 42 20 .Ja?.
1993 3363 64 26 Craig,
2068 3363 56 21 John
2135 3363 101 20 Bennetts
2252 3362 40 20 and
2310 3362 49 20 Geo.

1815 3393 78 19 Bennet
1904 3391 84 23 (Millers
1999 3390 61 24 Flat.)

1839 3431 36 20 Mr
1888 3431 102 19 LaiinaCH
2002 3429 105 20 addressed
2116 3436 10 13 a
2137 3429 54 25 large
2201 3427 87 23 uamber
2295 3427 21 21 of
2325 3427 35 21 the

1813 3457 85 21 electors
1908 3461 21 15 at
1940 3457 34 19 Mil
1985 3463 30 13 ers
2025 3457 45 19 Fiat
2084 3463 26 13 on
2128 3456 129 24 Wednesday
2266 3455 93 25 evening,

1814 3485 30 20 Mr
1862 3484 56 21 John
1937 3484 52 20 Kerr
2005 3483 106 26 presiding.
2147 3484 29 19 At
2191 3483 34 20 the
2242 3481 116 21 conclusion

1811 3512 22 19 of
1848 3512 31 18 his
1893 3511 46 19 addi
1945 3517 30 13 ess
1984 3511 37 19 and
2030 3510 31 19 aft
2074 3518 9 11 r
2090 3511 25 18 he
2122 3510 38 19 had
2168 3509 104 21 answered
2278 3509 76 19 several

1812 3538 111 26 questions,
1948 3537 70 19 Messrs
2039 3537 32 20 W.
2092 3536 79 25 Waugh
2190 3536 39 20 and
2248 3536 21 20 J.
2289 3535 70 21 Sillars

1812 3573 20 13 m
1842 3565 42 21 »ved
1894 3572 11 13 a
1916 3567 46 17 vo'.e
1978 3563 21 21 '.f
2011 3563 72 21 thanks
2092 3565 21 20 to
2123 3563 38 21 and
2172 3563 116 21 confidence
2297 3563 21 20 in
2328 3562 32 20 Mr

1812 3593 91 20 Larnach
1968 3591 51 20 th'ir
2041 3598 14 13 r
2063 3591 145 25 presentative.
2244 3591 75 19 Messrs
2337 3590 20 20 J.

1812 3620 125 19 M'Wbirter
1954 3619 38 18 and
2013 3619 24 19 1).
2058 3619 55 18 Weir
2132 3619 70 19 moved
2213 3624 20 13 as
2243 3624 25 13 an
2278 3617 67 19 amend-

1811 3648 56 19 ment
1901 3646 45 20 that
1958 3645 30 19 Mr
1999 3645 87 20 Launch
2101 3645 16 20 is
2133 3647 35 17 not
2177 3652 11 13 a
2199 3645 19 20 fit
2235 3644 40 21 and
2286 3650 73 20 proper

2020 3672 58 20 After
2084 3678 55 14 some
2147 3672 111 20 discussion
2267 3671 48 20 with
2324 3671 35 19 the

1810 3701 102 19 chairman
1930 3707 20 11 as
1967 3703 20 15 to
2003 3699 88 20 whether
2101 3699 34 19 the
2146 3699 132 20 amendment
2288 3704 39 14 was
2337 3698 19 20 in

1810 3728 65 25 order,
1886 3735 10 11 a
1907 3727 56 20 show
1973 3725 3 28 •
1986 3726 7 20 f
2003 3726 62 20 hands
2076 3733 39 13 was
2129 3726 62 21 taken
2207 3734 25 12 on
2249 3725 56 23 both,
2321 3725 37 21 the

1811 3755 75 20 motion
1897 3755 60 22 being
1966 3754 138 20 e.iiried.—At
2114 3754 36 20 the
2161 3753 115 21 conclusion
2290 3753 21 19 of
2326 3753 31 19 his

1810 3782 47 19 Coal
1881 3781 64 19 Cieek
1971 3780 78 20 address
2068 3781 38 19 last
2125 3780 92 24 Tuesday
2241 3779 64 26 night,
2328 3780 31 19 Mr

1811 3807 90 21 Larnach
1923 3814 40 12 was
1980 3807 94 19 tended
2093 3813 11 13 a
2124 3808 46 19 vote
2189 3807 21 19 of
2228 3807 75 19 thanks
2321 3806 39 20 and

1808 3835 50 19 cjiifi
1868 3835 55 20 len.ee
1933 3839 25 15 o.i
1970 3834 32 20 the
2013 3834 75 20 mo'ion
2097 3833 21 21 of
2128 3834 73 20 Messrs
2219 3833 83 21 Manuel
2316 3834 39 20 and

1811 3865 9 17 .'
1831 3862 4 21 .
1850 3862 65 21 lliicb.

1836 3903 15 19 A
1869 3907 21 15 vi
1898 3906 26 15 iiv
1945 3901 103 25 enjoyable
2062 3901 59 20 social
2140 3901 18 19 in
2174 3901 118 20 connection
2307 3901 51 21 with

1810 3929 34 19 •ho
1855 3929 110 23 Roxburgh
1977 3928 99 20 Christian
2088 3929 120 19 Endeavour
2224 3929 80 23 Society
2316 3935 39 13 was

1811 3956 46 20 held
1883 3956 19 19 in
1926 3955 36 20 the
1987 3955 101 26 \YVs]eyan
2117 3955 81 21 Church
2225 3955 38 20 last
2285 3955 74 26 Friday

1808 3982 3 26 i
1821 3983 73 24 veiling
1921 3982 64 20 There
1999 3989 51 13 were
2067 3982 62 20 about
2145 3982 54 25 sixty
2217 3984 90 24 present,
2318 3983 39 20 and

1809 4011 35 20 the
1863 4012 49 18 Rev.
1924 4010 21 19 J.
1960 4010 55 24 Ifoop
2029 4017 8 12 r
2049 4010 98 25 ptesided.
2175 4010 42 19 The
2234 4016 125 19 programme

1808 4038 108 19 contained
1948 4036 35 20 the
2007 4036 103 24 following
2132 4036 59 20 items
2232 4036 127 21 Chairman's

1808 4064 95 25 address;
1928 4063 49 24 solo,
2001 4062 53 21 ''He
2076 4063 66 26 Wipes
2161 4063 35 20 the
2310 4064 49 20 Miss

1808 4093 73 22 Toms;
1896 4090 89 23 reading,
1997 4090 30 19 Mr
2039 4090 109 25 Haugh'on
2160 4090 4 25 ;
2179 4090 48 21 solo.

1916 4118 47 19 Miss
1989 4117 96 26 Tamblyn
2095 4116 4 28 ;
2119 4118 49 21 solo.
2274 4118 45 20 Kud
2339 4119 18 20 in

1926 4146 40 19 Mis
1985 4144 80 20 Watson
2079 4144 4 26 ;
2098 4144 49 25 solo,
2182 4145 77 20 Nearer

1810 4174 47 17 Mi.-s
1870 4173 82 17 Walf-on
1964 4171 4 24 ;
1984 4172 86 23 leading,
2114 4171 61 18 Little
2196 4172 102 23 I'ilgrim,"
2308 4172 50 19 Miss

1809 4198 123 20 Sutherland
1944 4205 5 14 ;
1973 4197 46 22 solo,
2065 4197 72 19 Where
2156 4198 15 18 is
2310 4198 48 18 Miss

1807 4225 75 21 Smith.
1911 4224 48 21 Miss
1971 4223 51 20 Lane
2032 4224 56 19 acted
2100 4231 20 12 ;is
2130 4223 89 25 organist
2230 4223 73 26 during
2317 4224 35 21 the

1807 4261 93 15 evening.
1931 4252 75 24 Luring
2015 4259 23 12 an
2051 4251 83 21 interval
2147 4252 17 19 in
2177 4252 34 19 the
2227 4259 127 18 programme

1807 4288 14 12 r<
1830 4280 122 20 freshmeiitH
1975 4278 103 25 (provided
2102 4278 25 25 by
2147 4279 35 19 the
2199 4279 61 19 ladies
2282 4279 22 20 of
2323 4280 34 18 the

1808 4307 84 23 society)
1904 4313 50 11 wei«•
1963 4305 88 25 liberally
2059 4306 112 23 dispensed.
2199 4306 43 18 The
2250 4306 47 23 gath
2312 4306 45 24 ring

1808 4341 38 13 was
1866 4332 120 21 terminated
2012 4332 21 26 by
2058 4332 34 20 the
2121 4332 137 26 pronouncing
2278 4332 21 21 of
2318 4333 35 20 the

1807 4360 135 23 benediction.

1836 4399 117 27 Certainly
1973 4397 38 24 the
2037 4398 51 22 host
2104 4398 114 23 medicine
2232 4398 86 23 known
2337 4398 19 23 is

1806 4432 90 24 Sander
1908 4433 17 23 &
1940 4430 59 24 Soun
2025 4430 59 23 Kuca
2097 4430 51 29 ypti
2162 4430 33 23 Kx
2202 4435 65 21 tract.
2300 4431 56 23 To*t

1806 4466 28 22 its
1848 4464 130 28 eminently
1993 4462 109 30 powerful
2120 4464 79 22 eILcS
2217 4465 21 20 in
2256 4464 96 28 coughs,

1804 4497 72 28 colds,
1886 4504 12 15 it
1912 4496 98 26 Hnenzi;
2023 4495 35 23 the
2070 4495 69 23 relief
2149 4496 19 22 in
2181 4497 161 23 iiiwtataneous

1806 4530 24 22 fii
1843 4539 32 12 Mt'
1883 4530 50 21 iona
2020 4529 4 23 i
2032 4529 28 20 nd
2076 4529 118 21 iiecnlcntH
2208 4531 21 19 ol
2241 4529 28 22 all
2282 4529 70 22 kinds

1805 4562 25 21 b<;
1841 4562 56 26 tliey
1912 4559 103 27 wounds,
2027 4559 76 28 hurtle,
2117 4560 128 28 scaldings,
2259 4560 79 26 pj>r;iin

1805 4597 13 19 0
1836 4593 17 22 is
1872 4591 120 25 thoHafeat,
2017 4590 116 32 roinody-•
2144 4598 29 15 no
2187 4590 108 31 swollin#
2329 4591 20 23 in

1804 4623 38 31 illfl
1853 4624 129 26 irnmalioii,
2019 4623 54 24 f.iko
2085 4623 133 31 surprising
2232 4624 46 25 ofFe
2295 4628 19 21 ts
2328 4625 20 24 in

1804 4666 80 20 croup,
1913 4658 117 29 fliptlicria
2070 4657 127 22 bronchitis
2216 4656 133 24 inflammas

1804 4690 47 21 tion
1865 4691 21 20 of
1900 4690 39 22 the
1954 4691 72 27 hirijjß,
2039 4688 118 29 swellings
2172 4693 48 22 etc;
2232 4690 117 23 diarrhoea

1804 4720 119 31 dysentry,
1940 4722 109 24 desenneH
2063 4721 26 21 of
2101 4721 100 30 kidneys
2215 4721 45 23 and
2288 4722 49 22 tuin-

1804 4762 39 21 ary
1855 4762 95 18 oifans.
1987 4755 24 22 In
2025 4760 40 15 ne
2078 4758 22 18 at
2119 4753 30 23 all
2165 4753 116 30 honpitals
2304 4755 44 22 and

1804 4784 98 25 medical
1916 4786 81 24 clinics
2009 4786 28 22 all
2051 4793 54 15 over
2119 4786 40 22 the
2170 4785 79 29 globe,
2264 4793 82 21 patron

1805 4818 47 22 i-cd
1868 4819 28 26 hy
1912 4820 33 20 his
1967 4816 100 31 Majesty
2097 4818 39 23 the
2155 4816 62 30 King
2246 4819 23 22 of
2291 4819 58 28 Italy

1803 4851 106 22 crowned
1931 4852 53 21 with
1997 4849 75 25 medal
2086 4849 47 23 and
2151 4849 104 29 diploma
2267 4856 20 17 at
2312 4851 37 23 the

1809 4882 170 24 Internationa)
1996 4881 136 24 Kxhih'tion
2152 4885 23 20 at
2199 4884 152 22 Amsterdam

1806 4915 69 22 Trust
1892 4915 22 23 in
1933 4915 38 23 the
1989 4915 119 28 approved
2124 4920 21 18 at
2153 4914 53 23 tide
2225 4914 44 23 and
2281 4915 73 30 reject

1804 4945 31 21 all
1849 4946 87 20 others.

1890 5012 165 48 Wedding
2080 5016 32 35 at
2140 5012 135 41 Ettrick.

1900 5098 145 22 (OCCASIONAL
2058 5099 204 21 Cobkesfondem'.)

1830 5124 31 20 On
1873 5124 126 22 W((lncwrlav
2010 5127 14 21 (I
2033 5125 30 19 lth
2075 5125 56 23 irisl.)
2142 5132 9 12 a
2168 5125 55 26 large
2232 5127 87 21 number
2333 5129 20 19 of

1806 5150 71 26 people
1888 5153 109 21 assembled
2007 5152 27 26 by
2051 5151 107 21 invitation
2176 5153 22 19 to
2216 5153 82 23 witness
2316 5155 36 21 the

1806 5179 97 23 marriage
1917 5179 21 18 of
1948 5179 48 21 Miss
2006 5179 67 20 Lottie
2082 5178 76 20 Oilcon
2170 5179 74 25 (eldest
2253 5181 100 26 elaughter

1806 5205 20 18 of
1841 5205 30 19 Mr
1888 5206 24 19 A.
1928 5205 84 26 Gibson)
2027 5207 21 18 to
2067 5205 32 20 Mr
2117 5205 28 20 H.
2161 5205 123 27 Thompson.
2310 5209 43 21 The

1805 5237 15 13 c<
1828 5237 82 19 remony
1917 5238 17 13 w
1940 5240 15 12 is
1962 5232 113 26 performed
2082 5232 27 25 by
2115 5232 35 19 the
2160 5232 49 20 liev.
2218 5234 31 20 Mr
2258 5235 89 26 Hooper.

1807 5257 60 20 After
1876 5258 35 20 Hie
1921 5260 78 25 cutting
2008 5258 20 21 of
2039 5258 35 21 tie
2082 5257 74 22 bride's
2171 5259 48 21 take
2236 5260 35 21 the
2285 5265 68 22 guests

1805 5284 111 26 fdjourned
1936 5288 21 18 to
1974 5287 35 20 the
2032 5284 70 26 dining
2119 5292 64 19 room,
2202 5287 67 21 where
2286 5291 67 22 ample

1805 5311 72 23 justice
1889 5319 39 12 was
1937 5313 50 20 done
2002 5315 21 17 to
2032 5312 35 20 the
2077 5313 51 23 good
2138 5312 67 26 things
2215 5316 96 22 provided
2319 5317 30 19 for

1806 5336 30 20 tin
1843 5344 26 13 in.
1897 5337 24 20 Hi
1926 5339 78 20 eakfast
2011 5345 54 17 over,
2074 5339 35 18 the
2117 5338 56 20 bride
2180 5341 39 18 and
2227 5340 124 26 bridegroom

1806 5362 38 20 left
1853 5369 24 14 on
1893 5364 54 21 their
1961 5365 125 25 honeymoon
2104 5365 42 25 trip
2163 5365 22 20 to
2199 5365 153 25 Christchurch.

1806 5390 42 19 'lbs
1858 5390 56 21 l)iide
1926 5397 38 14 was
1980 5391 131 26 handsomely
2127 5392 74 20 attired
2217 5393 20 20 in
2251 5401 12 13 a
2277 5395 76 22 shaded

1806 5416 36 20 siik
1854 5416 71 26 lustre,
1936 5418 94 21 tiinimed
2039 5418 47 20 with
2093 5419 60 25 satin,
2161 5419 40 20 and
2208 5426 40 14 was
2253 5423 98 21 attended

1806 5442 25 24 by
1842 5446 40 16 two
1896 5444 137 21 biidesmaids.
2060 5445 80 23 During
2149 5445 35 20 the
2196 5447 84 25 evening
2292 5454 59 14 sonos

1805 5469 38 20 and
1854 5475 67 19 games
1931 5477 51 15 were
1992 5470 96 26 indulged
2098 5471 19 20 in
2133 5472 53 19 until
2201 5472 35 20 the
2251 5480 40 13 wee
2303 5476 49 19 sma'

1804 5494 59 28 'oors,
1879 5496 57 21 when
1952 5499 26 20 all
1993 5500 51 20 went
2062 5498 59 20 home
2138 5498 45 21 well
2202 5498 81 26 pleased
2302 5502 49 20 with

1804 5522 54 20 their
1868 5524 101 26 evening's
1987 5525 165 21 entertainment.
2180 5526 42 19 The
2241 5526 55 22 bride
2312 5529 39 20 and

1803 5548 99 26 biidegroi
1911 5557 18 12 ni
1940 5552 90 20 received
2039 5551 63 20 about
2115 5552 54 24 forty
2186 5555 99 24 presents,
2302 5555 48 20 both

1803 5574 110 21 handsome
1935 5578 40 20 and
1996 5578 72 24 costly,
2088 5577 34 21 the
2140 5578 104 24 following
2338 5589 11 12 a

1801 5602 87 20 detailed
1896 5602 47 22 list:

1825 5629 33 20 Mr
1868 5630 21 19 C.
1901 5630 111 23 Nicholson
2022 5632 72 20 biscuit
2104 5630 72 26 barrel,
2196 5631 32 20 Mr
2246 5632 26 22 E.
2291 5633 57 25 Eady

2381 153 61 21 silver
2467 156 65 23 cruet.
2544 156 51 21 Miss
2608 156 98 23 Nicholso
2714 162 5 13 1
2735 154 44 28 pair
2794 152 61 28 plu*h
2870 151 64 21 frame

2383 181 50 20 Miss
2450 182 97 21 Snushall
2561 184 43 21 half
2620 185 61 19 dozen
2701 183 105 20 afternoon
2827 182 32 17 tea

2382 208 49 19 Miss
2453 209 69 20 Brown
2540 210 48 19 cake
2606 210 73 24 dishes,
2698 210 42 19 Mrs
2758 208 55 19 Clow
2832 205 96 20 Marcella

2383 234 60 26 quilt,
2446 234 49 21 Miss
2502 235 70 21 White
2579 236 44 20 half
2630 236 62 21 dozen
2700 236 61 19 silver
2767 233 77 20 dessert
2853 236 81 21 spoons,

2386 262 40 20 Mrs
2436 262 69 21 James
2519 262 60 22 Kitto
2589 262 74 27 crystal
2673 269 58 19 sugar
2747 260 54 21 basin
2817 258 39 22 and
2868 263 67 16 cream

2383 289 44 25 jug,
2443 290 48 20 Miss
2505 291 28 18 M.
2553 290 76 20 Gibson
2645 290 60 25 plash
2720 289 39 20 and
2776 288 39 19 silk
2832 285 101 24 cushions,

2386 316 41 19 Mrs
2437 316 61 20 Kitto
2509 316 90 25 (Milton)
2609 317 44 24 pair
2661 316 61 20 silver
2736 315 49 20 salts
2799 313 40 20 and
2855 318 79 19 spoons,

2386 342 42 19 Mrs
2437 342 118 26 Templeton
2566 342 75 26 crystal
2658 349 59 18 sugar
2735 340 39 21 and
2792 339 50 27 j<4ly
2860 335 73 23 dishes.

2387 370 31 19 Mr
2429 369 68 21 James
2508 370 112 19 Nicholson
2630 368 59 21 silver
2700 368 68 20 butter
2776 367 73 22 cooler,
2856 365 32 21 Mr
2896 371 25 13 an
2929 364 6 19 1

2387 396 41 19 Mrs
2438 396 56 23 Long
2503 395 113 25 (Duoedin)
2626 396 44 23 pair
2679 395 60 18 silver
2748 394 51 24 jelly
2805 399 80 17 spoons,
2895 391 40 19 Mrs

2387 422 71 19 White
2467 422 54 18 linen
2533 420 55 20 table
2597 420 61 21 cloth.
2670 421 43 19 Mrs
2728 419 70 20 M'Gill
2810 424 64 17 vas;s,
2888 417 48 18 Miss

2387 448 60 20 Kitlo
2462 448 60 20 silver
2536 447 70 20 butter
2625 447 62 23 knife,
2708 447 32 19 Mr
2755 446 22 20 >T.
2796 445 60 21 Kitto
2875 443 62 21 silver

2387 476 64 24 cruet,
2465 474 42 21 Mrs
2516 474 60 21 Toms
2593 473 56 26 (Coal
2659 473 71 24 Creek)
2741 473 105 20 afternoon
2856 471 78 24 teapot.

2388 502 41 19 Mrs
2439 502 22 19 C.
2473 502 86 18 Watson
2569 506 59 19 sugar
2636 500 52 24 dish,
2699 506 63 13 cream
2773 500 43 24 jug,
2827 499 36 18 l'.ot
2874 499 62 17 water

2387 528 36 26 jug
2431 528 40 19 and
2481 527 55 24 salts,
2545 527 49 19 Miss
2602 526 21 20 J.
2643 526 67 20 Noble
2728 525 66 21 China
2811 524 124 23 ornaments,

2389 556 48 19 Miss
2456 554 57 21 Hore
2531 553 59 26 (Blue
2613 554 61 25 Spur;
2696 553 76 24 figured
2790 551 61 26 plush
2874 551 62 24 photo

2389 582 69 23 frame,
2470 582 41 19 Mrs
2520 581 21 20 J.
2552 581 22 20 F.
2595 580 61 20 Kitto
2676 580 65 20 China
2759 586 63 17 vases,
2842 578 49 20 Miss
2910 576 26 20 A.

2390 608 69 20 White
2468 607 44 21 half
2517 607 63 20 dozen
2587 607 105 24 servettes,
2701 607 42 19 Mrs
2750 605 48 20 Pool
2805 603 131 26 (Alexandra)

2388 635 59 26 fancy
2458 635 123 19 ornaments.
2594 633 48 20 Miss
2650 633 77 20 Minnie
2735 633 60 19 Kitto
2806 638 43 16 pair
2858 629 79 26 poonah

2390 661 82 26 painted
2504 661 64 26 photo
2599 659 82 26 frames,
2714 659 73 20 Messrs
2810 657 67 21 Johns
2899 655 38 21 and

2389 689 107 21 M'Combe
2519 689 92 20 Motocco
2630 687 75 21 album.
2729 685 42 21 Mrs
2790 686 70 20 James
2882 684 56 25 ivory

2388 716 89 20 handled
2492 716 62 19 bread
2570 715 62 23 knife,
2645 714 43 20 Mrs
2698 714 77 20 Grover
2784 713 44 24 pair
2837 713 102 23 Japanese

2388 748 64 17 vases,
2470 741 32 20 Mr
2521 741 32 20 W.
2569 741 71 19 White
2657 740 101 26 Japanese
2776 740 46 23 tray
2840 737 40 20 and
2898 737 40 24 jam

2389 769 66 20 dishes
2467 768 48 20 with
2526 774 78 19 spoons.
2621 767 86 20 Masters
2726 766 31 20 W.
2776 765 39 20 and
2829 765 23 20 C.
2863 763 76 21 Gibson

2390 795 141 21 candlesticks
2545 794 40 20 and
2600 794 49 26 jelly
2664 793 74 20 dishes.
2757 793 49 19 Miss
2825 792 21 20 J.
2867 791 73 19 Brown

2390 822 51 23 glass
2456 822 113 24 ornament,
2586 821 32 19 Mr
2639 820 69 20 Macfie
2728 818 113 24 (Dunedin)
2860 817 78 26 photos,

2391 849 49 20 Miss
2450 848 43 22 Eva
2502 848 60 21 Kitto
2572 847 74 26 crystal
2656 852 59 19 sugar
2731 845 64 26 basin,
2814 845 48 20 Miss
2879 843 61 26 Aggie

2390 876 66 21 Noble
2466 876 42 27 pair
2515 877 63 25 texts,
2589 875 48 19 Miss
2649 875 19 19 P.
2681 874 54 20 Hore
2745 873 59 24 (Blue
2814 871 61 27 Spur)
2884 871 56 24 daisy

2390 906 52 18 mats
2451 904 40 20 and
2503 902 62 21 watch
2578 902 90 25 pockets,
2687 901 40 19 Mrs
2741 900 77 20 Gibson
2829 907 37 12 one
2877 898 37 20 d<>z
2928 905 10 11 n

2389 930 61 19 silver
2468 936 78 17 spoons,
2566 929 33 20 Mr
2613 928 111 20 Welbrook
2745 927 19 19 h>
2771 927 47 19 arth
2835 933 46 16 rug,
2900 925 40 19 Mrs

2388 956 70 20 J;tmes
2467 955 101 20 Thomson
2578 953 111 26 (Dunedin)
2700 953 106 20 afternoon
2817 955 33 17 tea
2861 954 37 22 set,
2910 951 30 19 Mr

2390 983 66 20 Noble
2467 984 32 19 tea
2508 982 65 24 caddy
2583 981 54 21 filled
2648 981 48 20 with
2707 981 38 20 tea.

2529 1063 128 48 Mining
2692 1062 112 40 Notes.

2565 1143 168 22 ROXBURGH.

2423 1173 52 25 The
2489 1177 98 22 returns
2600 1170 37 26 for
2660 1170 40 25 the
2714 1175 54 28 past
2783 1170 65 25 week
2863 1170 25 25 in
2901 1169 42 26 the

2390 1209 128 36 following
2550 1208 106 34 dredges
2691 1215 40 17 are
2766 1207 177 32 appended:—

2391 1247 96 27 Goldeo
2521 1246 120 27 Treasure
2674 1244 38 25 for
2747 1243 66 26 week
2849 1244 94 32 ending

2388 1285 122 34 Tuesday,
2525 1284 62 25 460z
2600 1281 80 27 6dwts
2696 1282 83 33 12grs,
2797 1281 97 27 Ettrick
2919 1287 23 19 to

2390 1321 131 28 Saturday,
2540 1320 63 26 370z
2616 1317 89 27 9dwrs.

2424 1358 53 25 The
2499 1354 140 32 P.oxburgh
2663 1353 91 30 dredge
2771 1353 42 24 has
2835 1362 94 15 success-

2390 1392 60 34 fully
2467 1391 69 27 made
2550 1391 42 25 her
2606 1397 53 24 way
2673 1396 33 25 up
2727 1388 40 25 the
2781 1389 65 25 river
2860 1388 46 26 and
2922 1389 20 24 is

2390 1437 57 17 now
2476 1428 90 25 almost
2599 1431 26 19 at
2659 1423 42 25 her
2735 1424 151 25 destination
2921 1429 22 20 at

2392 1466 92 24 Messrs
2498 1464 64 25 Rain
2576 1461 48 27 and
2641 1459 118 26 Burton's
2774 1461 80 31 claim,
2878 1469 31 17 on
2933 1470 11 15 a

2391 1501 75 26 beach
2486 1501 54 35 just
2563 1499 76 26 above
2663 1497 205 26 Commissioners
2889 1497 56 26 Flat

2391 1538 93 34 bridge.
2522 1536 51 26 She
2606 1533 88 37 passed
2730 1533 139 34 Roxburgh
2915 1543 30 16 on

2391 1574 119 34 Monday.

2425 1611 52 26 The
2501 1609 97 27 Ettrick
2621 1609 94 34 dredge
2739 1609 19 26 is
2773 1607 49 27 still
2837 1617 30 16 on
2883 1607 63 34 good

2391 1648 67 34 gold,
2474 1647 47 26 and
2543 1646 21 25 if
2582 1646 132 34 anything,
2736 1647 40 23 the
2790 1650 114 28 prospect
2927 1645 19 24 is

2390 1684 52 26 said
2467 1689 23 19 to
2513 1683 28 25 be
2562 1683 143 35 improving
2738 1690 25 17 as
2787 1681 40 25 the
2851 1680 53 26 lead
2929 1681 17 23 is

2392 1720 127 36 widening
2533 1725 49 21 out.

2602 1795 136 20 WAIPORI.

2531 1833 61 26 (Own
2606 1831 207 23 Correspondent.)

2427 1861 106 35 Mining
2545 1863 110 24 matters
2670 1860 67 26 have
2757 1861 63 24 been
2835 1859 111 34 slightly

2392 1901 25 24 in
2432 1901 132 32 abeyance
2577 1901 27 22 to
2616 1898 107 33 polities
2735 1898 41 25 for
2787 1905 70 17 some
2870 1896 76 29 time;

2392 1937 49 24 but
2467 1944 48 16 our
2538 1935 89 32 gentle
2652 1943 125 24 suspense
2804 1942 15 23 p
2828 1932 42 35 >st,
2903 1932 43 25 the

2392 1974 123 33 hydrant,
2530 1972 98 33 dredge
2639 1971 52 25 and
2702 1970 171 34 prospecting
2889 1969 46 34 pick-

2392 2019 43 16 are
2449 2009 78 33 again
2541 2009 110 33 gaining
2665 2007 141 26 attention.

2427 2045 114 34 Talking
2554 2045 95 33 by-the
2660 2053 57 25 way
2728 2044 27 26 of
2775 2044 112 34 politics,
2903 2043 43 25 the

2392 2092 92 18 sooner
2494 2081 151 33 something
2668 2082 21 24 is
2713 2081 65 26 done
2804 2083 28 23 to
2856 2080 90 35 purify

2391 2131 48 16 our
2463 2122 97 30 county
2582 2120 75 33 polls,
2684 2118 110 34 making
2818 2118 126 26 elections

2391 2159 114 24 contests
2512 2157 26 25 of
2547 2157 107 30 honour,
2660 2156 101 26 instead
2772 2155 27 26 of
2804 2155 142 26 scrambles

2391 2195 41 24 for
2446 2202 94 24 power,
2554 2192 46 26 the
2613 2193 92 26 better-
2747 2191 25 25 Tt
2794 2192 22 25 is
2842 2191 103 34 painful

2391 2233 27 22 to
2431 2230 76 24 know
2520 2229 60 24 that
2594 2228 155 31 subterfuge
2763 2228 57 32 (not
2833 2230 27 22 to
2873 2236 46 16 use
2931 2236 14 15 a

2390 2276 72 16 more
2495 2265 120 34 stinging
2648 2265 85 33 word)
2757 2274 46 17 en
2834 2263 62 26 take
2919 2273 27 16 fo

2392 2303 147 34 prominent
2551 2312 15 15 a
2580 2306 59 28 part
2661 2303 23 24 in
2700 2311 15 15 a
2733 2305 103 22 contest
2861 2301 83 24 which

2390 2339 83 35 ought
2486 2341 28 23 to
2526 2339 33 25 be
2569 2338 45 26 the
2637 2348 44 16 sou
2687 2337 4 37 1
2717 2339 26 24 of
2764 2338 109 25 honour.
2912 2337 32 24 So

2391 2378 62 33 long
2474 2385 27 16 as
2532 2385 15 16 a
2572 2376 121 33 question
2719 2376 47 26 has
2788 2377 53 23 two
2865 2374 77 25 sides,

2388 2415 75 25 there
2476 2415 72 24 must
2562 2414 31 25 be
2607 2414 85 25 battle
2703 2424 5 20 ;
2728 2414 49 25 but
2796 2412 38 26 let
2853 2421 29 16 us
2902 2420 42 17 see

2388 2455 28 22 to
2428 2452 22 23 it
2463 2451 60 25 that
2543 2451 46 24 the
2611 2450 92 33 tilling
2725 2449 104 35 ground
2853 2448 28 25 of
2898 2449 45 24 the

2388 2488 90 25 future
2489 2487 118 26 contains
2622 2496 31 16 no
2667 2496 71 16 room
2753 2487 48 25 but
2810 2485 43 27 for-

2390 2534 59 16 men
2467 2524 103 33 worthy
2583 2522 28 25 of
2623 2523 72 25 their

2424 2562 55 25 The
2515 2560 73 34 Long
2622 2559 84 36 Gully
2750 2561 80 33 party
2877 2562 66 23 have

2390 2599 102 26 started
2526 2597 133 34 terracing
2792 2597 71 25 their
2887 2605 57 17 new

2390 2637 84 33 plant,
2489 2635 52 26 and
2554 2634 67 26 have
2635 2642 79 26 every
2735 2636 122 32 prospect
2878 2633 30 26 of
2929 2642 15 16 a

2390 2673 65 32 good
2472 2672 117 32 wash-up
2600 2679 65 25 very
2678 2670 109 35 shortly.

2424 2709 56 27 The
2494 2710 127 33 pontoons
2635 2706 41 27 for
2699 2708 98 26 Messrs
2821 2707 122 27 M'Neil's

2390 2747 99 32 dredge
2511 2755 67 16 were
2611 2745 131 26 launched
2776 2746 52 25 Inst
2862 2745 80 26 week.

2390 2783 53 26 The
2465 2782 85 26 boiler
2574 2782 51 25 and
2651 2781 95 33 engine
2771 2791 44 16 are
2840 2792 32 15 on
2893 2781 50 28 .the

2390 2820 109 33 ground,
2514 2819 54 25 and
2580 2818 45 26 the
2639 2818 113 26 erection
2778 2819 27 25 of
2824 2828 71 17 same
2921 2818 22 26 is

2390 2858 80 30 being
2482 2855 103 34 pushed
2599 2865 31 14 on
2651 2855 62 25 with
2729 2865 78 24 every
2828 2856 115 34 possible

2391 2894 64 31 desp
2465 2893 60 24 itch.

2427 2928 41 25 Mr
2482 2927 82 26 Resta
2592 2926 45 26 the
2651 2936 126 24 manager
2797 2928 28 25 of
2846 2927 46 26 No.
2922 2928 20 30 1,

2392 2968 106 31 expects
2512 2968 26 23 to
2552 2966 68 24 have
2639 2966 41 24 his
2707 2966 98 26 dredge
2831 2966 54 25 laid
2908 2974 35 24 up

2390 3002 42 24 for
2444 3002 101 27 repairs
2556 3001 26 23 in
2597 3000 45 24 the
2652 3009 90 16 coarse
2753 3002 27 23 of
2793 3011 14 14 a
2821 3002 78 24 week.

2425 3037 44 26 An
2479 3037 119 26 accident
2612 3036 137 35 happened
2761 3045 25 17 to
2801 3038 51 34 day
2865 3038 27 24 to
2903 3036 42 25 Mr

2392 3076 108 30 Adams,
2512 3074 119 30 working
2645 3083 31 16 on
2692 3074 43 25 the
2755 3074 101 26 Golden
2876 3074 66 34 Key.

2392 3113 24 24 A
2429 3112 48 25 fall
2492 3121 72 16 came
2577 3112 73 25 down
2665 3120 32 15 011
2712 3111 54 25 him
2780 3112 51 24 find
2846 3111 32 24 he
2894 3120 50 17 was

2391 3148 147 26 extricated
2584 3147 142 26 insensible
2772 3147 40 25 On
2866 3148 79 27 being

2393 3185 81 26 taken
2497 3186 27 24 to
2548 3184 46 26 the
2616 3183 123 35 hospital,
2751 3184 20 25 if
2796 3193 53 17 was
2864 3184 81 26 found

2392 3222 61 25 that
2466 3230 48 17 one
2527 3221 27 26 of
2566 3221 42 26 his
2616 3222 55 25 ribs
2685 3229 52 17 was
2749 3221 133 25 fractured
2895 3222 50 24 and

2392 3259 59 26 that
2465 3257 40 27 his
2518 3257 75 27 ankle
2606 3267 54 17 was
2674 3258 131 32 sprained.

2427 3295 41 25 Mr
2479 3295 140 30 Johnston,
2631 3295 27 25 of
2681 3294 104 34 Bakery
2812 3295 64 30 Flat,
2897 3295 48 25 has

2392 3335 46 30 got
2451 3332 42 27 his
2507 3333 77 34 plant
2605 3332 27 26 in
2654 3330 119 33 working
2798 3332 78 26 order
2895 3332 50 26 and

2391 3372 81 24 starts
2492 3370 170 32 prospecting
2677 3379 31 15 on
2725 3370 44 24 the
2783 3370 81 24 lower
2875 3370 51 24 fiat.

2425 3406 54 26 The
2498 3405 115 26 Jutland
2639 3405 61 27 Flat
2726 3406 101 32 dredge
2848 3406 21 25 is
2890 3407 55 25 still

2390 3443 119 34 pegging
2518 3452 75 25 away
2606 3444 26 23 in
2647 3445 34 23 its
2697 3443 73 25 usu:t!
2787 3452 158 24 prosperous

2389 3481 75 33 style,
2477 3480 51 25 and
2542 3480 81 33 hopes
2637 3489 44 16 arc
2695 3480 167 24 entertained.
2887 3480 58 25 that

2388 3517 46 25 the
2448 3519 101 22 returns
2563 3515 53 26 will
2636 3514 101 33 shortly
2749 3515 125 32 improve.

2582 3585 168 21 CROMWELL.

2530 3624 64 25 (Off:?
2608 3624 200 24 CORRESPONDENT)

2424 3652 55 26 The
2493 3652 106 26 electric
2618 3652 96 33 dredge
2738 3652 21 25 is
2774 3652 77 33 again
2878 3662 31 15 on
2933 3662 14 15 a

2389 3690 125 33 splendid
2542 3698 50 15 run
2624 3689 27 25 of
2680 3690 60 32 gold
2769 3692 27 22 nt
2822 3689 125 25 Scotland

2390 3726 92 26 Beach.
2520 3725 54 27 The
2593 3728 106 25 returns
2712 3726 28 25 of
2761 3726 55 26 this
2839 3726 107 35 dredge,

2389 3765 54 23 like
2471 3764 46 24 the
2547 3763 89 26 others
2669 3763 24 25 in
2718 3763 45 25 the
2787 3763 112 33 vicinity
2921 3763 26 25 of

2389 3799 145 30 Cromwell,
2548 3808 43 16 are
2603 3799 63 34 kepi,
2676 3808 63 25 very
2751 3800 80 33 quiet,
2846 3807 27 17 so
2888 3799 59 25 that

2390 3837 10 25 I
2416 3838 96 24 cannot
2525 3837 61 34 give
2597 3836 81 27 them.

2424 3874 146 27 Crookston
2592 3875 51 25 and
2660 3882 84 27 parry,
2765 3883 43 17 are
2831 3883 32 17 on
2878 3875 68 32 good

2390 3912 61 32 gold
2474 3920 31 16 on
2528 3911 47 26 the
2599 3911 58 26 Glut
2665 3911 30 26 ha
2725 3912 76 30 liver,
2826 3911 52 26 and
2902 3922 45 15 arc

2391 3948 117 34 working
2521 3958 75 24 away
2615 3948 120 34 steadily.

2424 3986 104 33 Kleogh
2543 3987 51 25 and
2608 3993 85 27 party,
2711 3986 61 26 with
2799 3986 140 26 ihcur

2388 4022 143 28 ent-wheel
2545 4023 105 33 dredge,
2664 4033 44 15 are
2719 4024 54 23 also
2784 4024 82 32 d-nng
2879 4024 64 25 well.

2388 4060 100 34 Things
2510 4068 44 17 are
2575 4060 146 34 beginniiyr
2743 4062 26 23 !•>
2793 4060 5 25 1
2803 4059 19 35 *>■
2829 4059 3 35 >
2837 4059 13 24 'c
2873 4061 73 33 quite

2388 4097 73 26 brisk
2481 4097 85 25 about,
2581 4097 45 25 the
2651 4097 127 26 !.->wburn
2803 4106 71 16 s;n-..-e
2899 4097 46 26 the

2388 4134 130 33 dredging
2528 4134 76 25 boom
2618 4141 38 18 str.
2664 4135 62 24 rted.

2422 4171 56 24 The
2492 4170 138 32 engineers
2644 4179 43 15 are
2704 4171 115 31 pu-d;in"'
2832 4179 32 16 on
2881 4172 63 23 with

2388 4206 44 25 the
2451 4205 114 26 erection
2598 4205 27 25 of
2650 4205 94 35 M'ljay
2768 4207 49 24 and
2846 4206 99 33 party's

2388 4243 158 33 machinery,
2559 4242 86 26 which
2657 4252 112 25 appears
2784 4250 26 20 to
2824 4244 31 25 be
2867 4244 78 26 much

2389 4280 106 24 heavier
2516 4280 62 23 than
2601 4280 47 26 the
2681 4282 74 23 usual
2781 4290 48 15 run
2854 4280 27 24 of
2898 4289 48 16 our

2387 4316 118 32 dredges.
2544 4315 73 35 They
2631 4317 160 34 apparently
2810 4316 94 25 intend
2918 4323 26 20 to

2389 4353 65 25 have
2487 4352 91 34 things
2609 4355 93 31 strong
2724 4353 102 34 enough
2850 4358 27 21 to
2900 4363 32 16 en

2386 4391 109 23 counter
2525 4398 52 23 any
2605 4388 64 26 kind
2692 4390 27 24 of
2740 4390 110 33 ground.
2890 4390 55 26 The

2387 4426 66 25 bulk
2482 4425 28 25 of
2547 4426 44 26 the
2616 4426 154 36 machinery
2794 4427 23 25 is
2841 4437 33 16 on
2899 4428 46 26 the

2390 4463 111 31 ground,
2528 4464 82 33 ready
2634 4466 27 23 to
2687 4464 31 25 lie
2749 4465 111 29 erected,
2892 4466 52 24 and

2389 4499 90 26 before
2493 4501 62 32 long
2569 4510 38 16 we
2620 4501 96 26 should
2730 4501 31 26 be
2775 4502 59 25 able
2857 4508 26 19 to
2903 4511 42 16 see

2391 4536 45 23 her
2469 4538 132 30 steaming
2634 4546 36 23 up
2696 4537 45 25 the
2759 4538 73 24 river
2849 4541 27 21 to
2898 4538 48 25 her

2388 4571 142 24 claiitrand
2542 4572 44 24 the
2595 4581 75 16 scene
2681 4572 26 26 of
2717 4573 157 34 operations,

2556 4642 125 21 MILLERS
2700 4644 79 20 FLAT.

2525 4679 62 25 (Own
2601 4680 204 25 Correspondent.)

2423 4706 46 28 Mr
2495 4706 36 29 11.
2559 4707 80 29 Kitto
2674 4709 23 27 is
2732 4710 27 27 in
2794 4710 70 29 from
2898 4710 47 28 the

2387 4747 103 27 Dismal
2520 4747 111 39 Swamp
2659 4750 62 26 with
2749 4760 16 17 a
2791 4751 104 36 sample
2916 4750 30 28 of

2385 4790 88 31 stone,
2490 4788 87 28 which
2586 4789 33 27 he
2634 4790 22 26 is
2671 4790 118 34 sending
2803 4793 28 25 to
2847 4791 76 27 Dune-

2385 4826 47 27 din
2458 4830 28 24 to
2510 4828 35 27 be
2568 4828 125 29 crushed.
2733 4829 58 28 The
2805 4830 65 38 gold
2892 4840 48 18 can

2385 4866 34 27 be
2434 4876 63 18 seen
2512 4868 66 28 with
2593 4868 47 28 the
2655 4868 90 29 naked
2759 4879 60 27 eye,
2841 4879 29 18 so
2883 4870 62 28 that

2385 4906 21 27 it
2432 4906 23 28 is
2483 4907 109 29 evident
2620 4908 80 28 Kitto
2726 4910 54 26 and
2807 4920 50 17 our
2877 4909 65 28 local

2387 4946 211 35 post-mistress,
2615 4948 59 26 who
2699 4958 45 16 are
2766 4949 46 26 the
2827 4958 116 23 owners,

2387 4984 70 28 have
2472 4985 94 28 struck
2581 4997 12 16 a
2610 4986 72 37 good
2697 4987 89 38 thing.

2424 5023 5 12 r
2432 5024 5 25 I
2447 5024 35 27 lie
2509 5025 104 27 Golden
2643 5026 68 27 Gate
2725 5026 110 28 washed
2850 5037 36 27 up
2901 5026 43 27 for

2386 5063 46 29 the
2446 5064 77 29 week
2539 5065 43 29 for
2594 5066 66 28 12ez
2671 5078 6 23 ;
2699 5066 49 28 Ota
2753 5077 46 28 go,
2825 5068 65 27 1107.
2902 5067 42 28 for

2386 5105 77 27 three
2474 5105 68 36 days
2554 5117 7 22 ;
2584 5105 105 29 Golden
2711 5106 141 34 Treasure,
2864 5106 78 34 430z;

2387 5143 118 35 Ettrick,
2521 5144 77 28 38oz.

2408 5232 48 40 Mr
2485 5233 143 41 Rawlins
2662 5238 32 35 at
2721 5234 194 49 Roxburgh.

2421 5315 46 27 Mr
2496 5315 121 28 Rawlins
2646 5316 150 28 addressed
2818 5327 14 16 a
2864 5316 74 36 large

2384 5353 55 28 and
2461 5355 216 37 representative
2697 5355 123 37 meeting
2844 5359 27 23 at
2893 5354 45 28 the

2385 5393 167 28 Athenaeum
2568 5393 64 28 Hall
2646 5405 35 17 on
2697 5394 137 37 Saturday
2857 5404 65 17 even-

2385 5432 58 36 ing,
2458 5437 130 32 amongst
2601 5433 89 28 whom
2709 5442 70 18 were
2793 5443 15 16 a
2821 5433 117 26 number

2385 5470 28 28 of
2436 5470 94 29 ladies.
2570 5471 46 28 Mr
2647 5472 93 27 James
2762 5471 97 28 Elliott
2882 5480 55 19 was

2384 5511 83 27 voted
2490 5515 27 24 to
2550 5512 47 27 the
2618 5512 84 27 chair.
2742 5511 45 27 Mr
2817 5511 120 28 Rawlins

2384 5550 91 36 again,
2490 5560 29 18 as
2542 5553 28 25 at
2595 5550 64 28 Coal
2683 5550 98 35 Creek,
2802 5550 133 28 reviewed

2383 5589 54 27 and
2451 5589 138 29 criticised
2603 5590 47 28 the
2663 5599 93 19 career
2768 5590 54 27 and
2846 5589 89 37 policy

2381 5627 29 27 of
2446 5628 47 28 the
2519 5628 112 28 Seddon
2653 5628 195 28 Government,
2889 5628 44 27 lie

2965 146 136 31 criticised
3127 146 47 28 the
3205 144 75 30 work
3311 144 30 29 of
3362 144 48 29 the
3434 144 86 30 Tariff

2965 187 190 31 Commission,
3165 196 15 16 a
3200 185 109 36 subject
3326 188 49 23 not
3398 185 118 27 touched

2963 236 36 19 on
3020 226 28 26 in
3070 224 42 28 his
3137 222 64 29 Coal
3229 221 88 29 Creek
3339 222 108 37 speech,
3462 222 54 28 and

2963 264 66 31 took
3043 274 75 19 some
3131 261 109 31 trouble
3253 265 28 25 to
3292 261 75 29 show
3389 261 60 29 that
3471 262 46 28 the

2966 304 165 28 necessaries
3161 302 29 27 of
3229 301 45 27 Jife
3311 311 70 17 were
3410 302 108 36 heavily

2964 343 83 29 taxed
3074 342 122 28 whereas
3227 341 47 26 the
3305 339 122 28 luxuries
3448 350 69 18 were

2965 385 36 25 let
3039 382 44 28 off.
3125 381 43 26 He
3214 379 180 27 commended
3443 389 75 17 some

2964 422 120 28 features
3099 419 28 28 of
3141 419 45 26 the
3201 417 127 27 Minister
3349 417 43 26 for
3414 416 102 28 Lands'

2967 461 98 37 policy,
3095 460 51 27 but
3172 455 172 30 condemned
3370 455 77 29 State
3469 456 48 27 fire

2967 501 153 26 insurance.
3161 497 44 26 Ho
3253 495 85 37 spoke
3377 494 143 35 adversely

2968 539 58 28 also
3047 537 27 30 of
3103 537 48 28 the
3184 534 174 29 referendum
3389 534 54 28 and
3474 534 46 27 the

2969 579 114 28 elective
3109 575 153 32 executive,
3285 573 105 37 though
3414 583 34 18 on
3473 573 47 27 the

2970 618 82 27 latter
3066 615 107 37 subject
3187 615 33 26 he
3234 613 47 27 did
3295 616 49 24 not
3362 612 107 37 profess
3493 615 27 23 to

2970 657 33 28 be
3015 655 61 30 well
3087 654 107 40 posted,
3206 652 53 29 and
3270 651 57 29 said
3339 652 33 28 he
3385 662 54 18 was
3450 661 70 29 open

2970 701 28 24 to
3012 696 155 29 conviction
3181 704 34 17 on
3234 693 49 27 the
3302 692 135 37 question.
3478 692 42 28 He

2969 734 152 29 advocated
3153 732 104 28 reform
3289 732 28 26 in
3354 731 47 27 the
3425 731 95 36 Upper

2971 775 93 28 House
3078 781 28 20 to
3120 773 47 27 the
3187 774 96 26 extent
3296 770 29 28 of
3338 770 115 36 making
3475 770 45 28 the

2970 812 184 37 membership
3172 811 123 32 elective,
3314 810 51 27 but
3388 810 85 37 spoke
3494 809 26 27 of

2970 854 21 28 it
3012 864 29 18 as
3064 863 51 19 one
3142 851 28 29 of
3192 850 46 29 the
3259 849 139 29 bulwarks
3424 849 28 28 of
3476 849 44 28 the

2970 893 186 29 constitution.
3196 891 44 28 He
3272 890 160 28 announced
3461 890 59 28 that

2960 931 1 30 !
2971 935 20 25 if
3002 932 129 29 returned
3146 933 34 25 he
3193 931 89 27 would
3297 931 96 26 favour
3403 931 103 25 increas-

2970 973 49 37 ing
3033 972 46 28 the
3106 970 81 30 death
3210 969 89 29 duties
3321 979 30 18 or
3372 979 53 26 any
3449 979 71 18 inea-

2960 1009 1 32 I
2972 1023 61 18 sure
3047 1012 60 28 that
3123 1010 89 28 would
3234 1009 98 28 reduce
3353 1010 46 27 the
3415 1009 105 28 burden

2960 1054 41 28 !of
3032 1051 131 29 taxation.
3204 1054 11 23 1
3224 1050 89 34 hiring
3344 1049 42 28 his
3412 1049 109 37 speech,

2960 1088 1 38 !
2972 1092 89 28 which
3095 1101 56 17 was
3181 1089 60 28 well
3274 1088 146 35 delivered,
3441 1098 82 28 every

2960 1128 1 41 |
2973 1132 76 37 point
3063 1131 84 36 being
3161 1129 79 28 made
3254 1129 66 27 with
3339 1139 65 26 very
3426 1128 97 37 telling

2960 1167 1 38 I
2973 1171 87 34 effect,
3081 1170 44 28 Mr
3149 1168 120 29 Rawlins
3294 1178 53 18 was
3367 1167 156 38 frequently

2960 1207 1 38 i
2972 1211 54 28 and
3041 1210 115 35 heartily
3169 1207 163 38 applauded.
3337 1207 117 28 —After
3476 1208 46 27 the

2960 1247 1 37 i
2972 1251 122 33 address,
3116 1250 45 27 Mr
3184 1248 96 27 Harris
3313 1247 85 29 asked
3431 1247 21 28 if
3479 1248 44 27 Mr

2976 1291 116 27 Rawlins
3104 1289 53 28 had
3170 1297 53 27 any
3243 1287 178 28 information
3441 1297 29 18 as
3494 1290 27 25 to

2973 1331 46 26 the
3032 1329 131 28 liklihood
3179 1329 28 25 of
3221 1328 45 26 the
3283 1327 61 26 Moa
3363 1327 62 26 Flat
3436 1331 86 22 estate

2960 1364 1 38 ;
2973 1368 85 34 being
3083 1370 47 24 cut
3161 1376 46 26 up.
3250 1365 42 27 Mr
3320 1364 119 27 Rawlins
3466 1364 56 27 said

2960 1402 1 36 i
2974 1407 45 26 the
3043 1406 62 27 Moa
3140 1404 60 27 Flat
3233 1413 54 17 was
3315 1402 130 36 formerly
3478 1403 45 26 the

2960 1440 1 42 1
2977 1447 126 35 property
3118 1444 28 26 of
3167 1442 44 28 Mr
3231 1441 104 37 Joseph
3357 1440 92 34 Clark,
3475 1442 50 26 but

2975 1485 33 26 he
3023 1483 121 28 believed
3158 1482 22 26 it
3193 1492 55 16 was
3262 1491 59 17 now
3337 1480 26 27 in
3377 1480 46 28 the
3438 1481 87 27 hands

2960 1523 14 28 !
2974 1523 29 28 of
3036 1532 51 18 one
3113 1522 28 27 of
3177 1522 44 26 the
3247 1519 104 28 Banks,
3404 1520 43 26 He
3479 1520 47 27 did

2960 1553 3 42 |
2977 1567 46 23 not
3049 1562 80 27 think
3155 1561 78 27 there
3259 1569 54 17 was
3348 1569 53 26 any
3438 1559 75 27 likeli-

2960 1598 3 47 j
2977 1602 70 29 hood
3061 1602 28 28 of
3103 1601 46 27 the
3163 1598 132 39 purchase
3317 1598 98 38 taking
3440 1598 84 38 place,

2961 1637 2 35 i
2979 1642 43 28 Mr
3046 1643 37 26 M.
3106 1640 110 28 Gordon
3240 1637 97 29 asked'
3350 1638 131 34 whether,
3506 1638 20 27 if

2961 1671 2 44 !
2977 1680 138 35 returned,
3130 1680 45 26 Mr
3188 1678 121 28 Rawlins
3320 1677 88 28 would
3430 1677 96 28 favour

2962 1713 2 46 !
2979 1720 96 39 giving
3089 1731 14 17 a
3114 1720 88 28 bonus
3217 1729 33 17 on
3261 1718 45 28 the
3318 1717 55 29 sale
3383 1717 28 29 of
3421 1717 90 28 rabbit-

2962 1758 2 38 !
2979 1762 85 34 skins,
3076 1761 54 28 and
3145 1770 51 17 was
3220 1759 57 28 told
3299 1759 59 27 that
3381 1759 33 27 he
3437 1758 88 28 would

2962 1797 3 43 j
2978 1801 96 29 favour
3088 1800 91 28 rather
3200 1799 45 27 the
3268 1799 54 27 sale
3346 1799 36 36 by
3404 1797 104 29 Govern-

2963 1837 2 49 |
2979 1845 75 24 ment
3067 1840 28 28 of
3108 1838 189 36 wire-netting
3311 1841 28 24 at
3360 1840 59 25 cost
3441 1837 82 37 price,

2963 1872 1 45 i
2979 1882 31 26 In
3026 1880 75 37 reply
3116 1883 27 25 to
3157 1889 33 17 an
3205 1878 101 28 elector
3319 1877 34 29 he
3362 1872 90 34 stated
3466 1878 58 27 that

2962 1910 2 38 !
2978 1922 32 26 ho
3025 1920 47 27 did
3086 1923 48 23 not
3151 1918 105 28 believe
3269 1918 26 26 in
3311 1927 15 16 a
3350 1920 76 24 fc-.tate
3452 1917 72 27 bank

2961 1957 2 38 !
2977 1960 43 28 for
3043 1960 53 27 this
3118 1958 97 37 colony
3235 1957 86 28 under
3341 1967 53 26 any
3411 1957 98 28 circum-

2961 1996 2 39 j
2977 2004 115 24 stances.
3095 1999 84 27 —Mr
3200 1998 38 27 M.
3261 1999 109 27 Gordon
3392 1996 133 39 proposed

2961 2036 2 42 |
2976 2040 53 28 and
3066 2040 44 26 Mr
3141 2038 68 28 Win.
3244 2039 79 27 Kitto
3349 2036 136 29 seconded
3511 2047 15 17 a

2961 2076 1 38 ;
2977 2080 94 32 hearty
3085 2082 63 26 vote
3161 2078 29 28 of
3206 2077 102 29 thanks
3329 2080 27 25 to
3382 2077 43 28 Mr
3446 2076 58 28 Raw-

2960 2117 1 32 !
2975 2122 7 26 1
2987 2122 40 27 ins
3052 2121 43 27 for
3117 2120 41 26 his
3178 2119 112 27 address
3313 2117 53 28 and
3390 2117 60 28 that
3472 2117 54 28 this

2960 2157 1 40 |
2977 2160 120 37 meeting
3118 2169 113 26 express
3261 2158 47 27 the
3331 2158 109 37 opinion
3466 2157 60 27 that

2960 2200 60 33 |Mr
3046 2199 121 27 Rawlins
3200 2199 22 26 is
3249 2208 15 15 a
3292 2198 29 26 fit
3348 2197 52 26 and
3427 2206 99 27 proper

2960 2235 1 42 !
2975 2249 98 28 person
3097 2242 28 23 to
3158 2240 141 33 represent
3326 2236 46 27 the
3396 2235 130 37 Tuapeka

2960 2275 1 38 j
2974 2280 145 27 electorate
3132 2278 28 27 in
3175 2277 175 32 Parliament,
3365 2275 89 30 which
3472 2286 54 17 was

2960 2317 1 36 !
2974 2319 104 28 carried
3094 2317 201 36 unanimously.

3113 2402 140 43 Assault
3300 2401 95 42 Case.

2973 2489 81 27 (Before
3061 2488 73 20 Messrs
3142 2487 104 20 J.Burton
3252 2486 39 21 anil
3299 2486 25 21 D.
3334 2484 107 27 Cormack,
3451 2483 73 26 J.'sP.)

2958 2512 1 44 J
3009 2524 22 24 A
3057 2530 54 17 case
3132 2521 23 25 of
3178 2519 95 33 alleged
3295 2519 114 26 indecent
3432 2517 92 27 assault

2958 2555 1 37 j
2974 2570 49 16 was
3037 2558 75 27 beard
3126 2563 25 22 at
3167 2558 40 26 the
3221 2556 169 34 Magistrate's
3406 2555 76 27 Court
3493 2564 29 17 on

2958 2592 1 42 j
2974 2596 119 35 Monday,
3125 2596 100 33 against
3256 2594 131 27 Frederick
3420 2592 102 26 Holmes

2958 2629 1 41 I
2974 2634 105 32 Palmer,
3093 2633 54 25 who
3160 2642 48 16 was
3222 2631 101 27 accused
3338 2630 26 26 of
3375 2631 40 26 the
3429 2629 93 27 offence

2974 2672 98 36 against
3091 2670 79 27 Jessie
3185 2670 79 25 Maria
3279 2669 78 26 Kitto.

3006 2709 80 26 Jessie
3101 2707 79 33 Kitto,
3190 2706 88 38 placed
3297 2707 23 25 in
3345 2705 41 26 the
3409 2704 55 31 box,
3479 2704 28 26 de-

2973 2747 73 34 posed
3061 2747 42 24 she
3124 2754 49 17 was
3193 2745 40 25 the
3258 2744 123 31 daughter
3402 2743 24 25 of
3447 2742 27 26 F.
3491 2742 28 25 G.

2974 2784 80 30 Kitto,
3068 2782 26 26 of
3112 2782 156 26 Dumbarton
3294 2780 79 28 Rock,
3399 2779 47 26 and
3472 2787 49 17 was

2972 2822 93 25 sixteen
3085 2829 69 17 years
3169 2820 26 24 of
3205 2829 46 24 age
3265 2828 30 16 on
3310 2818 40 25 the
3364 2817 60 26 24th
3439 2815 26 27 of
3475 2817 46 26 last

2973 2859 93 24 March.
3106 2857 48 25 She
3180 2857 46 24 had
3249 2856 89 24 known
3362 2855 102 25 accused
3486 2853 35 25 for

2974 2895 73 24 about
3061 2904 12 15 a
3089 2893 83 25 month
3187 2897 71 29 past;
3279 2892 29 24 he
3322 2891 46 25 had
3383 2891 92 33 spoken
3497 2897 24 17 to

2974 2931 42 26 her
3026 2931 24 25 in
3065 2931 40 25 the
3120 2929 129 36 township,
3262 2928 43 26 but
3317 2927 46 26 had
3374 2935 145 19 notaccom-
3532 2927 1 42 j

2974 2969 86 33 pani«'»l
3093 2969 42 24 her
3166 2967 71 25 home
3268 2975 28 16 on
3330 2975 48 24 any
3409 2965 113 34 previous
3532 2965 1 37 i

2959 3001 1 29 .
2974 3004 119 26 occasion.
3131 3003 37 24 On
3185 3001 99 26 Sunday
3298 3001 46 25 Inst
3359 3001 42 24 she
3416 3006 64 19 went
3500 3005 24 17 to

2959 3036 1 38 !
2976 3041 40 26 the
3040 3039 130 35 Wesleyau
3195 3038 106 30 Church,
3329 3038 109 31 arriving
3464 3043 23 20 at
3511 3036 13 27 ?

2959 3075 3 39 |
2974 3089 15 25 p
3002 3088 21 16 in
3036 3100 5 9 ,
3056 3079 47 25 and
3119 3087 29 16 on
3169 3077 99 33 leaving
3291 3076 40 25 the
3353 3075 91 27 church
3465 3076 61 24 after

2959 3112 3 30 !
2976 3117 91 25 service
3081 3116 43 24 she
3138 3119 47 21 met
3202 3114 40 25 the
3256 3112 101 26 accused
3372 3112 95 25 outside
3486 3112 41 25 the

2976 3151 90 26 church
3081 3152 67 25 door,
3186 3151 40 24 lie
3241 3149 172 33 accompanied
3429 3149 98 24 witness

2960 3185 2 35 :
2976 3189 71 26 down
3075 3195 24 19 to
3124 3197 59 16 near
3202 3185 171 35 Thompson's,
3390 3185 137 35 Roxburgh

2960 3218 2 38 '
2979 3227 66 29 East,
3061 3227 73 25 about
3150 3234 12 16 a
3177 3224 57 26 mile
3248 3225 101 28 distant,
3365 3222 47 26 and
3428 3223 29 23 lie
3472 3223 55 24 then

2960 3258 2 35 |
2976 3263 75 28 asked
3066 3264 101 24 witness
3181 3269 25 18 to
3220 3261 55 26 take
3291 3271 12 15 a
3317 3265 58 21 seat.
3416 3259 48 26 She
3478 3258 51 27 said

2960 3295 2 36 '
2976 3302 42 24 she
3035 3300 97 26 wanted
3148 3306 23 18 to
3186 3304 42 27 get
3242 3300 78 30 home,
3333 3297 44 26 but
3392 3296 61 26 after
3463 3305 68 17 some

2976 3340 142 35 persuasion
3146 3344 38 20 sat
3215 3336 81 27 down.
3348 3335 113 26 Accused
3494 3341 24 19 at-

2961 3372 1 39 ;
2978 3375 108 36 tempted
3136 3381 24 18 to
3209 3374 57 24 take
3314 3372 109 26 liberties
3473 3373 58 24 with

2978 3414 43 25 her
3058 3413 46 26 and
3143 3413 102 25 witness
3282 3415 43 28 got
3364 3419 32 24 up
3434 3415 24 19 to
3501 3419 32 23 go

2960 3445 4 40 I
2978 3460 87 25 away;
3105 3451 29 24 he
3164 3450 59 24 then
3255 3446 83 36 pulled
3380 3447 43 24 her
3461 3446 71 25 down

2962 3483 1 34 1
2979 3488 40 25 the
3040 3487 63 25 bank
3125 3490 115 27 amongst
3265 3485 40 25 the
3332 3483 107 26 manuka
3462 3483 71 26 scrub

2962 3520 1 31 :
2978 3524 47 25 and
3058 3522 144 27 committed
3235 3522 40 24 the
3307 3520 102 31 offence,
3435 3521 98 24 witness

2962 3556 2 39 !
2978 3561 93 34 calling
3086 3566 41 20 out
3143 3560 36 26 for
3193 3559 141 27 assistance.
3378 3558 18 25 !t
3413 3566 49 18 was
3475 3556 58 26 dark

2979 3600 57 24 then
3051 3599 48 25 and
3115 3599 100 25 witness
3231 3606 49 15 was
3302 3605 57 24 very
3374 3595 141 32 frightened
3527 3605 6 21 ;

2962 3631 2 36 1
2978 3636 47 26 and
3041 3635 69 26 when
3126 3634 30 26 lie
3170 3634 32 26 let
3217 3633 44 26 her
3274 3642 33 25 go
3321 3633 43 24 she
3378 3632 42 26 left
3435 3632 43 25 her
3493 3631 40 26 hat

2978 3673 89 26 behind
3084 3673 46 25 and
3146 3681 40 16 ran
3204 3680 77 24 away,
3296 3669 103 27 accused
3423 3670 110 32 running

2962 3706 2 33 i
2978 3711 62 26 after
3053 3709 43 27 her
3110 3709 59 26 with
3185 3708 42 26 her
3239 3707 48 26 hat.
3327 3707 68 32 They
3408 3706 46 27 had
3468 3714 65 19 some

2978 3748 181 26 conversation,
3192 3746 47 26 and
3272 3746 102 24 witness
3406 3745 51 24 s;»id
3491 3744 42 24 she

2962 3776 1 34 '
2979 3784 80 26 would
3087 3784 40 24 tell
3155 3784 42 24 her
3223 3782 80 25 father
3329 3782 47 24 and
3402 3780 131 26 Ooi.stable

2979 3822 88 35 Fouhy
3079 3831 7 24 ;
3105 3820 102 27 accused
3228 3819 51 26 said
3301 3819 43 25 she
3366 3817 59 27 need
3441 3822 43 21 not
3504 3817 29 26 do

2962 3855 2 37 :
2979 3862 61 26 that,
3056 3869 25 16 as
3096 3859 42 26 she
3150 3857 80 26 would
3242 3857 58 35 only
3313 3856 28 25 be
3353 3857 115 32 showing
3479 3855 41 26 her-

2961 3892 3 42 j
2978 3898 47 27 self
3035 3907 40 26 up.
3115 3897 73 25 After
3207 3895 42 26 s-he
3273 3900 43 27 got
3340 3893 71 27 home
3427 3894 42 25 she
3484 3892 49 27 told

2979 3936 65 25 them
3059 3934 32 26 all
3106 3934 75 26 about,
3195 3934 27 29 it,
3237 3932 48 26 and
3300 3932 43 24 her
3367 3931 79 25 father
3466 3939 67 17 came

2961 3968 1 39 i
2977 3972 109 35 straight
3106 3980 32 27 up
3153 3970 46 27 and
3216 3968 113 35 reported
3346 3968 39 26 the
3401 3974 88 19 matter
3510 3974 23 19 to

2961 4003 1 40 !
2978 4011 40 25 the
3041 4009 86 34 police.
3166 4008 48 25 She
3235 4007 67 29 then,
3324 4006 59 25 with
3400 4005 42 26 her
3456 4005 77 25 father

2960 4041 3 33 i
2977 4047 46 26 and
3040 4047 78 27 sister,
3134 4050 63 20 went
3214 4050 24 19 to
3253 4043 40 25 the
3312 4041 120 26 Hercules
3453 4041 79 29 claim,

2978 4085 78 24 where
3072 4083 40 25 the
3132 4081 103 26 accused
3262 4089 49 16 was
3339 4079 122 34 working,
3485 4078 47 26 and

2960 4115 2 38 ;
2977 4120 126 27 identified
3119 4120 48 25 him
3180 4115 4 38 ;
3207 4118 57 33 they
3280 4118 51 24 also
3351 4125 67 17 came
3442 4121 24 20 to
3493 4115 40 26 the

2960 4153 1 34 ;
2976 4169 10 14 s
2997 4168 50 14 -ene
3061 4158 27 23 of
3096 4158 40 23 the
3151 4155 93 25 assault
3258 4154 54 33 (the
3323 4153 102 25 accused
3439 4153 79 24 follow-

2976 4194 56 32 in«)
3046 4193 47 25 and
3118 4200 49 16 saw
3193 4191 41 24 the
3260 4189 107 34 ground,
3383 4189 78 24 which
3483 4196 50 18 was

2976 4230 72 27 much
3064 4227 136 29 disturbed.

2959 4262 2 38 |
3011 4265 218 29 Cross-examined
3242 4274 5 16 :
3282 4263 110 26 Accused
3423 4262 47 26 had
3496 4272 23 16 ac-

2959 4301 2 38 !
2975 4302 145 37 compnnied
3136 4302 87 25 herself
3247 4301 47 25 and
3319 4301 42 24 her
3381 4307 72 17 sister
3466 4309 30 14 on
3518 4308 11 15 a

2958 4336 3 40 |
2975 4342 115 34 previous
3104 4339 111 33 Sunday,
3239 4338 43 25 but
3306 4344 41 19 not
3366 4336 31 27 all
3414 4336 40 25 the
3469 4346 60 25 way.

2978 4380 22 25 It
3016 4388 47 17 was
3078 4382 42 21 not
3137 4377 39 24 the
3191 4375 53 26 first
3260 4376 58 24 time
3332 4374 43 26 she
3399 4382 49 17 saw
3472 4374 57 26 him.

2959 4406 2 44 |
2976 4417 47 25 She
3039 4423 48 19 was
3101 4414 105 36 positive
3220 4412 40 26 the
3275 4412 93 26 offence
3392 4419 48 17 was
3465 4419 48 17 com-

2959 4452 2 40 j
2975 4453 97 27 mitted.

3011 4490 101 28 Francis
3127 4488 68 35 Grey
3220 4487 74 26 Kitto
3313 4494 63 27 gave
3390 4484 126 27 corrobora-

2959 4522 2 34 i
2975 4530 50 24 tive
3039 4527 116 26 evidence
3171 4535 25 15 as
3211 4531 25 19 to
3258 4525 40 24 the
3323 4523 95 33 portion
3440 4522 27 26 of
3484 4523 45 24 last

2958 4559 9 30 '
2975 4563 122 26 witness's
3109 4561 119 25 evidence
3239 4561 23 23 in
3276 4559 77 24 which
3371 4559 28 23 he
3413 4567 48 14 was
3473 4566 44 16 cori-

2959 4593 2 38 !
2974 4600 97 30 cerned.
3108 4597 75 28 After
3198 4596 103 35 hearing
3327 4595 37 27 his
3384 4593 145 36 daughter's

2959 4633 1 38 J
2974 4648 67 22 story
3057 4638 29 25 he
3099 4646 46 16 can
3155 4645 13 16 e
3182 4635 48 26 and
3245 4634 110 34 reported
3379 4633 39 25 the
3441 4638 88 19 nutter

2959 4668 1 36 I
2975 4682 24 20 to
3026 4672 133 29 Constable
3191 4670 87 34 Fouhy
3305 4676 23 19 at
3355 4669 73 25 about
3456 4668 72 25 11.30

2974 4723 66 27 p.m.,
3055 4711 48 27 and
3127 4710 57 34 they
3204 4706 143 28 afterwards
3373 4704 88 27 visited
3487 4704 40 26 the

2959 4742 1 40 |
2974 4749 125 28 accused's
3122 4755 59 24 tent,
3206 4745 47 26 and
3280 4745 28 25 he
3331 4743 41 26 did
3397 4749 40 19 not
3463 4742 63 34 deny

2959 4784 1 35 i
2976 4789 40 25 the
3031 4787 99 32 charge.

3009 4823 104 27 Charles
3147 4820 90 31 Smith,
3263 4819 23 25 of
3313 4816 146 35 Roxburgh,
3486 4816 27 26 de-

2959 4854 2 44 |
2974 4861 75 37 posed
3068 4866 24 20 to
3106 4860 91 31 having
3211 4866 56 17 seen
3291 4856 40 25 the
3354 4854 102 26 accused
3479 4854 47 26 and

2975 4899 154 35 prosecutrix
3145 4895 116 35 together
3275 4903 29 15 on
3329 4892 101 35 Sunday
3453 4901 58 16 even-

2975 4938 43 31 ing
3061 4936 70 29 They
3152 4942 63 16 were
3238 4932 100 32 ccming
3361 4930 71 25 down
3457 4929 54 25 Scot-

2959 4962 172 39 hand-street,
3148 4969 47 26 and
3213 4978 13 13 \\
3235 4969 75 24 itness
3332 4975 49 17 saw
3406 4966 64 25 thrm
3495 4974 31 23 go

2959 5002 2 40 |
2975 5017 81 18 across
3079 5008 41 25 the
3144 5005 96 34 bridge.
3277 5004 60 25 This
3361 5012 48 16 was
3432 5002 94 34 shortly

2959 5038 1 42 1
2974 5045 63 28 after
3051 5044 14 27 8
3079 5052 57 28 p.m.
3176 5042 96 27 Arthur
3286 5040 73 26 Toms
3370 5039 47 27 and
3433 5038 91 37 Joseph

2958 5078 2 31 !
2974 5081 103 28 Micbell
3101 5089 63 17 were
3178 5079 59 26 with
3253 5080 99 24 witness
3367 5084 24 20 at
3406 5078 39 25 the
3460 5078 57 25 time

3009 5117 135 27 Constable
3156 5116 27 25 Fi
3193 5117 49 28 uhy
3258 5123 62 26 gave
3334 5114 116 26 evidence
3462 5123 25 16 as
3497 5118 29 20 'to

2974 5157 92 30 having
3101 5163 17 16 r<
3128 5153 83 26 ceived
3247 5152 157 25 information
3436 5150 27 26 of
3486 5150 39 26 the

2958 5183 1 39 I
2972 5191 94 27 assault
3101 5196 23 20 at
3160 5189 75 26 about
3263 5189 73 24 11.30
3362 5197 29 16 on
3424 5186 101 36 Sunday

2958 5224 1 39 i
2972 5229 73 34 night
3068 5228 62 24 from
3157 5228 38 22 the
3222 5226 143 30 informant,
3390 5224 42 25 her
3453 5225 72 24 sister

2958 5259 1 37 1
2971 5275 21 17 at
3004 5266 13 24 d
3039 5264 80 25 father
3134 5263 75 33 being
3224 5262 58 25 with
3299 5262 41 25 her
3355 5267 23 20 at
3390 5262 40 25 the
3457 5262 65 24 time.

2958 5298 1 30 '
2971 5304 40 24 He
3026 5301 46 26 had
3087 5299 89 26 cai.std
3197 5309 11 15 a
3232 5298 102 26 medical
3357 5299 165 25 examination

2970 5343 24 21 to
3009 5337 28 25 be,
3057 5336 78 31 made,
3150 5334 47 26 and
3221 5334 142 25 afterwards
3386 5342 65 16 went
3475 5333 46 25 and

2969 5373 106 28 ariested
3101 5372 40 25 the
3161 5370 104 26 accused
3288 5377 24 18 at
3337 5370 40 25 the
3401 5369 120 26 Hercules

2967 5411 72 26 claim
3063 5409 76 26 about
3162 5407 57 25 1.30
3242 5416 56 17 a.m.
3337 5407 113 25 Accused
3475 5405 44 25 had

2967 5447 96 26 neither
3077 5443 108 27 affiimed
3199 5451 45 16 nor
3258 5442 87 25 denied
3360 5442 40 24 the
3420 5442 99 31 charge,
3532 5442 1 31 i

2967 5484 112 26 Witness
3099 5480 14 26 1<
3124 5478 61 28 oked
3209 5484 23 20 at
3256 5478 40 25 the
3319 5477 96 35 ground
3439 5477 94 35 where;

2967 5522 42 25 the
3019 5518 93 27 assault
3136 5525 49 16 was
3206 5515 96 33 alleged
3327 5522 23 17 to
3374 5515 61 24 have
3458 5514 59 25 been

2966 5553 153 32 committed,
3153 5551 48 27 ar.d
3227 5551 19 25 it
3273 5559 49 18 was
3347 5550 169 35 considerably

2966 5591 133 28 disturbed.

3000 5623 234 30 Cross-examined:
3254 5623 52 27 'lhe
3329 5622 105 28 doctor's
3447 5622 53 27 evid-

3548 158 57 18 ence
3620 150 56 37 only
3687 151 108 30 justified
3813 160 13 19 a
3846 151 90 35 charge
3946 150 27 27 of
3983 150 113 27 indecerri

3548 187 99 25 assault.

3581 222 59 25 This
3654 223 134 27 concluded
3804 224 41 26 the
3858 222 114 28 evidence

3582 259 82 27 Asked
3678 261 112 27 whether
3809 261 31 27 he
3859 261 47 27 had
3926 259 123 36 anything
4072 266 22 19 tc

3546 304 50 24 say,
3612 297 102 25 accused
3729 297 100 33 pleaded
3850 304 43 20 not
3904 297 90 33 guilty.

3587 331 67 25 Their
3669 331 129 36 Worships
3812 334 100 25 decided
3927 339 24 20 to
3969 332 63 25 .send
4057 331 39 26 the

3547 377 53 16 case
3621 370 34 23 tor
3679 368 55 27 trial
3755 377 22 18 to
3804 372 40 23 the
3870 370 118 33 Supreme
4011 370 85 27 C<<urt,

3548 403 87 33 sitting-
3655 409 23 19 at
3704 405 114 24 Dunedin
3840 414 31 15 on
3892 405 40 24 the
3955 405 59 25 30rh
4039 405 57 23 inst.

3551 438 54 25 Bail
3620 448 47 16 was
3690 442 113 32 acceptfd
3828 442 24 24 in
3878 448 47 18 two
3947 442 102 24 sureties
4071 438 25 26 of

3549 475 54 25 £'2s
3617 476 68 31 each,
3695 478 47 23 and
3763 487 13 15 a
3789 478 111 32 personal
3925 479 171 32 recognisance

3551 511 25 24 of
3591 511 66 24 £SO.

3551 584 68 38 The
3647 584 78 38 Hon.
3754 585 48 38 W.
3832 585 23 39 J.
3884 586 39 38 M.
3952 584 145 40 Larnach

3699 633 31 35 at
3758 629 193 51 Roxburgh.

3586 715 87 26 There
3696 725 54 16 was
3764 725 15 16 a
3793 724 64 26 very
3871 715 75 36 large
3960 715 139 26 audience,

3550 753 142 38 including
3706 764 14 17 a
3735 758 78 32 great
3834 754 117 27 number
3963 753 28 28 of
4007 753 92 34 ladies,

3549 796 111 33 present
3677 797 27 23 at
3715 793 45 27 the
3775 793 149 36 Roxburgh
3941 793 158 27 Athenfeum

3551 833 63 28 Hall
3629 843 33 18 on
3678 832 121 38 Monday
3814 833 127 37 evening,
3957 832 78 28 when
4060 831 42 28 Mr

3555 873 120 29 Larnach
3709 873 149 29 addressed
3894 873 46 28 the
3978 871 121 30 electors.

3552 913 43 27 Mr
3618 913 74 28 John
3716 914 85 36 Inglis
3826 923 52 16 was
3899 913 82 27 voted
4003 916 27 23 to
4054 912 46 27 the

3550 951 83 36 chair,
3656 952 53 27 and
3733 952 27 27 in
3784 952 42 27 his
3849 951 188 37 introductory
4061 960 26 18 re-

3552 992 90 27 marks
3678 992 33 27 lie
3744 991 112 38 warmly
3889 991 140 37 eulogised
4056 990 45 28 the

3553 1031 73 28 work
3640 1031 28 28 of
3683 1032 43 27 Mr
3744 1032 120 27 Larnach
3878 1042 30 17 as
3922 1031 71 27 their
4019 1040 62 17 mem-

3553 1072 55 33 ber,
3632 1071 213 37 characterising
3857 1071 56 27 him
3927 1081 30 18 as
3971 1080 14 18 a
4002 1079 60 18 man
4076 1069 28 28 of

3580 1110 56 38 grit
3649 1111 53 27 and

3591 1151 42 26 Mr
3646 1150 132 34 Larnach,
3794 1150 59 27 who
3868 1152 48 35 got
3931 1160 34 17 an
3979 1148 106 29 enthusi-

3551 1190 67 27 astic
3633 1190 145 37 reception,
3793 1189 59 28 said
3866 1190 33 26 he
3923 1199 54 17 was
3989 1191 113 34 present

3549 1230 28 27 in
3602 1233 52 24 two
3676 1229 153 38 capacities,
3861 1240 29 17 as
3923 1229 70 27 their
4014 1238 75 26 repre-

3550 1270 133 27 sentative
3707 1277 27 19 to
3758 1279 63 26 give
3835 1278 34 18 an
3882 1272 115 25 account
4012 1268 29 27 of
4054 1268 45 27 the

3550 1310 179 35 proceedings
3751 1310 28 26 of
3802 1309 50 27 last
3868 1308 164 27 Parliament
4047 1307 54 27 and

3551 1348 52 26 last
3624 1348 111 31 session,
3758 1348 54 24 and
3826 1357 28 16 as
3877 1357 15 15 a
3912 1346 142 27 candidate
4074 1348 27 24 tc

3552 1385 65 28 offer
3640 1385 42 27 his
3705 1384 116 28 services
3857 1384 25 27 in
3919 1384 46 28 the
3992 1384 109 36 coming

3556 1423 194 35 Parliament,if
3765 1423 131 37 they-still
3908 1423 118 27 retained
4040 1432 47 18 con-

3554 1463 105 28 fidence
3685 1463 26 27 in
3737 1463 65 27 him.
3842 1462 44 29 He
3920 1462 52 28 had
3997 1463 69 27 been
4091 1472 16 17 ?.

3555 1503 151 28 consistent
3722 1505 146 34 supporter
3881 1501 28 28 of
3923 1501 47 29 the
3985 1501 102 28 Govern-

3557 1545 72 24 ment
3643 1541 54 27 and
3711 1541 45 27 the
3774 1541 105 27 Liberal
3899 1544 89 34 parly,
4010 1541 53 26 and
4078 1550 29 18 as

3556 1580 141 28 doubtless
3718 1580 47 27 the
3786 1580 71 27 issue
3880 1582 27 25 of
3934 1580 46 29 the
3994 1579 113 30 election

3558 1619 87 29 would
3660 1620 33 27 be
3707 1619 114 28 decided
3842 1630 33 17 on
3890 1623 79 33 party
3984 1619 76 30 lines,
4075 1620 31 27 he

3556 1659 133 37 expected
3704 1664 26 22 to
3745 1659 33 26 be
3797 1658 130 27 returned
3939 1658 22 27 if
3975 1659 63 35 they
4052 1659 56 27 still

3556 1698 125 29 believed
3706 1698 27 27 in
3772 1708 16 17 a
3826 1697 109 28 Liberal
3972 1697 135 39 policy.—

3556 1739 173 37 (Applause.)
3772 1737 160 39 Opposition
3981 1738 125 39 speakers

3555 1779 53 27 and
3625 1789 96 27 papers
3735 1778 53 27 had
3811 1778 132 35 indulged
3959 1778 24 27 in
4000 1778 104 27 endless

3555 1818 96 31 railing
3651 1817 3 32 l
3668 1822 28 23 at
3709 1818 53 27 and
3776 1817 193 32 fault-finding
3983 1817 64 27 with
4063 1818 43 27 the

3635 1844 16 11 O
3949 1844 16 10 CJ

3556 1861 110 35 present
3702 1858 194 33 Government,
3944 1858 28 26 in
4018 1857 88 29 whose

3556 1899 87 36 policy
3659 1898 65 36 they
3738 1898 80 27 could
3836 1907 44 17 see
3894 1897 118 37 nothing
4026 1897 79 37 good.,

3555 1938 53 28 and
3631 1938 65 36 they
3718 1937 45 28 did
3788 1939 48 25 not
3857 1936 63 38 give
3934 1936 74 28 them
4022 1935 84 29 credit

3555 1978 41 28 for
3628 1988 16 17 a
3677 1978 90 31 single
3803 1976 141 28 beneficial
3983 1985 28 18 or
4041 1986 67 18 oven

3554 2018 141 30 righteous
3709 2021 52 23 act.
3802 2018 70 26 .Now
3890 2016 34 26 he
3939 2015 53 27 had
4007 2016 64 27 been
4083 2016 25 26 in

3555 2058 106 38 politics
3675 2068 15 16 a
3703 2059 79 36 great
3798 2066 82 25 many
3903 2065 80 28 years
4005 2058 51 24 and
4080 2065 28 17 m

3555 2098 106 28 various
3676 2098 200 28 Governments
3891 2096 54 28 and
3962 2095 53 28 had
4026 2105 82 19 never

3556 2138 96 28 known
3668 2148 15 18 a
3696 2137 106 38 perfect
3826 2136 197 28 Government.
4063 2135 43 28 Be

3555 2178 46 28 did
3622 2181 55 30 not,
3861 2176 79 28 claim
3955 2174 150 37 perfection

3554 2216 43 28 for
3610 2216 45 28 the
3677 2216 144 36 Ministry;
3839 2216 48 26 but
3901 2216 34 25 he
3950 2214 45 27 did
4012 2223 75 27 recog-

3554 2256 58 29 nise
3634 2256 46 28 the
3701 2258 71 25 most
3799 2259 109 24 earnest
3929 2256 119 35 attempt
4070 2253 33 29 he

3555 2296 53 28 had
3622 2307 62 17 ever
3697 2305 63 18 iejn
3776 2295 26 27 in
3828 2294 53 28 this
3902 2294 96 36 colony
4023 2299 26 21 to
4070 2293 34 27 do

3556 2336 45 28 the
3622 2338 122 33 greatest
3766 2334 72 37 good
3864 2340 26 21 to
3914 2334 46 26 the
3984 2336 93 35 greate
4094 2337 10 23 t

3556 2376 121 28 number.
3681 2374 129 35 —(Lojd
3838 2373 151 38 applause.)
4032 2372 75 37 They

3555 2416 52 27 had
3635 2416 68 27 been
3724 2416 132 26 foremost
3878 2414 28 27 in
3927 2413 178 36 introducing

3555 2464 134 20 measures
3708 2454 27 28 of
3757 2464 16 18 a
3796 2454 101 37 unique
3911 2453 140 28 character
4063 2451 43 29 for

3553 2496 46 26 the
3612 2494 102 28 benefit
3727 2494 27 28 of
3769 2494 45 27 the
3825 2493 197 37 people,which
4036 2501 69 18 were

3553 2544 83 20 nevee
3650 2534 92 28 before
3756 2533 70 28 tried
3840 2533 27 27 in
3882 2532 54 29 this
3951 2542 30 18 or
4003 2542 51 27 any
4076 2530 29 30 of

3553 2576 45 27 the
3612 2576 78 26 other
3704 2574 127 28 colonies.
3834 2567 212 42 —(Applause.)

3651 2623 51 20 TIIE
3717 2613 206 30 GOVERNMENT'S
3938 2621 66 20 SiNS.

3590 2656 58 28 One
3668 2655 29 28 of
3711 2655 46 28 the
3771 2657 80 34 great
3864 2653 97 28 crimes
3975 2653 29 28 of
4018 2652 87 27 which

3551 2696 46 29 the
3611 2694 188 31 Government
3821 2703 71 19 were
3913 2691 114 30 accused
4052 2702 54 18 was

3551 2737 27 26 in
3592 2737 141 27 reference
3748 2739 28 24 to
3797 2735 48 27 the
3860 2733 125 35 banking
3997 2732 95 38 legisla-

3550 2777 67 33 tion,
3640 2775 54 28 and
3708 2775 79 27 when
3802 2774 46 27 the
3862 2773 152 28 assertions
4029 2771 78 28 made

3550 2826 69 18 were
3632 2814 130 38 analysed
3775 2815 22 26 it
3810 2813 89 29 would
3914 2813 33 27 be
3959 2822 63 18 seen
4036 2811 65 37 they

3549 2865 70 18 were
3654 2856 75 36 quite
3763 2853 170 33 unfounded,
3966 2852 54 26 and
4057 2851 45 27 the

3550 2895 158 37 grievances
3721 2893 106 27 existed
3849 2892 63 34 only
3933 2891 27 25 in
3984 2891 46 25 the
4051 2890 33 26 im-

3550 2933 156 37 aginations
3728 2931 29 30 of
3781 2931 46 27 the
3852 2929 142 29 traducers
4016 2927 27 29 of
4058 2928 45 27 the

3777 2980 29 16 as
3830 2971 32 25 be
3887 2968 89 27 would
3990 2968 35 26 be
4045 2966 60 27 able

3555 3015 27 24 to
3607 3019 84 29 prove
3714 3013 27 23 to
3765 3008 84 28 them.
3889 3006 74 36 Why
3987 3005 47 27 did
4062 3005 45 27 the

3557 3051 187 28 Government
3781 3048 50 28 ask
3868 3046 46 28 the
3940 3051 113 32 country
4080 3051 26 21 to

3545 3085 1 42 !
3557 3101 76 19 come
3655 3095 27 23 to
3707 3090 46 27 the
3776 3098 94 18 rescue
3893 3087 28 27 of
3943 3086 47 27 the
4015 3085 69 27 bank
4098 3095 5 17 :

3545 3125 1 41 !
3559 3130 106 36 Simply
3679 3130 114 26 because
3806 3128 62 35 they
3884 3135 68 18 were
3966 3125 142 36 possessed

3557 3170 30 28 of
3601 3168 177 29 information
3793 3177 29 17 as
3837 3170 27 24 to
3878 3165 46 27 the
3939 3168 70 24 state
4022 3163 29 29 of
4064 3163 44 28 the

3545 3204 1 45 j
3560 3209 98 29 bank's
3673 3208 98 33 affairs,
3788 3206 88 28 which
3891 3205 63 36 they
3969 3204 79 28 could
4062 3207 46 24 not

3545 3243 1 44 j
3560 3248 143 30 with-hold
3717 3247 55 28 and
3783 3246 87 28 which
3881 3244 54 28 had
3945 3250 26 22 to
3987 3244 32 28 be
4030 3243 75 28 acted

3545 3283 2 43 I
3561 3300 34 18 on
3621 3288 148 38 promptly,
3792 3286 66 27 with
3879 3285 47 27 the
3948 3283 159 29 alternative

3545 3318 2 48 !
3561 3330 28 28 of
3603 3328 131 38 bringing
3757 3339 15 16 a
3794 3326 67 29 fatal
3884 3323 172 38 catastrophe
4069 3334 34 17 on

3546 3364 2 45 j
3562 3370 45 27 the
3633 3370 108 35 colony.
3778 3367 75 34 They
3880 3366 53 26 had
3968 3365 69 27 been
4066 3364 27 26 in-

3547 3401 2 47 |
3562 3409 106 29 formed
3691 3410 33 35 by
3752 3408 43 27 Mr
3817 3406 74 29 John
3914 3405 120 36 Murray,
4060 3403 44 28 thu

3547 3437 2 51 |
3564 3449 98 28 bank's
3698 3448 72 28 chief
3802 3446 91 28 officer
3920 3444 117 37 (though
4062 3452 31 18 un-

3548 3482 2 43 j
3562 3488 169 36 fortunately
3759 3488 64 35 they
3851 3485 47 27 did
3923 3488 47 24 not
3996 3486 47 33 get
4065 3483 43 26 the

3548 3521 2 41 i
3564 3528 87 28 whole
3675 3526 75 28 truth
3774 3526 88 36 then),
3887 3524 59 27 that
3968 3523 45 27 the
4037 3521 71 29 bank

3564 3573 74 23 must
3663 3568 71 28 close
3761 3566 34 28 its
3822 3566 79 28 doors
3927 3563 35 28 all
3988 3572 62 19 over
4065 3561 43 28 the

3548 3595 2 46 I
3564 3608 94 33 colony
3683 3607 92 27 unless
3795 3604 155 29 immediate
3963 3603 145 27 assistance

3548 3641 2 40 !
3564 3658 54 18 Wus
3641 3646 141 35 rendered,
3808 3645 54 28 and
3888 3645 33 26 he
3947 3642 88 29 would
4059 3641 49 28 ask

3548 3679 2 41 |
3563 3688 72 28 them
3651 3688 73 27 what
3737 3687 60 26 that
3811 3684 88 29 would
3913 3692 77 19 mean
4009 3686 29 23 to
4061 3682 46 27 the

3548 3722 2 35 !
3564 3728 108 29 settlers
3701 3726 54 29 and
3785 3725 182 29 businessmen
3999 3722 27 28 of
4053 3722 53 28 tins

3548 3761 2 43 i
3563 3772 125 32 country.
3727 3766 57 27 The
3815 3765 114 27 disaster
3954 3761 88 29 would
4060 3765 45 26 not

3548 3797 2 48 |
3564 3812 55 23 rest
3633 3807 66 27 with
3714 3807 45 27 the
3773 3804 73 29 bank
3858 3814 30 17 or
3900 3802 35 27 its
3950 3805 157 29 customers,

3548 3848 37 29 lit
3624 3847 89 29 would
3750 3848 136 36 permeate
3919 3842 54 28 and
4009 3840 98 37 ramify

3548 3881 2 45 |
3564 3888 119 38 through
3706 3897 81 26 every
3811 3882 168 31 commercial
3997 3881 95 28 institii-

3548 3920 2 43 !
3564 3929 56 27 tion
3634 3929 26 26 in
3675 3929 46 27 the
3735 3927 104 36 colony,
3863 3924 54 29 and
3937 3923 63 35 they
4027 3920 79 29 could

3548 3961 2 44 I
3564 3968 101 37 readily
3719 3965 168 31 understand
3940 3963 59 27 that
4048 3962 58 26 thai

3548 4002 1 34 I
3564 4009 89 27 would
3667 4019 77 16 mpan
3761 4007 148 26 disastrous
3928 4002 69 29 ruin.
4041 4002 2 34 1
4053 4002 32 34 Ap-

3547 4040 2 45 i
3562 4048 42 37 pin
3610 4050 67 33 use.)
3719 4046 54 28 Did
3797 4045 44 28 the
3869 4043 183 28 Government
4072 4040 33 27 do

3547 4083 1 40 |
3562 4099 96 17 wrouo-
3670 4090 27 25 in
3713 4087 113 36 making
3839 4083 163 29 Parliament
4022 4090 85 18 aware

3547 4122 45 49 jof
3629 4130 76 26 these
3747 4125 153 29 difficulties
3913 4123 10 28 ?
3962 4121 61 28 No!
4055 4120 53 27 had

3562 4169 65 32 they
3639 4168 67 35 kept
3719 4167 59 26 that
3792 4163 160 35 knowledge
3972 4166 27 22 to
4019 4161 69 25 them-

3547 4198 1 45 |
3562 4207 87 28 selves
3660 4207 64 36 they
3738 4202 88 31 would
3840 4202 68 28 have
3922 4201 70 28 done
4005 4198 101 29 serious

3547 4238 1 46 '
3562 4258 96 26 wrong
3679 4253 27 21 to
3732 4246 46 27 the
3802 4247 124 33 country,
3943 4239 54 29 and
4017 4238 88 30 would

3561 4287 69 27 have
3658 4284 130 37 betrayed
3815 4282 71 27 their
3910 4283 70 25 trust
4005 4289 28 17 as
4059 4279 45 27 the

3546 4313 2 52 |
3561 4325 121 39 people's
3701 4321 235 42 representatives.
3976 4318 56 28 The
4053 4318 35 26 Go-

3545 4355 3 48 j
3560 4369 144 25 vernment
3725 4365 65 26 then
3818 4358 206 31 recommended
4046 4357 59 27 that

3546 4396 1 37 !
3562 4405 123 28 financial
3715 4403 44 28 aid
3786 4403 32 26 be
3845 4399 130 29 rendered
4008 4401 26 23 to
4060 4396 45 27 the

3545 4436 2 43 i
3561 4445 83 34 bank,
3658 4444 53 27 and
3726 4443 33 28 he
3770 4442 67 27 need
3849 4444 46 24 not
3912 4437 104 30 remind
4029 4436 74 28 them

3545 4476 2 40 ;
3561 4485 59 28 that
3632 4485 45 28 the
3689 4483 93 28 House
3793 4479 136 31 consisted
3940 4478 28 29 of
3979 4476 125 28 different

3545 4516 2 44 :
3561 4525 109 35 parties,
3683 4527 46 33 yet
3743 4522 33 27 all
3791 4522 71 26 sides
3876 4519 28 27 of
3917 4518 66 28 both
3997 4516 106 28 Houses

3545 4554 1 41 i
3559 4562 148 27 concurred
3741 4560 25 25 in
3794 4558 125 37 carrying
3944 4556 56 26 into
4025 4554 78 26 effect

3545 4593 1 42 I
3558 4602 46 29 the
3638 4601 183 29 Government
3846 4593 254 36 recommendation,

3545 4634 1 38 I
3557 4653 28 16 as
3612 4643 46 26 the
3682 4642 60 26 best
3762 4649 94 17 course
3879 4638 60 26 that
3962 4634 79 28 could
4068 4634 32 27 be

3545 4666 1 53 |
3557 4680 126 39 adopted.
3722 4679 28 28 If
3763 4678 115 28 disaster
3891 4675 53 27 had
3965 4673 134 36 followed,

3545 4715 1 43 i
3555 4723 167 35 consequent
3736 4729 33 19 on
3783 4718 54 28 this
3852 4725 130 24 measure,
4003 4715 22 26 it
4046 4723 53 18 was

3561 4755 4 35 I
3580 4761 142 29 arliament
3735 4758 53 29 and
3801 4760 48 26 not
3860 4757 45 28 the
3917 4755 185 29 Government

3545 4796 1 37 !
3556 4802 59 27 that
3628 4810 54 18 was
3699 4804 27 24 to
3741 4799 87 27 blame
3877 4796 157 28 Assistance
4046 4803 55 19 was

3545 4833 1 45 ;
3556 4842 80 36 given
3652 4841 73 27 them
3740 4839 26 27 in
3787 4838 45 28 the
3848 4836 102 28 session
3971 4834 28 29 of
4016 4833 55 29 .189
4080 4835 20 34 f,

3545 4873 1 36 i
3557 4882 52 27 and
3622 4892 26 16 in
3663 4882 7 26 1
3679 4880 51 28 £9-5
3741 4879 46 27 the
3797 4878 185 28 Government
3992 4873 108 29 learned

3557 4923 69 27 from
3642 4922 45 26 the
3700 4919 100 29 bank's
3809 4918 105 28 officers
3924 4916 59 27 that
3997 4914 103 27 further

3555 4961 148 29 assistance
3717 4968 54 18 was
3794 4956 107 28 wanted
3927 4955 54 28 and
4002 4953 59 27 that
4079 4953 20 26 it

3555 5001 90 28 would
3661 5001 32 26 be
3706 5007 142 27 necessary
3860 5000 28 24 to
3898 4996 44 36 lop
3953 4993 37 29 off
3997 4992 103 29 certain

3555 5048 190 22 excrescences
3779 5036 60 30 that
3868 5031 147 42 hampered
4053 5031 45 28 the

3555 5081 84 34 bank,
3653 5080 65 28 such
3728 5089 29 17 as
3768 5078 45 27 the
3827 5076 78 28 Bank
3916 5076 29 27 of
3952 5073 67 29 New
4032 5072 48 28 Zea-

3555 5121 63 27 land
3634 5120 106 27 Estates
3755 5117 47 29 Co.
3826 5127 30 17 or
3878 5115 45 28 the
3932 5116 95 25 Assets
4049 5111 47 28 Co.

3555 5163 21 25 A
3592 5160 71 37 joint
3675 5157 155 29 committee
3844 5156 28 27 of
3881 5155 45 28 the
3937 5153 93 27 House
4042 5162 54 17 was

3554 5204 41 24 set
3610 5210 35 26 up
3660 5202 27 24 to
3701 5197 124 29 consider
3838 5195 45 28 the
3898 5192 131 39 question,
4043 5190 53 28 and

3554 5249 27 19 as
3595 5239 65 37 they
3672 5247 69 19 were
3752 5245 95 25 aware,
3869 5235 21 27 it
3907 5242 50 19 was
3983 5230 113 29 decided

3554 5284 27 22 to
3604 5282 149 33 guarantee
3776 5277 45 27 the
3845 5273 72 30 bank
3941 5271 105 29 further
4067 5274 28 24 to

3553 5318 45 26 the
3624 5320 95 23 extent
3747 5316 28 27 of
3799 5312 176 36 £3,000,000.
4015 5310 80 27 Were

3552 5357 46 27 the
3609 5356 186 27 Government
3820 5358 27 23 to
3874 5352 85 27 blame
3976 5349 44 28 for
4041 5348 54 28 this

3548 5405 96 18 course
3651 5395 59 27 that
3723 5394 46 27 the
3780 5392 85 29 whole
3876 5391 93 28 House
3982 5388 111 29 decided

3550 5444 71 26 upon
3634 5435 11 26 ?
3698 5432 139 36 Certainly
3879 5433 56 25 not.
4001 5428 92 35 (Hear,

3550 5473 64 28 hear
3641 5472 53 28 and
3716 5470 150 40 applause.)
3906 5467 77 35 Now,
4016 5476 28 18 as
4067 5471 28 23 to

3549 5513 46 27 the
3606 5513 52 27 evil
3673 5519 199 29 consequences
3886 5509 28 27 of
3935 5508 76 27 these
4027 5510 64 29 acts,

3547 5551 136 38 although
3694 5551 47 27 the
3755 5550 95 36 colony
3864 5547 52 29 had
3928 5544 162 40 guaranteed

3547 5591 148 27 assistance
3708 5593 28 24 to
3750 5590 47 26 the
3810 5587 73 28 bank
3898 5590 27 24 to
3942 5586 46 27 the
4001 5588 77 24 exten

3545 5631 28 26 of
3588 5628 178 34 K6,000,000,
3787 5628 60 27 that
3869 5625 45 28 did
3934 5630 48 22 not
4006 5633 66 20 me;?'

1594 59 197 41 MOUKT
1881 63 217 41 BEGNER
2185 59 151 38 MAIL.

3351 54 175 49 Triday,
3798 57 72 46 '2l,
3896 57 115 40 1896.

90 155 192 35 TUESDAY,
303 156 45 28 IST
366 155 218 36 DECEMBER

228 196 35 25 At
277 202 48 19 two
339 196 98 26 o'clock.

71 269 27 28 T
123 270 23 27 A
172 269 21 27 B
220 269 21 27 E
262 269 20 27 Z
353 269 259 30 BURTON

138 316 43 25 has
195 315 109 26 received
322 316 163 25 instructions
499 314 61 27 from
575 315 40 25 the

64 357 141 36 Roxburgh
226 356 96 36 Jockey
338 356 64 27 Club
415 356 48 27 and
479 355 135 34 Roxburgh

64 403 112 26 Athletic
190 403 85 32 Sports
290 401 63 26 Club
367 407 24 19 to
414 401 42 25 sell
480 400 136 33 Privileges

66 447 25 26 in
106 445 145 28 connection
266 444 58 27 with
339 444 63 26 their
424 442 96 27 Annual
536 443 64 25 Meet-

63 491 58 28 ings
135 499 25 17 as
173 489 112 26 above—

135 530 186 26 -I—Luncheon
358 529 48 27 and
443 529 174 26 Refreshment

201 567 96 26 Booths

134 610 123 26 2—Fruit
271 610 75 26 Stall?

68 677 29 27 In
109 677 41 27 the
163 676 85 28 Estate
259 675 28 29 of
292 676 78 28 John
382 675 92 36 Inkis,
485 675 132 28 Deceased.

79 754 217 35 SATURDAY,
318 755 52 27 sth
389 753 218 33 DECEMBER,

242 795 34 24 At
290 793 58 26 2.30
362 793 99 27 o'clock.

76 867 204 29 TABEZ
356 864 263 33 BURTON

142 908 42 27 has
198 909 110 26 received
328 909 162 27 instructions
504 907 60 25 irom
580 906 40 26 the

69 948 87 32 Agent
170 946 26 25 of
215 946 41 25 the
280 946 86 25 Public
379 947 101 24 Trustee
494 950 25 19 to
532 943 42 24 sell
589 943 30 33 by

70 983 101 26 auction
210 988 25 21 at
271 982 106 27 Laffev's
409 981 84 31 Hotel,
524 977 96 28 Millers

65 1019 93 28 Flat-

139 1056 47 26 Lot
201 1057 148 27 ]—Section
376 1056 39 33 40,
432 1055 77 27 Block
533 1052 86 33 VIII.,

207 1095 99 33 Benger
336 1094 104 27 district,
475 1091 142 33 containing
617 1091 2 37 1

208 1132 30 25 10
264 1140 66 18 acres
355 1130 15 26 2
400 1129 72 27 roods
497 1129 32 26 30
553 1127 66 35 poles

205 1169 77 32 (more
295 1178 27 15 or
335 1167 66 34 less)

139 1216 45 26 Lot
199 1218 13 24 ?
216 1215 132 25 —Section
380 1212 41 32 ftO,
446 1211 83 26 .Block
558 1210 59 31 111.,

207 1252 99 34 Penger
335 1250 104 30 district,
473 1248 146 32 containing;

205 1292 16 23 4
235 1298 65 17 acres
314 1288 11 25 1
343 1287 58 26 rood
415 1285 33 27 22
462 1285 65 37 poles
541 1285 78 34 (more

204 1337 26 18 or
243 1326 58 35 less)

104 1377 127 34 Together
261 1376 61 24 with
361 1374 30 24 all
429 1376 190 29 improvements

71 1414 111 24 thereon.
219 1411 64 25 Both
310 1409 60 26 Lots
394 1417 39 16 ate
461 1405 83 27 fenced
570 1404 47 26 and

66 1448 82 32 partly
161 1447 77 26 under
251 1445 151 26 cultivation.
542 1478 70 4 __

80 1505 219 34 THURSDAY,
315 1505 52 27 3FD
386 1499 217 35 DECEMBER,

195 1547 34 24 At
243 1553 44 17 one
301 1542 90 27 o'clock
407 1542 80 34 sharp.

116 1620 184 31 TUAPEKA
324 1617 121 31 STOCK
465 1615 101 30 FAIR.

68 1668 65 21 Frits?
146 1673 47 14 and
202 1668 71 19 Third
283 1666 131 20 Thursdays
423 1668 24 16 in
456 1667 57 16 each
527 1662 89 20 Month.

76 1733 168 43 JOHN
325 1726 292 33 THOMPSON

76 1790 8 2 -
142 1775 50 27 will
217 1773 56 28 hold
299 1773 38 26 his
364 1777 58 20 next
447 1769 55 26 Sale
527 1774 26 20 at
578 1767 40 26 the

69 1813 119 36 Tuapeka
201 1811 54 26 Sale
274 1809 89 30 Yards,
379 1808 138 29 Lawrence,
532 1814 30 16 on
579 1804 39 25 the

69 1850 77 27 above
160 1849 55 26 date
224 1855 23 19 at
261 1856 45 17 one
320 1844 89 28 o'clock
424 1844 80 33 sharp.

121 1898 32 26 70
174 1895 132 29 Crossbred
323 1893 112 27 Wethers
445 1889 96 38 (nearly
556 1888 45 34 fat)

123 1935 31 24 10
174 1934 61 25 head
250 1934 70 23 Store
332 1930 80 27 Cattle

139 1970 16 28 3
173 1980 87 24 young
273 1968 73 27 Cows
358 1967 69 34 (near
440 1964 109 35 calving)

139 2009 9 24 ]
173 2006 141 36 -1-year-old
329 2002 117 36 Draught
461 2001 63 34 Filly

109 2083 93 25 Parties
228 2080 111 33 desiring
364 2084 24 19 to
412 2077 60 26 offer
497 2074 72 27 Stock
593 2084 27 16 or

71 2120 162 36 Implements
248 2124 23 21 at
285 2116 77 27 above
377 2114 54 27 Hale
449 2113 126 37 requested
596 2117 23 20 to

72 2159 58 26 send
151 2156 146 36 particulars
320 2161 23 18 to
364 2154 40 25 the
428 2152 148 26 Auctioneer
595 2159 25 15 as

69 2195 65 26 enrlv
149 2204 26 15 ?s
189 2192 112 35 possible.

171 2253 110 28 FOR
358 2249 108 28 SAL
486 2248 32 27 E.

69 2324 173 57 BAKER!
261 2323 46 25 and
323 2320 174 28 GENERAL
510 2318 110 26 STORE

149 2364 25 24 in
187 2372 11 15 a
210 2362 78 32 rising
298 2360 231 32 district—present
537 2364 83 17 owner

69 2401 106 33 retiring
189 2399 60 26 from
264 2397 118 27 business.

104 2437 56 27 Full
174 2435 144 37 particulars
332 2443 28 17 on
377 2432 148 36 application
541 2436 23 20 to

165 2484 101 30 JOHN
287 2480 219 34 THOMPSON,

271 2524 157 27 Auctioneer,
444 2520 138 25 Lawrence.

213 2594 35 27 A.
348 2586 268 34 HART,

121 2649 258 31 Scotland-street,
399 2644 163 33 Roxburgh,

81 2700 156 21 MERCHANT
254 2697 113 25 TAILOR,
381 2693 148 25 CLOTHIER,
544 2692 61 20 AND

155 2726 194 23 GENTLEMEN'S
366 2721 163 24 OUTFITTER.

106 2784 25 25 A
164 2782 91 28 choice
287 2779 128 29 selection
444 2776 28 28 of
496 2774 121 34 Tweeds,

69 2821 141 39 Coatings,
224 2821 109 36 Series,
355 2818 48 28 &c.
429 2815 76 37 (both
529 2814 90 28 Home

69 2862 55 27 and
139 2861 131 34 Colonial)
285 2860 99 34 always
398 2867 34 18 on
446 2855 83 28 hand.

108 2902 25 26 A
146 2900 93 28 varied
253 2898 126 29 selection
393 2896 28 27 of
431 2893 188 37 Ready-made

72 2939 89 29 Goods
173 2938 53 29 and
238 2938 80 38 Boys'
328 2936 52 28 and
393 2934 118 29 Youths'
525 2933 79 28 Cloth-

71 2981 49 35 ingl
144 2981 101 34 always
277 2989 32 17 on
341 2976 80 27 hand.
482 2975 49 26 Hie
556 2973 63 36 only

70 3019 76 36 place
161 3018 24 26 in
202 3022 69 22 town
288 3020 27 23 to
331 3023 112 28 procure
452 3013 96 35 stylish
565 3011 51 26 and

69 3056 159 37 up-to-date
250 3055 79 34 Hats,
344 3054 6 10 f
352 3054 6 27 !
370 3064 45 25 ies,
429 3052 52 29 bikl
506 3049 96 30 Gentle-

69 3098 88 27 men's
173 3096 147 29 Unserve*.;
327 3107 18 16 r.

68 3208 198 33 MILLEKS
332 3206 94 29 flat
484 3205 134 34 hotel,

70 3240 12 22 J
96 3236 2 26 •
107 3236 16 25 il

232 3329 118 23 MTLLI'I'.':'
377 3328 77 21 FL\T.

105 3575 31 28 r.
160 3574 105 27 Laft'ev

416 3578 165 21 rrouriotor.

76 3707 10 19 I
128 3707 20 21 Q
166 3706 19 22 0
207 3705 20 21 K
291 3705 17 20 A
345 3704 10 21 ;
416 3702 12 19 'I
461 3701 126 22 HIS!

66 3726 44 38 i_j
291 3726 89 38 —■—

248 3785 34 18 f;r
298 3784 8 18 t
311 3783 9 8 v
326 3787 12 16 e
357 3780 39 23 (>;t
405 3787 10 16 a
415 3787 20 16 4.

157 3822 63 26 Boo'
231 3822 10 26 3
252 3822 31 26 f.r
306 3824 41 23 '.be
361 3823 40 22 Sip
406 3822 44 26 a'!;

126 3867 70 23 Foot*
268 3866 40 23 the
343 3865 61 28 hort,

157 3911 45 23 Boo
207 3909 3 28 f
211 3923 16 10 .>
245 3910 36 24 fjr
299 3911 39 22 (he
357 3909 54 24 Tail
427 3918 5 19 ;

126 3956 24 21 V->
162 3960 34 18 o'i
211 3954 36 24 for
266 3955 39 23 the
326 3953 94 30 Yo'jrg,

151 3994 75 25 Boo'.s
244 3994 36 23 for
295 3994 39 22 'ha
354 3993 46 24 Old
413 4001 5 19 ;

153 4057 54 23 And
227 4055 99 23 BOOTS
344 4064 36 15 arv
382 4054 4 26 5
387 4054 1 26 .
408 4054 103 24 SHOFS

270 4111 36 23 for
322 4110 30 24 ai!
376 4114 23 19 at

163 4175 42 32 H.
255 4175 118 32 Bail
388 4173 123 39 LIE'S,

66 4235 113 32 Opposite
195 4232 159 26 Connnercial
376 4231 81 31 Hotel,
479 4231 106 23 ttod-jri
596 4231 13 23 h

235 4316 47 23 and
300 4316 90 26 inspect
403 4315 39 22 the
460 4315 79 22 Stock.

66 4393 181 37 TOHNS

289 4392 31 36 &
357 4391 249 40 M'COMBE,

56 4475 129 20 GROCERS
200 4475 60 20 AND
278 4473 135 21 GENERAL
427 4472 178 22 MERCHANTS.

193 4524 156 27 MILLERS
369 4523 97 27 FLAT.

91 4600 60 29 The
190 4600 100 38 largest
322 4598 54 29 and
409 4598 197 30 best-assorted

58 4642 86 28 Stock
159 4643 28 26 of
200 4640 115 29 General
330 4640 91 28 Goods
440 4641 28 26 in
491 4650 52 26 any
558 4650 33 26 up-

58 4685 116 32 country
188 4683 73 25 store
274 4680 26 26 in
315 4680 99 33 Otago.

96 4720 141 28 Groceries
262 4718 53 28 and
338 4716 155 29 Provisions
513 4716 28 28 of
563 4717 46 28 the

58 4760 62 27 best
131 4760 82 26 kinds
227 4762 27 23 at
267 4760 69 25 most
346 4755 158 29 reasonable
513 4756 96 36 prices.

96 4798 149 33 Crockery,
279 4796 161 33 Glassware,
467 4794 126 29 Ironmon-

58 4849 78 27 gery,
151 4838 94 33 Boots,
260 4836 94 32 Shoes,
369 4834 49 28 &c.

96 4877 159 29 Customers
269 4875 98 29 waited
381 4884 33 17 on
432 4874 24 26 in
479 4873 33 28 all
536 4876 75 34 parts

56 4918 29 27 of
98 4918 46 27 the
160 4916 118 28 district.

253 4990 154 20 AGENCIES:

56 5031 178 28 Manchester
246 5030 64 27 Fire
323 5030 148 26 Insurance
486 5026 48 28 Co.

54 5070 161 30 Australian
225 5068 108 30 Mutual
342 5066 147 31 Provident
498 5064 111 40 Society

214 5140 22 27 T
252 5163 6 6 .
327 5138 67 28 BO
414 5137 37 28 W
471 5136 135 34 DEN,

130 5214 177 24 CARPENTER,
334 5210 113 25 JOINER,
475 5209 61 21 AND

230 5249 205 24 UNDERTAKER.

54 5308 100 28 Desires
181 5311 23 19 to
231 5302 77 27 thank
334 5301 40 26 the
407 5298 86 27 Public
519 5299 23 25 of
567 5298 40 26 the
620 5298 2 38 j

54 5344 106 28 District
176 5342 37 25 for
232 5344 54 30 past-
305 5343 110 29 support,
435 5336 47 25 and
502 5334 62 33 heprs
583 5341 23 18 to
620 5334 2 40 j

54 5381 89 28 inform
175 5378 65 26 them
277 5377 53 24 that
361 5374 29 25 lie
421 5372 43 26 has
495 5371 111 26 resumed
620 5365 2 47 |

54 5419 122 27 Business
189 5416 24 26 in
228 5411 150 36 Roxburgh.

387 5494 3 8 .
490 5494 4 8 .

54 5503 134 29 Estimates
200 5501 72 35 jjivpn
285 5498 46 27 and
344 5495 121 36 Building*
475 5493 132 27 Contracts
620 5493 2 43 j

155 5551 26 24 of
197 5549 31 26 all
249 5548 72 26 kinds
338 5544 163 29 undertaken.

89 5635 77 27 Plan?
179 5633 46 26 and
246 5630 184 37 Specification?
444 5626 122 39 prepared.

672 153 222 30 ELECTORAL
914 146 175 33 DISTRICT
1110 145 48 29 OF
1198 145 1 45 j

820 202 191 30 TUAPEKA.

672 317 141 29 NOTICE
833 315 47 29 OF
904 307 267 35 POLLING-DAY.

648 435 55 28 TN
727 442 152 26 pursuance
896 431 29 28 of
979 430 56 27 The
1058 425 134 29 Electoral

648 454 24 33 1
712 475 62 33 Act,
791 471 99 36 1893/'
912 471 23 35 I,
948 467 100 32 JOHN
1072 463 120 31 CAUSE

650 512 216 34 ARBUCKLE,
879 510 155 34 Returning
1043 506 98 28 Officer
1151 504 43 27 for

650 555 46 28 the
710 552 134 29 Electoral
867 549 114 30 District
1000 546 29 30 of
1053 543 139 38 Tuapeka,

650 595 33 27 do
694 593 103 35 hereby
807 592 63 36 give
881 590 88 28 notice
980 588 69 32 that,
1057 586 37 35 by
1105 583 89 30 virtue

649 633 29 28 of
702 643 15 17 a
747 632 75 28 Writ
850 629 114 34 bearing
988 626 47 28 the
1060 624 62 27 date
1147 621 47 28 the

649 671 142 30 twentieth
813 670 53 38 day
886 668 28 29 of
933 664 165 33 November,
1113 661 81 35 1896,

651 713 86 27 under
750 713 46 27 the
809 710 71 28 hand
904 709 29 27 of
945 709 45 27 the
1005 704 82 29 Clerk
1101 702 28 29 of
1148 701 47 28 the

650 751 96 35 Writs,
759 760 34 18 an
817 745 188 31 ELECTION
1018 743 54 28 will
1084 743 35 26 be
1132 740 63 27 held

651 791 42 28 for
705 790 47 28 the
765 792 93 25 return
869 787 28 29 of
912 787 57 27 One
984 781 131 39 Qualified
1130 780 49 27 Per-

651 840 47 18 son
713 833 27 24 to
754 838 76 18 serve
845 837 28 17 as
887 826 125 28 Member
1024 823 43 27 for
1080 821 45 28 the
1137 819 57 28 said

651 868 123 35 district;
795 867 53 29 and
873 867 60 27 that
954 864 46 29 the
1134 858 61 38 Day

650 910 43 28 for
701 909 138 36 receiving
853 906 189 30 Nominations
1054 901 28 29 of
1097 900 82 28 Candi-

651 950 76 26 dates
766 948 51 26 will
856 948 35 25 be
931 947 47 25 the
1018 940 152 29 TWENIY-

650 987 117 29 FOUR'J
777 987 28 27 H
816 986 51 37 day
877 980 220 34 NOVEMBER,
1110 978 85 34 1896;

650 1028 53 28 and
724 1027 59 29 that
806 1027 46 27 the
873 1024 94 29 POLL
985 1023 31 35 (if
1041 1019 153 37 necessary)

650 1067 53 27 will
717 1067 35 28 be
764 1066 81 28 taken
859 1068 28 25 at
900 1064 46 28 the
957 1061 104 30 several
1075 1059 107 35 Polling-

650 1107 90 35 places
753 1106 28 28 of
804 1105 46 28 the
872 1103 57 29 said
956 1101 107 28 district
1089 1110 35 17 on
1152 1099 46 27 the

651 1146 153 29 FOURTH
837 1144 54 29 dav
925 1142 29 29 of
980 1138 217 35 DECEMBER,

653 1187 76 28 1896.

687 1237 89 36 Every
797 1235 65 28 Man
877 1234 121 28 desirous
1012 1232 28 29 of
1052 1230 147 37 becoming

649 1288 15 16 a
679 1276 149 28 Candidate
842 1278 73 23 must
928 1274 34 27 be
984 1271 158 29 nominated
1162 1270 37 36 by

651 1319 46 26 not
711 1315 53 29 less
776 1315 66 29 than
869 1313 65 29 Two
957 1312 122 30 Electors
1103 1310 28 29 of
1154 1309 45 29 the

650 1357 123 31 District,
786 1356 37 32 by
840 1366 14 15 a
868 1354 175 27 Nomination
1060 1352 95 34 Paper,
1170 1359 29 16 as

649 1393 155 37 prescribed
819 1393 36 35 by
870 1391 109 27 Section
1003 1391 32 25 75
1061 1389 29 26 of
1142 1387 57 26 The

649 1431 133 27 Electoral
804 1432 64 25 Act.
1010 1426 137 27 delivered
1170 1428 28 23 to

647 1470 46 27 the
719 1469 156 33 Returning
901 1466 98 28 Officer
1029 1475 34 16 on
1096 1475 30 16 or
1151 1464 30 26 be-

647 1509 56 28 fore
726 1509 47 27 the
794 1503 336 32 TWENTY-FOUhTH
1145 1503 52 30 dav

646 1549 28 27 of
686 1547 222 34 NOVEMBER,
925 1546 46 28 189
971 1546 32 28 G.

683 1598 81 29 AND
783 1597 99 29 Notice
903 1597 27 27 Is
945 1596 113 37 Hereby
1079 1594 119 28 Further

647 1640 87 29 Given
748 1639 60 27 that
834 1638 27 27 in
884 1646 153 29 pursuance
1062 1636 29 27 of
1139 1634 58 27 The

649 1679 139 28 Alcoholic
802 1677 116 37 Liquors
934 1676 61 27 Sale
1009 1674 113 29 Control
1134 1674 62 33 Act,

652 1718 77 35 Ic-93,
756 1716 187 29 Amendment
971 1717 61 30 Act,
1182 1723 15 17 a

648 1757 148 38 Licensing
811 1757 57 28 Poll
885 1756 51 29 will
957 1756 35 27 be
1005 1754 84 29 taken
1104 1752 77 30 simul-

649 1798 141 36 taneously
805 1797 66 28 with
886 1797 47 27 the
946 1795 135 28 Electoral
1097 1794 59 27 Poll
1169 1797 26 23 at

650 1839 44 27 the
717 1837 104 28 several
843 1836 111 38 Polling
982 1835 91 27 Places
1098 1834 27 26 in
1152 1832 46 27 the

649 1878 56 28 said
721 1877 115 28 District
850 1886 32 18 on
898 1876 46 27 the
968 1873 156 30 FOURTH
1145 1872 52 37 day

649 1919 28 26 of
706 1916 216 34 DECEMBER,
952 1915 78 32 1896,
1053 1914 78 26 when
1152 1913 47 26 the

649 1956 144 38 following
819 1954 144 39 Proposals
990 1953 55 29 will
1075 1953 34 27 be
1136 1952 48 28 sub-

649 1996 96 29 mitted
748 2013 35 3 —

690 2050 37 35 (1)
750 2048 136 28 Whether
922 2047 46 27 the
1012 2044 117 28 number
1173 2042 26 28 of

761 2088 114 28 licenses
890 2086 121 38 existing
1030 2085 28 27 in
1080 2084 46 27 the
1145 2083 41 27 dis-

761 2129 63 28 trict
835 2129 21 27 is
870 2131 28 25 to
914 2128 32 28 be
960 2124 147 31 continued
1119 2136 6 22 ;

690 2182 37 35 (2)
752 2180 135 28 Whether
925 2180 46 26 the
1019 2177 116 27 number
1173 2175 26 26 of

763 2221 113 26 licenses
890 2218 121 36 existing
1030 2217 27 26 in
1080 2215 44 26 the
1145 2214 41 26 dis-

762 2259 64 28 trict
839 2258 22 26 is
875 2262 27 24 to
918 2258 32 27 be
964 2254 116 30 reduced
1092 2265 8 23 j

690 2316 37 33 (3)
750 2312 135 29 Whether
898 2322 34 16 no
945 2311 113 26 licenses
1072 2318 45 17 are
1127 2311 28 24 to
1164 2307 35 27 be

760 2351 115 33 granted
891 2351 24 27 in
931 2350 46 27 the
991 2348 116 29 district.

686 2405 57 29 The
767 2403 143 35 following
935 2411 45 18 are
999 2399 47 30 the
1076 2398 106 38 Polling-

648 2446 90 37 places
752 2445 41 27 for
806 2444 47 27 the
875 2441 134 29 Electoral
1035 2439 115 28 District
1170 2438 29 28 of

647 2485 128 38 Tuapeka
787 2495 45 16 :

684 2536 76 27 THE
793 2531 267 34 COURTHOUSE,
1098 2529 75 28 LAW-

759 2574 126 30 RENCE
903 2571 154 41 (principal)

684 2617 57 27 The
756 2615 195 33 Schoolhouse,
966 2612 208 28 Wetherstones

685 2656 58 28 The
757 2655 194 33 Schoolhouse,
970 2653 68 27 Blue
1053 2651 73 36 Spur

685 2695 57 29 The
757 2694 193 34 Schoolhouse,
966 2691 96 30 Clarks
1077 2689 61 29 Flat

684 2737 57 26 The
756 2735 194 33 Schoolhouse,
964 2732 130 36 Tuapeka
1107 2730 61 26 Flat

685 2776 56 27 The
757 2775 193 32 Schoolhouse,
964 2771 130 37 Tuapeka
1107 2768 80 28 West

685 2815 57 28 The
757 2813 193 35 Schoolhouse,
962 2810 130 40 Tuapeka
1101 2808 96 29 Mouth

686 2855 56 28 The
757 2855 193 31 Schoolhouse,
964 2853 92 27 Evans
1070 2850 63 28 Flat

686 2895 57 27 The
758 2893 194 33 Schoolhouse,
966 2889 130 30 Dunkeld

686 2933 57 28 The
759 2932 192 34 Schoolhouse,
967 2933 70 25 Kacs
1051 2926 129 31 Junction

687 2974 56 27 The
758 2973 192 33 Schoolhouse,
966 2970 155 29 Crookston

686 3013 55 25 The
757 3012 193 31 Schoolhou.se,
965 3008 143 28 Dunrobiu

685 3051 56 28 The
757 3050 96 29 School
860 3050 90 35 house,
964 3048 97 29 llcriot

684 3093 57 28 The
756 3091 97 29 School
859 3090 90 35 house,
964 3089 104 28 Millers
1084 3088 59 27 Fiat

684 3132 57 28 The
756 3130 192 35 Schoolhouse,
964 3130 59 27 Mon
1041 3128 61 28 Flat

684 3172 57 27 The
755 3170 193 33 Schoolhouse,
965 3168 63 28 Coal
1044 3166 87 30 Creek

685 3212 58 27 The
757 3210 193 34 Schoolhouse,
964 3208 69 28 Raid
1049 3208 56 27 Hill

685 3252 57 26 The
757 3250 193 34 Schoolhouse,
966 3248 134 28 Poolburn

686 3292 57 27 The
758 3290 194 33 Schoolhouse,
967 3288 157 28 Matakanui

686 3331 57 28 The
759 3329 193 34 Schoolhouse,
967 3328 120 38 Waipori

686 3372 58 26 The
757 3370 235 34 Dwelling-house
1013 3368 27 28 of
1061 3368 45 28 Mr
1124 3367 72 28 John

761 3411 86 32 Scott,
860 3408 165 28 Waitahuna

686 3450 56 27 The
757 3449 177 33 Courthouse,
948 3448 152 34 Roxburgh

686 3490 57 28 The
753 3488 177 35 Courthouse,
942 3488 154 28 Alexandra
1108 3487 86 29 South

684 3530 57 27 The
757 3528 176 35 Courthouse,
948 3528 85 37 Clyde

686 3569 56 29 The
758 3568 177 35 Courthouse,
949 3567 86 38 Ophir

686 3610 57 28 The
757 3609 234 36 Dwelling-house
1012 3608 29 27 of
1064 3608 44 27 Mr
1122 3608 72 26 John

760 3648 137 34 Webster,
912 3647 167 28 Waitahuna
1092 3647 79 28 West

778 3701 27 26 J.
823 3700 29 27 C.
867 3698 217 34 ARBUCKLE,

882 3746 155 35 Returning
1052 3744 105 29 Officer.

678 3831 223 29 ELECTORAL
922 3829 176 30 DISTRICT
1117 3829 47 29 OF

824 3871 191 29 TUAPEKA.

698 3952 110 29 OTICE
821 3953 27 27 Is
860 3952 111 37 Hereby
981 3951 86 28 Given
1077 3951 60 28 that
1146 3952 46 27 the

646 4023 71 26 Jtlox.
733 4020 175 28 WILLIAM
922 4019 124 28 JAMES
1065 4019 85 28 MUD
1155 4019 36 27 IE

820 4059 104 28 EARN
927 4058 47 29 AC
979 4059 35 34 11,

662 4100 56 28 The
743 4099 94 38 Camp,
850 4099 137 34 Dunedin,
1002 4099 171 34 Gentleman,

716 4151 175 29 CHARLES
913 4150 205 29 CHAMPION

826 4189 189 33 RAWLINS,

672 4229 94 30 Island
779 4229 96 35 Block,
889 4228 111 38 Mining
1014 4228 148 39 Engineer,

640 4282 77 27 Have
731 4283 68 26 been
813 4282 66 36 duly
895 4280 166 28 Nominated
1075 4291 28 16 as
1120 4280 52 28 Can-

640 4322 105 26 didates
756 4321 43 27 for
811 4321 121 27 Election
944 4320 43 28 for
997 4321 46 26 the
1053 4320 134 28 Electoral

640 4361 113 28 District
767 4362 28 26 of
807 4360 138 37 Tuapeka.

770 4411 27 27 J.
813 4410 29 28 C.
858 4409 219 31 ARBUCKLE,

872 4450 155 38 Returning
1043 4449 108 29 Officer.

675 4504 155 33 Lawrence,
846 4503 64 27 21-th
927 4502 165 35 November,
1110 4503 77 27 1800.

673 4570 171 26 BOROUGH
872 4570 43 26 OF
940 4569 213 26 ROXBURGH.

706 4649 72 19 EXTII
782 4649 35 19 AO
823 4649 12 18 H
841 4647 92 21 DINAR
937 4649 17 19 Y
984 4647 34 19 VA
1023 4647 33 19 CA
1061 4647 18 19 X
1082 4647 43 21 CY.

819 4709 24 25 Is
865 4709 97 27 Hereby
979 4710 78 25 Given
1074 4709 52 26 that
1150 4709 39 25 the

726 4746 160 26 Nomination
901 4750 23 21 of
939 4746 149 25 Candidates
1100 4746 35 24 for
1150 4746 40 25 flu:

640 4783 66 26 office
720 4783 23 25 of
757 4783 90 26 Mavor
860 4783 26 26 of
898 4783 40 25 the
956 4782 116 34 Borough
1086 4782 27 26 of
1126 4782 47 25 Rox-

641 4819 79 34 burgh
736 4818 49 26 will
808 4819 28 25 he
859 4819 108 25 received
993 4818 31 27 bv
1048 4828 38 15 me
1112 4828 32 19 up
1167 4825 24 18 to

640 4865 64 16 noon
716 4864 30 16 on
758 4854 204 31 SATURDAY,
974 4856 70 25 28th
1055 4854 113 26 NOVEM-

640 4892 80 31 BER,
759 4891 73 32 1800,
869 4897 25 20 at
925 4892 41 25 the
997 4891 193 32 Council-room,

642 4929 147 24 Arhenieurn
804 4927 140 33 Buildings.

677 4965 21 23 If
712 4972 137 25 necessary,
863 4973 12 15 a
891 4964 52 24 Poll
959 4964 49 25 will
1023 4964 28 25 be
1066 4964 72 25 taken
1160 4972 29 16 on

641 5000 40 26 the
696 5000 42 26 7th
755 4999 141 32 December,
913 4999 72 27 1890.

795 5045 113 28 JABEZ
930 5046 154 32 BURTON,

902 5085 145 32 Returning
1061 5084 94 26 Officer.

748 5151 329 28 NOTICE.

642 5227 78 53 MR
747 5225 186 27 MORRISON
962 5225 47 26 will
1037 5233 96 18 resume
1154 5225 36 25 bis

734 5263 105 27 Musical
854 5264 99 25 Tuition
966 5268 57 21 next
1033 5261 76 33 week,
1122 5262 55 25 visit-

639 5304 45 25 ing
698 5301 36 26 his
756 5301 83 33 Pupils
854 5308 21 17 at
894 5299 37 35 tbe
947 5299 68 26 usual
1032 5300 65 25 time.

792 5368 24 27 N
838 5367 22 28 0
880 5366 22 27 T
923 5367 9 26 J
958 5366 20 28 C
1003 5367 28 27 E.

661 5444 14 21 i
696 5440 40 26 LL
759 5439 104 26 Persons
876 5438 93 33 having
989 5438 91 25 Claims
1094 5438 97 31 against

729 5476 40 25 the
795 5475 86 26 Estate
906 5473 27 25 of
958 5474 40 25 the
1023 5473 47 26 late
1098 5473 32 26 H.
1158 5472 32 26 H.

642 5515 113 30 Hkron,
770 5510 161 29 Commercial
950 5510 80 32 Hotel,
1042 5510 148 35 Roxburgh,

639 5552 50 26 will
705 5551 79 27 please
799 5558 22 16 a:
833 5557 60 17 once
908 5548 57 25 send
983 5548 63 25 them
1061 5549 23 24 in
1100 5553 24 20 to

778 5586 53 27 MR
851 5583 235 32 MACDONALD,

863 5621 73 27 Solici
953 5630 33 20 or,
1001 5621 150 26 Alexandra.

1256 219 91 28 NEW
1380 220 179 32 SEASON'S
1594 225 142 28 GOODS!

1221 395 91 47 W.
1474 399 301 62 Taife^js,

1387 482 225 31 ROXBURGH.

1223 618 69 29 Now
1317 619 134 39 Showing
1471 632 15 17 a
1510 622 134 37 Splendid
1666 623 95 28 Assort-

1439 677 75 25 ment
1535 674 29 29 of

1269 741 99 33 New
1398 741 143 35 Goods
1562 743 6 33 !

1436 821 99 34 New
1569 821 139 35 Goods
1728 823 5 32 !

1400 900 160 39 Consisting
1580 902 29 29 of

1225 964 101 35 Prints,
1359 965 27 27 in
1420 965 112 27 Newest
1566 965 125 27 Patterns
1724 964 52 28 and

1300 1016 230 38 Colourings—at
1545 1016 34 28 od
1594 1027 48 27 per
1653 1016 69 38 yard

1227 1079 51 28 Lot
1289 1079 28 28 of
1326 1079 131 38 Zephyrs,
1470 1078 161 39 Ginghams,
1639 1079 132 27 (Satteen-s

1302 1130 165 39 Corduroys,
1500 1130 53 28 and
1596 1130 122 37 Crepons
1751 1130 26 26 in

1301 1183 111 28 Newest
1427 1181 113 29 Colours
1554 1181 51 26 and
1622 1180 118 38 Designs

1228 1244 137 29 Beautiful
1399 1244 38 28 lot
1468 1244 29 28 of
1530 1244 100 36 Fancy,
1659 1242 120 39 Striped,

1301 1296 53 28 and
1364 1296 118 32 Figured
1489 1295 116 28 Muslins
1614 1294 44 28 fur
1670 1294 109 28 I)louses

1300 1348 108 25 —from
1423 1347 53 28 5Ad
1491 1357 48 25 per
1552 1347 65 34 yard

1228 1406 132 37 Splendid
1375 1406 38 27 lot
1428 1406 28 27 of
1471 1406 103 36 Spring
1586 1404 51 28 and
1655 1406 125 25 Summer

1301 1456 70 27 Hats

1262 1573 90 27 Nii\V
1387 1572 157 36 GLOVES,
1576 1571 167 29 RIBBONS

1478 1644 53 19 AND

1409 1696 193 28 VEiLLNGS.

1228 1846 197 30 trimming
1443 1846 110 29 silks
1568 1846 80 28 and
1663 1845 117 29 gimps

1367 1905 32 27 In
1423 1905 68 27 New
1513 1905 135 27 Patterns.

1350 2066 68 27 Nice
1439 2067 175 27 Assortment
1634 2065 28 28 of

1277 2131 56 26 NE
1353 2131 28 25 \V
1432 2130 169 28 uMBRE
1614 2130 91 27 LLA
1717 2129 28 35 S,

1331 2182 69 26 from
1422 2183 24 25 Is
1464 2183 7 25 1
1484 2183 5 25 1
1499 2182 16 26 d
1531 2185 26 24 to
1574 2183 7 25 1
1592 2182 29 27 Os
1637 2182 44 27 (id.

1228 2326 28 28 M
1263 2326 57 27 EN'
1326 2325 18 28 S
1387 2326 20 28 C
1412 2326 70 28 LOT
1487 2326 105 35 lIIXG,
1636 2326 145 33 SHIRTS,

1332 2377 131 36 PANTS,
1493 2377 181 36 SCARVES,

1387 2430 156 35 BRACES,
1564 2429 60 37 &c.,

1259 2500 38 28 At
1321 2500 92 28 Prices
1435 2503 28 25 to
1484 2500 64 37 defy
1569 2500 185 37 competition.

1228 2670 83 56 W.
1335 2672 57 54 T.
1429 2671 352 69 TALBOYS,

1366 2764 167 28 ROXBU
1545 2765 21 26 I?
1579 2765 20 27 G
1614 2765 37 27 11.

1298 2920 180 28 GENERAL
1517 2920 200 28 ELECTION.

1249 3030 34 20 TO
1310 3030 57 20 THE
1392 3029 141 21 ELECTORS
1559 3030 36 20 OF
1621 3029 141 22 TTAPF.KA.

1246 3140 148 34 CHAB.
1447 3141 43 33 O.
1542 3139 226 35 RAWLINS

1262 3260 176 29 ADDRESS
1458 3261 77 27 TIIE
1559 3259 195 31 ELECTORS

1403 3324 31 17 as
1449 3313 105 28 follows
1566 3313 3 28 :

1227 3379 66 28 Moa
1310 3379 61 26 Flat
1385 3378 379 28 Schoolhouse—MONDAY
1777 3399 5 13 ;

1305 3430 70 29 30rh
1397 3430 222 29 NOVEMBER.

1279 3519 43 26 All
1339 3518 138 37 Meetings
1492 3522 27 23 at
1534 3519 15 27 8
1564 3528 66 28 p.m.
1645 3518 90 37 sharp.

1389 3588 26 27 X
1437 3588 23 28 0
1480 3588 21 27 T
1523 3588 12 27 I
1559 3588 19 27 C
1600 3588 31 27 E.

1244 3668 35 20 TO
1310 3667 37 20 Til
1354 3668 13 19 F.
1396 3667 139 20 KI.ECTORS
1562 3667 35 20 OF
1624 3667 143 21 TUAPEKA.

1227 3745 24 27 T
1275 3744 113 28 ADIES
1402 3744 80 28 AND
1495 3744 238 28 GENTLEMAN
1736 3762 45 17 ,

1310 3786 37 25 At
1372 3784 46 27 the
1441 3784 96 26 wishes
1551 3784 29 26 of
1594 3794 14 16 a
1623 3794 67 25 very
1704 3784 77 35 large

1224 3823 119 29 number
1368 3823 29 28 of
1422 3823 47 28 the
1496 3822 134 31 Electors,
1669 3823 5 26 1
1711 3823 69 27 have

1223 3863 172 30 determined
1408 3868 28 23 to
1445 3863 65 29 seek
1523 3862 253 28 RE-ELECTION

1223 3910 26 24 at
1265 3915 69 27 your
1348 3904 88 28 hands
1448 3908 28 24 to
1490 3904 128 28 continue
1632 3908 27 22 to
1679 3903 83 38 Repve-

1223 3949 61 23 sert
1299 3944 47 28 the
1368 3944 133 28 Interests
1524 3943 28 27 of
1572 3954 69 25 your
1663 3943 114 29 District

1223 3984 26 28 in
1265 3985 46 27 the
1321 3994 59 18 new
1399 3984 174 34 Parliament,
1588 3982 148 38 believing,
1749 3995 27 16 a-

1222 4025 13 27 I
1255 4024 43 33 do,
1314 4024 59 27 that
1389 4024 12 27 I
1426 4024 69 27 have
1518 4024 25 26 in
1566 4024 47 26 the
1633 4027 61 32 past
1709 4024 70 27 done

1222 4075 45 26 my
1281 4064 69 37 duty
1364 4063 118 29 towards
1496 4073 63 27 you.

1258 4116 14 28 I
1287 4116 70 37 Impe
1371 4116 26 27 in
1415 4126 14 17 a
1444 4115 51 28 few
1510 4115 68 36 days
1592 4118 27 24 to
1634 4115 75 28 Meet
1723 4125 54 27 you

1222 4157 24 26 in
1272 4167 68 21 your
1355 4156 105 27 several
1483 4155 141 28 localities.
1665 4155 113 28 Notices

1220 4195 28 27 of
1282 4205 46 25 my
1361 4200 171 21 movements
1564 4192 52 27 will
1651 4195 33 25 be
1711 4194 65 36 duly

1220 4233 164 30 advertised.

1333 4287 88 27 Yours
1440 4286 149 37 faithfully,

1422 4336 41 29 W.
1479 4336 26 29 J.
1522 4337 37 28 M.
1579 4336 196 29 LARNACJL

1256 4388 56 27 The
1328 4388 94 36 Camp,
1437 4389 48 26 9t.li
1503 4389 81 32 Nov.,
1601 4390 79 26 1890.

1255 4463 154 28 TI'APEK
1416 4464 23 26 A
1478 4463 257 28 ELECTORATE.

1267 4585 101 35 Hon.
1418 4586 64 35 Mr
1533 4587 195 35 Larnach

1239 4717 177 27 ADDRESS
1452 4716 76 27 THE
1568 4717 188 28 ELECTORS

1400 4769 37 26 As
1453 4767 103 28 under:

1221 4829 196 33 ]leriot—Fßl
1429 4830 44 25 DA
1483 4829 31 33 Y,
1529 4830 42 25 27l
1580 4829 14 26 h

1222 4880 141 28 Dunrobin
1368 4879 215 28 —SATURDA
1593 4879 31 34 V,
1639 4880 64 28 28th

1220 4930 245 37 Waipori—MON
1474 4930 85 34 DAY,
1575 4931 39 26 -30
1614 4931 26 26 th

1222 4979 96 28 Clarks
1337 4980 58 27 Flat
1397 4979 227 35 —TUESDAY,
1646 4984 38 24 Ist
1710 4981 42 28 DE-

1295 5019 164 32 CEMBER,
1474 5025 28 20 at
1523 5020 16 25 -1'
1560 5020 104 27 o'clock
1685 5021 27 26 in
1727 5022 46 27 the

1292 5058 144 28 afternoon

1220 5109 68 26 Blue
1303 5109 304 36 Spur—TUESDAY,
1625 5112 40 27 Ist

1220 5158 131 38 Tuapeka
1375 5158 78 28 West
1516 5159 257 40 WEDNESDAY,

1295 5198 65 34 2nd,
1374 5202 28 23 at
1416 5200 14 25 4
1446 5199 104 27 o'clock
1571 5200 26 26 in
1623 5201 47 28 the
1690 5203 69 27 after-

1294 5247 71 18 noon

1220 5288 130 38 Tuapeka
1377 5287 100 30 Mouth
1479 5289 152 29 —AVEDN
1637 5291 136 36 ESDAY,

1294 5327 56 28 2nd

1220 5366 147 28 Lawrence
1369 5366 119 27 —Town
1525 5367 72 35 Hall,
1630 5369 12 26 'J
1654 5369 100 30 lIURS-

1296 5406 89 34 DAY,
1401 5405 52 28 3kd
1467 5406 160 30 December.

1261 5496 56 28 The
1331 5496 87 28 above
1432 5496 139 38 Meetings
1586 5497 53 28 will
1654 5498 34 28 be
1711 5496 60 31 held

1220 5536 28 27 in
1261 5536 46 27 the
1324 5535 229 35 Schoolhouse,at
1562 5538 15 26 8
1588 5537 105 27 o'clock
1708 5536 63 30 each

1219 5574 128 37 evening,
1378 5578 99 35 except
1504 5576 90 28 where
1629 5576 142 30 otherwise

1216 5614 121 27 notified.
