4130 5748
66 167 35 19 on
115 158 47 28 the
175 160 109 36 ground
297 160 62 28 that
380 161 47 28 tlie
448 160 104 38 by-law
565 171 57 19 was

66 196 64 35 bad,
150 198 28 27 in
202 199 61 28 that
284 200 22 28 it
325 200 48 28 did
395 204 50 25 not
468 201 76 27 show
562 201 62 28 that

65 237 22 27 it
101 247 54 16 was
169 238 80 28 made
269 240 37 36 by
351 238 109 37 Special
475 239 80 29 order
593 250 30 18 or

67 276 131 36 Tuapeka
255 278 109 37 County
414 279 210 29 Council.—Mr

69 315 147 37 M'Carthy
224 318 103 39 upheld
336 320 50 28 the
397 320 225 35 contention,and

68 357 58 27 said
136 357 76 29 there
226 369 55 18 was
294 370 35 17 110
345 360 90 28 doubt
444 360 60 28 that
515 360 47 28 the
573 361 34 34 by-

73 397 51 27 law
138 408 55 19 was
207 399 63 29 bad.
310 399 59 31 The
394 410 62 20 case
478 400 91 30 would
590 400 34 30 be

71 438 145 30 dismissed
230 442 66 28 with
310 445 73 25 costs
401 442 48 32 (£2
466 442 68 33 lis.)

109 478 80 29 Same
222 491 26 17 v.
277 481 75 28 John
388 481 167 36 Fitzgerald,
595 482 29 27 of

74 517 143 31 Lawrence
230 532 5 16 :
256 520 104 38 Plying
371 520 44 30 for
437 520 59 29 hire
518 521 66 27 with
607 532 12 17 a

69 558 157 30 four-horse
244 571 120 28 waggon
385 565 27 24 at
430 560 106 30 Millers
550 561 69 29 Flat.

69 598 46 28 Mr
129 598 113 31 Dalziell
254 601 43 29 for
310 602 160 28 defendant.
511 602 81 28 After
604 612 14 17 a

68 639 76 27 short
159 640 163 36 discussion,
336 642 46 26 Mr
395 641 146 28 M'Carthv
560 642 58 28 said

68 678 54 28 this
136 679 104 37 by-law
264 691 56 17 was
346 681 57 27 also
425 680 55 28 bad
501 680 45 28 for
571 682 47 26 tlie

66 729 74 17 same
153 729 97 19 reason
271 730 30 18 as
321 720 47 28 tlie
388 720 53 28 last
459 720 157 31 mentioned

56 759 121 37 :by-law.
217 759 58 29 The
304 770 61 18 case
388 759 89 29 would
503 760 35 27 be
560 760 42 28 dis-

65 799 101 28 missed
179 799 66 28 with
256 804 73 24 costs
344 801 48 35 (£2
407 800 42 34 2s)
472 803 27 25 to
520 800 79 27 defen-

63 839 75 28 dant.

101 879 82 27 Same
193 889 25 17 v.
235 880 120 26 William
368 880 67 26 Bain
452 891 5 15 :
482 879 130 27 Permitt-
623 879 1 27 i

62 917 50 37 ing
129 918 31 27 18
174 918 83 37 sheep
280 922 28 24 to
330 919 34 27 be
384 921 29 25 at
436 918 86 37 large.
560 917 52 29 His
623 917 1 38 i

61 957 131 37 Worship
207 959 57 27 said
278 959 34 27 he
326 958 131 28 intended
481 962 28 24 to
531 959 81 29 make
623 957 1 37 |

60 997 47 27 the
120 997 144 29 minimum
282 998 43 28 for
347 998 55 27 this
424 997 105 29 offence
557 999 54 27 10s.
623 997 1 31 i

61 1035 87 29 Fined
160 1037 59 28 that
231 1040 114 25 amount
365 1037 66 28 with
455 1040 74 25 costs
546 1037 63 36 (75.)
623 1035 1 38 !

247 1085 71 20 CIVIL
339 1085 87 20 CASE'S.

99 1115 39 28 M.
170 1115 146 38 McCarthy
347 1127 25 18 v.
405 1115 79 29 Todd
517 1115 94 38 Bros.:
623 1115 1 38 j

63 1155 87 28 Claim
161 1156 56 28 £3-3
226 1155 43 29 for
278 1157 65 28 cash
352 1157 57 28 lent
419 1156 54 28 and
487 1157 124 28 interest.
623 1151 1 37 I

67 1195 154 28 Defendant
240 1196 102 37 lodged
365 1207 13 16 a
400 1199 115 25 counter
533 1197 78 27 claim
623 1195 1 38 j

63 1234 30 29 of
106 1235 56 28 £2B
176 1237 32 27 4s
232 1235 42 29 Id.
315 1236 45 28 Mr
385 1236 166 29 Macdonald
572 1236 52 29 for:

64 1274 160 29 defendant.
263 1276 81 29 After
357 1276 108 28 further
484 1275 129 30 evidence
623 1274 1 31 !

62 1314 165 38 judgement
240 1326 56 18 was
314 1316 112 27 entered
451 1315 45 28 for
514 1315 95 28 defen-
623 1314 1 38 !

66 1354 68 29 dant
146 1366 33 17 on
195 1355 47 29 the
255 1359 147 26 statement
416 1355 28 30 of
454 1355 78 30 claim
547 1355 65 30 with

65 1399 74 23 costs
148 1397 38 26 £2
202 1398 30 25 2s
246 1408 8 22 ;
275 1407 33 17 on
323 1397 47 26 the
395 1400 115 23 counter
534 1396 77 26 claim

63 1433 165 39 judgement
240 1435 89 28 would
344 1435 32 28 be
389 1434 43 29 for
449 1434 163 29 defendants

67 1474 43 27 for
116 1475 64 27 ,'£24
193 1475 40 34 3s,
247 1475 116 28 without
376 1478 81 24 costs.

103 1514 118 35 Hesson,
236 1514 157 29 Simmonds
405 1514 54 27 and
481 1513 90 28 others
585 1522 24 18 v.
623 1513 1 36 :

65 1554 74 28 John
150 1555 85 28 Jones
247 1567 7 16 :
274 1554 86 29 Claim
380 1554 57 29 £34
458 1554 47 27 13s
527 1553 34 27 7d
577 1563 33 17 011
623 1553 1 30 :

66 1594 185 29 dishonoured
297 1595 113 36 cheque.
449 1594 46 27 Mr
536 1593 75 28 Mac-
623 1593 1 38 )

66 1634 103 28 donald
194 1635 44 27 for
264 1635 130 33 plaintiffs
442 1634 169 36 Judgement
623 1634 1 38 j

64 1674 45 29 for
130 1678 112 26 amount
263 1675 36 37 by
327 1674 101 29 default
451 1674 67 27 with
539 1676 72 25 costs
623 1674 1 38 i

66 1716 47 33 (£2
140 1716 65 36 18s.)
623 1707 1 55 |

102 1755 86 29 John.
208 1755 131 28 Kainham
359 1764 25 18 v.
409 1754 82 28 Peter
513 1753 97 28 Hunt:
623 1753 1 31 1

66 1793 87 30 Claim
164 1796 34 27 £1
212 1795 44 28 for
265 1795 116 37 damage
390 1794 70 27 done
470 1794 36 36 by
516 1792 95 28 defen-
623 1792 1 40 :

66 1834 93 28 dant's
172 1845 56 17 cow
242 1838 28 24 to
296 1834 62 37 plan
363 1834 65 28 tiff's
447 1833 104 37 garden
574 1832 37 37 by
623 1832 1 42 j

66 1874 94 38 eating
196 1874 121 28 radishes
361 1873 55 28 and
461 1872 148 38 tramping.
623 1868 1 44 !

66 1914 168 38 Judgement
247 1914 43 28 for
309 1915 30 26 5s
352 1913 54 28 and
419 1916 73 24 costs
508 1912 66 36 (65.)

104 1954 31 29 F.
170 1954 140 29 Hamilton
341 1964 26 18 v.
399 1953 46 29 W.
472 1952 119 29 Bowden
606 1964 5 16 :
623 1950 1 40 j

67 1994 86 28 Claim
168 1995 28 27 of
210 1995 35 27 £7
259 1995 31 27 4s
304 2004 32 18 on
351 2003 15 17 a
376 1993 148 36 judgment
540 2002 56 18 sum-

66 2044 87 18 mons.
191 2034 46 28 Mr
271 2032 110 29 Dalziell
400 2032 43 28 for
464 2032 149 37 judgment

66 2073 125 29 creditor.
231 2073 51 28 His
315 2071 129 39 Worship
471 2072 80 27 made
579 2082 32 17 an

66 2114 80 28 order
158 2114 59 28 that
238 2116 37 26 £7
296 2114 31 27 4s
350 2112 53 28 and
428 2112 36 28 all
485 2116 72 24 costs
580 2112 34 27 be

66 2154 62 35 paid
143 2154 151 36 forthwith,
303 2154 26 28 in
341 2152 104 30 default
455 2162 51 19 one
517 2155 95 26 month

64 2195 28 27 in
115 2194 85 37 Clyde
223 2195 71 36 gaol,
308 2194 130 38 provided
459 2193 59 27 that
533 2193 22 27 if
567 2193 47 27 the

65 2234 98 28 debtor
176 2244 51 27 par
243 2235 47 27 the
303 2237 110 25 amount
426 2232 54 29 and
494 2236 73 25 costs
576 2232 37 37 by
623 2232 1 39 j

62 2274 174 28 instalments
250 2275 28 27 of
291 2275 36 27 £2
350 2284 48 27 per
420 2272 194 28 month—first
623 2272 1 40 j

64 2313 157 28 instalment
244 2314 38 36 by
306 2315 42 27 Ist
366 2314 123 36 January
510 2316 66 24 next
578 2329 34 3 —
623 2313 1 37 1

66 2354 44 28 the
132 2353 80 29 order
231 2355 29 27 of
278 2354 190 29 commitment
482 2353 69 28 shall
565 2356 47 24 not

64 2394 32 27 be
109 2394 77 28 acted
200 2404 84 27 upon.

100 2434 45 28 W.
160 2433 73 37 Grey
248 2444 16 16 v
294 2436 33 27 A.
341 2434 101 28 Larsen
457 2445 5 17 :
488 2432 85 30 Claim
588 2434 28 27 of

63 2474 38 27 £3
115 2474 31 28 4s
156 2484 33 16 on
202 2484 12 16 a
223 2474 149 36 judgment
383 2483 149 19 summons.
564 2472 52 30 His

63 2513 130 37 Worship
207 2514 115 28 ordered
337 2514 60 28 that
413 2513 34 27 he
461 2523 53 27 pay
528 2517 28 23 at
570 2514 46 26 the

63 2557 57 24 rate
134 2554 29 26 of
176 2554 32 28 £1
228 2564 48 26 per
289 2554 107 33 month,
409 2553 59 27 first
482 2557 134 33 payment

64 2603 33 17 on
113 2595 42 26 Ist
170 2593 152 28 December
334 2596 78 25 next.

202 2672 147 21 WARDEN'S
374 2672 101 20 COURT.

172 2708 82 25 (Before
270 2708 90 20 Warden
374 2707 126 26 M'Carthy.)

257 2745 158 20 COMPLAINT.

99 2777 85 27 Jabez
198 2776 106 28 Burton
318 2787 25 17 v.
367 2776 27 28 J.
409 2775 31 28 F.
456 2775 137 38 Kifcching
607 2767 4 46 :
623 2767 1 46 j

62 2815 54 29 For
129 2817 206 27 reinstatement
349 2816 29 28 of
391 2815 176 38 registration
584 2815 28 28 of
623 2814 1 39 i

61 2858 84 24 water
173 2864 70 17 race.
290 2856 87 25 Fined
407 2857 30 24 5s
463 2855 52 26 and
539 2858 73 23 costs
623 2854 1 28 !

66 2894 80 36 (10s)
188 2893 115 27 License
314 2896 28 24 to
355 2893 36 27 be
404 2891 133 28 renewed.

196 2941 128 20 LICENSED
344 2940 127 20 HOLDING.

101 2973 26 28 J.
143 2973 109 28 F.lliott:
268 2972 158 38 Adjourned
438 2971 40 28 till
491 2971 122 39 January

65 3016 85 27 court.

224 3061 105 20 SPECIAL
348 3061 106 20 CLAIMS.

104 3093 32 28 D.
152 3093 36 28 IT.
203 3092 112 34 Parker,
325 3092 85 29 Thos.
425 3092 113 30 Louden
560 3091 54 29 and

66 3134 100 33 others,
191 3133 93 27 James
313 3132 124 37 Rattray,
466 3132 65 27 Bain
560 3132 55 27 and

66 3173 113 35 Burton,
192 3172 45 29 W.
261 3172 144 36 Stringer.:
437 3172 77 29 Final
537 3172 62 28 hear-

64 3215 63 34 ings
139 3214 122 36 January
273 3218 85 22 court.

99 3253 26 28 J.
141 3253 106 36 Ewing,
264 3252 148 38 Roxburgh
429 3252 103 29 S.G.D.
555 3252 58 36 Co.,
623 3252 1 38 :

64 3294 94 28 Tcviot
184 3293 74 29 G.M.
287 3293 63 29 Co.;
382 3293 162 39 Adjourned
572 3294 40 27 till

64 3333 120 37 January
197 3337 85 26 court.
311 3333 4 37 -

99 3374 105 29 Brooks
224 3375 53 27 and
300 3374 119 30 Woods;
449 3374 161 38 Adjourned
623 3374 1 38 :

61 3413 43 29 for
116 3425 106 27 survey.

243 3464 194 19 APPLICATIONS.

97 3495 26 26 J.
140 3495 105 35 Ewing,
263 3495 156 35 flood-race,
623 3495 1 35 |

57 3533 93 38 Gully.
189 3535 129 27 Granted.

96 3574 26 29 J.
139 3574 28 29 C.
183 3575 158 35 Nicholson,
356 3575 140 38 dredging
520 3575 88 30 claim,
623 3574 1 39 j

59 3615 160 36 Adjourned
233 3615 38 27 till
292 3616 60 26 11th
371 3615 162 28 December.

96 3655 91 35 sSame,
211 3653 139 40 dredging
373 3654 90 30 claim.
505 3654 101 30 Struck
623 3650 1 43 i

59 3697 54 25 out.

97 3734 123 29 Pleasant
233 3735 96 31 Valley
346 3736 73 27 G.M.
437 3736 58 34 Co.,
510 3739 97 25 water-

58 3784 62 17 race
135 3775 113 37 Shingle
264 3775 96 28 Creek.
400 3775 132 29 Granted.

95 3813 26 31 J.
134 3813 30 30 C.
174 3814 146 29 Mcholson
331 3815 52 28 and
394 3816 101 36 others,
506 3813 117 42 dredg-!

57 3853 49 39 ing
118 3855 87 29 claim.
245 3856 160 37 Adjourned
419 3860 28 25 to
466 3853 22 44 11
499 3857 28 28 th
540 3857 64 28 Dec.
621 3853 2 44 j

96 3895 35 28 H.
158 3895 165 28 Weatherall
357 3897 55 27 and
435 3897 103 35 others,
565 3907 28 18 re-

57 3935 86 29 newal
154 3935 28 28 of
191 3935 178 39 prospecting
377 3946 62 19 area
449 3940 28 25 at
491 3937 114 29 Bullock
621 3935 2 39 I

59 3976 96 28 Creek.
195 3976 119 28 Granted
339 3977 43 27 for
396 3978 75 27 three
485 3979 120 27 months.
621 3976 2 34 ;

96 4015 95 28 Teviot
205 4015 73 28 G.M.
292 4015 57 35 Co.,
363 4019 160 27 water-race
536 4019 71 26 from
621 4015 2 35 j

63 4054 84 29 Black
162 4055 50 28 Cat
226 4055 87 28 Creek
364 4055 131 30 Granted.

98 4094 45 29 W.
176 4095 29 28 T.
240 4094 183 38 Scrimgeoar,
449 4101 160 26 water-race
622 4094 2 38 j

60 4134 70 27 from
145 4134 95 28 Teviot
252 4135 92 28 River.
384 4137 160 37 Adjourned
567 4139 57 37 till]

64 4174 5 26 1
83 4174 43 27 'th
141 4174 157 28 December.

98 4214 43 27 Ah
156 4213 74 35 Sam,
249 4215 137 28 extended
397 4215 90 38 claim,
502 4217 106 31 Allan's
621 4213 2 48 |

61 4254 81 34 Gully
190 4254 130 27 Granted.

97 4292 89 37 Otago
196 4292 25 29 G
232 4292 34 29 P.
280 4293 47 28 Co.
330 4316 7 12 ,
348 4295 151 34 protection
511 4297 42 29 for
564 4299 41 28 six
620 4292 3 42 j

59 4335 118 26 months.
217 4332 131 30 Granted.

91 4373 27 29 J.
142 4374 30 27 F.
197 4374 142 37 Kitching,
361 4379 159 26 water-race
534 4379 71 29 from

56 4411 95 28 Teviot
171 4412 90 28 River.
301 4415 160 36 Adjourned
485 4420 28 24 to
539 4420 65 26 11th

60 4450 155 30 December.

94 4491 30 27 F.
150 4492 32 27 G.
217 4492 89 35 Kitto,
343 4495 137 28 extended
515 4497 89 32 claim.

60 4530 157 36 Adjourned
235 4531 41 28 till
295 4534 6 24 I
310 4533 45 27 lth
373 4533 158 31 December.

95 4569 152 38 Roxburgh
261 4570 101 30 G.S.D.
379 4572 57 35 Co.,
450 4577 153 32 protection
619 4569 2 41 j

56 4608 45 28 for
126 4609 41 27 six
200 4610 108 28 months
333 4614 28 25 to
386 4613 101 36 special
514 4614 89 33 claim,
619 4608 2 41 i

59 4648 130 28 Granted.

106 4687 167 29 M'Kenzie's
287 4689 89 28 Beach
390 4690 145 40 Dredging
546 4694 58 37 Co.,
620 4685 2 46 !

57 4727 151 36 protection
224 4727 41 27 for
279 4728 41 27 six
342 4731 110 27 months
466 4735 28 25 to
507 4733 100 40 dredg-
620 4727 3 46 I

59 4767 50 36 ing
122 4767 88 28 claim.
250 4767 129 29 Granted.

96 4805 37 28 N.
150 4806 37 27 M.
202 4805 141 39 Kircaldy,
366 4810 29 26 to
408 4809 34 28 be
455 4810 150 38 registered
621 4805 2 43 ;

59 4855 30 16 as
108 4845 157 28 authorised
278 4855 138 28 surveyor.
456 4849 130 31 Granted.

98 4883 23 27 B
142 4883 104 28 Brooks
254 4883 54 28 and
317 4885 289 36 another,water-race.

60 4922 162 38 Adjourned
236 4923 40 27 till
294 4925 24 25 11
327 4923 29 28 th
374 4924 158 33 December.

96 4962 37 28 H.
150 4962 166 28 Weatherall
326 4963 52 28 and
388 4965 101 35 others,
501 4972 105 33 protec-
618 4956 5 47 J

57 5002 58 28 tion
129 5002 43 27 for
184 5002 77 27 throe
274 5003 109 28 months
397 5004 43 28 for
453 5007 78 29 claim
550 5010 54 28 and
619 5002 2 36 !

58 5052 71 17 area.
170 5042 131 27 Granted.

92 5080 98 28 Teviot
203 5080 75 28 G.M.
294 5079 56 38 Co.,
362 5085 158 30 water-race
534 5086 70 32 from

56 5121 61 29 Hut
132 5121 96 28 Creek.
268 5120 131 30 Granted.

95 5161 89 34 Same,
216 5160 123 29 tail-race
383 5164 27 26 at
449 5162 156 35 Pomahaka

57 5201 91 28 River.
190 5199 132 29 Granted.

93 5240 27 28 J.
147 5239 123 38 Rattray,
285 5238 99 28 refund
397 5240 27 28 of
438 5242 37 26 £5
491 5242 114 39 deposit.

57 5278 133 30 Granted.
208 5278 4 30 .

92 5319 155 30 Extension
259 5318 30 29 of
303 5319 64 28 time
381 5320 42 28 for
437 5320 41 28 six
498 5324 109 28 months
618 5317 5 36 i

55 5360 43 27 for
111 5358 166 37 completion
290 5358 30 27 of
332 5368 100 27 survey
454 5360 29 26 of
506 5363 99 35 special
619 5355 3 43 I

56 5399 94 29 claims
165 5407 53 19 was
228 5397 118 38 granted
358 5404 27 22 to
397 5398 45 28 the
454 5398 153 40 Roxburgh
619 5393 4 48 j

59 5437 69 29 Cr.D.
155 5437 59 34 Co.,
238 5437 30 28 T.
293 5437 113 28 Louden
430 5439 54 27 and
507 5440 100 31 others,

602 5464 5 6 *
620 5464 3 14 1

58 5477 24 27 J.
97 5477 122 28 Borland
233 5477 53 29 and
304 5477 125 34 another,
452 5477 26 29 J.
501 5478 104 38 Elliott,
620 5477 3 49 j

104 5517 116 36 Brooks,
232 5518 34 27 D.
277 5516 38 29 H.
327 5517 105 29 Parker
442 5518 54 28 and
621 5516 2 37 i

65 5557 45 28 ,nd
125 5557 120 28 Herbert
259 5557 82 29 Park.

92 5597 106 27 Golden
224 5597 63 26 Run
314 5597 146 38 Dredging
489 5597 57 36 Co.,
580 5602 28 26 to
621 5597 3 38 j

56 5635 145 30 surrender
214 5635 99 38 special
327 5636 89 29 claim.
454 5637 131 30 Granted.

1645 50 207 40 'MOUHT
1938 56 228 39 BENGER
2253 55 153 38 MAIL.

3350 58 167 49 Friday,
3543 60 232 42 November
3797 64 66 43 27,
3889 65 114 40 1896.

3533 5529 84 21 Printed
3631 5531 40 20 and
3686 5531 110 23 Published
3817 5536 24 23 by
3860 5533 105 22 William
3980 5536 104 23 Pannell

3583 5562 126 22 Matthews
3718 5564 31 20 for
3759 5564 36 21 the
3805 5566 131 26 proprietors,
3949 5567 80 21 Dunne
4039 5574 45 16 and

3584 5597 132 28 Matthews,
3739 5600 21 20 at
3782 5599 54 22 their
3853 5600 120 25 Registered
3991 5602 93 28 Printing

3584 5632 69 24 Office,
3676 5633 176 22 Scotland-street.
3871 5635 120 26 Roxburgh,
4011 5637 73 28 Otago,

3584 5666 52 23 New
3652 5667 198 31 Zealand--Friday,
3862 5670 117 23 November
3987 5670 32 29 27,
4031 5673 53 25 1896,

769 751 50 33 m

1107 2305 41 70 i

1269 2308 52 66 ■

1188 3332 37 67 t

1457 3360 30 46 4

821 3424 29 22 m

776 3456 10 13 f

1158 3555 15 13 v

1515 3554 26 16 5>

1328 4410 3 22 •
1340 4426 20 6 v.
1359 4410 5 13 ;
1365 4410 2 22 '

950 5058 342 59 DUNED
1326 5058 124 59 IN.

1790 1511 2 41 i
1809 1511 138 31 QTOCK
1974 1515 35 27 all
2032 1515 46 28 the
2104 1513 111 39 leading-
2241 1512 115 37 English

1882 1553 54 28 and
1951 1553 117 30 German
2082 1554 98 29 Makes
2194 1554 30 28 of
2242 1553 96 27 Pianos
2352 1553 3 30 :

1858 1616 172 24 CIHN'SMSAD,
2051 1614 138 27 (:Or.H!:D,
2209 1614 98 25 SAME?,

2000 1644 167 24 EaVESTOEF,

1791 1680 1 27 |
2020 1683 27 19 LI
2051 1683 38 20 PP.
2100 1682 73 21 fiORS
2183 1682 15 20 k
2209 1682 20 19 K
2239 1680 119 21 VLLMA'N.

1933 1720 164 25 GEPHARDT,
2114 1720 123 21 HANSEN.

1790 1796 3 51 !
1845 1800 117 37 Chas.
1988 1802 108 45 Begg
2120 1802 82 36 and
2228 1801 98 36 Co.'s

1807 1870 231 29 EXHIBITION
2070 1871 131 29 RIDDEL
2235 1871 115 28 l'IANO
2352 1898 6 12 ;

2009 1923 56 29 £3B
2085 1932 76 20 NlilT.

1789 1953 3 25 j

1788 2000 2 37 ,
1807 2000 120 29 STORY
1954 2000 22 28 &
2005 2002 161 28 CLARK'S
2197 2000 161 37 ORGANS,

1905 2052 175 28 KIMBALL
2101 2053 162 36 ORGANS,

1788 2103 2 31 :
1806 2103 80 29 From
1899 2105 53 28 £2O
1963 2108 26 25 to
2000 2103 77 31 £50..
2088 2105 90 29 .From
2188 2106 56 28 £2O
2255 2108 27 25 to
2292 2105 66 28 £SO.

1811 2185 141 28 HESSOX
1980 2185 22 28 &
2035 2186 178 28 BOOShY'S
2236 2185 121 28 BRASS

1941 2225 284 29 INSTRUMENTS.

1808 2303 97 30 Violin
1921 2305 65 28 Bow
2004 2305 152 29 Repairing
2169 2315 18 20 a
2202 2305 155 30 Specialty.

1846 2355 19 32 y
1875 2355 72 35 iolin,
1962 2356 64 28 Bow
2041 2357 53 27 and
2112 2356 99 29 Case...
2255 2355 67 39 30/-

1843 2396 182 34 Aecordeons,
2039 2397 71 28 from
2184 2422 27 2 ...
2275 2398 45 36 7/o

1875 2475 108 30 CHAS.
2005 2476 102 29 BEGG
2129 2477 80 28 AND
2232 2478 55 29 CO.

1788 2522 2 40 ;
1806 2522 80 29 Have
1907 2524 44 27 tlie
1975 2524 103 38 largest
2101 2525 55 27 and
2178 2529 72 25 most
2263 2526 94 28 varied

1788 2562 2 41 j
1805 2562 78 29 stock
1898 2564 28 27 of
1938 2563 89 29 Music
2037 2564 27 27 in
2077 2564 47 28 the
2135 2564 111 38 Colony.
2288 2566 68 29 New

1902 2602 158 39 Shipments
2074 2604 188 39 Fortnightly.

1987 2655 71 28 New
2079 2655 96 30 Songs.

1789 2694 2 39 I
1842 2694 80 29 Morn
1954 2695 28 29 of
2021 2696 334 30 Sorrows—Snowflakes

1790 2734 1 40 |
1806 2734 168 30 Fair—Gate
1988 2736 28 28 of
2035 2736 155 29 Life—For
2209 2738 47 28 the
2281 2737 60 29 Chil-

1790 2774 2 44 |
1805 2774 90 29 dren's
1910 2775 179 29 Sake—Wilt
2103 2776 77 29 Thou
2194 2777 34 29 be
2244 2778 75 28 Mine
2321 2795 34 3 —

1790 2814 2 40 i
1806 2814 136 30 Sunshine
1973 2816 193 29 Above—She
2201 2818 99 36 Stoops
2328 2822 27 24 to

1790 2853 2 38 |
1806 2853 208 38 Conquer—No
2036 2856 43 28 for
2101 2866 35 18 an
2157 2857 116 28 Answer
2275 2857 80 29 —No

1786 2893 10 29 :
1805 2893 89 28 Man's
1910 2893 85 29 Land.

1934 2943 99 28 Violin
2052 2952 55 19 and
2127 2944 96 29 Piano.

1841 2982 127 31 Andante
1990 2987 27 25 efc
2041 2983 118 31 Scherzo
2183 2985 171 38 Capriccioso

1787 3018 26 43 j;(
1821 3023 95 36 David)
1995 3024 100 27 Bach's
2138 3028 41 25 Ist
2220 3026 135 27 Concerto

1806 3062 107 38 (Alard)
1919 3063 122 29 —Three
2076 3064 94 29 Pieces
2198 3064 157 39 Classiqnes

1806 3103 546 37 (Ragghianti)—LesEehoes(Leonard)

1802 3142 171 28 —Mazurka
2011 3143 33 29 do
2090 3143 117 30 Conceit
2255 3144 99 35 (Ovide

1804 3182 101 34 Mu.sin)
1911 3183 171 28 —Romance
2118 3185 62 34 (Jan
2185 3186 57 35 sen)
2248 3186 105 27 —Sou-

1804 3222 78 28 venir
1895 3222 32 28 de
1942 3222 100 38 Haydn
2061 3224 7 36 (
2096 3225 124 35 eonard).

1847 3304 119 38 Chas.
1991 3305 107 48 Begg
2127 3307 82 37 and
2234 3307 74 41 Co.,

1823 3363 30 27 21
1898 3364 115 28 Princes
2051 3366 111 35 Street,
2198 3366 139 34 Dcjxedin,

1807 3413 110 39 Having
1941 3426 14 17 ;i
1981 3415 74 30 Most;
2081 3417 126 29 Efficient
2233 3417 72 29 Staff
2326 3418 28 27 of

1786 3453 2 44 I
1807 3453 157 36 Workmen,
1975 3467 47 17 can
2037 3458 162 37 Kepairand
2221 3461 68 25 i'nne
2303 3468 51 27 any

1928 3497 23 24 M
1959 3496 82 27 usical
2061 3498 9 25 J
2078 3501 155 24 ustrument

1860 3545 48 29 AT
1936 3547 207 30 MODERATE
2165 3548 134 30 BATES.

1799 3620 131 52 JOII
1952 3621 24 27 N
2052 3622 64 28 TH
2131 3622 21 29 0
2168 3622 29 29 3,1
2213 3622 92 30 PSO
2319 3624 35 36 Nj

1958 3672 244 36 AUCTIONEER,

1846 3721 79 20 LAND
1942 3721 59 19 AND
2015 3721 111 26 ESTATE,
2140 3722 84 25 LOAN,
2242 3723 58 20 AND

1797 3760 21 26 G
1825 3760 19 25 H
1849 3760 17 25 A
1875 3759 19 26 E
1901 3760 19 24 LI
1926 3759 17 25 A
1952 3758 18 26 h
1985 3759 222 27 COMMISSION
2222 3761 71 26 AGE
2298 3761 54 35 ftl',

1889 3808 69 28 lio.-s
1978 3808 98 35 Puce,
2098 3809 163 30 Lawrence.

1974 3890 94 35 Agent
2082 3890 42 27 for
2139 3890 46 28 the

1797 3929 128 30 Norwich
1938 3929 91 30 Union
2044 3929 150 29 Insurance
2211 3931 47 28 Co.

1798 3970 138 28 Standard
1948 3970 60 28 Fire
2018 3970 54 26 and
2083 3970 106 28 Marine
2200 3971 152 29 Insurance

1872 4010 48 28 Co.

1798 4050 157 28 Australian
1978 4050 105 28 Mutual
2106 4050 149 28 Provident
2278 4051 72 37 (Life

1872 4091 162 34 Assurance)
2054 4091 110 36 Society

1798 4129 138 29 Standard
1966 4130 115 37 Fidelity
2112 4131 52 27 and
2194 4130 154 30 Guarantee

1872 4169 116 38 Society.

1833 4251 46 27 All
1893 4250 123 28 business
2029 4251 151 28 connected
2204 4252 66 27 with
2288 4252 40 37 Ap-

1780 4289 1 39 i
1796 4290 143 38 plications
1959 4289 43 29 for
2024 4290 196 38 Assignments
2242 4302 30 17 or
2296 4292 34 27 Lx-

1780 4320 1 50 !
1795 4331 106 36 change
1915 4330 28 29 of
1959 4330 188 39 Agricultural
2161 4331 109 36 Leases,
2286 4334 40 36 Ap-

1795 4372 143 35 plications
1947 4372 85 27 under
2041 4371 133 28 Deferred
2185 4372 161 35 Payments,

1795 4409 106 38 Mining
1918 4409 97 28 Leases
2027 4419 29 18 or
2069 4409 109 36 Claims,
2187 4410 160 38 Up-lifting

1793 4450 29 28 of
1845 4449 96 29 Crown
1963 4450 109 35 Grants,
2087 4450 58 35 &c.,
2160 4451 112 37 quickly
2293 4452 53 27 and

1795 4490 124 37 cheaply,
1924 4490 163 28 transacted.

1793 4568 89 28 Loans
1891 4568 176 40 Negotiated.
2093 4568 102 37 Money
2204 4567 139 27 Invested.

1779 4650 1 66 j
1799 4659 48 52 |.\
1931 4661 32 38 J.
2043 4658 301 42 WILLIAMS,

1816 4730 20 21 II
1841 4730 48 21 AIR
1893 4730 69 22 DUES
1966 4730 48 21 SEH
2033 4728 63 22 AND
2115 4728 200 26 TOBACCONIST,

1987 4768 163 28 Lawrence,

1779 4827 1 49 |
1828 4840 150 28 LADIES'
2008 4836 299 33 HAIRCOMBINGS

1874 4892 107 28 MADE
2001 4888 92 30 INTO
2114 4887 144 29 PLAITS.

1779 4960 1 45 |
1792 4963 100 29 Orders
1901 4965 37 37 by
1947 4966 62 36 post
2018 4960 138 40 promptly
2164 4960 131 28 attended
2307 4962 36 25 to.

1792 5081 206 52 yiCTORIA
2014 5078 145 31 LIVERY
2174 5075 167 31 STABLES

1876 5149 70 21 PEEL
1959 5146 111 26 STREET,
2086 5142 167 24 LAWRENCE.

1789 5213 34 41 T.
1853 5214 118 51 Dwyer
2016 5223 7 31 :
2072 5222 5 30 :
2134 5208 205 51 Proprietor,

1825 5300 57 29 The
1894 5312 67 26 very
1974 5301 61 28 best
2050 5297 130 36 Stabling
2197 5294 143 39 provided,
2353 5286 1 52 i

1788 5339 66 28 with
1867 5351 15 16 a
1896 5341 99 28 Groom
2010 5339 100 35 always
2124 5337 29 26 in
2166 5335 174 28 attendance,
2353 5331 1 45 j

1790 5431 24 25 A
1837 5430 158 29 Handsome
2021 5428 54 29 and
2104 5424 238 39 Well-appointed

1887 5492 153 35 Hearse
2064 5499 52 25 on
2145 5485 102 37 Hire.

1828 5576 156 29 First-class
2017 5575 93 37 Single
2145 5573 53 28 and
2233 5567 121 45 Double!

1793 5615 138 32 Buggies:
1952 5616 66 31 also,
2032 5612 109 30 Ladies'
2155 5612 54 28 and
2231 5609 123 38 Gentle-1

1835 5641 37 12 OD
1924 5644 6 6 /
2011 5640 7 8 7

1793 5656 86 27 men's
1891 5655 103 29 Saddle
2007 5654 114 28 Horses.

2517 296 88 40 THAT
2628 294 90 42 YOUR
2742 294 84 42 BOOT

2517 363 153 44 BRANDED
2689 364 44 43 ON
2755 365 65 42 THE

2232 955 159 30 SECOND.
2603 954 131 28 THIRD.

2159 997 40 28 On
2214 997 54 28 this
2292 995 95 28 Brand
2407 994 64 38 only
2511 993 72 37 Only
2604 995 47 26 the
2674 1004 66 27 very
2766 995 60 27 best

2159 1037 45 27 the
2237 1046 66 27 very
2341 1036 63 27 best
2444 1044 28 18 01
2511 1033 29 28 of
2551 1033 142 29 Materials
2704 1044 45 18 are
2759 1033 67 29 used

2160 1076 152 29 Workmen
2342 1085 46 18 are
2416 1084 56 19 em-
2511 1073 28 28 in
2575 1073 55 28 this
2672 1074 92 27 Brand
2800 1074 27 28 of

2262 1115 108 38 ployed.
2540 1113 84 29 Boots
2637 1113 56 28 and
2708 1113 96 29 Shoes.

1907 959 117 28 FIRST.
2232 955 159 30 SECOND.
2603 954 131 28 THIRD.
2937 954 166 29 FOURTH.
3307 955 123 30 FIFTH.

1809 999 118 28 BOOTS
1960 999 64 27 with
2063 998 54 27 this
2159 997 40 28 Oa
2214 997 54 28 this
2292 995 95 28 Brand
2407 994 64 38 only
2511 993 72 37 Only
2604 995 47 26 the
2674 1004 66 28 very
2766 995 60 27 best
2867 994 135 34 Farmers,
3059 994 114 36 Miners,
3213 995 57 28 The
3279 995 139 29 Standard
3425 995 93 29 Brand

1809 1039 91 27 Brand
1910 1049 33 18 on
1954 1039 48 27 the
2008 1037 58 28 heel
2073 1047 45 18 are
2159 1037 45 27 the
2237 1046 66 27 very
2341 1036 63 27 best
2444 1033 29 29 of
2511 1033 29 28 of
2551 1033 142 29 Materials
2704 1044 46 18 are
2759 1033 67 29 used
2866 1033 54 29 and
2933 1034 36 27 all
2983 1034 61 29 who
3058 1037 73 26 want
3145 1038 28 25 to
3215 1035 82 29 Boots
3312 1035 54 28 and
3378 1035 86 30 Shoes
3473 1046 46 18 are

1809 1078 165 38 guaranteed
1981 1082 26 24 to
2015 1077 44 28 Fit
2065 1077 54 28 and
2160 1076 151 29 Workmen
2342 1086 46 17 are
2416 1084 56 19 em-
2511 1073 27 28 in
2575 1073 55 28 this
2672 1074 92 27 Brand
2800 1074 27 28 of
2866 1074 70 38 keep
2957 1075 72 26 their
3043 1074 55 29 feet
3113 1075 59 37 dry,
3212 1075 101 28 known
3333 1076 71 27 from
3426 1075 93 28 Auck-

1883 1117 163 29 Wer.rwell.
2139 1113 3 42 J
2262 1115 109 38 ployed.
2540 1113 84 29 Boots
2637 1113 56 28 and
2708 1113 96 29 Shoes.
2901 1117 44 35 try
2959 1115 54 28 this
3033 1115 102 28 Brand.
3213 1115 64 28 land
3290 1119 28 24 to
3333 1116 46 28 the
3394 1116 77 29 Bluff
3477 1115 42 28 for

3250 1155 116 36 sterling
3377 1155 112 37 quality.

1846 1196 73 28 ALL
1940 1196 117 29 BOOTS
2079 1195 170 28 BEARLNG
2581 1193 53 28 ON
2662 1193 78 28 THE
2762 1193 102 28 HEKL
2896 1193 75 28 ARE
2997 1193 324 31 MANUFACTURED
3343 1195 42 28 IN
3407 1194 76 29 THK

2122 1234 252 31 CELEBRATED
2689 1233 133 28 BRAND
2844 1234 92 28 800L
2937 1233 3 32 1
2962 1234 177 29 FACTORY
3159 1235 51 28 BY

2937 954 167 29 FOURTH.

2867 993 135 36 Farmers,
3059 994 114 36 Miners,

2866 1033 54 29 and
2933 1034 35 27 all
2983 1034 61 29 who
3058 1037 72 26 want
3145 1038 28 25 to

2866 1074 70 38 keep
2957 1075 72 26 their
3043 1074 55 29 feet
3113 1075 59 37 dry,

2901 1117 44 35 try
2959 1115 54 28 this
3033 1115 102 28 Brand.

2183 1299 91 56 lIG

1856 1367 175 21 WHOLESALE
2058 1367 85 21 ONLY.

2287 1298 173 62 00D,
2507 1296 132 55 SON
2679 1296 203 55 &EW

2457 1419 382 57 BICYCLES.
3076 1420 386 57 BICYCLES.

2705 1519 77 28 THE
2821 1520 143 29 LATEST
3004 1522 80 26 AXD
3124 1522 102 28 BEST.

2658 1600 165 27 Purchasers
2844 1601 99 27 should
2964 1611 44 17 see
3031 1611 50 17 our
3102 1601 85 29 Stock
3211 1602 93 29 before
3319 1602 129 40 ordering
3462 1613 60 19 new

2470 1642 113 25 mounts
2595 1639 44 29 for
2652 1639 46 28 the
2712 1640 111 38 coming
2836 1650 104 19 season.
2980 1640 54 30 We
3047 1652 44 18 are
3107 1641 64 30 Sole
3185 1644 107 37 Agents
3315 1644 28 28 in
3366 1644 68 29 New
3456 1645 50 28 Zea-

2399 1679 64 28 land
2477 1680 44 27 for
2533 1679 48 28 the
2595 1679 152 38 following,
2762 1680 51 27 viz.
2827 1691 5 16 :
2837 1679 34 38 —•

2512 1718 134 29 Sterling
2661 1718 87 29 Cycle
2764 1719 58 34 Co.,
2838 1719 119 36 Chicago

2510 1758 71 28 New
2595 1758 101 28 Haven
2712 1758 57 34 Co.,
2785 1758 180 29 Connecticut
3020 1759 17 28 V
3083 1760 107 30 Twelve
3204 1762 124 29 Months'
3340 1763 163 29 Guarantee.

2511 1798 98 28 Rudge
2623 1797 108 29 Wedge
2747 1798 57 34 Co.,
2818 1798 129 37 England
3015 1790 15 44 )

2474 1837 159 36 Roadsters,
2662 1837 103 37 weight
2796 1837 70 28 from
2895 1838 65 28 231b
2987 1842 28 25 to
3042 1839 63 29 2Glb
3118 1852 7 22 ;
3158 1840 111 35 Racers,
3299 1842 61 28 191b
3373 1855 6 22 ;
3399 1843 54 27 and
3481 1843 43 29 for

2399 1877 146 39 Strength,
2549 1877 78 36 Style
2640 1877 55 28 and
2707 1877 95 28 Finish
2816 1877 77 28 excel
2906 1879 137 38 anything
3056 1884 47 32 yet
3116 1880 163 28 introduced
3294 1886 27 24 to
3335 1882 54 28 this
3404 1886 115 26 countrv

2399 1930 31 17 or
2444 1929 53 27 any
2519 1919 88 28 other.
2649 1917 58 30 Call
2729 1921 28 24 at
2778 1928 49 17 our
2853 1917 163 31 Warehouse
3037 1919 54 28 and
3112 1920 106 37 inspect
3237 1921 76 28 them
3338 1933 31 17 or
3390 1922 67 28 send
3483 1923 42 28 for

2399 1959 154 37 catalogue.
2594 1958 72 36 Only
2680 1959 48 26 the
2740 1957 113 37 highest
2867 1958 84 36 grade
2966 1958 138 29 machines
3119 1959 66 37 kept
3199 1959 26 27 in
3241 1961 87 27 stock.

2489 2009 305 59 Morrow,
2867 2008 259 51 Hassett
3199 2011 49 49 &
3310 2012 86 46 Co
3421 2045 13 25 ,

2651 2083 182 29 DUNf-DIN
2870 2093 56 19 and
2965 2083 312 37 CHRISTCHDRCH,

2448 2126 151 39 Importers
2615 2125 27 30 of
2656 2125 33 29 all
2705 2125 82 30 kinds
2801 2126 29 28 of
2843 2125 189 38 Agricultural
3047 2126 178 38 Implements
3239 2128 55 28 and
3309 2128 168 33 Machinery.

2576 2205 63 30 Sole
2652 2207 110 36 Agents
2774 2206 45 28 for
2831 2206 173 28 M'lormick
3019 2206 119 38 Reapers
3152 2205 53 30 and
3220 2208 126 28 Binders.

2418 2246 57 28 The
2497 2246 154 28 Southland
2671 2246 136 28 Farmers'
2825 2246 167 37 Implement
3013 2246 151 37 Company,
3180 2248 188 38 Jnvercargill,
3383 2248 58 36 &c.,
3457 2248 48 30 &c.

2517 2286 57 28 The
2590 2285 122 29 Colonial
2728 2285 152 29 Combined
2895 2286 83 29 Drills
2993 2296 44 19 are
3054 2287 44 29 the
3112 2288 61 27 best
3187 2288 27 28 in
3229 2288 46 28 the
3290 2288 114 30 market.

2704 2338 166 28 Guarantee
2889 2347 73 19 with
2987 2340 73 27 Kacii
3080 2338 142 30 Machine.

2447 2434 387 59 COSSENS
2899 2436 175 55 AND
3142 2437 332 66 BLACK,

2521 2521 232 36 ENGINEERS,
2775 2523 285 35 BLACKSMITHS,
3082 2524 278 30 MILLWRIGHTS
3382 2525 23 29 &

2805 2563 314 38 IRONFOUNDERS,

2673 2613 41 21 CR
2721 2613 315 28 AWFORD-STEEET,
3076 2616 95 21 DUNE
3178 2617 71 21 DIN.

2712 2681 254 31 —MANTTFACT
2972 2684 99 28 CTRER
3077 2684 18 30 S
3128 2684 86 30 OF

2395 2724 141 37 Pumping
2550 2723 54 27 and
2626 2721 137 38 Winding
2784 2723 170 39 Machinery,
2978 2724 232 30 HYDRAULIC
3231 2726 147 29 MINING
3400 2726 125 29 PLANT

2465 2763 156 38 (including
2637 2762 153 39 Hydraulic
2806 2762 118 39 Giants),
2940 2764 90 30 Sluice
3044 2766 110 36 Valves,
3169 2766 129 30 Elevator
3317 2766 138 39 Castings,

2701 2803 68 27 Iron
2783 2804 55 26 and
2853 2803 76 29 Steel
2942 2804 139 39 Fluming,
3096 2806 59 35 &c.,
3171 2806 48 28 &c.

2506 2853 156 30 DREDGE
2689 2853 217 37 TUMBLERS,
2928 2855 184 36 BUCKETS,
3133 2856 127 35 LINKS,
3282 2856 60 35 Ac.,
3363 2856 48 30 Ac.

2394 2894 208 32 Waterwlieels,
2615 2891 144 34 Turbines,
2776 2893 83 29 Brick
2873 2895 55 27 and
2942 2895 85 28 Drain
3042 2895 67 36 Pipe
3124 2896 117 36 Making
3253 2897 54 26 and
3318 2897 90 26 Wood
3421 2897 80 26 Work-

2477 2933 49 35 ing
2541 2931 171 35 Machinery.
2754 2930 91 29 Horse
2860 2932 118 35 Powers,
2994 2932 191 36 Chaffcutters,
3200 2933 104 37 Turnip
3323 2933 125 38 Pulpers,

2647 2969 55 29 and
2715 2969 36 28 all
2765 2968 82 31 kinds
2862 2971 27 28 of
2903 2971 160 40 Machinery
3076 2973 54 28 and
3145 2973 129 38 Gearing.

2514 3051 19 20 A
2559 3050 79 20 VERY
2666 3050 95 21 LARGE
2789 3050 88 21 STOCK
2904 3051 35 20 OF
2966 3051 143 21 PATTERNS
3135 3052 34 21 TO
3196 3051 104 23 SELECT
3325 3051 85 23 FROM.

2395 3117 216 30 ESTIMATES
2634 3118 130 28 GIVEN.
2936 3118 356 31 CORRESPONDENCE
3314 3119 210 30 SOLICITED.

2414 3199 115 38 Repairs
2544 3199 54 28 and
2613 3208 82 28 every
2710 3198 167 38 description
2892 3199 29 28 of
2934 3199 190 39 Engineering
3137 3199 54 29 and
3210 3199 194 30 Blacksmith's
3418 3200 89 30 Work

2803 3241 7 26 J
2816 3239 130 38 'romptly
2966 3240 151 29 Executed.

2429 3996 93 44 We

2800 3996 85 37 ict
2893 3996 43 35 t
2984 3996 64 40 m

3333 3996 152 29 DUJSEDI

2829 4074 90 29 Local
2941 4074 145 27 Agents—

2429 4127 35 29 D.
2482 4128 197 35 CORMACK,
2701 4127 173 37 Roxburgh;
2895 4126 124 29 JOHNS
3040 4127 23 27 &
3085 4125 181 37 M'COIfBE,
3287 4127 104 28 Millers
3412 4127 71 30 Flat.

2378 4211 187 50 rpEVIOT
2625 4211 43 27 1)1
2681 4211 78 28 SPE
2771 4210 88 28 XSA
2866 4211 64 27 EY.

2474 4303 45 37 F.
2569 4303 262 42 JEFFERY,

2375 4360 130 22 CHEMIST.
2521 4362 190 23 BOOKSELLER,,
2726 4362 35 20 TO
2766 4362 53 19 BAC
2822 4361 35 20 CO
2860 4360 70 21 .VIST.

2438 4393 81 21 JEWS
2533 4395 104 25 AGENT,
2652 4395 164 23 STATIONER,
2832 4394 37 20 &c.

2376 4479 130 31 FANCY
2536 4482 124 28 GOODS
2692 4482 55 28 and
2780 4480 150 29 PATENT

2436 4527 216 28 MEDICINES
2672 4529 29 25 of
2724 4528 34 25 all
2781 4527 92 26 kinds.

2556 4614 97 21 AGENT
2672 4615 80 20 FOR—

2377 4654 125 28 Dresden
2516 4654 85 28 Piano
2617 4652 47 30 Co.

2374 4693 91 29 North
2473 4692 171 37 Queensland
2653 4692 62 28 Fire
2721 4691 151 28 Insurance
2881 4690 46 29 Co.

2377 4734 106 34 Raglan
2498 4733 133 35 Bicycles.

2378 4802 214 50 JJUGH
2668 4802 259 40 BRUCE,

2467 4866 200 29 BOARDING
2696 4866 140 35 HOUSE,

2404 4917 317 35 Whitehaven-street,
2745 4917 153 28 Lawrence

2439 4962 143 37 (Opposite
2597 4962 117 38 English
2729 4962 129 37 Church.)

2384 5050 81 21 FIRST
2483 5050 84 22 CLASS
2590 5051 247 22 ACCOMMODATION
2859 5052 55 21 FOR

2459 5078 57 21 THE
2530 5079 184 22 TRAVELLING
2730 5080 111 21 PUBLIC.

2419 5159 78 29 Good
2520 5159 130 39 Stabling
2675 5161 55 27 and
2749 5160 130 28 Paddock

2521 5200 254 27 Accommodation.

2455 5285 167 29 —Charges
2641 5286 201 28 Moderate.—

2373 5347 286 57 ROBERT
2725 5348 24 23 M
2752 5347 6 10 x
2789 5347 22 23 K
2845 5347 78 24 AT.

2413 5411 124 24 General
2563 5411 106 24 Draper
2685 5419 51 16 and
2749 5412 129 23 Clothies

2491 5451 62 25 Ross
2574 5453 70 24 Place
2667 5453 132 24 Laurence.

2431 5518 59 23 New
2509 5517 47 24 and
2573 5515 159 25 Fashionable
2756 5517 106 31 Drapery

2401 5550 77 30 Large
2490 5550 64 25 Btock
2570 5548 79 27 Men's
2662 5550 46 23 and
2723 5550 61 29 Hoys
2794 5550 111 30 Clothing

2430 5581 87 25 Ladies
2531 5581 49 25 and
2591 5580 126 25 Ohildrens
2728 5583 132 30 requisites.

2401 5624 74 25 Visits
2503 5625 133 30 Roxburgh
2679 5625 47 23 and
2762 5625 160 31 surrounding

2371 5658 103 23 districts
2487 5658 108 29 monthly

3003 4283 267 38 MORNING-TON,
3291 4283 188 32 DUNEDIN.

3102 4365 56 20 FOR
3184 4365 198 25 RHEUMATISM,

2964 4402 283 29 TOWNjSHBND'S
3286 4401 231 31 rheumatic

3148 4443 192 28 LINIMENT

2963 4494 19 24 is
2998 4503 10 16 a
3024 4502 56 17 cure
3095 4494 36 26 for
3145 4493 80 27 which
3240 4494 29 26 he
3290 4494 43 26 has
3353 4497 41 23 the
3417 4494 100 35 highest

3021 4530 172 31 testimonials,
3208 4530 45 25 and
3271 4531 77 24 which
3365 4532 43 23 has
3423 4537 43 19 not

3142 4565 58 25 been
3215 4565 115 25 excelled.

3025 4642 76 28 THE
3121 4642 184 29 PARAGON
3326 4643 70 28 SAL
3398 4644 52 27 YE

2959 4692 19 25 is
2993 4701 55 16 now
3062 4701 13 17 a
3095 4692 159 26 well-known
3275 4692 106 35 specific,
3401 4694 49 25 and
3471 4693 42 29 has

3028 4729 90 34 proved
3132 4739 31 16 an
3184 4729 109 26 absolute
3313 4737 75 18 cure
3407 4730 37 25 for

2961 4764 94 33 Ulcers,
3078 4765 89 28 Burns,
3189 4765 93 32 Scalds,
3303 4767 67 30 Open
3389 4766 122 33 Wounds,

3017 4801 121 27 Poisoned
3153 4802 73 26 Flesh
3241 4802 47 26 and
3304 4802 29 26 all
3350 4802 75 26 kinds
3436 4804 27 24 of

3199 4838 77 26 Sores.

3086 4929 294 30 TESTIMONIALS.

2982 4981 16 20 A
3018 4981 98 20 Resident
3138 4981 20 20 of
3178 4982 31 20 St.
3229 4981 89 21 Bathans

2957 5008 112 24 purchased
3079 5016 12 12 a
3102 5008 38 20 box
3154 5008 23 20 of
3185 5015 51 16 your
3245 5009 114 25 Ointment,
3370 5009 40 19 and
3420 5009 17 19 it
3446 5009 61 19 cured

2956 5041 26 13 an
2992 5041 50 19 open
3053 5041 43 13 sore
3104 5035 51 20 from
3164 5035 63 20 which
3234 5041 35 17 my
3274 5034 68 21 father
3350 5042 38 13 was
3396 5035 110 25 suffering;

2955 5062 20 21 in
2985 5062 49 26 fact,
3046 5063 16 20 it
3077 5070 39 13 was
3130 5063 35 21 the
3177 5062 45 21 best
3232 5062 107 21 Ointment
3357 5070 29 13 we
3396 5063 50 20 have
3460 5070 46 14 ever

2955 5090 47 20 had.
3030 5091 21 19 If
3060 5095 39 21 you
3116 5090 52 20 have
3181 5097 39 18 any
3236 5097 56 13 more
3307 5090 107 20 Ointment
3431 5090 39 20 like
3481 5090 23 25 it,

2954 5117 66 25 please
3030 5117 49 20 send

2980 5154 91 27 Writing
3081 5155 52 21 from
3149 5155 35 20 the
3199 5153 68 23 North
3278 5154 48 21 East
3338 5153 80 26 Valley,
3429 5162 11 12 a
3450 5154 56 22 Ladv

2954 5188 45 17 says
3009 5181 4 25 :
3064 5182 62 24 Bring
3136 5188 31 13 me
3177 5188 12 13 a
3198 5181 73 24 supply
3281 5181 21 19 of
3311 5187 48 15 your
3368 5181 106 19 Ointment
3480 5188 26 12 on

2957 5213 52 19 your
3027 5210 49 17 next
3091 5208 54 25 visit,
3163 5215 21 12 as
3201 5214 28 13 we
3242 5207 93 21 consider
3349 5207 16 19 it
3376 5207 130 21 invaluable.'
3516 5207 1 26 |

2978 5245 88 21 Tnomas
3088 5246 92 27 Moffatt,
3206 5246 20 20 of
3257 5245 88 26 Mosgiel,

2955 5272 52 21 have
3018 5273 49 20 used
3078 5280 51 19 your
3138 5273 122 21 Rheumatic
3271 5273 102 20 Liniment
3386 5273 65 26 twice,
3467 5274 39 20 and
3516 5266 1 33 i

2954 5299 53 21 have
3017 5301 81 25 already
3110 5300 91 21 received
3212 5300 34 20 the
3261 5301 88 24 greatest
3364 5299 75 21 benefit
3453 5301 52 20 from

2952 5327 24 19 it.
3004 5327 54 20 Send
3069 5334 54 13 more

2991 5397 96 26 Dozens
3111 5397 27 26 of
3159 5397 70 26 other
3250 5397 171 26 Testimonials
3445 5398 60 26 have

2954 5432 50 27 also
3018 5433 58 26 been
3091 5433 110 27 received
3224 5433 31 36 by
3279 5433 40 26 the
3339 5433 166 36 undersigned

2952 5471 68 35 quite
3034 5470 153 28 unsolicited.

3072 5556 65 27 Send
3151 5566 62 26 your
3226 5556 90 26 Orders
3330 5560 60 22 to—

3010 5611 30 29 C.
3097 5611 59 29 TO
3169 5611 36 28 W
3220 5611 140 29 NSHE
3374 5613 74 34 ND,

3051 5660 200 22 MORNINGTON.
3267 5660 141 23 DUNEDIN'-.

3780 331 83 29 ..THE

3588 601 151 39 Mount
3770 599 158 42 Benger
3950 598 103 37 Mail

3697 890 258 32 .NEWSPAPER.

3551 1187 151 30 Published
3724 1196 82 22 every
3834 1186 100 38 Friday
3961 1186 139 38 Morning.

3702 1863 148 30 Circulates
3864 1865 26 28 in
3905 1866 47 29 the

3739 2087 66 29 Coal
3822 2086 85 31 Creek
3910 2111 7 13 ;

3907 2203 109 31 .Millers
4030 2208 70 35 Flat

3725 2427 93 29 Island
3840 2427 96 37 Block,

3754 2764 157 37 Lawrence,

3997 2866 105 31 Heriofc.

3771 3009 131 39 Tapanui,

3878 3125 69 29 Bald
3961 3126 58 29 Hill
4034 3127 69 31 Flat

3640 3239 54 28 and
3709 3240 156 31 Alexandra
3880 3242 136 30 Districts.

3693 3808 85 28 Plain
3800 3815 54 19 and
3873 3805 92 29 Fancy

3624 3982 92 29 JOB
3778 3982 249 30 PRINTING

3579 4172 29 29 of
3627 4182 80 25 every
3728 4170 176 39 description,
3923 4168 143 42 including

3584 4346 139 29 Billheads
3736 4346 55 28 and
3810 4346 100 29 Memo.
3926 4348 96 29 Forms

3584 4461 224 29 Balance-sheets
3820 4461 55 29 and
3889 4461 117 39 Reports

3582 4574 114 37 Receipt
3709 4573 54 28 and
3777 4573 127 37 Delivery
3918 4574 92 28 Books

3580 4685 149 28 Invitation
3744 4685 54 27 and
3812 4685 130 30 Business
3958 4686 134 32 Circulars

3580 4797 147 28 Handbills
3740 4796 54 28 and
3809 4797 109 29 Posters

3577 4910 194 37 Prospectuses
3785 4910 54 29 and
3853 4911 192 40 Programmes

3573 5016 131 29 Business
3719 5016 54 28 and
3787 5017 160 30 Admission
3961 5019 86 33 Cards

3691 5140 43 29 &C
3737 5162 16 12 .J
3792 5138 58 36 &c.,
3890 5140 50 31 &c.
