4270 5790
115 201 30 24 ks
158 196 54 29 liacl
235 197 68 28 been
325 198 187 38 represented,
534 197 61 28 that
622 197 46 27 the

117 240 146 33 taxpayers
277 237 54 29 had
345 243 27 23 to
386 242 51 32 put
446 238 73 28 their
532 237 88 29 hands
640 238 28 26 in

118 275 71 28 their
201 276 114 36 pockets
325 277 44 27 for
379 278 54 26 this
443 277 77 37 large
531 287 69 18 sum.
641 277 27 27 It

115 315 99 39 simply
228 319 92 25 meant
334 316 61 29 that
407 316 47 29 the
475 316 97 38 colony
593 319 72 25 went

115 356 119 37 security
248 356 43 27 for
304 356 48 28 the
376 356 76 28 bank
474 357 69 27 until
567 358 21 27 it
611 365 55 19 was

113 395 62 29 able
188 399 28 25 to
231 396 75 29 work
320 400 49 26 out
388 397 29 28 of
438 397 37 29 its
501 398 163 28 difficulties.

113 434 58 28 The
185 436 73 26 bank
273 436 53 26 had
341 436 75 37 large
429 437 117 36 earning
563 446 101 27 power,

111 474 54 28 and
180 485 15 18 a
205 474 76 40 large
295 479 113 26 amount
421 475 93 40 yearly
538 485 54 21 was
614 481 48 33 put

111 524 29 20 to
153 516 47 27 the
214 517 82 36 good,
319 528 30 16 so
374 518 62 27 that
456 518 48 28 the
529 521 132 33 taxpayer
671 516 1 38 j

110 556 202 35 wasnotlikely
321 557 202 28 tobeaffected.
527 556 134 33 —(Hear,
671 556 1 35 j

109 594 67 28 hear
188 595 55 27 and
253 596 151 37 applause,)
446 596 71 36 Only
539 595 121 35 recently
671 594 1 39 '

110 634 47 28 the
171 644 74 18 same
265 645 95 19 course
383 635 108 38 exactly
517 635 50 28 had
593 635 67 27 befn

109 674 128 28 followed
252 676 25 26 in
298 675 184 35 Queensland,
496 675 165 28 Parliament

110 714 202 37 guaranteeing
324 716 46 26 the
390 714 130 28 National
538 714 75 27 Dank
633 714 28 27 of
671 709 1 42 !

112 753 174 35 Queensland
300 760 29 22 to
342 755 46 27 the
399 758 95 24 extent
502 754 29 28 of
544 758 53 24 two
606 753 52 28 and
671 751 1 37 |

112 803 16 18 a
148 793 58 28 half
234 794 128 33 millions,
383 805 29 17 as
433 794 144 28 otherwise
600 793 72 34 that:

110 833 155 27 institution
280 833 89 27 would
383 833 69 28 have
465 834 54 26 had
534 838 27 22 to
586 833 72 27 close
670 833 2 30 j

110 873 36 28 its
160 872 89 28 door-.
288 872 70 27 That
374 883 54 17 was
440 883 73 17 more
524 873 65 27 than
604 876 54 23 two
669 872 3 34 j

109 922 78 26 years
200 911 72 28 after
294 911 54 28 this
371 912 97 35 colony
494 912 52 27 had
573 912 81 27 taken
668 911 3 37 j

108 952 47 27 the
164 960 73 19 same
251 956 69 31 step,
335 951 53 28 and
403 952 21 26 if
437 952 46 27 the
496 961 95 18 course
601 951 52 27 had

109 996 48 24 not
190 991 68 28 been
284 991 160 28 considered
469 1001 15 17 a
509 991 65 28 wise
599 991 54 27 and
668 987 2 34 I

107 1031 118 36 prudent
248 1040 60 23 onoj
338 1031 21 27 it
390 1041 55 17 was
482 1034 48 24 not
569 1030 84 36 likely
668 1030 1 37 ;

108 1071 115 26 another
235 1070 96 36 colony
346 1069 87 28 would
448 1069 67 28 have
525 1069 127 28 followed
667 1068 3 38 |

108 1118 50 21 Our
191 1109 132 38 example.
385 1106 2 45 -
397 1109 158 38 Applause.)
597 1108 57 29 The
666 1106 3 45 j

106 1150 126 36 banking
241 1149 153 37 legislation
406 1150 45 27 did
463 1150 190 33 not,however,
666 1149 2 37 !

105 1189 53 28 end
172 1189 27 28 in
216 1189 78 32 1805,
307 1189 54 27 and
383 1189 50 27 last
454 1189 103 27 session
578 1198 73 17 corn-
665 1189 2 37 j

103 1229 109 26 mirfees
241 1228 30 25 of
291 1228 66 25 both
381 1227 107 26 Houses
511 1237 69 16 were
602 1236 31 25 ap-

97 1265 117 37 pointed
235 1271 28 20 to
289 1265 106 36 inquire
419 1264 57 27 into
497 1264 46 27 the
562 1263 87 27 whole
663 1263 2 40 j

102 1305 29 29 of
155 1304 46 29 the
223 1304 155 37 legislation
401 1304 52 28 and
476 1307 41 26 set
542 1307 28 25 at
595 1307 56 25 rest
664 1304 2 40 j

103 1346 114 35 charges
227 1346 111 33 against
350 1346 105 27 several
470 1345 134 28 members
625 1344 28 28 of

100 1384 47 28 the
181 1384 195 28 Government.
436 1385 58 27 The
531 1384 118 28 decision

100 1425 82 37 given
210 1424 36 37 by
275 1424 77 27 these
381 1426 171 26 committees
579 1435 54 17 com-

102 1464 100 37 pletely
215 1464 165 29 exonerated
400 1464 46 28 the
468 1464 201 37 Government;

102 1504 69 28 from
187 1504 33 27 all
237 1505 115 36 charges
365 1504 26 28 in
406 1506 163 27 connection
583 1504 67 28 with

102 1544 48 27 the
163 1547 109 32 matter,
294 1544 52 26 and
371 1555 14 15 a
408 1544 47 28 bill
469 1555 55 17 was
537 1544 116 35 framed,

103 1582 47 30 the
163 1583 132 39 principal
318 1582 89 31 clause
432 1584 27 28 of
479 1584 87 29 which
582 1584 73 28 dealt
668 1577 3 50 |

103 1624 64 28 with
183 1636 14 16 a
210 1625 107 34 change
327 1624 26 27 in
367 1625 45 27 the
428 1629 190 34 management
628 1625 29 28 of

103 1664 47 27 the
160 1664 166 27 institution.
360 1664 66 28 This
436 1675 131 24 measure,
577 1665 77 27 when
670 1664 2 35 j

102 1704 22 27 it
138 1708 49 33 got
210 1708 28 22 to
259 1704 46 27 the
329 1704 97 37 Upper
449 1704 103 35 House,
567 1705 89 27 would

103 1748 49 24 hot
162 1743 35 28 be
202 1743 97 39 passed
311 1744 114 28 without
434 1745 102 27 certain
545 1744 94 29 amend-

103 1789 101 30 ments,
235 1784 54 28 and
322 1795 28 17 jis
392 1786 47 28 the
472 1784 186 30 Government
671 1784 1 40 j

106 1824 101 28 wished
222 1825 46 27 the
282 1824 46 27 bill
344 1830 27 22 to
394 1826 34 26 be
451 1826 99 36 passed
572 1826 87 28 intact

103 1864 66 37 they
183 1864 88 27 would
287 1868 48 24 not
349 1869 95 32 accept
454 1865 77 28 these
545 1866 111 27 amend-
671 1864 1 40 j

104 1907 99 30 ments,
230 1904 52 26 and
318 1904 46 27 the
397 1904 47 27 bill
477 1904 52 28 had
563 1908 27 24 to
623 1905 35 27 be
671 1904 1 33 j

104 1943 132 38 dropped.
296 1943 44 27 He
376 1944 57 32 (the
465 1944 128 38 speaker)
616 1956 38 17 re-
671 1943 1 39 |

104 1983 107 36 gretted
243 1983 64 34 this,
331 1994 29 16 as
393 1984 33 28 he
458 1984 120 39 thought
610 1985 47 27 the
670 1983 2 41 j

103 2023 113 36 passing
229 2023 29 27 of
270 2024 47 26 the
331 2024 46 26 bill
390 2024 89 27 would
493 2024 69 28 have
573 2024 81 38 given

102 2062 105 37 finality
221 2067 28 22 to
263 2063 46 27 the
322 2063 155 37 legislation
489 2073 33 18 on
536 2064 46 28 the
591 2064 48 28 sub-

98 2102 66 37 ject.
203 2101 159 36 Doubtless,
373 2103 19 26 if
404 2103 45 27 the
461 2107 193 33 management
668 2101 2 39 j

100 2151 61 18 eow
175 2151 67 26 goes
255 2151 34 18 on
304 2143 136 35 smoothly
459 2143 65 35 they
538 2143 54 27 will
606 2147 48 24 not
668 2143 2 35 :

99 2181 108 38 require
220 2185 28 24 to
262 2182 128 28 interfere
412 2182 63 27 with
492 2183 46 28 the
553 2183 99 28 bank's
667 2181 2 38 '

99 2222 155 36 operations
280 2223 91 34 again.
412 2223 144 36 Speaking
590 2233 61 27 per-
666 2222 2 39 j

98 2261 114 35 sonally,
228 2261 32 27 he
275 2261 89 36 might
377 2271 46 26 say
439 2262 58 26 that
522 2263 33 26 lie
579 2266 72 23 went

97 2302 29 24 to
148 2299 46 28 the
215 2299 93 28 House
329 2310 73 18 some
417 2300 89 28 weeks
520 2301 71 28 after
603 2301 46 28 the

97 2339 75 28 bank
186 2339 152 36 legislation
355 2351 53 17 was
435 2341 97 37 passed
547 2341 54 28 and
616 2341 33 28 he

95 2378 54 28 had
170 2380 121 36 opposed
318 2381 45 26 the
390 2381 133 36 purchase
548 2381 29 27 of
602 2381 47 28 the

97 2418 123 27 Colonial
235 2418 78 28 Bank
329 2430 28 15 so
372 2421 57 26 that
456 2421 33 26 he
503 2431 54 16 was
572 2421 27 26 in
614 2431 34 17 no

96 2467 59 27 way
165 2459 170 31 responsible
349 2459 43 28 for
411 2460 20 27 it
452 2460 73 39 good
539 2471 30 17 or
584 2460 63 29 bad.

94 2498 213 38 —(Applause.)

198 2548 53 17 THE
271 2548 20 18 31
296 2549 26 18 ID
325 2549 46 18 lAN
376 2550 15 18 D
413 2550 128 19 RAILWAY.

130 2577 66 28 This
209 2588 55 18 was
275 2579 116 28 another
404 2585 99 24 matter
516 2582 26 26 in
558 2581 87 28 which

93 2617 34 27 all
160 2622 71 24 sorts
268 2619 29 28 of
322 2620 114 37 charges
464 2631 70 19 were
567 2621 78 28 made

92 2657 110 37 against
223 2658 46 27 the
293 2658 194 31 Government.
527 2661 39 27 As
581 2661 64 37 they

91 2706 72 19 %vere
176 2708 97 25 aware,
296 2699 47 29 the
367 2701 134 37 proposed
523 2701 53 28 line
591 2712 54 17 was

92 2737 70 28 from
179 2738 171 40 Canterbury
365 2748 27 21 to
403 2742 47 27 the
463 2742 77 29 West
553 2741 91 35 Coast,

91 2778 53 27 and
160 2778 34 27 its
208 2781 185 27 construction
416 2792 54 17 was
491 2783 59 26 first
571 2782 60 27 initi-

90 2817 64 28 ated
181 2818 36 36 by
239 2818 46 29 the
309 2819 187 39 Stout-Yogel
521 2820 104 29 Govern-

90 2861 84 29 ment,
188 2858 54 26 and
257 2858 45 27 Sir
314 2859 92 35 Harry
429 2861 138 26 Atkinson
588 2861 52 25 had

89 2901 50 30 put
159 2895 47 27 the
228 2899 90 35 stamp
332 2898 29 27 of
374 2898 45 28 the
435 2898 95 36 colony
545 2909 32 16 on
594 2899 46 27 the

90 2938 131 25 contract.
251 2934 57 30 The
321 2936 110 29 Seddon
446 2937 194 34 Government,

89 2973 146 37 therefore,
249 2974 54 29 had
317 2977 118 37 nothing
456 2978 137 28 whatever
614 2981 28 25 to

90 3014 35 27 do
147 3014 65 28 with
236 3015 46 28 the
303 3020 69 24 start
394 3018 29 28 of
450 3018 46 27 the
521 3018 119 36 railway.

90 3053 29 27 Yt
130 3053 50 28 hen
195 3054 66 38 they
283 3056 65 28 took
368 3056 77 29 office
468 3058 64 36 they
555 3057 86 28 found

89 3093 48 27 the
151 3103 134 29 company
297 3106 71 18 were
379 3097 128 38 carrying
515 3101 47 25 out
570 3097 72 28 their

89 3133 77 29 work
181 3134 26 28 in
222 3145 16 17 a
258 3145 66 28 very
347 3136 158 30 indifferent
520 3148 120 18 manner.

90 3173 77 35 They
201 3174 57 33 (the
289 3178 145 35 company)
478 3177 52 27 had
573 3178 67 26 been

91 3213 118 34 granted
240 3213 76 39 large
338 3216 186 29 endowments
548 3217 26 27 in
594 3217 46 28 the

89 3252 59 27 first
162 3253 132 36 instance,
315 3255 50 27 but
387 3256 46 27 the
456 3256 184 28 Government
648 3252 1 45 j

88 3290 55 28 had
166 3293 128 28 reserved
325 3294 47 29 the
393 3295 75 39 right
491 3300 29 24 to
541 3302 97 32 except
648 3290 1 44 j

89 3332 100 27 certain
220 3333 106 40 mining
359 3335 79 29 lands
470 3336 69 28 from
562 3336 76 29 these
648 3332 1 41 i

88 3371 198 30 endowments.
337 3374 58 29 The
418 3386 133 27 company
574 3376 62 28 then
648 3365 1 48 J

87 3421 76 18 cime
177 3415 27 24 to
214 3413 45 27 the
269 3419 109 32 present
389 3414 185 30 Government
583 3417 53 27 and
648 3413 1 38 j

87 3451 85 27 asked
186 3451 44 28 for
248 3453 108 29 further
377 3456 189 35 concessions;
587 3456 49 28 but
648 3451 1 44 j

87 3491 47 27 the
160 3491 129 37 Premier,
320 3495 64 27 with
418 3496 69 27 keen
513 3496 50 28 bus
576 3506 61 18 ness
648 3491 1 37 I

87 3530 144 37 foresight,
246 3543 53 18 saw
310 3535 58 27 that
381 3536 46 28 the
437 3545 132 28 company
583 3536 52 28 had
648 3530 1 43 ,

87 3570 156 37 altogether
257 3576 44 26 too
321 3574 77 28 small
419 3586 17 18 a
461 3576 100 38 capital
582 3576 52 28 and
648 3570 1 44 i

86 3610 59 28 that
160 3611 64 36 they
240 3614 104 28 wanted
361 3618 28 26 to
410 3616 79 28 make
509 3627 16 17 a
547 3617 90 28 better
648 3610 1 44 j

87 3650 82 38 thing
183 3653 29 26 of
224 3653 20 26 it
259 3653 44 28 for
316 3654 46 28 the
375 3654 187 29 shareholders
582 3656 52 28 and
648 3650 1 38 !

86 3689 152 32 debenture
257 3693 119 37 holders,
387 3705 30 19 so
442 3696 45 28 the
514 3695 104 29 Govern-

86 3736 76 22 ment
175 3737 48 32 put
234 3733 70 28 their
313 3734 54 29 feet
377 3736 87 29 down.
505 3736 64 29 This
580 3747 55 19 was

85 3773 30 25 to
129 3771 45 28 the
188 3773 87 29 credit
299 3775 30 27 of
349 3776 46 28 the
421 3777 73 28 Hon.
509 3778 44 27 Mr
568 3778 51 28 Sed-

88 3809 53 28 don
153 3821 7 23 ;
180 3813 52 26 and
246 3813 132 40 although
388 3826 15 18 a
417 3818 155 28 committee
588 3827 32 29 ap-

88 3850 111 37 pointed
235 3856 27 26 to
286 3865 36 26 go
353 3856 58 28 into
437 3857 46 28 the
509 3858 125 38 question

87 3889 83 29 heard
184 3896 225 33 representatives
422 3896 29 28 of
476 3898 46 27 the
545 3898 75 28 share-

87 3929 109 28 holders
209 3933 54 26 and
281 3934 150 28 debenture
440 3936 108 28 holders
564 3937 69 27 from

88 3967 99 38 Home,
201 3971 53 30 and
264 3974 160 31 considered
438 3976 139 39 petitions,
588 3977 47 30 the

89 4009 118 28 decision
222 4013 63 35 they
299 4024 76 18 came
388 4020 28 22 to
435 4027 54 16 was
510 4018 60 26 that
589 4020 46 24 the

87 4056 134 30 company
235 4050 95 29 should
345 4053 34 28 be
390 4054 62 28 held
468 4056 169 37 responsible

87 4086 43 29 for
144 4088 45 29 the
204 4090 76 29 work
294 4102 30 19 or
337 4092 92 31 forfeit
443 4095 46 29 the
503 4100 132 25 contract.

87 4127 64 29 Had
161 4129 45 28 the
219 4129 120 32 Premier
348 4134 68 28 been
428 4136 207 35 weak-backed,

86 4167 47 27 the
144 4168 96 38 colony
254 4172 89 27 would
356 4173 69 28 have
438 4175 68 27 been
523 4176 111 27 saddled

87 4206 66 28 with
176 4218 34 18 an
231 4209 131 31 immense
375 4213 103 29 burden
492 4227 8 22 ;
520 4215 51 27 but
590 4216 47 28 the

87 4245 186 32 Government
287 4249 52 30 had
365 4253 115 28 insisted
506 4265 35 17 on
563 4256 74 26 what

86 4295 55 19 was
161 4287 58 37 just
232 4289 55 28 and
305 4291 85 38 right,
403 4293 54 28 and
470 4294 89 28 would
574 4305 48 18 con-

86 4326 76 28 tinue
188 4331 29 25 to
242 4329 35 28 do
299 4333 253 37 so.—(Applause.)
594 4334 44 28 He

87 4366 89 28 would
208 4373 49 23 not
288 4380 48 26 say
367 4371 47 29 the
453 4371 185 31 Government

87 4406 89 27 would
190 4407 79 28 insist
284 4418 34 18 on
329 4409 46 28 the
386 4420 134 28 company
532 4412 92 28 forfeit-

88 4444 49 37 ing
160 4445 33 28 all
209 4448 74 27 work
299 4448 172 38 done—they
487 4451 89 27 would
597 4462 41 17 re-
648 4444 1 42 !

87 4484 76 28 ceive
185 4485 53 27 fair
257 4488 203 36 compensation
475 4489 43 28 for
530 4490 109 28 it—but

87 4523 65 36 they
165 4528 73 24 must
252 4526 88 28 either
353 4527 92 28 forfeit
459 4538 31 18 or
502 4538 78 28 carry
591 4534 47 23 out

85 4562 48 28 the
147 4567 83 23 terms
244 4564 29 28 of
287 4565 70 29 their
378 4571 132 26 contract.
550 4568 87 29 These

85 4612 73 18 were
170 4613 74 19 some
258 4605 29 28 of
308 4605 45 29 the
377 4611 79 33 great
472 4609 56 28 sins
549 4610 28 28 of
590 4610 46 28 the

86 4641 185 31 Government
309 4646 27 27 in
378 4647 46 27 the
465 4650 111 26 mouths
608 4650 29 27 of

86 4680 161 39 Opposition
257 4684 167 37 candidates,
440 4687 50 28 but
504 4688 33 28 he
551 4688 49 28 left
614 4689 21 28 it

85 4726 28 23 to
128 4722 41 27 his
184 4723 106 27 hearers
316 4729 28 23 to
370 4737 46 25 say
438 4728 22 26 if
480 4728 64 27 thev
565 4739 72 17 were

85 4764 48 25 not
148 4761 113 28 entitled
275 4767 29 24 to
316 4765 87 37 praise
412 4766 44 28 for
466 4768 71 28 their
546 4769 90 27 action

85 4801 108 26 instead
207 4801 28 26 of
248 4802 235 37 blame.—(Hear,
497 4807 65 27 hear
583 4808 53 26 and

83 4838 152 38 applause.)
276 4839 56 30 The

134 4888 112 19 CUTTING
266 4889 35 18 UP
320 4890 31 19 Oi'
374 4890 83 21 LARGE
476 4893 112 19 ESTATES

85 4927 57 18 was
156 4919 116 28 another
285 4920 76 37 piece
374 4921 29 28 of
414 4921 154 39 legislation
591 4924 46 28 the

87 4957 186 29 Government
296 4970 69 17 were
388 4962 114 27 entitled
517 4967 28 22 to
559 4963 81 28 claim

87 4996 87 28 credit
182 4997 51 28 for.
275 4997 85 29 Other
369 4999 109 28 Liberal
488 5000 150 29 Ministries
648 4996 1 33 I

85 5036 56 28 had
161 5036 70 30 tried
254 5038 101 29 sessi-on
383 5039 71 29 after
481 5041 103 28 session
610 5048 28 22 to
648 5036 1 38 \

85 5076 84 37 bring
181 5078 28 26 in
223 5078 47 27 the
297 5079 99 36 policy,
417 5081 54 26 and
492 5081 54 26 had
570 5081 67 27 been

85 5116 87 28 cdled
202 5116 116 29 robbers
348 5118 55 27 and
441 5119 105 38 heaped
573 5120 64 28 with

85 5156 93 27 abuse.
220 5156 109 29 Certain
344 5158 159 29 candidates
518 5159 52 28 had
585 5160 53 27 had

85 5196 47 26 the
165 5196 129 37 audacity
325 5201 28 24 to
379 5198 52 27 call
456 5199 47 27 the
529 5203 110 33 present
648 5196 1 40 i

86 5233 188 28 Government
298 5236 116 34 thieves,
440 5238 113 27 robbers
584 5238 54 27 and
648 5233 1 38 j

84 5272 65 28 liars
175 5274 78 27 when
280 5274 64 38 they
377 5276 182 38 inaugurated
593 5278 46 26 the
648 5272 1 42 |

85 5312 159 28 settlement
257 5314 30 27 of
300 5315 46 27 the
366 5314 79 29 lands
459 5316 105 38 policy;
584 5317 54 27 and
648 5312 1 42 !

84 5352 37 29 all
141 5353 46 27 the
207 5363 141 19 resources
373 5355 29 28 of
427 5355 99 29 wealth
547 5356 91 28 whose
648 5352 1 32 i

82 5392 130 28 interests
263 5403 69 19 were
380 5395 125 34 affected,
553 5396 87 36 being
648 5392 1 42 j

85 5432 122 37 brought
220 5436 28 24 to
262 5432 65 28 bear
339 5434 109 37 against
466 5436 85 33 them,
572 5434 66 37 they
648 5432 1 39 i

83 5481 72 18 were
186 5471 101 38 utterly
314 5473 99 29 unable
438 5478 29 24 to
488 5484 63 28 pass
577 5474 61 29 that
648 5471 1 41 i

83 5511 157 37 legislation
261 5512 69 28 until
352 5514 66 37 they
441 5515 195 36 strengthened
648 5506 1 45 I

85 5551 47 26 the
145 5550 98 37 Upper
262 5551 94 29 House
370 5553 37 36 by
420 5563 34 17 an
468 5554 122 28 increase
609 5554 29 27 of

83 5589 99 28 twelve
195 5591 144 28 members.
379 5592 57 28 The
447 5593 117 37 speaker
573 5594 64 27 here
648 5589 1 41 j

83 5629 125 27 reverted
224 5633 28 24 to
263 5630 46 28 the
318 5635 101 32 system
431 5636 110 24 current
551 5633 27 27 in
590 5633 46 27 the
648 5629 1 38 i

85 5668 74 38 sarly
172 5668 67 38 days
264 5670 29 29 of
318 5672 160 39 Europeans
492 5673 145 38 acquiring

682 192 5 43 |
699 196 75 36 large
787 198 85 26 tracts
885 194 29 27 of
927 193 46 27 the
987 192 61 27 best
1068 188 63 28 land
1152 187 26 27 in
1201 184 45 28 the

698 235 95 37 colony
802 235 35 36 by
846 232 141 37 bartering
998 230 63 27 with
1074 229 45 26 the
1129 225 114 29 natives,

696 275 54 28 and
764 274 57 27 said
835 274 21 26 it
870 282 54 18 was
946 275 28 23 to
997 270 46 27 the
1056 267 85 28 credit
1156 265 28 27 of
1197 264 46 27 the

695 317 109 35 present
817 312 183 29 Government
1014 307 60 29 that
1087 306 63 36 they
1165 306 49 35 put
1228 312 12 18 a

679 344 2 48 !
695 358 61 34 stop
771 358 27 23 to
819 353 68 27 that.
889 349 209 38 —(Applause.)
1180 344 62 27 here

696 394 96 29 Crown
812 392 77 29 lands
902 400 71 19 were
985 386 132 32 available
1131 384 42 29 for
1187 386 39 26 set-

693 434 115 26 tlement
821 433 48 28 the.
890 430 133 37 purchase
1037 427 28 27 of
1078 429 100 24 estates
1198 423 41 27 for

677 462 2 49 ,
693 472 108 39 cutting
815 480 36 29 up
873 479 54 20 was
953 471 47 26 not
1026 473 150 29 necesssry,
1190 462 49 28 but

677 504 1 38 ;
693 514 76 26 there
782 523 55 16 was
850 522 15 17 a
878 510 96 29 dearth
987 508 30 28 of
1037 507 68 28 such
1129 504 63 28 land
1213 504 25 26 in

676 542 1 43 |
693 553 46 28 the
753 551 87 29 South
854 549 103 29 Island.
996 547 43 28 He
1050 546 54 27 had
1117 543 68 29 tried
1197 542 42 28 his

675 582 2 45 '
691 593 60 26 best
760 596 27 22 to
799 594 47 33 get
860 589 62 28 land
936 588 43 28 for
992 587 52 28 this
1059 584 114 32 district,
1185 582 52 28 and

691 631 32 28 he
736 630 69 37 fully
816 627 130 30 intended
957 631 28 24 to
996 635 46 18 use
1053 633 79 27 every
1145 631 92 18 means

674 661 2 47 I
689 672 26 27 in
730 671 41 27 his
785 680 91 28 power
901 674 26 22 to
951 667 34 28 do
1010 666 21 26 it
1051 667 54 34 yet.
1109 661 126 37 —(Loud

673 702 2 45 i
687 710 149 37 applause.)
877 709 45 26 Mr
950 705 124 28 Larnach
1095 711 69 29 gave
1190 702 31 27 de-

672 744 2 40 |
689 750 59 28 tails
763 750 27 27 of
804 749 45 27 the
865 746 124 37 working
1003 744 28 28 of
1053 744 47 27 the
1123 744 111 34 system,

672 782 1 41 i
686 789 52 28 and
753 789 56 28 said
822 789 58 27 that
891 786 93 37 nearly
1002 782 142 37 1,900,000
1159 791 74 18 acres

672 823 1 41 j
686 829 52 28 had
764 838 60 17 now
854 828 69 26 been
956 823 151 39 purchased
1139 833 15 17 a
1156 826 10 13 f
1162 839 6 10 <
1199 831 33 18 an

672 860 1 44 ,
684 878 115 26 average
824 867 29 27 of
879 867 30 27 6s
934 875 49 27 per
1007 873 71 24 acre,
1105 860 79 39 equal
1205 865 27 24 to

672 902 1 39 :
683 909 82 26 about
778 906 150 35 £500,000,
943 904 54 28 and
1007 902 65 28 with
1082 904 113 25 interest
1204 904 28 24 at

672 937 1 48 I
683 948 17 27 3
713 958 48 27 per
785 950 82 29 cent.,
894 956 47 26 say
966 944 83 27 about
1074 941 123 34 £15,000
1216 951 16 17 a

672 981 1 44 i
682 998 71 27 year,
768 987 34 27 he
825 985 84 29 asked
923 984 22 28 if
959 984 59 28 that
1032 992 54 18 was
1099 981 91 38 likely,
1203 984 28 26 to

682 1028 151 27 embarrass
865 1025 46 28 the
943 1027 124 34 country.
1115 1022 44 27 He
1190 1022 27 30 in-

682 1066 111 27 stanced
825 1064 116 29 Cheviot
975 1063 54 28 and
1065 1062 165 33 Pomahaka,

682 1105 42 29 for
738 1106 45 28 the
797 1104 132 39 purchase
950 1104 30 29 of
1002 1102 88 30 which
1108 1102 46 28 the
1178 1100 36 31 Go-

682 1149 141 24 vernment
842 1144 54 28 had
930 1145 69 27 been
1034 1143 71 27 cried
1142 1143 88 33 down,

679 1184 53 27 and
758 1184 56 28 said
830 1184 59 26 that
903 1194 34 17 on
953 1184 46 26 the
1021 1182 102 28 former
1145 1185 87 24 estate

680 1224 75 25 there
787 1222 52 26 had
877 1224 66 24 been
965 1222 84 26 about
1075 1221 35 26 80
1134 1221 96 35 people

678 1260 154 37 employed,
846 1259 47 27 the
905 1262 117 33 country
1037 1259 85 35 being
1146 1259 82 36 given

679 1310 64 19 over
757 1304 29 24 to
804 1309 14 18 a
840 1299 75 39 large
941 1299 117 28 number
1083 1298 29 29 of
1138 1298 92 37 sheep,

680 1341 119 28 whereas
813 1341 78 27 there
900 1350 54 18 was
967 1350 61 18 now
1044 1339 78 35 1,000
1138 1339 94 37 people

680 1380 100 29 settled
795 1380 85 34 there,
895 1379 53 28 and
964 1380 46 27 the
1023 1382 87 25 estate
1128 1379 104 28 carried

681 1421 74 37 quite
778 1431 31 17 as
832 1431 79 26 many
927 1419 126 29 stock.—
1058 1418 173 38 (Applause.)

683 1461 43 28 He
748 1460 101 38 quoted
863 1461 47 27 the
924 1459 172 39 Wellington

682 1511 31 18 an
730 1500 284 29 ultra-Conservative
1037 1509 93 28 paper,
1150 1500 26 26 in
1199 1511 33 16 an

672 1539 1 38 :
682 1541 94 27 article
791 1541 88 26 where
894 1541 65 36 they
973 1539 46 28 did
1034 1540 49 27 full
1094 1540 99 37 justice
1207 1548 27 19 to

672 1579 1 30 '
684 1581 46 28 the
753 1579 75 30 Hon.
860 1579 69 29 lolin
954 1579 148 30 M'Kenzie
1123 1579 42 28 for
1180 1579 54 28 this

684 1622 98 36 policy.
813 1621 27 27 It
851 1631 55 17 was
915 1621 136 37 referring
1063 1624 26 24 to
1100 1619 135 35 Woburn,

672 1659 1 39 |
686 1671 32 16 an
733 1665 87 23 estate
833 1660 28 28 of
875 1661 100 31 27,000
995 1670 77 17 acres
1084 1659 152 38 purchased
1245 1659 1 39 j

686 1701 25 26 in
746 1699 121 28 Hawkes
900 1700 68 36 Bay,
1000 1699 55 28 and
1088 1699 57 28 said
1178 1699 59 28 that

687 1739 160 39 Opposition
860 1749 97 29 papers
966 1739 55 28 and
1030 1739 129 38 speakers
1168 1749 69 18 were

672 1780 1 41 |
687 1781 113 38 making
812 1791 15 17 a
840 1780 108 29 tactical
962 1780 117 29 blunder
1092 1790 28 18 m
1134 1781 104 36 stating

686 1822 59 27 that
760 1821 155 37 borrowing
929 1831 98 26 money
1035 1821 44 27 for
1093 1821 65 27 such
1173 1831 47 27 pur-

672 1860 1 38 -1
686 1871 80 27 poses
795 1870 54 17 was
872 1871 15 17 a
914 1860 100 28 breach
1039 1860 29 27 of
1093 1860 47 27 the
1169 1871 50 17 non-

687 1901 155 36 borrowing
879 1900 101 37 policy,
1007 1910 30 17 as
1069 1899 65 37 they
1167 1910 70 18 were

686 1939 169 38 borrowings
868 1939 43 28 for
921 1939 123 38 tangible
1056 1943 96 24 assets.
1178 1939 56 28 The

685 1980 144 29 candidate
861 1980 87 37 spoke
967 1979 30 28 of
1022 1980 46 27 the
1091 1980 144 28 Amended

672 2013 1 44 I
686 2022 54 25 Act
753 2020 98 37 passed
871 2030 16 17 a
908 2020 97 37 couple
1026 2020 28 27 of
1079 2030 79 26 years
1171 2030 62 26 ago,

672 2059 1 38 i
684 2059 377 38 empoweringthepurchase
1072 2059 29 28 of
1110 2059 124 37 portions

672 2099 1 41 j
683 2099 28 28 of
725 2103 110 31 estates,
860 2099 54 28 and
929 2099 57 28 said
1000 2100 33 27 he
1047 2099 120 37 thought
1188 2099 45 28 the

672 2139 1 37 |
682 2139 63 37 only
774 2149 75 18 error
873 2139 46 27 the
947 2139 186 27 Government
1156 2139 78 27 made

672 2177 1 34 !
682 2190 54 17 was
750 2179 27 27 in
798 2183 48 23 not
868 2179 85 32 going
979 2179 42 27 far
1046 2179 111 32 enough
1180 2179 53 28 and

867 2204 16 11 O
934 2204 16 12 O
1119 2204 14 12 H

680 2219 145 37 acquiring
839 2229 74 18 more
926 2219 73 28 land.
1002 2219 211 37 —(Applause/.

811 2272 83 19 LOANS
915 2273 31 19 TO
969 2273 136 18 SETTLERS.

718 2303 44 28 He
776 2303 123 28 referred
913 2311 27 20 to
954 2303 46 28 the
1015 2313 51 18 one
1079 2303 54 28 and
1148 2313 13 18 a
1176 2303 57 29 half

664 2343 2 33 I
680 2343 118 28 millions
812 2343 89 28 raised
915 2346 28 26 to
953 2343 64 28 lend
1031 2349 28 22 to
1071 2348 97 28 stru<jo
1168 2343 3 33 ,
1174 2344 58 32 lintr

1132 2370 36 11 EC
1212 2370 17 12 O

663 2383 2 35 !
678 2383 118 35 settlers,
823 2383 54 28 and
908 2384 153 27 contended
1090 2384 59 28 that
1176 2384 54 28 this

678 2433 54 16 was
746 2433 14 16 a
776 2428 71 21 most
868 2423 120 36 prudent
1013 2424 55 27 and
1090 2424 140 27 beneficial

662 2461 1 40 ;
677 2466 71 33 step.
793 2461 39 28 He
847 2462 62 35 had,
923 2463 27 26 in
965 2463 42 28 his
1030 2463 76 38 place
1129 2464 26 27 in
1184 2464 44 27 the

678 2502 226 34 House,advised
919 2503 46 28 the
980 2503 187 29 Government
1181 2509 46 23 not

677 2547 26 22 to
718 2543 63 36 give
803 2552 75 18 more
899 2543 65 27 than
987 2544 16 27 3
1021 2553 50 26 per
1091 2548 71 23 cent,
1186 2543 42 28 for

677 2582 52 28 this
739 2582 71 35 loan,
821 2582 54 28 and
885 2583 20 27 it
915 2583 108 28 showed
1034 2583 46 28 the
1089 2583 138 37 prudence

675 2622 52 27 and
743 2622 136 37 foresight
903 2623 28 27 of
957 2623 45 28 the
1029 2622 196 36 Government,

675 2662 59 27 that
747 2663 27 26 in
788 2662 136 37 adhering
939 2666 27 24 to
984 2663 60 27 that
1058 2663 89 37 policy
1162 2663 64 38 they

673 2702 85 28 found
774 2703 21 27 it
806 2701 111 30 worked
928 2706 48 25 out
986 2703 108 38 exactly
1108 2713 29 18 as
1160 2703 66 39 they

673 2743 54 27 had
757 2743 161 29 calculated.
962 2743 93 29 Under
1088 2744 46 27 the
1167 2745 59 27 first

672 2784 63 32 Act,
774 2793 75 16 sums
887 2783 141 27 borrowed
1063 2783 53 28 had
1155 2784 68 27 been

671 2821 105 28 limited
790 2827 27 22 to
840 2821 57 29 £25
918 2825 29 25 to
965 2822 105 35 £2,500
1094 2826 28 25 at
1145 2823 18 28 5
1176 2832 49 28 per

669 2866 70 21 cent,
755 2861 54 26 and
828 2863 8 22 1
854 2871 49 24 per
924 2865 73 22 cent,
1021 2861 115 35 sinking
1153 2863 68 24 fund

669 2898 41 28 for
722 2899 34 27 36
771 2908 94 26 years;
886 2898 52 27 but
951 2898 87 28 under
1051 2909 34 17 an
1110 2899 94 27 amend-

670 2942 74 23 ment
755 2938 47 27 the
816 2937 69 28 limit
896 2938 54 26 had
963 2938 69 28 been
1044 2938 141 28 increased
1195 2942 27 24 to

669 2978 114 35 £3,000,
797 2977 55 28 and
866 2978 75 28 loans
956 2978 81 28 could
1059 2978 32 28 be
1107 2978 64 38 paid
1186 2979 40 28 off'

670 3019 27 27 in
717 3019 29 27 10
760 3028 78 26 years
856 3021 28 24 at
906 3019 15 27 5
945 3028 49 27 per
1016 3023 71 23 cent,
1110 3019 54 27 and
1186 3028 37 19 no

670 3058 113 37 sinking
812 3056 80 30 fund.
932 3056 72 30 That
1028 3058 80 28 could
1130 3058 89 37 surely

669 3102 47 24 not
730 3098 34 28 be
784 3097 87 29 called
898 3108 34 18 an
953 3097 115 29 illiberal
1089 3108 132 19 measure.

670 3138 87 28 There
770 3138 54 28 had
850 3138 70 28 been
944 3138 86 28 about
1054 3139 80 34 3,500
1159 3139 47 28 bor-

668 3188 100 17 rowers
781 3177 89 27 under
884 3178 47 27 the
943 3180 65 32 Act,
1029 3179 53 26 and
1102 3179 84 27 about
1206 3189 16 17 a

669 3217 102 29 million
786 3217 28 28 of
826 3217 45 28 the
892 3227 98 29 money
1004 3218 53 28 had
1068 3218 70 28 been
1153 3219 66 34 lent,

668 3258 45 26 the
727 3258 55 26 Act
796 3257 152 37 benefiting
974 3258 47 27 the
1046 3258 86 28 whole
1147 3268 54 18 com-

668 3296 106 38 munity
787 3306 29 18 as
841 3296 22 28 it
876 3296 118 29 reduced
1009 3297 124 29 usurious
1147 3301 72 26 rates

666 3337 29 28 of
707 3338 115 27 interest
832 3340 27 24 to
870 3347 135 26 everyone
1015 3337 27 27 in
1053 3338 46 28 the
1111 3338 106 38 colony.

665 3377 212 37 —(Applause.)

776 3432 141 19 PRACTICAL
936 3431 181 21 LEGISLATION.

701 3462 148 38 Referring
862 3467 27 24 to
903 3463 47 28 the
970 3463 77 28 Land
1071 3463 144 30 Valuation

665 3505 62 33 Act,
743 3503 44 28 Mr
800 3502 124 28 Larnach
939 3503 85 37 spoke
1047 3504 28 27 of
1100 3504 22 27 it
1148 3514 29 18 as
1200 3515 15 18 a

665 3548 71 23 most
750 3542 89 29 useful
865 3553 117 18 measure
983 3542 4 36 1
988 3566 9 12 ,
1018 3543 87 29 under
1127 3545 86 28 which

664 3583 187 29 Government
871 3582 106 29 valuers
991 3583 91 29 would
1096 3584 82 29 make
1197 3596 14 17 a

664 3624 117 27 uniform
788 3623 136 28 valuation
936 3623 34 28 all
983 3635 64 16 over
1052 3625 46 26 the
1107 3625 107 37 colony,

663 3664 109 37 leading
795 3667 28 24 to
836 3663 162 38 uniformity
1025 3663 29 28 of
1080 3665 132 35 taxation,

662 3705 53 28 and
727 3705 46 27 the
783 3703 186 29 Government
980 3704 114 38 lending
1105 3705 95 38 depart-

663 3748 88 25 ments
765 3744 90 28 would
876 3744 33 28 be
930 3745 112 38 obliged
1068 3750 28 23 to
1121 3750 95 33 accept

664 3787 75 26 these
771 3784 163 29 valuations.
986 3785 125 27 Another
1145 3790 71 23 most

663 3823 130 40 practical
807 3823 48 29 bill
873 3834 51 18 >vas
950 3823 47 30 the
1023 3823 190 39 Unimproved

665 3865 100 28 Values
778 3865 29 28 of
821 3864 77 27 Land
913 3866 64 26 Act.
1017 3865 58 28 The
1095 3865 45 28 old
1155 3876 46 26 pro-

664 3908 79 35 perty
757 3908 47 24 tax
817 3907 103 34 system
942 3914 55 18 was
1019 3908 70 25 most
1115 3905 99 35 unfair,

663 3954 29 17 as
723 3955 16 16 a
772 3943 89 28 man's
893 3944 216 37 improvements
1146 3954 69 19 were

664 3984 85 36 rated,
763 3983 114 40 putting
899 3995 16 18 a
941 3988 47 25 tax
1014 3995 34 18 on
1071 3984 145 39 industry;

665 4026 49 25 but
728 4025 87 25 under
828 4024 54 26 this
896 4025 55 25 Act
965 4025 46 26 the
1025 4025 109 26 settlers
1154 4026 29 25 of
1202 4035 15 16 a

664 4063 116 34 district,
795 4062 21 27 if
830 4062 46 28 the
898 4061 127 40 majority
1049 4073 82 27 agree
1157 4063 61 29 that

664 4104 46 28 the
725 4104 52 27 Act
805 4112 76 18 come
908 4103 58 28 into
992 4103 75 28 force
1094 4105 27 26 in
1147 4105 71 28 their

664 4143 107 28 district
787 4143 31 35 (it
831 4143 84 35 being
929 4143 121 37 optional
1062 4144 65 26 with
1143 4145 73 26 them
1232 4143 1 37 j

665 4187 27 22 to
706 4183 35 26 do
755 4192 29 17 so
800 4191 30 17 or
843 4185 72 31 not),
928 4191 50 17 can
1000 4182 36 27 do
1056 4192 76 27 away
1153 4183 65 26 with
1232 4182 1 40 j

664 4222 72 28 their
761 4220 117 37 liability
904 4224 29 24 to
959 4231 52 27 pay
1038 4225 72 24 rates
1123 4232 35 17 on
1174 4222 45 27 the
1232 4216 1 42 I

664 4271 80 28 gross
758 4260 103 34 values,
875 4260 53 27 and
951 4269 61 28 may
1027 4261 34 27 be
1085 4261 79 28 rated
1185 4272 33 16 on
1232 4260 1 40 j

666 4302 45 26 the
725 4300 181 36 unimproved
919 4300 102 28 values.

665 4356 53 19 THE
731 4353 146 21 ALCOHOLIC
891 4352 112 25 LIQUORS
1023 4354 63 19 SALE
1106 4354 117 20 CONTROL
1232 4339 1 38 i

916 4394 58 18 ACT.

703 4426 66 27 This
784 4434 132 24 measure,
931 4424 95 37 passed
1044 4425 24 26 in
1096 4426 78 34 1895,
1190 4426 31 27 lie

668 4465 160 27 considered
843 4474 14 16 a
873 4473 63 28 very
949 4463 95 28 liberal
1058 4474 60 25 one,
1136 4465 83 27 which

668 4504 73 27 dealt
756 4503 63 27 with
835 4502 47 28 the
895 4502 88 29 vexed
993 4503 125 37 question
1133 4504 29 27 of
1176 4504 45 28 the
1232 4502 1 38 i

666 4543 89 38 liquor
765 4542 87 28 traffic
868 4542 26 27 in
909 4552 15 17 a
939 4552 63 27 very
1020 4542 51 28 fair
1085 4553 68 28 way.
1196 4544 24 26 It

666 4583 72 28 leant
765 4587 27 23 to
818 4582 46 28 the
890 4585 124 26 extreme
1041 4587 92 35 party,,
1153 4594 30 17 as
1197 4583 22 29 it

664 4634 70 26 gave
756 4623 74 28 thern
852 4634 16 16 a
894 4623 170 29 three-fifths
1080 4624 136 39 majority.

664 4663 52 27 His
730 4664 82 26 views
834 4672 70 18 were
931 4663 147 35 moderate,
1105 4663 54 28 and
1186 4665 32 28 he

664 4704 47 27 did
735 4707 48 24 not
804 4702 104 29 believe
931 4703 26 28 in
972 4703 167 40 interfering
1153 4704 63 29 with

665 4744 45 27 the
724 4744 97 36 liberty
834 4742 28 29 of
877 4743 45 28 the
936 4743 120 39 subject,
1063 4754 50 19 nor
1122 4744 47 29 dkl
1185 4745 32 29 lie

665 4783 79 27 think
757 4783 60 28 that
830 4784 41 26 six
887 4784 96 36 people
997 4784 97 28 should
1109 4785 103 30 dictate

664 4825 28 23 to
706 4822 61 26 four
781 4822 73 27 what
866 4822 65 36 they
945 4823 97 27 should
1061 4824 82 27 drink
1163 4835 53 27 any
1231 4822 2 40 '

666 4870 73 18 more
771 4860 66 28 than
869 4867 55 30 eat,
955 4872 49 18 nor
1037 4863 120 30 GOO.OOO
1190 4870 28 23 to
1231 4860 2 42 j

665 4900 128 33 400,000.
872 4902 170 36 (Applause.)
1106 4905 26 26 It
1164 4915 54 17 was
1231 4890 2 48 I

666 4949 98 27 wrong
774 4940 25 26 in
823 4940 141 37 principle,
979 4942 53 27 and
1049 4943 33 28 he
1102 4944 45 27 did
1170 4949 48 24 not

666 4978 80 26 think
774 4978 169 28 Prohibition
977 4982 89 26 would
1092 4992 65 19 ever
1185 4985 33 26 be

666 5017 104 27 carried
781 5017 27 27 in
817 5017 54 28 this
882 5022 125 35 country.
1047 5020 43 30 He
1099 5022 119 37 thought
1232 5007 1 54 |

668 5056 221 29 Prohibitiohists
915 5058 97 29 should
1037 5060 34 28 be
1098 5062 119 29 satisfied
1232 5056 1 47 j

666 5095 66 27 with
746 5096 47 27 the
807 5096 169 29 three-fifths
998 5098 136 39 majority.
1174 5102 44 28 He
1232 5088 1 49 '

667 5134 121 29 referred
802 5139 27 24 to
844 5135 45 28 the
903 5136 56 27 fact
974 5137 57 28 that
1046 5138 172 30 drunkeness

668 5184 53 17 was
736 5178 47 23 not
798 5184 14 17 a
826 5175 58 28 vice
898 5175 29 27 of
948 5176 46 27 the
1014 5187 94 28 young
1122 5180 96 37 people
1232 5175 1 44 j

667 5213 29 26 of
709 5213 46 26 the
769 5213 106 37 colony,
889 5215 54 26 and
958 5215 60 36 why
1033 5218 96 26 curtail
1150 5219 70 27 their

668 5252 109 35 liberty.
817 5252 44 27 He
873 5252 124 29 believed
1007 5253 28 27 in
1046 5256 96 36 people
1153 5257 66 28 hav-
1232 5252 1 40 1

668 5292 48 35 ing
730 5291 103 27 control
848 5291 29 28 of
885 5291 47 28 the
941 5292 86 28 traffic
1036 5293 28 28 in
1073 5295 73 27 their
1158 5305 60 18 own
1232 5291 1 36 |

668 5330 130 34 districts,
819 5330 51 28 but
894 5330 120 38 thought
1040 5333 47 28 the
1111 5334 108 38 subject

668 5369 97 28 should
780 5370 34 26 be
828 5370 172 36 approached
1020 5372 27 26 in
1061 5382 16 17 a
1090 5374 129 36 practical

667 5419 59 26 way
740 5418 29 18 as
778 5408 89 27 suited
878 5418 49 18 our
937 5413 83 24 tastes
1031 5411 53 27 and
1095 5412 123 37 pockets.

666 5447 212 39 —(Applause.j

814 5504 88 20 OTHER
924 5505 147 22 MEASURES.

703 5535 45 28 Mr
762 5535 125 28 Larnach
902 5536 86 37 spoke
1011 5537 28 28 of
1063 5538 46 28 the
1132 5537 87 39 Eight
1232 5530 1 47 j

666 5575 102 28 Hours'
780 5574 130 32 Bill,with
920 5575 88 30 which
1018 5576 34 28 he
1063 5577 153 37 disagreed,
1232 5574 1 40 !

664 5624 29 17 as
706 5624 16 17 a
748 5613 144 28 socialistic
919 5624 130 25 measure,
1077 5616 90 28 suited
1188 5620 28 25 to
1232 5613 1 37 |

663 5653 78 30 those
755 5653 60 28 who
842 5653 14 28 el
862 5653 26 28 id
915 5658 49 25 not
988 5659 73 24 want
1083 5659 28 26 to
1138 5655 76 30 work
1232 5653 1 32 !

1259 178 4 39 I
1277 182 122 26 between
1414 181 91 27 meals.
1546 180 44 28 He
1616 180 91 28 would
1726 179 56 29 like
1802 184 27 24 to

1273 230 44 18 see
1331 230 75 18 some
1425 220 67 28 such
1519 230 125 18 measu?*e
1671 219 106 29 carried
1796 230 29 18 as

1272 260 46 26 the
1343 259 51 27 Old
1421 260 62 37 Age
1506 260 119 27 Pension
1639 259 63 34 Bill,
1764 269 48 27 pro-

1272 299 61 27 vide
1347 299 43 27 for
1403 299 46 27 the
1463 299 72 38 aged
1548 298 54 28 and
1617 298 138 38 indigent,
1776 299 50 27 but

1272 339 44 27 the
1328 338 106 37 subject
1445 339 107 27 wanted
1564 339 98 37 longer
1669 337 139 29 considera-

1270 378 65 35 tion,
1351 378 55 28 and
1428 378 107 36 should,
1561 378 22 28 if
1606 378 169 29 established
1795 382 28 24 at

1269 419 43 32 all,
1326 419 32 26 be
1369 419 105 26 started
1486 429 33 17 on
1529 429 16 16 a
1555 419 88 27 sound
1655 419 84 27 basis.
1778 419 44 27 He

1269 456 120 28 referred
1404 459 27 25 to
1445 457 47 26 the
1513 457 54 27 late
1595 456 122 29 Colonial
1740 456 65 29 Trea-

1268 497 101 28 surer's
1409 497 166 35 difficulties,
1608 498 54 28 and
1695 497 59 28 said
1788 498 34 28 he

1267 537 141 28 sacrificed
1431 537 110 28 himself
1554 541 28 24 to
1596 537 43 27 his
1653 540 82 34 party
1743 547 8 24 j
1772 537 51 28 but

1268 577 75 28 there
1358 587 55 18 was
1427 586 73 18 more
1514 577 90 27 blame
1624 580 27 24 to
1672 577 47 26 the
1733 576 89 28 banks

1267 617 60 26 who
1352 618 66 35 kept
1431 616 42 27 his
1488 622 129 21 accounts
1632 615 66 26 than
1712 618 28 25 to
1755 615 65 28 him.

1267 655 143 38 Speaking
1437 655 29 29 of
1491 655 47 29 the
1561 659 63 25 vote
1638 653 29 30 of
1680 654 141 35 £200,000

1267 696 40 27 for
1324 697 45 26 the
1390 695 193 37 development
1607 694 29 28 of
1650 694 116 36 mining,
1787 694 33 27 he

1263 735 127 39 strongly
1411 735 151 28 advocated
1578 737 84 25 water
1676 744 128 17 conserva-

1264 776 65 34 tion,
1343 775 54 29 and
1411 775 58 28 said
1484 775 33 28 he
1534 774 89 29 would
1649 774 35 28 do
1699 774 42 27 his
1758 774 62 28 best

1263 820 27 24 to
1304 817 69 27 have
1387 816 76 27 Like
1490 815 109 28 Oaslow
1628 813 143 38 protected
1790 814 29 27 in

1261 855 60 28 that
1347 855 200 38 way.—(Loud
1580 854 150 37 applause.)
1774 852 44 29 He

1261 895 89 28 would
1373 895 133 28 advocate
1533 894 45 28 the
1606 893 127 37 building
1754 893 29 27 of
1804 903 15 17 a

1260 935 71 37 light
1363 935 111 36 railway
1505 934 72 28 from
1606 933 149 28 Lawrence
1787 942 31 18 or

1261 975 58 28 Her
1322 975 37 28 lot
1385 979 28 24 to
1440 975 23 27 R
1474 974 130 38 )xburgli,
1619 973 55 28 and
1695 972 121 37 thought

1261 1015 58 28 that
1335 1015 88 28 whilst
1437 1015 21 28 it
1473 1014 89 29 would
1578 1015 33 27 be
1637 1013 76 39 quite
1740 1012 62 28 suffi-

1260 1055 72 28 cient
1345 1055 44 28 for
1409 1055 35 28 all
1465 1058 111 34 present
1590 1055 94 32 needs,
1698 1053 22 27 it
1735 1052 80 28 could

1263 1095 31 28 be
1308 1095 84 39 easily
1406 1095 54 29 and
1483 1094 114 39 cheaply
1620 1094 71 28 done
1693 1092 122 28 —about

1260 1137 104 33 £1,500
1378 1147 49 26 per
1441 1136 71 27 mile.
1554 1135 33 27 In
1596 1134 168 37 concluding
1773 1133 42 28 his

1260 1175 121 34 address,
1395 1176 32 27 he
1441 1175 47 28 did
1503 1179 48 24 not
1565 1174 50 28 ask
1630 1174 42 28 for
1685 1184 15 17 a
1713 1177 65 24 vote
1789 1173 29 27 of

1260 1215 158 27 confidence
1435 1215 45 34 (lie
1494 1215 54 26 had
1563 1224 84 17 never
1662 1213 85 27 asked
1763 1223 54 26 any

1260 1262 65 16 man
1336 1252 43 28 for
1392 1254 42 26 hies
1449 1257 63 23 vote
1534 1253 55 26 and
1611 1252 91 28 would
1716 1255 49 23 not
1780 1251 35 27 do

1261 1302 29 19 so
1305 1294 84 36 now),
1405 1292 49 29 but
1475 1292 21 29 if
1516 1291 131 31 returned
1670 1291 34 29 he
1726 1290 90 30 would

1262 1334 75 28 work
1352 1334 43 28 for
1404 1334 35 28 all
1450 1337 77 35 parts
1536 1334 29 28 of
1576 1334 42 28 his
1628 1333 190 36 constituency

1262 1384 28 16 as
1306 1374 34 28 he
1359 1374 54 28 had
1427 1374 72 28 done
1511 1374 28 27 in
1554 1374 47 28 the
1615 1376 71 34 past.
1689 1372 130 37 —(Loud

1262 1414 152 37 applause.)

1462 1463 154 24 QUESTION'S.

1301 1495 140 37 Replying
1455 1504 27 18 to
1498 1496 24 26 M
1531 1507 11 15 r
1557 1495 143 34 Androws,
1714 1494 35 28 he
1759 1493 59 28 said

1265 1536 33 27 he
1321 1535 91 28 would
1435 1535 35 28 do
1494 1536 118 36 nothing
1635 1539 28 24 to
1686 1533 132 28 interfere

1266 1575 65 28 with
1344 1575 46 28 the
1415 1580 110 34 present
1540 1574 145 29 education
1696 1577 103 35 system
1810 1586 7 23 ;

1268 1617 46 26 but
1329 1616 21 27 if
1363 1616 45 27 the
1422 1616 77 28 Bible
1509 1627 30 17 or
1549 1616 131 37 religious
1688 1614 130 38 teaching

1265 1656 80 27 could
1360 1656 33 27 be
1415 1656 160 27 introduced
1600 1655 114 28 without
1734 1654 70 28 inter-

1267 1695 90 37 fering
1381 1696 64 26 with
1474 1696 44 27 the
1544 1699 103 33 system
1668 1694 34 28 he
1728 1694 90 28 would

1267 1736 97 27 favour
1376 1735 30 34 it,
1420 1735 53 27 and
1488 1735 160 28 considered
1657 1734 48 29 the
1716 1733 61 29 lack
1792 1734 27 28 of

1267 1776 20 28 it
1299 1786 53 18 was
1364 1776 45 29 the
1419 1776 62 38 only
1495 1779 72 26 want
1578 1776 27 29 of
1615 1786 48 19 our
1674 1774 143 30 education

1267 1821 111 31 system.

1304 1856 32 27 In
1349 1867 105 18 answer
1464 1862 28 23 to
1505 1857 43 28 Mr
1559 1857 96 28 Harris
1669 1867 29 18 as
1712 1860 28 25 to
1755 1857 61 37 wliy

1268 1897 31 26 he
1312 1896 115 29 allowed
1451 1897 45 27 Mr
1522 1897 73 27 John
1620 1896 148 29 M'Kenzie
1792 1901 26 24 to

1266 1946 50 17 run
1330 1936 79 29 down
1437 1938 44 26 the
1506 1937 105 38 quality
1634 1937 28 28 of
1681 1937 47 28 the
1755 1937 63 28 Moa

1265 1976 62 27 Flat
1342 1977 72 35 land,
1425 1978 33 27 he
1479 1977 58 29 said
1560 1978 32 27 he
1616 1977 54 28 had
1689 1977 70 28 done
1784 1977 34 28 all

1266 2027 26 16 111
1308 2016 40 28 his
1364 2028 90 26 power
1465 2024 27 21 to
1507 2018 81 37 bring
1602 2018 84 27 about
1696 2018 45 27 the
1753 2028 48 27 pur-

1265 2056 80 28 chase
1355 2057 30 26 of
1395 2057 59 28 that
1464 2061 86 24 estate
1561 2068 6 23 ;
1591 2058 48 27 but
1651 2057 44 27 Mr
1705 2056 94 29 M'Ker-

1266 2106 53 19 row
1329 2097 54 27 had
1395 2097 99 28 visited
1509 2097 20 27 it
1539 2101 28 24 at
1579 2097 45 28 the
1635 2107 96 27 wrong
1742 2097 74 34 time,

1266 2137 25 26 in
1307 2136 44 28 the
1367 2137 101 28 middle
1494 2137 28 27 of
1546 2137 104 33 winter,
1673 2137 55 27 and
1747 2146 69 28 gave

1264 2187 32 17 an
1309 2176 113 29 adverse
1433 2180 101 35 report,
1547 2176 109 39 against
1668 2176 88 29 which
1770 2177 46 28 the

1265 2216 187 29 Government
1484 2217 78 28 could
1601 2221 48 23 not
1686 2228 45 26 go.
1773 2217 43 28 He

1265 2256 97 36 hoped,
1379 2257 133 33 however,
1529 2265 28 18 to
1569 2259 49 33 get
1632 2257 45 27 the
1691 2257 125 27 Minister

1264 2301 26 21 to
1326 2296 64 28 visit
1423 2296 21 28 it
1484 2295 155 38 personally
1670 2296 71 28 after
1769 2296 46 28 the

1263 2346 97 25 recess,
1374 2336 64 35 and,
1452 2337 27 27 in
1491 2337 64 33 fact,
1573 2336 32 27 he
1616 2337 50 28 had
1677 2336 138 38 promised

1261 2383 27 21 to
1302 2376 34 28 do
1357 2386 38 19 so.
1399 2376 212 38 —(Applause.)

1298 2417 31 26 Li
1352 2416 76 36 reply
1443 2423 27 21 to
1484 2427 34 16 an
1540 2415 111 33 elector,
1670 2416 35 28 he
1726 2418 89 27 would

1261 2459 45 25 not
1337 2455 131 29 interfere
1505 2454 65 28 with
1610 2454 46 28 the
1684 2456 130 28 women's

1260 2496 135 29 franchise
1410 2507 60 18 now
1485 2496 64 36 they
1571 2494 54 30 had
1640 2499 48 33 got
1711 2497 30 35 it,
1764 2508 33 17 un-

1259 2537 51 27 less
1335 2537 36 36 by
1390 2547 16 17 a
1433 2535 171 29 three-fifths
1632 2536 128 39 majority
1786 2538 28 27 of

1258 2576 173 27 themselves.

1294 2616 140 38 Replying
1449 2621 27 24 to
1490 2618 44 27 Mr
1558 2616 32 28 I>.
1619 2616 157 36 Cockburn,
1790 2617 20 29 it

1258 2665 54 18 was
1325 2660 49 24 not
1388 2661 60 23 true
1462 2658 60 27 that
1536 2666 54 26 any
1602 2656 143 38 syndicate
1758 2658 52 27 had

1255 2699 50 36 got
1336 2698 123 34 £30,000
1486 2698 28 28 of
1537 2696 46 29 the
1609 2696 107 39 mining
1738 2701 71 25 vote.

1256 2738 43 27 He
1314 2738 120 38 thought
1451 2739 19 27 it
1484 2750 15 16 a
1513 2736 74 40 good
1600 2738 83 38 thing
1696 2738 44 28 for
1762 2739 47 28 the

1245 2776 1 38 '
1255 2778 97 36 colony
1369 2779 57 27 that
1442 2779 47 27 Mr
1503 2776 113 31 Seddon
1629 2789 55 17 was
1704 2788 36 18 on
1762 2779 48 27 the

1253 2816 158 39 advisatory
1419 2818 87 28 board
1520 2818 29 28 of
1563 2816 46 30 the
1633 2816 158 39 Anglo-Ger-

1253 2866 60 14 man
1329 2858 151 33 syndicate.

1290 2892 44 28 He
1348 2894 91 27 would
1461 2899 115 33 support
1603 2895 47 28 the
1676 2893 133 39 purchase

1254 2932 36 37 by
1301 2931 187 31 Government
1512 2945 31 18 or
1564 2934 69 29 local
1659 2934 95 30 bodies
1781 2933 28 28 of

1253 2972 92 29 rabbit
1353 2974 80 37 proof
1439 2975 191 38 wire-netting
1638 2976 44 28 for
1690 2974 117 36 settlers,

1252 3013 54 28 and
1333 3015 88 27 would
1448 3016 97 27 favour
1576 3019 232 34 encouragement

1253 3057 27 25 to
1292 3054 47 29 the
1353 3055 164 38 growingof
1525 3056 101 28 timber
1635 3056 37 38 by
1687 3055 118 30 settlers.

1289 3096 26 27 A
1341 3098 63 26 vote
1434 3096 29 28 of
1488 3096 102 28 thanks
1616 3096 44 29 for
1682 3096 42 28 his
1744 3095 62 29 able

1251 3135 121 36 address,
1408 3136 54 28 and
1501 3136 159 30 confidence
1693 3137 29 28 in
1760 3135 46 29 Mr

1251 3176 124 27 Larnach
1406 3186 29 17 as
1463 3176 73 28 their
1578 3176 226 37 representative,

1251 3215 133 39 proposed
1425 3216 36 37 by
1506 3216 47 28 Mr
1596 3216 122 29 Andrew
1750 3215 54 29 and

1249 3256 136 28 seconded
1418 3256 37 33 by
1489 3256 45 27 Mr
1572 3256 145 35 Bennetts,
1749 3265 55 19 was

1249 3295 113 36 carried,
1385 3295 55 28 and
1465 3295 46 29 the
1534 3296 79 27 usual
1626 3296 178 38 compliment

1248 3340 28 24 to
1294 3336 46 28 the
1355 3336 75 28 chair
1444 3336 121 37 brought
1579 3336 47 28 the
1642 3336 122 38 meeting
1776 3340 28 24 to

1247 3387 15 17 a
1275 3376 80 28 close.

1399 3468 72 40 The
1515 3468 137 42 Courts.

1358 3568 203 21 MAGISTRATE'S
1576 3568 104 22 COURT.

1338 3605 106 28 Friday
1458 3604 68 29 20th
1540 3604 165 31 November.

1320 3649 82 25 (Before
1411 3649 21 21 S.
1444 3649 22 21 E.
1477 3648 114 27 M'C.irtliy,
1602 3650 56 26 Esq.,
1668 3651 62 24 S.M.)

1282 3683 100 34 Police,
1409 3693 26 18 v.
1463 3682 143 39 Margaret
1637 3684 47 28 Ah
1717 3683 85 30 Kim:

1247 3723 165 38 Permitting
1421 3733 51 19 one
1483 3723 78 29 horse
1581 3727 28 25 to
1620 3724 34 29 be
1665 3727 28 25 at
1712 3724 86 40 large.

1249 3764 85 29 Fined
1352 3765 45 27 10s
1411 3764 53 27 and
1479 3768 73 24 costs
1566 3765 62 36 (75.)

1284 3806 90 33 Same,
1388 3814 26 25 v,
1428 3804 74 26 John
1519 3803 109 38 Sheeliy
1640 3816 5 16 :
1670 3804 112 29 Permitt-

1246 3846 48 36 ing
1307 3855 83 18 seven
1405 3844 93 28 horses
1508 3847 29 26 to
1552 3844 120 30 wander.
1712 3845 88 29 Fined

1251 3886 44 28 10s
1308 3884 54 28 and
1377 3888 72 25 costs
1466 3885 62 36 (75.)

1284 3925 90 32 Same,
1388 3935 26 17 v.
1430 3924 118 28 Thomas
1573 3924 116 28 Whelan
1705 3938 5 14 :
1733 3922 48 32 Per-

1247 3964 111 37 mitting
1373 3962 61 30 nine
1458 3973 73 20 rams
1553 3967 27 26 to
1602 3964 35 30 be
1659 3968 29 26 at
1712 3965 85 40 large.

1249 4006 43 26 Mr
1313 4004 166 28 Macdonald
1503 4005 42 27 for
1563 4006 152 27 defendant
1738 4008 61 26 Avho

1247 4043 114 38 pleaded
1381 4047 47 23 not
1442 4042 99 38 guilty.
1583 4044 138 28 Evident
1745 4054 54 18 was

1247 4084 81 37 given
1344 4082 42 29 for
1400 4082 174 36 prosecution
1591 4084 35 37 by
1650 4083 149 31 Constable

1249 4123 94 37 Fouhy
1353 4122 54 28 and
1416 4121 27 29 J.
1453 4122 132 35 J.Smith,
1594 4124 207 38 poundkeeper.

1253 4162 154 28 Defendant
1422 4172 70 25 gave
1512 4162 130 28 evidence
1666 4164 43 27 for
1731 4165 53 27 him-

1249 4201 61 35 self,
1335 4201 48 28 but
1415 4201 25 26 in
1471 4202 275 30 cross-examination
1766 4204 36 37 by

1252 4241 149 28 Constable
1426 4240 94 37 Fouhy
1542 4242 77 27 made
1640 4243 164 29 admissions

1252 4281 60 28 that
1343 4279 144 37 deeidedly
1520 4282 199 37 strengthened
1759 4285 45 27 the

1253 4320 85 39 police
1352 4320 58 27 side
1433 4320 28 26 of
1484 4321 45 26 the
1550 4331 69 19 case.
1623 4323 83 27 —Mr
1729 4323 57 29 Mue-

1252 4359 99 30 donald
1369 4359 85 28 raised
1467 4371 15 16 ;i,
1494 4361 72 36 point
1582 4361 60 28 that
1653 4363 151 29 defendant,

1255 4409 52 18 was
1326 4401 29 26 13
1379 4400 76 26 miles
1475 4410 75 26 away
1575 4404 28 25 ut
1626 4402 46 27 the
1693 4403 65 27 time
1776 4404 28 26 of

1253 4440 46 27 the
1313 4438 104 36 iilleg<*l
1433 4439 113 35 offence,
1562 4451 30 16 so
1606 4441 60 28 that
1680 4442 33 27 he
1724 4443 78 28 could

1252 4483 47 24 not
1314 4478 69 27 have
1397 4481 17 11 '*
1428 4479 146 37 permitted
1622 4481 46 27 the
1688 4482 114 28 animals

1250 4524 28 23 to
1293 4519 33 27 bo
1339 4522 28 22 at
1383 4517 170 37 large.—Mr
1575 4519 146 39 M'Carthy
1743 4523 58 27 said

1250 4559 59 27 that
1325 4557 75 28 when
1417 4559 83 27 cattle
1519 4570 45 17 are*
1579 4560 83 28 found
1684 4565 28 23 at
1727 4561 75 38 large

1250 4599 63 37 they
1327 4608 47 18 are
1397 4599 145 37 permitted
1565 4604 26 23 to
1614 4601 32 27 be
1666 4604 29 25 at
1717 4602 82 36 large.

1251 4640 10 27 I
1276 4639 133 28 eforwlant,
1419 4639 55 27 liad
1484 4640 145 37 permitted
1644 4641 76 28 those
1731 4653 71 17 rams

1249 4683 28 24 to
1292 4679 33 28 be
1338 4682 29 23 at
1379 4677 74 39 large
1468 4679 52 28 and
1538 4679 63 28 then
1619 4679 67 29 tried
1703 4684 27 25 to
1753 4686 49 32 get

1247 4723 48 25 out
1305 4719 28 27 of
1344 4719 19 26 it
1376 4719 34 36 by
1421 4731 15 14 a
1446 4721 60 35 plea
1515 4721 29 26 of
1555 4725 45 23 not
1610 4721 99 38 guilty,
1724 4723 75 27 when

1248 4761 33 28 he
1310 4759 50 28 had
1396 4770 35 17 no
1461 4760 115 29 dei'ewe
1599 4761 52 28 and
1681 4761 68 29 tried
1774 4767 27 24 to

1245 4800 86 29 evade
1363 4802 157 35 answering
1539 4801 141 36 questions
1708 4803 24 26 in
1757 4804 45 26 the

1249 4839 188 29 witness-box.
1480 4842 38 26 As
1543 4841 19 26 it
1586 4851 52 18 was
1663 4841 40 29 his
1727 4842 71 29 third

1247 4882 51 27 oHe
1301 4890 58 24 nee,
1379 4880 33 29 he
1447 4881 53 35 (his
1526 4881 140 38 Worship)
1692 4883 49 28 felt
1760 4883 26 28 in-

1247 4920 88 29 clined
1350 4924 28 23 to
1402 4924 42 26 set
1465 4921 159 38 something
1644 4921 29 29 of
1693 4933 33 18 au
1752 4933 32 18 ex-

1247 4960 89 36 ample
1353 4960 23 25 in
1394 4961 53 26 this
1462 4972 70 17 ease.
1576 4961 84 28 Fined
1682 4964 38 27 .£3
1744 4964 53 27 and

1247 5004 73 22 costs
1337 4999 62 36 (75.)

1286 5039 80 28 Same
1392 5051 24 17 v.
1434 5039 103 30 Robert
1552 5041 121 37 Louden,
1683 5043 29 29 of
1726 5043 56 29 Law-

1248 5088 89 24 rence,
1351 5079 4 40 :
1373 5079 99 37 Plying
1488 5082 41 25 for
1551 5082 58 28 hire
1625 5083 62 27 with
1704 5094 15 16 a
1733 5084 66 35 dray

1248 5127 64 18 near
1343 5117 161 39 Roxburgh,
1527 5120 133 39 Tnapcka
1682 5121 118 40 County,

1248 5157 115 28 without
1376 5157 109 29 license.
1526 5159 159 32 Defendant
1698 5163 102 37 having

1248 5196 62 35 paid
1325 5197 26 26 in
1367 5196 45 28 the
1427 5197 99 29 license
1538 5199 41 28 fee
1589 5202 48 32 £2,
1651 5202 148 28 Constable

1252 5234 91 30 fcuuhy
1369 5236 85 26 asked
1484 5238 43 26 for
1552 5239 64 36 only
1639 5251 15 16 a
1679 5241 119 28 nominal

1248 5272 122 37 penalty.
1410 5274 85 29 Fined
1510 5278 30 26 5s
1553 5278 54 27 and
1621 5283 72 24 costs
1706 5281 63 35 (75.)

1286 5311 82 29 Same
1378 5323 25 17 v.
1414 5314 106 38 George
1531 5316 35 28 11.
1583 5318 32 27 A.
1632 5319 167 37 Simmonds,

1248 5350 30 28 of
1288 5351 167 36 Alexandra,
1470 5354 131 38 hawking
1617 5359 67 27 with
1706 5370 16 17 a
1745 5363 54 26 two

1249 5390 79 27 horse
1339 5399 51 19 van
1404 5397 28 22 at
1448 5393 65 27 Coal
1528 5394 88 28 Creek
1637 5397 62 28 Flat
1719 5399 64 28 with-

1248 5431 48 24 out
1309 5439 15 16 a
1343 5429 108 30 license.
1491 5432 45 28 Mr
1560 5433 173 39 Macdonald,
1755 5439 44 27 for

1248 5466 159 38 defendant,
1422 5470 60 29 who
1495 5471 116 38 pleaded
1626 5479 49 25 not
1697 5477 100 38 guilty.

1250 5506 147 30 Constable
1432 5510 14 26 I
1455 5511 72 36 ouhy
1572 5514 53 27 and
1673 5516 123 29 Bernard

1247 5545 130 39 Whiting
1385 5559 70 24 gave
1468 5551 131 28 evidence
1613 5553 43 28 for
1668 5565 112 26 prosecu-

1247 5585 66 27 tion.
1352 5586 46 27 Mr
1437 5587 167 31 Macdonald
1644 5594 151 29 submitted

1246 5624 60 27 that
1327 5625 47 27 the
1392 5635 61 18 case
1474 5627 98 30 should
1596 5630 34 27 be
1651 5631 144 31 dismissed

1353 5675 124 26 (Continnetl
1491 5684 30 15 on-
1530 5678 78 23 Fourth
1623 5680 71 27 Page.).

1862 5165 92 24 Hollow
1959 5173 11 14 <i
1974 5165 32 29 y*n
2040 5166 114 21 Oiivnncn
2161 5169 5 14 '■
2203 5162 45 22 ar.d
2286 5161 65 23 I'il'm.

1832 5198 84 24 Whilst
1949 5200 40 20 tlic
2017 5196 148 24 inhiiiniiiiifH
2317 5201 14 21 |(
2335 5201 8 11 r
2346 5199 33 17 'N'

1828 5231 67 22 ciii<H
1919 5230 72 23 sutler
2024 5229 59 23 IVom
2110 5227 40 23 tHc
2172 5226 81 23 eMails
2277 5226 22 20 of
2323 5234 44 16 mc

1828 5262 123 28 Crowding
1961 5260 45 24 ami
2020 5261 29 22 all
2064 5259 167 24 I'swUcndunt
2245 5257 66 23 uv.h.

1838 5295 106 29 pliyncal
1959 5294 46 22 and
2019 5292 81 29 moral,
2112 5291 40 23 the
2165 5297 63 17 more
2248 5290 80 23 ruliunt
2348 5298 29 15 an

1827 5327 120 29 energetic
1964 5329 121 26 emigrant
2104 5323 44 25 will
2167 5323 23 23 in
2217 5323 36 22 I'i''
2284 5328 51 17 (inn
2353 5323 26 23 be

1829 5359 59 23 iable
1902 5363 23 18 to
1940 5357 72 25 suffer
2025 5365 22 15 in
2063 5358 35 23 Inn
2113 5365 48 15 now
2180 5356 69 23 home
2264 5354 59 24 from
2340 5354 38 25 tlic

1829 5395 58 19 want
1899 5391 23 21 t-f
1937 5391 71 28 ready
2022 5389 53 24 skill
2088 5389 45 23 and
2149 5389 38 23 tin*
2281 5386 98 24 medio,il

1827 5429 122 16 resource
1973 5422 24 23 of
2017 5424 34 21 Ins
2071 5426 79 19 native
2172 5417 53 31 Iau«l
2246 5417 89 31 always
2356 5427 12 14 a

1827 5454 136 23 command.
1996 5454 12 20 'I
2017 5454 29 23 he
2062 5454 53 23 lieatf
2126 5452 84 24 »d*vice
2224 5459 12 14 a
2248 5450 76 23 friend
2337 5459 41 14 out

1826 5487 55 29 give
1900 5487 20 22 is
1933 5488 34 21 for
1978 5487 13 23 h
2005 5494 20 16 in
2039 5492 23 18 to
2078 5485 53 24 take
2149 5494 12 14 a
2176 5485 86 30 suppiy
2274 5484 24 22 of
2316 5482 64 26 tbone

1826 5519 51 23 well
1892 5518 86 24 known
1990 5519 114 23 remedies
2121 5527 25 14 as
2161 5522 50 25 part
2222 5517 24 22 of
2259 5517 35 22 Imm
2310 5516 68 23 outfit

1827 5551 35 22 for
1888 5550 30 31 by
1936 5552 117 23 atiention
2090 5554 40 21 tlie
2142 5549 72 29 easily
2237 5548 143 24 understood

1825 5582 48 23 and
1887 5588 39 24 jet
1947 5586 80 26 ample
2049 5583 129 24 directions
2192 5580 75 24 wbich
2286 5586 77 16 accom-

1826 5622 61 21 pany
1900 5614 56 24 each
1971 5615 43 23 box
2029 5615 46 23 and
2091 5621 39 23 pot
2147 5614 28 22 he
2196 5612 47 23 will
2266 5617 73 18 never
2351 5612 28 23 te

1824 5650 25 19 at
1859 5645 63 24 fault
1947 5647 68 24 when
2038 5646 70 25 taken
2127 5646 23 24 ill
2173 5652 26 17 or
2226 5643 77 25 under
2331 5650 47 25 atiy

1825 5677 98 25 adverse
1940 5680 108 27 sanitary
2062 5680 135 24 conditions
2215 5678 25 23 of
2267 5676 49 26 life.

1886 76 197 40 MOUHT
2172 75 227 41 BENGER
2487 72 153 38 MAIL.

203 87 168 51 Friday,
397 92 232 38 November
651 90 68 40 27,
745 90 117 36 1896.

1862 170 260 30 APPLICATION
2135 170 73 29 FOR
2221 166 191 29 LICENSED

2044 208 185 32 HOLDING.

2030 282 122 25 District:
2171 280 81 33 Otago
2266 277 111 35 Mining.

1972 317 37 28 Da
2014 325 6 11 f
2024 328 12 16 e
2048 329 5 16 :
2069 317 59 27 10th
2141 315 146 31 November
2300 315 36 27 18'
2336 315 37 27 JO.

1889 353 35 25 To
1939 353 40 27 the
1997 355 107 26 Warden
2118 360 25 21 at
2157 352 146 34 Roxburgh,

1842 387 1 46 j
1980 392 89 35 hereby
2095 392 74 35 apply
2188 390 36 26 fur
2254 399 13 16 a
2289 387 118 29 Licensed

1842 420 1 44 [
1872 431 8 11 *
1898 431 7 11 *
1945 428 113 33 Hulding
2068 428 35 26 for
2114 420 165 38 Goldmining
2291 435 116 23 purposes

1855 462 76 27 under
1945 464 41 25 the
2000 465 138 35 provisions
2160 463 27 26 of
2232 461 52 26 The
2305 461 102 36 Mining

1855 503 57 28 Act,
2053 503 27 25 of
2099 503 41 25 the
2166 500 69 27 lands
2262 500 146 26 hereinafter

1853 537 135 32 described,
2000 540 79 25 which
2091 540 61 25 have
2168 539 58 25 been
2237 535 58 36 duly
2307 536 100 26 marked

1853 575 24 24 in
1892 576 149 26 accordance
2057 577 59 24 with
2131 576 40 25 the
2194 574 97 33 mining
2313 573 82 35 regula-

1853 611 73 25 tions.

2060 648 92 28 JOHN
2180 646 146 29 GUNTON

2062 685 146 28 GEORGE
2224 683 147 27 GUNTON

1851 721 50 36 (By
1913 722 63 26 their
1987 722 122 33 Solicitor,
2123 722 92 26 David
2227 719 179 36 Finlayson.)

1886 790 92 28 Names
1993 792 47 26 and
2055 792 126 27 addresses
2194 792 25 26 in
2233 788 44 28 full
2292 789 27 26 of
2327 789 64 36 appli-

1850 834 71 20 cants
1926 828 99 27 —John
2040 830 102 25 Gunton
2157 829 47 26 and
2220 828 98 32 George
2333 828 53 25 Gun-

1851 870 49 26 ton,
1911 866 26 25 of
1949 865 139 26 Horseshoe
2101 865 173 31 Bend,miners
2279 864 124 31 —17(517,

1849 901 124 35 8/10/96;
1996 902 90 31 17618,
2100 902 114 34 8/10/9(5.

1884 938 69 35 Style
1967 939 78 25 undur
2060 940 79 25 which
2154 941 19 23 it
2195 940 20 24 is
2239 936 115 27 intended
2379 943 24 20 to

1849 976 107 26 conduct
1967 976 41 26 the
2020 976 251 26 business—Gunton
2286 974 116 25 Brothers

1883 1013 113 35 Locality
2011 1014 79 25 where
2102 1014 41 25 the
2154 1013 57 25 land
2222 1011 96 35 applied
2332 1011 36 26 for
2382 1012 19 25 is

1848 1049 287 26 situated—South-east
2157 1051 23 23 ot
2204 1049 47 25 and
2274 1048 129 34 adjoining

1848 1086 99 26 Section
1963 1086 39 33 IG,
2016 1086 76 26 Block
2103 1086 35 26 XI
2148 1086 28 32 1.,
2190 1086 96 33 Benger
2296 1086 105 24 district.

1883 1124 95 26 Extent
1991 1124 23 26 ol
2029 1124 57 26 land
2098 1124 97 36 applied
2210 1131 66 18 tor—
2280 1122 13 25 0
2308 1131 76 18 acres.

1883 1164 112 23 Amount
2009 1161 27 26 of
2045 1162 90 34 capital
2150 1159 117 37 proposed
2282 1162 27 23 to
2321 1160 28 25 be
2363 1161 24 23 in-

1850 1198 226 32 vested—£l,ooo.

1883 1236 127 33 Proposed
2025 1236 70 24 mode
2118 1236 26 24 of
2165 1234 112 33 working
2291 1234 40 24 the
2345 1232 57 26 land

1850 1272 174 35 —Hydraulic
2039 1271 115 34 sluicing.

1884 1309 72 27 Term
1971 1309 37 27 for
2022 1309 79 27 which
2116 1309 89 27 license
2219 1308 20 27 is
2257 1306 111 38 required
2372 1322 33 4 —

1851 1348 28 25 21
1901 1357 81 24 years.

1887 1383 107 28 General
2006 1382 214 35 remarks—Pegs
2234 1381 97 27 marked
2347 1381 33 26 G.

1886 1422 82 26 Dated
1983 1428 23 20 at
2024 1421 137 36 Roxburgh
2176 1422 48 24 this
2247 1420 58 26 10th
2320 1419 46 35 day
2382 1417 23 27 oi

1853 1459 147 34 November,
2023 1460 43 26 189
2066 1460 30 26 G.

1884 1530 53 25 The
1951 1530 76 26 above
2042 1528 149 36 application
2206 1528 47 25 and
2267 1536 46 24 any
2328 1526 65 35 objec-

1852 1567 63 25 tions
1930 1566 50 27 will
2004 1567 28 25 be
2058 1566 73 26 heard
2158 1571 24 20 at
2208 1566 40 23 the
2274 1563 130 26 Warden's

1851 1603 74 27 Office
1939 1611 25 21 at
1980 1604 138 35 Roxburgh
2133 1613 31 17 on
2184 1603 59 26 11th
2264 1599 139 33 December,

1853 1643 71 25 1896.

1885 1681 57 33 Any
1958 1687 88 27 person
2061 1677 111 35 desiring
2192 1682 25 21 to
2231 1675 79 37 object
2324 1680 25 20 to
2363 1674 41 25 the

1850 1717 64 24 issue
1929 1717 27 24 of
1965 1725 13 16 a
1992 1715 91 26 license
2094 1715 36 25 for
2142 1716 40 24 the
2194 1714 56 26 land
2262 1712 95 35 applied
2368 1712 36 24 for

1851 1759 73 26 must,
1945 1754 65 35 prior
2036 1759 24 21 to
2083 1752 41 26 the
2148 1751 110 34 hearing,
2279 1757 68 21 en'er
2367 1747 37 28 his

1850 1792 135 33 objections
2011 1797 25 20 at
2062 1790 40 27 tLe
2129 1789 131 28 Warden's
2285 1787 74 28 Office
2379 1792 26 21 at

1851 1828 146 36 Roxburgh.

1902 1865 211 26 FREDERICK
2132 1864 168 33 JEFFERY,

2049 1903 75 25 Clerk
2141 1902 127 26 Warden's
2283 1901 85 26 Court.

1886 1939 121 27 Received
2022 1946 24 20 at
2064 1940 132 26 Warden's
2210 1939 73 26 Office
2296 1942 25 22 at
2335 1937 51 26 Rox-

1850 1978 80 35 burgh
1957 1987 31 16 on
2017 1978 59 26 10th
2103 1977 149 33 November,
2281 1975 71 34 1596,
2378 1978 26 21 at
2408 1975 4 38 i

1850 2017 30 24 10
1895 2025 55 16 a.m.
2411 2011 1 35 j

1847 2088 141 30 NOTICE
2024 2088 47 28 OF
2107 2086 210 30 INTENTION
2354 2085 47 29 TO

1867 2128 226 30 CONSTRUCT
2119 2125 262 35 WATEIt-KACE,

2098 2199 100 26 District
2212 2209 5 16 :
2241 2198 122 27 Dunstan.

2050 2238 81 26 Date:
2152 2236 49 26 2nd
2218 2236 145 26 November.

1880 2275 35 25 To
1930 2275 40 25 the
1985 2274 109 26 Warden
2109 2278 24 20 at
2148 2272 147 33 Roxburgh.

1844 2314 26 53 I
1888 2311 147 27 HEREBY
2051 2312 56 34 give
2123 2309 79 27 no'ice
2218 2310 51 25 that
2285 2307 8 26 1
2311 2307 85 26 intend

1909 2357 24 18 to
1945 2356 128 20 construct
2083 2358 13 16 a
2114 2347 151 25 Water-race
2281 2353 23 18 to
2318 2345 78 26 divert

1845 2388 48 27 and
1919 2397 42 16 use
1987 2393 75 20 water
2086 2386 36 25 lor
2149 2385 97 33 mining
2271 2391 124 27 purposes,

1844 2425 176 33 commencing
2031 2431 24 17 at
2070 2432 13 16 a
2096 2422 69 33 point
2179 2422 24 24 in
2224 2422 79 24 leviot
2318 2420 74 24 Creek

1846 2469 47 19 two
1903 2462 87 25 chains
2000 2461 77 25 above
2089 2459 39 26 the
2143 2457 60 26 head
2216 2459 21 23 ol
2251 2458 38 25 the
2302 2455 92 28 United

1846 2499 120 27 Hercules
1992 2504 152 24 water-race,
2172 2495 86 26 thence
2288 2494 105 35 through

1844 2544 54 28 part
1923 2537 27 25 of
1971 2537 88 24 Teviot
2084 2534 92 26 station
2203 2532 114 31 freehold,
2345 2532 47 25 and
2407 2530 2 50 j

1843 2573 163 35 terminating
2031 2579 23 19 at
2082 2572 39 25 the
2154 2570 92 26 United
2274 2568 118 26 Hercules
2406 2561 2 47 |

1843 2619 151 19 water-race.

1875 2650 53 25 Hie
1943 2648 87 35 length
2044 2647 26 26 of
2080 2646 62 26 such
2152 2654 53 17 race
2217 2646 20 25 is
2248 2652 48 18 two
2309 2644 82 26 chains

1840 2696 26 17 or
1882 2686 164 31 thereabouts,
2061 2685 48 26 ami
2123 2685 32 25 ks
2177 2682 116 27 intended
2308 2690 83 18 course

1839 2725 20 26 is
1872 2729 53 22 past
1938 2723 47 27 and
2001 2728 69 21 west.

1874 2761 52 27 The
1940 2770 71 17 mean
2025 2760 76 35 depth
2115 2759 27 27 of
2161 2759 59 27 such
2247 2768 52 16 race
2323 2758 20 26 is
2358 2758 33 37 211

1840 2800 42 24 Gin
1896 2798 49 26 and
1961 2799 40 25 the
2024 2807 70 15 mean
2117 2796 101 27 breadth
2242 2796 20 24 is
2284 2796 37 24 5-ft
2343 2796 48 30 Gin,

1839 2836 49 26 and
1908 2836 20 25 it
1950 2835 19 25 is
1992 2835 120 32 proposed
2135 2840 24 21 to
2182 2834 81 26 divert
2288 2837 89 29 twenty-

1839 2878 73 17 seven
1939 2869 171 25 Government
2140 2868 76 25 heads
2247 2867 27 25 of
2295 2867 96 34 surplus

1839 2912 82 20 water.

1873 2944 60 26 Cost
1947 2942 26 26 of
1989 2944 179 25 construction.
2171 2941 116 30 —£150.

1871 2982 69 25 Time
1972 2980 114 37 required
2117 2980 37 26 for
2188 2980 203 26 construction—

1837 3019 98 26 Twelve
1949 3019 107 26 months.

1872 3055 112 27 Number
1997 3055 49 26 and
2059 3055 58 27 date
2130 3054 27 27 of
2168 3055 97 26 miner's
2279 3055 111 35 right.—

1838 3093 100 35 17649;
1961 3093 10 26 1
1977 3092 95 36 1/2/9&.

2002 3130 24 27 J.
2048 3130 26 28 F.
2096 3129 190 35 KITCHLNG,

2212 3168 142 35 Applicant.

1868 3245 60 34 Any
1941 3253 87 26 person
2044 3243 126 35 objecting
2182 3247 24 20 to
2216 3241 40 26 the
2268 3243 121 33 granting

1835 3281 30 26 of
1873 3283 49 24 this
1935 3280 149 36 application
2100 3284 66 20 must
2176 3278 72 35 lodge
2260 3280 37 24 his
2307 3279 66 34 objec-

1837 3320 51 25 tion
1902 3320 24 24 in
1942 3318 102 35 writing
2058 3324 24 18 at
2105 3317 40 25 the
2168 3315 131 27 Warden's
2313 3316 75 26 Office

1836 3361 25 21 at
1877 3356 137 34 Koxburgh
2030 3354 84 25 within
2130 3355 110 24 fourteen
2254 3353 133 34 clvardays

1835 3393 61 26 from
1914 3393 39 26 the
1967 3393 55 26 da'e
2037 3390 89 27 hereof.

2418 3243 42 51 Y
2545 3242 44 34 A.
2667 3239 183 35 MrLL
2876 3238 82 34 ER
2965 3264 8 15 y

2417 3314 133 27 BUILDER,
2565 3313 107 22 JOINER
2686 3312 63 21 ANI>

2512 3365 71 28 lloss
2604 3365 98 33 Place,
2722 3363 165 28 Lawrence.

2421 3455 121 29 PLANS
2557 3454 79 29 AND
2651 3450 320 33 SPECIFICATIONS

2559 3507 26 28 A
2606 3504 226 31 SPECIALTY.

2415 3600 155 38 Quantities
2585 3598 138 40 Prepared
2745 3598 56 28 and
2822 3596 150 29 Estimates

2442 3641 88 28 Given
2543 3640 44 28 for
2599 3639 36 28 all
2648 3639 101 28 classes
2762 3638 29 28 of
2806 3636 136 28 Builders'

2650 3678 99 29 Work.

2416 3751 35 57 J
2457 3797 10 13 <
2531 3751 49 38 H.
2644 3747 329 42 PEARSON,

2517 3816 68 21 ROSS
2599 3814 97 26 PLACE,
2711 3812 168 27 LAWRENCE,

2461 3859 267 34 CONTRACTOR,
2748 3856 181 36 BUILDER,

2670 3920 54 20 AND

2556 3960 277 34 UNDERTAKER.

2418 4037 146 28 Contracts
2578 4035 86 27 taken
2675 4035 42 26 for
2735 4033 134 27 lenders'
2889 4033 82 27 Work

2537 4075 29 30 of
2580 4086 80 27 every
2675 4073 179 40 description.

2482 4150 14 20 !•:
2504 4149 36 19 st
2550 4150 7 18 r
2566 4149 18 19 ,\r
2594 4149 41 19 at
2644 4147 14 21 k
2665 4149 14 18 s
2713 4148 13 19 i>
2736 4146 87 21 repa
2832 4146 40 20 ue
2881 4146 23 21 d.

2456 4208 19 27 A
2495 4205 195 29 well-assorted
2717 4203 87 30 Stock
2823 4203 30 28 of
2873 4201 85 29 luirni-

2419 4252 59 22 lim'o
2492 4248 23 26 id
2521 4257 71 27 w»ys
2606 4257 33 16 on
2656 4245 82 28 hand.

2460 4286 129 28 Kiumthls
2599 4284 155 30 conducted
2769 4280 24 40 it<
2806 4283 33 28 nil
2855 4285 74 35 parts
2944 4280 29 28 of

2418 4327 45 29 the
2495 4328 120 27 l>Uiriet.
2660 4325 101 28 Ilonrso
2789 4321 133 40 provided
2952 4321 21 27 if

2419 4379 32 15 IMM
2458 4379 14 25 fl
2477 4367 14 37 11
2496 4378 35 17 TIM
2536 4367 16 37 I.

2426 4430 36 50 |>
2594 4429 47 36 W
2717 4428 12 36 L
2802 4426 30 36 N
2906 4424 29 36 N
2964 4452 9 14 ,

2419 4496 122 22 iwintkh
2576 4493 134 23 ui.azikii.,
2733 4492 88 21 i'Apek
2844 4489 127 25 hvnukr,

2491 4524 66 20 NIUN
2582 4522 54 20 Will
2646 4521 49 20 I'llll
2720 4520 35 20 AN
2763 4518 16 26 I>
2804 4518 92 20 HOUSE

2608 4549 5 19 I
2619 4546 4 24 >
2628 4548 21 21 Ki
2656 4546 127 24 OKATOIJ,

2512 4589 66 29 UoMH
2602 4588 96 34 PI.AOK,
2723 4587 158 27 IjAWIJRNCK.

2638 4643 12 6 in
2662 4638 1 11 i
2688 4638 3 11 1
2708 4641 16 8 T-
2731 4638 22 11 —f

2453 4674 5 20 <
2470 4673 24 24 >u
2511 4669 63 28 Salo
2587 4680 15 17 a
2700 4667 52 28 and
2765 4666 91 28 varied
2867 4668 88 26 assort-

2416 4715 75 24 ment
2504 4709 112 35 oMHIs,
2634 4708 99 34 INimls,
2758 4707 98 34 Scriuv,
2880 4705 89 34 Glass,

2667 4748 54 29 and
2746 4746 131 31 Painters'
2898 4746 54 28 Suu-

2414 4790 82 29 drioM,

2455 4829 63 28 Now
2529 4829 53 28 ivnd
2594 4828 169 29 fusliiouublo
2775 4826 69 28 Wall
2861 4826 109 38 Papers,

2416 4871 67 28 ('com
2500 4870 32 27 oil
2560 4880 47 17 nor
2629 4869 74 38 pioco
2728 4867 135 39 upwards.
2908 4869 47 25 Pat-

2415 4913 74 24 terns
2503 4916 61 22 sent
2578 4919 33 18 on
2634 4909 177 38 npplic.'ition,
2828 4912 60 33 post.
2904 4906 65 28 free.

2455 4950 144 28 Msliinules
2612 4960 82 24 fpvou
2711 4952 41 24 lor
2776 4947 116 29 (rouond
2917 4946 36 29 Re-

2415 4990 51 36 pnii
2474 5000 23 19 m,

2451 5029 161 28 Celebrated
2632 5028 129 30 Lustrums
2785 5027 86 32 Paint,
2888 5026 81 39 ready

2415 5070 99 31 iiiiximl,
2529 5071 32 25 nil
2580 5070 122 27 ('oloui'H.

2416 5143 69 55 M.
2573 5147 33 36 J-
2701 5147 28 36 B
2780 5146 29 35 L
2856 5144 114 42 OY,

2439 5211 44 26 Wll
2490 5212 25 19 IT
2519 5212 22 19 HI
2547 5212 26 20 IA
2580 5212 55 20 VEN
2651 5212 111 25 STREET,
2780 5211 168 22 LAWRENCE.

2415 5289 127 28 BOARD
2568 5289 80 28 AND
2679 5288 219 30 RESIDENCE
2920 5289 49 28 AT

2456 5339 256 31 REASONABLE
2733 5339 190 31 CHARGES.

2522 5420 94 29 Mkai.h
2637 5429 32 19 at
2688 5428 48 20 ali.
2757 5421 105 27 Hours.

2429 5509 57 31 The
2501 5512 61 27 best
2578 5511 245 30 Accommodation
2845 5511 43 29 for
2902 5511 47 28 the

2549 5551 160 38 Travelling
2723 5551 106 28 Public.

2409 5633 103 30 GOOD
2527 5633 202 33 STABLING.
2769 5635 96 29 OATS
2883 5634 81 29 AND

2521 5675 129 30 CHAFF
2670 5675 52 30 ON
2746 5675 106 30 SALE.

1870 3430 113 34 Hearing
1983 3427 2 37 1
2005 3436 24 18 at
2053 3429 34 24 10
2100 3427 92 26 o'clock
2214 3436 31 16 on
2266 3428 39 25 the
2328 3427 58 26 lltb

1836 3467 141 31 December,
1994 3466 70 26 1890.

1889 3513 224 29 FREDERICK
2126 3513 179 35 JEFFERY,

1966 3554 104 35 Mining
2081 3554 141 33 Registrar,
2237 3552 147 35 Roxburgh.

1870 3604 120 27 Received
2016 3610 23 20 at
2067 3602 130 27 Warden's
2227 3603 83 32 Office,
2336 3602 49 27 2ni

1834 3641 147 32 November,
1997 3640 73 31 1896,
2085 3646 25 20 at
2124 3648 73 17 noon.

1837 3725 52 56 £J
1902 3723 101 30 ERB
2016 3722 62 29 ER
2091 3722 22 28 T
2162 3721 63 29 AN
2236 3722 25 28 D
2310 3722 20 29 C
2343 3722 42 36 0.,

2023 3789 170 21 LAWRENCE.

1988 3880 152 27 Importers
2160 3887 32 20 of
2196 3895 33 5 —

1830 3928 201 35 Ironmongery

1916 3970 189 42 Agricultural
2130 3970 179 40 Implements

2091 4018 188 34 Agricultural
2300 4023 16 22 fc.
2321 4019 65 26 ceils

2004 4074 20 27 (J
2034 4073 69 29 ROC
2112 4073 42 28 Kit
2162 4073 58 29 IMS

1851 4133 96 30 TEAS
2062 4132 97 27 TKAS
2272 4132 97 28 TEAS

1836 4180 127 37 (Ceylon)
2055 4177 123 37 (Imiinn)
2266 4178 119 36 (China.)

1834 4269 90 47 W.
1999 4266 59 64 J.
2122 4266 264 59 Martin,

1837 4348 134 29 WATCH
1983 4348 50 27 MA
2043 4346 18 28 K
2073 4346 44 28 m
2135 4345 23 29 &
2172 4345 13 27 .1
2197 4344 183 31 KWMIjIJMII

1930 4400 66 26 ROSH
2022 4399 92 32 I'i.ACK,
2139 4398 156 28 IMWUKNCK.

1836 4490 139 35 WiitelicH,
1996 4489 100 29 Clocks
2117 4489 52 28 ami
2193 4489 141 31 Jewellery
2357 4489 23 36 «>I

1879 4532 32 25 nil
1928 4530 182 37 deHcriptiomi
2125 4529 66 36 kepi
2207 4529 23 26 in
2248 4528 91 39 S(«m*U.

1855 4581 65 28 Nicw
1935 4580 141 29 Selection'
2086 4581 24 26 ol
2134 4581 77 30 (Jem,
2230 4578 22 27 \\
2264 4578 102 38 muling

1964 4623 53 26 ami
2037 4620 106 38 Keeper
2161 4619 92 38 RiugM.

1834 4702 14 20 A
1865 4701 106 21 OIIOICK
1993 4699 161 21 AMHOIITMICN
2165 4699 10 20 I'
2196 4699 37 20 n|*
2252 4699 13 19 A
2272 4695 42 22 It'll
2320 4695 3 27 i
2331 4699 53 20 'M'H

1854 4734 141 21 HIMTAUI.Ii
2009 4734 50 19 I'Olt
2076 4732 73 21 \VHIM
2156 4729 2 26 I
2165 4729 4 26 I
2177 4732 34 19 NO
2228 4732 30 19 ru
2266 4732 13 19 rc
2283 4729 31 22 mi
2318 4732 56 21 nth.

1974 4802 71 27 ur*l*nH
2060 4805 27 23 to
2102 4802 61 26 Suit
2177 4800 32 27 all

1853 4884 100 27 Watch
1990 4891 53 19 and
2077 4880 86 29 Ci.ock
2205 4879 114 27 Rkvaiks
2354 4888 10 18 a

2035 4923 157 27 SI'ICIAI.TY.

1830 5014 115 40 Repairs
1958 5024 31 17 or
2002 5012 102 30 Orders
2124 5012 67 28 IVom
2208 5010 45 28 the
2267 5014 114 35 country

1883 5056 32 36 by
1941 5057 60 35 post.
2026 5054 50 28 will
2103 5052 103 29 receive
2230 5056 108 32 prompt,

2034 5097 23 23 at
2066 5097 53 23 tent
2128 5092 51 26 ion.

2528 165 105 54 HE
2686 161 245 57 GIVES.
3051 153 157 56 YOU
3260 152 225 56 TAKE.

2505 261 280 29 DISTRIBUTION
2797 261 30 26 of
2841 258 110 29 GIFTS
2965 267 35 17 on
3013 266 16 16 a
3042 265 67 25 very
3122 253 97 27 liberal
3232 252 72 28 scale
3318 251 50 28 has
3381 249 185 29 commenced.

2528 302 91 36 Every
2639 300 94 38 pound
2747 299 78 28 takes
2839 308 16 18 a
2873 297 69 28 Gift.
2986 293 98 38 (Don't
3096 292 150 39 apologise,
3260 301 54 28 you
3328 290 113 28 deserve
3455 289 21 27 it
3490 288 56 36 all.)

2512 341 80 33 Rare,
2608 339 97 29 Useful
2718 339 55 27 and
2787 335 179 31 Ornamental
2980 333 164 29 Reminders
3160 332 29 28 of
3210 332 90 28 where
3320 340 54 27 you
3397 329 68 28 have
3488 329 78 33 been,

2506 380 53 29 will
2573 379 132 38 certainly
2718 381 104 26 return.

2767 417 80 34 (This
2867 416 68 27 Idea
2955 415 30 27 Is
3005 415 58 27 All
3083 413 47 27 My
3151 412 89 35 Own.)

2510 458 28 28 If
2551 461 48 24 not
2613 456 110 31 already
2738 455 112 35 known,
2865 455 47 27 the
2926 453 164 29 Advertiser
3102 454 113 35 expects
3229 456 28 22 to
3275 450 34 27 be
3323 448 62 28 well
3399 447 165 28 understood

2505 499 98 37 kindly
2616 496 189 30 remembered
2819 496 38 37 by
2877 496 54 28 this
2945 496 80 27 burst
3038 493 30 30 of
3081 491 169 38 generosity.

2509 538 59 29 The
2582 538 86 28 whole
2684 536 87 29 Stock
2785 536 49 28 has
2849 536 70 28 been
2933 534 93 39 wisely
3049 533 55 28 and
3126 532 61 28 well
3201 529 126 30 assorted
3340 529 28 28 in
3387 527 180 39 anticipation

2505 578 115 36 stirring
2637 578 76 28 time.

2874 613 137 30 THAT'S
3050 613 85 27 ALL.

2663 706 100 71 W.
2851 706 226 68 DIM
3080 698 259 87 ANT,

2579 813 102 29 CASH
2702 811 163 34 DRAPER,
2887 809 203 35 CLOTHIER,
3110 807 83 30 AND
3213 804 210 31 IMPORTER.

2816 861 70 28 Ross
2909 861 95 34 Place,
3025 860 166 27 Lawrence.

2937 956 232 37 WHAT'S
3236 952 186 40 THIS?

2787 1056 170 54 COLONIAL
2970 1055 98 20 Tweed—
3071 1054 92 25 Mosgiel,
3177 1054 95 25 Kaiapoi,
3282 1053 41 21 and
3333 1051 202 26 Roslyn—Trousers
3546 1051 21 19 to

2856 1089 98 18 measure,
2965 1082 53 19 from
3029 1082 39 19 15s.

2835 1116 93 23 Colonial
2937 1116 40 21 and
2987 1116 83 26 English
3081 1115 73 21 Tweed
3163 1115 38 21 Sac
3210 1115 57 21 Suits
3276 1115 21 21 to
3307 1121 99 19 measure,
3425 1113 54 22 fiom
3494 1112 28 22 £3
3538 1112 29 22 3s.

3044 1183 72 29 WE
3173 1182 143 30 WANT

2785 1225 44 21 Our
2839 1232 60 18 many
2909 1225 85 20 Friends
3004 1224 40 20 and
3053 1224 37 20 the
3098 1223 70 26 public
3175 1225 22 18 to
3206 1223 59 19 know
3274 1223 47 19 that
3330 1229 29 13 we
3365 1222 52 20 have
3424 1222 43 26 just
3477 1221 87 26 opened,

2935 1258 25 12 ex
2970 1257 33 13 s.s.
3015 1250 114 24 Kaikoura,
3140 1256 37 12 our
3187 1249 92 20 Season's
3288 1249 104 25 shipment
3401 1248 21 20 of

2784 1304 98 24 GENTS'
2896 1305 73 22 HATS
2985 1303 52 28 (best
3051 1303 84 27 makes),
3152 1303 70 26 TIES,
3236 1302 133 25 COLLARS,
3385 1301 102 23 SHIRTS
3498 1301 69 27 (ready

2834 1334 58 20 made
2901 1340 23 14 or
2933 1337 21 17 to
2963 1333 73 25 order),
3048 1332 126 22 CYCLING
3182 1331 150 21 SWEATERS
3342 1331 40 21 and
3392 1330 111 22 CYCLING-

3094 1359 164 20 STOCKINGS.

2834 1415 69 26 Agent
2923 1415 31 20 for
2972 1414 97 26 Trnpeka
3086 1413 110 21 for—New
3218 1411 68 28 Rapid
3308 1411 102 27 Bicycles;
3435 1411 48 26 also,
3504 1411 62 27 Cycle

2784 1442 83 27 Limps,
2876 1442 62 24 Bells,
2950 1442 85 20 Outside
3045 1442 81 21 Covers,
3138 1440 40 20 and
3186 1440 27 20 all
3224 1440 134 25 Cyelealities.

2925 1660 95 28 ROSS
3042 1658 133 35 PLACE,
3196 1658 228 28 LAWRENCE.

2434 1832 393 87 WOOL.

3166 1829 394 83 WOOL.

2583 2025 219 56 WOOL
2858 2023 279 56 SEASON
3196 2023 223 58 1898-7.

2484 2193 150 31 ALGETY
2654 2193 82 30 AND
2758 2191 199 36 COMPANY,
2975 2191 127 36 Limited,
3121 2192 56 38 beg
3198 2195 29 25 to
3247 2191 89 38 notify
3354 2191 205 39 Woolgrowers

2429 2272 50 26 and
2495 2272 125 26 Fanners
2634 2271 61 27 that
2709 2271 64 34 they
2787 2269 55 28 will
2855 2269 65 28 hold
2934 2269 72 27 their
3027 2267 131 38 Opening
3171 2268 61 28 Sale
3245 2268 43 28 for
3302 2268 47 27 the
3364 2267 104 29 Season
3482 2278 34 17 on

2697 2346 222 35 THURSDAY,
2960 2347 71 27 17xrc
3072 2345 218 29 DECEMBER.

2496 2504 46 28 All
2557 2503 84 38 Clips,
2656 2503 126 29 however
2794 2501 89 35 small,
2897 2501 53 28 will
2965 2502 33 27 be
3013 2500 99 29 shown
3127 2503 27 25 to
3178 2500 62 28 best
3258 2500 164 39 advantage.
3462 2501 92 37 Every

2423 2544 37 27 lot
2480 2544 98 27 valued
2602 2545 74 35 prior
2696 2547 28 23 to
2745 2542 65 34 sale,
2832 2542 56 27 and
2907 2551 106 19 owners
3037 2540 129 28 interests
3186 2540 69 37 fully
3270 2541 150 37 protected.
3474 2540 80 29 Wool

2425 2582 85 30 Packs
2523 2582 126 39 supplied
2662 2586 29 25 at
2704 2582 95 29 lowest
2814 2584 111 26 current
2939 2584 83 25 rates.

2496 2660 193 40 Specification
2702 2660 97 28 Forms
2811 2658 55 28 and
2881 2658 98 28 Labels
2993 2657 98 38 posted
3104 2668 34 17 on
3152 2657 176 38 application.

2738 2812 124 31 Address
2882 2822 70 28 your
2972 2812 215 38 Consignments
3206 2815 30 25 to

2638 2912 140 76 Eft
2823 2912 155 76 Mi
3019 2909 43 79 C.

2773 3081 24 27 D
2837 3078 28 30 U
2902 3078 28 30 N
2968 3078 24 29 E
3031 3077 24 29 D
3096 3077 15 29 I
3148 3077 29 30 N
3196 3099 6 7 .

3024 3248 112 24 FANCY
3162 3248 110 24 GOODS
3290 3248 72 23 AND
3380 3249 163 24 DRAPERY.

3013 3309 103 54 FJ.
3155 3309 136 25 WATRRS
3317 3311 89 24 desires
3433 3315 24 20 to
3482 3311 73 29 noiify

3056 3360 6 6 .
3094 3344 53 23 that
3161 3344 42 23 she
3216 3343 70 30 keeps
3297 3344 23 23 in
3330 3344 67 24 stock
3413 3344 85 24 Ladies
3510 3349 44 18 and

3008 3375 114 25 Children
3133 3383 10 16 s
3161 3375 197 32 Underclothing,
3374 3377 47 23 and
3434 3377 29 23 all
3483 3376 73 24 kinds

3008 3409 24 24 ef
3046 3409 116 30 Drapery.

3038 3452 80 31 Fancy
3132 3452 80 24 Goods
3224 3461 14 15 a
3252 3453 136 30 Specialty.

3043 3495 134 24 Christinas
3187 3496 47 24 and
3246 3496 54 23 New
3314 3495 63 25 Year
3389 3499 106 28 presents

3130 3537 12 14 a
3159 3534 65 24 great
3239 3530 86 28 variety
3337 3534 23 19 to
3373 3530 71 31 hand.

3128 3562 136 23 Imuection
3275 3561 94 24 Invited

3031 3593 111 31 Painting
3156 3595 45 22 and
3213 3600 35 18 a--t
3273 3593 151 26 needlework
3438 3595 85 28 taught

3097 3630 111 20 Summer
3220 3627 81 24 Goods
3318 3635 52 15 now
3384 3636 29 15 on
3432 3628 61 23 baud

3009 3670 137 24 Address—
3149 3671 125 24 Ormond's
3284 3670 115 32 Building
3411 3671 142 31 Roxburgh.

3070 3807 32 27 H.
3149 3809 23 22 ft
3204 3809 20 23 A
3257 3809 11 24 I
3301 3809 20 24 N
3357 3809 23 25 H
3412 3811 20 23 A
3466 3810 35 25 M.

3130 3879 23 22 Is
3172 3880 115 30 prepared
3311 3883 25 21 to
3363 3882 76 29 repair

3129 3947 106 25 COOTS
3264 3954 54 18 a:«»•
3344 3949 100 24 SHOES

3128 4025 23 18 at
3180 4020 121 22 moderate
3332 4021 106 28 charges.

3041 4088 57 24 Also
3119 4088 147 24 iccoideoos
3292 4088 46 23 and
3366 4087 165 26 Concertina;*

3070 4227 122 24 MK-»<8
3222 4227 84 25 K!DD
3337 4229 68 23 AND
3430 4230 66 27 CO.,

3111 4284 108 31 Sargical
3237 4285 46 23 and
3304 4284 149 26 Mechankal

3229 4317 110 24 Dentists

3200 4360 43 30 (Uy
3274 4360 94 30 exam.)'

3015 4530 80 65 Mr
3118 4528 83 23 KIO'l)
3227 4530 58 22 who'
3304 4529 42 22 his
3370 4528 48 23 had
3442 4528 108 25 fourteen

3113 4574 67 23 years
3196 4574 134 23 experience
3351 4567 54 23 with
3426 4567 37 24 Mr
3488 4568 25 23 S.
3532 4569 22 23 S.

3006 4602 78 31 Myers
3111 4607 54 23 m»y
3193 4601 27 22 hj«
3248 4600 127 24 consulted
3403 4605 21 18 at
3455 4599 99 26 Heron's

3005 4632 155 26 Comnvrciil
3184 4633 70 23 Hotel
3271 4633 139 30 Roxburgh,.
3420 4633 60 24 Nov.
3491 4635 32 26 '27
3523 4635 32 26 th,

3004 4667 47 23 and
3068 4666 23 23 in
3107 4664 75 24 future
3194 4671 69 23 every
3275 4666 77 21 fourth
3364 4664 92 32 Friday.

3038 4702 29 21 An
3092 4706 31 16 wii
3153 4698 79 24 intend
3257 4697 94 30 visiting
3384 4699 47 22 this
3462 4698 92 25 district

3005 4732 107 29 monthly
3124 4736 15 17 it
3152 4732 44 21 will
3215 4738 56 15 save
3290 4731 100 30 patients
3401 4732 40 22 the
3452 4739 103 22 expense

3004 4765 25 24 of
3042 4772 71 24 going
3127 4771 22 16 to
3169 4764 71 26 I'own,
3269 4763 47 24 and
3332 4771 26 16 as
3375 4772 34 16 we
3427 4770 113 25 guarante

3005 4800 27 20 all
3048 4799 61 22 work
3128 4797 102 29 patients
3243 4804 51 21 may
3316 4797 47 28 rely
3386 4804 31 15 ou
3433 4798 90 28 getting

3005 4829 126 24 lirst-clatw
3145 4828 87 23 article.

3034 4862 73 25 Teeth
3132 4859 121 26 extracted
3284 4859 47 25 and
3363 4860 108 31 replaced
3501 4861 54 23 with

3006 4901 132 28 temporary
3151 4899 36 18 art
3200 4892 59 25 ftoial
3272 4901 57 16 ones
3344 4894 83 23 within
3440 4897 27 20 48
3483 4895 72 22 hours

3038 4927 102 25 Painless
3152 4930 142 20 txtarctiotn
3309 4927 56 23 with
3377 4926 95 24 Nitrom
3483 4927 72 23 Oxide

3005 4961 46 22 (}««
3068 4960 117 23 Ctcoaino
3202 4958 72 25 Kther
3290 4967 26 15 or
3330 4958 162 25 Clilorolorm.

3020 4993 116 30 Slopping
3146 4992 55 23 with
3213 4992 62 22 (lold
3286 4991 124 30 Amalgam
3422 4999 26 15 or
3457 4992 97 23 Cement

3035 5025 81 31 Single
3128 5023 77 26 Tooth
3221 5025 44 23 lOi.
3284 5023 159 33 Scieijuily
3460 5025 81 23 reoder-

3005 5065 55 18 ato..
3109 5059 184 28 Arrangements
3311 5056 44 25 will
3370 5058 28 23 be
3415 5058 68 24 made
3500 5058 54 23 with

3005 5092 66 22 those
3092 5089 52 24 who
3160 5098 44 15 cin
3215 5096 32 17 iot
3274 5098 45 22 p»y
3345 5091 42 21 lull
3411 5095 98 18 amount
3532 5092 22 20 at

3005 5131 64 17 oik«>.
3114 5122 72 24 Teeth
3209 5122 70 24 male
3304 5123 29 29 by
3362 5122 68 24 other
3453 5124 102 22 deutiats

3006 5158 98 28 proving
3116 5156 183 29 unsatisfactory
3308 5162 52 23 may
3372 5155 27 24 be
3410 5155 144 30 remodel[ed

3004 5194 22 18 at
3038 5190 69 22 small
3118 5193 60 19 coat.

3007 5230 203 29 (oTExtractions
3217 5232 52 21 —2s
3286 5230 39 25 Gd,
3361 5230 48 24 Gas
3415 5230 54 25 —7s
3484 5230 42 23 GJ*

3004 5414 54 28 TVX
3079 5414 26 28 R
3164 5412 392 38 FINLAYSON,

3085 5465 163 22 BARRISTER
3262 5465 62 21 AND
3339 5465 155 26 SOLICITOR,

3197 5504 165 36 Lawrence,

2999 5561 68 29 Will
3093 5560 96 29 attend
3215 5562 47 27 the
3283 5562 153 37 Roxburgh
3459 5561 94 29 Court.

2999 5649 102 41 Money
3111 5653 27 27 to
3147 5649 78 31 Lend
3235 5660 35 20 on
3279 5649 136 30 Freehold
3427 5648 127 40 Security

3606 171 340 54 QOMMERCIAL
3991 169 163 37 HOTEL,

3796 221 167 22 ROXBURGH.

3670 310 37 32 H.
3730 312 35 29 H.
3787 312 108 34 Heron,
3916 309 167 39 Proprietor.

3636 416 58 28 One
3708 416 28 27 of
3749 416 47 27 the
3809 416 62 26 best
3883 414 103 27 known
4005 413 55 27 and
4079 417 72 24 most

3597 454 180 28 comfortable
3799 453 152 28 Hostelries
3973 452 29 27 iii
4023 451 48 28 tlie
4090 451 40 39 Up-

3596 499 117 34 country
3728 494 138 29 Districts.

3636 545 79 30 Cobb
3729 545 55 29 and
3798 544 74 30 Co/s
3885 544 87 37 Royal
3993 543 66 30 Mail
4083 543 67 30 Liue

3599 585 28 29 of
3651 585 121 29 Coaches
3785 585 122 36 running
3927 585 124 27 between
4074 583 58 28 Law-

3601 635 82 19 rence
3705 624 55 29 and
3782 624 185 36 Queenstown
3989 623 88 29 arrive
4097 623 54 28 and

3600 666 98 38 depart
3711 665 83 38 daily.

3834 715 3 9 ■
3842 715 3 9 ■
3857 715 7 9 •>
3876 715 3 9 .
3918 715 2 9 i

3601 757 117 39 Liquors
3732 756 28 30 of
3773 756 47 29 the
3833 756 63 29 best
3903 755 102 29 brands
4015 755 63 37 only
4087 754 67 38 kept

3815 797 28 28 in
3858 795 88 30 stock.

3602 899 124 39 Buggies
3739 900 55 28 and
3808 898 101 30 Saddle
3919 898 103 29 Horses
4031 908 35 18 on
4076 898 75 29 Hire.

3602 973 281 55 RAILWAY
3960 972 194 37 HOTEL,

3693 1041 67 21 ROSS
3778 1041 98 24 PLACE,
3898 1039 168 21 LAWRENCE.

3601 1107 109 38 John
3738 1107 149 45 Laffey,
3920 1104 232 47 Proprietor

3676 1166 79 37 (Late
3769 1166 29 29 of
3811 1164 145 30 Havelock
3970 1164 106 38 Hotel.)

3635 1247 62 27 J.L.
3712 1247 69 30 begs
3803 1249 27 24 to
3843 1246 126 26 intimate
3982 1245 60 27 that
4054 1245 34 28 he
4102 1246 48 27 has

3598 1285 154 40 purchased
3783 1284 48 30 the
3862 1284 87 28 above
3975 1283 174 31 well-known

3598 1328 141 37 Hostelry,
3748 1326 54 30 and
3818 1326 93 38 hopes,
3921 1326 37 36 by
3968 1326 77 28 strict
4058 1329 74 26 atten-

3598 1368 57 28 tion
3669 1371 28 25 to
3710 1367 47 28 the
3767 1366 118 29 comfort
3894 1366 29 28 of
3935 1365 150 28 Travellers
4094 1366 54 28 and

3596 1408 48 29 the
3657 1406 93 39 public
3763 1405 151 39 generally,
3928 1408 28 25 to
3972 1408 70 25 meet
4055 1405 65 29 with
4134 1416 15 18 a

3596 1448 55 28 fair
3662 1447 82 29 share
3754 1446 30 29 of
3795 1449 162 35 patronage.

3634 1488 58 27 The
3716 1486 123 38 Railway
3860 1486 24 28 is
3907 1495 52 18 one
3972 1484 31 28 of
4013 1485 46 27 the
4072 1486 59 27 best-

3594 1527 150 38 appointed
3756 1526 99 29 Hotels
3864 1525 108 29 outside
3980 1524 29 28 of
4022 1524 126 28 Dunediti

3595 1567 98 29 Under
3705 1566 87 29 J.L.'s
3806 1568 204 36 management,
4020 1564 46 28 the
4076 1574 54 18 com-

3594 1608 56 29 fort
3663 1608 29 29 of
3700 1610 113 35 patrons
3823 1606 53 29 will
3888 1607 34 28 be
3934 1605 78 29 made
4023 1615 15 18 a
4049 1604 100 39 special

3593 1648 115 34 feature,
3722 1647 55 27 and
3790 1656 36 18 110
3839 1646 82 28 effort
3932 1646 54 28 will
4003 1645 33 27 be
4050 1644 99 38 spared

3594 1691 27 25 to
3635 1687 64 39 give
3713 1696 84 27 every
3810 1685 181 29 satisfaction.

3592 1759 58 30 The
3663 1759 63 30 best
3739 1759 103 30 brands
3856 1758 30 31 of
3907 1757 105 37 Wines,
4038 1757 113 39 Spirits,'

3628 1801 55 28 and
3699 1801 66 28 Ales
3777 1801 102 37 always
3899 1800 67 37 kept
3979 1799 28 27 in
4021 1799 88 28 stock.

3592 1874 129 38 Simpson
3733 1873 56 29 and
3804 1872 96 29 Hart's
3914 1872 67 28 Ales
3995 1872 101 37 always
4111 1881 35 18 on

3840 1913 68 37 Tap.

3592 1986 155 29 First-class
3760 1986 129 32 Stabling
3901 1984 248 30 Accommodation

3869 2011 17 13 O

3602 2049 276 55 \JA3CNIC
3925 2049 219 42 HOTEL,

3686 2110 67 20 ROSS
3766 2109 96 24 PLACE,
3877 2108 169 20 LAWRENCE.

3589 2175 33 29 R.
3644 2175 110 29 WEBB
3789 2201 28 3 ...
3900 2199 30 5 ...
3964 2177 178 27 Proprietor.

3625 2256 57 27 The
3736 2256 121 28 Masonic
3914 2255 101 28 affords
4038 2255 36 26 all
4095 2255 47 26 tho

3587 2295 130 28 comforts
3731 2295 29 28 of
3771 2305 15 18 a
3800 2295 88 35 home,
3900 2294 54 29 and
3969 2294 22 27 is
4007 2293 131 38 provided

3587 2335 65 28 with
3666 2335 47 28 the
3735 2345 65 28 very
3819 2336 62 28 best
3895 2334 247 29 Accommodation'

3586 2375 43 28 for
3654 2375 160 29 Travellers.
3854 2375 158 28 First-class
4045 2373 94 29 Table.

3586 2415 66 27 Best
3673 2415 95 28 Wines
3791 2415 53 28 and
3867 2415 101 37 Spirits
3989 2414 101 36 always
4111 2414 22 26 in-

3586 2453 87 30 stock.

3706 2518 131 25 Charges
3857 2521 162 22 moderate.-

3619 2575 57 29 The
3702 2576 157 39 Proprietor
3885 2576 97 29 wishes
4009 2580 27 24 to
4059 2575 75 28 draw

3584 2615 107 38 Special
3716 2617 134 28 attention
3876 2621 28 24 to
3933 2617 45 27 the
4005 2615 129 38 Stabling

3584 2657 242 28 Accommodation
3846 2657 140 37 provided,
4001 2656 89 27 which
4109 2657 23 26 is

3582 2696 152 35 unlimited,
3749 2697 54 28 and
3816 2697 29 28 of
3859 2698 44 27 the
3918 2697 60 28 best
3992 2695 77 30 kind.

3589 2759 289 54 yiCTORIA
3953 2759 179 34 HOTEL,

3670 2820 72 25 PkEL
3753 2824 111 24 STREET,
3880 2823 170 21 LAWRENCE.'

3602 2914 168 36 Ronald
3799 2912 310 42 Montgomery,

3772 2969 177 29 Proprietor.

3580 3062 59 30 One
3661 3062 29 29 of
3711 3062 46 28 the
3778 3064 70 26 most
3873 3060 178 30 comfortable
4071 3061 55 29 and

3605 3102 228 30 best-conducted
3846 3101 152 29 Hostelries
4009 3112 34 17 on
4055 3102 45 28 the

3730 3142 88 37 Otago
3832 3141 157 29 Goldfields.

3684 3233 56 21 HOT
3762 3232 61 21 AND
3843 3232 72 21 COLD
3934 3231 102 21 BATHS,

3612 3299 107 30 Sample
3739 3299 95 29 Rooms
3854 3307 50 20 for
3923 3297 178 31 Travellers.

3587 3381 166 37 Passengers
3761 3378 85 29 called
3856 3379 42 29 for
3906 3379 45 28 the
3960 3379 73 38 early
4048 3379 87 28 Train.-

3594 3525 51 57 D
3704 3518 103 65 M*
3838 3521 19 26 T
3887 3523 74 25 CH
3996 3525 16 21 h
4095 3523 18 23 L

3649 3664 69 28 tBE
3763 3664 158 26 POPULAR
3956 3664 71 24 HOC

3770 3728 196 26 LAWRENCE.

3602 3811 13 16 s
3626 3810 51 15 now
3694 3801 104 32 opening
3816 3809 30 21 up
3867 3799 38 23 his
3927 3798 62 23 First
4012 3798 122 29 Shipment

3605 3847 24 24 of
3645 3845 67 26 SUM
3721 3845 67 24 VIEil
3805 3842 168 31 DUAPEItY,
3989 3841 129 27 con«rstin?

3603 3890 23 25 of
3634 3890 29 24 all
3676 3890 38 25 the
3723 3890 69 23 latest
3805 3887 116 25 novelties
3930 3889 34 21 for
3976 3885 38 25 the
4024 3885 95 30 co.niug

3671 3936 90 19 season,
3780 3926 46 24 and
3841 3933 75 23 pr'ces
3930 3930 22 18 to
3971 3926 84 21 match.

3707 3965 121 31 Millincy
3842 3972 14 17 a
3880 3962 135 33 Speciality.

3620 4104 110 32 Upjff.B.
3783 4097 75 30 Viai<s
3892 4096 92 29 Miliars'
4008 4099 52 25 Flat
4098 4099 29 24 ill

3591 4143 128 31 Roxburgh
3732 4150 71 21 every
3818 4143 35 22 six
3871 4141 83 23 weeks.

3724 4470 16 21 l

3596 4506 158 21 warrant
4013 4502 50 22 the
4073 4496 91 31 Queen.

3597 4543 69 27 WW
3676 4542 87 27 SftCift
3770 4536 400 33 WARRA^TTQH.R.H.THEPRINGEffFIfifiMES.

3720 4302 321 66 SEEDSMEN

3615 4368 36 22 s*a

3621 4772 31 40 I

3809 4871 41 35 jnR

4096 5019 34 17 /m

3878 5030 33 28 VJfi

3765 5084 41 26 iM

4059 5112 6 7 v

3642 5586 152 31 TOTHILL,
3817 5587 139 25 WATSOX
3983 5590 15 19 &
4020 5587 58 29 CO.,

3683 5630 141 27 Esk>«treet.
3845 5630 162 31 Invercargill,

3598 5669 54 27 Sole
3664 5670 89 31 Agents
3767 5670 36 26 for
3817 5673 61 29 Otag
3885 5680 8 16 >
3909 5671 47 25 and
3970 5671 136 25 Southlands
