3436 4322
447 22 2985 30 THE

447 52 1194 311 OXFORD
1840 52 1592 311 OBSERVER

1109 406 184 53 AND
1367 402 591 63 CANTERBURY
2029 406 501 67 DEMOCRAT,

1246 510 524 50 CIRCULATING^
1846 513 520 39 THROUGHOUT

1704 677 229 32 Established
1977 680 92 30 1889.

34 839 140 29 Volumn
194 836 46 31 VI
251 835 103 31 —No.
395 832 103 31 NEW
515 827 156 34 SERIES.

1230 816 108 33 EAST
1361 815 188 38 OXFORD,
1571 815 248 42 SATURDAY,
1853 818 112 33 JUNE
2005 821 52 36 29,
2075 821 90 32 1895.

2948 828 137 33 PaiOE—
3085 830 89 31 ONE
3209 830 158 32 PENNY.

2878 974 51 39 G.
2955 974 50 39 E.
3033 975 346 45 WEYLANDT,

2991 1037 113 27 FAMILY
3119 1038 149 27 BUTCHER.

2901 1081 160 39 EAST
3090 1083 266 38 OXFORD.

2940 1143 120 27 Families
3071 1144 90 26 waited
3168 1152 68 25 upon
3247 1145 76 33 daily.

2855 1255 302 81 HUNTER
3185 1258 51 81 &
3271 1258 120 99 CO.,

3086 1359 78 19 LATE

2898 1394 92 41 VT.
3038 1395 313 47 STOCKS,

2857 1455 308 31 MONUMENTAL
3215 1456 181 38 MASONS,

2898 1499 120 25 Colombo
3034 1502 76 23 street
3121 1502 51 23 and
3183 1502 82 24 South
3282 1502 66 29 Belt,

2941 1542 355 33 CHRISTCHUROH.

2976 1644 105 21 AGENT
3094 1644 59 22 FOE
3168 1645 119 21 OXFORD

2922 1695 53 45 R.
3006 1696 58 46 H.
3095 1695 240 48 PAEISH.

3157 1754 19 12 •.•
3193 1756 3 1 ■

2859 1767 137 25 Estimates
3007 1768 51 24 and
3069 1768 122 32 Designes
3203 1776 31 17 on
3245 1769 153 31 application

2948 1888 255 45 SPECIAL
3224 1891 12 44 !
3257 1891 12 44 !
3290 1891 12 44 !

2860 1996 263 29 THILL-SIZE;
3166 1996 235 27 ALL-.WOOIt

3078 2068 118 24 WHITE

2887 2131 212 50 KAIAPOI
3122 2133 252 49 BLANKETS

2961 2228 82 44 19s
3073 2229 61 43 6d
3149 2229 160 46 *»Pair.

2975 2341 164 25 SMALLER
3181 2341 101 27 SIZES

2948 2415 82 45 15s
3061 2416 62 44 6d
3180 2417 133 45 Pair.

2903 2516 74 20 BEST
2990 2516 105 21 VALUE
3114 2516 83 21 EVER
3210 2516 138 21 OFFEBED

2899 2601 49 31 R.
2993 2601 56 32 H.
3095 2601 264 38 PARISH,

2894 3350 118 48 -t-^Tis
3021 3349 172 52 extensively
3205 3352 192 39 imifeJed.&nd!

2880 3394 206 46 itisneccss&ry
3096 3389 273 42 foloolfoithenfcinf
3388 3389 8 37 I

2882 3436 69 41 whf
2954 3455 18 20 n
2984 3436 129 48 buying.
3194 3469 7 10 ,
3386 3429 10 54 |

2888 3544 211 40 BUREELL
3116 3545 244 41 BROTHERS-

2935 3595 376 33 PHOTOGRAPHEES

2855 3646 67 21 Have
2925 3645 106 22 removed
3035 3647 24 20 to
3063 3652 62 15 more
3130 3646 152 22 commodious
3285 3648 114 26 premises

2967 3680 165 24 VICTORIA
3151 3680 136 26 STREET

2856 3728 118 33 Opposite
2997 3729 129 25 Salvation
3155 3730 79 31 Army
3264 3730 132 26 Barracks.

2888 3762 58 24 And
2956 3770 44 17 are
3011 3762 77 32 doing
3106 3763 151 25 Enamelled
3276 3763 120 27 Cabinets

2854 3801 39 25 for
2904 3801 43 33 8/6
2956 3809 45 24 per
3011 3802 88 25 dozen.
3124 3802 78 25 Groat
3212 3803 186 33 Photographic

2857 3839 125 31 Surprise-
3028 3840 54 26 One
3111 3840 25 24 oi
3158 3841 45 24 the
3224 3841 95 30 largest
3341 3849 59 18 ever

2855 3878 155 25 introduced.
3054 3878 78 26 From
3155 3879 62 25 Dec.
3239 3880 72 25 11th.
3332 3882 67 25 until

2855 3918 43 24 the
2909 3918 62 24 New
2982 3918 76 26 Year.
3073 3921 5 4 '
3092 3918 56 26 One
3158 3919 93 25 Dozen-
3266 3920 69 33 large
3347 3922 53 25 size

2856 3955 148 28 Enamelled
3020 3958 102 26 Photop.
3127 3965 40 19 tor
3181 3960 54 33 15/-
3247 3962 76 24 usual
3332 3961 69 35 price

2857 3998 42 24 £1
2908 3999 55 24 10s.
2999 3998 94 26 Secure
3105 4007 24 23 a,
3140 3999 98 33 deposit
3260 3995 91 31 ticketf
3360 4003 42 24 for

2857 4036 42 34 2/6
2911 4044 58 18 now
2982 4037 85 32 ready.
3102 4037 64 27 This
3170 4038 9 30 ';
3184 4039 25 25 is
3228 4038 43 26 the
3275 4035 5 14 ;
3285 4042 118 29 'greatest

2855 4076 101 28 wonder
2967 4077 28 25 of
3011 4078 46 25 the
3078 4086 56 25 age.
3149 4079 3 6 '
3169 4079 80 25 Don't
3265 4079 64 26 miss
3349 4080 54 26 this

2856 4116 104 26 chance.

2890 4155 167 26 BURRELL
3072 4156 191 32 BROTHERS

2924 4220 10 20 5
3016 4221 13 15 f
3110 4221 9 16 i
3137 4196 202 39 p^?tographert

2883 4240 51 19 •->*
3107 4233 90 43 Afreet,
3214 4247 184 29 Chriatchurek

2457 958 118 25 GREAT
2605 959 88 27 SALE

2564 1005 31 17 OF

2313 1031 210 32 TEWELLRY,
2558 1035 180 28 WATCHES,
2772 1037 72 26 DIA-

2306 1065 23 23 O
2471 1066 100 25 MOND
2589 1067 122 31 GOODS,

2309 1100 129 26 SILVER
2455 1101 73 25 AND
2550 1103 285 28 ELECTRO-PLATE

2307 1137 49 26 AT
2372 1138 24 25 A
2412 1138 175 28 DISCOUNT
2610 1141 48 27 OF
2671 1143 30 25 4s
2717 1143 39 26 IN
2773 1143 72 26 THE

2406 1178 128 31 POUND,
2546 1180 69 26 FOR
2626 1181 23 25 A
2666 1182 79 27 FEW

2459 1219 125 27 WEEKS
2593 1221 101 25 ONLY.

2344 1260 115 30 £10,000
2476 1261 74 27 value
2561 1265 27 23 to
2600 1263 76 26 select
2699 1265 66 25 from
2785 1267 27 24 at

2310 1319 67 43 M.
2427 1314 418 55 'SANDSTEIN

2320 1394 109 22 DIRECT
2442 1396 155 27 IMPOBTBB,
2624 1399 208 23 WATOHMAKBB

2455 1433 59 20 AND
2529 1434 166 25 JEWELLER,

2308 1466 115 23 CASHEL
2436 1469 41 21 ST.
2499 1470 87 25 WEST,
2609 1471 233 22 OHBISTCHUBOH

2450 1568 166 27 Established
2629 1571 75 25 1862.

2332 1641 31 20 M.
2375 1641 163 22 SANDSTEIN
2547 1643 41 22 has
2603 1646 117 24 appointed
2728 1646 46 21 Mb.
2782 1647 25 20 B.
2817 1647 30 21 H;

2304 1673 82 21 Pabish
2401 1681 26 14 as
2443 1675 35 21 his
2493 1676 81 21 Oxford
2587 1677 106 26 AGENT,
2706 1679 49 21 who
2770 1679 45 21 will
2823 1681 26 20 at

2304 1710 44 21 any
2357 1705 53 23 time
2419 1713 95 20 procure,
2528 1714 28 14 on
2572 1709 149 28 approbation,
2740 1711 108 25 Watches,

2304 1738 84 26 Clocks,
2398 1740 44 21 and
2450 1741 118 27 Jewellery,
2586 1748 25 15 or
2627 1742 35 21 his
2675 1743 81 22 Oxford
2771 1745 77 21 clients

2305 1773 23 19 to
2337 1773 66 21 select
2416 1774 65 25 from,
2492 1776 24 19 at
2526 1775 37 21 the
2580 1782 60 15 same
2649 1777 58 26 price
2723 1784 25 15 as
2754 1778 94 26 charged

2304 1804 23 20 at
2336 1803 38 22 the
2383 1804 155 23 Christchnrch
2547 1806 180 24 Establishment.

2349 1857 59 41 M,
2453 1858 337 42 SANDSTEIN

2453 1916 113 22 OASHEL
2579 1918 119 25 STREET,

2394 1959 362 30 CHRISTCHURCH.

2325 2050 262 47 WALTER
2647 2055 180 45 ETDE.

2412 2145 118 21 TIMBER
2554 2147 178 24 MERCHANT.
2815 2141 3 16 !

2387 2211 120 32 WEST
2579 2215 184 40 OXFORD.

2306 2299 225 61 ROBERT
2614 2304 229 71 FISHER,

2340 2376 178 28 GENERAL
2544 2379 268 28 STOREKEEPER

2304 2423 97 46 Teas,
2443 2424 133 47 Coffees,
2614 2425 130 46 Cocoas,
2776 2426 71 39 and

2374 2496 9 7 •
2409 2471 145 40 General
2576 2472 184 40 Groceries-

2357 2521 148 32 WEST
2568 2523 225 31 OXFORD.

2309 2634 25 37 C
2363 2632 482 54 MANNING^fiOIttPANY

2309 2662 106 49 d.WI
2595 2662 59 50 ill

2506 2719 139 21 LIMITED.

2335 2775 273 28 CHRISTCHURCH
2627 2777 185 26 BREWERY.

2537 2836 64 21 THE

2438 2918 132 22 BREWED
2580 2919 41 21 BY
2634 2919 73 22 THIS

2395 2958 371 35 COMPANY

2496 3011 84 22 PROM
2589 3012 63 20 THE

2306 3052 223 42 CHOICEST
2545 3053 298 44 IVTiU-TfttOfS

2420 3104 47 21 Are
2476 3105 176 27 acknowledged
2660 3106 26 20 to
2694 3105 29 22 be

2302 3142 151 23 SUPERIOR
2462 3144 36 21 IN
2507 3144 139 23 QUALITY
2655 3144 39 21 TO
2701 3145 66 21 ANY
2772 3144 73 21 PRO-

2370 3183 103 22 DUCED
2487 3184 36 21 IN
2536 3185 75 21 NEW
2625 3185 150 21 ZEALAND.

2332 3221 110 27 Supplied
2446 3222 25 21 to
2474 3222 83 21 Hotels
2563 3222 47 21 and
2616 3222 93 21 Private
2715 3223 129 20 Customers

2303 3248 25 21 m
2337 3248 144 26 Hogsheads,
2492 3250 100 25 Barrels,
2603 3249 140 25 Kilderkins,
2753 3249 45 21 and
2808 3250 36 19 10-

2303 3276 90 26 --gallons
2403 3276 63 26 Eegs
2476 3276 61 26 only.
2713 3291 2 2 ■

2305 3328 118 42 PALE
2446 3328 93 42 ALE
2561 3329 94 42 ANE
2686 3328 157 42 EXTRA

2499 3380 135 42 STOUT

2389 3430 94 22 Bottled
2504 3432 26 20 m
2539 3432 86 24 Quarts
2634 3431 47 21 and
2689 3432 72 20 Pints.

2338 3545 49 44 J.
2417 3545 63 44 M.
2511 3545 294 44 VEERELL

2416 3641 297 26 PHOTOGRAPHER

2359 3714 442 32 SWANNANOA.

2302 3793 92 24 Orders
2405 3794 29 30 by
2444 3795 60 22 Post
2514 3796 89 23 receive
2619 3795 130 24 immediate
2769 3800 74 19 atten-

2551 3838 59 23 tion.

2407 4055 338 34 BASKETMAKER.

2302 4134 91 28 CKairi
2416 4137 117 30 Baskets,
2633 4134 211 36 Perambulators,

2435 4184 76 26 Made
2533 4182 195 36 ah^Repaired.
2810 4200 2 2 •

2469 4226 146 40 STREET;
2634 4234 65 27 East
2711 4235 100 26 Oxford.

1796 950 454 44 SADDLEBT.

1754 1029 82 51 H.
1862 1029 63 53 J.
1943 1030 350 58 LAMING

1850 1105 350 36 SADDLER

1991 1150 64 21 AND

1757 1186 291 40 HARNESS
2082 1189 213 39 MAKER

1904 1237 73 26 Near
1994 1239 152 30 Saleyards,

1791 1281 47 41 O
1862 1281 67 41 X
1952 1282 199 42 FOB,
2174 1284 48 41 D
2246 1312 17 13 .

1754 1353 89 26 Orders
1855 1354 51 25 and
1923 1354 106 31 Repairs
2038 1356 128 31 promptly
2177 1357 120 25 executed

1918 1398 27 24 at
1956 1397 87 25 lowest
2054 1400 76 23 rates.

1858 1462 146 39 HORSE
2027 1462 165 40 COVERS

1755 1512 102 38 made
1868 1513 37 37 to
1922 1513 103 39 Order
2039 1514 71 38 and
2124 1514 173 49 Repaired

1770 1571 23 25 A
1806 1571 78 26 Stock
1895 1572 27 25 of
1932 1573 83 25 Horse
2026 1573 124 26 Medicine
2162 1582 34 17 on
2203 1574 77 30 hand,

1831 1615 163 22 SOLOMON'S
2010 1616 151 22 SOLUTION
2174 1618 38 21 &c.

1774 1677 57 44 E.
1853 1677 59 44 R
1928 1676 346 49 ALLPRESS

1865 1749 136 26 Consulting
2008 1750 47 21 and
2061 1750 91 27 Family
2157 1751 106 27 Chemist,

1945 1782 58 25 239.
2016 1782 91 24 Cashel
2118 1782 83 26 Street
2214 1783 77 30 West,

2012 1820 279 26 CHRISTCHUBCH.

1863 1857 9 32 (
1880 1856 66 25 Next
1956 1857 108 25 Zetland
2075 1858 75 26 Arms
2162 1859 96 34 Hotel)
2278 1878 4 3 .

1757 1905 41 27 (34
1806 1912 66 21 years
1887 1907 133 26 experience
2033 1908 26 20 at
2067 1908 74 22 Home
2150 1909 47 21 and
2212 1915 25 14 m
2252 1909 41 21 the

1966 1939 116 27 Colonies)

1782 1970 38 20 Mr
1828 1970 103 26 Allpress
1939 1970 57 27 begs
2012 1971 25 20 to
2045 1971 81 22 tender
2138 1972 37 20 his
2191 1973 102 25 grateful

1756 2001 82 22 thanks
1847 2002 25 20 to
1881 2001 37 21 his
1930 2008 122 15 numerous
2060 2003 83 22 clients
2151 2004 142 26 throughout

1755 2034 142 26 Canterbury
1905 2034 37 20 for
1950 2035 41 20 the
2000 2036 95 26 support
2102 2036 75 21 which
2184 2037 42 20 has
2235 2037 58 21 been

1754 2067 139 21 vouchsafed
1910 2068 25 20 to
1954 2068 50 20 him
2019 2068 83 27 during
2122 2069 41 21 the
2185 2070 108 21 nineteen

1754 2107 66 19 years
1828 2100 30 21 he
1867 2100 42 21 has
1918 2100 106 23 followed
2031 2102 38 21 his
2084 2103 126 25 profession
2219 2103 25 20 m
2252 2104 40 20 the

1756 2134 115 25 Province,
1897 2133 46 21 and
1956 2135 90 28 finding
2068 2135 22 21 it
2111 2136 123 21 incumben
2243 2137 50 21 tto

1755 2168 121 21 centralize
1893 2168 37 20 his
1943 2169 105 21 business
2062 2170 26 19 m
2110 2170 66 21 order
2189 2171 25 19 to
2236 2171 58 26 keep,

1754 2201 49 21 him
1816 2201 25 21 m
1855 2202 70 20 touch
1940 2203 54 21 with
2010 2203 36 21 his
2065 2204 130 26 supporters
2209 2204 25 20 m
2252 2205 41 20 the

1755 2233 153 27 surrounding
1917 2235 97 25 country
2020 2234 108 26 districts,
2136 2236 30 20 he
2173 2236 42 20 has
2222 2236 71 21 taken

1754 2266 41 22 the
1805 2267 71 21 above
1884 2267 110 26 premises
2003 2267 74 23 where
2095 2268 30 22 he
2133 2269 50 21 will
2191 2269 29 21 be
2238 2270 55 27 glad

1755 2301 25 20 to
1789 2301 86 20 receive
1886 2300 37 21 his
1932 2300 87 22 friends
2027 2303 131 26 personally
2171 2309 25 15 or
2205 2304 87 21 receive

1755 2332 62 21 their
1825 2332 77 22 orders
1917 2338 42 21 per
1970 2333 59 26 post.
2056 2334 44 21 His
2119 2335 61 21 Well
2198 2335 94 25 Known,

1755 2364 68 21 Tried
1846 2364 46 21 and
1914 2364 122 27 Approved
2059 2364 119 23 Remedies
2204 2366 37 21 for
2261 2368 32 19 all

1754 2391 84 21 classes
1847 2391 24 20 of
1888 2391 106 22 Diseases
2003 2398 39 15 are
2051 2398 51 15 now
2111 2399 24 14 so
2145 2392 51 21 well
2209 2394 83 21 known

1755 2424 25 14 as
1798 2418 26 21 to
1836 2418 59 21 need
1915 2424 30 15 no
1963 2418 90 22 further
2075 2420 102 21 mention
2201 2420 25 21 m
2245 2420 47 22 this

1754 2445 138 26 necessarily
1901 2445 66 21 short
1975 2446 187 21 advertisement.

1782 2471 20 20 A
1811 2471 44 20 full
1863 2472 63 26 price
1935 2472 50 21 List
1994 2472 23 20 of
2025 2472 32 20 all
2066 2472 37 21 his
2112 2474 91 19 various
2221 2474 72 21 Rem-

1754 2498 63 21 edies
1825 2504 43 15 can
1876 2498 29 22 be
1914 2498 48 21 had
1971 2499 56 20 Post
2038 2499 58 21 Free
2105 2506 30 15 on
2147 2500 145 26 application,

1754 2524 46 21 and
1812 2531 84 20 among
1910 2525 64 22 them
1983 2526 89 21 besides
2081 2526 66 21 those
2156 2526 25 21 of
2188 2533 15 14 a
2211 2528 82 26 purely

1754 2551 98 21 Medical
1871 2552 122 21 Character
2010 2552 49 21 will
2074 2552 29 22 be
2121 2553 73 21 found
2209 2554 80 25 Horse,

1754 2578 75 21 Cattle
1843 2578 47 21 and
1905 2579 52 26 Dog
1972 2578 132 25 Medicines,
2119 2580 22 20 of
2159 2580 134 21 undoubted

1754 2605 90 26 efficacy
1852 2606 104 24 together
1970 2606 55 20 with
2039 2606 21 20 A
2076 2606 59 21 Host
2144 2606 24 21 of
2177 2607 116 22 Domestic

1754 2631 104 19 Utilities
1868 2632 74 19 Toilet
1955 2632 164 24 Preparations'
2125 2634 17 18 &
2151 2634 55 18 Perf
2206 2633 86 25 umery.

1780 2656 38 22 Mr
1827 2657 102 28 Allpress
1938 2657 86 22 invites
2039 2652 150 33 applications
2194 2659 3 5 '
2205 2658 36 21 for
2255 2658 37 23 his

1752 2685 51 20 List
1811 2685 47 20 and
1873 2686 48 19 will
1933 2686 57 20 send
1998 2686 58 20 Free
2065 2686 25 19 of
2098 2692 96 20 expence
2203 2692 31 15 on
2242 2693 50 14 rec-

1753 2711 49 26 eipt
1811 2712 24 20 of
1843 2712 57 21 Five
1909 2712 107 27 shillings
2025 2712 47 21 and
2082 2713 103 26 upwards
2196 2713 24 20 m
2230 2714 62 25 post-

1752 2738 24 20 al
1784 2739 67 20 notes
1861 2745 25 14 or
1893 2739 68 21 order
1970 2745 46 21 any
2022 2739 80 21 article
2109 2739 83 21 named
2200 2739 91 22 therein

1752 2765 58 20 such
1818 2765 67 21 order
1899 2772 53 20 may
1961 2767 106 20 emanate
2079 2766 58 21 from
2148 2773 43 14 one
2199 2773 89 20 person,

1752 2797 25 15 or
1785 2791 29 22 be
1824 2792 65 21 made
1897 2798 32 21 up
1938 2799 83 21 among
2030 2792 137 27 neighbours
2176 2794 51 20 who
2239 2800 53 20 may

1752 2819 84 26 depute
1854 2825 43 14 one
1910 2819 25 20 of
1949 2820 62 20 their
2022 2820 97 21 number
2130 2821 28 22 to,
2170 2822 65 19 make
2250 2818 41 23 the

1752 2846 140 24 remittance,
1900 2846 88 20 receive
1991 2846 41 20 the
2040 2846 71 26 goods
2114 2846 47 21 and
2169 2847 122 20 distribute

1751 2871 41 21 the
1801 2878 61 14 same
1872 2878 30 14 on
1911 2872 92 21 arrival.

1751 2905 78 27 Agent
1838 2905 36 21 for
1883 2906 88 20 Oxford
1979 2906 40 22 and
2019 2906 108 22 District
2133 2907 37 20 Mr
2176 2907 27 21 B.
2212 2907 78 21 Keats.

1799 2973 192 55 Money
2004 2976 54 41 to
2080 2974 154 44 Lend.

1807 3059 18 31 I
1839 3059 80 31 have
1948 3070 114 30 money
2089 3065 33 26 to
2150 3061 73 31 lend
2258 3062 30 30 m

1752 3100 86 40 large
1863 3109 35 21 or
1926 3101 92 30 small
2047 3111 85 21 sums
2169 3112 31 20 to
2229 3104 63 28 suit

1751 3140 180 32 Borrowers
1962 3147 34 25 at
2022 3142 110 31 lowest
2165 3148 127 25 current

1750 3186 92 26 rates.

1832 3222 193 31 WILLIAM
2047 3223 158 37 HOBAN,

1926 3262 190 30 SOLICITOR,

1784 3301 49 24 204
1845 3300 121 26 Hereford
1977 3301 40 26 St.
2031 3301 198 26 Chbi3tchubbh
2241 3303 51 24 and

1947 3360 4 3 .
1961 3339 111 24 Kaiapoi.

1747 3430 16 20 *
1775 3433 127 37 THE
1925 3433 128 37 RED
2067 3434 224 39 HOUSE'

1888 3495 75 21 under
1971 3495 41 21 the
2022 3495 124 21 Verardah
2243 3513 2 3 .
2277 3506 5 7 •

1748 3532 41 20 109
1808 3531 108 21 Colombo
1935 3532 63 20 Sreet
2027 3532 245 22 CHRISTCHURCH.

1798 3568 160 38 JOHN
1996 3568 238 39 WILSON

1747 3619 100 21 General
1855 3619 89 24 Dealer,
1959 3620 126 20 Furniture
2095 3621 91 24 Broker,
2197 3621 18 19 &
2220 3621 72 22 Hotel

1802 3657 119 21 Valuatrr.
1960 3656 148 22 Established
2118 3658 28 19 20
2154 3657 79 21 Years.

1748 3708 61 21 John
1818 3708 90 20 Wilson
1913 3709 115 20 embraces
2037 3709 39 19 the
2086 3709 93 26 present
2184 3711 106 24 opportu-

1749 3734 51 28 nity
1808 3735 26 21 to
1846 3735 76 21 thank
1930 3735 38 21 his
1979 3736 132 25 supporters
2119 3735 37 20 for
2165 3735 62 21 their
2236 3742 54 16 cus-

1748 3762 47 20 tom
1804 3762 47 20 and
1858 3763 127 25 patronage
1997 3761 47 22 and
2059 3768 91 15 assures
2161 3762 66 21 them
2235 3763 54 21 that

1748 3795 25 13 as
1782 3788 25 20 m
1815 3788 42 20 the
1863 3789 54 25 past
1925 3788 30 21 he
1970 3789 21 20 is
2003 3788 110 26 prepared
2121 3789 25 20 to
2156 3789 83 26 supply
2247 3789 41 21 the

1747 3815 53 21 best
1808 3815 125 21 Furniture
1944 3814 44 26 &c,
2003 3815 36 21 &c.
2056 3815 25 20 at
2096 3814 74 28 prices
2184 3815 61 27 fully
2260 3817 28 21 20

1747 3848 42 20 per
1798 3842 54 20 cent
1858 3842 47 20 less
1912 3841 59 21 than
1979 3841 113 21 hitherto.

1803 3877 61 22 John
1886 3877 90 20 Wilson
2003 3877 47 20 will
2072 3876 93 22 furnish
2184 3884 15 15 a
2218 3878 72 23 house

1747 3904 138 26 throughout
1892 3904 37 19 for
1937 3905 55 23 .£2O,
2020 3904 63 21 John
2092 3904 90 21 Wilson
2191 3906 48 19 will
2246 3906 43 21 sell

1747 3937 47 21 you
1806 3937 16 14 a
1843 3930 118 21 Duchesse
1984 3930 71 21 Chest
2063 3930 114 22 Drawsers
2187 3931 37 21 for
2236 3932 52 28 50/-.

1775 3957 61 22 John
1845 3957 88 21 Wilson
1952 3956 47 22 will
2018 3956 43 22 sell
2079 3963 46 20 you
2140 3964 16 15 a
2173 3958 73 23 Chest
2265 3960 25 21 of

1748 3984 104 21 Drawers
1861 3984 36 21 for
1906 3983 52 26 20/-.
1999 3984 61 21 John
2069 3984 92 22 Wilson
2182 3986 48 21 will
2248 3986 42 21 sell

1748 4017 46 20 you
1822 4007 96 25 Double'
1938 4011 54 21 Iron
2016 4010 128 23 Bedsteads
2175 4012 40 21 for
2236 4013 52 28 25/-.

1749 4038 83 26 Spring
1841 4038 133 21 Mattresses
1982 4037 47 28 25/-
2172 4045 46 22 any
2226 4041 63 26 price

1747 4071 48 21 you
1806 4066 54 20 luce.
1897 4064 146 28 Everything
2057 4064 78 28 cheap,
2144 4066 145 29 Everything

1749 4092 61 27 good
1815 4091 48 22 and
1871 4097 47 21 you
1926 4097 43 15 can
1982 4092 42 26 get
2032 4093 141 27 everything
2181 4094 60 21 from
2249 4095 41 21 the

1749 4119 75 21 useful
1831 4117 64 23 little
1903 4118 81 22 needle
1997 4119 26 21 to
2041 4119 41 21 the
2088 4122 3 3 '
2100 4119 129 27 proverbial
2250 4128 40 14 an-

1747 4144 67 22 chor.-
1823 4145 173 19 •;='.-•.'.
2116 4163 2 4 .

1748 4171 63 22 THE
1828 4172 64 21 BED
1905 4171 112 22 HOUSE.
2040 4172 41 20 109
2090 4172 105 23 Colombo
2205 4174 82 22 Street.

1912 4198 84 23 JOHN
2010 4198 130 23 WILSON;

1771 4224 14 21 i
1785 4224 5 10 1
1798 4230 9 15 1
1814 4230 6 6 •
1827 4225 19 20 il
1849 4225 4 11 1
1853 4229 5 15 ;
1866 4229 10 16 i
1882 4224 19 20 :'<i
1916 4224 66 25 3»ij
1991 4223 26 22 \f
2026 4238 6 9 ,
2065 4224 54 21 sold
2146 4221 14 26 b
2189 4226 99 23 exchan.

1754 4249 61 23 3ales
1829 4249 113 22 attended
1949 4256 30 15 on
1987 4250 152 22 commission.
2167 4265 3 3 ■

1202 954 180 47 JOHN
1454 952 284 46 INGRAM

1229 1024 489 36 AUCTIONEER

1203 1083 106 24 LICENCED
1328 1082 59 25 LAND
1397 1081 95 28 BROKER,
1505 1080 127 28 VALUATOR,
1647 1080 95 28 ESTATE,

1217 1123 132 29 INSURANCE,
1360 1122 15 25 &
1385 1122 101 26 GENERAL
1497 1121 140 26 COMMISSION
1647 1120 81 26 AGENT.

1200 1169 68 25 Agent
1272 1169 38 25 for
1319 1169 35 19 the
1363 1168 105 20 National
1476 1168 115 20 Insurance
1601 1166 106 26 Company
1720 1169 23 21 of

1377 1209 51 21 New
1442 1209 103 19 Zealand.

1223 1250 173 32 OXFOKD
1418 1251 28 28 &
1472 1249 254 32 SHEFFIELD.

1455 1319 26 19 ♦

1201 1363 150 27 Fortnightly
1359 1363 99 21 Auction
1469 1362 64 22 Sales
1542 1362 57 21 held
1606 1362 26 20 m
1636 1362 41 21 the
1683 1362 58 21 Mar-

1201 1399 42 21 ket
1251 1398 75 21 Yards
1336 1398 131 24 OXFORD,
1477 1403 70 20 every
1556 1397 83 21 second
1657 1397 85 20 Thurs-

1203 1431 50 25 day.
1269 1430 108 26 Monthly
1387 1430 64 20 Sales
1460 1429 56 21 held
1525 1430 26 20 at
1559 1428 92 22 Market
1659 1428 83 24 Yards,

1203 1461 181 21 SHEFFIELD.
1445 1460 95 21 Private
1558 1460 102 21 Auction
1679 1460 63 20 Sales

1202 1493 143 21 undertaken
1354 1499 47 20 any
1409 1493 55 26 part
1473 1492 24 20 of
1505 1492 42 20 the
1557 1491 104 26 country.
1688 1491 54 21 Pro-

1202 1526 65 25 perty
1278 1524 102 26 Bought,
1388 1523 60 24 Sold,
1458 1529 27 14 or
1493 1523 49 21 Let.
1554 1522 48 21 and
1606 1522 136 21 Valuations

1203 1558 110 27 carefully
1322 1558 74 22 made.
1426 1557 66 21 Land
1501 1557 105 26 Brought
1615 1556 74 21 under
1701 1556 41 21 the

1203 1593 107 21 Transfer
1318 1592 52 25 Act,
1399 1590 127 26 Transfers,
1540 1590 91 26 Leases,
1644 1590 18 21 &
1667 1590 76 21 Deeds

1203 1625 22 21 of
1234 1624 134 27 Mortgages
1383 1623 77 21 drawn
1469 1629 38 21 up.
1545 1622 85 27 Money
1638 1622 106 22 invested

1203 1656 47 20 and
1257 1656 110 20 obtained
1375 1656 35 20 for
1419 1655 88 20 Clients
1516 1660 29 14 on
1555 1654 129 25 Mortgage.
1704 1653 39 21 In-

1236 1693 97 15 surance
1351 1686 97 22 effected
1464 1691 29 15 on
1502 1685 125 26 Buildings
1636 1685 25 21 of
1669 1691 46 21 any

1279 1719 145 27 description,
1434 1717 47 21 and
1489 1717 63 21 their
1561 1718 111 20 contents.

1203 1837 60 21 HAS
1277 1836 58 21 FOR
1348 1836 72 22 SALE
1436 1836 39 20 BY
1490 1834 126 23 PRIVATE
1629 1834 112 22 TREATI

1230 1916 21 20 A
1260 1915 56 25 good
1334 1914 158 28 Agricultural
1500 1913 47 22 and
1555 1912 104 21 Pastoral
1675 1912 69 21 Farm

1204 1947 131 25 containing
1345 1948 41 20 522
1396 1952 62 15 acres
1469 1945 113 23 Freehold
1587 1945 19 20 &
1611 1945 42 21 240
1664 1945 78 21 Lease-

1204 1981 54 21 hold
1267 1978 26 24 at
1300 1980 66 22 View
1374 1980 51 21 Hill
1435 1980 98 21 devided
1538 1980 50 20 into
1598 1980 27 19 12
1629 1978 115 28 paddocks

1204 2015 52 20 well
1263 2015 101 21 watered
1371 2014 80 21 within
1462 2012 28 27 4}
1498 2013 66 21 miles
1573 2013 60 21 from
1642 2012 102 26 Railway

1205 2046 98 21 Station.
1326 2044 144 23 Substantial
1480 2046 13 19 5
1502 2042 95 23 roomed'
1612 2044 75 20 House
1704 2050 40 13 sur

1204 2079 103 21 rounded
1319 2079 31 26 by
1358 2086 15 13 a
1381 2079 51 20 nice
1441 2077 138 27 plantation,
1589 2077 65 26 large
1664 2077 80 20 Stable

1204 2112 46 21 and
1259 2113 41 20 out
1310 2112 58 21 heds
1376 2112 96 21 thereon
1472 2123 27 3 —
1499 2111 63 27 price
1571 2117 56 20 very
1634 2110 50 21 low.

1231 2161 91 26 Orange
1331 2160 57 21 Hall
1401 2160 57 21 with
1472 2161 27 19 32
1509 2159 94 28 perches
1613 2157 24 21 of
1645 2157 56 21 hind
1710 2159 33 20 at-

1203 2194 89 21 tached.

1231 2260 36 22 On
1281 2260 97 22 account
1385 2260 51 21 Rev
1448 2258 55 22 Neil
1511 2258 38 22 Me
1559 2258 98 26 Callum,
1674 2258 70 21 Farm

1203 2295 25 21 of
1237 2296 41 20 170
1288 2298 62 16 acres
1360 2298 29 15 on
1397 2292 66 21 View
1472 2291 49 20 Hill
1531 2291 60 20 Run.

1231 2359 35 21 On
1280 2358 97 21 account
1389 2357 56 21 Rev.
1455 2356 21 21 J.
1486 2356 16 21 J
1516 2356 111 26 Pendray.
1646 2355 59 21 Half
1713 2361 31 14 an

1203 2399 52 15 acre
1267 2391 57 21 hind
1342 2391 57 20 with
1415 2390 97 26 Cottage
1531 2389 97 21 thereon
1642 2389 102 21 situated

1203 2425 25 21 m
1237 2423 92 23 Church
1338 2423 82 24 Street,
1430 2421 58 22 East
1497 2421 94 22 Oxford.

1230 2521 67 26 Fifty
1305 2526 68 16 seven
1382 2526 62 15 acres
1455 2519 24 21 of
1488 2519 56 21 land
1552 2525 57 15 near
1623 2519 121 21 Waimak-

1202 2555 56 21 ariri
1265 2554 93 27 Bridge,
1365 2552 83 23 fenced
1454 2553 47 21 and
1509 2552 49 21 laid
1564 2552 66 21 down
1636 2552 25 21 m
1670 2558 72 21 grass.

1230 2618 36 21 On
1276 2618 99 20 account
1384 2617 24 21 of
1417 2617 41 21 the
1467 2617 153 25 Mortgagees,
1629 2617 41 19 143
1680 2622 62 14 acres

1202 2650 120 29 adjoining
1331 2649 38 22 Mr
1375 2649 22 22 J.
1403 2648 100 23 Brown's
1509 2648 60 21 farm
1573 2646 169 23 Waimakariri.

1298 2704 34 20 On
1342 2703 92 21 account
1443 2702 23 21 of
1476 2702 36 21 Mr
1527 2702 125 21 Al:lpbess.

1229 2747 41 21 His
1279 2752 52 21 very
1339 2747 51 20 nice
1399 2745 115 21 residence
1523 2744 100 26 opposite
1633 2744 39 21 the
1684 2743 58 20 Par-

1201 2785 82 19 sonage
1289 2779 58 20 East
1350 2777 87 21 Oxford
1442 2777 37 20 for
1484 2777 47 21 sale
1540 2782 58 21 vary
1603 2775 78 27 cheap,
1691 2774 51 21 half

1200 2818 51 14 acre
1260 2810 24 21 of
1292 2810 62 24 land,
1364 2809 58 25 good
1430 2808 94 27 garden.

1229 2904 47 21 For
1288 2902 139 28 particulars
1441 2901 71 28 apply
1526 2902 25 21 to

1200 2967 195 34 JOHN
1425 2963 311 35 INGRAM

1252 3205 64 32 MR
1339 3203 179 34 SPECIAL
1547 3202 134 32 RAPID

1362 3255 90 31 AND
1477 3253 93 33 SUN.

1196 3311 203 40 TRAVELLING
1437 3308 296 43 PHOTOGRAPHERS.

1236 3374 116 36 Views,
1370 3372 130 38 Houses,
1516 3372 133 38 Groups,
1658 3372 75 29 Por-

1195 3415 99 35 traits,
1323 3413 141 30 Animals
1493 3412 55 38 &c,
1571 3412 95 30 taken
1701 3414 35 27 at

1194 3454 185 40 anyplace;
1411 3452 60 40 6/-;
1484 3452 81 41 10/-;
1582 3450 68 41 24/-
1679 3460 56 30 per

1195 3495 107 30 dozen.
1345 3494 165 39 Specimen
1523 3492 111 39 kindly
1648 3491 86 30 exhi-

1195 3535 84 32 bited
1294 3535 35 30 m
1352 3534 51 30 Mr
1433 3532 135 32 Parish's
1591 3532 142 30 window.

1196 3584 115 30 Address,
1313 3598 34 4 —

1294 3628 52 25 MR
1359 3626 148 27 SPECIAL
1518 3626 116 29 EAPID,

1462 3673 197 31 Photographer,

1532 3718 203 27 WANNANOA

1197 3972 89 44 ZINC,
1309 3969 71 41 TIN,
1404 3969 65 39 AND
1491 3967 119 40 SHEET,
1634 3967 104 39 STEEL

1404 4033 140 24 WOBKEB

1231 4073 100 42 HigK,
1344 4073 113 38 Street,
1479 4069 233 42 East^^xfbrd.

1197 4175 43 26 All
1250 4173 74 27 kinds
1335 4172 29 27 of
1377 4173 97 28 Pumps
1486 4172 78 25 Fixed
1575 4173 23 23 &
1614 4170 123 33 Repaired

1312 4225 29 24 at
1351 4224 46 25 the
1409 4223 111 25 shortest
1530 4223 94 24 notice.

256 996 437 94 SHEEP
736 991 239 89 DIP

359 1122 86 31 Must
458 1122 39 30 be
510 1121 66 29 free
590 1120 34 30 of
638 1119 88 38 duty,
748 1117 131 30 because

468 1168 101 31 NEW
582 1163 198 34 ZEALAND

338 1218 32 30 Is
383 1217 54 30 the
450 1218 105 37 happy
569 1213 135 38 hunting
717 1210 122 41 ground
853 1208 35 31 of

36 1268 180 82 COOPER,
232 1267 104 36 Little,
352 1263 133 40 Quibell,
497 1261 135 39 Cannon,
644 1259 112 36 Battle,
771 1256 113 33 Oarbol
895 1254 133 40 Crystal,
1045 1253 142 35 Thomas,

91 1311 89 30 Ness.
197 1310 118 33 Lawes,
331 1307 125 34 Odams,
466 1301 197 41 McDougall,
675 1301 105 37 Jeyes,
792 1298 118 35 Peeles,
922 1296 131 37 Climax,
1066 1296 122 32 Crown,

39 1352 54 35 &c,
108 1350 62 30 and
184 1350 54 28 the
251 1348 118 39 Agents
381 1347 33 28 of
427 1347 87 28 these
528 1343 79 39 Dips
632 1351 52 20 are
709 1340 172 39 beginning
894 1340 34 26 to
942 1347 57 29 cry
1030 1338 64 31 out,
1127 1335 62 27 and

37 1391 136 37 exciting
187 1389 83 30 their
298 1388 109 30 clients
421 1388 34 27 to
469 1385 39 30 do
524 1394 42 27 so,
582 1383 33 30 m
625 1391 70 22 case
709 1379 80 31 New
802 1378 139 30 Zealand
976 1377 112 29 should
1121 1383 68 19 imi-

35 1435 66 27 tate
115 1429 175 36 Freetrade,
303 1428 77 30 New
395 1425 99 31 South
515 1423 115 35 Wales,
645 1420 104 32 which
764 1420 120 38 colony,
906 1416 78 32 with
1018 1425 75 21 over
1119 1416 70 37 ntty

37 1471 118 31 million
170 1471 102 38 sheep,
282 1470 132 38 imposes
427 1469 55 27 ten
495 1474 55 31 per
564 1466 72 29 cent
650 1462 79 38 duty
740 1471 42 20 on
809 1459 44 31 all
880 1458 88 31 these
982 1459 123 37 gentry.

417 1566 131 36 DUTY,
560 1564 58 32 OR
626 1563 56 33 NO
693 1561 123 38 DUTY,

398 1633 438 50 BROOKE'S

562 1734 32 23 55
637 1730 276 57 SHEEP
956 1728 161 53 DIP.

389 1851 206 43 (Registered
615 1848 87 33 trade
728 1846 110 40 mark)

284 1901 110 32 WILL
408 1900 84 31 NOT
507 1898 57 32 BE
574 1896 159 33 RAISED
744 1895 46 30 IN
802 1893 141 36 PRICE,

274 1963 74 31 And
369 1962 118 39 hereby
512 1959 184 38 Challenges
721 1957 42 30 all
791 1955 55 30 the
874 1954 97 30 above

391 2013 55 31 TO
460 2012 29 30 A
510 2009 157 32 PUBLIC
701 2006 140 37 TRIAL,

451 2060 65 29 £10
559 2067 35 20 or
609 2057 68 30 £20
693 2055 85 35 each,

34 2116 46 30 To
91 2114 39 31 be
140 2112 160 42 deposited
313 2110 47 31 for
374 2119 150 30 expenses
538 2108 33 30 of
585 2116 93 26 same,
707 2105 59 29 and
792 2102 176 32 conducted
1002 2100 100 30 under
1137 2098 54 30 the

35 2156 143 38 auspices
193 2154 35 30 of
234 2153 53 31 the
322 2151 212 31 Government
571 2147 96 31 Stock
694 2146 217 39 Department,
922 2143 32 29 m
992 2140 199 40 conjunction

39 2197 76 31 with
130 2195 98 31 either
253 2194 55 30 the
319 2192 203 39 Wellington,
548 2188 206 37 Canterbury,
787 2196 35 19 or
848 2184 102 39 Otago
982 2180 210 41 Agricultural

39 2237 62 31 and
115 2234 139 32 Pastoral
268 2232 202 33 Association.

78 2327 112 32 P.S.—
190 2326 28 30 A
232 2324 113 41 special
359 2323 168 30 invitation
540 2321 28 30 is
592 2317 155 34 extended
762 2321 32 26 to
808 2316 53 30 the
876 2314 259 41 representatives
1159 2312 33 30 of

37 2367 143 41 Cooper's
195 2366 62 30 and
271 2364 122 32 Little's
407 2363 62 40 Dip
483 2364 43 39 by

488 2412 47 45 C.
565 2412 69 45 M.
665 2407 294 55 BROOKE,

806 2471 259 34 ASHBTJETON

126 2599 427 90 Infant's
642 2592 455 88 Powders

232 2723 87 34 FOR
338 2718 230 38 CHILDREN
601 2715 202 36 CUTTING
832 2713 155 34 TEETH

75 2771 92 30 Have
181 2769 116 37 proved
312 2777 59 20 one
385 2766 33 30 of
431 2766 55 30 the
500 2766 139 39 greatest
652 2761 99 30 boons
774 2770 73 21 ever
860 2757 186 32 introduced
1074 2760 32 27 to
1133 2755 55 30 the

33 2821 121 41 public.
200 2820 89 38 They
301 2827 54 21 are
370 2816 137 39 charged
521 2815 97 38 solely
638 2812 76 31 with
729 2821 20 20 a
775 2810 117 40 special
926 2808 201 41 preparation
1156 2805 32 31 of

32 2873 83 29 mine
130 2881 69 21 own
220 2869 62 30 and
298 2878 52 21 are
365 2865 190 42 guaranteed
571 2862 151 41 perfectly
747 2860 162 30 harmless.
966 2859 130 29 Fathers
1125 2855 62 31 and

33 2923 140 31 Mothers
188 2919 35 32 of
234 2918 158 32 hundreds
406 2918 31 29 of
451 2915 134 32 families
600 2911 194 33 recommend
808 2911 86 30 them
917 2909 78 33 with
1000 2908 187 32 -confidence

32 2985 33 20 as
80 2974 93 38 being
188 2971 101 39 ample
300 2973 33 26 to
347 2978 124 21 remove
481 2966 43 30 all
535 2966 52 30 the
599 2964 146 37 ordinary
757 2963 237 37 derangements
1008 2960 72 29 that
1094 2970 93 19 occur

32 3014 114 40 during
159 3011 160 31 dentition.
715 3038 2 1 .
1087 3050 11 5 _
1135 3033 4 5 .

27 3099 126 40 THEY
169 3095 97 41 COOL
279 3094 90 40 THE
389 3092 128 45 (SUMS,

115 3147 194 41 COMPORT
329 3145 91 39 THE
456 3143 141 39 CHILD.
644 3139 145 40 CHECK
813 3134 284 46 CONVULSOKS,

356 3203 94 38 AM)
464 3199 186 42 RENDER
671 3194 222 42 TEETHING
906 3193 129 53 QUITE
1049 3191 131 40 EASY.

73 3267 100 30 These
187 3264 143 30 Genuine
345 3260 148 32 Powders
508 3270 53 20 are
575 3259 34 30 m
623 3267 56 22 use
693 3257 43 40 by
750 3257 43 29 all
808 3255 111 31 classes
933 3254 33 31 of
980 3253 125 41 society,
1123 3253 61 30 and

33 3311 31 28 m
79 3307 42 30 all
134 3309 88 37 parts
237 3304 32 30 Df
277 3303 76 31 New
368 3300 147 32 Zealand.

332 3352 61 27 Sold
403 3351 28 25 m
442 3351 82 25 Boxes
536 3347 146 32 containing
694 3347 32 25 12
737 3346 112 33 powders
862 3346 38 32 1/-

112 3431 363 24 G-TTJi-^iJ±3srn?^L^iJD
489 3427 310 23 zpiEiEaiFrECJTi/sr
820 3423 301 24 :HLA-:Raucij:ESS-

29 3469 60 23 Post
100 3467 52 25 free
162 3468 26 23 to
200 3472 49 23 aay
259 3466 56 29 part
326 3462 28 26 of
363 3461 62 27 New
437 3459 109 28 Zealand
552 3468 34 17 on
597 3457 148 28 remittance
753 3456 28 26 of
792 3455 45 35 1/-.
895 3453 125 34 Prepared
1030 3453 49 26 and
1089 3452 94 33 sold.by

426 3504 116 31 JOHN
565 3502 29 32 S.
620 3500 148 38 COOKE,

378 3553 146 33 Registered
558 3551 211 27 Pharmacentical
787 3549 120 30 Chemist,

719 3589 113 28 Cashel
858 3589 118 31 Street,

712 3641 4 4 .
852 3622 282 28 OHEISTOHURCH.

202 3670 613 39 ooTsrsTjivr^Tioisrs
853 3667 196 34 free

173 3808 121 44 ASK
352 3805 168 45 YOUR
580 3800 280 49 GROCEES
917 3798 122 45 FOR

33 3897 711 96 HYSIiOP'S
815 3892 368 91 PURE

147 4052 546 96 CEYLON
772 4047 274 91 TEA

24 4196 65 30 Tea
108 4192 33 29 m
162 4190 85 31 Lead
267 4189 131 30 Packets
406 4198 10 25 ;
442 4186 66 32 will
525 4187 43 37 ;be
588 4183 107 41 found;
708 4194 20 20 a
749 4185 83 29 most
852 4181 150 33 delicious
1023 4178 73 39 Tea,
1123 4179 62 31 and

187 4240 55 30 the
261 4238 76 31 Best
355 4237 99 31 Value
472 4240 36 26 to
524 4235 44 34 |be
588 4233 64 31 had
672 4231 45 42 2/-
737 4231 62 32 and
817 4228 57 41 .2/6
893 4239 59 30 per
971 4228 42 31 ft.

85 4294 2 9 ;
267 4294 3 2 •
282 4298 1 1 .
305 4288 32 22 '^
348 4297 58 13 wm
407 4297 2 9 ,
420 4297 25 14 w
455 4290 25 22 |^p
490 4286 62 23 qu'riM
714 4292 15 14 ■
751 4293 14 12 III
770 4292 2 5 '
843 4289 91 8 '—»»>—»
1001 4299 2 2 .
1008 4289 2 1 '
1077 4293 3 2 -
1194 4298 2 5 ,

59 94 28 31 O
119 94 21 33 £

59 129 29 29 O
119 129 21 15 m
237 127 28 32 d

56 172 14 10 -■
77 172 10 10 p
119 167 21 18 j^
192 172 6 5 ■
238 167 26 15 r^

60 196 27 30 P
119 181 22 51 1
175 193 24 32 S3
237 183 28 43 g

60 292 139 42 H3w
238 290 25 38 S
287 302 3 3 •

60 339 27 21 W
119 355 22 37 3
176 355 24 28 £
238 354 34 22 H-

59 433 28 30 ft
118 442 22 31 £
174 440 25 28 5
237 435 27 28 3

59 461 82 37 O8
174 470 25 16 «
237 465 26 37 S

60 513 80 50 2*
174 529 25 27 $
237 525 25 20 *

60 550 26 33 £
117 548 23 43 3
174 558 23 15 *•
235 560 27 31 %j

58 606 28 29 J
117 613 22 22 E9

58 709 28 25 w
