3530 4540
72 214 90 30 made
174 213 141 38 happier,
332 221 33 20 so
380 211 69 29 that
468 209 140 31 business

72 254 104 32 would
191 253 37 30 be
247 253 91 30 made
353 263 40 19 an
421 251 128 40 adjunct
576 252 33 27 to

72 297 100 37 living
199 294 106 30 rather
332 293 78 29 than
445 292 97 37 living
569 300 40 20 an

73 337 129 39 adjunct
216 338 33 27 to
266 334 150 31 business.
459 331 87 31 Then
555 331 54 30 the

74 378 123 38 slavery
211 376 33 30 of
258 376 54 29 the
326 374 141 30 business
490 382 72 20 man
576 375 33 27 to

75 418 52 30 the
141 416 184 30 fascination
346 415 32 30 of
394 415 46 29 his
468 414 141 29 business

78 458 100 31 would
192 457 39 30 be
244 456 128 35 broken,
388 455 61 29 and
470 465 70 19 men
569 462 40 21 no

74 500 107 38 longer
196 497 145 31 continue
355 498 33 28 to
417 495 97 29 horde
528 494 81 30 their

74 540 149 33 millions;
235 538 89 30 when
331 536 50 30 the
392 536 217 38 requirements

75 580 35 30 of
120 579 136 29 national
270 578 99 37 living
380 587 78 19 were
469 576 140 35 effected,

75 620 61 29 and
151 618 117 38 having
282 616 186 39 sufficiently
484 615 124 40 provid-

77 661 33 30 ed
127 661 49 28 for
190 658 193 35 themselves,
413 656 101 30 would
542 659 67 36 step

75 701 84 30 aside
173 700 62 29 and
356 698 202 39 opportunity
576 700 33 28 to

78 743 112 29 others.
231 740 106 39 Every
350 739 137 29 member
510 738 33 29 of
557 737 52 30 the

75 783 116 29 human
206 781 108 37 family
340 780 109 29 should
465 778 76 30 have
557 778 52 29 the

195 823 32 27 of
238 821 145 37 enjoying
400 816 207 39 the'ordinary

253 861 31 27 of
302 860 57 28 life,
383 857 164 39 according
577 860 30 26 to

137 905 86 30 state,
230 910 3 5 :
240 900 105 29 before
364 910 61 28 any
442 898 108 29 should
565 898 42 28 in-

78 943 91 37 dulge
184 942 31 28 m
231 942 41 28 its
287 940 140 35 dainties,
444 949 34 19 or
491 938 116 30 luxuri-

78 987 48 26 ate
141 994 40 18 on
192 983 44 28 its
252 982 166 28 delicacies-
425 994 4 7 •
443 979 33 29 If
484 989 42 20 we
541 987 68 21 con-

77 1024 79 29 sider
179 1023 53 29 the
247 1022 93 29 social
356 1024 105 36 aspect
476 1020 32 29 of
522 1020 85 29 hum-

78 1065 86 37 anity
188 1064 31 28 m
242 1063 40 28 its
305 1070 112 31 proper
442 1062 89 38 light,
568 1067 40 21 no

77 1108 133 26 member
247 1103 32 29 of
309 1103 50 29 the
390 1102 79 39 body
503 1100 106 39 politic

77 1145 110 29 should
204 1145 35 28 be
255 1143 119 30 clothed
388 1142 74 29 with
480 1141 60 30 silk
550 1141 58 28 and

76 1185 180 29 broadcloth
278 1183 49 30 till
363 1182 157 38 shivering
554 1181 55 28 hu-

78 1227 116 38 manity
209 1226 56 27 has
280 1226 40 27 its
329 1224 171 29 nakedness
510 1231 99 20 neces-

78 1267 58 28 sari
141 1258 38 43 Ivj
196 1276 37 19 an
239 1265 18 29 d
273 1263 218 39 satisfactorily
501 1271 4 2 '
513 1262 81 29 cloth
599 1279 8 4 -

79 1309 44 27 cd.

120 1349 63 28 Our
210 1346 91 29 much
337 1345 114 28 abused
487 1343 121 29 Liberal

79 1389 208 29 Government
310 1396 52 19 are
387 1385 163 37 deserving
579 1384 31 28 of

78 1438 91 27 every
179 1424 244 31 commendation
434 1425 47 26 for
493 1423 116 28 consid-

79 1469 87 36 ering
193 1467 88 28 those
312 1465 100 29 whoso
437 1464 91 31 needs
557 1472 52 20 are

79 1510 143 36 greatest,
238 1506 60 29 and
316 1505 65 30 who
400 1514 49 19 are
478 1504 76 29 least
579 1503 32 28 of

79 1549 40 28 all
133 1549 32 28 m
177 1558 19 19 a
204 1547 132 40 position
347 1549 31 26 to
389 1545 112 29 defend
511 1544 98 29 them-

77 1590 105 28 selves.

119 1629 64 29 The
196 1629 206 30 Government
414 1636 51 19 are
480 1625 129 30 endeav-

176 1821 134 23 TIMBER
333 1818 169 26 LICENSES.

110 1899 40 23 Mr
189 1899 104 26 Barron,
326 1898 96 23 Under-
427 1898 123 28 Secretary
587 1895 27 25 of

77 1934 92 31 Lands,
199 1935 44 23 has
272 1934 120 24 informed
414 1934 42 24 Mr
477 1931 132 29 Meredith,

75 1973 54 23 who
142 1972 86 24 waited
240 1980 32 16 on
284 1972 53 23 him
348 1972 25 23 m
395 1971 122 24 reference
530 1971 25 22 to
569 1969 42 24 the

76 2013 90 22 matter
178 2019 31 16 on
240 2010 95 30 Friday,
366 2010 55 24 that
449 2008 162 25 instructions

43 2043 24 31 £
77 2050 49 23 had
138 2050 59 23 been
209 2050 71 30 given
294 2050 25 22 to
332 2048 41 24 Mr
385 2048 141 27 Marchant,
541 2047 70 24 Com-

77 2090 127 24 missioner
202 2097 5 5 1
219 2088 26 25 of
256 2088 87 25 Crown
362 2087 84 24 Lands
457 2087 27 24 m
508 2086 103 25 Canter-

77 2129 68 29 bury,
159 2128 24 23 to
195 2127 66 24 issue
273 2126 105 23 licences
392 2127 24 22 to
429 2127 41 22 cut
482 2124 91 24 timber
585 2124 26 24 m

79 2167 90 26 Oxford
181 2166 74 25 bush.
292 2165 60 25 This
435 2165 54 31 give
502 2163 108 33 employ-

77 2208 69 21 ment
159 2207 23 22 to
192 2205 109 24 between
314 2203 79 32 thirty
405 2203 49 25 and
477 2203 63 30 forty
553 2210 57 16 men

77 2245 52 24 who
141 2245 70 28 have,
226 2244 80 30 owing
318 2246 25 21 to
356 2243 43 25 the
427 2242 184 31 complications

78 2285 108 23 between
198 2283 43 24 the
254 2283 168 23 Government
435 2282 49 23 and
496 2282 42 23 the
548 2282 62 22 Mid-

77 2322 56 23 land
152 2321 110 30 Bailway
275 2320 136 31 Company,
431 2320 60 23 been
516 2321 43 21 out
588 2318 26 24 of

79 2360 175 31 employment.

209 2398 116 24 Bailway
345 2397 136 25 Sleepers,

112 2443 21 24 A
150 2443 146 30 deputation
308 2442 137 31 consisting
468 2442 27 24 of
519 2441 92 24 Messrs

78 2480 129 28 Meredith,
232 2479 95 28 Buddo,
363 2479 100 29 Maslin,
485 2477 124 29 Flatinan,

77 2522 152 24 M'Lachlan
237 2522 49 24 and
298 2521 173 32 Montgomery
482 2520 89 24 waited
580 2528 31 16 on

77 2560 43 24 the
134 2560 114 24 Minister
260 2558 27 25 of
296 2558 124 32 Bailways
432 2567 33 16 on
490 2558 121 31 Saturday

77 2600 116 30 morning
204 2601 26 22 to
242 2599 105 31 impress
360 2606 32 17 on
411 2598 53 24 him
487 2598 44 24 the
551 2598 59 24 suit-

77 2637 87 32 ability
176 2637 24 25 of
220 2636 102 30 Oxford,
347 2636 85 25 Alford
455 2635 87 26 Forest
564 2635 47 24 and

76 2676 60 24 Peel
147 2676 86 24 Forest
246 2676 88 23 timber
345 2675 36 24 for
388 2675 101 31 railway
499 2674 110 31 sleepers.

76 2716 25 25 It
112 2723 51 16 was
174 2715 102 31 pointed
288 2716 44 23 out
343 2715 56 24 that
420 2714 43 24 the
480 2714 95 30 quality
587 2715 26 23 of

76 2753 43 25 the
131 2753 71 24 birch
214 2753 65 24 from
291 2752 153 31 Canterbury
464 2752 87 24 forests
563 2760 49 16 was

76 2792 80 30 equal,
169 2791 20 23 if
198 2798 45 17 not
261 2790 115 31 superior,
390 2792 26 22 to
435 2790 70 24 birch
527 2798 85 23 grown

75 2829 26 23 m
113 2828 70 24 other
195 2829 68 30 parts
275 2827 28 25 of
320 2828 40 23 the
383 2828 97 30 colony.
515 2826 23 24 A
557 2835 55 22 pro-

75 2868 48 22 test
134 2874 51 16 was
195 2866 72 23 made
279 2865 99 31 against
390 2865 43 24 the
451 2864 160 31 importation

74 2903 26 24 of
109 2904 90 23 timber
210 2903 37 24 for
260 2903 104 30 sleepers
387 2903 64 24 from
468 2902 72 24 other
556 2910 55 22 pro-

74 2943 89 24 vincial
176 2943 118 28 districts,
305 2942 157 31 considering
490 2941 56 24 that
569 2941 42 24 the

76 2980 154 31 Canterbury
243 2979 118 26 sawmills
373 2987 63 17 were
450 2979 54 25 able
515 2980 26 24 to
554 2986 56 24 sup-

73 3022 42 30 ply
128 3021 43 24 the
193 3021 105 30 railway
319 3020 182 31 requirements
524 3017 86 27 within

74 3059 43 25 the
128 3057 137 33 provincial
282 3057 104 25 district.
421 3056 53 25 The
487 3056 123 29 Minister,

75 3099 25 23 m
109 3098 77 31 reply,
199 3096 82 25 stated
304 3096 56 25 that
383 3096 44 25 the
449 3096 163 31 Department

74 3135 51 23 had
136 3135 89 24 twelve
237 3133 123 25 thousand
371 3133 69 25 birch
453 3134 105 30 sleepers
579 3141 32 16 on

74 3172 69 26 hand
155 3172 27 24 m
195 3171 163 31 Canterbury,
377 3171 81 24 which
486 3171 83 24 would
581 3171 31 24 be

75 3210 122 25 sufficient
209 3210 38 25 for
256 3209 44 25 the
322 3209 178 31 requirements
504 3219 2 4 1
520 3208 28 25 of
569 3208 44 25 the

75 3252 96 29 present
193 3257 67 23 year.
296 3249 80 24 There
400 3256 47 17 was
468 3249 53 24 also
544 3256 68 17 some

75 3289 77 24 doubt
164 3296 27 16 as
204 3290 26 22 to
241 3288 42 23 the
306 3287 133 31 durability
461 3287 28 24 of
510 3287 100 24 Canter-

75 3326 61 32 bury
149 3325 71 25 birch
230 3326 39 23 for
281 3325 92 30 sleeper
395 3332 126 24 purposes.
558 3325 53 24 The

43 3385 5 17 y
75 3365 145 31 deputation
233 3364 101 26 assured
354 3364 42 24 the
419 3364 115 24 Minister
557 3364 55 24 that

77 3402 41 25 the
130 3402 96 31 quality
237 3409 51 17 was
305 3401 151 30 undoubted,
479 3402 51 24 and
552 3402 59 31 they

75 3450 63 16 were
146 3441 121 31 prepared
284 3442 26 23 to
319 3441 92 24 submit
433 3442 42 23 the
497 3442 114 30 question

76 3483 26 22 to
114 3488 50 24 any
174 3480 48 24 fair
233 3480 49 24 and
294 3480 143 25 reasonable
448 3482 58 23 test.
542 3480 69 32 They

77 3519 52 23 also
142 3518 132 31 suggestei
296 3517 57 25 that
369 3518 43 24 the
429 3519 123 24 contracts
574 3518 38 25 for

76 3559 60 22 next
161 3558 79 30 year's
268 3556 179 32 requirements
475 3557 82 32 might
585 3557 27 24 m

76 3596 56 29 part
143 3594 30 25 be
185 3593 117 26 executed
313 3593 49 26 this
375 3602 66 24 year,
454 3595 27 24 m
504 3594 70 25 order
585 3595 27 24 to

76 3634 90 24 relieve
204 3633 44 25 the
275 3635 164 31 unemployed
482 3634 129 32 difficulty.

78 3671 53 24 The
143 3672 115 23 Minister
268 3671 120 25 informed
403 3672 44 24 the
469 3672 141 31 deputation

77 3709 56 25 that
145 3710 41 23 Mr
199 3710 74 24 Lowe
285 3710 81 25 would
383 3712 83 30 report
477 3710 84 26 witbin
569 3712 42 24 ten

77 3748 61 33 days
171 3756 33 18 on
232 3749 40 25 the
290 3749 94 33 quality
411 3750 28 26 of
459 3750 152 33 Canterbury

76 3789 77 28 birch,
167 3789 51 24 and
228 3789 44 24 the
289 3789 113 25 Minister
413 3790 82 25 would
507 3791 62 24 then
580 3790 31 26 be

77 3828 56 25 able
144 3830 25 23 to
181 3829 52 31 give
241 3836 15 16 a
272 3828 102 25 definite
385 3830 68 31 reply
464 3831 27 23 to
513 3830 44 25 the
568 3830 43 25 de-

77 3865 121 31 putation.
233 3865 93 25 Messrs
338 3865 123 26 Meredith
472 3867 50 24 and
543 3867 67 25 Mas-

77 3905 36 23 lin
124 3912 41 17 are
176 3906 26 22 to
218 3905 123 24 interview
368 3906 44 25 the
440 3906 116 25 Minister
578 3915 33 17 on

79 3943 90 31 Friday
179 3944 73 31 night
261 3947 25 22 to
303 3944 96 27 further
427 3946 113 25 consider
567 3947 44 24 the

77 3984 99 22 matter.

167 4131 161 24 MIDLAND
340 4132 165 25 RAILWAY.

371 4218 156 31 Wednesday,

110 4262 54 24 The
175 4262 84 25 House
276 4268 51 21 Was
338 4265 123 26 informed
472 4264 52 27 this
535 4266 73 25 after-

76 4308 65 17 noon
153 4300 55 26 that
219 4301 79 31 plans'
306 4303 50 25 arid
355 4302 5 15 ;
378 4304 180 32 specifications
570 4305 39 24 for

77 4339 42 26 the
130 4339 55 26 first
196 4340 59 25 mile
265 4352 3 4 ■
277 4341 28 26 of
310 4343 115 33 ''railway'
437 4345 172 25 -construction

77 4379 63 25 from
150 4379 129 26 Jackson's
291 4383 82 24 would
381 4383 36 29 be,
430 4384 75 32 ready
515 4385 94 24 Thurs-

78 4419 55 32 day,
145 4418 50 26 and
216 4419 56 26 that
298 4421 72 32 plans
398 4423 38 26 for
463 4424 44 25 the
530 4423 79 26 whole

76 4458 87 33 length
170 4462 26 23 to
205 4463 104 24 connect
316 4461 121 29 Jacksons
447 4464 50 25 and
507 4463 101 32 Spring-

636 203 60 25 field
712 204 80 25 would
814 203 31 25 be
861 201 74 31 ready
947 200 87 26 within
1045 209 15 16 a
1077 200 96 25 month.

638 243 60 25 This
714 242 163 26 information
899 249 50 18 was
969 241 73 31 given
1065 240 33 32 by
1132 239 43 26 the

637 282 110 24 Premier
758 281 74 25 when
841 280 111 32 replying
963 280 26 23 to
999 286 14 17 a
1022 279 114 30 question
1144 279 31 31 by

637 321 41 24 the
690 320 68 25 Hon.
772 321 42 24 W.
827 320 24 25 J.
873 318 111 28 Steward
1003 326 33 17 on
1053 318 42 25 th«
1119 317 55 25 sub-

634 361 51 30 ject
696 360 28 24 of
729 359 98 32 finding
838 359 65 25 work
914 359 38 24 for
964 358 43 24 the
1030 357 144 31 unemploy-

639 397 38 24 ed.

737 450 92 17 TIMBER
845 449 27 17 IN
890 448 95 17 OXFORD
1002 448 72 17 BUSH.
1144 458 17 6 .■

672 487 74 25 Some
757 488 62 24 time
842 487 81 25 before
952 486 43 24 the
1024 486 107 32 opening
1145 474 31 47 jof
1178 482 2 5 '

637 525 158 29 Parliament,
809 526 40 24 Mr
865 523 118 26 Meredith
996 531 50 17 was
1058 523 28 24 m
1109 530 65 17 com-

636 565 154 25 munication
801 565 60 25 with
874 564 43 24 the
930 563 172 25 Government
1113 562 61 25 with

628 604 4 33 |
637 604 124 24 reference
773 606 26 23 to
810 604 44 24 the
866 602 129 26 reduction
1013 602 28 28 of
1051 602 43 25 the
1110 603 65 24 rates

637 643 27 24 of
673 644 98 31 royalty
788 643 55 31 paid
858 642 32 31 by
913 642 141 25 sawmillers
1077 641 98 32 cutting

637 681 91 24 timber
738 681 28 24 m
778 681 91 24 Oxford
881 680 80 25 Bush.
997 680 40 25 He
1061 680 46 24 has
1117 687 58 16 now

637 721 136 24 succeeded
794 721 26 23 m
836 721 41 24 his
900 721 88 31 object;
1001 721 51 24 'the
1065 719 109 26 G-overn-

627 761 76 23 'nient
714 760 92 32 having
822 761 135 24 consented
979 762 26 23 to
1033 761 75 23 lower
1133 759 42 25 the

637 797 118 30 rates^for
766 799 112 29 cutting-.
884 799 59 29 pine
963 799 31 29 by
1112 800 61 25 cent

626 849 2 4 •
635 834 51 24 afid
696 833 37 24 for'
744 834 107 33 'cutting
862 834 66 25 birch
954 834 34 32 by
1009 835 34 23 S3
1053 842 44 24 per
1108 834 63 24 cent;

636 873 53 25 The
713 872 198 29 Commissioner,
935 874 33 26 o?.
979 873 93 27 Crown.
1089 872 85 35 Lanj^s

635 912 37 24 for
684 912 154 32 Canterbury
854 914 49 22 lias
1067 910 107 27 instrua-.

636 950 91 25 tion.to
738 950 114 26 intimate
867 950 50 25 this
938 950 128 25 reduction
1085 952 27 23 to
1124 950 49 25 Ox-

636 990 54 25 ford
719 990 154 25 sawmillers.
943 990 61 25 This
1030 990 143 25 concession

637 1027 91 25 should
739 1028 55 30 give
806 1036 33 16 an
861 1029 108 30 impetus
982 1029 24 23 to
1028 1028 44 24 tho
1084 1027 91 24 timber

637 1065 70 24 trade
719 1065 26 24 of
754 1066 42 24 the
808 1066 103 29 district,
929 1065 51 24 and
1007 1065 57 24 lead
1093 1067 26 22 to
1132 1065 42 24 the

638 1104 168 31 employment
818 1103 26 26 of
854 1111 69 17 more
935 1110 65 18 men.

886 1147 118 29 Lyttelton
1023 1147 84 23 Times.

755 1314 25 23 A
799 1314 99 23 NEW-
907 1313 150 24 SCHEME.

672 1393 40 23 Mr
721 1393 31 23 E.
770 1394 31 23 F.
819 1393 160 29 Buckworth,
1010 1393 27 25 of
1056 1393 122 29 .Katikati.

637 1429 37 23 m.
679 1438 13 14 a
705 1429 71 24 letter
788 1430 25 23 to
825 1429 43 24 the
891 1429 127 24 Auckland
1042 1430 61 24 Star
1121 1438 53 23 pro-

638 1466 96 31 pounds
747 1474 14 17 a
780 1467 98 24 scheme
907 1467 35 24 for
954 1467 41 25 the
1024 1467 107 32 disposal
1151 1468 27 24 of

639 1506 42 24 the
693 1505 98 25 various
801 1506 135 31 properties
946 1506 56 25 held
1014 1506 32 31 by
1054 1506 43 25 the
1109 1506 66 24 bank

639 1543 26 24 of
691 1543 61 24 New
776 1544 117 24 Zealand.
928 1544 40 24 He
995 1552 64 24 says:
1102 1544 74 25 Make

639 1589 45 16 one
696 1582 42 28 big
749 1580 91 33 lottery
852 1582 27 24 of
899 1582 43 25 the
973 1582 74 25 Bank
1076 1584 99 23 estates.

639 1619 34 24 As
684 1619 21 24 it
717 1619 80 24 would
809 1627 69 17 conae
891 1620 80 24 under
988 1620 42 24 the
1053 1620 123 25 Lotteries

640 1658 53 29 Act,
722 1658 35 24 let
785 1658 42 24 the
850 1658 168 25 Government
1050 1659 56 24 take
1135 1659 41 24 the

640 1699 89 22 matter
741 1706 33 23 up
787 1698 27 23 m
827 1700 98 22 earnest
945 1698 50 24 and
1018 1699 112 24 sanction
1144 1707 29 16 an

640 1736 46 24 Act
698 1735 85 32 giving
795 1736 42 24 the
848 1735 67 25 bank
924 1744 82 23 power
1020 1740 24 21 to
1052 1744 69 23 carry
1133 1739 43 22 out

640 1781 41 22 my
692 1772 66 31 plan.
794 1774 46 24 Let
853 1781 14 17 a
880 1774 86 24 sketch
990 1782 58 23 map
1072 1774 27 25 of
1119 1774 56 24 New

641 1812 110 25 Zealand
779 1812 30 25 be
837 1814 127 31 prepared,
995 1814 109 31 showing
1132 1814 43 25 the

640 1852 119 24 situation
769 1853 49 23 and
830 1861 56 16 area
897 1853 27 24 of
934 1854 42 24 the
1000 1854 115 24 different
1138 1862 36 16 es-

640 1891 72 27 tates,
742 1890 59 31 duly
841 1892 141 24 numbered.
1019 1892 60 24 This
1118 1899 58 24 map

640 1926 89 25 should
740 1926 30 25 be
782 1927 116 25 attached
912 1929 24 23 to
955 1936 14 15 a
992 1928 129 31 pamphlet
1149 1930 26 23 to

639 1964 115 24 circulate
766 1965 33 23 all
811 1972 56 17 over
879 1966 43 23 the
933 1965 78 31 globe,
1035 1966 85 30 giring
1130 1966 45 23 full

639 2001 146 30 particulars
797 2001 27 24 of
845 2002 61 23 each
929 2004 76 22 estate
1034 2003 48 23 and
1105 2010 70 23 every

640 2038 66 27 prize
718 2038 35 24 off
762 2038 51 24 red.
851 2038 61 25 Give
925 2047 15 16 a
957 2039 45 24 full
1026 2041 104 23 account
1153 2040 25 24 of

640 2083 72 24 every
722 2076 115 31 property
858 2076 146 32 separately,
1028 2076 94 32 stating
1134 2076 42 25 the

639 2115 94 31 quality
745 2115 49 24 and
815 2116 111 30 physical
954 2116 108 24 features
1086 2116 26 23 of
1133 2116 43 25 the

639 2152 60 24 land
712 2160 5 21 ;
731 2151 33 26 let
782 2153 59 24 each
853 2155 115 30 property
997 2153 30 25 be
1055 2155 42 22 cut
1122 2153 54 26 into

640 2191 105 24 sections
758 2191 27 23 of
794 2191 99 24 various
906 2192 70 27 sizes,
990 2192 47 24 and
1053 2192 43 24 the
1108 2193 69 24 stock

639 2231 25 23 m
673 2230 60 25 each
757 2232 75 23 estate
849 2232 30 23 be
901 2231 98 24 divided
1020 2239 28 17 as
1068 2231 109 32 thought

639 2269 66 23 most
720 2268 189 31 advantageous.
946 2269 76 30 Apart
1046 2269 64 24 from
1134 2269 42 25 the

640 2315 132 17 enormous
798 2308 58 31 gain
868 2309 26 23 to
906 2308 44 25 the
979 2308 126 32 Company
1134 2309 42 25 the

640 2345 98 24 scheme
750 2345 79 24 would
849 2346 77 24 throw
955 2346 167 31 employment
1151 2348 25 23 to

641 2389 133 23 surveyors,
821 2383 159 29 auctioneers,
1027 2385 148 29 carpenters,

639 2422 179 30 ironmongers,
828 2422 49 24 and
886 2422 110 32 working
1006 2430 56 17 men
1070 2422 106 32 through

639 2461 127 24 increased
777 2461 147 31 ownership,
938 2462 84 24 whilst
1034 2462 43 24 the
1090 2462 86 25 Banks

639 2497 82 25 would
740 2497 58 32 gain
810 2506 76 23 many
898 2506 51 16 new
962 2499 97 24 clients.
1095 2499 48 24 Let
1155 2499 20 25 it

640 2538 29 24 be
681 2538 148 25 understood
841 2546 43 24 my
905 2540 61 30 plan
984 2541 123 23 embraces
1131 2540 43 25 the

639 2577 78 25 whole
729 2577 27 25 of
766 2577 42 25 the
825 2577 94 25 Bank's
936 2579 90 24 landed
1039 2581 99 27 estates,
1150 2581 25 24 to

639 2617 30 25 be
678 2617 95 24 formed
780 2617 54 25 into
846 2626 47 16 one
905 2617 99 33 lottery.
1039 2618 48 25 Let
1116 2619 60 24 each

640 2656 72 26 share
724 2654 29 25 be
764 2656 43 30 £1,
821 2664 27 17 so
859 2664 26 17 as
898 2658 25 23 to
935 2656 54 32 give
1018 2665 73 24 every
1103 2656 72 32 body,

641 2702 57 23 poor
710 2701 28 17 or
748 2693 61 29 rich,
823 2702 14 16 a
855 2694 90 25 chance
974 2694 27 26 of
1022 2695 128 32 acquiring
1163 2704 13 16 a

640 2732 63 30 good
714 2732 73 30 prize.

790 2864 109 25 STATE
923 2865 101 24 BANK.

673 2944 53 24 The
739 2944 124 25 Scotsman
874 2944 55 28 has,
954 2944 133 31 according
1110 2949 24 20 to
1163 2954 14 15 a

640 2983 148 32 cablegram,
810 2984 100 24 advised
938 2984 97 25 British
1055 2984 122 26 investors

639 3025 45 23 not
710 3024 26 23 to
748 3023 75 25 assist
838 3024 42 24 the
908 3023 129 25 Victorian
1066 3024 111 25 Govern-

640 3062 70 24 ment
720 3060 28 24 m
760 3060 164 33 establishing
952 3069 15 17 a
997 3061 69 26 State
1095 3061 81 25 Bank.

640 3099 24 25 It
675 3099 22 24 is
725 3105 58 25 very
812 3099 62 31 good
886 3099 27 25 of
927 3099 44 25 the
1000 3099 124 26 Scotsman
1151 3101 27 24 to

640 3138 91 32 proffer
744 3137 42 25 the
804 3138 83 25 advice
900 3138 72 32 (says
1001 3138 44 25 the
1076 3139 103 24 Temuka

640 3177 94 24 Leader
743 3175 17 33 ),
771 3175 46 25 but
828 3175 112 25 whether
951 3175 44 24 the
1016 3175 97 25 British
1141 3177 36 24 in-

640 3218 82 23 vestor
733 3215 59 26 does
804 3218 45 23 not
860 3216 81 30 assist,
972 3215 111 26 Victoria
1112 3218 66 24 must

640 3255 122 26 establish
772 3264 14 15 a
799 3257 71 24 State
881 3255 74 24 Bank
973 3264 29 16 or
1013 3256 51 25 else
1092 3264 32 24 go
1152 3258 26 24 to

639 3295 65 24 ruin.
739 3295 54 24 The
821 3294 111 32 banking
959 3296 97 23 returns
1085 3295 38 24 for
1134 3296 44 25 the

640 3333 143 25 Australian
806 3333 107 25 colonies
938 3333 68 25 show
1035 3334 56 24 that
1119 3336 59 32 they

639 3379 43 17 are
709 3372 144 29 practically
883 3379 31 15 on
943 3372 66 24 their
1037 3373 50 23 last
1115 3373 61 30 legs.

640 3411 61 25 This
712 3410 23 26 is
746 3411 85 25 shown
845 3410 32 33 by
889 3410 43 26 the
951 3411 130 25 dividends
1109 3412 66 31 paid.

640 3449 69 32 They
716 3448 64 26 have
791 3448 128 25 increased
931 3449 64 24 their
1006 3449 92 31 capital
1106 3457 70 17 enor-

639 3487 105 32 mously,
757 3487 45 25 but
813 3488 65 24 their
887 3488 129 25 dividends
1025 3488 64 26 have
1098 3489 80 25 Tallen

640 3531 24 21 to
676 3526 91 25 almost
783 3526 41 25 the
847 3526 132 32 vanishing
1002 3526 78 32 point.
1116 3526 61 27 This

639 3568 22 24 is
672 3566 59 32 only
742 3566 68 26 what
826 3566 84 32 might
927 3566 65 25 have
1004 3566 63 26 been
1080 3569 96 30 expect-

640 3607 37 29 ed,
690 3608 25 24 at
725 3614 48 25 any
789 3608 54 23 rate
854 3606 61 26 from
926 3606 43 26 the
981 3608 196 25 re-constructed

640 3647 87 26 banks.
762 3647 46 25 We
820 3655 41 16 are
884 3646 132 25 convinced
1045 3646 56 26 that
1124 3648 21 23 it
1155 3648 22 25 is

638 3688 92 23 almost
741 3686 139 32 impossible
892 3685 37 26 for
940 3686 71 24 them
1039 3687 26 23 to
1093 3686 82 25 stand.

639 3726 69 31 They
720 3733 61 23 gave
793 3728 26 23 to
831 3726 67 24 their
925 3725 138 31 depositors
1084 3727 26 23 at
1122 3726 3 4 '
1133 3726 44 25 the

638 3765 62 25 time
728 3763 27 26 of
785 3763 198 26 reconstruction
1016 3763 160 32 preferential

639 3804 92 27 shares,
743 3802 83 25 which
855 3802 58 24 bear
941 3808 15 17 a
981 3801 63 32 high
1072 3803 53 23 rate
1153 3803 26 23 of

638 3841 110 26 interest,
762 3839 50 25 and
823 3839 82 31 owing
924 3840 27 22 to
979 3838 42 25 the
1047 3838 129 31 depressed

638 3877 128 27 condition
777 3877 28 25 of
814 3876 70 25 trade
901 3876 61 31 they
973 3877 93 23 cannot
1087 3883 49 24 pay
1146 3876 30 25 it.

638 3919 54 23 The
703 3916 80 26 result
793 3918 66 22 must
878 3915 32 24 be
932 3915 135 25 disastrous
1095 3915 26 24 m
1133 3916 43 24 the

638 3955 56 29 end,
707 3953 50 26 and
769 3961 15 17 a
795 3953 74 32 panic
878 3952 97 25 similar
986 3953 26 24 to
1041 3952 57 25 that
1126 3952 28 25 of
1162 3961 14 16 a

638 3994 87 32 couple
734 3993 27 24 of
769 4000 71 24 years
853 3999 46 23 ago
911 3999 58 23 may
979 3991 31 24 be
1021 3991 88 25 looked
1126 3992 50 24 for-

638 4032 67 25 ward
722 4032 35 23 to.
791 4029 62 25 This
865 4030 100 24 cannot
969 4028 29 26 be
1016 4029 103 25 avoided
1130 4036 46 18 un-

637 4073 50 24 less
699 4070 143 30 something
852 4069 50 25 like
918 4076 16 18 a
957 4069 101 25 miracle
1081 4076 94 23 occurs,

638 4109 50 25 and
699 4109 61 24 then
771 4107 110 25 Victoria
902 4106 50 25 will
979 4107 30 23 be
1037 4106 85 24 forced
1150 4107 26 25 to

638 4144 120 28 establish
770 4153 15 16 a
815 4144 69 26 State
902 4143 83 24 Bank.
1019 4142 67 26 Ever
1108 4142 68 26 since

638 4186 44 24 the
692 4184 111 31 banking
818 4184 74 31 panic
904 4182 27 26 of
946 4190 15 17 a
969 4182 52 25 few
1038 4189 70 24 years
1130 4190 46 23 ago

637 4233 34 17 an
682 4224 121 33 agitation
814 4223 47 25 has
893 4222 63 25 been
985 4222 76 31 going
1089 4229 31 18 on
1148 4222 27 25 m

637 4254 129 34 Australia
777 4263 27 23 m
814 4262 70 25 favor
901 4261 28 24 of
955 4268 15 17 a
1000 4260 70 25 State
1092 4261 82 30 Bank,

637 4302 47 25 but
694 4301 21 24 it
725 4300 47 25 has
783 4301 46 24 not
852 4306 68 17 come
948 4299 27 23 to
1004 4297 124 31 anything
1150 4297 26 24 of

637 4341 154 32 importance
812 4341 49 29 yet.
898 4336 157 31 Queensland
1077 4335 48 25 has
1141 4335 33 25 is-

637 4379 62 25 sued
710 4377 122 31 Treasury
844 4377 71 24 notes
927 4374 83 26 which
1022 4381 42 16 are
1091 4372 26 24 m
1129 4373 45 24 cir-

637 4417 109 27 culation
758 4424 37 17 we
806 4415 99 28 believe,
918 4415 43 24 but
972 4414 47 24 has
1030 4411 145 26 not-settled

637 4459 73 25 down
737 4457 27 24 to
792 4462 87 24 proper
911 4452 112 31 banking
1051 4450 121 28 business.

1204 200 52 26 The
1267 202 61 24 next
1340 200 88 30 Crisis,
1446 200 121 30 however,
1597 199 52 26 will
1670 199 73 31 bring

1203 239 43 24 the
1255 239 86 31 people
1353 240 26 24 to
1391 238 66 25 their
1479 245 92 22 senses,
1601 237 50 25 and
1679 237 63 25 then

1203 277 51 25 will
1263 277 86 25 Banks
1366 277 31 25 be
1409 275 151 26 established
1582 276 26 24 m
1637 275 35 25 all
1700 274 43 26 the

1204 319 143 25 Australian
1362 319 115 25 colonies.
1514 318 48 25 We
1585 319 92 24 cannot
1701 324 41 18 Bee

1203 357 43 24 the
1258 357 121 31 necessity
1390 357 39 24 for
1441 356 102 31 seeking
1554 356 44 24 the
1608 355 135 25 assistance

1203 394 26 24 of
1240 394 41 24 the
1293 394 96 24 British
1399 394 117 25 investor.
1552 393 26 24 If
1590 392 46 26 the
1645 392 98 25 British

1202 433 110 25 investor
1323 435 54 30 gets
1389 442 14 14 a
1415 433 80 31 finger
1510 434 27 22 m
1549 432 51 24 the-
1621 432 48 32 piej

1204 474 69 24 State
1286 472 136 25 Banlrwill
1438 472 31 24 be
1586 468 11 16 ?
1594 483 10 3 -
1604 479 9 8 J
1612 466 34 30 O'i
1656 478 87 18 course

1202 512 21 23 if
1232 512 44 24 the
1293 512 96 24 British
1399 510 111 26 investor
1533 511 88 24 desires
1630 512 29 23 'to
1670 507 72 35 place

1203 550 39 24 his
1251 557 91 23 money
1354 557 33 17 on
1399 545 96 35 deposit
1504 549 28 24 m
1541 545 145 34 tKjß'jßanfif
1688 548 55 25 well

1203 588 48 23 and
1262 587 72 31 good,
1347 587 45 24 but
1409 586 22 24 if
1453 587 30 22 he
1510 587 23 23 is
1563 588 25 23 to
1596 585 59 33 .'jbeP-.
1660 587 83 31 '^giten

1204 625 85 24 shares
1300 625 26 23 m
1339 624 27 29 it,
1380 624 42 24 the
1433 623 142 25 institution
1599 625 91 23 cannot
1710 623 31 25 be

1202 664 120 32 regarded
1334 672 27 17 as
1373 671 16 17 a
1407 664 71 25 State
1495 663 81 25 Bank.
1612 663 130 32 Necessity

1202 704 126 30 will.force
1336 701 204 35 the,State,B.ank_
1552 703 189 25 intcrexistence

1203 745 50 29 yet.
1423 766 2 2 .
1439 767 2 1 .
1449 767 3 2 .
1462 759 4 10 ;
1702 759 13 12 v

1278 888 417 30 CORRESPONDENCE

1207 941 65 21 While
1282 945 38 14 our
1329 940 93 20 columns
1431 945 37 14 are
1474 945 53 21 open
1536 940 21 19 to
1567 940 33 20 all
1618 945 30 14 toe
1667 939 26 20 do
1711 934 33 23 no*

1229 975 92 26 identify
1326 976 104 19 ourselves
1434 973 310 28 withany.opinionsexpressei

1230 1013 88 18 therein.
1616 1030 2 1 .

1272 1060 33 23 To
1318 1060 37 23 the
1375 1060 90 23 Editor
1477 1060 31 27 of
1515 1060 37 22 the
1573 1063 5 11 '
1592 1060 119 23 Observer,

1270 1107 133 31 WATER'
1408 1115 132 23 SUPPLY
1554 1115 114 23 BOARD.

1238 1195 48 30 Sir,
1291 1211 31 3 —
1323 1196 13 24 I
1365 1196 49 24 and
1443 1204 74 23 many
1526 1197 91 28 .other
1656 1195 92 25 Oxford

1202 1243 133 25 Bushman
1346 1251 63 17 were
1427 1252 58 23 very
1503 1244 76 24 much
1586 1240 159 35 ,_surpr.is_ed,

1203 1287 71 24 when
1287 1287 110 32 reading,
1410 1288 43 24 the
1473 1288 148 24 invitations
1639 1287 40 25 for
1689 1289 56 24 ten-

1202 1331 56 25 ders
1279 1331 26 24 of
1320 1332 40 24 the
1383 1331 83 26 fences
1485 1333 74 31 along
1578 1332 43 25 the
1643 1331 100 25 Wafer-

1203 1381 62 23 race,
1279 1374 129 33 especially
1421 1382 27 17 as
1458 1374 43 26 the
1519 1375 84 25 Board
1630 1374 50 26 and
1702 1374 43 25 the

1204 1418 137 25 Chairman
1352 1420 28 23 m
1398 1420 135 29 particular
1555 1420 65 25 have
1643 1420 51 24 had
1717 1425 28 19 so

1203 1465 74 21 much
1290 1465 25 21 to
1326 1470 44 24 say
1381 1463 75 24 about
1468 1463 65 24 local
1544 1463 124 31 industry.

1237 1508 14 24 I
1262 1508 80 25 allude
1356 1508 39 26 Sir
1406 1510 26 23 to
1445 1509 43 25 the
1507 1508 107 26 demand
1637 1509 38 24 for
1687 1508 56 25 iron

1205 1555 131 25 standards
1348 1556 71 24 when
1432 1556 43 24 the
1494 1555 91 25 Oxford
1597 1555 70 25 Bufh
1686 1563 58 17 con-

1204 1599 66 24 tains
1280 1600 42 23 the
1335 1599 109 24 material
1467 1599 38 24 for
1517 1599 110 24 millions
1645 1599 26 24 of
1682 1598 63 32 good

1204 1642 69 25 birch
1286 1642 81 24 stakes
1378 1642 50 24 and
1439 1649 82 17 scores
1531 1641 26 24 of
1563 1641 93 32 willing
1663 1641 82 24 hands

1203 1695 41 16 are
1256 1687 73 31 ready
1341 1688 27 23 to
1381 1687 59 28 split
1452 1687 66 24 them
1542 1687 50 23 and
1615 1687 92 24 dozens
1720 1686 27 24 of

1204 1735 90 21 carters
1305 1733 54 23 who
1373 1740 41 16 are
1426 1732 58 31 only
1504 1732 180 29 intermittedly
1696 1739 48 16 em-

1203 1779 88 32 ployed
1319 1787 42 16 are-
1373 1778 120 31 prepared
1513 1779 26 24 to
1562 1778 90 24 deliver
1674 1777 71 25 them

1204 1825 49 23 and
1271 1825 69 30 apart
1369 1824 61 24 from
1455 1823 44 25 the
1516 1823 180 25 consideration
1720 1823 27 25 of

1204 1869 114 31 utilising
1330 1868 65 25 local
1407 1868 114 25 matyrial
1533 1868 50 25 and
1599 1868 64 25 local
1691 1868 52 24 lab-

1204 1923 45 14 our
1261 1915 42 22 the
1312 1915 80 30 prime
1404 1916 54 20 cost
1470 1915 25 21 of
1504 1914 43 22 the
1555 1914 99 31 fencing
1661 1914 84 23 would

1203 1957 29 23 be
1244 1957 104 23 reduced
1364 1956 33 31 by
1413 1955 129 25 hundreds
1562 1956 27 24 of
1604 1956 106 31 pounds.

1238 2001 102 29 Charity
1359 2000 88 30 begins
1470 2008 26 15 or
1519 1999 89 25 should
1628 2000 73 30 begin
1719 2001 26 23 at

1204 2044 73 24 home
1301 2044 50 24 and
1379 2043 21 24 if
1424 2044 43 24 the
1496 2043 153 25 Water-race
1660 2043 84 25 Hoard

1204 2087 70 25 don't
1286 2087 97 31 happen
1393 2089 26 22 to
1428 2087 64 24 have
1500 2094 50 23 any
1562 2087 26 25 of
1597 2086 56 25 that
1663 2086 82 25 article

1204 2142 33 17 on
1248 2133 68 24 hand
1327 2133 14 24 I
1352 2133 90 25 should
1451 2133 83 25 advise
1543 2133 66 25 them
1623 2136 25 22 to
1660 2141 84 17 recon-

1204 2177 63 26 sider
1280 2176 42 26 the
1334 2176 68 25 basis
1427 2175 27 26 of
1464 2175 65 26 their
1539 2176 132 29 contracts,
1685 2176 58 25 with

1205 2229 14 17 a
1230 2221 62 24 view
1304 2220 25 24 of
1341 2221 25 23 at
1377 2220 64 24 least
1454 2218 117 32 enjoying
1583 2219 43 24 the
1649 2220 96 30 respect

1204 2263 50 25 and
1261 2263 141 24 confidence
1414 2262 26 24 of
1450 2262 42 24 the
1516 2262 93 24 Oxford
1620 2262 124 24 bushmen

1204 2306 26 24 m
1242 2305 44 25 the
1296 2305 92 24 future,

1504 2346 93 25 Yours.
1604 2348 40 25 &c,

1479 2390 80 32 Ligna
1571 2398 13 15 v
1595 2390 81 24 Ferri.

1204 2521 71 24 THE
1301 2519 179 26 MORALITY
1500 2520 45 25 OF
1570 2521 174 25 TRAPPING

1416 2558 22 24 A
1455 2557 76 26 RAT.

1225 2642 20 11 ■•
1255 2637 26 25 Is
1299 2637 20 25 it
1342 2637 65 30 fair,'
1427 2637 76 25 asked
1526 2644 14 18 a
1558 2639 47 28 rat,
1628 2641 5 11 '
1643 2637 56 26 that
1732 2637 14 25 I

1206 2677 89 25 should
1307 2677 31 25 be
1349 2677 94 32 caught
1456 2677 55 32 just
1530 2677 39 25 for
1593 2678 117 31 smelling
1721 2679 26 23 at

1205 2716 50 24 this
1266 2715 37 25 bit
1316 2715 28 25 of
1353 2716 93 27 cheese,
1460 2714 94 26 Which
1565 2722 51 18 was
1627 2716 47 30 put
1685 2716 61 24 here

1205 2756 38 24 for
1259 2756 43 24 the
1323 2763 99 24 express
1446 2762 106 24 purpose
1575 2755 28 25 of
1623 2755 124 32 tempting

1205 2801 41 16 me
1254 2794 12 22 ?
1276 2794 5 10 '
1318 2793 52 24 But
1382 2793 42 24 the
1436 2794 125 22 storeman
1573 2792 118 30 retorted,
1706 2792 42 24 'If

1205 2838 48 22 you
1267 2830 52 24 had
1341 2831 46 24 not
1415 2829 136 25 cultivated
1573 2838 16 16 a
1617 2831 65 23 taste
1709 2829 39 26 for

1205 2870 88 24 cheese
1305 2869 143 30 elsewhere,
1466 2877 50 23 you
1534 2869 83 24 would
1627 2870 45 23 not
1683 2869 64 25 have

1206 2908 59 23 been
1277 2915 27 16 so
1316 2915 73 21 eager
1401 2909 26 22 to
1439 2906 72 25 smell
1523 2909 26 21 at
1561 2907 51 24 this
1624 2906 55 25 bit.'

1239 2945 82 24 When
1335 2944 40 25 Sir
1387 2943 104 26 Charles
1504 2943 99 25 Russell
1624 2944 52 24 had
1688 2944 58 31 Pig-

1206 2983 61 30 gott,
1279 2983 42 23 the
1332 2981 81 32 forger
1429 2981 27 25 of
1471 2981 43 25 the
1526 2980 103 26 Parnell
1651 2981 95 30 letters,

1205 3022 27 24 m
1254 3022 43 24 the
1319 3021 101 25 witness
1443 3020 58 31 hox,
1518 3021 33 24 he
1573 3021 126 32 professed
1721 3023 26 23 to

1208 3060 66 25 want
1292 3067 15 17 a
1319 3058 93 33 sample
1424 3058 27 25 of
1460 3058 42 26 his
1513 3060 102 33 writing,
1628 3060 48 23 and
1690 3058 54 26 ask-

1206 3100 31 24 ed
1248 3099 54 25 him
1312 3100 27 24 to
1347 3099 70 25 write
1425 3098 43 26 the
1480 3098 69 26 word

1208 3142 6 12 '
1223 3138 22 24 A
1256 3138 93 32 capital
1360 3138 35 25 H.
1408 3138 100 31 please,'
1521 3137 54 25 said
1589 3138 40 25 Sir
1641 3138 103 25 Charles

1206 3177 50 24 and
1265 3177 100 31 Piggott
1375 3177 74 24 wrote
1686 3175 61 25 This

1206 3224 51 19 was
1269 3217 57 24 how
1338 3216 42 25 the
1397 3215 67 26 word
1481 3223 49 17 was
1558 3217 64 31 spelt
1649 3215 28 25 m
1704 3215 43 26 the

1205 3257 97 28 letters,
1313 3256 51 25 and
1377 3257 40 24 Sir
1433 3256 105 24 Charles
1549 3263 51 18 was
1617 3256 93 25 lauded
1721 3257 26 24 to

1206 3297 42 23 the
1260 3296 66 25 fikies
1349 3296 38 24 for
1410 3295 41 24 his
1479 3295 81 24 clever
1587 3295 73 25 trick.
1706 3295 41 24 He

1205 3336 97 24 wanted
1314 3337 26 23 to
1351 3335 54 24 find
1416 3337 44 22 out
1471 3334 104 32 Piggott
1587 3342 51 18 was
1660 3334 29 24 m
1703 3334 44 25 the

1205 3375 72 24 habit
1288 3374 28 25 of
1325 3374 107 32 spelling
1443 3374 42 24 the
1497 3374 75 29 word,
1600 3374 50 24 and
1661 3374 33 24 he
1705 3373 41 25 did

1206 3421 36 16 so.

1239 3453 32 24 In
1284 3452 79 30 truth,
1377 3452 45 25 the
1433 3452 76 24 tricks
1529 3452 110 25 resorted
1651 3453 34 28 to,
1721 3453 25 23 to

1206 3491 80 25 detect
1297 3490 51 25 and
1370 3497 90 24 expose
1472 3490 77 24 crime
1566 3498 42 16 are
1618 3490 128 24 innumer-

1206 3528 64 26 able.
1305 3527 106 26 Marked
1423 3527 70 25 coins
1504 3527 64 25 have
1580 3527 63 25 been
1663 3526 44 26 left
1719 3526 27 25 m

1206 3578 15 16 a
1250 3569 39 25 till
1316 3570 27 24 to
1371 3569 71 24 catch
1470 3575 16 17 a
1516 3568 130 31 suspected
1677 3567 68 25 thief.

1206 3607 103 31 Change
1321 3606 47 25 has
1379 3606 64 25 been
1462 3605 75 25 asked
1554 3605 65 25 from
1641 3612 104 24 persons

1205 3645 128 32 suspected
1343 3644 27 25 of
1375 3643 102 33 passing
1489 3643 58 24 base
1557 3643 65 25 coin.
1641 3642 103 25 Clothes

1205 3685 64 24 have
1277 3684 63 25 been
1350 3683 46 25 left
1418 3690 33 17 on
1464 3683 43 24 the
1518 3682 52 25 line
1583 3682 32 24 all
1627 3682 73 31 night
1717 3689 28 17 as

1205 3722 53 25 bait
1269 3721 38 25 for

1239 3761 26 25 It
1276 3760 21 25 is
1320 3758 99 26 evident
1430 3757 61 26 then
1514 3756 57 26 that
1594 3756 44 26 the
1660 3756 84 33 public

1205 3800 144 26 conscience
1361 3799 57 25 does
1438 3800 45 23 not
1495 3797 124 25 condemn
1643 3805 15 17 a
1681 3796 63 26 trick

1206 3846 28 18 as
1246 3838 70 28 such,
1329 3838 72 24 when
1412 3836 21 24 it
1444 3836 22 24 is
1477 3834 89 32 played
1578 3836 26 24 to
1628 3834 73 25 catch
1713 3842 31 16 an

1205 3877 110 25 offender
1326 3876 98 31 against
1446 3874 45 25 the
1513 3874 62 25 laws
1596 3873 28 25 of
1644 3873 100 31 society.

1205 3916 51 23 But
1268 3922 27 17 as
1307 3921 16 18 a
1331 3911 170 28 considerable
1510 3911 107 25 number
1624 3911 27 24 of
1657 3910 87 32 people

1204 3951 129 32 including
1344 3951 43 24 the
1398 3949 163 31 Invercargill
1569 3948 112 32 justices,
1703 3954 41 25 cry

1205 3992 45 23 out
1261 3990 99 30 against
1371 3987 117 32 trapping
1500 3994 14 17 a
1537 3987 111 31 sly-grog
1672 3987 72 24 seller

1204 4031 28 24 m
1244 4029 70 26 order
1324 4030 26 24 to
1362 4027 84 26 obtain
1457 4035 13 16 a
1483 4025 95 32 sample
1590 4026 27 26 of
1618 4026 45 25 .-his
1675 4025 69 25 habi-

1206 4067 52 26 tual
1269 4066 114 32 practice,
1397 4073 36 17 we
1450 4066 71 22 must
1531 4064 58 24 seek
1601 4064 43 24 the
1655 4071 89 17 reason

1204 4107 28 25 of
1240 4106 44 26 the
1295 4113 50 24 cry.
1379 4105 25 23 It
1417 4104 59 24 does
1487 4105 45 23 not
1544 4103 36 29 lie.
1587 4103 26 24 m
1625 4103 44 24 the
1680 4103 64 24 trick

1204 4144 105 25 because
1320 4142 57 26 that
1388 4142 22 25 is
1422 4140 61 35 eyeri
1495 4140 139 32 applauded
1656 4140 28 24 m
1706 4147 37 18 re-

1204 4182 61 32 gard
1276 4187 24 20 to
1312 4170 71 37 dlier
1395 4181 115 25 offences.
1567 4177 13 33 |
1695 4198 13 13 t
1721 4205 2 2 .

1238 4222 34 25 Of
1286 4228 96 21 course,
1394 4219 21 24 if
1428 4219 44 25 the
1490 4218 63 25 trick
1575 4218 22 24 is
1619 4217 71 26 itself
1711 4224 33 17 an

1203 4261 152 28 imposition,
1367 4260 20 23 it
1396 4259 114 23 deserves
1522 4257 219 27 cens.ure=aSiSuch.

1204 4299 52 24 But
1267 4297 22 24 if
1302 4297 42 24 the
1356 4295 63 25 tnck
1442 4295 107 23 consists
1561 4295 90 31 simply
1662 4302 26 16 m
1700 4295 44 23 not

1203 4337 102 33 putting
1316 4335 55 25 him
1383 4342 31 17 on
1425 4334 42 24 his
1490 4333 87 33 guard,
1603 4342 27 16 or
1649 4334 28 24 m
1698 4334 45 24 the
1750 4344 3 9 «

1204 4373 303 35 askingfforia^rinkl^by
1513 4372 3 7 1
1535 4373 209 45 a^^e|§on3pho

1195 4417 67 30 .does
1273 4416 44 24 not
1330 4421 76 18 mean
1417 4415 26 23 to
1455 4413 106 25 swallow
1582 4414 27 29 it,
1628 4412 71 26 there
1721 4412 21 26 is

1203 4443 550 40 absolutelir^^Hin^'njen^ufSble'^iir

1804 236 36 25 To
1852 236 85 26 obtain
1949 245 15 17 a
1976 239 95 31 sample
2087 238 27 25 of
2123 247 14 16 a
2148 239 81 24 man's
2241 238 70 25 habi-

1771 276 54 25 tual
1836 277 107 30 practice
1954 277 22 26 is
1987 286 48 17 one
2047 278 71 32 thing
2130 287 6 21 ;
2165 279 27 26 to
2204 277 107 32 inveigle

1770 314 55 24 him
1836 314 54 26 into
1901 322 33 18 an
1957 316 194 25 unaccustomed
2173 316 93 25 offence
2289 315 22 25 is

1771 352 68 31 quite
1868 353 113 25 another.
2049 355 38 23 To
2115 354 70 24 leave
2208 354 103 24 marked

1771 398 90 24 money
1879 391 27 25 m
1929 399 32 17 an
1989 394 109 24 unusual
2121 393 49 25 and
2194 392 117 32 specially

1772 429 125 32 tempting
1928 430 70 31 place
2031 431 22 24 is
2083 434 25 21 to
2278 431 33 23 ah

1916 467 54 25 but.
1974 470 26 23 to
2011 468 68 25 leave
2091 469 21 24 it
2134 469 26 24 m
2181 468 34 25 its
2238 468 74 25 usual

1771 507 69 31 place
1859 507 22 24 is
1900 514 15 17 a
1942 507 47 24 fair
2001 508 107 31 attempt
2119 509 26 23 to
2173 507 73 27 catch
2269 507 42 24 the

1771 545 115 23 habitual
1898 545 68 23 thief.

1806 584 79 24 There
1897 592 41 17 are
1951 584 106 25 offences
2071 586 33 29 by
2131 592 61 16 man
2212 585 99 30 against

1772 621 111 28 another,
1895 621 28 24 m
1945 621 82 25 which
2039 621 163 25 self-interest
2214 630 97 16 secures

1773 661 115 25 evidence
1900 663 26 23 to
1937 661 99 25 convict
2051 661 44 25 the
2107 661 118 25 offender.
2242 661 71 27 .'.But

1774 701 70 25 there
1857 708 43 17 are
1911 701 72 25 other
2006 702 107 24 offences
2130 701 26 24 m
2173 701 84 25 which
2279 701 32 24 all

1824 743 4 4 '
1840 739 95 30 parties
1950 747 42 17 are
2011 738 33 26 An
2075 740 121 24 collusion
2215 739 97 31 against

1774 779 99 31 society.
1888 778 53 25 The
1949 779 71 25 seller
2029 779 50 24 and
2088 778 78 32 huyer
2174 778 26 24 of
2205 779 106 24 obscene

1773 818 78 23 books
1879 818 50 22 and
1950 820 116 29 picturesj
2079 819 37 21 for
2135 818 122 31 example,
2271 825 41 14 are

1773 856 25 23 m
1811 855 129 25 collusion.
1976 856 53 25 The
2041 855 93 25 vendor
2152 856 51 25 will
2215 856 45 24 not
2281 855 31 25 he

1775 892 129 25 convicted
1930 893 64 24 until
2017 901 113 17 someone
2147 893 135 31 purchases
2299 902 13 14 a

1775 932 64 25 book
1851 940 26 17 or
1889 940 15 16 a
1916 933 130 35 picture^f
2056 935 39 22 set
2106 940 114 29 purpose.
2257 932 56 25 And

1775 980 34 17 we
2042 975 32 24 at:
2096 976 25 25 a]
2141 973 172 28 'considerable

1775 1020 37 16 am
1815 1013 72 23 cflattb':
1893 1018 4 13 .'
1900 1011 27 24 of
1938 1006 136 36 'irickeryu*
2078 1008 83 27 which
2183 1011 82 31 migbt
2284 1011 29 24 be

1775 1056 132 25 necessary
1918 1050 26 24 to
1961 1048 83 31 break,
2058 1048 108 33 through
2187 1048 42 24 the
2252 1048 61 25 safe-

1775 1089 92 31 guards
1879 1088 27 25 of
1921 1096 103 24 secrecy,
2048 1088 95 25 behind
2165 1088 83 24 which
2271 1088 42 24 the

1775 1127 99 23 vendor*
1879 1126 96 24 carried
1986 1135 33 15 on
2031 1126 40 25 his
2093 1126 129 24 infamous
2234 1126 78 24 trade.

1776 1166 46 24 We
1836 1166 81 24 would
1929 1167 70 23 scout
2010 1166 41 24 his
2062 1166 58 30 plea
2131 1166 56 23 that
2209 1165 33 24 he
2265 1173 48 17 was

1776 1203 108 31 trapped-
1890 1203 52 24 into
1954 1202 120 32 breaking
2085 1203 44 25 the
2140 1203 56 28 law,
2201 1203 59 24 'and
2271 1203 42 24 the

1775 1240 100 25 densest
1889 1240 56 25 J.P.
1957 1241 25 23 m
1996 1243 43 22 the
2168 1241 83 24 would
2262 1249 51 23 say,

1860 1286 62 17 were
1931 1280 46 23 not
1988 1278 103 32 trapped
2102 1279 53 24 into
2269 1277 44 26 But

1774 1318 57 32 only
1843 1318 54 25 into
1909 1318 90 32 selling
2010 1320 26 23 to
2048 1318 43 25 the
2104 1326 84 24 wrong
2198 1319 114 31 person?'

1775 1356 80 25 which
1866 1357 22 24 is
1900 1364 32 16 an
1944 1357 136 31 important
2089 1357 152 24 distinction.
2278 1356 35 25 As

1773 1394 38 25 far
1823 1403 27 17 as
1863 1403 34 16 we
1909 1403 47 16 can
1968 1403 47 21 see,
2027 1395 49 25 this
2098 1396 21 23 is
2132 1403 34 16 on
2188 1394 34 25 all
2245 1394 67 25 fours

1773 1432 61 25 with
1847 1432 43 25 the
1902 1436 55 21 case'
1969 1433 27 25 of
2005 1432 43 28 the
2058 1432 129 33 'publican
2210 1432 56 25 who
2288 1432 23 25 is

1773 1470 91 32 caught
1876 1471 31 31 by
1918 1470 88 32 selling
2018 1472 25 23 to
2056 1479 15 16 a
2078 1470 191 25 Prohibitionist
2281 1479 30 16 on

1775 1509 111 32 Sunday,
1900 1509 50 25 and
1961 1510 59 25 with
2030 1510 42 24 the
2081 1517 56 17 case
2145 1509 27 24 of
2179 1517 15 17 a
2203 1510 110 31 sly-grog

1773 1547 82 30 seller,
1869 1547 56 25 who
1937 1548 111 32 happens
2060 1549 26 23 to
2098 1548 46 25 sell
2155 1549 26 23 to
2193 1555 33 16 an
2238 1549 74 30 agent

1773 1586 27 24 of
1812 1586 43 24 the
1875 1585 88 30 police.

1806 1625 51 24 But
1868 1625 21 24 it
1900 1625 22 24 is
1935 1625 61 29 said,
2010 1625 56 25 that
2078 1625 31 24 he
2121 1625 56 24 who
2188 1626 68 30 traps
2269 1624 43 25 the

1774 1663 102 31 Sunday
1891 1663 99 32 trading
2001 1663 117 31 publican
2129 1663 23 25 is
2161 1665 18 22 a*
2198 1670 44 24 spy
2262 1662 49 25 and

1772 1701 127 25 informer.
1935 1701 111 25 Whence
2066 1701 75 25 arises
2164 1701 40 24 the
2228 1700 82 25 odium

1772 1741 27 24 of
1807 1741 72 25 these
1891 1743 78 23 terms
1979 1743 11 22 ?
2026 1741 52 25 The
2096 1741 75 24 hated
2194 1741 118 23 informer

1772 1781 22 25 is
1807 1782 44 23 not
1863 1780 44 25 the
1930 1781 120 25 steadfast
2073 1781 124 31 opponent
2209 1780 27 24 of
2251 1780 59 24 law-

1772 1819 126 32 breaking,
1908 1819 56 24 who
1987 1820 47 24 has
2057 1827 32 16 no
2113 1819 72 24 other
2206 1825 105 24 purpose

1773 1860 62 23 than
1847 1861 26 23 to
1892 1860 81 24 detect
1986 1860 27 23 it.
2065 1859 41 24 He
2129 1859 20 24 is
2173 1858 43 24 the
2239 1858 72 24 Titus

1773 1898 75 25 Oates
1861 1898 54 26 who
1928 1905 99 18 accuses
2039 1898 44 25 the
2105 1898 120 24 innocent
2235 1897 39 25 for
2297 1905 15 17 a

1773 1935 97 25 rewaul.
1908 1935 33 24 Or
1952 1935 32 25 he
1997 1935 18 25 is
2028 1943 15 17 a
2055 1935 114 24 criminal
2182 1935 52 24 who
2253 1934 58 25 sells

1772 1973 39 23 his
1824 1973 142 24 associates.
2002 1973 25 24 It
2038 1973 22 24 is
2089 1973 44 23 the
2159 1973 106 23 element
2287 1972 26 24 of

1772 2011 113 31 personal
1897 2011 55 31 gain
1963 2011 79 24 which
2049 2011 84 24 makes
2145 2012 41 23 the
2195 2011 116 24 informer

1773 2049 182 30 contemptible.
1990 2049 40 24 No
2048 2056 47 16 one
2112 2048 107 24 believes
2230 2048 27 24 m
2269 2048 43 24 the

1772 2086 132 25 informers
1915 2086 88 30 virtue,
2022 2094 27 16 or
2068 2086 121 31 imagines
2201 2086 57 24 that
2280 2086 32 24 he

1773 2128 107 29 respects
1892 2126 43 24 the
1947 2126 69 24 laws.
2053 2126 70 24 Then
2131 2126 41 24 the
2184 2127 128 29 contempt

1773 2164 26 25 of
1809 2164 44 25 the
1864 2171 75 18 name
1948 2164 27 25 m
1987 2172 33 17 no
2032 2164 58 25 wise
2114 2164 110 25 attaches
2244 2164 69 25 itself

1773 2206 26 23 to
1827 2204 44 25 the
1900 2204 198 30 Prohibitionist,
2128 2204 64 28 who,
2214 2204 38 25 for

1773 2248 83 29 public
1867 2248 73 31 good,
1962 2255 97 17 secures
2082 2255 16 16 a
2121 2247 94 32 sample
2227 2247 27 25 of
2269 2247 43 25 the

1773 2285 139 30 publican's
1923 2284 112 25 habitual
2053 2286 113 29 practice.

1808 2328 54 24 The
1875 2328 59 30 Spy,
1954 2328 82 31 again,
2061 2328 22 24 is
2111 2328 75 24 hated
2214 2328 33 31 by
2270 2328 43 24 the

1774 2373 87 22 enemy
1873 2364 66 31 only.
1975 2365 32 23 In
2017 2365 37 24 bis
2067 2373 54 16 own
2134 2366 104 29 country
2247 2364 33 24 he
2290 2364 23 24 is

1773 2401 119 31 perfectly
1932 2401 159 24 honourable.
2161 2401 86 24 Alfred
2271 2402 42 24 the

1774 2439 77 24 Great
1862 2447 50 16 was
1924 2447 15 16 a
1951 2447 43 24 spy
2006 2439 27 24 m
2050 2439 44 24 tke
2122 2447 71 23 camp
2222 2439 27 24 of
2269 2435 44 28 the

1773 2479 93 23 Danes.
1902 2478 68 31 They
1982 2478 82 24 would
2076 2479 62 23 have
2149 2478 100 31 hanged
2259 2478 52 24 him

1773 2515 49 25 had
1834 2515 59 32 they
1904 2515 99 26 known.
2038 2515 52 25 But
2101 2515 44 25 the
2162 2515 97 25 Saxons
2271 2515 41 25 did

1773 2556 45 24 not
1831 2556 85 30 accept
1938 2555 100 25 Danish
2061 2555 109 31 Opinion.
2216 2555 32 23 In
2270 2555 42 24 the

1773 2592 61 25 War
1868 2592 27 24 of
1938 2592 135 25 American
2113 2592 198 31 Independence,

1773 2632 166 32 Washington
1949 2632 101 32 hanged
2061 2632 82 32 Major
2155 2632 92 29 Andre,
2269 2632 43 24 the

1773 2672 98 24 British
1883 2680 53 23 spy,
1949 2672 96 31 though
2066 2672 61 31 king
2139 2671 98 32 George
2248 2672 63 24 him-

1775 2712 47 25 self
1831 2711 95 32 begged
1936 2711 39 25 for
1986 2712 38 24 his
2036 2711 52 29 life,
2101 2711 50 24 and
2168 2712 145 24 afterwards

1773 2757 63 25 gave
1847 2749 60 32 high
1919 2750 108 24 honours
2040 2750 26 24 to
2074 2749 44 24 the
2128 2749 103 31 Major's
2241 2749 71 24 fami-

1773 2788 35 31 ly.
1843 2787 83 25 When
1938 2794 15 17 a
1965 2794 45 24 spy
2026 2787 22 24 is
2061 2787 106 30 hanged,
2179 2794 29 17 or
2218 2787 57 24 shot
2287 2795 26 17 or

1774 2826 122 30 despised,
1920 2826 20 25 it
1956 2826 23 25 is
1996 2827 90 31 always
2114 2825 33 32 by
2172 2825 43 24 the
2243 2827 70 24 other

1775 2865 59 22 side.

1808 2896 60 25 This
1880 2895 62 25 then
1953 2895 21 24 is
1997 2895 43 24 the
2054 2903 57 17 sum
2130 2896 28 24 of
2167 2895 44 25 the
2234 2895 79 25 whole

1774 2935 97 24 matter.
1906 2933 55 24 The
1972 2933 49 25 law
2031 2935 92 23 cannot
2145 2933 31 24 be
2199 2933 115 24 enforced

1774 2971 99 32 against
1884 2971 44 25 the
1943 2971 118 32 publican
2073 2971 32 32 by
2118 2978 86 18 means
2227 2971 27 25 of
2273 2971 41 24 his

1774 3009 99 32 regular
1883 3010 147 27 customers;
2042 3009 39 25 for
2092 3009 59 31 they
2164 3017 40 16 are
2226 3009 27 24 m
2265 3010 48 24 col-

1774 3047 83 25 lusion
1867 3046 63 26 with
1940 3046 61 25 him.
2036 3046 26 24 If
2071 3046 21 24 it
2104 3046 21 25 is
2137 3048 26 23 to
2175 3046 30 25 be
2220 3046 93 26 enforc-

1775 3086 31 24 ed
1817 3087 27 22 at
1855 3085 42 28 all,
1915 3084 21 24 it
1952 3086 70 23 must
2050 3084 30 25 be
2106 3084 33 32 by
2167 3084 72 25 those
2261 3086 53 23 who

1775 3123 106 32 heartily
1893 3123 93 24 believe
1998 3123 57 24 that
2066 3123 21 24 it
2105 3123 78 31 ought
2194 3125 27 22 to
2231 3123 31 24 be
2275 3131 39 15 en-

1775 3162 91 25 forced.
1901 3161 51 25 But
1961 3169 26 17 as
1999 3161 42 24 the
2050 3161 115 32 publican
2178 3162 136 30 recognises

1775 3201 72 26 these
1858 3210 29 16 as
1898 3201 41 26 his
1951 3201 99 26 natural
2062 3201 117 29 enemies,
2201 3201 56 33 they
2269 3210 45 16 can

1775 3242 33 25 do
1818 3241 117 33 nothing,
1948 3243 88 31 except
2047 3241 33 33 by
2088 3243 46 23 not
2146 3242 118 32 arousing
2275 3242 39 24 his

1775 3280 146 31 suspicions.
1956 3281 54 23 The
2022 3287 61 17 man
2090 3280 56 24 who
2156 3281 60 23 cries
2230 3283 6 11 '
2248 3280 50 31 Spy
2308 3281 6 10 '

1775 3327 27 17 or
1826 3322 5 11 '
1841 3319 124 25 Informer
1974 3321 6 9 '
2015 3319 70 25 when
2114 3319 60 31 they
2203 3319 110 28 succeed,

1775 3356 87 31 simply
1894 3357 102 30 belongs
2024 3357 28 23 to
2080 3356 43 24 the
2153 3356 72 24 other
2253 3356 60 25 side.

1775 3396 77 25 There
1863 3396 22 24 is
1895 3403 35 17 no
1944 3396 70 24 other
2029 3403 87 17 reason
2139 3395 39 25 for
2201 3396 40 24 the
2265 3396 49 25 hue

1775 3436 50 24 and
1836 3444 51 23 cry.
1934 3435 54 25 The
2016 3444 95 20 censor,
2141 3435 31 25 be
2194 3436 32 24 he
2249 3436 65 30 J.P.,

1776 3474 147 31 Magistrate
1935 3481 28 17 or
1975 3473 91 32 Judge,
2078 3473 23 24 is
2113 3472 156 33 consciously
2287 3481 27 17 or

1776 3511 192 31 unconsciously
1987 3512 28 23 m
2037 3512 132 31 sympathy
2189 3511 61 24 with
2273 3511 41 24 the

1774 3549 156 31 lawbreaker,
1944 3549 50 25 and
2005 3549 59 26 does
2076 3551 45 24 not
2141 3549 73 26 wish,
2228 3551 26 24 to
2275 3557 39 18 see

1775 3591 44 23 the
1830 3590 49 24 law
1891 3589 116 25 enforced
2018 3592 25 22 at
2055 3590 44 23 all.

2107 3628 130 24 Advocate,

1841 3782 397 26 WAIMAKAKIRI-ASHLEY

1905 3821 275 26 WATER-SUPPLY

1980 3864 126 24 BOARD.

1806 3945 22 24 A
1841 3944 92 32 special
1953 3945 111 31 meeting
2076 3944 26 25 of
2115 3944 44 25 the
2170 3944 82 24 Board
2262 3951 50 17 was

1773 3988 59 24 held
1848 3995 33 17 on
1893 3987 131 29 Thursday
2037 3987 67 25 June
2115 3987 71 24 20th.

1807 4031 26 24 It
1845 4037 52 18 was
1916 4029 112 26 resolved
2038 4030 27 24 to
2076 4029 105 25 confirm
2192 4028 44 26 the
2246 4035 66 19 reso-

1772 4074 88 25 lution,
1879 4073 72 31 given
1963 4073 83 24 notice
2065 4073 29 24 of
2113 4080 34 17 on
2170 4071 59 32 May
2241 4071 70 29 16th,

1773 4116 65 24 1895
1848 4116 10 30 (
1865 4114 39 25 viz
1913 4115 9 32 )
1943 4116 25 23 to
1981 4115 69 31 Levy
2072 4122 16 17 a
2104 4116 55 23 rate
2186 4114 28 25 of
2222 4114 56 33 f-.pf
2297 4121 16 18 a

1771 4165 83 24 penny
1864 4157 29 25 m
1904 4157 45 25 the
1962 4158 21 24 £
1995 4165 49 22 on.-,
2049 4156 53 35 the].
2114 4156 108 33 Coopers
2234 4156 81 32 Greeks

1945 4190 73 34 until?
2033 4199 43 25 the
2174 4199 34 25 <6f
2227 4194 88 32 MhM

1765 4241 130 34 jborrow.ed
1919 4241 34 31 by
1980 4241 44 25 the
2050 4241 83 25 Board
2164 4241 31 26 be
2234 4242 78 25 extin-

1764 4282 120 32 guished;
1914 4286 11 23 X
1927 4290 6 16 :
1949 4282 28 26 */

1764 4343 27 10 :-*
1795 4325 98 28 Jt.was
1905 4325 113 26 resolved
2030 4325 57 26 that
2110 4325 44 26 the
2179 4325 134 26 Chairman

1771 4363 98 42 of-ihjk
1881 4363 98 32 .PuJbHc.
1980 4387 5 7 v
1998 4363 78 26 Debts
2101 4363 107 32 Sinking
2229 4363 83 32 funds,

1764 4405 141 27 '-shoulcT.be
2030 4407 28 24 to
2067 4402 118 36 pla'eeMine
2192 4407 121 25 aforesaid

1764 4433 141 40 k-700-to-
1920 4446 30 26 th
1956 4454 40 17 c-
2008 4446 113 26 Boards-
2127 4446 186 28 Credib-^atihe

2339 201 180 25 BankofN.Z.

2372 244 39 26 An
2423 245 137 32 adjourned
2581 246 117 33 ordinary
2721 248 113 31 meeting
2853 248 28 24 of

2339 288 44 25 the
2394 289 83 25 Board
2489 297 51 17 was
2559 289 57 25 held
2628 299 33 16 on
2683 298 69 17 same
2780 291 48 31 day
2851 294 26 21 at

2340 332 83 25 11.30.
2458 332 41 25 Mr
2507 332 25 26 J.
2546 332 154 27 O'Halloran
2713 334 11 32 (
2731 334 130 25 chairman
2867 335 9 31 )

2339 375 51 23 and
2400 375 35 24 all
2446 375 125 25 members
2587 383 62 18 were
2660 378 99 30 present
2778 378 26 23 at
2815 376 62 25 both

2339 418 125 31 meetings.
2557 427 4 3 ■
2665 431 3 5 •
2818 426 3 4 •

2373 460 54 24 The
2439 460 95 26 Boards
2551 453 128 40 JEngineer
2696 462 115 31 reported
2822 462 55 24 that
2883 480 2 6 ,

2339 510 34 17 no
2383 503 94 31 change
2489 503 50 25 had
2557 503 74 25 taken
2642 504 70 31 place
2729 506 26 22 at
2764 504 113 25 Brown's

2517 547 28 23 m
2557 546 59 25 nthe
2643 547 118 24 volumne
2788 546 28 25 of
2836 546 43 24 the

2336 590 85 23 "water'
2428 595 28 18 or
2467 589 42 24 the
2520 589 118 24 direction
2650 589 27 24 of
2686 589 43 24 the
2741 592 90 21 stream
2839 589 39 24 for

2340 630 68 25 three
2420 638 84 24 years.-
2526 636 83 12 :•••.
2639 637 17 7 ■■
2677 637 14 11 .:
2754 646 14 3 ..
2808 649 3 2 .

2373 673 123 25 Eesolved
2518 674 57 24 that
2592 674 21 24 it
2629 674 21 23 is
2674 673 156 32 satisfactory
2841 675 37 23 -to

2341 716 206 31 theßoardi'to-
2557 717 124 25 bave-ihe
2704 717 82 25 above-
2809 724 70 18 assu-

2340 757 88 27 rance'
2440 759 39 25 of"'
2493 759 66 25 their
2731 758 75 32 ■/that
2813 766 3 5 1
2823 766 7 11 "'
2844 769 35 16 no

2341 801 96 30 change
2454 803 52 24 had
2517 803 75 24 taken
2603 804 70 28 place
2685 804 67 23 since
2763 804 72 24 when
2846 804 33 24 he

2341 843 48 26 had
2400 844 101 25 entered
2512 844 43 26 the
2567 844 96 26 Boards
2679 846 97 24 service.

2376 886 39 24 On
2427 886 92 32 Friday
2530 887 44 24 the
2586 888 60 24 14th
2657 888 50 24 inst
2725 888 40 24 Mr
2777 888 101 26 Gordon

2341 927 73 26 Chief
2424 928 99 32 Mining
2533 929 127 32 Engineer
2671 929 60 26 with
2743 930 42 26 the
2797 931 82 25 Board

2341 971 50 25 and
2400 972 134 31 Engineer,
2545 972 90 25 visited
2642 973 104 24 Browns
2754 974 67 24 Bock
2830 975 49 23 and

2341 1014 77 25 found
2430 1017 103 22 matters
2548 1016 98 30 exactly
2668 1016 42 23 the
2722 1023 69 18 same
2803 1025 27 16 as
2842 1025 37 16 re-

2342 1058 73 30 gards
2427 1058 118 25 volumne
2557 1058 50 24 and
2614 1063 4 5 '
2635 1058 73 25 trend
2737 1058 27 25 of
2788 1063 91 21 stream

2343 1108 27 17 as
2382 1102 74 24 when
2467 1102 42 24 Mr
2520 1102 101 25 Gordon
2639 1103 186 24 recbrnrriended
2827 1109 4 10 ;
2837 1103 44 25 the

2342 1144 91 24 intake.
2602 1155 5 6 '
2656 1157 17 8 <.<
2767 1167 4 3 .
2828 1159 3 13 ;
2874 1164 10 9 .._

2376 1187 54 24 The
2442 1187 140 31 Engineers
2594 1189 85 29 report
2694 1187 28 24 m
2734 1188 147 24 connection

2343 1229 59 25 with
2415 1230 112 32 required
2539 1230 81 25 works
2631 1239 50 16 was
2700 1230 60 25 read
2777 1231 50 24 and
2839 1239 40 23 ap-

2341 1273 98 31 proved.

2375 1316 121 26 Eesolved
2508 1317 54 24 that
2570 1317 99 25 tenders
2687 1317 28 25 be
2741 1317 80 25 called
2842 1317 38 25 for

2341 1358 143 26 alterations
2496 1360 50 24 and
2563 1361 93 30 repairs
2668 1361 26 24 to
2717 1360 43 24 the
2783 1361 96 31 Orange

2341 1401 61 25 Hall
2409 1403 82 23 which
2502 1403 46 23 has
2569 1403 84 29 lately,
2658 1403 63 23 been
2740 1404 140 28 purchased

2340 1443 38 25 for
2387 1445 43 24 the
2442 1451 104 24 purpose
2558 1446 28 23 of
2594 1446 73 30 using
2678 1451 28 18 as
2722 1446 42 23 the
2776 1446 103 24 Board's

2341 1485 78 25 office.
2440 1497 4 3 •

2374 1529 66 25 That
2452 1530 96 24 tenders
2556 1529 31 25 be
2594 1530 95 24 invited
2700 1530 38 24 for
2745 1530 41 24 the
2795 1538 80 17 neces-

2341 1578 55 24 sary
2407 1571 99 33 fencing
2517 1573 62 24 from
2591 1573 114 25 Brown's
2717 1573 68 25 Rock
2797 1575 26 23 to
2836 1574 42 24 the

2341 1614 75 25 River
2424 1615 67 31 Eyre
2500 1616 48 23 and
2558 1619 51 22 also
2618 1617 99 24 tenders
2723 1616 37 25 for
2769 1618 107 23 excavat-

2340 1657 43 33 ing
2394 1658 43 25 the
2450 1658 70 25 Main
2532 1658 107 26 channel
2651 1659 28 25 of
2686 1659 111 26 Brown's
2809 1660 68 25 Eock

2340 1700 74 25 Race.
2719 1725 3 2 .

2373 1744 71 24 After
2478 1745 140 31 discussing
2648 1745 51 24 and
2726 1746 153 31 transacting

2340 1787 95 24 routine
2462 1786 114 26 business
2610 1787 42 25 the
2686 1789 109 31 meeting
2829 1791 48 22 ter-

2340 1830 118 25 minated.

2373 1985 22 24 A
2412 1985 219 24 PERSISTENT
2643 1986 191 23 LANDLADY.

2373 2070 41 24 An
2426 2070 39 25 old
2477 2070 59 32 lady
2548 2078 70 17 came
2640 2070 83 25 before
2730 2094 3 2 .
2746 2072 41 23 Mr
2797 2072 79 29 Lane,

2341 2112 67 30 Q.C..
2417 2115 25 23 at
2449 2113 44 25 the
2504 2114 82 24 North
2597 2114 104 24 London
2710 2114 82 25 Police
2802 2114 76 25 Court

2341 2156 49 24 and
2403 2156 52 24 said
2469 2156 43 24 she
2525 2157 95 24 wanted
2632 2158 26 24 to
2677 2159 46 30 put
2747 2165 15 16 a
2774 2159 55 31 stop
2851 2160 26 22 to

2341 2207 30 16 an
2384 2208 152 22 annoyance.
2539 2214 31 4 —
2572 2201 40 23 Mr
2621 2201 75 24 Lane:
2710 2201 66 24 Who
2784 2209 94 24 annoys

2340 2250 49 23 you
2398 2243 12 23 ?
2439 2242 54 25 The
2507 2243 143 31 Applicant:
2681 2243 43 31 My
2747 2243 132 33 Landlady

2341 2284 65 28 does,
2409 2299 31 4 —
2441 2285 40 24 Mr
2492 2285 76 24 Lane:
2581 2285 65 25 How
2658 2286 58 24 does
2732 2286 45 24 she
2794 2286 32 25 do
2837 2287 21 23 it
2867 2288 12 22 ?

2342 2328 52 24 The
2406 2328 141 31 Applicant:
2561 2328 14 24 I
2586 2336 52 17 owe
2655 2329 45 24 her
2710 2336 16 17 a
2736 2329 67 25 little
2814 2333 64 24 rent,

2342 2371 49 23 and
2403 2371 43 23 she
2455 2378 82 17 conies
2555 2372 26 23 to
2589 2378 44 24 my
2644 2371 70 30 place
2725 2371 27 25 of
2772 2372 107 31 worship

2342 2413 49 24 and
2402 2413 58 24 asks
2473 2420 40 17 me
2522 2413 39 23 for
2582 2413 29 24 it.
2615 2427 31 3 —
2647 2413 41 24 Mr
2698 2413 77 24 Lane:
2790 2414 65 24 Well
2867 2415 13 22 I

2341 2455 63 25 have
2415 2463 34 16 no
2460 2455 78 24 doubt
2556 2456 22 23 it
2599 2456 23 24 is
2643 2463 60 17 very
2725 2456 152 30 unpleasant,

2341 2495 44 26 but
2399 2497 70 24 there
2480 2497 22 24 is
2512 2497 108 31 nothing
2630 2497 86 31 illegal
2728 2498 26 23 m
2763 2498 28 25 it.
2828 2498 51 25 She

2341 2540 48 24 has
2401 2548 15 16 a
2425 2540 68 31 right
2505 2542 25 22 to
2542 2540 45 24 ask
2598 2540 64 25 what
2672 2540 23 24 is
2707 2540 47 24 due
2777 2543 25 23 to
2825 2541 52 24 her.

2342 2582 142 31 Applicant:
2503 2582 48 31 Oh,
2564 2583 45 25 has
2621 2582 45 26 she
2675 2583 12 24 ?

2416 2736 208 25 HEARTLESS
2642 2736 160 25 CONDUCT.

2376 2821 34 25 At
2426 2822 107 31 Burnley
2544 2822 102 29 Exeter,
2668 2830 15 16 a
2694 2825 122 23 coroner's
2823 2823 58 31 jury

2342 2865 117 23 returned
2476 2872 15 16 a
2501 2865 95 25 verdict
2618 2865 28 24 of
2662 2865 73 25 death
2757 2865 62 25 from
2840 2874 39 15 ex-

2342 2914 90 23 posure
2442 2907 27 24 m
2482 2915 15 16 a
2507 2907 95 31 painful
2614 2915 57 17 ease
2682 2907 27 25 of
2715 2916 15 16 a
2736 2916 99 17 woman
2847 2910 33 24 78

2342 2957 72 23 years
2426 2949 49 25 old.
2511 2949 49 26 She
2571 2957 69 18 came
2660 2950 58 25 here
2741 2952 26 23 to
2789 2950 54 25 find
2865 2959 15 16 a

2343 2992 105 25 married
2468 2992 130 32 daughter,
2622 2993 57 29 and,
2702 2992 98 33 getting
2821 2993 57 29 lost,

2343 3036 131 24 wandered
2485 3036 110 31 through
2603 3036 42 24 the
2654 3037 88 23 streets
2753 3036 127 33 inquiring

2343 3079 38 24 for
2391 3079 54 25 her.
2482 3078 50 26 She
2544 3087 51 16 was
2607 3079 135 24 succoured
2758 3079 33 32 by
2802 3088 78 17 sever-

2344 3123 24 23 al
2379 3130 111 24 persons,
2509 3123 51 24 and
2582 3123 46 24 her
2647 3123 130 31 daughter,
2807 3123 73 25 when

2343 3162 86 28 found,
2440 3161 99 25 refused
2561 3163 27 23 to
2610 3161 94 25 receive
2715 3163 46 22 her
2784 3162 97 25 mother

2344 3204 56 26 who
2412 3204 56 25 died
2478 3204 28 24 m
2519 3204 42 25 the
2570 3205 84 24 street.
2689 3204 53 25 The
2746 3203 59 34 jury
2814 3212 67 17 com-

2344 3250 70 22 ment
2426 3256 32 17 on
2472 3248 44 24 the
2527 3248 104 24 absence
2646 3248 27 24 of
2682 3248 91 31 feeling
2783 3248 33 32 by
2838 3248 43 24 her

2344 3290 130 32 daughter,
2487 3291 83 24 whose
2581 3298 90 17 excuse
2694 3298 47 17 was
2763 3291 56 24 that
2838 3291 43 23 her

2345 3333 95 25 mother
2455 3342 51 16 was
2543 3333 166 30 highminded

2379 3458 69 21 THE
2480 3458 92 21 GOOD
2596 3458 87 21 TIME
2704 3458 135 21 COMING.

2477 3505 37 17 By
2522 3505 44 17 Mb
2577 3505 40 17 W.
2631 3505 114 17 Habkeb.

2378 3584 22 24 A
2413 3584 75 24 small
2499 3584 128 31 pamphlet
2638 3584 132 31 published
2779 3586 26 22 at
2812 3584 70 24 three

2344 3630 85 23 pence,
2443 3623 91 25 should
2545 3623 30 25 be
2586 3624 59 24 read
2656 3624 31 31 by
2699 3630 73 25 every
2787 3631 48 17 one
2857 3622 25 25 m

2344 3666 61 24 New
2417 3666 119 29 Zealand,
2549 3666 21 24 it
2581 3666 107 24 consists
2708 3666 28 24 of
2746 3673 15 16 a
2773 3666 74 24 series
2858 3666 26 24 of

2344 3703 27 24 of
2391 3704 129 31 prophetic
2543 3704 95 28 letters,
2656 3703 141 32 foretelling
2820 3703 61 24 with

2344 3742 137 26 wonderful
2493 3751 117 24 accuracy
2624 3742 43 25 the
2693 3742 71 32 rapid
2786 3743 47 24 rise
2855 3742 28 24 m

2343 3782 67 29 price
2430 3780 27 26 of
2478 3780 113 26 Colonial
2613 3780 114 31 produce,
2750 3780 50 25 and
2811 3778 70 27 other

2344 3821 85 22 events
2443 3817 54 25 that
2509 3819 39 23 for
2567 3819 108 30 genuine
2698 3817 136 26 usefulness
2857 3819 25 23 to

2342 3857 123 24 mankind
2481 3857 52 25 will
2545 3857 81 24 knock
2636 3857 35 24 all
2684 3856 41 25 th°
2748 3857 88 32 saying
2858 3857 26 25 of

2343 3894 43 26 the
2398 3895 99 25 ancient
2509 3894 95 26 Jewish
2632 3894 119 32 prophets
2774 3895 53 25 into
2839 3896 42 23 the

2343 3932 87 24 shade.
2465 3933 41 23 Mr
2525 3932 98 24 Harker
2645 3932 109 31 actually
2775 3932 108 24 foretold

2342 3970 26 23 m
2391 3970 42 24 the
2456 3970 116 24 columns
2595 3970 27 24 of
2640 3970 45 24 the
2705 3969 177 25 Christchurch

2341 4014 89 24 papers
2441 4007 44 24 the
2498 4007 67 31 price
2587 4007 44 24 the
2657 4007 50 24 last
2730 4007 59 24 loan
2800 4007 83 25 would

2342 4047 73 31 bring
2424 4047 28 24 m
2464 4048 42 24 the
2516 4047 107 25 London
2634 4047 106 29 market,
2753 4048 52 23 and
2827 4047 54 25 also

2340 4085 106 26 foretold
2457 4086 45 25 the
2518 4085 96 28 sudden
2625 4086 51 25 and
2687 4086 136 25 wonderful
2833 4087 50 24 rise

2340 4125 28 24 m
2380 4126 43 24 the
2434 4126 66 31 price
2512 4125 27 26 of
2547 4125 92 31 wheat,
2664 4126 50 25 and
2725 4126 73 25 other
2826 4135 46 23 pro
2877 4141 5 4 •

2341 4163 79 24 ducts.
2476 4159 19 28 V
2601 4175 4 12 ;
2641 4162 90 25 .-'.-'.'-•
2795 4172 5 15 .'
2829 4180 1 1 ■

2375 4203 37 25 To
2419 4203 69 24 those
2500 4203 54 25 who
2566 4203 63 26 have
2639 4205 128 30 straggled
2775 4205 109 31 through

2341 4247 45 23 ths
2403 4248 66 28 past'
2481 4247 61 24 cicle
2564 4247 26 24 of
2606 4261 11 6 -
2623 4250 15 21 f'
2647 4246 57 25 lean
2715 4254 72 24 years
2833 4248 51 24 this

2341 4284 66 25 little
2417 4286 131 30 pamphlet
2556 4285 75 26 holds
2642 4287 45 23 out
2697 4286 73 31 hope,
2779 4287 50 24 and
2837 4287 45 25 the

2342 4332 134 18 assurance
2486 4325 58 26 that
2556 4333 15 17 a
2580 4325 60 26 cicle
2662 4325 28 26 of
2697 4331 3 11 ;
2737 4325 38 26 fat
2786 4335 72 24 years

2342 4372 47 26 has
2400 4374 170 27 commenced;
2578 4376 5 11 :
2658 4374 53 25 that
2735 4375 42 25 the
2799 4375 85 26 indus-

2343 4410 47 35 jjriu
2391 4419 29 17 vs
2422 4410 5 16 f
2431 4411 113 25 cblonist'
2547 4415 4 13 ;
2551 4409 57 27 will-
2613 4414 107 29 yetreap
2725 4420 2 12 :
2732 4412 40 26 his
2784 4414 94 24 reward

2342 4448 32 27 In
2386 4449 71 32 proof
2466 4449 27 26 of
2507 4449 43 26 the
2566 4451 4 17 ?
2572 4450 69 25 truth
2654 4454 6 14 j
2664 4450 26 25 of
2697 4456 3 12 :
2711 4450 178 31 MrHarker's.

2911 196 130 32 prophetic
3053 198 150 30 utterances,
3216 206 58 23 may
3286 197 29 26 be
3322 198 64 26 cited
3398 199 52 26 this

2911 236 58 28 fact,
2982 236 57 25 that
3051 236 84 32 sheep,
3148 239 62 29 oats,
3225 238 40 24 &c.
3289 238 27 25 m
3328 239 49 25 this
3400 240 49 24 dis-

2911 275 58 26 trict
2986 275 64 26 have
3061 276 106 25 doubled
3186 277 28 24 m
3224 277 68 31 price
3319 279 67 25 since
3408 280 42 25 his

2910 315 56 25 first
2991 316 125 31 prophecy
3144 323 48 18 was
3214 317 144 32 published..
3401 320 49 25 We

2911 361 44 16 can
2968 353 145 31 confidently
3128 353 82 26 advise
3224 360 6 10 '
3238 363 70 24 evejy
3332 357 44 24 sad
3398 358 52 24 and

2911 398 82 22 weary
3003 390 100 25 brother
3114 391 96 33 pulling
3221 393 62 25 hard
3295 395 98 31 against
3404 395 44 25 the

2911 431 92 22 stream
3013 430 6 10 '
3032 431 25 23 to
3067 431 123 30 purchase
3201 433 41 24 Mr
3252 433 118 26 Harker's
3381 435 69 25 little

3073 471 57 32 only
3139 471 69 26 three
3227 477 86 27 pence.

2974 2595 70 23 THE
3057 2594 213 26 BACHELOR'S
3282 2596 98 24 BALL.

2946 2682 62 24 This
3021 2683 94 23 annual
3134 2683 78 32 fixing
3229 2692 50 16 was
3296 2684 60 24 held
3367 2685 26 24 at
3404 2684 45 25 the

2912 2725 63 24 East
2988 2725 92 24 Oxford
3092 2725 77 25 Town
3180 2726 62 25 Hall
3253 2734 32 17 on
3296 2727 154 31 Friday2lsfc
3460 2720 8 5 *

2912 2767 54 26 ulto
2977 2768 50 24 and
3038 2776 47 17 was
3096 2768 44 25 the
3151 2770 67 24 most
3230 2769 132 26 successful
3378 2770 71 31 gath-

2913 2810 70 31 ering
2995 2818 37 17 we
3043 2810 65 25 have
3119 2819 58 16 seen
3188 2811 39 25 for
3235 2812 69 24 these
3310 2815 57 28 past
3378 2812 72 24 three

2912 2861 80 23 years.

2947 2896 40 23 Mr
2998 2896 40 24 W.
3053 2896 66 25 Shea
3136 2897 71 24 acted
3218 2905 27 17 as
3259 2897 129 32 Secretary
3399 2899 51 23 and

2913 2946 50 16 was
2977 2937 90 26 backed
3080 2938 31 32 by
3123 2946 33 17 an
3167 2939 120 31 energetic
3299 2939 150 25 Committee

2913 2981 49 24 and
2974 2981 59 31 they
3045 2989 40 16 are
3095 2983 27 23 to
3136 2981 31 25 be
3178 2981 192 33 complimented
3381 2989 68 25 upon

2913 3024 43 25 the
2970 3024 122 25 excellent
3114 3027 185 29 arrangements
3327 3025 73 25 made
3412 3025 38 25 for

2913 3067 43 25 the
2967 3067 105 25 comfort
3089 3067 50 25 and
3165 3070 157 24 amusement
3346 3069 28 25 of
3384 3068 66 26 their

2913 3112 92 29 guests.
3040 3110 53 24 The
3111 3110 63 24 Hall
3186 3119 50 18 was
3249 3111 146 32 artistically
3407 3112 43 24 de-

2914 3154 97 24 corated
3021 3154 62 23 with
3105 3154 68 24 ferns
3196 3155 50 24 and
3256 3155 70 31 flags,
3346 3155 49 23 and
3406 3155 44 24 the

2913 3196 78 31 lights
3014 3196 128 32 glittering
3175 3205 66 23 upon
3263 3197 44 24 the
3329 3197 122 24 beautiful

2914 3239 86 25 fronds
3022 3239 124 31 produced
3174 3247 15 17 a
3217 3240 131 31 charming
3377 3240 73 24 effect

2913 3282 132 31 especially
3055 3282 72 24 when
3146 3282 75 24 taken
3238 3283 28 23 m
3288 3283 161 30 conjunction

2913 3324 61 25 with
2986 3324 42 25 the
3038 3324 83 31 pretty
3132 3324 96 25 dresses
3250 3325 50 24 and
3319 3325 133 31 charming

2913 3368 64 23 faces
2988 3367 30 24 lit
3030 3375 33 23 up
3083 3367 56 24 mth
3160 3367 114 31 pleasure
3284 3367 50 24 and
3355 3368 46 23 fan
3422 3369 28 22 to

2913 3411 83 24 charm
3010 3411 42 24 the
3063 3410 85 25 hearts
3159 3410 28 25 of
3193 3411 63 24 their
3263 3414 113 28 partners
3388 3410 63 25 each

2914 3454 56 24 vied
2981 3454 61 24 with
3053 3454 43 24 the
3108 3454 77 24 other.
3219 3454 53 24 The
3291 3453 79 25 tables
3388 3461 64 17 were

2914 3496 79 25 under
3015 3498 20 23 t»
3045 3504 12 16 c
3087 3496 224 31 Superintendanee
3338 3496 27 24 of
3382 3496 68 24 Mes-

2915 3541 84 24 dames
3014 3539 115 26 Mitchell
3140 3539 49 26 and
3204 3539 102 33 Hoop.?r
3316 3539 50 26 and
3376 3539 74 25 need-

2914 3584 49 25 less
2974 3586 26 23 to
3012 3592 50 24 say,
3075 3584 55 24 that
3148 3584 43 25 the
3202 3587 85 29 guests
3297 3591 65 18 were
3372 3586 79 22 cater-

2915 3627 31 25 ed
2956 3627 39 25 for
3005 3627 28 24 m
3045 3626 42 25 the
3099 3628 67 24 most
3176 3627 114 25 faultless
3302 3626 71 32 style.
3397 3626 55 25 The

2915 3670 87 25 viands
3015 3678 61 16 were
3088 3670 119 24 delicious
3219 3670 50 24 and
3280 3670 115 31 plentiful
3403 3670 49 24 and

2915 3713 43 24 the
2968 3712 121 31 be~erage
3099 3711 83 25 wbich
3194 3713 83 24 cheers
3296 3712 106 25 without
3412 3712 42 24 in-

2915 3755 137 32 toxicating
3064 3762 50 18 was
3130 3754 204 33 irreproachable,
3347 3757 45 24 not
3403 3755 50 26 for-

2915 3799 95 31 getting
3026 3800 43 23 the
3096 3798 73 25 floral
3195 3799 155 25 decorations
3371 3799 84 25 which

2915 3842 78 25 added
3004 3843 90 30 beauty
3102 3843 25 23 to
3139 3841 43 25 the
3195 3849 81 18 scene.
3283 3865 3 2 .
3316 3866 4 4 .

2947 3885 54 24 The
3018 3885 116 31 Dancing
3162 3893 50 17 was
3234 3885 167 32 interspersed
3420 3885 36 33 by

2914 3927 91 31 capital
3016 3935 75 23 songs
3107 3928 50 24 and
3180 3928 143 25 recitations
3345 3928 112 32 eliciting

2914 3970 78 25 much
3003 3971 119 30 applause
3145 3972 50 24 and
3215 3972 126 31 gratitude
3362 3975 28 23 to
3412 3972 45 25 the

2914 4013 156 31 performers.

2948 4057 42 25 Mr
3001 4057 97 26 Kobalo
3110 4058 72 26 acted
3200 4067 28 17 as
3251 4059 67 26 M.C.
3342 4059 52 25 and
3416 4059 43 25 Mr

2916 4100 43 25 W.
2980 4100 113 25 iMitchell
3108 4101 143 26 discoursed
3261 4103 42 24 the
3322 4104 76 24 sweet
3409 4104 51 23 and

2915 4151 81 24 merry
3009 4144 93 25 strains
3111 4144 52 25 and
3175 4145 35 25 all
3220 4145 73 32 night
3303 4146 62 31 long
3375 4152 85 25 merry

2916 4187 85 25 hearts
3011 4186 60 26 beat
3082 4187 63 25 wi*h
3155 4187 159 32 pleasurable
3336 4188 125 25 emotions

2917 4230 51 25 and
2979 4231 119 31 morning
3108 4231 101 24 seemed
3220 4233 27 22 to
3258 4239 71 17 come
3342 4235 55 23 !een
3417 4232 45 23 too

2918 4273 51 24 and
2991 4273 26 24 m
3035 4273 106 31 parting,
3159 4273 89 26 wishes
3272 4267 187 37 were**expres-

2920 4316 44 24 sed
3008 4316 57 24 that
3117 4323 36 17 we
3199 4324 63 17 soon
3302 4323 59 24 may
3393 4316 69 24 meet

2921 4366 84 23 again.
3370 4366 5 3 .
3402 4366 4 2 .

2916 4411 4 21 ;
2956 4402 52 25 Out
3019 4403 27 23 6f
3056 4402 49 25 150
3116 4401 147 28 inv*itation3
3275 4403 33 23 GO
3315 4401 102 31 cbtiples
3427 4408 39 16 re-

2924 4445 111 31 sponded
3044 4448 28 22 to
3081 4445 50 24 the-
3136 4445 53 25 calk

1152 56 177 33 OX^OBD
1373 56 236 32 OBSERVER
1653 53 241 36 SATURDAY,
1957 54 122 32 JUNE.
2138 55 50 34 29,
2276 53 79 29 1895

3009 571 330 48 TENDERS.

2947 652 4 16 i
2979 645 257 28 WAIMAKARIRI-
3239 649 139 26 ASHLEY

3046 685 129 25 WATER
3187 687 133 26 SUPPLY

2916 723 4 27 ;
3118 724 124 26 BOARD.

2911 805 174 25 fTVENDERS
3094 815 41 15 are
3145 808 95 23 invited
3245 809 38 23 for
3290 811 43 22 the
3340 809 108 25 erection

2917 830 20 30 1
2958 836 29 25 of
3019 838 31 25 19
3069 837 121 27 MILES.
3205 841 35 23 18
3258 840 126 29 CHAINS
3402 842 46 26 OF

2914 874 95 25 WIRE
3027 875 164 31 FENCING,
3204 885 28 18 as
3240 877 123 33 follows;.

2945 919 72 25 Nol.
3037 920 118 26 Contract
3189 924 15 23 5
3216 923 72 25 Miles
3311 924 32 26 16
3353 924 94 26 chains.

2944 957 40 24 No
2993 958 26 24 2.
3033 958 125 30 Contract,
3193 962 15 24 6
3220 961 73 25 Miles
3305 962 33 25 20
3349 962 96 32 chains,

2945 997 40 24 No
2987 1004 3 8 1
2994 998 24 24 3.
3031 997 122 31 Contract,
3189 1002 16 23 5
3214 1002 73 24 Miles
3309 1002 32 26 39
3354 1003 91 29 chains,

2939 1034 44 25 -No
2984 1049 9 18 :
2994 1036 25 23 4.
3033 1035 126 31 Contract,
3175 1039 29 23 -2
3214 1039 76 26 Miles
3301 1040 31 24 23
3349 1041 96 31 chain?,

3057 1078 60 26 Also
3128 1080 37 25 for
3177 1080 94 34 Supply
3280 1083 26 25 of

2914 1117 188 26 STRAINING
3112 1119 113 32 POSTS,
3244 1122 83 29 Heart,
3336 1123 27 24 of
3370 1124 77 24 Black

2913 1155 76 25 Birch
3005 1150 73 31 225.'
3133 1152 11 31 ;'
3309 1155 5 13 (
3327 1155 3 3 '

2948 1193 140 30 STRUTS,
3107 1195 80 26 Heart
3195 1197 27 24 of
3228 1197 79 26 Black
3316 1198 75 25 Birch
3399 1200 50 24 300

2947 1236 189 31 Specifications
3160 1247 47 17 can
3212 1261 3 2 .
3220 1242 4 7 l
3229 1240 30 25 be
3282 1245 57 20 seSn
3354 1244 40 22 'at
3405 1242 45 24 the

2913 1277 68 23 office
2993 1276 26 23 of
3026 1277 42 24 the
3077 1277 84 24 Board
3172 1280 26 24 at
3211 1279 100 30 Oxford,
3320 1289 48 17 on
3396 1289 51 23 any

2912 1308 56 51 dajy,
2980 1317 86 31 except
3078 1317 209 29 THURSDAYS
3293 1320 74 26 when
3378 1321 72 25 tend-

2913 1361 38 17 ers
2963 1354 130 25 addressed
3105 1357 26 22 to
3142 1356 44 25 the
3198 1357 143 30 Chairman,
3354 1360 51 24 will
3417 1360 30 24 be

2911 1392 111 24 received
3031 1399 28 19 as
3070 1393 138 26 follows:—

2946 1429 95 34 Supply
3053 1431 27 23 of
3098 1430 72 26 Posts
3205 1434 32 24 10
3248 1442 56 17 a.m.
3318 1434 130 27 THURS-

2911 1469 70 25 DAY
2993 1470 93 24 JULY
3107 1470 46 25 4th
3177 1473 72 26 1895.

2944 1508 113 32 Fencing
3107 1512 31 22 10
3151 1519 59 17 a.m.
3257 1512 192 26 THURSDAY

2911 1548 90 25 JULY
3015 1549 62 24 11th
3090 1551 73 23 1895,

2944 1588 99 25 Lowest
3055 1597 28 16 or
3100 1597 49 24 any
3177 1591 86 24 tender
3290 1593 45 24 not
3362 1600 86 18 neces-

2911 1626 76 31 sarily
2994 1627 122 30 accepted.

2977 1664 24 25 J.
3020 1665 178 26 JOHNSTON
3213 1667 169 26 WEBSTER

3095 1705 4 14 ;
3110 1705 127 33 Engineer
3245 1709 26 24 to
3280 1708 43 25 the
3332 1708 82 26 Board

3022 1840 318 47 REWARD.

2993 1911 105 28 LOST
3127 1912 161 29 STOLEN
3310 1915 56 28 OE

3077 1957 203 31 STEAYED.

2944 2002 14 23 9
2972 2001 65 23 FAT
3050 2001 116 24 SHEEP
3184 2010 49 24 any
3255 2011 88 23 person
3363 2005 85 30 giving

2911 2037 240 25 INFORMATION
3164 2039 56 25 that
3231 2041 50 23 will
3291 2041 58 24 lead
3367 2043 26 23 to
3405 2042 43 24 the

2912 2075 185 25 RECOVERY
3125 2076 28 24 of
3184 2077 43 24 the
3255 2086 66 17 same
3343 2079 52 24 will
3418 2079 30 25 be

2911 2112 207 25 REWARDED.

2944 2152 85 24 Brand
3041 2153 63 24 A.B.
3238 2155 73 33 apply
3322 2157 27 23 to

3111 2194 153 26 ANDREW
3276 2197 140 25 BAXTER

3271 2234 64 26 East
3348 2235 103 26 Oxford.

3012 2295 135 24 DEVINE
3167 2296 148 26 SERVICE

2980 2349 32 24 U.
3034 2350 35 23 M.
3092 2350 30 23 F.
3148 2350 98 25 Church
3271 2352 102 24 Oxford.

2913 2430 71 24 West
2997 2430 94 24 Oxford
3103 2432 30 23 11
3145 2439 58 17 a.m.
3215 2432 53 24 Rev
3280 2432 31 24 G.
3324 2432 124 30 Hpunsell

2914 2472 69 24 West
2991 2472 94 24 Oxford
3093 2475 13 21 6
3115 2475 39 22 30.
3163 2482 54 22 p.m
3234 2475 40 23 Mr
3285 2475 31 23 L.
3337 2475 112 25 Watson.
