3530 4540
259 234 129 24 Government
396 234 68 24 Advances
472 234 17 24 to
497 234 75 24 Settlers.

107 292 52 24 The
199 290 170 26 Government
407 288 120 24 advances
565 288 24 21 to

59 335 105 25 Settlers
176 333 58 30 Bill,
248 333 67 31 gives
331 330 169 26 Government
511 335 78 24 power

56 380 28 24 to
94 377 62 25 raise
168 374 152 32 £3,000,000
333 374 135 30 extending
478 380 57 17 over
543 373 46 23 two

55 428 71 24 years
137 422 26 21 at
174 420 45 23 not
234 425 70 18 more
322 417 61 24 than
405 417 16 22 4
430 416 23 30 %
474 415 115 27 Interest,

56 471 34 17 no
103 462 76 26 doubt
190 461 61 26 with
263 468 45 18 our
330 458 77 26 credit
426 457 117 31 standing
565 464 24 17 so

55 506 68 31 high,
134 512 89 23 money
232 511 58 24 may
301 503 30 25 be
340 501 51 25 had
398 503 25 22 at
432 501 33 30 8£
472 501 31 31 %.
537 498 52 25 The

56 550 41 24 act
110 550 24 23 to
146 549 30 24 be
188 545 186 28 administrated
380 543 90 31 mostly
477 543 31 31 by
515 541 74 25 heads

56 592 186 31 Departments.
276 590 35 23 As
330 589 53 24 cost
405 586 27 25 of
447 585 72 25 deeds
542 583 47 25 and

56 636 127 25 valuation
195 634 50 26 will
256 632 29 26 be
296 632 59 32 paid
365 631 32 31 by
409 630 43 25 the
461 629 128 26 borrower,

56 679 43 25 the
111 677 199 25 jidininistration
332 675 52 25 will
405 672 119 33 probably
545 671 44 23 not

55 725 53 19 cost
130 728 68 15 more
221 719 62 23 than
306 718 93 26 £5,000
411 725 13 13 a
437 723 66 22 year.
539 714 50 23 The

55 770 68 18 sums
158 760 125 25 advanced
311 765 77 24 range
405 758 65 24 from
490 757 50 23 £25
563 757 26 23 to

55 806 93 27 £2,500
161 811 33 17 on
206 802 119 25 Freehold
337 801 113 30 security,
459 801 26 22 to
493 798 43 25 the
548 806 41 16 ex-

55 849 55 23 tent
122 847 26 24 of
158 847 65 30 60%,
237 853 33 16 on
285 843 126 27 leasehold
422 843 27 23 to
460 841 59 31 50%
529 840 59 25 with

56 892 42 30 1%
115 889 78 25 added
212 890 25 23 to
260 885 143 33 extinguish
422 883 121 32 principal
562 882 26 23 m

55 932 50 27 36^
116 936 78 23 years.
237 927 31 24 In
280 933 56 17 case
356 925 26 24 of
393 924 108 23 Interest
514 922 75 30 going

55 973 68 23 dcnvu
144 978 28 16 or
189 970 72 24 other
289 968 198 24 circumstances.
534 964 54 23 The

55 1015 117 23 borrower
184 1013 26 23 at
222 1018 49 24 any
283 1011 61 24 time
355 1017 57 23 may
423 1015 49 24 pay
480 1007 37 25 off
525 1006 21 25 if
555 1006 32 24 he

55 1057 65 24 finds
132 1057 19 24 it
167 1055 146 25 convenient
335 1053 27 25 m
390 1060 67 18 sums
485 1050 28 25 of
539 1050 46 24 £5.

55 1099 91 32 Briefly
158 1102 26 21 to
195 1098 123 25 illustrate
330 1097 44 24 the
397 1095 137 30 advantage
563 1092 26 26 of

55 1144 48 24 this
134 1142 106 30 scheme,
354 1138 93 26 Settler
480 1137 106 25 borrows

55 1188 93 29 £1,000
160 1186 36 24 for
207 1187 43 23 ten
262 1191 78 26 years,
365 1182 33 25 off
417 1189 32 16 an
472 1180 115 31 ordinary

55 1229 185 33 money-lender
252 1230 26 22 at
289 1228 41 30 6%
341 1225 50 25 and
399 1232 61 18 even
467 1232 55 16 now
531 1231 56 22 may

55 1273 112 26 consider
177 1271 101 25 himself
294 1270 123 24 fortunate
430 1267 128 30 obtaining
567 1266 21 23 it

56 1319 25 23 at
94 1316 55 24 that
159 1317 61 26 rate,
255 1314 33 23 At
297 1313 41 24 the
351 1311 48 26 end
410 1311 24 24 of
452 1312 43 23 ten
517 1316 70 24 years

55 1359 32 24 he
99 1359 45 24 has
155 1358 58 31 paid
224 1358 68 22 £600
315 1356 25 23 m
358 1354 110 27 interest,
484 1352 48 25 but
553 1359 34 16 no

55 1401 162 25 diminutions
230 1399 25 25 of
275 1399 39 24 the
325 1396 120 33 principal
456 1396 45 23 has
513 1395 74 24 taken

55 1445 75 31 place,
150 1444 31 24 lie
203 1441 52 27 still
277 1448 62 19 owes
358 1439 49 26 and
423 1438 47 26 has
492 1439 26 23 to
540 1445 47 24 pay

55 1490 91 23 £10u0.

90 1532 20 24 A
123 1530 89 28 Settler
224 1528 138 31 borrowing
373 1528 36 25 off
419 1526 170 25 Government

56 1583 59 23 pays
125 1577 13 21 5
148 1576 22 29 %
181 1575 104 23 interest
298 1574 12 22 1
319 1573 22 30 %
353 1571 26 25 of
389 1580 15 15 a
416 1570 100 30 sinking
527 1568 61 25 fund

58 1620 25 22 to
97 1616 140 32 extinguish
248 1614 126 32 principal,
387 1615 25 23 at
429 1613 42 24 the
492 1612 49 24 end
563 1612 26 24 of

56 1661 31 22 In
101 1667 69 23 yeais
182 1659 32 23 he
233 1658 47 23 has
300 1657 58 31 paid
381 1657 69 24 £600
461 1664 5 20 ;
485 1655 45 23 but
552 1655 36 21 in-

56 1702 69 25 stead
137 1702 25 24 of
181 1701 80 31 owiug
283 1700 95 27 £1000,
396 1699 32 24 he
440 1706 64 17 owes
517 1697 72 26 £872

57 1755 28 15 os
99 1746 47 24 lOd
158 1745 42 25 the
213 1745 83 24 £1000
313 1743 74 31 being
398 1740 148 27 diminished
558 1740 31 32 by

56 1789 41 24 the
110 1796 55 16 sum
177 1788 25 24 of
219 1788 66 23 £127
299 1788 44 22 14s
356 1786 32 24 2d
400 1793 26 17 so
450 1785 56 24 that
529 1784 60 24 each

56 1831 54 24 half
117 1831 83 31 yearly
211 1832 118 29 payment
349 1829 86 24 makes
446 1827 143 31 theprinci-

56 1875 40 31 pal
108 1883 14 15 a
134 1874 160 31 diminishing
310 1873 122 31 quantity,
450 1871 14 24 I
481 1871 65 24 have
557 1878 32 17 no

57 1918 76 24 doubt
156 1918 50 24 this
229 1925 114 16 measure
365 1917 52 26 will
439 1915 55 31 give
522 1915 67 30 great

58 1961 150 25 satisfaction
221 1962 26 23 to
259 1960 70 24 those
340 1960 107 29 needing
458 1958 28 29 it,
500 1958 48 23 and
571 1956 18 24 if

56 2005 20 23 it
88 2006 76 23 meets
177 2013 13 15 a
202 2004 50 24 real
263 2005 72 27 want,
360 2002 67 31 Why
444 2001 90 25 should
546 2001 43 23 not

56 2048 41 21 the
106 2047 119 30 principal
237 2047 27 22 be
277 2045 120 23 extended
405 2046 12 21 ?

132 2090 44 23 Mr
193 2088 115 24 Meredith
325 2092 25 19 at
370 2088 100 30 Oxford,
483 2087 74 29 April

123 2143 91 23 Review
226 2143 26 26 of
262 2143 107 22 Reviews
377 2143 60 26 May
449 2143 69 21 1895.

89 2183 60 22 New
172 2183 107 23 Zealand
301 2183 47 22 has
368 2183 102 21 effected
490 2187 15 16 a
522 2186 66 17 more

56 2219 111 23 brilliant
175 2218 80 23 stroke
267 2219 25 22 of
301 2218 97 23 finance
408 2217 62 24 than
479 2217 46 23 has
534 2224 54 16 ever

58 2255 81 25 before
151 2255 61 24 been
225 2255 139 30 attempted'
380 2254 30 31 by
432 2262 49 23 any
501 2254 25 24 of
546 2253 42 24 the

56 2293 147 24 Australian
223 2293 116 24 colonies.
374 2292 48 24 Mr.
447 2292 77 24 Ward
545 2292 43 23 has

56 2330 86 32 placed
154 2339 14 16 a
178 2332 13 23 3
204 2339 43 22 per
256 2332 64 23 cent,
333 2331 59 24 loan
402 2330 26 24 of
434 2329 154 29 £1,500,000

55 2377 33 16 on
100 2368 43 25 the
155 2368 103 25 London
271 2368 103 28 market,
388 2367 78 32 fixing
475 2367 43 25 the
525 2367 63 24 min-

56 2408 80 23 imum
146 2408 24 23 at
183 2408 59 24 £90.
256 2407 50 24 The
319 2407 57 24 loan
388 2414 48 16 was
448 2405 140 26 subscribed

55 2446 55 24 four
122 2446 71 24 times
204 2454 63 17 over,
278 2445 48 24 and
334 2445 106 31 brought
447 2452 33 17 an
487 2450 101 25 average

55 2486 63 30 price
130 2487 27 22 of
175 2486 53 23 £94
247 2487 26 22 8s
291 2485 48 29 9d.,
376 2485 60 23 This
447 2484 22 24 is
481 2484 43 24 the
536 2483 52 24 first

57 2526 61 24 time
130 2534 32 15 an
175 2527 105 29 attempt
291 2525 45 24 has
348 2525 62 24 been
419 2523 72 25 made
501 2523 31 32 by
541 2530 47 25 any

55 2565 27 24 of
99 2565 42 24 the
158 2565 140 24 Australian
300 2565 117 24 clonies
441 2565 25 24 to
484 2564 70 31 place
575 2570 13 16 a

55 2605 58 24 loan
125 2607 26 22 at
163 2607 14 21 3
190 2613 41 19 per
243 2606 64 23 cent.

1230 75 172 31 OXFORD
1447 73 224 32 OBSERVER
1715 71 240 37 SATURDAY,
1999 69 109 33 JUNE
2133 70 50 35 29,
2204 68 89 31 1895.

3073 4241 69 28 and,.
3163 4241 142 26 PublisLed
3330 4239 35 34 l»y
3400 4238 90 26 Lauba.

2972 4300 5 5 ,
2979 4281 85 26 Annie
3087 4280 115 31 PjaasH,-
3214 4281 34 28 at.
3265 4278 48 28 her
3342 4275 148 36 Begisterei

2976 4324 119 34 Printing
3106 4323 87 31 Office,
3215 4322 71 34 High
3311 4321 92 29 Street,
3424 4320 72 26 East

2978 4366 279 34 Oxford/Canterbury.

3071 4418 132 27 Satubday
3220 4417 72 26 June
3303 4417 33 26 29
3365 4411 66 30 1i895

2933 243 171 51 WATCH
3332 244 146 50 CLOCK

3057 399 303 37 FITTED

3137 461 4 4 •
3198 459 31 16 AT

2956 493 183 38 Parish's
3167 497 104 37 East
3294 499 161 45 Oxford.

2937 649 318 50 WEBTHEIM

3117 747 250 48 SINGER'S

2979 946 207 45 MACHINE
3233 950 202 43 NEEDLES

2949 1030 131 56 Wcm
3315 1035 149 55 Wm.

3198 1763 43 23 AT

3003 1833 419 42 PAEIBH'S

2941 2068 62 43 E.
3041 2068 80 42 W.
3139 2065 370 56 ENGLAND^

2940 2142 140 39 Timber
3095 2143 70 38 and
3187 2143 77 38 Coal
3292 2143 186 39 Merchant

2942 2225 175 64 LAEGE-
3123 2225 107 25 STOCK
3249 2226 44 24 OF
3306 2227 172 24 BUILDING

3061 2263 4 3 •
3116 2258 209 25 MATERIALS.

3007 2299 34 25 Of
3062 2307 72 24 every
3165 2300 158 29 description,
3356 2300 119 26 seasoned

3040 2345 40 16 rea
3083 2338 32 30 dy
3122 2337 38 24 for
3167 2345 52 21 use,
3229 2338 90 31 always
3327 2346 31 16 on
3364 2339 69 23 hand
3436 2356 5 6 .

2974 2379 69 29 Also,
3074 2379 153 25 Galvanised
3258 2380 68 30 Iron,
3356 2381 120 25 Portland

2942 2418 104 26 Cement
3054 2419 50 24 and
3116 2418 124 26 Builders'
3254 2420 189 32 Ironmongery.

2975 2468 111 32 Country
3102 2468 91 25 Orders
3217 2470 126 31 Carefully
3365 2470 111 26 Selected

3107 2509 51 24 and
3166 2508 145 26 forwarded.

2942 2562 97 25 TUAM
3048 2563 143 29 STBEET,
3205 2564 273 26 CHEISTCHUBCH

3003 2688 214 41 HOLLAND
3252 2688 155 42 FINISH

3123 2743 154 42 CALICO

3055 2804 64 33 3d.
3154 2803 72 41 pe^
3246 2807 114 37 yaM.

3197 2880 33 27 at

3053 2928 38 28 ■R.
3109 2926 41 30 H.
3172 2926 200 31 PARISH'S

2939 3052 521 180 l^pont

2949 3189 237 103 SwlfeVi
3203 3204 261 68 forsake

2953 3277 513 126 Kpips

2953 3382 16 40 I
2984 3394 158 30 SUPKRIATIVE
3153 3382 237 47 B*fL^^^^
3407 3401 48 24 L-
3487 3410 15 15 •

2953 3417 16 36 I
3004 3428 116 25 diuretic
3154 3417 32 45 H
3201 3417 257 57 rncre^giDe
3472 3417 30 57 j

2953 3505 17 39 I
2982 3519 164 26 lNVifiOßffnNfi
3154 3519 33 24 n
3225 3523 4 4 '
3291 3511 76 42 jfcr

2953 3563 507 100 k^^IWOLFES

3018 3667 123 28 mwM6
3147 3641 329 71 MCHHAPPS

2944 3725 13 26 L
3099 3746 1 1 ■
3159 3737 7 5 ■*
3191 3740 2 2 ■
3250 3734 2 1 '
3320 3740 5 4 •■
3389 3745 19 1 --
3419 3738 2 2 •
3421 3744 31 2 —
3452 3742 19 4 —
3471 3735 13 11 ■*

2931 3787 12 13 '■'
3262 3785 13 14 '-
3292 3805 1 1 ■
3338 3795 3 3 '
3364 3799 3 2 ■

2971 3852 221 46 PUBLIC
3240 3847 238 51 NOTICE.

2984 3956 174 35 Telegraphic
3170 3955 132 34 Messages
3321 3962 49 18 can
3381 3960 61 19 now
3452 3950 36 27 be

2942 4005 61 24 sent
3026 4002 55 26 and
3099 4001 122 27 received
3241 4002 29 24 at
3294 3999 66 26 East
3384 3996 103 27 Oxford

2942 4042 117 37 Station,^
3074 4046 63 30 and.
3146 4045 93 27 Postal
3258 4045 86 26 Notes
3363 4050 61 28 may
3443 4041 36 27 be

2944 4092 156 34 purchased.
3238 4102 2 2 ~
3260 4103 18 4 ~
3341 4101 15 18 ?

2426 205 427 47 EUCALYPTUS

2632 275 11 15 ♦

2425 302 61 21 THE
2501 302 72 21 BEST
2587 302 88 21 HOME
2690 302 143 21 BEMEDIE

2485 340 36 15 are
2535 334 37 21 the
2580 334 138 26 preparation
2726 334 26 21 of
2759 334 35 21 the

2368 370 172 23 TASMANIAN
2558 370 187 21 EUCALYPTUS
2759 371 47 21 OIL
2821 371 82 22 COMP.

2398 408 137 25 Universally
2544 407 104 22 admitted
2657 407 37 21 the
2702 406 79 26 BEST,
2793 408 114 21 PUREST

2369 445 44 21 and
2423 444 58 20 most
2490 443 94 21 effective
2594 443 136 26 Eucalyptus
2752 443 104 21 Globulus
2872 444 35 20 Oil

2368 476 35 20 for
2421 474 173 25 INFLUENZA,
2616 474 92 25 Coughs,
2728 474 65 22 Colds
2816 475 44 21 and
2876 476 30 20 all

2370 507 65 21 Chest
2452 506 43 21 and
2504 506 62 25 Lung
2583 505 114 22 affections
2711 505 76 27 speedy
2796 506 60 22 relief
2865 506 43 21 and

2370 538 56 21 Cure
2443 538 35 20 for
2492 537 159 25 Eheumatism,
2671 537 123 26 Neuralgia,
2808 537 99 28 Sprains-

2368 565 73 21 Burns
2462 565 34 21 &o.

2396 598 134 25 Eucalyptus
2548 597 105 21 Globnlus
2671 597 93 22 Extract
2772 598 90 26 sprayed
2876 598 32 21 in-

2369 630 64 20 haled
2449 629 44 21 and
2506 630 66 20 taken
2581 629 118 26 internally
2716 629 34 20 for
2764 629 37 21 the
2818 630 88 26 Throat,

2370 666 98 26 Oatarrh,
2485 666 59 25 Hay,
2568 666 99 26 Typhoid
2683 666 44 21 and
2741 666 82 21 Scarlet
2831 667 78 20 Fevers
2915 683 3 2 -

2370 698 131 22 MEASLES
2512 697 98 24 the.most
2619 698 137 25 satisfactory
2765 699 144 25 preventative

2370 729 44 21 and
2421 730 69 20 -Cure.
2503 745 6 6 ,
2517 730 67 22 Send..
2587 729 51 21 Post
2654 730 57 20 Card
2719 730 23 20 to
2752 730 37 21 the
2799 729 63 21 Office
2875 730 34 21 for

2370 758 97 22 Circular
2480 758 121 26 describing
2619 760 123 21 treatment.
2768 760 140 26 Eucalyptus,

2370 791 112 23 Ointment
2492 793 36 21 the
2538 793 70 24 Magic
2617 793 81 21 Healer
2711 793 22 21 of
2747 793 70 24 Sores,
2830 794 78 25 Burns,

2371 823 103 24 Wounds,
2490 824 60 20 Boils
2568 825 45 23 &c,
2636 824 134 26 Eucalyptus
2789 824 57 26 Soap
2861 824 43 21 Fra

2370 856 63 23 grant
2443 854 43 21 and
2495 855 125 25 refreshing,
2644 856 133 25 Eucalyptus
2786 856 89 26 Jujubes
2885 862 24 15 or

2370 885 102 21 Pastilles
2481 886 35 20 for
2524 885 37 22 the
2586 886 82 21 Throat
2678 885 43 22 and
2730 886 64 22 Voice
2810 892 29 16 an
2852 887 55 21 anti-

2371 917 68 26 septic
2448 917 44 21 and
2501 917 121 22 stimulant.

2370 950 127 26 Veterinary
2512 951 37 20 Oil
2558 951 43 21 and
2611 951 112 21 Ointment
2732 951 34 21 for
2776 951 36 21 the
2821 951 86 21 stables.

2398 984 30 20 Be
2437 990 49 14 sure
2495 990 44 19 you
2547 984 110 21 Purchase
2671 985 39 20 the
2720 984 104 26 Platypus
2840 984 69 21 brand

2370 1014 51 26 only
2431 1014 22 20 of
2460 1014 30 20 all
2499 1015 114 25 Chemists,
2618 1016 88 20 Grocers
2712 1014 44 21 and
2762 1015 147 26 Storekeepers

2370 1045 44 21 and
2427 1046 23 20 at
2464 1045 37 22 the
2511 1046 65 22 Office
2585 1047 13 21 9
2607 1046 116 22 Cathedral
2731 1052 76 19 square
2815 1047 94 21 between

2370 1077 101 22 Morten's
2485 1078 114 26 Buildings
2606 1080 42 20 and
2659 1079 38 21 the
2704 1079 53 21 Post
2766 1078 71 22 Office.

2535 1113 89 21 Oxford
2634 1113 80 26 Agent

2420 1148 31 21 'B.
2461 1148 30 21 H.
2505 1148 120 26 PAEISH,
2641 1149 84 23 .EAST
2739 1149 120 21 OXFOED

2451 1186 142 27 Eucalyptus
2602 1186 39 21 Oil
2653 1185 32 28 1/-
2698 1193 41 21 per
2747 1186 79 21 bottle.

2394 1296 186 40 HEALTH
2601 1294 306 41 GUARANTEED

2372 1379 184 48 STTFFEREES
2592 1380 59 20 from
2694 1379 216 26 RHEUMATISM;

2425 1406 156 24 LUMBAGO,
2599 1406 187 24 NEURALGIA,
2804 1406 103 21 Nervous

2370 1432 142 24 exhaustion,
2521 1433 98 25 wasting
2626 1433 99 25 dibility,
2735 1432 47 21 lost
2791 1432 80 26 vigour
2882 1433 25 20 of

2370 1458 66 28 body,
2445 1465 159 19 nervousness,
2613 1459 47 21 loss
2669 1459 23 20 of
2709 1458 58 22 flesh,
2784 1459 47 21 and
2848 1459 60 21 vital

2370 1492 80 20 power,
2473 1487 93 20 restless
2598 1487 68 25 sleep,
2690 1486 96 25 dreams,
2804 1486 102 27 pimples,

2370 1513 64 20 weak
2443 1513 62 25 back,
2516 1513 62 21 want
2596 1514 24 20 of
2630 1513 163 25 development,
2810 1514 97 20 varicose

2370 1539 72 25 veins,
2451 1540 134 26 incapacity,
2603 1541 94 25 urinary
2718 1540 118 26 disorders,
2856 1541 51 20 skin

2371 1566 46 22 and
2425 1566 69 21 blood
2504 1567 95 21 diseases
2610 1567 46 21 and
2664 1567 33 19 all
2706 1567 106 20 ailments
2821 1567 87 26 arising

2370 1594 58 19 from
2437 1593 63 26 early
2509 1599 24 14 or
2542 1593 59 21 later
2620 1594 44 25 day
2678 1599 73 15 errors
2761 1594 50 24 etc.,
2836 1593 72 21 CON-

2371 1619 75 21 SULT
2455 1619 79 21 FREE
2558 1619 83 21 PROF.
2664 1619 152 21 NOTMANN
2833 1620 32 20 M.
2874 1619 34 25 E.,

2371 1647 27 19 E.
2428 1647 30 19 M.
2474 1647 26 19 G.
2523 1646 129 20 MARKET
2671 1646 94 20 PLACE
2785 1646 124 21 CHRIST-

2372 1672 126 21 CHURCH
2538 1673 119 26 (Opposite
2699 1673 106 20 Colombo
2833 1672 76 22 Street

2371 1698 84 28 Bride)

2399 1736 49 21 The
2457 1736 55 27 only
2528 1736 87 26 Expert
2634 1736 143 27 advertising
2793 1736 53 22 that
2862 1737 48 20 will

2380 1764 125 27 guarantee
2514 1770 14 15 a
2537 1764 116 27 thorough,
2658 1771 60 14 cure.

2399 1806 251 20 MANUFACTURER
2660 1807 22 19 of
2692 1807 40 19 the
2742 1807 54 25 only
2815 1812 95 20 guaran-

2372 1833 53 20 teed
2435 1832 97 22 Electric
2541 1832 48 21 belt
2608 1832 45 21 and
2666 1831 65 22 other
2750 1832 86 26 special
2853 1832 57 21 elec-

2372 1860 69 20 trical
2450 1859 127 27 appliances
2586 1859 26 20 m
2620 1859 39 20 the
2669 1858 110 22 Colonies.
2811 1859 99 21 Medical

2372 1886 115 22 Batteries
2497 1887 42 21 etc.
2566 1886 140 27 Discriptive
2716 1886 134 27 Pamphlets
2858 1887 61 27 post.

2373 1913 63 22 Free.

2453 2055 365 45 IMPORTANT

2374 2159 83 31 ALL
2488 2160 120 31 WOOL
2632 2159 171 33 ROSLYN
2824 2160 87 30 AND

2411 2223 297 42 WfiLMNGrTON
2730 2234 151 30 TWEED

2521 2300 256 40 SUITS

2417 2366 68 40 35/-
2502 2366 87 32 Suits
2598 2365 151 33 'Reduced
2758 2371 34 26 to
2815 2366 67 40 25/-

2415 2427 69 40 --4-
2526 2451 21 15 „
2632 2451 19 13 „
2735 2450 20 13 Jf
2761 2411 8 16 :
2822 2427 68 40 35/-

2415 2475 149 32 Trousers
2579 2477 62 29 and
2654 2475 76 31 Vest
2795 2474 76 41 13/6

2610 2535 52 21 AT

2400 2587 197 32 PARISH'S
2623 2588 90 30 East
2737 2588 144 30 Oxford.

2403 2718 45 44 S.
2488 2717 80 44 W.
2605 2716 276 45 TTTRPEST.

2372 2784 243 38 WATCHMAKER.
2650 2784 175 39 JEWELLER
2850 2785 64 33 &c

2449 2845 88 25 MAIN
2552 2845 136 27 STBEET
2706 2844 138 26 OXFOED

2565 2895 62 17 near
2638 2888 83 24 Bank.

2391 3001 73 29 W.
2508 2999 365 32 WOODWARD

2369 3055 154 25 PAINTEE
2541 3054 70 25 AND
2628 3054 271 30 PAPEEHANGEE,

2472 3105 112 32 EAST
2628 3105 182 32 OXFORD.

2419 3202 43 25 All
2472 3202 81 26 orders
2563 3202 122 32 promptly
2697 3203 113 24 attended
2822 3204 26 23 to
2875 3203 18 32 f

2370 3342 176 31 OXFORD
2589 3340 190 32 LIBRARY
2819 3341 88 32 AND

2462 3392 198 31 READING
2681 3392 132 31 ROOM.

2370 3495 54 25 The
2452 3495 94 25 Oxford
2572 3495 107 31 Library
2705 3495 23 24 is
2755 3498 62 28 op*en
2840 3502 69 23 every

2370 3538 114 32 Tuesday
2495 3538 51 25 and
2567 3537 130 33 Saturday-
2719 3537 96 33 nights,
2843 3537 66 26 from

2370 3583 14 23 6
2398 3583 31 23 30
2441 3589 70 24 p.m.,
2533 3582 25 24 to
2579 3582 15 23 8
2606 3589 72 23 p.m.,
2701 3580 52 25 and
2782 3588 34 17 on
2839 3588 70 24 every

2370 3624 121 26 alternate
2502 3624 133 33 Thursday
2659 3624 139 28 afternoon,
2829 3623 80 33 (Sale-

2369 3667 72 32 days)
2463 3667 66 25 from
2541 3668 61 23 230
2612 3674 66 24 p.m..
2695 3667 26 24 to
2733 3668 15 23 5
2760 3674 60 23 p.m.
2858 3665 52 25 The

2369 3710 114 32 Beading
2495 3711 79 24 Boom
2586 3710 20 24 is
2619 3717 65 24 open
2706 3711 27 22 to
2756 3709 44 24 the
2826 3708 85 32 public

2370 3752 132 33 free)daily
2513 3752 102 26 froinll
2629 3759 70 22 a.m.,
2723 3755 25 22 to
2773 3751 137 29 Sundown,

2371 3796 128 33 (Sundays
2528 3795 127 32 excepted)
2690 3795 59 25 and.
2780 3794 72 26 when
2867 3794 45 26 the

2370 3839 106 32 Library
2511 3839 23 25 is
2568 3846 73 25 open,
2677 3839 42 25 the
2756 3837 155 32 circulating,

2370 3881 107 35 Library
2487 3881 114 26 contains
2613 3882 76 28 1,700
2699 3879 121 30 volumes,
2846 3888 66 17 coin-

2369 3925 98 31 prising
2477 3932 6 17 :
2485 3939 33 4 —
2518 3924 113 32 History,
2652 3923 110 29 Science,
2795 3923 118 31 Theoogy

2370 3967 153 32 Biography,
2565 3968 88 24 Travel
2685 3966 52 25 and
2765 3966 146 26 Adventure

2370 4009 83 26 Books
2464 4010 40 24 for
2514 4010 44 25 the
2577 4010 94 30 Young
2682 4010 43 24 &c.
2760 4008 70 28 This,
2841 4008 25 25 is
2887 4017 27 15 a-

2370 4053 103 32 mongst
2494 4052 46 26 the
2551 4052 92 33 largest
2666 4051 118 28 and^best
2808 4051 104 25 selected

2370 4094 107 31 Library
2488 4093 28 26 m
2544 4096 62 25 New
2619 4095 120 26 Zealand.
2774 4095 23 24 A
2806 4095 108 25 number

2370 4136 29 25 of
2403 4144 57 18 new
2481 4135 78 27 books
2581 4135 51 27 will
2653 4135 99 33 shortly
2770 4135 31 26 be
2824 4134 90 27 added.

2371 4179 53 24 The
2436 4176 153 34 Committee
2612 4177 49 26 will
2673 4180 29 23 be
2713 4178 57 30 glad
2781 4180 28 23 to
2819 4178 95 25 receive

2371 4220 182 26 contributions
2577 4220 32 25 of;
2630 4219 107 26 suitable
2753 4218 95 31 .books'
2864 4219 52 26 and

2370 4262 144 33 periodicals
2537 4262 38 26 for
2586 4262 44 26 the
2640 4261 109 35 Library
2769 4262 53 26 and
2831 4262 83 28 Bead-

2370 4301 46 38 ing
2442 4313 80 19 room.

2563 4356 27 22 L.
2606 4355 127 31 REEVES,

2655 4393 70 27 Hon.
2736 4393 144 28 Librarian;

2423 4435 180 27 SUBSOBIPTION
2614 4436 39 34 2/-
2664 4444 52 18 PRR
2733 4436 132 33 QUABTEB.

1304 215 71 56 H.
1407 214 62 55 E.
1501 209 444 60 BOARDMAN
1985 207 53 57 &
2068 200 148 62 CO.,

1208 290 140 23 BAILIFFS
1362 289 65 20 AND
1442 284 185 24 COMMISSION
1644 283 128 21 AGENTS.
1818 282 102 21 HOTEL
1934 277 137 23 BROKERS
2085 275 65 20 AND
2163 271 149 21 VALUERS.

1306 335 59 29 222
1388 329 235 33 HEREFORD
1647 327 171 36 STREET,
1863 313 342 43 CHRISTCHURCH.

1495 396 376 21 »♦♦♦♦♦♦♦♦♦»♦♦♦♦♦♦♦♦♦♦♦♦♦♦♦*
1876 394 198 18 •>»•»»>••*•♦♦»

1252 436 42 25 We
1312 436 150 32 respectfully
1475 436 39 30 beg
1532 439 22 20 to
1567 435 73 22 thank
1649 442 44 15 our
1704 433 89 24 Clients
1800 431 50 23 and
1858 429 37 23 the
1907 428 89 25 Public
2005 425 124 34 generally
2133 424 45 30 for
2187 421 40 25 the
2242 421 99 29 support

1181 480 117 24 accorded
1308 487 37 20 us,
1357 479 50 24 and
1418 486 45 17 can
1475 485 81 17 assure
1569 485 42 16 our
1614 476 101 33 friends
1726 475 52 24 that
1786 481 45 16 our
1840 472 105 24 business
1955 469 51 25 still
2011 468 103 25 remains
2130 466 77 23 under
2225 462 37 25 the
2279 467 62 18 same

1182 527 162 28 management
1362 529 28 16 as
1399 521 107 28 hitherto,
1517 521 49 23 and
1575 519 50 25 that
1633 518 136 31 everything
1780 515 120 26 entrusted
1910 518 21 19 to
1940 521 28 16 us
1980 512 52 23 will
2040 511 25 24 be
2072 509 79 26 under
2162 507 37 24 the
2210 504 131 26 immediate

1182 565 146 31 supervision
1340 565 31 31 of
1378 572 43 16 our

1381 606 124 34 MR.
1537 604 67 34 H.
1629 603 55 33 E.
1710 594 429 41 BOARDMAN

1177 708 16 24 ■'■
1220 735 6 5 J
1284 730 42 7 "'•
1416 728 269 33 -T.OCAX.
2263 703 85 41 •■^

1300 775 403 48 BARLOV
1746 773 167 43 AND
1959 763 278 47 PRICE

1486 828 193 42 Coventry
1717 824 113 45 Cycle
1878 820 131 37 Worlds

1350 884 38 29 88
1411 880 200 33 COLOMBO
1636 877 175 35 STREET,
1855 867 346 37 CHRISTCHURCH.

1183 942 56 30 We
1255 943 117 29 having
1388 941 94 30 taken
1497 950 75 20 over
1585 938 53 29 the
1652 936 72 31 well
1737 935 116 30 known
1862 932 113 34 works,
1990 929 182 37 machinery
2181 924 63 31 and
2253 923 90 32 stock

1182 984 33 28 m
1228 983 90 29 trade
1332 982 79 30 wish
1425 984 33 27 to
1473 980 113 30 inform
1600 979 61 28 the.
1676 976 105 40 public
1795 975 71 29 that
1879 982 47 24 we
1941 981 53 19 are
2007 967 154 42 prepared
2173 969 34 26 to
2227 967 114 27 under-

1182 1023 72 31 take
1270 1022 103 31 orders
1388 1021 48 31 for
1449 1031 70 20 new
1532 1018 159 31 machines
1706 1016 62 29 and
1783 1016 129 29 execute
1929 1011 120 40 repairs
2071 1011 33 27 at
2126 1008 54 29 the
2205 1008 138 28 shortest

1315 1064 103 30 notice
1432 1063 48 29 for
1502 1061 41 30 all
1558 1059 99 34 kinds,
1666 1057 35 30 of
1710 1054 215 42 Engineering
1939 1052 63 31 and
2014 1049 94 42 Cycle
2119 1049 97 30 work.

1347 1115 126 23 SPECIAL
1487 1111 177 23 ATTENTION
1680 1110 95 22 GHVJSN
1790 1108 37 21 TO
1842 1105 141 23 COUNTRY
1999 1103 123 22 ORDERS.

1184 1156 120 39 Racing
1318 1153 160 35 Machines
1501 1151 63 31 and
1569 1180 2 3 .
1586 1150 104 39 Light-
1706 1146 168 32 Roadsters
1890 1155 19 20 a
1923 1143 156 41 specialty.
2122 1139 50 31 No
2186 1138 155 40 imported

1183 1197 156 30 machines
1353 1195 76 39 kept
1444 1194 32 29 m
1491 1192 99 31 stock,
1606 1191 44 30 all
1663 1190 88 31 work
1765 1189 80 29 done
1860 1196 40 20 on
1913 1185 55 30 the
1990 1183 157 40 premises.
2200 1181 31 28 A
2254 1181 87 37 large

1213 1238 90 31 stock
1317 1236 35 30 of
1361 1237 126 37 Lamps,
1499 1233 95 35 Bells,
1610 1231 62 31 and
1689 1230 128 33 Saddles
1831 1238 41 20 on
1884 1226 85 32 hand
1985 1228 32 27 at
2030 1232 114 23 reduce
2155 1223 131 38 dprices.

1315 1315 117 87 R.
1501 1313 132 86 H.
1691 1300 516 97 PARISH

1463 1445 195 63 EAST
1706 1440 328 63 OXFORD

1409 1532 78 30 has
1502 1525 191 36 received
1712 1534 25 23 a
1752 1523 294 40 consignment
2063 1520 44 31 of

1183 1583 301 57 Messrs
1543 1578 417 57 Jobnsons
2014 1569 68 57 &
2141 1569 202 56 Sons

1359 1653 267 64 GREAT
1687 1649 451 63 YARMOUTH

1249 1746 228 90 OIL
1558 1736 696 92 CLOTHING

1365 1873 338 52 ENORMOUS
1764 1870 391 46 REDUCTIONS

1183 1993 81 25 milE
1283 1990 116 31 question
1409 1989 22 24 is
1601 1985 67 30 Why
1680 1983 61 25 send
1755 1984 27 22 to
1794 1980 178 26 Christchurch
1992 1979 38 25 for
2048 1986 62 24 your
2127 1978 111 33 Drapery
2246 1980 12 23 ?
2293 1980 52 24 The

1190 2025 20 27 I
1248 2026 102 27 drapery
1362 2023 55 24 sold
1425 2022 26 24 m
1460 2021 57 25 that
1528 2019 51 31 city
1590 2025 73 23 every
1675 2024 46 17 one
1733 2016 94 28 knows,
1840 2014 22 24 is
1873 2015 46 24 not
1930 2013 72 24 made
2013 2013 78 27 there,
2110 2011 45 26 but
2166 2012 130 32 imported.
2332 2012 14 25 I

1184 2061 94 22 inmort
1289 2058 65 22 from
1365 2055 44 24 the
1420 2054 55 23 best
1486 2051 108 30 English
1605 2050 51 23 and
1673 2049 88 24 Scotch
1773 2047 100 25 houses.
1919 2046 72 24 lam
2003 2045 105 24 enabled
2118 2046 27 23 to
2156 2046 123 29 purchase
2297 2045 48 25 low

1184 2092 50 24 and
1244 2091 46 24 sell
1301 2091 26 22 at
1336 2096 16 16 a
1362 2089 54 23 rate
1428 2084 27 26 of
1464 2082 74 33 profit
1551 2082 54 32 (my
1616 2087 120 25 expences
1747 2079 73 31 being
1831 2076 152 32 small)that
1994 2076 83 25 would
2088 2076 31 25 be
2137 2077 146 24 considered
2303 2077 41 24 ab-

1184 2124 58 26 surd
1254 2123 32 27 by
1303 2129 47 21 any
1371 2115 180 28 Chvistchurch
1574 2113 200 25 establishment.
1826 2110 44 31 My
1893 2109 75 25 Stock
1987 2109 22 24 i
2014 2109 17 24 3
2028 2108 44 25 the
2091 2108 95 32 largest
2204 2109 51 24 and
2277 2110 68 24 most

1182 2157 96 26 tvaried
1288 2155 57 25 that
1355 2153 45 24 has
1412 2158 57 18 ever
1479 2150 63 24 been
1553 2147 88 26 shown
1651 2145 28 25 m
1690 2145 44 25 the
1745 2143 104 30 district,
1862 2141 51 26 and
1924 2141 38 25 for
1973 2141 92 32 quality
2086 2141 48 24 and
2154 2140 72 26 value
2243 2143 60 30 puts
2319 2141 28 25 m

1183 2192 32 23 he
1226 2189 78 25 shade
1322 2185 76 34 goods
1409 2182 92 26 offered
1513 2181 32 32 by
1557 2180 104 30 visiting
1672 2177 117 25 hawkere
1801 2178 63 22 from
1877 2175 43 25 the
1938 2174 183 26 Christchurch
2132 2182 46 24 rag
2190 2176 87 23 marts.

1216 2242 94 25 Dress
1322 2238 166 29 Materials,
1501 2235 89 24 Plain
1602 2234 60 23 and
1672 2232 104 29 Fancy
1788 2230 80 24 from
1881 2228 50 24 3d.
1943 2233 56 25 per
2007 2228 84 29 yard.

1216 2301 28 25 A
1261 2300 109 27 Strong
1387 2297 88 26 Stout
1491 2293 134 27 Durable
1642 2290 127 31 Kaiapoi
1786 2288 114 25 Tweed
1915 2287 52 32 2/6
1980 2292 54 24 per
2045 2286 76 30 yard

1816 2331 109 24 Makes
1936 2331 157 23 first-class
2109 2328 91 31 Boys'
2219 2327 91 26 Suits.

1217 2395 58 25 Art
1290 2392 141 28 Muslins,
1451 2387 157 30 Cretones,
1627 2384 80 26 Lace
1726 2383 138 26 Curtains
1883 2380 54 26 &c.

1217 2463 26 30 A
1260 2460 110 26 Choice
1388 2456 168 26 Collection
1574 2454 33 25 of
1622 2453 121 29 Gloves,
1770 2450 78 29 Ties,
1878 2448 130 31 Aprons,
2038 2446 166 25 Insertions
2222 2445 54 25 &c.

1217 2511 121 32 Striped
1355 2509 125 26 Galatea
1496 2506 54 32 4/6
1562 2511 55 25 per
1628 2505 108 29 dozen,
1765 2501 103 26 worth
1879 2501 50 25 9d.
1947 2505 55 25 per
2019 2499 85 30 yard.

1216 2575 103 25 Prints
1331 2573 80 25 from
1423 2571 52 24 4d.
1487 2575 56 26 per
1553 2568 86 31 yard.
1653 2566 139 29 Muslins,
1805 2564 139 30 Selesias,
1958 2561 126 31 Calicos,
2098 2560 56 25 &c.

1804 2607 88 26 With
1908 2606 88 24 other
2013 2604 193 25 Manchester
2223 2603 87 29 lines.

1217 2670 88 31 Hats,
1323 2668 104 30 Fancy
1444 2667 61 24 and
1521 2665 107 30 Sailor,
1647 2664 32 24 m
1694 2662 105 26 White
1816 2660 61 25 and
1894 2658 115 26 Colors.

1762 2704 126 25 Newest
1905 2702 123 31 Shapes.
2063 2700 97 29 Large
2176 2699 133 31 Variety,

1216 2767 149 28 Flowers,
1383 2763 155 28 Feathers,
1557 2759 148 30 Ribbons,
1724 2756 106 31 Laces,
1849 2754 75 31 Jets,
1944 2754 55 24 &c.

1689 2796 89 27 With
1793 2797 42 23 all
1851 2794 185 25 necessaries
2054 2792 47 25 for
2117 2791 191 29 Trimmings.

1216 2855 103 29 Fancy
1335 2853 140 28 Frillings
1494 2851 77 30 3yds
1583 2849 47 25 for
1639 2848 37 32 1/-
1693 2846 103 26 worth
1807 2845 50 31 9d,
1875 2849 55 26 per
1941 2844 84 30 yard,

1752 2888 184 30 Umbrellas,
1954 2886 152 30 Parasols,
2125 2883 183 29 Sunshades,

1360 2958 52 11 •■myr
1432 2957 40 11 ww
1621 2951 40 12 mm
1681 2950 40 12 mw
1744 2949 38 13 v
1794 2949 26 13 9
1804 2948 41 14 ***'
1872 2952 12 9 T
1888 2952 4 17 .'
1892 2952 10 9 T
1902 2952 7 4 ~

1331 2991 333 48 SFBCXAXj
1750 2985 424 44 FTTEkCHjkSE

1182 3069 111 34 BOYS
1325 3065 89 36 AND
1445 3061 173 33 YOUTHS
1658 3055 216 35 COLONIAL
1907 3053 155 32 TWEED
2088 3053 252 33 OYEfICOATS

1667 3119 78 33 with
1767 3117 97 42 Capes

1459 3188 94 30 From
1575 3185 67 31 17s.
1686 3181 51 31 6d.
1781 3183 102 27 worth
1926 3178 66 29 255.
2040 3176 49 29 6d.

1336 3253 196 35 Men's
1575 3247 227 34 Tweecl
1846 3244 348 34 Overcoats

1658 3300 95 31 From
1777 3298 64 31 15s.
2284 3309 30 26 .;■•:

1418 3392 674 56 Sl^nkets

1183 3480 133 41 English
1330 3480 129 40 Witney
1468 3478 149 31 Blankets
1632 3479 33 26 to
1680 3476 38 29 be
1733 3474 68 32 sold
1816 3477 32 27 at
1858 3474 59 30 less
1926 3474 78 29 than
2017 3471 182 31 Melbourne
2212 3470 130 32 Whole-

1184 3533 63 30 sale
1268 3533 127 40 price—
1395 3532 122 31 Double
1529 3529 70 31 Bed
1616 3526 68 33 Size
1706 3528 65 29 12s.
1797 3526 49 30 6d.
1896 3524 103 31 worth
2014 3524 66 30 16s.
2119 3523 127 40 6d..per
2260 3523 77 40 pair.

1352 3603 130 39 cheaper
1495 3599 78 31 than
1589 3593 225 36 Christchurch
1828 3595 113 31 houses
1955 3594 65 31 will
2035 3594 58 30 sell
2107 3594 94 31 them.

1183 3693 303 84 MISSES'
1546 3690 252 79 CAFES
1859 3688 58 78 &
1978 3683 361 83 JACKETS

1242 3799 455 59 llsHmstS^s
1716 3799 109 48 from
1846 3798 83 55 3/6
1954 3798 143 50 wsrt&
2115 3798 167 50 Unhh.

1188 3924 524 96 FEINTS!
1757 3921 579 97 PRINTS!!

1266 4066 139 47 bslow
1422 4060 154 51 landed
1595 4064 105 48 cost,
1720 4057 186 50 Edward
1926 4056 203 53 Btnnetts
2148 4059 117 49 st«ck

1188 4132 325 107 ROLLER
1577 4127 503 104 TOWELLING
2146 4130 157 86 4d.

1532 4275 143 51 worth
1693 4274 63 51 <tt
1779 4283 74 50 p*r
1870 4273 122 60 ysr4.

1210 4365 6 5 .
1330 4368 1 1 .
1552 4373 3 3 _
1594 4351 2 1 ■
1639 4347 5 23 ':
1657 4361 2 6 ■
1666 4356 77 18 ,%<mm
1755 4356 10 14 »
1830 4350 2 10 :
1858 4351 4 3 '
1952 4347 94 16 ■;■•*■
2086 4347 5 4 *
2145 4352 20 4 •■
2182 4355 1 1 ■
2241 4357 14 12 ■_
2294 4350 54 23 .■.._■

1232 4403 74 33 R.
1332 4401 79 33 K.
1448 4395 314 42 PARISH,
1820 4394 156 34 Cast
2022 4393 260 41 Oxfbvd.

619 556 266 48 GEORGE
918 553 235 47 KEATS.

643 634 159 26 BUILDER
810 632 70 26 AND
892 630 239 27 UNDERTAKER

721 687 104 31 EAST
866 685 181 32 OXFORD.
1145 714 4 5 .

651 777 121 24 Funerals
780 773 151 28 Conducted,
944 773 88 24 Adults
1039 772 67 25 from
1116 771 37 25 £3

618 820 115 25 Children
750 817 66 26 from
835 817 68 31 22/6.

637 1011 222 24 OXPOBD
882 1006 259 25 'BAKBBy

719 1056 214 30 Established
958 1053 88 29 1862.

665 1121 125 28 FLOUR,
801 1120 57 25 best
867 1118 81 26 brand
959 1117 60 32 only
1030 1117 68 31 kept.

618 1164 143 28 SHARPS,
797 1159 205 30 OATMEAL,
1038 1158 122 30 BRAN,

707 1204 292 28 CHICKENWHEAT,
1017 1204 42 24 &c.

642 1251 42 20 AT
711 1248 122 23 LOWEST
862 1246 141 22 CURRENT
1030 1245 105 24 RATES,

706 1361 53 42 F.
792 1359 50 42 B.
865 1356 189 54 LANE.

722 1432 90 42 (Late
827 1431 39 30 E.
886 1429 160 40 Butcher.)

618 1493 250 33 Watchmaker,
898 1490 184 34 Jeweller,
1098 1487 52 31 &c.

616 1543 125 31 Importer
774 1542 27 23 of
841 1539 107 26 Musical
983 1538 170 25 Instruments

716 1579 111 26 Victoria
849 1578 37 25 St.
917 1576 134 31 Rangiora.
1075 1579 5 6 '

619 1667 99 32 Special
729 1667 71 25 value
822 1666 28 23 m
873 1665 80 23 Extra
976 1664 87 29 strong
1075 1660 79 26 Cased

617 1711 87 31 highly
713 1709 109 25 finished
835 1707 110 32 English
962 1706 80 26 Lever
1051 1704 102 26 Watch-

618 1763 34 16 es.
699 1751 191 28 Manufactured
907 1751 26 25 to
955 1758 44 22 my
1027 1748 72 25 order
1120 1746 34 33 by

618 1794 55 24 best
685 1793 104 24 London
808 1791 107 24 makers.
950 1787 158 32 Unequalled
1116 1786 38 24 for

618 1836 123 25 excellent
754 1833 178 31 Timekeeping
948 1831 50 25 and
1009 1829 143 32 durability.

651 1880 29 24 F.
699 1879 31 25 B.
743 1877 96 25 LANE
851 1874 141 34 personally
1013 1874 72 25 visits
1106 1873 48 25 Ox-

619 1923 54 24 ford
693 1921 125 32 monthly,
842 1920 115 31 carrying
977 1926 15 16 a
1014 1918 68 31 large
1105 1916 50 24 and

618 1965 85 25 choice
738 1963 70 26 stock
836 1963 27 24 of
894 1961 128 28 Watches,
1051 1960 102 27 Chains,

618 2007 135 28 Brooches,
763 2006 88 31 Rings,
863 2004 85 29 Studs,
966 2003 128 25 Pendants
1107 2003 47 28 etc,

620 2050 142 30 Spectacles
784 2047 123 32 (Pebbles,
924 2047 170 28 Pantoscopic
1105 2045 51 22 and

619 2092 108 32 Crystal)
741 2090 96 28 Clocks,
858 2088 107 33 (Marble
985 2088 50 23 and
1054 2087 100 31 Wood,)

718 2132 157 31 Accprdeons
887 2131 50 25 and
948 2130 107 25 Violins.

651 2178 81 24 Exact
745 2177 57 24 date
814 2175 27 25 of
851 2175 62 25 each
925 2174 59 26 visit
1006 2174 22 24 is
1040 2172 106 26 notified

767 2219 28 24 m

618 2263 149 24 Repairs.—
770 2261 41 25 All
822 2261 94 31 repairs
934 2267 42 16 are
993 2257 119 26 executed
1122 2257 32 31 by

618 2306 92 31 myself
731 2313 27 17 or
775 2304 79 24 under
871 2311 43 23 my
934 2301 221 32 superintendence

619 2357 27 17 so
669 2349 56 25 that
744 2348 103 31 patrons
859 2353 46 18 can
927 2346 53 30 rely
1003 2351 33 17 on
1058 2343 98 32 getting

619 2391 156 26 satisfaction
784 2392 26 23 at
822 2389 43 25 the
876 2396 59 25 very
946 2388 87 24 lowest
1042 2386 111 31 charges.

652 2435 105 31 Repairs
769 2442 27 16 or
805 2433 84 25 orders
898 2439 57 24 may
967 2431 30 24 be
1005 2430 45 25 left
1062 2431 26 23 at
1089 2444 30 3 —
1119 2443 3 4 ■

618 2483 26 24 J.
663 2482 134 29 Weeber's,
833 2480 65 25 East
921 2478 100 26 Oxford,

618 2528 26 23 at
667 2525 41 26 W.
732 2525 36 25 M.
793 2524 37 28 C,
854 2523 65 26 East
943 2522 101 25 Oxford.

618 2569 24 25 J.
660 2569 100 28 Brown,
773 2566 160 30 Bootmaker,
958 2565 70 24 West
1052 2563 101 25 Oxford.

618 2612 40 25 W.
671 2612 25 24 J.
710 2610 118 26 Crothers
838 2610 18 23 &
869 2610 45 24 Co.
923 2627 5 6 .
951 2608 69 25 Oust.

651 2655 50 24 and
717 2654 53 26 will
776 2653 30 25 be
818 2651 126 33 promptly
956 2650 119 26 attended
1085 2651 35 23 to.

619 2699 55 30 All
685 2697 99 32 Work
797 2697 76 29 done
885 2706 40 19 on
939 2696 54 28 the
1005 2694 150 29 Premises

741 2748 70 29 and.
818 2745 200 41 guaranteed.

620 2911 252 42 MRW.N,
897 2907 256 46 CATHRO,

659 2982 181 23 BARRISTER
856 2980 67 23 AND
939 2978 174 24 SOLICITOR.

769 3022 232 32 KANGIORA.

616 3077 132 30 Attends
764 3075 123 30 Oxford
901 3084 40 19 on
952 3073 97 31 Court
1057 3072 96 40 Days.

614 3150 169 26 Instructions
791 3148 34 34 by
835 3149 57 31 post
903 3146 52 27 will
966 3146 93 26 receive
1070 3153 83 24 prom-

780 3189 28 32 pt
837 3186 132 28 attention.
972 3186 17 4 "'

736 3238 109 21 MONEY
872 3237 38 20 TO
938 3233 89 23 LEND.

664 3361 45 53 S.
743 3360 50 44 B.
817 3355 307 54 SEYMOUR,

815 3424 140 27 DENTIST,

656 3470 42 21 215
712 3468 106 23 Colombo
833 3466 82 25 Street,
939 3463 168 24 Christchurch.

786 3539 179 23 CHARGES:—

684 3583 94 25 Filling,
793 3581 39 24 se;
867 3579 134 21 Extraction
1010 3579 25 19 2s
1050 3578 37 20 6d.

642 3647 95 20 Nitrous
748 3645 59 21 Oxid
817 3644 46 21 Gas
872 3642 172 22 Administered
1048 3642 38 21 for
1092 3640 63 21 Pain

616 3689 45 20 less
671 3686 134 22 Extraction
814 3685 25 21 of
847 3684 81 22 Teeth.
962 3684 47 21 Fee
1017 3684 37 20 for
1063 3682 94 21 Admin-

616 3726 110 20 istration
737 3724 31 20 ss.

673 3872 108 26 CHILD
793 3870 110 26 BIRTH
916 3868 96 30 SAFE,
1025 3867 74 25 AND

723 3913 138 28 ALMOST
870 3910 174 28 PAINLESS

618 3958 91 67 BY
755 3957 75 31 using
865 3955 48 25 DR
958 3952 198 27 FAWCETT'S

719 3990 133 25 Medicine.

650 4033 71 26 MRS
744 4030 167 27 BURRELL
932 4030 61 31 begs
1015 4029 27 25 to
1064 4026 91 27 inform

617 4072 43 25 the
671 4070 93 26 Ladies
774 4070 58 25 that
840 4069 45 25 she
894 4068 47 25 has
949 4067 64 26 been
1022 4064 131 34 appointed

616 4109 58 25 Sole
694 4108 74 31 agent
790 4107 28 24 m
841 4105 178 26 Christchurch
1047 4105 38 26 for
1111 4105 44 23 the

617 4146 77 25 above
704 4145 126 24 Medicine
842 4145 26 23 to
883 4142 117 25 facilitate
1014 4138 141 28 Accouche-

616 4186 88 23 raents.
738 4183 92 24 Ladies
840 4189 48 18 can
910 4181 31 25 be
961 4179 115 34 supplied
1094 4178 61 26 with

616 4224 42 23 the
680 4223 77 24 above
778 4220 33 31 by
835 4218 107 32 sending
964 4225 28 17 or
1014 4216 93 31 calling
1128 4216 27 24 at

616 4263 41 25 Mr
678 4260 124 27 Burrell's
823 4257 184 33 Photographic
1028 4253 71 36 place
1129 4254 28 27 of

614 4302 124 26 business,
751 4298 107 27 Gould's
879 4297 142 32 Buildings,
1042 4294 113 28 Victoria

616 4341 90 28 Street,
719 4336 184 30 Christchiireb>
920 4335 85 26 where
1023 4334 36 25 all
1067 4333 88 27 .infor-

614 4380 97 26 mation
739 4385 47 18 can
813 4376 32 26 be
872 4373 118 29 obtained
1018 4373 57 30 free,
1104 4371 52 27 and

614 4416 118 33 perfectly
775 4414 158 30 satisfactory
963 4411 51 26 and
1047 4410 108 33 genuine

614 4453 169 29 testimonials
793 4458 49 19 can
852 4450 31 27 be
893 4456 69 20 seen.

193 3101 42 45 JN
221 3102 24 28 T
247 3101 198 47 OTICE.

45 3200 99 46 Job
163 3200 234 60 Printing
409 3205 10 43 !

219 3272 102 44 Job
343 3273 243 58 Printing

90 3335 173 30 OXFOED
320 3337 224 31 OBSEEVEE

130 3386 160 39 Machine
320 3387 167 51 Printing
487 3400 4 12 1
495 3413 5 6 -

227 3438 168 41 WORKS

114 3497 89 26 MAIN
215 3499 143 31 STREET,
370 3502 148 26 OXFORD.

114 3575 129 48 T^TNE

118 3653 35 30 In
167 3654 73 39 Any
254 3653 127 41 Variety
396 3666 35 19 or
448 3654 96 39 Style*

54 3704 303 38 MEMORAL
384 3702 204 41 CARDS

78 3757 11 39 (
97 3756 31 31 m
145 3767 69 21 new
228 3757 61 30 and
304 3757 105 31 chaste
424 3757 138 41 designs)

231 3802 43 40 5/-
285 3814 56 29 per
366 3804 67 30 doz.

132 3869 176 32 Statement
325 3871 116 35 Heads,

130 3910 71 32 Ball
216 3911 224 40 Programmes.

132 3952 134 36 Posters,
282 3953 178 36 Handbills,

130 3992 169 37 Billheads,
323 3994 140 39 Cheques

132 4034 107 32 Letter
254 4035 59 30 and
324 4035 79 31 Note
417 4035 107 31 Heads

133 4074 167 35 Circulars,
322 4075 120 34 Menus,

132 4114 194 41 Catalogues,
343 4116 54 29 &c.
410 4114 74 39 ,&c,
509 4114 56 31 &c.

48 4172 89 39 New
151 4172 122 49 Styles
287 4172 39 38 m
341 4172 163 54 Visiting
517 4172 70 39 and

165 4236 167 39 Business
348 4235 116 40 Cards.

46 4340 39 30 E.
108 4339 43 31 H.
172 4338 121 36 Parish,
351 4337 190 41 Proprietor.

129 4391 67 32 The
215 4390 181 32 NEWEST
423 4390 161 31 STYLES

46 4445 34 31 m
95 4442 206 34 TYPESand
312 4440 271 35 ORNAMENTS
