2529 4010
675 127 23 21 in
708 126 47 23 fact
762 127 58 22 have
835 127 56 21 been
902 133 13 14 a
924 126 67 22 farce.
1020 127 48 22 The
1078 136 43 14 one
1135 128 54 22 used
1200 137 13 13 a
1222 130 36 26 big

676 154 59 21 word
744 153 22 22 in
777 154 125 26 ignorance,
919 153 43 21 and
975 153 34 22 the
1020 154 64 22 other
1092 156 135 21 succumbed
1237 159 20 18 to

676 179 36 21 the
722 179 38 27 big
768 180 59 21 word
836 180 22 21 in
874 180 127 25 ignorance.
1030 180 43 27 Big
1086 181 70 22 words
1166 181 92 22 without

676 207 112 25 meaning,
808 206 17 21 it
842 206 19 21 is
875 205 49 22 well
943 205 85 28 known,
1051 207 56 22 have
1122 208 60 21 often
1202 208 53 21 been

676 232 69 21 found
759 236 23 17 to
792 231 95 27 frighten
898 231 57 22 folks
964 233 46 20 into
1024 232 45 24 the.
1075 234 152 26 preformance
1237 235 24 21 of

676 261 45 18 acts
731 258 56 21 from
795 258 72 22 which
875 257 54 28 they
938 258 79 22 should
1027 260 94 21 abstain.

701 285 72 21 There
785 292 43 15 was
844 292 28 13 no
883 288 95 24 attempt
992 288 23 18 to
1032 285 59 27 deny
1101 286 49 21 that
1159 286 38 23 the
1213 287 45 22 writ

677 318 42 14 was
729 315 39 17 not
778 318 13 14 a
801 318 55 20 copy
865 311 26 21 of
898 311 37 21 the
941 311 120 27 judgment
1070 319 25 14 as
1104 312 18 21 it
1130 312 128 28 stoQdupon

675 337 84 22 record.
789 337 43 22 His
841 337 71 21 honor
919 337 36 21 the
964 338 71 27 Judge
1043 337 38 22 did
1086 345 60 15 seem
1153 339 105 28 certainly

676 366 20 18 to
708 363 109 27 intimate,
835 363 47 22 that
896 364 37 21 the
950 365 76 20 record
1035 371 45 14 was
1095 368 39 18 not
1148 373 14 14 a
1171 366 87 22 faithful

675 397 55 20 copy
740 391 26 20 of
779 390 37 21 the
828 390 119 27 judgment
955 391 67 26 given
1038 390 22 22 in
1070 392 75 21 Court.
1173 392 39 21 He
1222 392 36 22 did

676 420 39 18 not
730 416 105 27 sanction,
855 417 45 21 and
917 417 26 21 of
960 424 75 14 course
1055 418 72 21 would
1145 422 40 17 not
1202 418 56 23 have

675 443 129 21 sanctioned
811 450 44 20 any
860 443 116 22 alteration
984 443 25 21 of
1011 443 37 21 the
1053 444 84 27 record,
1145 445 113 22 otherwise

677 470 52 20 than
741 469 21 22 in
774 476 56 20 open
841 470 72 25 Court,
925 469 46 21 and
982 469 77 21 before
1070 470 36 22 the
1115 471 82 26 parties
1208 479 50 14 con-

675 495 86 22 cerned.
795 495 53 22 This
863 495 125 22 intimation
1005 497 110 26 surprised
1124 504 72 21 many,
1215 499 43 21 and

675 521 119 28 especially
803 529 59 14 some
873 522 48 22 who
933 521 69 23 heard
1012 522 37 22 the
1056 523 119 27 judgment
1185 524 71 28 given,

675 548 42 22 aud
728 548 36 22 the
774 548 98 22 remarks
883 548 64 22 make
956 549 30 26 by
995 549 37 21 the
1048 549 67 27 Judge
1127 553 22 19 at
1159 550 36 22 the
1208 551 49 22 time

675 575 25 21 of
706 575 78 27 giving
794 574 36 22 the
837 575 124 26 judgment.
989 575 43 21 His
1049 575 95 23 Honor's
1159 584 99 21 memory

675 601 108 27 certainly
802 601 80 27 proved
898 601 141 22 treacherous
1052 605 22 19 to
1088 602 54 22 him.
1171 604 53 22 This
1239 605 17 21 is

674 634 27 14 an
712 628 111 27 infirmity,
841 627 107 26 however,
965 635 101 15 common
1082 632 21 18 to
1113 637 25 15 us
1152 629 30 23 all
1193 638 23 14 as
1228 638 28 14 we

675 654 98 22 advance
783 655 22 20 in
818 661 70 20 years,
905 654 83 27 though
997 655 63 21 there
1075 663 37 14 are
1127 657 129 21 abundance

675 681 24 21 of
705 688 61 14 cases
776 681 21 21 in
809 681 71 21 which
895 688 90 19 persons
999 681 57 21 from
1067 681 118 23 childhood
1199 683 56 22 have

675 707 55 22 been
743 707 96 22 afflicted
849 707 52 21 with
910 708 23 25 it,
945 707 53 22 both
1008 712 22 17 to
1041 706 55 24 their
1107 716 48 15 own
1166 710 45 21 and
1220 710 36 22 the

674 734 174 21 inconvenience
859 734 26 21 of
895 734 81 21 others.

701 761 23 21 It
740 761 81 26 having
837 760 56 22 been
910 761 65 21 made
984 761 91 22 evident
1084 769 22 15 in
1118 763 74 26 Court,
1209 763 47 21 that

677 787 37 21 the
734 787 49 21 writ
797 794 42 14 was
857 787 144 21 inconsistent
1019 787 52 22 with
1088 789 38 21 the
1143 790 86 26 record,
1246 790 9 21 I

674 813 80 22 looked
764 814 34 21 for
806 821 14 14 a
825 813 83 22 verdict
918 814 23 20 in
952 820 36 20 my
994 813 79 23 favour
1079 823 5 18 ;
1095 815 41 22 but
1142 815 17 21 it
1168 816 87 27 pleased

675 840 32 21 his
719 840 78 22 Honor
808 844 21 17 to
839 843 48 24 stay
898 840 37 21 the
941 841 116 21 execution
1066 842 58 21 until
1134 841 36 23 the
1178 843 78 21 arrival

675 867 25 21 of
712 867 68 21 Chief
795 867 84 21 Justice
900 867 89 26 Martin,
1009 867 34 21 for
1061 869 58 20 what
1136 876 93 20 purpose
1246 869 9 21 I

675 893 65 22 could
748 897 37 17 not
792 893 139 27 understand,
943 900 24 14 as
975 894 35 21 the
1018 893 125 23 Ordinance
1150 895 28 27 by
1188 895 68 23 which

676 920 35 21 the
727 921 86 26 County
828 920 67 22 Court
908 920 19 21 is
944 920 138 28 constituted,
1099 921 98 23 declares
1210 922 47 22 that

674 947 27 21 its
708 947 129 27 judgments
846 946 55 22 shall
909 947 28 21 be
947 947 126 22 immediate
1083 948 45 22 and
1136 949 61 21 final.

700 974 38 20 All
750 980 51 20 may
811 976 38 18 not
859 974 133 20 understand
1004 975 37 20 the
1049 975 103 26 meaning
1163 975 25 21 of
1194 981 59 21 stay-

675 1000 38 26 ing
723 1000 36 21 the
771 1001 115 20 execution
897 1000 24 21 of
929 1007 14 14 a
954 1000 52 26 writ,
1015 1001 45 21 and
1071 1001 108 22 therefore
1191 1002 11 21 I
1214 1001 41 23 will

675 1029 56 19 state
742 1027 23 25 it,
778 1034 23 14 as
811 1027 11 21 I
834 1027 69 21 desire
914 1031 21 17 to
945 1027 59 21 show
1015 1027 36 22 the
1066 1029 82 26 painful
1162 1028 92 28 position

675 1053 21 21 in
707 1053 72 21 which
788 1053 80 27 parties
878 1060 51 20 may
940 1054 26 20 be
980 1054 76 26 placed
1068 1056 28 25 by
1106 1055 53 21 such
1170 1062 13 14 a
1195 1055 61 26 judg-

675 1083 70 18 ment.
780 1080 21 21 It
814 1087 77 14 means
902 1080 47 26 just
966 1080 47 21 that
1028 1088 14 14 a
1055 1081 72 21 man's
1145 1081 69 22 house
1232 1089 23 13 or

674 1108 102 25 property
785 1106 56 21 shall
851 1107 103 20 continue
963 1107 22 20 in
997 1106 37 21 the
1049 1108 122 26 possession
1181 1109 28 20 of
1220 1108 35 21 the

677 1132 85 26 Sheriff^
780 1132 73 21 unless
869 1132 29 21 he
912 1133 20 21 is
950 1132 47 22 rich
1013 1134 89 26 enough
1117 1138 21 17 to
1157 1142 45 19 pay
1220 1135 35 21 the

675 1163 92 16 amount
776 1159 23 20 in
810 1158 86 26 dispute
905 1158 47 21 into
963 1159 36 21 the
1008 1159 73 23 hands
1087 1160 25 21 of
1119 1160 46 22 that
1175 1161 78 26 officer,

675 1192 23 13 or
712 1186 48 20 into
777 1184 36 22 the
832 1186 73 21 Court.
935 1185 25 21 If
978 1186 35 21 the
1028 1190 92 18 amount
1133 1187 22 21 in
1172 1187 83 28 dispute

676 1218 42 14 was
727 1211 60 25 large
797 1211 18 21 it
825 1212 70 25 might
905 1212 65 26 bring
980 1212 63 21 down
1049 1214 79 26 misery
1135 1221 54 14 even
1199 1221 56 20 upon

675 1244 12 14 a
697 1238 95 26 wealthy
801 1238 83 26 family,
896 1238 33 21 for
940 1238 51 26 they
1002 1239 71 25 might
1086 1245 40 16 not
1135 1240 26 22 be
1173 1241 49 21 able
1234 1244 19 18 to

675 1263 45 22 find
729 1264 37 21 the
777 1271 47 14 sum
835 1265 91 20 without
935 1264 78 27 selling
1023 1265 37 21 the
1069 1271 102 23 property
1182 1268 22 20 in
1215 1268 41 20 dis-

676 1294 57 22 pute,
750 1297 42 16 nor
811 1291 94 27 security
924 1291 33 21 for
976 1292 36 20 the
1032 1297 98 17 amount.
1168 1294 87 27 Failing

677 1316 85 28 finding
773 1318 94 26 security
879 1325 24 13 or
912 1318 38 21 the
959 1325 86 20 money,
1058 1319 36 21 the
1109 1320 67 21 house
1187 1321 70 21 would

675 1344 68 26 really
752 1346 25 19 be
788 1344 114 27 vigilantly
912 1344 99 22 watched
1022 1352 52 15 over
1082 1346 26 26 by
1116 1347 35 21 the
1157 1347 80 22 Sheriff
1248 1355 8 13 s

675 1370 90 26 officers,
778 1370 48 22 who
838 1370 72 22 would
925 1371 70 21 reside
1012 1372 69 21 there.
1111 1373 92 28 Staying
1220 1374 35 21 the

675 1397 114 22 execution
801 1397 26 21 of
835 1405 14 14 a
858 1398 54 26 writ,
926 1398 71 21 would
1011 1398 102 23 however
1128 1400 27 21 be
1171 1408 50 14 sure
1231 1404 21 17 to

675 1424 26 21 bs
721 1424 106 21 attended
842 1424 51 21 with
910 1424 105 27 hardship
1035 1429 22 17 to
1073 1426 35 21 the
1128 1434 52 20 poor
1199 1434 56 14 man.

677 1450 33 21 He
721 1450 66 22 could
797 1451 114 21 notaiford
922 1455 23 17 to
954 1459 42 19 pay
1007 1451 98 22 Sheriffs
1115 1453 92 27 officers,
1215 1454 42 21 and

676 1477 36 21 the
723 1480 150 24 consequence
891 1478 71 26 might
977 1478 26 21 be
1021 1478 47 23 that
1083 1478 38 23 the
1136 1480 42 21 bed
1188 1480 70 27 might

675 1503 27 22 be
719 1504 66 21 taken
801 1504 54 21 from
871 1511 15 14 a
900 1505 47 20 sick
960 1512 87 20 person,
1058 1506 71 21 whose
1140 1506 38 22 life
1189 1507 69 27 might

675 1530 23 21 in
715 1538 152 20 consequence
881 1531 94 22 become
989 1539 13 14 a
1018 1532 106 22 sacrifice.
1153 1533 59 22 Such
1228 1541 27 14 an

674 1561 66 18 event
750 1565 50 19 may
810 1561 39 18 not
859 1558 93 27 happen,
964 1558 39 21 but
1018 1558 38 22 the
1072 1566 76 15 course
1158 1562 96 27 pursued

675 1584 19 21 in
707 1591 37 19 my
755 1591 49 14 case
814 1584 70 21 shows
895 1589 20 16 to
928 1586 58 20 what
1001 1586 43 21 evil
1060 1586 54 21 such
1131 1594 13 13 a
1155 1586 98 23 decision

675 1610 70 27 might
754 1610 50 22 lead
810 1619 5 18 ;
830 1610 64 23 while
909 1611 38 22 the
962 1612 67 21 result
1046 1612 70 27 might
1130 1612 60 23 show
1209 1614 46 21 that

677 1636 36 22 the
726 1638 54 26 writ,
791 1645 23 14 as
823 1637 23 22 in
856 1645 39 19 my
905 1645 56 19 case,
971 1645 44 14 was
1025 1638 83 28 illegal.

701 1664 11 21 I
723 1664 86 21 believe
826 1664 10 21 I
852 1664 56 22 have
922 1672 30 14 no
968 1665 91 26 remedy
1069 1666 56 21 until
1140 1666 37 22 the
1195 1666 65 22 Chief

675 1690 86 22 Justice
771 1691 90 22 arrives.
891 1691 64 21 After
965 1691 46 22 that
1023 1692 83 26 period,
1119 1693 10 21 I
1140 1693 57 22 shall
1208 1700 48 20 pos-

674 1718 56 26 sibly
742 1718 27 21 be
779 1718 22 21 in
813 1725 12 14 a
842 1718 94 26 position
949 1721 22 18 to
979 1725 79 20 pursue
1069 1718 37 22 the
1115 1720 82 26 parties
1208 1719 47 22 who

675 1744 42 21 will
728 1744 57 22 have
795 1744 80 21 caused
885 1751 37 20 my
938 1749 110 23 property,
1065 1745 29 27 by
1109 1748 36 19 the
1161 1746 59 22 issue
1237 1746 23 21 of

675 1777 26 15 an
712 1771 75 26 illegal
796 1771 53 25 writ,
861 1776 23 16 to
895 1771 56 21 have
967 1772 119 21 continued
1103 1772 22 22 in
1141 1773 37 22 the
1189 1773 69 22 hands

674 1798 26 21 of
710 1797 38 22 the
759 1798 85 26 Sheriff,
856 1798 98 21 between
964 1801 43 18 two
1018 1798 44 21 and
1075 1798 61 23 three
1147 1800 97 21 months.

888 1829 12 22 I
910 1836 44 19 am,
965 1829 41 27 Sir,

916 1856 63 23 Your
985 1856 104 22 obedient
1098 1861 96 24 servant,

1076 1890 35 23 W.
1127 1892 33 21 M.
1176 1892 80 22 Smith.

730 1951 195 24 ENGLISH
955 1951 244 24 EXTRACTS.

65 128 48 24 Mr.
136 128 76 28 Petre,
232 127 62 30 (who
312 128 42 23 has
374 129 106 23 returned
501 130 25 23 in
543 128 53 33 her)
607 129 36 23 she

64 160 41 24 has
121 168 15 15 a
152 159 43 23 feY
213 161 124 30 emigrants
356 161 34 23 for
409 161 94 30 Nelson,
520 163 37 23 for
575 161 68 24 which

65 192 64 32 place
151 192 41 23 she
211 193 44 23 will
276 194 97 30 proceed
390 201 25 16 as
435 202 56 16 soou
509 203 25 15 as
550 194 40 24 she
605 195 38 22 has

65 224 133 31 discharged
206 225 49 24 that
270 231 52 26 part
334 227 25 22 of
373 227 38 23 the
423 234 67 24 cargo
501 227 101 24 destined
612 227 31 23 for

65 257 46 24 this
122 256 72 32 place.

101 311 41 19 We
153 311 56 19 have
222 312 22 18 to
254 316 117 16 announce
383 311 39 21 the
433 311 121 30 departure
570 311 26 21 of
609 311 34 21 his

65 339 149 32 Excellency,
232 340 61 32 lady,
316 341 46 24 and
380 343 53 28 suit,
453 342 34 24 for
503 342 101 28 Akaroa,
618 349 25 16 on

65 372 101 31 Monday
176 373 51 28 Jast,
239 373 58 24 from
310 374 90 24 whence
409 375 27 24 he
446 384 50 21 may
504 375 27 23 be
539 375 104 31 expected

45 420 1 5 .
63 405 60 24 back
134 406 24 23 in
170 405 37 23 the
220 413 80 17 course
312 408 26 22 of
352 415 14 16 a
377 408 70 29 week,
460 416 26 15 or
498 413 38 18 ten
548 407 54 31 days
624 413 19 18 at

63 438 102 28 farthest,
189 438 65 24 when
277 447 33 16 we
333 440 87 24 believe
442 440 49 24 that
518 439 125 31 something

65 471 96 22 decisive
173 471 46 23 will
228 474 111 30 transpire
358 481 29 16 on
407 473 38 24 the
463 473 89 31 subject
569 472 26 24 of
609 472 34 24 the

64 503 67 24 Land
144 504 84 24 Claims
240 507 112 25 question.

65 564 29 20 To
104 563 35 21 the
147 563 78 21 Editor
233 565 28 24 of
274 566 35 20 the
346 566 52 20 New
408 566 93 20 Zealand
512 565 86 21 Gazette
606 565 39 20 land

220 593 126 24 Wellington

91 624 48 26 Sib,
173 624 10 21 I
196 624 90 22 observe
303 633 13 13 a
331 626 73 22 notice
418 626 24 22 in
460 626 38 21 the
518 626 91 20 Colonist
624 626 21 20 of

64 649 88 29 Friday,
169 652 124 26 respecting
306 652 39 21 the
359 652 150 22 introduction
524 653 26 21 of
567 660 14 13 a
596 660 49 19 sup-

62 676 69 28 posed
142 684 46 15 new
197 677 52 21 seed
260 682 22 17 to
293 678 43 21 this
345 679 89 27 Colony,
446 678 71 22 called
527 679 91 21 Alfalfa.

91 702 47 22 The
148 707 94 18 account
251 704 65 27 given
329 706 25 20 of
364 705 18 21 it
394 706 26 24 is,
430 706 23 20 in
468 709 58 17 most
540 709 104 24 respects,

64 733 91 23 correct,
166 730 39 21 but
218 730 37 21 the
272 735 120 18 statement
406 732 47 21 that
465 732 19 21 it
500 732 73 21 differs
590 733 55 21 from

63 754 122 23 theclover
195 763 31 15 we
237 758 42 21 call
291 758 76 21 lucern
378 758 50 26 will,
442 758 10 21 I
466 759 135 27 apprehend,
618 760 27 21 be

65 789 114 15 eroneous.
221 783 86 22 Alfalfa
332 785 18 20 is
369 784 37 22 the
425 785 93 27 Spanish
537 789 58 17 term
614 786 31 22 for

63 808 81 27 lucern,
161 808 12 23 I
188 810 117 26 entertain,
322 810 116 27 therefore,
456 811 56 22 little
522 812 68 22 doubt
599 812 46 22 that

63 834 37 22 the
117 835 59 27 seed,
203 836 70 22 which
293 837 40 22 has
352 838 56 21 been
435 838 96 27 brought
555 839 30 27 by
607 839 38 21 the

62 862 125 26 Brougham,
197 862 20 22 is
226 870 28 14 no
265 864 63 21 other
336 864 54 22 than
401 864 37 22 the
449 865 73 22 clover
531 872 24 15 so
566 866 79 21 named

62 888 31 28 by
103 897 33 18 us,
150 890 45 21 and
211 890 71 22 which
298 898 32 14 we
345 891 89 28 already
451 892 57 21 have
522 892 24 21 in
560 892 85 22 limited

63 915 136 23 cultivation.

91 942 10 22 I
115 942 57 22 have
181 950 75 20 grown
267 951 13 14 a
288 944 63 22 small
356 945 66 27 patch
430 946 24 21 of
465 946 18 21 it
492 948 22 19 at
520 946 125 27 Wanganui

61 968 35 21 for
119 969 37 22 the
159 979 2 5 1
176 970 42 21 lust
237 974 41 17 two
296 979 71 19 yenrs,
388 972 42 21 nnd
449 973 100 26 previous
567 977 24 17 to
609 980 36 20 my

61 994 91 27 leaving
161 995 48 22 that
218 996 69 26 place,
300 1005 27 12 an
337 998 109 28 Saturday
455 998 48 27 last,
522 999 11 21 I
550 999 45 21 had
610 1003 35 18 cut

63 1020 51 22 four
134 1029 62 19 crops
214 1022 23 21 in
260 1022 39 21 the
316 1023 107 25 interral,'
439 1025 57 22 from
515 1026 38 21 the
572 1027 33 20 Ist
625 1027 20 20 of

65 1048 102 26 Octaber,
179 1048 42 21 and
231 1048 41 21 left
280 1048 19 21 it
308 1048 52 22 then
372 1051 60 25 quite
446 1051 22 22 in
486 1059 12 14 a
513 1052 132 28 sufficiently

64 1074 114 22 advanced
188 1078 56 17 state
258 1075 35 21 for
308 1075 38 22 the
362 1076 50 21 fifth
429 1078 111 26 cropping.
580 1078 65 22 From

63 1101 43 21 this
126 1101 130 27 experience
272 1102 10 21 I
300 1102 80 21 should
394 1107 93 18 venture
507 1107 22 18 to
544 1111 38 20 say
600 1104 45 22 that

63 1128 61 26 eight
134 1134 68 20 crops,
215 1132 22 17 at
254 1128 63 27 least,
336 1136 51 20 may
402 1130 26 21 be
446 1130 109 26 expected
569 1132 25 19 in
609 1131 36 21 the

63 1157 75 18 couVse
157 1154 25 21 of
204 1161 65 20 every
286 1163 97 14 summer
397 1156 64 27 here;
484 1157 39 21 but
537 1157 18 20 it
573 1158 72 22 would

63 1181 50 27 only
124 1181 50 20 lead
184 1184 22 18 to
217 1181 186 28 disappointment
413 1186 20 18 to
444 1191 53 14 aver
505 1183 49 21 that
563 1183 24 22 in
603 1184 42 21 this

61 1207 89 22 climate
160 1208 28 21 its
195 1208 84 25 growth
288 1209 44 21 will
343 1210 80 21 extend
439 1213 21 18 to
476 1210 61 21 three
559 1217 26 14 or
597 1211 48 20 four

61 1234 54 21 feet.
152 1234 33 21 At
196 1234 125 28 Wanganui
333 1236 10 21 I
353 1236 57 21 have
420 1236 69 21 found
500 1236 27 21 it
524 1236 16 21 3
537 1236 78 28 height
625 1241 20 18 to

63 1268 92 19 average
171 1261 66 21 about
254 1262 101 26 eighteen
370 1262 83 28 inches,
474 1263 44 21 ar>d
535 1264 73 26 rarely
624 1267 21 18 to

63 1294 93 14 overrun
166 1290 41 18 two
218 1288 50 27 feet,
280 1289 45 21 and
339 1290 60 26 such,
418 1290 10 21 I
446 1293 91 23 suspect,
559 1290 44 21 will
619 1290 26 21 be

62 1313 37 22 the
117 1314 130 26 experience
263 1316 26 20 of
310 1316 80 21 others.
433 1316 27 21 In
480 1316 36 22 the
536 1317 70 22 South
622 1318 23 20 of

63 1340 74 27 Spain,
145 1341 73 20 where
231 1341 37 22 the
283 1349 98 15 summer
394 1342 53 23 heat
460 1344 19 21 is
494 1344 151 26 considerably

63 1371 85 22 greater
163 1367 51 21 than
232 1368 19 20 it
267 1368 19 21 is
302 1368 60 27 here,
380 1370 11 21 I
406 1369 57 22 have
478 1373 36 18 cut
525 1370 36 21 the
571 1370 74 22 alfalfa

63 1394 34 21 for
115 1393 47 21 four
178 1395 122 21 successive
317 1396 88 21 months
420 1400 23 17 at
458 1396 57 22 from
534 1398 28 21 30
581 1400 22 18 to
619 1399 26 20 36

61 1419 84 28 inches,
155 1427 66 20 every
232 1421 74 22 fifteen
322 1422 60 27 days,
399 1422 40 22 but
455 1424 44 20 this
514 1431 44 13 was
573 1428 72 17 extra-

63 1446 103 27 ordinary
176 1447 137 27 production,
327 1448 44 21 and
381 1449 53 27 only
444 1449 104 22 obtained
564 1450 29 27 by
607 1450 38 22 the

65 1480 93 20 expense
166 1473 26 21 of
202 1474 80 21 almost
292 1475 60 27 daily
362 1475 120 27 irrigation.

91 1500 47 22 Tho
152 1507 65 14 name
233 1501 27 21 of
271 1501 37 22 the
327 1502 75 21 clover
417 1502 18 21 is
451 1503 26 21 of
493 1502 55 23 little
568 1511 77 14 conse-

63 1534 89 40 Juence,
171 1527 27 21 be
210 1527 17 22 it
236 1527 77 22 alfalfa
328 1536 24 14 or
366 1528 84 28 lucern,
466 1530 46 26 but,
527 1530 9 21 I
551 1530 93 27 confess,

87 1560 35 14 am
132 1550 50 30 glad
192 1554 26 21 of
226 1554 39 21 the
276 1556 142 26 opportunity
434 1556 24 21 of
471 1556 119 28 seconding
607 1557 38 22 the

66 1581 107 19 ColonisVs
185 1582 226 27 reccommendation,
432 1582 45 22 and
493 1583 11 22 I
515 1583 28 22 do
554 1591 24 14 so
588 1584 57 21 after

63 1614 14 14 a
86 1607 156 27 considerable,
259 1609 45 20 and
320 1609 49 22 well
383 1609 75 27 repaid
475 1610 131 27 experience
623 1610 22 22 of

61 1633 28 21 its
99 1634 63 21 value
174 1638 21 17 to
206 1634 36 21 the
252 1634 89 23 farmer.

89 1660 48 22 The
155 1661 95 27 Spanish
267 1669 95 20 growers
381 1670 37 14 are
435 1663 23 21 in
480 1663 36 22 the
541 1663 63 22 habit
623 1664 22 21 of

64 1687 82 26 sowing
155 1687 18 21 it
183 1687 120 28 broadcast,
315 1689 39 21 but
364 1690 11 21 I
393 1690 63 21 think
471 1690 37 21 the
522 1690 57 22 wide
595 1690 49 22 drill

63 1717 82 23 system
162 1714 131 28 preferable,
313 1723 39 24 say
371 1718 26 20 18
413 1716 82 27 inches,
512 1717 43 21 and
573 1717 72 27 thinly

64 1747 67 15 sown.
160 1741 22 21 It
195 1741 66 22 stools
276 1742 132 28 amazingly,
428 1742 80 23 indeed
521 1751 24 14 so
560 1744 85 27 greatly

63 1766 48 22 that
121 1767 12 22 I
142 1767 53 21 used
206 1769 56 20 after
269 1769 37 21 the
316 1770 79 21 second
405 1777 52 19 year
467 1774 23 17 to
500 1777 89 15 remove
599 1771 45 21 and

64 1795 123 26 transplant
196 1795 154 22 intermediate
360 1800 64 23 roots,
435 1804 23 13 so
470 1805 23 14 as
503 1800 23 18 to
535 1798 63 21 leave
608 1798 36 21 the

63 1820 93 27 original
173 1821 119 22 continued
312 1830 55 14 rows
385 1823 24 21 in
428 1823 48 22 dots
495 1824 25 21 of
537 1824 48 21 foot
602 1824 43 21 dis-

65 1850 83 23 tances,
157 1847 43 22 and
209 1848 49 21 thus
263 1849 52 26 gain
322 1849 185 29 advantageously
512 1857 28 15 an
546 1850 99 23 increase

63 1873 25 21 of
100 1873 74 22 clover
178 1882 76 20 .space.

92 1899 22 23 It
122 1901 52 21 does
185 1906 38 16 not
230 1903 71 20 arrive
312 1906 23 17 at
347 1903 121 27 perfection
486 1903 33 22 till
534 1903 38 22 the
587 1903 58 22 third

49 1933 40 15 .or
98 1926 73 23 fourth
181 1935 59 19 year.
280 1929 21 21 It
317 1929 80 22 should
406 1930 81 28 always
498 1931 26 21 be
534 1935 39 17 cut
581 1932 63 21 down

41 1951 97 32 bfnre
155 1954 19 20 it
192 1953 90 24 flowers.
326 1956 21 21 It
365 1957 96 27 requires
485 1964 53 20 very
562 1958 83 21 careful

44 1979 125 25 .weeding,
180 1978 41 21 but
232 1986 31 14 no
280 1983 127 20 tenderness
423 1984 26 19 of
464 1987 121 17 treatment
593 1991 4 14 :
616 1988 29 16 On

63 2003 38 21 the
118 2009 107 22 contrary,
242 2007 57 20 after
312 2014 64 19 every
392 2009 85 25 cutting
490 2009 18 20 it
524 2009 80 21 should
620 2010 25 20 be

64 2030 88 27 sharply
160 2038 61 19 grass
230 2031 75 27 raked,
317 2040 24 14 or
350 2033 120 27 harrowed,
479 2035 43 20 and
529 2035 79 21 should
618 2035 27 21 be

64 2063 79 20 mawn,
160 2064 25 14 or
200 2059 86 26 reaped,
306 2067 24 13 as
347 2060 58 21 close
425 2064 22 17 to
465 2061 37 21 the
518 2061 87 26 ground
625 2069 20 14 as

61 2083 101 27 possible.
201 2084 48 21 One
268 2089 64 22 great
350 2087 124 26 advantage
494 2087 25 21 of
534 2087 38 22 the
592 2088 53 21 wide

62 2110 50 20 drill
121 2114 81 22 system
211 2110 19 21 is
240 2111 49 21 that
299 2112 36 22 the
345 2112 65 22 horse
420 2113 40 21 hoe
472 2114 106 22 mounted
594 2115 51 21 with

61 2135 56 22 tines
127 2136 84 22 instead
223 2137 25 21 of
259 2137 60 28 hoes,
331 2146 40 14 can
382 2139 27 21 be
420 2139 53 21 used
485 2141 68 26 freely
568 2141 23 21 in
608 2141 37 21 the

61 2169 77 19 spaces
152 2163 99 21 between
272 2165 36 21 the
328 2173 62 19 rows,
411 2166 43 21 and
472 2167 60 21 these
545 2172 40 16 not
594 2169 51 25 only

59 2188 77 22 loosen
147 2190 36 21 the
193 2190 47 26 soil,
252 2190 41 22 but
302 2191 45 22 also
357 2192 36 21 the
403 2192 76 22 lateral
490 2198 65 22 roots,
566 2194 79 27 which,

63 2216 71 21 where
145 2216 39 21 left
194 2217 156 28 undetatched,
362 2226 37 14 arc-
410 2219 147 23 detrimental.

89 2243 33 20 A3
143 2242 36 23 the
197 2244 90 20 Colonist
302 2245 108 27 observes,
427 2245 36 22 the
482 2247 76 21 lucern
578 2254 67 19 grows

63 2268 49 22 best
122 2270 21 20 in
153 2269 58 28 light
221 2271 58 27 soils,
293 2272 39 21 but
348 2280 56 14 even
420 2272 62 22 there
497 2274 69 27 ought
583 2279 21 17 to
621 2274 24 22 be

66 2296 47 21 well
130 2297 44 21 and
192 2297 80 28 deeply
292 2298 105 22 trenched
417 2299 76 23 before
510 2301 89 26 sowing,
614 2301 31 21 for

60 2322 38 21 the
108 2327 37 23 tap
155 2327 125 23 penetrates
291 2332 66 20 many
366 2325 52 27 feet,
433 2326 21 22 if
465 2327 135 27 unimpeded
619 2329 26 30 by

59 2348 56 23 hard
126 2348 88 28 subsoil,
232 2351 44 21 and
293 2351 38 23 the
348 2351 80 29 deeper
438 2353 17 21 it
464 2360 54 20 goes
536 2361 25 15 so
580 2353 65 23 much,

61 2376 35 21 the
108 2377 69 21 better
186 2377 19 21 is
214 2377 38 21 the
262 2378 80 22 clover.

88 2403 11 21 I
110 2411 35 13 am
153 2407 39 18 not
202 2411 70 15 aware
282 2405 49 21 how
342 2405 51 28 they
404 2414 94 19 manage
513 2407 37 22 the
561 2407 84 23 culture

61 2429 21 22 in
94 2430 62 27 Chili,
170 2431 37 21 but
218 2431 9 21 I
239 2431 64 23 know
314 2431 57 23 from
380 2435 104 25 repeated
495 2435 150 26 experiments

63 2456 46 22 that
115 2457 69 27 liquid
194 2464 99 20 manure,
304 2460 66 25 given
380 2464 24 17 at
418 2460 61 26 least,
497 2468 57 15 once
568 2463 24 20 in
609 2461 36 23 the

61 2490 84 21 season,
156 2489 69 17 meets
235 2485 75 28 ample
320 2486 91 22 reward.

223 2511 10 22 I
242 2519 44 20 am,
303 2513 40 26 Sir,

303 2539 63 23 Your
374 2540 105 22 obedient
487 2546 98 23 servant,

482 2568 25 22 P.
524 2568 93 23 Wilson.

86 2591 86 27 Friday,
183 2591 103 27 January
294 2594 35 24 27,
341 2595 60 21 1843.

60 2655 26 20 To
94 2656 35 19 the
137 2656 77 20 Editor
222 2656 28 25 if
259 2658 37 19 the
326 2658 50 19 New
389 2659 95 19 Zealand
494 2659 95 24 Gazette,
600 2659 44 21 and

213 2684 124 26 Wellington

86 2716 45 27 Sir,
160 2717 48 22 The
219 2718 146 27 proceedings
376 2718 61 22 since
449 2718 10 22 I
470 2719 44 22 last
523 2719 122 22 addressed

60 2749 46 20 you,
117 2750 58 21 upon
185 2745 38 20 the
233 2745 171 27 extraordinary
414 2746 118 21 execution
543 2751 41 23 put
597 2746 48 22 into

59 2776 35 20 my
103 2770 75 27 house,
190 2771 30 26 by
230 2769 45 24 Mr!
289 2771 101 27 Hanson,
402 2779 24 15 as
437 2772 97 22 solicitor
550 2777 23 17 to
590 2773 54 22 Mrs.

60 2795 126 28 Wakefield,
209 2797 71 27 might
296 2798 23 21 in
338 2798 64 22 other
420 2806 62 15 cases
506 2803 91 24 operate
620 2807 24 14 so

60 2825 143 27 oppressively
214 2824 47 21 that
272 2825 12 21 I
294 2832 36 14 am
341 2825 98 22 induced
449 2825 65 28 again
523 2830 22 17 to
553 2826 91 23 address

59 2849 35 22 the
123 2849 83 29 public?
230 2858 29 15 on
285 2852 38 21 the
348 2852 94 28 subject,
471 2852 96 28 through
588 2861 57 19 your

61 2876 103 23 columns.

83 2903 32 21 As
126 2905 10 20 I
153 2905 136 26 anticipated
306 2905 25 22 in
345 2913 38 20 my
392 2906 44 21 last
446 2907 196 26 communication,

58 2935 12 15 a
80 2930 98 22 Sheriff's
186 2931 44 22 sale
240 2939 45 14 was
296 2932 136 22 announced.
464 2933 22 21 It
495 2941 44 14 was
550 2934 94 22 ordered

58 2959 21 17 to
89 2956 49 22 take
148 2957 61 27 place
220 2962 22 17 at
252 2966 38 19 my
300 2959 121 26 residence,
433 2966 27 15 on
472 2960 111 28 Saturday
594 2961 49 22 last.

58 2981 43 23 The
119 2984 172 23 advertisement
305 2989 22 18 to
347 2986 49 22 that
414 2986 65 23 effect
492 2988 110 26 appeared
618 2989 24 21 in

58 3009 34 22 the
101 3011 93 21 Colonist
202 3012 25 21 of
237 3011 38 23 the
286 3013 121 27 preceding
418 3013 87 27 Friday.

82 3037 34 22 On
127 3039 108 27 Saturday
246 3040 111 26 morning;
369 3047 36 19 my
416 3040 89 22 counsel
521 3041 122 22 submitted

58 3061 33 23 the
101 3072 48 14 case
159 3068 23 18 to
193 3065 37 22 the
240 3065 75 27 Judge
326 3066 68 21 oi'the
406 3066 87 28 County
505 3067 75 22 Court.
608 3068 34 22 To

57 3095 34 21 my
99 3092 94 27 surprise
204 3092 11 20 I
224 3092 72 21 found
371 3093 93 21 Hanson
482 3094 80 27 utterly
580 3094 63 22 with-

59 3121 34 17 out
110 3119 37 20 the
164 3118 78 27 ability
261 3123 28 17 to'
304 3119 81 22 defend
409 3120 37 21 the
472 3120 170 28 extraordinary

58 3144 88 24 position
155 3145 24 22 in
190 3144 73 23 which
273 3145 29 22 he
312 3153 44 14 was
371 3145 87 28 placed.
498 3146 88 23 Indeed
604 3148 38 21 the

58 3169 138 25 information
202 3179 7 3 ~
214 3172 117 22 furnished
339 3177 2 4 '
349 3173 30 26 by
398 3179 37 21 my
452 3174 92 21 counsel
562 3174 80 27 placed

58 3194 41 24 him
117 3199 24 21 in
157 3206 14 14 a
187 3198 45 22 still
253 3204 68 17 worse
336 3199 104 28 position,
458 3199 85 27 though
559 3202 19 20 it
595 3200 25 22 in
630 3209 14 14 a

59 3222 74 28 degree
147 3225 99 22 relieved
264 3226 39 21 the
319 3226 67 22 Clerk
401 3226 25 21 of
443 3225 37 22 the
496 3226 68 23 Court
583 3227 56 22 from

61 3249 72 24 blame.
171 3253 44 22 Mr.
231 3252 95 23 Hanson
336 3253 99 22 asserted
445 3253 48 21 that
504 3261 37 19 my
552 3255 90 21 counsel

59 3275 40 24 had
117 3279 80 27 agreed
216 3282 23 19 to
256 3279 35 23 his
305 3280 42 22 bill
364 3280 26 22 of
406 3284 57 18 costs
483 3280 68 28 being
567 3281 74 22 taxed.

62 3302 46 24 I'his
116 3313 42 14 was
173 3310 57 18 most
245 3306 112 28 promptly
373 3306 81 23 denied
456 3312 5 10 Iand1
484 3307 44 22 and
548 3307 94 22 circum-

61 3332 78 22 stances
149 3340 55 15 were
215 3334 72 21 stated
297 3333 72 22 which
378 3333 83 29 proved
469 3334 43 21 Mr.
525 3334 116 22 Hanson's

61 3359 109 22 statement
186 3364 39 17 not
240 3364 23 18 to
280 3361 28 21 be
324 3364 47 19 true
378 3369 5 19 ;
395 3361 40 22 but
445 3360 45 23 had
499 3361 18 21 it
527 3361 57 22 been
595 3369 47 14 cor-

61 3387 47 22 rect,
125 3386 16 21 it
153 3387 74 22 would
244 3390 42 19 not
295 3388 57 21 have
361 3387 88 23 availed
458 3388 56 27 him,
526 3388 84 27 though
624 3388 18 22 it

61 3411 63 26 'night
129 3413 53 22 have
189 3416 46 19 cast
242 3420 14 15 a
262 3414 81 27 charge
354 3414 26 22 of
385 3414 190 27 thoughtlessness
582 3422 59 21 upon

61 3440 17 16 m
80 3444 13 19 y
111 3439 54 27 legal
183 3440 94 22 adviser.
314 3441 50 22 The
381 3442 87 26 ground
487 3449 60 21 upon
567 3442 73 21 which

61 3467 10 15 a
72 3464 110 26 Pplication
192 3474 43 15 was
246 3467 66 22 made
324 3472 21 17 to
356 3468 37 21 the
404 3470 74 24 Court,
490 3475 62 15 arose
564 3474 39 16 out
616 3469 26 21 of

61 3489 33 22 the
104 3493 44 21 writ
157 3493 136 28 demanding
308 3494 61 22 what
384 3494 37 22 the
439 3495 77 22 record
533 3496 27 21 of
573 3495 68 28 judg-

63 3522 54 17 ment
126 3520 35 21 did
171 3524 39 18 not
219 3522 109 26 sanction,
345 3521 73 22 which
433 3529 31 15 no
475 3526 130 22 agreement
614 3527 22 17 to

64 3545 87 22 taxation
170 3547 65 22 could
254 3547 59 22 have
333 3548 101 22 affected.
463 3549 49 22 The
529 3549 66 22 Clerk
614 3549 25 22 of

65 3571 31 20 the
109 3572 64 23 Court
189 3581 43 14 was
247 3574 77 23 bound
340 3579 23 17 to
379 3578 40 19 tax
436 3574 38 23 the
490 3580 58 17 costs
562 3576 21 21 if
595 3576 44 21 Mr.

66 3596 82 25 Hanson
166 3601 64 22 made
249 3601 49 28 the.
307 3602 106 26 demand,
432 3602 36 21 for
487 3602 87 28 though
594 3603 44 22 Mr.

65 3624 82 23 Hanson
155 3627 45 22 had
210 3635 29 14 no
249 3629 66 22 claim
332 3629 86 27 against
433 3636 37 14 me
483 3629 35 22 for
528 3631 37 20 the
583 3634 56 17 costs

65 3651 24 19 he
96 3651 39 23 had
145 3654 83 27 against
237 3654 35 23 his
282 3663 50 14 own
343 3655 75 27 client,
433 3655 47 22 and
494 3656 72 28 might
582 3656 56 22 have

66 3677 72 23 desired
146 3684 20 17 to
173 3681 53 22 have
234 3682 36 22 his
277 3682 40 22 bill
324 3682 68 22 taxed
402 3683 33 21 for
446 3682 39 22 her
494 3683 143 22 satisfaction.

90 3704 18 20 It
124 3708 104 26 appeared
247 3708 49 23 that
314 3712 23 19 at
354 3710 48 21 first
421 3708 37 23 the
479 3709 66 22 Cleik
559 3710 27 22 of
601 3710 37 22 the

66 3731 60 21 Uurt
142 3734 83 23 refused
251 3739 23 18 to
289 3740 67 23 grant
374 3736 44 22 Mr.
442 3736 96 23 Hanson
558 3744 13 15 a
589 3736 49 22 writ

65 3757 30 37 jor
112 3764 54 17 more
190 3761 52 22 than
257 3762 39 23 the
312 3762 128 28 judgment.
477 3763 45 22 Mr.
541 3763 96 22 Hanson

65 3788 46 16 wen
126 3785 121 25 threatened
260 3789 47 22 him
322 3790 54 21 with
389 3797 15 14 a
419 3790 143 23 Mandamus.
592 3791 45 22 Ac-

65 3812 80 25 cording
152 3816 22 18 to
182 3814 36 23 the
227 3820 121 19 statement
357 3817 26 22 of
388 3823 39 21 my
436 3816 102 28 Counsel,
548 3816 89 23 neither

104 3839 83 22 learned
195 3841 78 24 Crown
288 3843 139 27 Prosecutor,
446 3849 41 21 n,or
495 3843 38 22 the
543 3843 93 23 learned

65 3865 57 19 uerk
140 3865 24 21 of
183 3867 36 22 the
243 3870 69 22 Court
334 3877 45 15 was
402 3876 72 15 aware
487 3870 56 24 that,
552 3870 19 22 it
593 3877 44 16 was

65 3895 12 10 *
89 3892 33 23 big
138 3893 55 22 word
210 3895 92 24 without
322 3905 14 14 a
353 3896 112 27 meaning,
489 3903 30 16 on
533 3896 57 23 such
607 3904 28 15 an

66 3919 94 20 occasion.
189 3921 20 20 A
224 3924 133 21 mandamus
373 3924 23 21 in
407 3922 54 23 such
473 3930 13 15 a
501 3930 51 15 case
561 3923 74 22 would

1929 133 37 22 the
1975 133 63 23 other
2047 135 53 26 half,
2107 135 34 22 for
2149 135 28 23 he
2186 135 39 23 has
2235 137 80 28 always
2323 138 57 22 been
2391 146 12 13 a
2413 138 59 27 good

2065 161 47 22 The
2123 161 75 22 widow
2213 170 44 14 was
2269 164 167 23 thunderstruck
2446 170 24 17 at

1892 186 112 26 receiving
2013 194 13 14 a
2035 187 61 27 reply
2105 195 24 14 so
2145 188 101 22 different
2255 193 22 17 to
2292 191 48 21 that
2348 191 71 22 which
2429 191 40 22 she

1893 213 113 26 expected,
2018 212 39 23 but
2067 213 68 22 dared
2145 218 39 18 not
2199 215 102 26 negative
2315 217 36 21 the
2362 217 108 22 cobbler's

1893 237 50 28 will,
1961 241 33 19 lor
2008 239 47 22 fear
2071 240 26 21 of
2107 240 72 27 losing
2192 241 38 21 the
2246 241 69 23 whole
2331 243 24 21 of
2366 243 37 22 the
2419 251 50 20 pro-

1893 268 75 28 perty^
1974 265 65 22 while
2049 265 37 23 the
2096 267 97 26 cunning
2205 267 38 21 old
2250 274 67 21 rogue
2326 269 23 21 in
2358 269 51 28 bed,
2420 269 50 23 who

1893 298 44 15 wa3
1947 291 91 22 himself
2049 292 36 22 the
2101 300 53 19 poor
2170 293 37 22 old
2222 293 129 23 shoemaker
2366 303 52 15 over
2431 297 38 21 the

1893 324 55 20 way,
1958 317 97 27 laughed
2069 319 24 21 in
2109 320 33 21 nis
2157 319 79 26 sleeve,
2253 322 44 20 and
2312 321 89 23 divided
2418 323 52 21 with

1893 342 39 23 her
1941 343 37 22 the
1987 345 64 21 fruits
2060 345 26 21 of
2097 352 14 14 a
2119 346 83 27 project
2211 346 72 22 which
2292 347 38 22 the
2339 347 77 23 widow
2424 348 47 23 had

1893 370 103 22 intended
2015 371 33 21 for
2067 371 40 22 her
2131 379 47 15 own
2195 374 47 20 soLe
2265 373 88 23 benefit.
2382 375 88 26 English

1889 403 74 19 paper.

1919 423 47 22 The
1975 427 63 23 great
2046 432 61 14 error
2117 425 23 21 in
2151 425 36 21 the
2203 425 106 23 domestic
2323 434 107 21 economy
2449 428 27 21 of

1894 448 36 23 the
1947 454 90 23 present
2055 458 40 20 age
2111 452 90 21 consists
2217 456 39 18 not
2273 460 25 14 so
2314 453 66 22 much
2395 454 23 21 in
2434 454 37 22 the

1893 475 143 29 withholding
2044 485 23 14 as
2086 478 23 21 in
2119 478 37 21 the
2166 479 173 27 misapplication
2350 480 25 21 of
2386 480 28 22 its
2424 483 48 19 vast

1893 509 118 16 resources.
2039 504 60 26 This,
2111 511 67 20 every
2188 512 41 14 one
2240 509 58 18 must
2307 506 164 27 acknowledge,

1892 528 19 21 is
1921 535 12 15 a
1944 530 84 21 serious
2043 530 117 22 drawback
2175 535 22 17 to
2212 532 167 27 improvement.
2409 533 63 22 Even

1894 554 36 22 the
1945 559 58 18 most
2017 556 103 27 religious
2136 558 97 21 schemes
2252 558 57 22 have
2324 559 56 21 been
2391 559 81 22 under-

1892 581 67 22 taken
1970 582 52 21 with
2031 590 11 13 a
2052 584 57 21 view
2118 587 22 18 to
2151 591 59 14 some
2220 585 116 21 territorial
2345 593 25 13 or
2375 586 97 26 political

1893 608 200 27 aggrandisement.
2144 610 54 22 Men
2225 610 57 23 have
2307 612 117 21 embarked
2446 613 25 21 in

1893 635 221 23 serior-merchantile
2145 636 174 27 speculations
2321 645 49 20 nay,
2401 638 71 22 whole

1893 661 99 22 societies
2008 662 56 21 have
2083 662 56 23 been
2159 664 87 21 created
2265 664 33 21 for
2323 664 35 22 the
2382 671 89 20 express

1893 694 91 21 purpose
1999 688 27 21 of
2040 690 100 30 carrying
2158 690 60 21 them
2232 690 46 21 into
2293 691 70 26 effect,
2381 691 93 22 without

1893 720 43 19 any
1946 714 97 22 definate
2052 719 76 18 notion
2137 716 24 21 of
2171 716 37 21 the
2219 717 53 21 ends
2284 721 22 18 to
2325 717 71 22 which
2416 718 57 21 their

1893 740 73 21 efforts
1973 748 57 15 were
2041 745 20 18 to
2071 742 28 21 be
2108 742 101 25 directed,
2221 750 24 15 or
2260 744 26 21 of
2297 744 36 21 the
2349 744 123 22 difficulties

1893 769 21 18 to
1924 766 28 22 be
1962 769 148 22 encountered
2119 770 23 21 in
2149 770 35 21 the
2192 770 86 26 pursuit
2283 770 26 21 of
2316 770 67 21 them.
2412 770 61 22 Such

1893 794 129 33 enterprises
2039 795 65 26 have,
2123 796 34 21 for
2175 795 36 22 the
2230 800 58 17 most
2305 800 54 24 part,
2380 797 92 27 signally

1893 820 44 21 and
1949 821 129 27 deservedly
2088 822 75 22 failed.
2201 822 96 23 Witness
2313 822 36 23 the
2366 823 107 22 so-called

1893 847 89 22 mission
1993 851 22 18 to
2027 848 111 23 Australia
2147 848 44 23 and
2201 849 56 22 New
2273 849 107 27 Zealand,
2400 850 73 22 under

1893 873 37 21 the
1940 877 127 24 patronage,
2084 880 39 17 not
2133 876 25 21 of
2170 875 36 22 the
2217 876 95 26 Church,
2327 877 39 22 but
2382 877 26 21 of
2420 876 53 23 self-

1893 899 84 22 formed
1996 902 106 25 societies,
2122 902 79 27 which,
2220 903 72 22 under
2313 902 36 23 the
2373 903 54 27 garb
2451 904 27 21 of

1893 926 151 29 Christianity,
2058 928 42 22 has
2112 929 88 27 proved,
2220 935 24 15 as
2262 936 33 15 we
2315 937 36 13 are
2375 930 99 26 credibly

1892 953 118 27 informed,
2028 961 12 14 a
2060 954 64 22 cloak
2142 955 35 21 for
2191 962 29 14 no
2234 956 64 21 small
2309 955 78 27 degree
2399 956 25 21 of
2435 963 39 14 ex-

1893 979 78 22 tortion
1991 980 44 21 and
2055 981 160 27 land-jobbing.
2258 981 97 22 Witness
2374 981 38 22 the
2429 982 46 21 still

1891 1013 61 14 more
1963 1006 53 21 fatal
2027 1007 125 27 expedition
2164 1011 20 18 to
2195 1008 37 21 the
2243 1008 76 27 Niger,
2330 1015 61 14 more
2407 1011 22 19 to
2445 1009 27 22 be

1893 1033 110 26 regretted
2021 1033 57 22 from
2093 1034 37 21 the
2144 1034 157 22 circumstance
2316 1034 47 22 that
2376 1034 29 22 its
2417 1039 59 18 most

1893 1059 92 26 cupable
1995 1060 90 21 authors
2094 1060 56 22 have
2161 1060 38 22 felt
2210 1061 27 20 its
2245 1068 159 20 consequences
2410 1061 64 22 least.

1883 1094 2 23 |
1893 1085 44 21 Yet
1945 1086 88 21 neither
2042 1094 96 20 expense
2151 1094 43 15 was
2209 1088 77 26 spared
2301 1095 40 14 nor
2356 1088 118 26 enterprise

1894 1112 96 27 wanliug
2001 1116 21 18 to
2033 1113 36 21 the
2080 1113 192 28 accomplishment
2283 1115 25 20 of
2315 1114 54 21 each
2379 1114 26 21 of
2411 1114 62 23 these

1893 1138 95 27 designs.
2017 1139 27 22 In
2055 1140 37 21 the
2103 1147 42 15 one
2155 1148 49 14 case
2213 1141 96 25 90,000
2318 1148 43 15 was
2371 1141 104 27 annually

1893 1165 93 22 devoted
2001 1166 31 27 by
2046 1174 41 14 one
2104 1167 82 26 society
2201 1170 22 18 to
2240 1167 36 21 the
2286 1170 90 25 support
2385 1168 27 21 of
2422 1168 53 21 mis-

1893 1191 104 23 sionaries
2006 1196 24 18 to
2039 1193 37 22 the
2091 1194 124 21 Australian
2225 1193 94 27 Islands,
2332 1194 71 21 whose
2414 1202 61 14 com-

1892 1217 68 23 bined
1970 1221 119 25 exertions,
2101 1221 55 21 after
2167 1228 13 15 a
2189 1221 151 21 considerable
2356 1221 78 27 period
2452 1222 27 21 of

1893 1252 70 21 years,
1974 1246 68 22 failed
2051 1248 23 21 in
2086 1247 128 27 converting
2223 1248 41 21 300
2273 1254 98 19 savages.
2401 1247 26 22 In
2438 1247 37 22 the

1894 1272 69 26 other,
1984 1273 37 21 the
2038 1277 49 18 vast
2105 1281 96 20 expense
2220 1274 25 21 of
2264 1273 73 27 fitting
2356 1276 38 19 out
2412 1273 62 23 three

1893 1300 80 21 vessels
1985 1308 43 13 was
2038 1301 36 20 the
2083 1301 56 20 least
2152 1300 91 21 ruinous
2258 1301 54 21 item
2327 1301 24 20 in
2368 1300 37 21 the
2421 1301 54 27 long

1893 1325 45 22 and
1948 1326 79 22 dismal
2043 1330 94 19 account
2156 1327 25 21 of
2201 1327 105 26 suffering
2323 1327 102 22 incurred
2443 1328 31 27 by

1894 1352 36 22 the
1949 1356 58 19 most
2026 1353 81 22 frantic
2126 1353 96 22 chimera
2242 1353 36 22 the
2298 1353 67 22 world
2383 1353 39 22 has
2437 1358 39 24 yet

1893 1387 60 14 seen.

1919 1412 72 22 These
2001 1420 57 15 were
2067 1413 111 22 instances
2192 1414 26 21 of
2229 1413 140 22 misdirected
2384 1420 89 21 energy.

1893 1440 52 21 Was
1954 1439 62 22 there
2026 1447 28 14 no
2065 1440 73 26 object
2147 1447 77 14 nearer
2232 1440 66 21 home
2309 1448 26 14 on
2350 1440 72 22 which
2431 1440 45 21 this

1893 1466 127 27 enterprise,
2044 1467 62 21 these
2128 1467 70 27 pains,
2230 1466 70 28 might
2330 1468 57 20 have
2417 1467 59 21 been

1893 1493 123 22 bestowed?
2058 1493 35 22 No
2112 1497 69 18 wants
2199 1493 70 22 which
2293 1494 44 21 this
2359 1493 117 22 abundant

1894 1523 65 18 waste
1968 1520 27 21 of
2005 1520 37 21 life
2052 1520 45 21 and
2112 1527 80 19 money
2207 1520 71 26 might
2292 1520 57 22 have
2364 1519 111 22 satisfied?

1893 1546 52 22 Was
1961 1546 155 28 philanthropy
2130 1546 108 22 banished
2251 1547 57 21 from
2319 1554 39 14 our
2368 1546 75 22 shores
2452 1549 24 18 to

1893 1573 36 22 the
1940 1573 61 22 wilds
2008 1574 25 20 of
2040 1574 117 26 Australia,
2169 1573 44 21 and
2223 1573 37 21 the
2269 1573 81 22 deserts
2356 1573 26 21 of
2389 1572 85 26 Africa,

1892 1600 93 22 because
2005 1600 38 21 she
2062 1600 66 22 could
2145 1599 94 27 literally
2258 1599 47 22 find
2325 1607 27 14 no
2368 1599 108 22 sufficient

1893 1627 73 27 object
1975 1627 33 21 for
2017 1626 40 22 her
2065 1627 86 26 bounty
2159 1626 23 21 in
2193 1633 40 14 our
2244 1633 48 14 own
2301 1626 44 21 and
2359 1626 38 22 the
2412 1626 64 21 sister

1892 1654 88 21 island?

1919 1685 44 21 Let
1970 1692 26 14 us
2012 1685 50 21 take
2072 1692 14 14 a
2097 1684 69 27 single
2182 1684 110 27 example.
2321 1685 88 21 Ireland
2425 1685 48 25 has,

1893 1711 33 21 for
1935 1711 117 26 centuries,
2069 1711 55 21 been
2140 1711 37 21 the
2192 1718 53 13 crux
2254 1711 25 21 of
2289 1711 150 28 philosophers
2450 1719 24 14 as

1893 1738 49 22 well
1953 1746 22 12 as
1986 1741 126 18 statesmen.
2140 1737 47 22 The
2196 1737 99 28 physical
2305 1739 43 21 and
2357 1738 70 22 moral
2436 1738 39 22 de-

1893 1764 113 26 gradation
2018 1764 25 22 of
2050 1765 28 21 its
2086 1764 127 27 population
2222 1772 37 14 are
2269 1769 148 22 congenerate
2422 1764 54 22 with

1892 1792 27 21 its
1938 1791 67 21 social
2029 1791 104 27 anarchy.
2170 1791 48 22 The
2240 1791 89 22 learned
2351 1792 82 27 Bishop
2452 1791 27 22 of

1893 1818 91 26 Cloyne,
1999 1821 24 18 at
2032 1817 36 22 the
2078 1817 106 28 begining
2193 1817 24 23 of
2229 1817 38 23 the
2279 1819 44 21 last
2332 1822 98 23 century,
2441 1818 35 22 in-

1893 1845 79 26 quires,
2021 1844 97 22 whether
2141 1844 60 22 there
2224 1844 28 22 be
2269 1851 61 21 upon
2349 1845 63 21 earth
2431 1852 45 20 any

1893 1871 107 22 Christian
2030 1878 23 14 or
2077 1871 101 21 civilized
2204 1871 78 27 people
2309 1879 24 14 so
2361 1871 117 27 beggarly,

1893 1897 115 26 wretched,
2022 1897 43 22 and
2075 1897 109 28 destitute,
2196 1905 23 14 as
2229 1897 38 22 the
2277 1905 102 15 common

1894 1925 36 21 He
1947 1927 87 25 repeats
2050 1924 37 22 the
2102 1932 60 14 same
2178 1925 100 27 question
2295 1925 24 21 in
2333 1932 14 14 a
2360 1925 86 27 variety
2455 1924 26 23 of

1893 1951 75 27 forms,
1987 1951 43 21 and
2050 1953 97 24 suggests
2164 1951 83 22 several
2264 1951 107 23 remedies
2390 1951 33 22 for
2441 1951 38 22 the

1894 1978 50 26 evil,
1954 1977 72 22 which
2032 1984 78 14 reason
2119 1984 138 20 pronounces
2267 1981 23 19 to
2295 1978 29 21 be
2331 1985 23 14 as
2363 1984 116 21 necessary

1894 2010 30 20 as,
1937 2011 30 14 we
1982 2007 62 23 trust,
2062 2004 128 27 experience
2201 2003 43 23 will
2259 2010 68 21 prove
2342 2004 62 22 them
2417 2007 23 18 to
2449 2003 29 23 he

1893 2030 145 27 practicable.
2131 2047 4 9 ,

1921 2063 47 22 The
1985 2063 71 22 moral
2072 2063 87 22 welfare
2173 2064 26 21 of
2209 2071 44 19 any
2261 2064 78 27 people
2356 2066 82 19 cannot
2451 2064 30 21 be

1895 2090 125 27 effectually
2028 2090 113 27 promoted
2149 2090 92 21 without
2248 2090 37 22 the
2295 2090 128 22 cultivation
2434 2090 46 23 and

1894 2124 80 20 proper
1985 2117 123 26 regulation
2119 2117 25 20 of
2149 2117 28 21 its
2186 2117 127 27 languages,
2327 2118 27 21 its
2365 2125 113 18 manners,

1895 2143 44 22 and
1951 2151 54 14 even
2017 2144 26 21 ifs
2061 2143 130 27 prejudices.
2218 2143 74 22 Those
2307 2144 174 21 circumstances

1895 2170 25 21 of
1934 2170 67 27 birth,
2020 2173 87 23 nature,
2126 2170 45 21 and
2189 2170 68 27 habit,
2277 2170 72 23 which
2365 2170 57 22 form
2443 2170 38 21 the

1895 2197 114 21 affections
2020 2197 25 20 of
2060 2197 100 20 different
2173 2197 94 26 nations,
2285 2197 45 21 and
2345 2197 51 25 give
2405 2204 13 14 a
2427 2200 52 18 tone

1895 2226 22 18 to
1934 2223 57 22 their
2007 2223 81 26 minds,
2107 2230 37 14 are
2160 2230 24 14 as
2201 2223 125 27 essentially
2341 2223 100 22 different
2457 2230 24 15 as

1896 2250 57 21 their
1964 2250 140 27 complexion
2120 2249 45 22 and
2179 2252 87 23 stature,
2283 2249 45 22 and
2337 2250 45 21 will
2391 2256 24 15 as
2423 2250 58 22 little

1895 2277 54 20 bear
1959 2280 21 17 to
1989 2277 29 21 be
2028 2276 72 21 trifled
2110 2276 59 21 with.
2198 2276 35 21 No
2242 2277 76 21 nation
2332 2277 40 21 has
2382 2284 51 14 ever
2443 2279 38 25 yet

1895 2304 57 21 been
1962 2303 101 22 civilized
2076 2303 30 27 by
2114 2303 84 26 having
2210 2303 29 21 its
2247 2303 109 27 language
2370 2303 110 27 changed,

1895 2330 28 21 its
1931 2333 97 18 customs
2035 2329 124 26 subverted,
2170 2337 24 14 or
2201 2329 26 21 its
2238 2330 121 27 prejudices
2366 2330 113 27 outraged.

1895 2357 47 21 The
1957 2360 48 19 true
2022 2360 71 18 secret
2107 2356 81 22 consist
2203 2355 22 22 in
2239 2357 77 27 giving
2325 2357 60 21 them
2396 2364 13 14 a
2422 2357 60 26 right

1897 2383 114 27 direction,
2022 2383 42 22 aud
2074 2383 24 22 in
2107 2383 111 26 softening
2225 2383 44 21 and
2279 2383 138 28 beautifying
2424 2383 58 22 their

1897 2410 35 21 old
1951 2410 62 22 ideas
2029 2410 30 27 by
2074 2417 70 21 super-
2149 2409 83 27 adding
2245 2416 49 15 new
2314 2417 58 14 ones.
2408 2409 74 23 When

1897 2436 45 23 and
1951 2437 23 21 in
1985 2437 58 21 what
2052 2444 49 19 way
2111 2437 43 21 this
2169 2436 79 22 should
2258 2436 28 22 be
2296 2436 126 28 attempted,
2439 2437 19 21 is
2467 2444 15 14 a

1896 2464 101 26 question
2006 2463 70 22 which
2092 2468 59 17 must
2165 2466 43 19 rest
2217 2463 51 21 with
2285 2462 60 23 those
2357 2463 48 22 who
2415 2463 67 28 enjoy

1895 2490 38 21 the
1942 2498 80 20 power,
2033 2489 45 22 and
2086 2490 48 21 who
2145 2492 58 19 must
2211 2490 53 21 bear
2272 2490 39 22 the
2317 2489 164 29 responsibility

1897 2517 26 22 of
1930 2517 68 27 doing
2008 2524 24 14 or
2040 2517 126 26 neglecting
2176 2517 22 21 it.
2231 2518 76 20 Times.

1924 2551 99 21 Savings
2038 2558 26 14 of
2079 2550 116 22 Industry
2210 2558 29 14 at
2254 2550 72 23 Home
2341 2558 46 15 and
2399 2558 25 15 in
2433 2558 47 15 the

1898 2578 120 21 Colonies.
2048 2576 40 22 We
2105 2577 56 21 have
2177 2577 127 27 repeatedly
2321 2578 44 21 had
2381 2578 102 23 occasion

1897 2608 21 17 to
1928 2605 63 26 point
2001 2607 37 19 out
2049 2604 35 21 the
2095 2604 51 26 fact,
2158 2604 48 21 that
2216 2604 36 21 the
2265 2604 60 22 word

1897 2631 19 21 is
1924 2631 54 21 used
1993 2634 24 18 to
2032 2630 95 22 indicate
2138 2637 52 24 very
2204 2630 101 22 different
2314 2631 132 27 conditions,
2456 2639 27 14 as

1897 2658 85 27 applied
1994 2658 24 21 in
2029 2658 85 21 Britain
2125 2657 43 21 and
2178 2658 23 20 in
2211 2657 37 21 the
2265 2658 109 26 colonies;
2395 2658 43 21 and
2447 2665 34 15 we

1896 2685 57 21 have
1964 2692 50 14 now
2025 2691 26 15 an
2062 2684 129 22 illustration
2203 2684 24 21 of
2234 2684 36 21 the
2280 2684 62 25 kind,
2352 2691 28 15 on
2391 2692 14 14 a
2413 2685 71 22 broad

1897 2711 65 21 scale.
2006 2712 28 20 In
2053 2718 14 14 a
2085 2711 95 21 number
2198 2710 24 22 of
2243 2710 38 22 the
2301 2712 81 26 Sydney
2399 2712 84 20 Herald

1897 2738 99 27 recently
2015 2737 108 27 received,
2140 2738 19 20 is
2172 2745 13 13 a
2201 2744 53 25 very
2267 2738 131 27 interesting
2413 2742 33 18 set
2460 2739 27 21 of

1897 2765 77 26 tables,
1987 2764 129 28 comparing
2126 2764 37 21 the
2175 2764 94 27 deposits
2279 2765 23 21 in
2309 2765 92 27 Savings
2407 2763 77 24 Banks

1897 2791 22 21 in
1930 2792 56 21 New
1996 2791 69 21 South
2075 2790 75 22 Wales
2158 2790 44 22 and
2208 2791 23 21 in
2239 2791 101 27 England
2347 2792 44 21 and
2399 2792 83 22 Wales.

1897 2818 62 27 They
1969 2825 37 14 are
2017 2818 138 21 transmitted
2165 2821 22 18 to
2196 2825 25 14 us
2231 2818 58 22 from
2300 2818 37 22 the
2344 2819 80 25 colony
2434 2821 23 19 at
2467 2826 14 14 a

1898 2845 53 21 time
1969 2844 64 22 when
2051 2845 18 21 it
2088 2851 44 15 was
2151 2844 136 28 undergoing
2311 2852 14 14 a
2345 2839 138 33 lengthened

1898 2871 94 27 distress,
2004 2872 45 21 and
2058 2879 33 13 we
2100 2871 85 21 receive
2194 2871 18 21 it
2220 2870 65 22 when
2296 2872 42 21 this
2354 2875 94 24 country
2464 2872 20 22 is

1897 2898 107 27 suffering
2009 2905 13 14 a
2028 2898 83 21 similar
2119 2897 116 22 infliction.
2264 2898 65 22 From
2336 2898 30 22 all
2372 2901 110 24 accounts,

1897 2924 77 22 labour
1991 2931 69 15 never
2076 2924 102 21 obtained
2198 2931 12 14 a
2228 2924 69 22 lower
2314 2924 58 28 price
2388 2925 28 21 in'
2425 2925 59 21 New

1898 2951 68 22 South
1977 2951 73 21 Wales
2061 2950 53 22 than
2123 2950 18 21 it
2150 2950 37 21 did
2198 2950 60 27 early
2267 2950 24 22 in
2302 2951 36 21 the
2348 2958 55 19 year
2408 2959 6 19 ;
2425 2951 55 22 here

1897 2985 32 14 we
1949 2985 36 14 see
2004 2977 70 22 whole
2094 2977 79 22 classes
2192 2979 38 20 out
2248 2976 25 22 of
2295 2978 96 27 employ,
2403 2985 24 14 or
2441 2978 42 22 but

1896 3004 105 28 partially
2024 3004 122 27 employed.
2187 3003 49 22 The
2259 3011 62 15 cases
2338 3004 26 22 of
2385 3004 37 22 the
2438 3007 44 19 two

1897 3031 154 21 communities
2070 3037 37 15 are
2123 3034 22 18 to
2161 3038 13 14 a
2192 3030 81 22 certain
2291 3034 77 18 extent
2382 3031 100 27 parallel.

1897 3058 47 22 The
1955 3058 103 21 statistics
2068 3058 25 21 of
2100 3057 87 27 savings
2193 3057 70 22 banks
2269 3065 84 20 possess
2364 3065 13 14 a
2385 3058 99 28 peculiar

1897 3085 64 21 value
1978 3091 25 15 as
2022 3092 12 14 a
2055 3087 41 19 test
2109 3084 26 21 of
2152 3084 37 21 the
2205 3084 114 22 condition
2336 3084 25 22 of
2372 3093 15 13 a
2397 3085 86 28 people.

1897 3112 47 21 The
1953 3111 121 27 depositors
2084 3111 82 22 consist
2176 3110 83 28 mainly
2275 3112 27 21 of
2312 3111 61 22 three
2389 3114 80 20 classes
2477 3119 5 14 :

1898 3138 35 21 the
1952 3142 60 17 most
2036 3137 83 22 careful
2144 3137 44 22 and
2211 3137 161 28 parsimonious
2394 3139 26 21 of
2446 3138 37 22 the

1897 3165 99 27 working
2006 3165 56 21 class
2069 3173 5 17 ;
2085 3164 106 22 domestic
2205 3169 107 23 servants,
2328 3165 73 22 whose
2419 3173 62 20 pros-

1895 3192 72 27 perity
1987 3192 97 27 depends
2104 3198 29 15 on
2151 3191 48 22 that
2215 3191 26 21 of
2252 3190 38 24 the
2307 3192 73 22 richer
2389 3192 80 22 classes
2478 3197 6 22 j

1896 3218 46 22 and
1961 3218 36 22 the
2013 3221 87 25 poorest
2119 3218 25 21 of
2164 3218 37 21 the
2219 3218 96 26 prudent
2333 3218 44 22 and
2400 3219 85 22 careful

1897 3252 81 20 among
1997 3244 37 22 the
2054 3244 83 22 middle
2161 3244 55 22 class
2245 3246 65 21 small
2332 3245 153 27 tradespeople

1896 3272 49 21 who
1964 3279 73 14 amass
2056 3279 82 19 money
2157 3277 22 16 to
2194 3272 27 21 be
2239 3271 68 23 taken
2326 3279 49 15 care
2393 3272 29 26 of,
2445 3275 40 19 out

1896 3302 37 22 yet
1950 3305 36 15 are
2002 3301 37 19 too
2053 3305 55 21 poor
2123 3302 22 17 to
2163 3298 87 28 employ
2264 3305 14 15 a
2292 3298 87 28 regular
2392 3299 92 22 banker.

1897 3325 27 22 In
1935 3326 29 21 all
1975 3333 67 19 cases,
2054 3324 37 23 the
2108 3324 119 27 depositors
2243 3332 43 15 are-
2295 3333 92 20 peisons
2402 3333 29 14 on
2447 3326 38 21 the

1897 3352 97 22 confines
2012 3352 100 22 between
2131 3352 37 22 the
2188 3352 95 26 wealthy
2301 3352 45 22 and
2362 3352 37 22 the
2409 3352 76 28 needy

1897 3378 91 28 classes;
2013 3378 44 22 and
2080 3378 58 22 their
2161 3378 143 28 multiplicity
2328 3378 44 22 and
2398 3386 87 15 success

1895 3406 96 21 indicate
2012 3405 93 22 towards
2124 3405 72 22 which
2210 3405 48 22 side
2274 3405 39 22 the
2329 3405 90 22 balance
2434 3412 52 21 pre-

1894 3432 132 28 ponderates
2044 3432 24 21 in
2089 3432 38 22 the
2150 3432 145 27 community.
2333 3432 25 22 If
2373 3432 53 26 they
2446 3439 38 14 are

1894 3466 61 15 more
1964 3466 119 14 numerous
2094 3459 44 21 and
2148 3459 86 27 deposit
2247 3466 69 20 more,
2332 3460 17 20 it
2364 3458 19 22 is
2401 3458 83 27 proved

1896 3486 47 21 that
1950 3486 37 21 the
1998 3486 85 21 careful
2092 3493 83 19 among
2184 3485 36 22 the
2231 3493 83 20 poorer
2330 3486 80 21 classes
2424 3484 58 22 have

1894 3517 89 23 greater
1999 3520 77 14 means
2093 3512 26 21 of
2138 3512 83 27 saving,
2242 3512 46 22 and
2303 3512 47 22 that
2365 3511 61 22 there
2436 3510 19 23 is
2470 3518 14 15 a

1894 3540 164 26 proportionate
2081 3539 100 22 advance
2204 3545 82 19 among
2315 3538 36 22 the
2379 3536 103 24 humbler

1895 3566 96 22 sections
2001 3565 28 23 of
2039 3565 37 22 the
2087 3566 143 26 community.
2258 3565 73 22 Those
2342 3563 49 23 who
2400 3563 81 27 glance

1895 3592 57 22 from
1966 3592 38 22 the
2025 3592 129 23 destitution
2168 3592 26 22 of
2205 3591 88 28 Paisley
2308 3590 44 23 and
2361 3590 88 27 Bolton,
2460 3594 25 19 to

1895 3619 37 22 the
1950 3619 136 22 industrious
2104 3619 95 22 comfort
2214 3618 25 22 of
2260 3617 37 23 the
2316 3616 101 26 colonies,
2439 3617 46 23 will

1895 3653 78 19 peruse
1984 3646 52 22 with
2051 3646 94 22 interest
2162 3645 36 22 the
2215 3644 135 26 comparison
2367 3644 119 23 instituted

1895 3673 29 27 by
1934 3673 37 21 the
1982 3672 90 28 Sydney
2078 3672 125 28 journalist.
2234 3671 94 20 Colonial
2337 3671 95 23 Gazette,
2455 3681 5 12 j

2106 3752 164 23 FREIGHTS.

1284 129 37 22 tbe
1331 130 69 27 rights
1415 131 26 21 of
1451 131 75 23 others
1536 131 46 23 and
1592 139 92 15 succour
1693 132 38 22 the
1740 134 125 27 oppressed.

1343 156 98 26 (Signed)
1552 158 121 26 Rtbinski,

1399 183 209 23 General-in-Chief
1618 185 26 21 of
1655 185 37 21 the
1703 184 74 23 Polish
1785 187 79 25 Army.

1311 208 68 24 Paris.
1390 208 53 28 July
1453 212 32 25 14,
1497 212 60 20 1842.

1310 239 51 21 The
1381 240 80 22 Royal
1481 241 129 22 Family.
1610 241 47 23 The
1676 242 113 29 following
1808 251 57 15 were

1285 265 36 21 the
1337 267 110 21 annuities
1463 271 23 18 to
1502 268 38 21 the
1554 269 61 26 royal
1630 267 78 28 family
1723 269 23 22 in
1762 270 37 21 the
1813 277 53 20 year

1284 292 72 20 ended
1365 292 39 22 sth
1414 293 99 28 January
1521 296 50 20 1841
1580 302 35 14 :
1615 295 48 21 The
1673 293 64 24 Duke
1744 296 24 21 of
1777 297 87 26 Sussex,

1284 318 109 27 21,000;
1408 319 37 22 the
1456 319 65 23 Duke
1532 321 26 21 of
1564 321 134 27 Cambridgs,
1710 322 107 28 27,000;
1828 323 37 22 the

1286 344 102 22 Princess
1407 345 72 28 Mary,
1501 354 49 14 now
1569 347 101 23 Duchess
1685 348 25 22 of
1729 349 135 26 Gloucester,

1284 369 111 29 15,958;
1410 372 37 22 the
1463 372 100 23 Princess
1576 374 109 27 Augusta,
1705 375 107 28 11,216;
1828 377 37 21 the

1286 397 97 22 Princess
1403 399 81 27 Sophia
1503 399 25 22 of
1549 400 135 27 Gloucester,
1709 401 92 27 7,000;
1825 402 40 22 her

1286 423 96 27 Majesty
1389 425 108 29 Adelaide
1507 426 37 22 the
1550 427 77 24 Queen
1634 427 101 28 Dowger,
1744 428 120 29 100,000;

1284 449 40 22 her
1345 450 71 27 Royal
1439 452 113 27 Highness
1571 453 37 22 the
1632 453 101 23 Duchess
1750 455 27 21 of
1796 455 68 28 Kent,

1285 476 95 26 30,000
1388 485 6 19 ;
1410 478 36 21 the
1462 482 91 19 trustees
1564 480 25 21 of
1601 480 78 22 Prince
1694 480 105 28 Leopold,
1816 488 49 16 now

1286 502 59 26 King
1356 504 24 21 of
1391 504 38 21 the
1440 505 103 27 Belgians
1554 508 23 24 (a
1585 511 48 22 part
1650 507 93 26 repaid,)
1754 508 97 26 50,000
1858 517 6 18 ;

1286 529 35 21 the
1329 529 66 22 Duke
1404 531 25 20 of
1436 532 155 27 Cumberland,
1598 540 49 15 now
1654 534 62 26 King
1723 535 24 21 of
1752 534 112 27 Hanover,

1284 556 106 26 21,000;
1410 557 37 22 the
1465 563 99 17 servants
1581 560 25 20 of
1622 560 62 27 King
1704 561 87 26 George
1811 561 53 27 111.,

1284 582 78 23 Queen
1371 584 117 26 Charlotte,
1500 585 43 21 and
1553 586 77 23 Queen
1643 587 107 25 Caroline,
1761 589 103 25 14,065.

1284 608 85 26 Charge
1383 609 35 22 for
1434 610 36 22 the
1487 612 61 26 royal
1563 612 84 26 family,
1664 614 111 22 exclusive
1789 615 26 21 of
1827 615 37 22 the

1284 635 77 24 Queen
1372 636 44 21 and
1429 636 78 23 Prince
1516 638 85 26 Albert,
1613 639 117 26 313,197.

1310 662 21 21 A
1343 661 141 24 Promissino
1491 664 119 22 Youth.
1612 666 44 21 Mr.
1667 666 83 22 Robert
1757 667 59 27 Peel,
1827 667 37 23 the

1284 687 117 23 Premier's
1411 689 71 23 eldest
1492 698 48 19 son,
1551 692 17 20 it
1578 692 18 21 is
1605 695 38 18 not
1653 693 113 28 generally
1775 693 89 28 known,

1282 721 20 14 is
1312 721 40 14 one
1363 715 26 20 of
1403 715 36 22 the
1451 720 55 18 most
1514 718 122 27 promising
1650 723 99 19 amateur
1758 721 74 21 tailors
1843 722 25 20 of

1284 740 36 21 the
1331 740 49 28 day.
1410 742 43 22 His
1463 744 67 25 tunic,
1543 744 71 22 which
1624 746 87 21 excited
1723 754 21 14 so
1756 747 66 21 much
1832 751 33 17 at-

1284 767 82 22 tention
1378 772 23 17 at
1411 768 35 22 the
1458 768 44 23 late
1512 778 98 20 masque,
1622 779 43 14 was
1674 773 90 27 entirely
1777 773 88 23 devised

1284 794 42 21 and
1335 794 97 27 adapted
1441 796 29 26 by
1480 796 95 23 himself.

1310 820 62 27 King
1387 820 76 23 James
1473 823 37 22 the
1525 823 60 23 First
1594 832 43 14 was
1646 833 54 14 once
1715 826 112 27 presented
1843 830 22 19 to

1284 853 12 14 a
1307 854 52 14 man
1369 847 49 22 who
1429 850 64 21 could
1505 850 84 23 devour
1603 852 76 27 nearly
1688 860 15 14 a
1713 853 69 21 whole
1799 853 66 28 sheep

1284 876 22 18 at
1323 880 14 14 a
1355 874 65 21 meal.
1460 876 42 21 His
1521 877 96 28 Majesty
1636 879 69 21 asked
1724 880 37 21 the
1779 880 86 27 glutton

1283 901 97 21 whether
1389 901 27 21 he
1425 902 65 22 could
1500 903 28 22 do
1538 911 61 14 more
1608 906 57 21 work
1676 906 54 22 than
1737 907 62 22 other
1806 914 58 20 men,

1283 927 45 20 and
1337 927 82 27 having
1432 930 82 24 replied
1524 930 49 21 that
1587 930 27 23 he
1624 932 66 22 could
1700 936 44 24 not,
1756 933 37 23 the
1803 933 62 28 King

1283 953 129 27 exclaimed,
1543 956 46 23 him
1606 958 66 22 then:
1692 960 36 20 for
1744 961 18 21 it
1778 961 18 21 is
1810 962 55 21 unfit

1282 980 53 21 such
1350 987 14 14 a
1380 987 52 15 man
1448 982 78 22 should
1541 983 50 27 live,
1607 984 48 23 that
1669 990 47 18 eats
1725 994 23 14 as
1764 988 66 21 much
1841 996 23 14 as

1282 1008 82 25 twenty
1373 1014 59 19 men,
1448 1009 42 20 and
1501 1014 82 17 cannot
1592 1011 27 21 do
1630 1019 23 15 as
1663 1013 67 21 much
1739 1020 24 14 as

1309 1033 65 21 From
1386 1034 102 26 Portugal
1500 1043 32 14 we
1547 1036 56 22 have
1618 1039 109 27 received,
1738 1040 79 27 during
1826 1041 38 21 the

1282 1062 63 28 past^
1359 1060 69 27 week,
1460 1062 140 28 satisfactory
1625 1064 150 28 intelligence.
1817 1066 47 23 The

1283 1090 88 17 treaties
1381 1087 27 20 of
1422 1094 130 21 commerce,
1563 1090 43 21 and
1617 1090 35 21 for
1667 1091 38 22 the
1723 1092 102 22 abolition
1843 1094 25 21 of

1283 1111 36 23 the
1330 1112 60 22 slave
1401 1114 68 27 trade,
1482 1122 56 15 were
1549 1116 87 22 ratified
1648 1125 26 14 on
1692 1118 38 22 the
1743 1120 50 21 30th
1812 1120 53 27 July

1283 1139 28 27 by
1321 1139 37 21 the
1369 1140 82 21 British
1460 1142 44 21 and
1515 1142 135 28 Portuguese
1656 1144 208 30 plenipotentiaries,

1284 1167 46 20 who
1341 1169 46 18 met
1396 1167 37 21 the
1449 1167 91 29 leading
1554 1170 109 21 members
1674 1172 25 21 of
1711 1172 36 21 the
1764 1172 101 22 Govern-

1283 1196 62 18 ment
1355 1196 21 18 at
1394 1193 36 22 the
1447 1194 66 22 Duke
1524 1196 26 21 of
1556 1196 127 26 Terceira's,
1695 1199 42 21 and
1750 1198 37 23 the
1799 1200 66 22 docu-

1283 1222 73 18 ments
1364 1219 24 22 in
1396 1221 101 26 question
1506 1229 56 15 were
1568 1224 126 22 afterwards
1705 1226 78 26 signed
1791 1226 28 27 by
1826 1227 40 21 her

1284 1246 98 27 Majesty
1394 1247 82 22 Donna
1490 1248 80 28 Maria,
1582 1250 48 21 who
1647 1250 43 22 had
1707 1252 120 27 proceeded
1843 1257 22 17 to

1284 1273 77 21 Cmtra
1370 1273 34 21 for
1413 1274 49 21 that
1476 1282 100 20 purpose.
1604 1277 42 21 We
1663 1280 152 25 congratulate
1825 1288 40 14 our

1283 1299 88 21 readers
1382 1307 28 14 on
1422 1301 42 20 this
1479 1302 140 28 ratification,
1634 1305 59 21 since
1710 1306 36 21 the
1764 1313 41 15 one
1821 1307 44 21 will

1284 1327 124 26 materially
1418 1327 63 22 assist
1490 1329 22 20 in
1523 1330 87 26 putting
1619 1338 13 14 a
1643 1335 50 23 stop
1703 1335 21 18 to
1741 1332 37 21 the
1794 1334 71 21 traffic

1283 1359 23 14 in
1317 1352 82 22 human
1410 1354 55 21 flesh
1472 1362 5 19 ;
1494 1355 72 22 whilst
1582 1356 37 22 the
1637 1358 63 21 other
1716 1359 42 21 will
1775 1359 51 22 lead
1844 1363 21 18 to

1284 1379 69 27 cheap
1372 1380 64 27 wine,
1453 1381 68 28 cheap
1538 1382 59 27 fruit,
1609 1384 45 21 and
1672 1385 64 22 other
1749 1386 116 26 agreeable

1284 1406 137 22 condiments
1449 1412 36 17 too
1512 1415 118 17 numerous
1658 1414 22 18 to
1708 1412 156 27 particularise.

1283 1432 71 22 There
1363 1433 40 21 has
1413 1434 57 22 been
1481 1442 59 15 some
1550 1436 44 22 loss
1604 1438 26 21 of
1637 1438 52 21 time
1705 1446 24 14 as
1744 1439 50 22 well
1808 1447 24 14 as
1843 1441 25 20 of

1284 1462 84 24 temper
1383 1461 53 21 with
1452 1465 86 23 respect
1553 1467 22 17 to
1591 1464 61 22 these
1671 1466 95 27 treaties,
1787 1467 44 21 and
1851 1474 13 14 a

1284 1489 63 23 great
1365 1486 51 22 deal
1435 1487 25 22 of
1476 1489 144 22 slovenliness
1639 1491 113 28 displayed
1770 1492 23 22 in
1808 1494 57 21 their

1283 1514 138 26 preparation
1441 1515 45 21 and
1507 1517 133 27 engrossing,
1666 1526 28 13 on
1721 1519 35 22 the
1777 1523 47 23 part
1843 1520 26 22 of

1284 1539 37 21 the
1347 1540 134 27 Portuguese
1506 1542 140 29 authorities;
1676 1545 40 22 but
1740 1553 48 14 wno
1813 1546 52 22 does

1284 1569 39 18 not
1345 1566 65 22 know
1434 1567 48 22 that
1504 1569 38 22 the
1562 1572 100 21 aversion
1687 1576 23 17 to
1732 1573 64 21 order
1821 1574 44 21 and

1284 1593 100 21 business
1393 1594 41 21 felt
1443 1595 54 21 both
1507 1596 30 26 by
1547 1597 117 26 Spaniards
1674 1599 45 22 and
1730 1600 134 26 Portuguese

1284 1626 19 14 is
1313 1626 41 14 one
1364 1620 25 22 of
1400 1621 37 21 the
1447 1629 76 15 causes
1535 1623 25 21 of
1572 1623 36 23 the
1618 1625 88 22 various
1720 1627 144 26 unprofitable

1284 1647 77 26 delays
1370 1647 71 22 which
1451 1649 51 22 take
1512 1649 63 26 place
1584 1650 24 23 in
1617 1651 38 22 the
1665 1652 133 23 Peninsula?

1312 1673 85 22 Letters
1411 1675 58 22 from
1486 1676 82 22 Lisbon
1585 1678 66 27 speak
1665 1679 26 21 of
1704 1679 36 22 the
1756 1681 109 27 approach

1285 1699 26 21 of
1317 1699 59 28 large
1387 1701 76 22 bodies
1474 1703 25 20 of
1512 1704 94 24 Spanish
1617 1708 73 24 troops
1701 1709 21 18 to
1733 1706 36 22 the
1785 1707 80 22 Portu-

1284 1733 66 20 guese
1368 1727 108 23 frontiers.
1515 1730 56 21 New
1595 1731 107 22 demands
1721 1740 56 14 were
1799 1734 66 27 being

1286 1753 64 22 made
1374 1755 29 26 by
1422 1755 36 21 the
1482 1756 133 27 Portuguese
1638 1763 151 23 government,
1813 1761 51 26 and,

1286 1784 101 23 amongst
1396 1781 78 27 others,
1484 1783 25 21 of
1515 1784 77 25 32,000
1598 1784 81 23 dollars
1688 1786 35 21 for
1731 1786 37 21 the
1777 1793 87 15 ransom

1284 1807 52 26 paid
1356 1809 27 25 by
1403 1808 37 21 the
1459 1810 93 26 Spanish
1575 1814 88 19 senator
1686 1813 78 25 Saenz,
1785 1817 23 17 to
1827 1813 38 22 the

1286 1833 93 26 Spanish
1394 1835 96 25 bandits,
1503 1836 49 21 who
1568 1836 45 23 had
1629 1838 74 21 seized
1720 1838 43 22 and
1782 1840 83 21 carried

1284 1859 47 23 him
1342 1868 72 15 across
1429 1861 37 22 the
1484 1863 134 27 Portuguese
1632 1864 92 23 frontier
1731 1873 5 18 ;
1752 1866 45 21 and
1812 1868 54 21 6000

1286 1887 80 22 dollars
1372 1888 35 21 for
1417 1887 37 22 the
1461 1896 89 15 ransom
1559 1890 26 21 of
1590 1890 33 22 six
1630 1891 117 27 travelling
1756 1893 107 27 students,

1286 1914 83 22 carried
1379 1915 33 21 off
1418 1915 23 21 in
1451 1922 13 14 a
1474 1916 84 21 similar
1572 1924 101 16 manner.-
1700 1918 57 22 Lord
1770 1919 95 22 Howard

1286 1940 28 22 de
1326 1941 92 22 Walden
1427 1941 50 28 will,
1484 1942 19 21 it
1512 1943 19 21 is
1540 1943 99 27 thought,
1648 1945 110 27 negotiate
1766 1946 99 23 between

1286 1967 36 23 the
1333 1968 129 27 disputants,
1474 1969 43 21 and
1528 1973 61 18 avert
1599 1971 105 22 collision.

1312 1994 66 22 From
1389 1994 67 27 Spain
1466 2002 32 14 we
1514 1996 62 21 learn
1587 1996 47 22 that
1649 1998 83 22 Donna
1745 1999 119 27 Charlotte,

1285 2019 37 22 the
1331 2021 49 21 wife
1391 2021 25 21 of
1425 2021 35 21 the
1469 2021 88 22 Infante
1564 2023 51 21 Don
1623 2024 117 22 Francisco
1750 2025 28 22 de
1787 2026 75 27 Paula,

1284 2045 19 22 is
1313 2054 13 14 a
1335 2047 148 22 troublesome
1494 2052 45 18 sort
1550 2050 26 20 of
1585 2057 13 14 a
1608 2050 57 27 lady.
1695 2052 42 21 She
1750 2052 117 28 positively

1284 2073 88 21 refused
1383 2077 22 18 to
1415 2074 48 27 quit
1473 2075 95 27 Madrid,
1580 2076 43 21 and
1637 2077 102 22 declared
1750 2078 46 22 that
1806 2079 59 22 force

1286 2098 77 23 should
1379 2101 27 21 be
1416 2101 96 21 resorted
1524 2105 22 18 (o
1555 2103 75 21 before
1643 2104 38 21 she
1693 2105 71 22 would
1775 2110 92 17 consent

1286 2129 22 19 to
1326 2126 68 27 yield.
1423 2127 47 22 The
1490 2128 66 22 Duke
1571 2129 28 21 de
1616 2129 21 22 la
1655 2130 96 23 Victoire
1761 2139 44 15 was
1819 2137 45 22 not,

1285 2152 107 27 however,
1401 2161 12 13 a
1418 2161 51 15 man
1478 2157 22 19 to
1509 2155 26 21 be
1542 2155 138 23 intimidated
1688 2165 24 14 or
1719 2158 148 23 contradicted

1286 2179 27 28 by
1324 2180 54 22 such
1392 2184 56 18 sorts
1460 2182 25 20 of
1499 2182 112 27 obstacles,
1623 2184 45 21 and
1684 2184 83 26 replied
1780 2185 54 27 that,
1850 2186 19 21 if

1286 2213 120 20 necessary,
1423 2207 54 21 both
1495 2207 85 23 herself
1592 2209 44 22 and
1653 2210 39 22 her
1709 2211 75 27 family
1795 2212 72 22 would

1284 2233 28 21 be
1328 2235 99 21 escorted
1446 2234 30 27 by
1493 2234 36 22 the
1544 2235 95 28 military
1655 2240 21 18 to
1696 2238 32 21 St.
1745 2239 120 22 Sebastian.

1286 2260 35 22 He
1336 2259 40 23 has
1390 2261 56 27 fully
1461 2261 100 23 resolved
1580 2266 23 18 to
1617 2263 69 22 admit
1697 2265 25 20 of
1733 2272 30 14 no
1773 2265 93 27 intrigue

1284 2287 86 26 against
1379 2287 35 22 his
1429 2292 152 23 government,
1592 2289 40 22 but
1647 2294 20 17 to
1685 2291 55 21 raise
1755 2292 67 26 Spain
1839 2294 29 26 by

1284 2313 37 22 the
1342 2322 83 19 energy
1442 2315 44 21 and
1500 2316 149 27 promptitude
1666 2318 26 20 of
1708 2318 32 21 his
1751 2318 114 23 decisions.

1287 2340 69 22 When
1368 2341 83 22 Donna
1462 2342 114 22 Charlotta
1585 2343 69 22 heard
1665 2344 33 21 his
1714 2344 103 27 decision,
1829 2346 38 21 she

1284 2367 40 21 left
1335 2367 36 22 the
1387 2368 95 28 Spanish
1500 2369 87 27 capital,
1599 2370 44 21 and
1658 2371 68 22 saved
1741 2372 84 21 herself
1837 2379 30 15 an

1284 2400 108 21 exposure
1411 2395 47 21 ami
1473 2403 13 14 a
1501 2396 131 21 denouement
1651 2397 72 22 which
1738 2399 73 21 would
1829 2404 40 17 not

1285 2420 56 23 have
1364 2421 58 22 been
1444 2423 125 26 agreeable.
1610 2423 43 22 She
1677 2425 88 22 arrived
1788 2430 23 17 at
1834 2427 32 20 St.

1284 2447 114 23 Sebastian
1409 2456 28 14 on
1449 2449 36 22 the
1495 2450 46 21 sth.
1569 2450 48 23 The
1628 2451 95 26 Spanish
1730 2452 86 26 Regent
1826 2452 41 22 has

1284 2473 93 23 ordered
1387 2482 14 14 a
1409 2475 52 28 levy
1472 2477 25 20 of
1503 2477 77 26 25,000
1589 2478 99 21 recruits.

1311 2501 11 19 'I
1331 2508 59 16 rade
1401 2503 101 22 Report.
1534 2504 65 21 Coals
1614 2511 36 14 are
1666 2511 13 14 a
1693 2504 68 23 shade
1776 2505 91 22 blacker

1284 2527 52 22 than
1346 2529 52 27 they
1406 2536 54 14 were
1469 2530 41 21 last
1518 2531 68 26 week,
1594 2531 39 21 but
1641 2535 39 17 not
1686 2532 59 26 quite
1751 2539 24 14 so
1783 2532 70 28 heavy
1860 2541 5 19 ;

1284 2555 44 21 and
1343 2556 86 27 turnips
1444 2562 35 16 are
1497 2557 67 22 much
1581 2557 81 27 lighter
1676 2558 53 21 than
1745 2558 52 28 they
1813 2559 56 22 have

1284 2581 56 22 been
1356 2582 81 22 known
1448 2583 36 22 for
1498 2591 12 14 a
1522 2584 151 22 considerable
1687 2585 83 27 period.
1799 2586 71 21 Great

1284 2609 129 26 complaints
1421 2617 36 14 are
1465 2611 65 21 made
1537 2611 26 20 of
1566 2611 36 21 the
1610 2611 107 27 ticketing
1724 2616 79 22 system
1811 2621 4 18 ;
1824 2613 45 22 and

1284 2642 89 19 persons
1379 2637 68 26 going
1455 2640 21 18 to
1481 2637 108 28 purchase
1596 2638 85 25 shawls,
1687 2645 26 14 as
1719 2639 51 26 they
1776 2646 92 21 suppose

1284 2666 22 17 at
1316 2662 121 28 ninepence
1445 2663 182 28 three-farthings
1634 2665 61 26 each,
1707 2672 37 15 are
1754 2666 113 26 disgusted

1284 2692 23 18 at
1315 2689 68 27 being
1392 2690 98 22 referred
1500 2696 21 16 to
1532 2698 13 15 a
1555 2699 53 19 very
1614 2691 63 22 small
1689 2699 42 14 one
1740 2693 75 27 pound
1824 2694 45 21 six-

1286 2720 48 17 teen
1350 2717 92 21 marked
1453 2725 53 20 very
1516 2718 78 27 lightly
1604 2718 22 21 in
1636 2718 67 27 pincil
1717 2719 151 27 immediately

1284 2742 73 23 before
1369 2743 36 22 the
1416 2743 57 28 9|d.,
1486 2745 71 21 which
1564 2745 18 21 is
1589 2752 50 20 very
1644 2746 62 26 large
1716 2745 43 22 and
1770 2746 22 21 in
1804 2746 65 22 black

1283 2769 46 22 ink.
1363 2770 73 22 There
1453 2778 56 15 were
1524 2772 85 21 several
1624 2772 146 21 transactions
1787 2773 26 21 of
1825 2773 44 22 this

1284 2795 55 23 kind
1347 2796 80 29 during
1437 2797 36 22 the
1480 2798 71 21 whole
1560 2798 108 27 morning.
1698 2798 47 23 The
1752 2799 117 27 depressed

1284 2826 56 18 state
1350 2824 25 20 of
1387 2823 37 22 the
1435 2825 121 22 Gossamer
1569 2825 87 22 market
1672 2826 40 21 has
1721 2826 54 27 long
1789 2826 57 22 been
1857 2834 12 13 a

1284 2850 84 27 subject
1386 2851 25 21 of
1427 2852 154 21 conversation
1601 2859 80 20 among
1700 2852 36 21 the
1755 2853 114 22 fore-and-

1283 2876 74 22 niners
1366 2877 48 22 who
1419 2878 104 27 frequent
1530 2879 36 22 the
1575 2879 68 27 cheap
1650 2879 143 27 coffee-shops
1800 2879 23 22 in
1832 2880 36 21 the

1285 2903 45 27 city
1336 2911 6 18 ;
1362 2904 37 21 but
1409 2912 28 13 no
1449 2912 42 15 one
1506 2906 77 21 knows
1599 2905 37 22 the
1647 2913 65 14 cause
1723 2906 25 21 of
1760 2906 58 21 what
1827 2906 42 22 has

1285 2930 66 21 taken
1361 2931 71 26 place,
1442 2939 88 14 norcau
1542 2932 53 27 they
1603 2932 87 28 exactly
1697 2936 54 17 state
1763 2932 57 22 what
1830 2933 38 22 the

1284 2964 134 15 occurrence
1432 2959 19 20 is
1461 2958 48 22 that
1517 2959 54 27 they
1580 2966 37 14 are
1627 2966 24 13 so
1660 2959 77 27 loudly
1747 2959 122 27 complain-

1283 2983 39 27 ing
1338 2984 29 22 of.
1396 2985 74 21 Bones
1486 2985 104 22 continue
1604 2988 23 18 to
1643 2985 60 22 fetch
1720 2993 13 14 a
1747 2992 74 22 penny
1836 2987 33 21 for

1284 3013 42 19 two
1335 3011 87 26 pounds
1430 3019 5 19 ;
1452 3012 41 21 but
1507 3015 64 24 great
1587 3019 110 14 murmurs
1712 3019 35 14 are
1762 3013 68 22 heard
1845 3013 28 22 of

1284 3036 35 22 the
1332 3037 108 28 difficulty
1446 3039 26 21 of
1477 3039 92 26 making
1578 3046 29 20 up
1617 3046 13 14 a
1638 3039 76 27 pound
1724 3040 65 26 equal
1798 3044 22 17 to
1830 3040 38 21 the

1284 3070 52 21 very
1351 3065 78 21 liberal
1448 3066 90 26 weights
1555 3065 72 22 which
1642 3066 38 21 the
1700 3073 83 14 marine
1800 3070 69 19 store-

1282 3091 91 26 keepers
1383 3099 40 14 use
1429 3092 65 22 when
1505 3092 91 27 making
1603 3093 57 21 their
1666 3093 129 27 purchases;
1808 3094 59 27 they,

1283 3117 106 28 however,
1405 3119 66 22 make
1481 3126 28 20 up
1519 3119 35 21 for
1565 3120 18 21 it
1593 3120 28 26 by
1631 3119 66 27 using
1706 3119 67 22 much
1786 3120 82 27 lighter

1282 3144 90 27 weights
1381 3146 64 21 when
1462 3146 54 27 they
1526 3146 47 27 sell,
1584 3146 72 23 which
1665 3146 19 22 is
1694 3154 25 14 so
1727 3146 35 22 far
1771 3146 42 22 fair
1822 3147 45 22 and

1282 3171 143 29 satisfactory.
1463 3173 47 22 The
1530 3173 90 21 arrivals
1638 3173 24 22 in
1680 3173 72 22 baked
1770 3176 99 24 potatoes

1282 3197 55 22 have
1357 3199 56 21 been
1433 3206 55 22 very
1507 3207 120 18 numerous
1635 3207 5 19 ;
1665 3200 51 26 fifty
1733 3207 54 15 cans
1810 3207 57 15 were

1282 3225 89 22 entered
1383 3226 110 21 outwards
1502 3233 29 15 on
1543 3226 117 27 Saturday.
1689 3228 82 20 Punch.

1308 3251 51 22 The
1377 3260 45 14 old
1441 3253 65 22 Lady
1526 3261 46 14 and
1589 3260 45 15 the
1658 3254 112 21 Cobbler.
1800 3254 66 22 Some

1282 3285 63 19 years
1355 3286 42 19 ago
1404 3279 39 21 the
1455 3279 102 22 husband
1571 3280 25 21 of
1608 3287 28 14 an
1655 3280 36 21 old
1708 3280 52 28 lady
1770 3280 98 28 residing

1281 3305 24 21 in
1314 3312 13 14 a
1336 3309 96 24 country
1440 3306 81 27 village
1532 3306 116 28 happened
1655 3310 22 18 to
1687 3306 36 23 die
1732 3307 75 22 rather
1815 3308 52 21 sud-

1282 3331 66 28 denly
1361 3333 92 21 without
1467 3333 93 26 making
1576 3341 14 13 a
1605 3333 50 27 will,
1670 3333 36 22 for
1723 3333 36 22 the
1778 3338 59 18 want
1847 3335 25 21 of

1281 3358 72 22 which
1369 3366 55 21 very
1446 3366 118 21 necessary
1588 3360 129 27 precaution
1740 3360 34 22 his
1797 3364 70 19 estate

1282 3385 72 22 would
1363 3386 57 21 have
1436 3387 80 27 passed
1531 3393 61 20 away
1602 3386 57 22 from
1674 3387 36 21 his
1728 3388 83 26 widow,
1823 3388 44 21 had

1274 3411 45 25 .she
1334 3416 40 18 not
1389 3413 98 22 resorted
1503 3416 23 18 to
1549 3413 37 21 the
1602 3413 113 27 following
1730 3414 137 22 remarkable
1874 3418 2 28 j

1281 3439 119 27 expedient
1409 3444 23 17 to
1441 3442 62 19 avert
1519 3439 37 22 the
1573 3440 42 21 loss
1633 3440 26 21 of
1668 3440 41 21 her
1723 3446 102 22 property
1832 3449 5 14 :
1874 3435 2 25 !

1281 3465 43 22 She
1340 3466 120 22 concealed
1474 3466 38 21 the
1529 3466 66 23 death
1613 3466 25 21 of
1649 3466 41 22 her
1702 3467 109 26 husband,
1822 3469 45 21 and

1281 3493 111 26 prevailed
1407 3500 60 20 upon
1484 3500 29 15 an
1531 3493 37 21 old
1582 3493 80 26 cob.ler,
1681 3493 42 22 her
1737 3494 129 28 neighbour,

1282 3517 47 23 who
1340 3526 43 15 was
1392 3519 24 22 in
1428 3527 77 19 person
1517 3520 120 21 somewhat
1645 3520 45 21 like
1702 3520 35 22 the
1749 3521 115 28 deceased,

1281 3548 22 17 to
1313 3552 29 19 go
1352 3549 21 18 to
1389 3546 44 22 bed
1447 3550 24 18 at
1485 3547 39 21 her
1540 3546 68 22 house
1622 3547 43 21 and
1679 3550 115 24 personate
1811 3548 55 28 him,

1281 3571 22 21 in
1313 3572 72 22 which
1395 3573 114 22 character
1519 3573 17 21 it
1546 3580 44 14 waa
1600 3574 81 26 agreed
1691 3574 47 22 that
1747 3574 28 22 he
1786 3575 81 22 should

1281 3597 80 23 dictate
1372 3607 13 14 a
1395 3599 50 28 will,
1456 3600 92 27 leaving
1563 3599 37 22 the
1617 3600 78 22 widow
1707 3601 36 22 the
1760 3604 69 20 estate
1844 3602 23 23 in

1281 3626 108 26 question.
1428 3627 37 21 An
1481 3630 101 28 attorney
1597 3634 44 14 was
1657 3627 142 28 accordingly
1818 3633 49 20 sent

1280 3652 34 22 for
1324 3656 23 17 to
1357 3660 92 21 prepare
1458 3653 39 22 the
1512 3653 103 28 required
1632 3654 124 27 document,
1768 3655 45 22 and
1829 3656 38 22 tbe

1281 3677 76 23 widow
1367 3686 29 15 on
1406 3679 35 22 his
1456 3680 81 26 arrival
1553 3681 109 27 appeared
1678 3684 22 19 to
1717 3681 27 22 be
1759 3682 108 28 realizing

1279 3704 37 22 the
1327 3710 98 22 greatest
1439 3707 106 22 affliction
1562 3711 23 18 at
1601 3707 41 22 her
1658 3708 58 26 good
1731 3709 70 22 man's
1811 3708 56 23 dan-

1279 3738 45 21 ger,
1336 3733 39 21 but
1389 3733 113 22 forthwith
1517 3733 126 28 proceeded
1658 3737 24 18 to
1698 3734 39 22 ask
1753 3736 114 26 questions

1280 3758 26 22 of
1315 3756 41 24 her
1371 3760 123 26 pretended
1507 3760 110 27 husband,
1628 3761 124 22 calculated
1766 3765 23 18 to
1804 3762 63 22 elicit

1280 3784 36 22 the
1326 3792 97 16 answers
1433 3786 40 23 she
1483 3786 109 27 expected
1601 3787 46 21 and
1655 3786 95 23 desired.
1771 3788 47 22 The
1829 3788 37 23 old

1279 3811 89 23 cobbler
1378 3812 110 28 groaning
1501 3813 74 27 aloud,
1592 3813 44 21 and
1650 3813 90 28 looking
1758 3821 25 14 as
1797 3815 68 22 much

1278 3837 45 23 like
1333 3845 15 15 a
1357 3846 79 20 person
1445 3841 67 25 going
1523 3842 22 18 to
1554 3839 52 27 give
1616 3846 30 20 up
1655 3839 38 21 the
1708 3839 65 27 ghost
1782 3848 23 14 as
1814 3848 51 20 pos-

1278 3863 61 28 sible,
1349 3865 76 28 feebly
1434 3865 119 26 answered,
1617 3865 78 22 intend
1711 3868 21 19 to
1747 3865 64 23 leave
1820 3874 44 21 you

1278 3891 50 22 half
1338 3898 37 21 my
1391 3895 83 24 estate;
1489 3889 46 25 arid
1549 3891 15 26 .1
1580 3891 29 26 do
1625 3891 65 23 think
1705 3891 37 23 the
1757 3900 56 20 poor
1826 3893 39 24 old

1277 3917 138 27 shoemaker,
1427 3917 49 23 who
1485 3917 57 23 lives
1547 3924 53 16 over
1609 3917 38 22 the
1655 3924 57 21 way,
1721 3917 18 23 is
1746 3918 118 30 deserving

701 2005 102 22 Poland.
835 2009 28 17 To
874 2008 34 18 the
917 2007 103 19 Members
1029 2008 28 23 of
1067 2008 36 19 the
1110 2009 84 19 British
1204 2009 54 19 Par-

675 2033 91 19 liament.
797 2033 34 20 On
842 2040 14 14 a
865 2036 76 18 recent
952 2033 101 21 occasion
1061 2033 33 21 Sir
1102 2034 84 21 Robert
1198 2035 58 26 Peel,

675 2058 37 22 the
722 2058 117 23 illustrious
850 2059 56 21 head
915 2059 26 21 of
952 2066 56 20 your
1023 2058 186 29 administration,
1220 2068 38 15 ex-

677 2085 88 28 pressed
774 2085 92 22 himself
877 2085 71 22 in^he
958 2085 112 28 following
1081 2089 66 19 terms
1155 2094 6 14 ::

725 2118 11 21 I
743 2125 35 14 am
785 2117 122 22 convinced
917 2117 54 27 that,
982 2118 57 21 after
1049 2118 30 21 all
1091 2118 37 22 the
1138 2119 67 22 blood
1215 2120 43 22 and

677 2148 96 17 treasure
783 2144 70 22 which
868 2148 59 17 must
938 2145 26 20 be
980 2144 118 27 expended
1113 2146 22 21 in
1153 2148 103 26 carrying

677 2174 38 19 out
724 2171 55 22 such
794 2171 124 27 pernicious
935 2171 79 27 policj',
1025 2171 18 21 it
1147 2172 26 22 be
1189 2174 70 22 found

677 2198 47 21 lhat
741 2198 138 26 nationality,
895 2198 20 20 if
925 2198 18 21 it
962 2205 52 19 may
1029 2198 27 21 be
1075 2199 100 27 crushed,
1188 2200 70 22 would

675 2231 70 15 never
754 2225 26 20 be
791 2224 166 27 extinguished;
974 2224 45 21 that
1035 2224 29 21 its
1079 2226 60 26 spirit
1154 2227 103 22 survived

676 2251 80 22 amidst
767 2258 65 20 every
841 2251 127 27 oppression
983 2251 23 21 in
1022 2250 64 23 lands
1104 2252 102 23 however
1216 2254 42 21 dis-

677 2281 48 18 tant
734 2278 46 21 and
788 2278 103 25 obscure;
907 2278 45 21 and
969 2277 48 22 that
1031 2278 84 27 though
1131 2280 37 21 the
1184 2281 74 21 unfor-

675 2308 77 18 tunate
762 2304 86 22 natives
857 2304 105 27 might-be
973 2306 137 26 transported
1118 2306 46 22 into
1171 2310 86 24 strange

675 2331 83 26 climes,
769 2331 19 21 it
797 2331 68 22 would
877 2332 27 20 be
914 2338 53 15 seen
975 2331 47 21 how
1034 2333 85 27 strictly
1129 2336 48 19 true
1187 2334 18 21 it
1215 2342 41 14 was

675 2358 23 22 in
708 2358 44 22 this
763 2358 45 21 and
818 2357 30 22 all
858 2358 62 21 other
930 2365 62 14 cases

764 2390 7 10 '
780 2390 91 26 Ccelum,
882 2397 45 14 non
938 2390 99 22 animum
1049 2392 123 22 mutant."'

703 2421 22 21 It
735 2421 19 21 is
769 2421 43 21 this
825 2421 83 26 feeling
917 2421 73 22 which
1007 2423 108 22 animates
1132 2424 38 22 the
1189 2424 68 22 whole

676 2448 76 22 Polish
762 2449 82 25 nation,
856 2447 44 22 and
914 2448 18 21 it
941 2449 18 21 is
969 2449 22 21 in
1011 2449 40 21 her
1066 2457 72 21 name,
1151 2459 24 14 as
1186 2452 72 21 Gene-

675 2475 66 21 ral-in
753 2475 64 22 Chief
830 2475 25 21 of
862 2475 39 21 her
910 2482 70 20 army,
990 2476 101 22 invested
1102 2478 155 28 provisionally

675 2501 52 22 with
738 2501 36 22 the
785 2508 71 21 power
866 2502 26 21 of
903 2502 111 26 president
1023 2504 26 20 of
1061 2504 35 23 the
1112 2505 98 21 national
1220 2512 37 19 go-

675 2533 126 22 vernment,
808 2529 47 21 that
862 2529 9 21 I
879 2529 90 21 address
979 2530 83 26 myself
1068 2531 53 21 with
1128 2532 128 21 confidence

676 2560 21 17 to
708 2556 37 21 the
755 2555 83 22 British
854 2555 133 22 Parliament
1003 2560 22 18 to
1043 2564 88 20 express
1143 2558 41 21 her
1192 2559 66 27 grati-

675 2583 51 21 tude
747 2582 44 22 and
810 2581 39 23 her
868 2582 76 27 hopes.
986 2583 48 22 The
1062 2585 66 21 forms
1153 2585 25 22 of
1202 2593 55 19 your

673 2609 137 22 honourable
821 2609 68 22 house
905 2614 94 22 prevent
1014 2618 27 13 us
1057 2611 57 22 from
1131 2612 125 27 expressing

674 2636 22 22 in
707 2644 14 14 a
731 2643 94 15 manner
833 2643 61 14 more
905 2637 116 26 congenial
1035 2641 23 18 to
1068 2645 41 15 our
1119 2639 92 27 feelings
1221 2639 35 21 the

674 2663 57 27 deep
741 2670 63 14 sense
814 2670 32 14 we
857 2663 110 22 entertain
978 2665 26 19 of
1013 2671 57 19 your
1079 2673 110 19 generous
1199 2673 57 20 sym-

674 2690 85 26 pathies
769 2697 28 14 on
807 2689 77 22 behalf
896 2690 26 21 of
933 2691 38 21 the
982 2691 75 21 Polish
1065 2692 85 22 nation.

700 2716 48 22 The
758 2717 58 26 good
828 2716 77 22 wishes
910 2717 118 26 expressed
1039 2718 34 22 for
1082 2718 35 23 the
1127 2718 129 28 nationality

674 2743 26 21 of
721 2743 85 22 Poland
829 2750 28 14 on
872 2743 43 22 this
933 2745 134 22 memorable
1084 2746 101 22 occasion
1202 2746 54 21 have

675 2769 97 22 touched
787 2770 37 21 the
841 2769 74 23 hearts
931 2771 26 21 of
976 2770 39 22 her
1033 2779 57 20 sons,
1111 2773 44 22 and
1171 2772 85 22 console

675 2796 59 22 them
752 2797 23 21 in
790 2797 57 21 their
863 2797 150 22 misfortunes.
1049 2799 63 27 They
1127 2802 64 19 know
1209 2799 47 22 how

672 2823 60 26 good
748 2823 79 22 wishes
842 2831 51 20 may
907 2824 26 21 be
950 2824 99 27 changed
1065 2826 44 21 into
1122 2830 135 24 representa-

674 2851 64 26 tions,
750 2850 44 22 and
804 2851 183 26 representations
996 2851 46 22 into
1056 2853 84 22 solemn
1152 2856 105 25 protesta-

674 2877 64 26 tions,
758 2877 44 21 and
827 2877 48 21 how
900 2877 38 21 the
963 2880 155 25 protestations
1142 2880 26 21 of
1190 2880 68 21 Great

673 2904 84 21 Britain
769 2912 38 13 are
821 2911 68 14 never
905 2903 65 22 made
984 2905 24 20 in
1020 2906 51 21 vain
1080 2914 4 18 ;
1102 2906 52 27 they
1172 2906 43 22 will
1232 2907 24 21 be

673 2931 68 21 heard
759 2931 57 21 from
834 2938 43 14 one
893 2931 45 21 end
956 2931 26 21 of
1002 2931 37 23 the
1058 2932 102 22 universe
1180 2937 23 18 to
1222 2934 35 21 the

673 2957 70 26 other,
754 2957 46 22 and
809 2957 63 22 teach
883 2964 27 15 an
921 2957 123 28 important
1053 2959 80 22 lesson.

700 2984 69 22 What
783 2992 13 14 a
812 2987 63 24 great
891 2985 78 21 nation
985 2985 78 21 wishes
1079 2986 35 21 for
1129 2986 39 22 she
1183 2986 75 23 knows

672 3011 48 22 how
731 3016 23 17 to
771 3011 133 28 accomplish
911 3019 6 19 ;
935 3018 50 20 may
996 3011 106 28 England
1119 3018 89 23 support
1225 3021 30 19 us,

672 3039 45 20 and
726 3039 29 26 by
771 3039 41 21 her
827 3038 36 21 aid
880 3038 81 22 render
976 3038 36 22 the
1029 3038 54 28 holy
1089 3037 73 25 'cause
1182 3040 27 21 of
1219 3048 38 14 our

672 3070 93 22 country
776 3065 143 28 triumphant.

698 3092 23 21 It
731 3099 56 14 were
799 3092 49 21 vain
860 3096 21 17 to
891 3092 69 27 speak
971 3093 25 20 of
1008 3093 36 22 the
1055 3100 74 15 means
1140 3094 116 28 employed

671 3119 29 26 by
710 3119 37 21 the
757 3123 148 23 government
914 3119 26 21 of
951 3120 81 21 Russia
1047 3123 21 18 to
1079 3124 92 18 convert
1180 3121 75 22 fifteen

672 3145 97 22 millions
779 3146 25 21 of
811 3146 66 21 Poles
886 3146 47 21 into
943 3153 23 14 so
978 3153 66 21 many
1054 3147 114 22 Russians.
1198 3148 59 21 That

672 3172 44 22 end
726 3173 38 21 she
775 3172 56 22 shall
841 3179 68 15 never
921 3173 135 28 accomplish
1065 3174 65 22 while
1142 3174 62 22 there
1214 3175 20 21 is
1244 3181 11 14 a

672 3199 52 22 God
733 3200 70 21 above
814 3199 44 22 and
868 3207 14 13 a
889 3199 48 22 free
950 3200 77 26 people
1039 3207 29 15 on
1079 3201 70 22 earth.

697 3226 49 22 The
756 3226 77 28 people
843 3226 25 21 of
879 3226 87 21 Poland
981 3226 58 22 have
1055 3228 149 26 experienced
1213 3230 43 20 ter-

670 3253 55 21 rible
737 3253 142 22 vicissitudes.
899 3252 63 28 They
973 3253 49 22 who
1032 3253 56 22 from
1099 3254 92 28 infancy
1199 3254 56 23 have

670 3279 99 23 imbibed
784 3280 37 22 the
835 3279 51 22 love
901 3280 27 21 of
949 3283 102 24 country,
1071 3280 46 22 and
1134 3281 48 22 who
1201 3281 54 22 have

672 3306 60 21 often
743 3307 44 22 and
797 3307 39 22 but
847 3306 98 27 recently
954 3306 77 22 armed
1044 3306 24 23 in
1079 3306 92 24 defence
1182 3308 26 22 of
1218 3308 38 22 her

670 3333 99 23 liberties
787 3333 45 22 and
849 3333 77 28 rights,
947 3340 36 15 are
1002 3340 49 15 now
1073 3335 141 22 constrained
1234 3338 21 19 to

671 3359 67 22 suffer
751 3360 24 22 iv
791 3360 81 22 silence
892 3367 67 20 every
976 3360 104 28 hardship
1093 3362 44 21 and
1156 3366 98 22 outrage,

671 3386 43 22 and
729 3387 64 29 hare,
804 3387 52 27 only
870 3387 38 22 the
924 3394 95 20 courage
1038 3388 26 21 of
1081 3388 134 27 resignation
1235 3392 20 18 to

670 3420 82 20 oppose
761 3417 22 18 to
794 3414 36 21 the
839 3421 74 20 power
923 3414 27 21 of
961 3414 57 22 their
1028 3421 122 21 oppressor.

697 3440 50 21 One
762 3440 101 28 thought,
874 3440 109 27 however,
994 3444 24 18 at
1035 3440 30 23 all
1082 3442 64 21 times
1155 3441 104 23 consoles'

670 3467 44 21 and
723 3468 94 21 sustains
828 3467 67 22 them.
925 3467 23 22 It
962 3468 19 21 is
997 3468 49 21 that
1063 3468 61 22 these
1140 3468 115 27 hardships

669 3493 44 22 and
729 3498 102 23 outrages
846 3501 54 21 may
913 3498 39 23 yet
961 3494 27 22 be
1006 3494 135 23 serviceable
1159 3500 23 17 to
1199 3494 56 23 their

668 3520 54 27 holy
739 3528 71 20 cause,
828 3521 43 22 and
886 3520 52 28 give
954 3520 59 23 birth
1030 3525 23 17 to
1072 3522 37 21 the
1129 3522 124 21 conviction

668 3554 82 20 among
766 3548 38 21 the
818 3548 154 27 independent
985 3547 90 23 nations
1092 3548 27 21 of
1128 3548 38 22 the
1185 3548 68 26 earth,

668 3574 48 21 that
725 3575 38 21 the
774 3574 206 27 acknowledgment
996 3575 27 20 of
1034 3574 36 22 the
1088 3575 88 22 ancient
1186 3574 68 28 rights

668 3601 25 21 of
705 3601 93 27 Poland,
809 3601 44 22 and
868 3601 38 22 the
922 3601 131 22 restoration
1068 3602 25 21 of
1105 3609 13 14 a
1133 3604 64 24 great
1211 3601 43 22 and

668 3628 150 28 independent
827 3628 85 26 nation,
923 3627 74 22 would
1013 3628 35 21 for
1058 3635 53 16 ever
1121 3632 40 24 put
1171 3635 30 15 an
1211 3628 44 22 end

667 3657 21 18 to
699 3655 44 22 this
754 3654 125 28 deplorable
896 3654 122 27 condition,
1028 3657 122 24 guarantee
1163 3654 39 23 the
1211 3658 43 19 sta-

668 3681 63 28 bility
741 3682 26 21 of
778 3682 37 21 the
831 3684 67 19 states
914 3681 26 22 of
952 3682 94 27 Europe,
1057 3682 45 22 and
1117 3681 108 22 maintain
1242 3688 13 15 a

667 3715 67 20 peace
753 3708 100 23 founded
875 3715 28 16 on
913 3708 91 28 'justice
1024 3707 44 23 and
1087 3708 38 23 the
1143 3708 72 27 rights
1232 3708 24 21 of

667 3736 95 21 nation?.
938 3737 3 3 '

693 3761 195 28 Representatives
910 3761 27 22 of
962 3762 70 22 Great
1049 3761 85 22 Britain
1142 3769 7 18 ;
1174 3761 18 22 it
1209 3768 44 15 was

665 3788 85 28 -worthy
771 3789 25 21 of
814 3795 51 20 you,
884 3788 19 22 it
920 3795 47 15 was
983 3787 87 28 worthy
1088 3788 27 22 of
1135 3788 38 21 the
1191 3790 62 24 great

665 3815 78 22 nation
752 3815 50 22 who
811 3818 120 24 represent,
937 3818 24 19 to
971 3814 68 28 place,
1043 3813 129 28 yourselves
1182 3818 24 17 at
1214 3814 37 21 the

665 3842 57 22 head
729 3842 26 21 of
766 3842 43 24 this
818 3841 67 22 noble
900 3844 137 23 movement,
1055 3840 44 22 and
1114 3842 24 19 to
1152 3840 61 22 show
1224 3841 27 26 by

663 3868 37 23 the
716 3868 198 27 accomplishment
929 3867 26 21 of
968 3874 13 14 a
994 3870 65 23 great
1075 3869 36 19 act
1127 3866 27 22 of
1160 3866 89 29 justice,

664 3895 48 22 that
721 3895 20 22 if
751 3901 46 21 you
806 3901 36 15 are
848 3893 88 28 jealous
945 3900 24 14 in
980 3892 152 27 maintaining
1136 3899 56 20 your
1203 3900 49 15 own

663 3921 105 27 liberties,
778 3927 47 21 you,
830 3927 40 14 can
880 3922 23 19 at
909 3919 41 22 the
960 3924 61 17 same
1028 3922 54 19 time
1093 3917 158 30 acknowledge

562 39 99 47 3H>t
684 39 121 49 qsftto
828 40 209 42 Ztalant*
1062 43 190 47 ffia^m
1274 33 90 50 ab
1383 43 306 49 WltUinqton
1714 41 259 51 spectator/

2106 3752 165 24 FREIGHTS.

1894 3790 99 22 London
2391 3792 14 20 6
2431 3792 56 20 00

1893 3823 58 23 New
1965 3824 78 22 Sooth
2058 3823 86 22 Wales
2158 3829 46 15 and
2214 3821 30 23 V.
2255 3821 30 24 D.
2297 3823 26 23 L.
2351 3839 5 5 .
2364 3839 6 6 .
2387 3826 15 20 2
2411 3840 5 15 ;0
2416 3840 3 15 ;
2447 3815 12 13 U
2489 3824 3 6 '

1892 3856 97 28 Neiso^
2261 3867 107 12 -...<....
2387 3859 14 22 2
2427 3859 32 22 O.i
2469 3859 15 21 0

1892 3890 125 23 Taranaki
2028 3897 45 15 and
2081 3891 73 21 Coast
2292 3894 3 5 '
2387 3894 14 20 2
2428 3887 30 27 6'-
2470 3893 15 20 0

1893 3924 131 21 Auckland
2257 3921 14 23 .'-
2404 3920 5 4 *
2418 3926 39 20 nil.
