3463 6199
189 1596 133 74 The
366 1596 222 74 Lyell
632 1596 267 74 Times.

189 1750 248 40 SATURDAY,
489 1754 177 33 AUGUST
713 1757 47 34 15,
810 1759 89 30 1885.

212 1874 67 34 The
295 1876 104 39 usual,
416 1877 135 44 weekly,
568 1881 115 41 partial
704 1882 218 46 cleaning-up,

169 1931 57 34 did
248 1938 58 28 not
327 1933 73 34 take
423 1936 90 42 place
537 1943 34 26 at
588 1938 52 32 the
657 1940 115 34 Alpine
796 1941 126 44 battery

170 1990 183 45 yesttrday,
377 1991 108 46 owiug
507 2000 32 27 to
557 1993 53 35 the
629 1995 70 34 mill
722 2003 57 27 not
803 1997 121 45 having

172 2048 81 33 been
260 2050 143 41 running
410 2051 59 31 full
480 2052 89 37 time,
585 2053 140 42 through
738 2067 18 19 a
768 2056 156 40 breakage

172 2103 35 35 in
223 2107 126 42 portion
367 2107 34 34 of
414 2107 54 35 the
483 2108 84 35 head
584 2121 71 22 race
680 2111 139 43 liuming
836 2124 7 30 ;
861 2115 63 32 and

172 2162 118 41 which,
307 2164 35 32 of
349 2176 122 29 course,
486 2168 211 31 necessitated
711 2180 18 20 a
740 2174 185 41 temporary

175 2226 164 39 stoppage.
385 2223 135 44 Repairs
541 2236 82 22 were
647 2225 132 35 effected
807 2237 100 33 yester-

176 2279 74 44 day,
279 2280 65 34 and
365 2280 154 46 crushing
541 2283 26 32 is
589 2294 72 23 now
684 2284 33 33 in
741 2285 59 33 full
825 2288 102 43 swing

173 2339 107 40 again.

216 2405 69 34 The
302 2406 79 34 Rev.
398 2408 122 34 Father
533 2409 137 35 Rolland
683 2412 75 39 will,
773 2413 154 42 (weather

174 2463 201 44 permitting)
408 2465 138 34 conduct
577 2467 88 33 Mass
692 2469 64 32 and
788 2470 139 44 Vespers

174 2524 198 38 to-morrow,
396 2527 34 29 at
447 2523 45 34 St.
509 2523 161 45 Joseph's,
694 2532 33 27 at
751 2527 55 34 the
831 2529 94 33 usual

174 2577 111 35 hours.
329 2581 43 32 At
387 2587 140 38 present,
548 2583 143 44 (Friday)
717 2585 54 33 the
788 2588 142 32 weather

175 2633 92 36 looks
303 2637 161 45 anything
492 2638 57 36 but
581 2641 190 45 promising,
810 2644 64 33 and
911 2658 19 20 a

175 2695 216 34 continuance
408 2696 36 34 of
456 2696 53 35 the
532 2699 70 33 rain
618 2710 73 23 now
711 2700 125 43 falling,
854 2703 75 39 will,

176 2761 43 22 no
249 2750 111 41 doubt,
387 2759 131 38 operate
543 2757 127 42 against
697 2759 174 44 travelling
899 2761 35 32 of

175 2819 66 33 any
255 2807 90 37 kind.

219 2876 80 36 Last
312 2877 117 37 week's
445 2879 136 37 Reefton
598 2881 127 47 battery
737 2890 129 29 returns
877 2898 53 23 are

177 2944 37 22 as
228 2933 435 47 follows:—Keep-it-Dark,
687 2943 117 32 4860zs
828 2944 81 32 amal-

132 2993 121 57 kx/'am
267 3013 8 16 '
299 2990 189 44 *nkennan,
502 2996 116 33 1760zs
631 2999 176 41 amalgam.

137 3085 5 19 '
157 3075 45 36 iiii
250 3065 40 21 ne
669 3069 59 26 EQk
763 3065 55 32 the
854 3076 78 33 very

177 3110 131 35 earliest
322 3112 36 34 of
376 3113 55 35 the
448 3114 104 45 hardy
574 3117 149 44 pioneers
739 3121 73 33 who
835 3134 92 23 came

178 3171 34 30 to
235 3167 55 35 the
313 3169 90 35 West
420 3172 97 34 Coast
533 3174 225 47 gold-seeking
784 3180 38 31 25
838 3191 94 31 years

177 3236 74 33 ago,
277 3225 112 45 joined
413 3229 55 34 the
494 3237 90 37 great
612 3234 165 45 majority,
804 3249 42 21 on
878 3239 54 33 the

177 3282 60 33 3rd
266 3284 76 34 inst.
387 3286 53 33 Mr
464 3286 132 37 Reuben
626 3291 117 38 Waite,
774 3293 55 34 the
860 3295 70 33 first

175 3338 185 37 discoverer
381 3344 36 33 of
428 3344 55 34 the
505 3356 165 26 resources
686 3350 34 33 of
741 3350 53 34 the
817 3352 109 41 Coast,

176 3396 76 35 died
267 3398 35 33 in
317 3399 55 33 the
389 3401 121 35 Nelson
527 3404 154 44 Hospital
697 3418 41 21 on
756 3408 70 35 that
842 3410 85 33 date.

179 3453 64 35 His
278 3466 97 24 name
412 3458 28 34 is
475 3460 119 46 closely
636 3465 178 35 associated
851 3467 79 35 with

175 3514 197 44 everything
401 3517 72 34 that
501 3521 118 33 tended
650 3527 32 27 to
715 3523 94 42 bring
838 3527 91 32 these

174 3568 173 45 goldfields
370 3573 67 35 into
452 3575 118 42 notice,
591 3577 64 35 and
678 3584 33 29 at
727 3591 20 23 a
770 3581 77 36 time
871 3582 58 42 far,

177 3627 51 33 far
242 3627 93 42 back,
351 3631 96 34 when
459 3645 80 22 even
551 3635 56 33 the
617 3642 85 29 most
713 3641 217 44 enterprising

177 3685 94 45 spirit
285 3695 89 28 must
389 3690 84 35 have
488 3692 57 34 felt
558 3694 88 34 what
656 3695 181 36 hazardous
848 3700 83 32 risks

177 3743 67 33 and
266 3744 89 35 what
379 3746 139 46 dangers
540 3752 152 34 attached
714 3758 34 29 to
771 3756 137 37 roughin
913 3768 19 15 o,

178 3804 27 30 it
220 3812 35 23 m
270 3801 55 35 the
340 3805 90 43 early
445 3806 90 44 days.
579 3809 53 34 He
648 3811 107 34 leaves
770 3825 18 20 a
808 3815 123 38 widow,

177 3856 51 36 for
242 3859 110 35 whom
368 3862 100 35 much
483 3866 177 45 sympathy
675 3869 66 33 will
757 3869 37 34 be
811 3871 69 41 felt,
897 3872 33 33 in

179 3914 59 34 her
252 3915 238 39 bereavement.

221 3982 69 37 The
320 3985 81 36 Rev.
430 3988 52 34 Mr
518 3991 150 42 Spencer,
699 3996 65 33 will
795 3998 139 35 conduct

179 4039 120 37 Divine
316 4043 128 37 Service
460 4046 34 35 in
511 4047 47 35 St.
577 4049 186 38 Matthew's
782 4053 88 44 here,
889 4068 41 22 on

180 4098 173 46 Thursday
369 4106 139 41 evening
522 4113 87 27 next.

219 4168 70 35 The
310 4170 138 37 number
469 4173 35 35 of
527 4177 163 34 accidents
716 4179 106 36 which
847 4182 83 35 have

175 4228 157 34 occurred
355 4231 116 34 within
493 4234 55 33 the
571 4236 62 33 last
655 4239 99 40 week,
779 4241 26 32 is
829 4252 82 23 some-

178 4283 96 44 thing
288 4288 214 42 remarkable,
520 4292 64 33 and
600 4295 55 31 the
677 4300 159 40 necessity
853 4300 49 31 for
918 4312 18 20 a

177 4341 140 35 medical
346 4354 79 25 man
454 4346 48 34 for
528 4347 55 35 the
615 4349 136 44 district,
780 4354 27 33 is
837 4368 96 31 again

177 4399 127 44 forcing
318 4402 91 34 itself
420 4415 88 32 upon
524 4417 47 23 us.
617 4410 49 31 On
685 4412 134 42 Sunday
836 4415 78 32 after-

180 4466 89 23 noon
283 4457 74 41 last,
374 4459 62 33 Ed.
455 4461 120 34 Carton
586 4464 54 33 fell
652 4466 82 33 from
748 4468 55 33 the
816 4470 119 43 Alpine

180 4513 131 42 incline,
332 4516 107 34 where
463 4518 25 34 it
517 4531 122 25 crosses
661 4523 55 34 the
746 4536 73 23 new
843 4528 89 40 road,

180 4571 89 43 right
292 4573 94 35 down
408 4587 42 22 on
474 4581 32 29 to
529 4578 55 34 the
607 4581 91 34 track
722 4582 212 37 beneath—a

177 4626 148 38 distance
341 4631 36 33 of
388 4635 149 42 upwards
553 4636 35 33 of
606 4642 122 39 twenty
746 4641 71 34 feet.
863 4644 68 33 The

181 4683 59 35 fall
268 4688 140 34 resulted
434 4692 34 33 in
493 4704 18 21 a
534 4694 128 34 terrible
687 4698 99 33 shock
818 4706 32 26 to
880 4702 55 32 the

180 4741 107 34 whole
303 4749 133 37 system,
454 4748 64 32 and
537 4749 119 35 Carton
674 4763 65 22 was
763 4756 122 33 carried
902 4763 32 27 to

180 4796 58 34 the
275 4801 162 45 township
474 4803 34 33 in
545 4817 41 21 an
623 4807 176 37 insensible
842 4819 92 28 state.

180 4854 226 47 Fortunately,
438 4860 57 33 Dr.
520 4863 99 39 Gaze,
647 4866 82 33 from
758 4868 175 45 Westport,

180 4922 69 24 was
266 4913 61 35 due
341 4914 75 35 heie
432 4916 55 35 the
503 4930 89 23 same
603 4921 73 45 day,
689 4925 65 33 and
767 4926 168 36 whenever

182 4969 42 36 he
245 4972 138 44 ailived,
408 4987 65 24 was
500 4982 34 30 at
559 4991 79 24 once
663 4983 102 35 called
793 4986 44 40 in,
866 4999 52 32 pro-

182 5033 166 42 nouncing
363 5045 42 21 no
421 5035 123 34 serious
560 5040 119 43 injury,
695 5040 59 35 but
769 5045 167 42 requiring

180 5094 67 29 lest
290 5092 64 34 and
398 5102 99 35 quiet.
542 5098 67 34 The
650 5112 90 23 same
784 5105 149 43 evening.

177 5145 35 35 J.
230 5147 96 45 Page,
343 5149 65 35 had
423 5152 55 34 the
495 5155 190 36 mis'ortune
704 5165 31 28 to
752 5160 97 35 break
874 5176 60 20 one

180 5204 38 33 of
229 5205 51 33 his
295 5207 78 43 legs.
417 5209 49 33 Dr
480 5212 88 32 Gaze
586 5225 65 22 was
666 5216 225 45 immediately
902 5221 33 33 in

180 5263 206 43 attendance,
424 5267 63 34 and
524 5276 48 28 set
609 5271 53 35 the
701 5274 89 35 limb.
852 5278 85 34 Next

178 5322 164 41 morning,
367 5324 54 33 the
445 5328 134 39 patient,
604 5341 65 21 was
697 5332 96 33 taken
820 5339 32 28 to
876 5337 55 32 the

183 5374 163 45 Westport
362 5379 163 45 Hospital,
543 5383 41 43 by
600 5384 85 35 boat.
731 5389 67 33 The
815 5391 102 34 follow-

180 5431 60 44 ing
255 5433 160 46 Tuesday,
438 5450 61 23 one
516 5441 35 32 of
563 5442 54 33 the
641 5444 118 34 tribute
782 5455 97 35 party
902 5450 33 31 in

180 5487 58 35 the
261 5489 129 37 Croesus
413 5495 99 41 mine,
531 5496 31 45 (a
586 5497 129 37 brother
737 5503 35 33 of
791 5504 143 35 Antonio

180 5546 167 45 Accolino)
365 5557 69 28 met
449 5553 76 33 with
542 5567 42 21 an
600 5557 109 44 injury
725 5562 35 31 of
775 5574 18 20 a
810 5564 124 33 similar

179 5607 128 32 nature.
352 5607 52 35 He
428 5621 66 22 was
516 5612 145 45 working
683 5627 32 21 in
739 5617 54 35 the
818 5628 117 36 stopes,

182 5659 98 34 when
317 5675 18 19 a
365 5665 55 32 fall
450 5667 35 31 of
513 5676 113 35 quartz
665 5673 161 44 suddenly
865 5678 71 32 touk

182 5716 105 45 place,
309 5718 163 47 knocking
494 5724 68 34 him
586 5738 87 31 over,
696 5731 63 32 and
784 5732 155 44 breaking

186 5774 54 33 the
256 5775 57 34 left
328 5777 53 42 leg
396 5779 101 34 below
510 5783 53 33 the
577 5783 94 35 knee.
717 5788 47 32 Dr
775 5790 87 32 Gaze
874 5791 63 33 had

184 5830 58 35 left
255 5842 44 24 on
315 5833 50 34 his
380 5840 111 31 return
509 5843 32 30 to
557 5840 175 46 Westport,
748 5845 70 35 that
829 5858 86 25 morn-

180 5888 59 41 ing
255 5899 7 29 ;
287 5901 34 21 so
351 5891 40 33 he
421 5893 65 32 had
515 5900 33 27 to
571 5896 37 33 be
634 5900 210 45 telegraphed
874 5906 58 39 for,

180 5945 146 46 arriving
341 5946 75 37 heie
433 5950 79 35 with
536 5957 245 35 commendable
805 5972 108 35 promp-

182 6002 104 33 titude
309 6010 78 29 next
408 6005 74 45 day,
513 6009 97 35 when
632 6012 56 35 the
713 6015 133 35 sufferer
873 6030 65 22 was

938 246 152 30 attended
1127 252 32 25 to
1196 248 64 29 and
1305 248 53 30 the
1396 248 79 30 limb
1513 256 57 24 set.
1639 251 50 30 Mr

939 301 168 43 Inspector
1122 302 171 41 Emerson,
1312 303 71 34 who
1402 303 125 36 arrived
1544 306 32 33 in
1597 306 89 43 Lyell

939 359 124 45 shortly
1078 359 103 35 betore
1193 360 54 34 the
1258 360 126 44 injured
1399 372 75 23 man
1494 374 63 23 was
1568 364 121 34 parried

941 417 106 38 down,
1073 417 114 42 kindly
1210 418 152 33 attended
1387 419 80 37 him,
1492 421 63 31 and
1581 424 110 40 placed

939 473 53 35 the
1024 473 137 35 fracture
1192 474 33 34 in
1257 480 185 40 temporary
1480 479 117 43 splints
1630 481 62 33 and

941 531 174 41 bandages.

982 599 50 32 An
1049 598 138 44 inquest,
1212 604 197 42 concerning
1425 604 53 33 the
1503 604 96 34 death
1625 605 34 33 of
1678 618 18 22 a

945 667 77 20 man
1058 658 118 31 named
1211 659 137 35 Michael
1380 663 111 40 Quirk,
1522 675 66 20 was
1623 664 74 32 held

946 711 106 34 before
1070 713 53 32 the
1141 715 150 35 Coroner,
1312 719 108 31 Frank
1437 720 89 37 Bird,
1553 721 89 40 Esq.,
1667 727 31 24 at

948 767 175 42 Hampden
1134 779 40 20 on
1187 771 140 42 Monday
1338 774 72 31 last.
1437 774 91 31 MrM
1548 775 151 37 Xamara,

949 823 157 36 foreman.
1153 826 96 35 From
1276 829 53 34 the
1347 831 192 43 particulars
1562 831 136 41 elicited,

946 882 22 30 it
988 884 181 40 transpired
1186 885 70 30 that
1274 887 26 38 Q
1317 887 68 35 lirk,
1406 888 30 29 in
1451 899 160 30 company
1626 889 73 30 w.tli

950 938 50 33 his
1017 947 98 31 mate,
1136 941 122 35 Pullen,
1278 944 55 32 left
1352 945 104 41 May's
1470 946 44 31 Ac
1527 957 117 21 *0:111110
1656 946 29 32 la-

950 993 111 33 dation
1086 995 110 37 house,
1214 1004 33 25 at
1265 1000 34 29 11
1318 1010 75 20 a.m.
1412 1011 41 20 on
1478 1000 53 32 the
1558 1002 47 30 Ist
1628 1002 71 30 inst.

949 1051 98 33 Their
1074 1053 159 33 intention
1258 1066 64 22 was
1349 1057 68 31 that
1447 1058 35 31 of
1507 1058 98 40 going
1632 1070 49 30 pro-

950 1108 144 43 specting
1105 1115 33 28 at
1150 1110 152 45 Gleuroy.
1348 1113 115 34 Pullen
1477 1114 65 34 had
1557 1124 30 24 to
1600 1115 99 42 hurry

950 1176 51 26 on,
1025 1167 31 30 in
1074 1167 93 32 order
1184 1175 30 24 to
1233 1169 71 32 take
1327 1170 145 42 delivery
1492 1173 35 30 of
1540 1185 17 19 a
1575 1173 73 31 load
1672 1173 32 30 of

950 1221 182 43 provisions
1157 1224 105 34 which
1291 1226 62 33 had
1379 1227 77 32 been
1483 1233 72 28 sent
1585 1227 113 34 ahead.

952 1278 107 34 About
1075 1292 41 20 an
1133 1281 81 32 hour
1230 1283 82 32 after
1322 1284 76 42 they
1413 1296 18 31 p
1444 1286 80 31 irted
1541 1298 94 31 comp
1649 1298 52 29 tuy

952 1337 155 32 deceased
1144 1350 65 20 was
1253 1351 74 21 seen
1366 1342 169 43 retracing,
1582 1344 32 31 in
1654 1342 51 34 the

952 1392 158 35 direction
1133 1397 31 30 of
1188 1395 32 34 M
1239 1397 107 33 Graw's
1370 1398 79 40 hut;
1489 1400 118 39 where,
1634 1401 25 32 it
1681 1400 25 32 is

953 1453 171 39 supposed,
1140 1453 40 32 he
1196 1454 64 32 had
1277 1456 124 42 asleep,
1419 1457 55 32 but
1490 1458 81 32 after
1586 1459 115 37 which,

955 1505 38 32 he
1011 1516 65 22 was
1090 1518 96 23 never
1197 1510 94 40 again
1305 1523 73 21 seen
1391 1512 93 33 alive.
1531 1513 100 34 Const
1635 1512 66 35 able

955 1562 155 39 Bowden,
1141 1566 65 31 and
1235 1578 18 21 a
1284 1567 86 42 large
1400 1577 94 34 party
1526 1571 34 31 of
1586 1573 119 29 miners

955 1619 141 42 residing
1107 1620 32 34 in
1152 1622 54 32 the
1219 1623 141 44 locality,
1374 1626 93 33 made
1479 1628 102 32 active
1596 1628 107 33 search

956 1675 136 33 without
1115 1678 111 41 result,
1244 1681 82 33 until
1343 1683 54 32 the
1414 1683 85 44 body
1518 1695 66 22 was
1606 1685 98 34 found

955 1733 34 32 in
1017 1734 53 32 the
1098 1735 205 43 Matakitaki,
1328 1740 90 41 lying
1440 1743 33 31 in
1496 1747 63 29 two
1594 1744 61 34 feet
1680 1745 33 32 of

955 1793 110 30 water.
1114 1791 63 34 Ihe
1200 1793 145 37 distance
1369 1797 35 34 of
1426 1797 54 35 the
1506 1799 89 44 place
1627 1801 82 34 from

956 1847 106 33 where
1073 1848 101 41 Quirk
1186 1862 65 21 was
1264 1853 63 33 last
1339 1866 86 27 seen,
1437 1856 107 33 would
1558 1858 36 32 be
1611 1858 98 32 about

957 1914 60 21 one
1051 1904 88 33 mile.
1183 1907 28 32 A
1234 1909 122 35 verdict
1388 1911 36 33 of
1486 1913 225 44 Accidentally

1166 1971 66 22 was
1247 1965 164 33 returned.

999 2039 68 32 The
1083 2041 267 35 Entertainment
1360 2047 94 38 given
1464 2058 33 21 m
1509 2048 55 31 the
1577 2049 109 32 School-

958 2105 91 23 room
1072 2095 63 34 last
1158 2097 103 41 night,
1280 2098 157 45 although
1463 2108 55 28 not
1542 2115 77 29 very
1641 2106 70 33 well

959 2153 164 39 attended,
1162 2166 41 21 on
1233 2166 139 24 account
1402 2161 35 29 of
1463 2160 54 32 the
1555 2162 160 32 wretched

960 2209 143 34 weather
1117 2212 191 44 prevailing,
1326 2223 120 26 cannot
1463 2218 37 33 be
1513 2220 153 38 regarded
1680 2232 34 20 as

961 2267 161 43 anything
1145 2268 64 33 less
1232 2270 80 33 than
1335 2283 18 20 a
1377 2283 203 33 programme
1605 2277 56 32 full
1685 2279 33 31 of

962 2324 66 33 real
1059 2332 107 32 merit,
1195 2328 63 33 and
1282 2342 61 20 one
1374 2330 197 46 bespeaking
1600 2335 97 33 attain-

960 2387 109 28 ments
1092 2392 40 23 on
1151 2384 56 32 the
1231 2385 150 35 different
1402 2390 192 40 performers
1618 2399 96 35 parts,

962 2439 48 31 far
1033 2439 66 33 and
1125 2453 92 31 away
1243 2442 117 44 higher
1383 2446 81 31 than
1488 2447 91 34 those
1606 2450 32 31 of
1661 2449 54 33 the

963 2495 93 33 usual
1078 2496 104 35 order.
1230 2498 50 33 Mr
1296 2499 101 43 D.cey
1423 2502 116 33 Morris
1558 2505 101 32 excels
1682 2507 33 31 in

963 2551 54 34 the
1036 2554 164 43 amusing,
1218 2556 65 33 and
1299 2557 54 33 the
1366 2561 102 32 comic
1482 2561 64 33 line
1564 2572 6 29 ;
1588 2563 60 32 and
1665 2563 50 32 his

963 2621 109 32 power
1088 2614 32 30 of
1137 2613 160 45 mimicry,
1315 2616 64 33 and
1397 2618 145 42 aptitude
1553 2622 49 31 for
1612 2622 85 31 imita-

963 2667 68 34 tion
1047 2680 33 22 in
1098 2670 189 39 caricature,
1306 2684 52 22 are
1383 2674 94 34 alone
1501 2677 158 33 sufficient
1684 2686 31 25 to

963 2726 154 33 convulse
1148 2739 64 31 any
1238 2729 167 34 audience.
1452 2733 53 32 Mr
1532 2735 119 39 Heard,
1682 2736 33 32 in

963 2781 51 34 his
1044 2783 125 35 several
1198 2786 91 34 vocal
1321 2793 99 38 parts,
1451 2800 66 23 was
1548 2790 66 35 also
1644 2804 45 22 we
1706 2793 11 35 1

963 2841 156 39 received,
1144 2843 63 31 and
1238 2846 120 40 proved
1384 2846 131 33 himself
1534 2860 17 20 a
1575 2850 140 41 pleasing

966 2898 143 41 vocalist,
1141 2900 123 45 having
1294 2914 18 21 a
1343 2904 99 43 ready
1472 2917 106 30 power
1607 2909 31 31 of
1665 2921 32 21 ex-

964 2956 156 40 pression.
1165 2957 77 33 Two
1259 2960 38 30 of
1311 2959 50 33 his
1377 2971 107 31 songs,
1542 2962 124 35 Rocked
1684 2977 31 20 m

965 3011 54 32 the
1036 3013 108 32 cradle
1160 3015 37 31 of
1210 3015 54 32 the
1425 3020 65 31 and
1698 3037 16 17 a

965 3064 81 33 little
1063 3065 92 33 faded
1333 3081 82 23 were
1426 3074 163 40 partMila<
1612 3088 19 30 y
1644 3078 71 32 well

965 3121 165 35 lendered.
1174 3126 45 31 As
1235 3138 41 19 an
1293 3128 216 42 elocutionist,
1534 3144 44 22 we
1602 3135 113 33 shouid

965 3189 57 32 say
1047 3179 52 34 Mr
1120 3180 101 35 Teece
1244 3183 57 33 has
1328 3185 58 33 few
1414 3189 122 42 equals,
1564 3192 59 32 and
1652 3192 65 33 this

963 3237 189 41 gentleman
1183 3240 66 34 will
1278 3242 37 34 be
1338 3257 18 19 a
1387 3245 135 36 favorite
1553 3251 161 33 wherever

966 3293 136 35 listened
1133 3302 43 28 to.
1221 3298 146 47 Varying
1398 3303 50 32 his
1473 3307 129 33 recitals
1630 3309 82 33 from

995 3351 107 34 Grave
1133 3359 32 27 to
1323 3358 39 33 he
1394 3371 105 23 seem.i
1531 3369 31 27 to
1599 3365 117 34 almost

966 3414 125 27 control
1126 3421 36 22 or
1198 3411 101 34 direct
1340 3415 54 33 the
1432 3418 134 37 feelings
1603 3422 34 32 of
1669 3422 50 32 his

967 3464 165 35 audience.
1189 3468 63 34 His
1289 3473 156 36 excellent
1482 3478 171 44 rendering
1690 3484 29 30 of

999 3523 106 42 Mary,
1132 3526 111 39 Queen
1267 3530 35 30 of
1477 3535 91 31 alone
1599 3544 120 36 stamps

966 3566 67 34 him
1061 3580 35 21 as
1120 3581 17 22 a
1160 3580 114 26 reciter
1297 3577 30 31 of
1351 3577 217 39 undoubtable
1597 3582 121 46 ability.

971 3615 63 33 The
1051 3628 162 32 company
1233 3632 120 32 appear
1366 3627 94 36 again
1486 3630 151 43 to-night,
1656 3633 61 31 and

965 3666 34 29 at
1016 3662 189 37 Murchison
1223 3679 41 21 on
1282 3669 145 46 Monday
1443 3681 84 26 next.

1059 3770 162 49 THE
1320 3777 297 52 MINES.

1033 3871 109 40 (From
1174 3882 65 24 our
1274 3875 131 36 Mixing
1433 3880 207 47 Reporter.;

1318 3968 139 43 Friday,
1481 3974 123 45 August
1628 3979 49 33 14.

1008 4021 134 32 United
1164 4022 262 40 Alpine.—Last
1442 4034 143 34 month's
1607 4036 91 33 crush-

1043 4091 81 31 £ave
1146 4083 224 46 considerably
1394 4101 77 21 over
1493 4091 53 34 the
1570 4094 149 42 splendid

967 4146 133 33 average
1117 4137 35 33 of
1164 4149 41 21 an
1222 4150 103 24 ounce
1341 4147 32 29 to
1390 4144 54 34 the
1467 4150 66 38 ton,
1556 4162 34 21 so
1606 4150 73 34 that
1697 4153 25 32 it

967 4193 65 33 will
1048 4193 37 34 be
1101 4206 87 29 seen,
1205 4209 35 20 as
1258 4199 53 32 the
1329 4200 92 36 block
1433 4216 33 20 in
1482 4205 58 33 No.
1558 4210 18 31 6
1592 4221 27 20 is
1632 4221 87 21 risen

1065 4249 34 34 in
1121 4252 118 43 places,
1256 4255 54 34 the
1328 4259 73 40 gold
1425 4267 88 29 must
1535 4264 36 34 be
1595 4268 125 39 getting

969 4306 141 34 heavier.
1155 4310 103 33 There
1289 4324 52 22 are
1375 4327 47 21 six
1452 4319 86 33 faces
1566 4323 35 31 of
1628 4330 91 26 stone

968 4374 73 22 now
1064 4376 82 33 open
1169 4365 33 35 in
1226 4368 55 34 the
1305 4375 217 41 stopes,—the
1544 4386 120 28 newest
1690 4383 34 31 of

969 4421 91 32 them
1091 4423 121 43 having
1235 4427 71 41 j„st
1336 4428 79 35 been
1447 4437 124 38 opened
1600 4438 33 31 in
1667 4438 54 32 the

969 4477 95 33 north
1095 4479 81 33 end:
1203 4482 52 33 the
1282 4486 69 32 reef
1372 4487 33 32 in
1433 4489 55 33 the
1513 4504 59 23 one
1606 4494 113 35 below,

969 4534 107 34 shows
1094 4537 36 33 lo
1146 4539 63 33 leet
1225 4542 31 31 ot
1272 4542 90 34 clean
1383 4547 82 34 solid
1481 4555 101 34 stone,
1600 4553 62 33 and
1687 4565 32 21 m

970 4592 53 33 the
1052 4594 120 41 others,
1199 4598 26 32 it
1249 4600 104 34 varies
1375 4603 32 32 in
1433 4605 77 35 bulk
1541 4610 98 33 about
1664 4612 55 32 the

969 4661 90 23 same
1076 4664 34 20 as
1125 4654 105 33 usual.
1276 4657 67 34 The
1360 4661 153 47 ordinary
1524 4669 149 41 quantity
1691 4670 33 33 of

971 4709 140 31 mullock
1143 4711 103 39 hangs
1276 4718 133 32 around.
1456 4722 66 32 The
1545 4729 91 28 stone
1668 4735 54 30 got

969 4761 118 43 during
1115 4765 54 33 the
1200 4769 61 32 rise
1285 4779 155 35 contract,
1468 4778 26 32 is
1524 4790 71 23 now
1626 4781 96 41 being

971 4819 95 34 taken
1083 4828 56 28 out
1155 4824 81 34 from
1252 4828 102 34 under
1371 4830 52 35 the
1440 4836 88 33 main
1546 4849 72 31 pass
1635 4849 5 22 :
1658 4840 25 32 it
1696 4841 27 32 is

971 4878 76 41 only
1073 4881 55 30 3ft.
1160 4882 33 31 in
1222 4884 52 32 the
1299 4885 136 43 bottom,
1460 4892 69 41 just
1553 4906 83 29 now,
1666 4896 56 33 but

970 4935 122 34 widens
1116 4939 140 35 towards
1273 4942 54 34 the
1344 4950 65 39 tap.
1456 4948 52 35 Mr
1532 4951 187 38 Conradson

972 4993 57 35 has
1065 5000 213 33 commenced
1313 5011 230 41 cross-cutting
1578 5014 48 32 for
1666 5016 54 32 the

971 5052 95 34 north
1091 5054 104 40 block,
1219 5059 82 32 irom
1327 5060 53 33 the
1592 5082 17 21 a
1632 5071 91 44 point

971 5110 98 34 about
1104 5115 38 31 35
1174 5114 63 33 feet
1267 5116 101 35 below
1400 5122 59 33 No.
1491 5127 18 31 5
1539 5127 90 35 level.
1676 5131 47 32 Its

971 5167 157 36 direction
1160 5171 26 33 is
1213 5174 179 45 northerly.
1438 5179 67 35 The
1536 5192 139 37 country
1697 5189 26 30 is

970 5225 100 33 found
1100 5232 30 27 to
1153 5228 54 43 lay
1229 5229 107 35 flatter
1360 5233 77 35 than
1458 5242 165 40 expected,
1649 5255 55 22 con-

971 5292 13 21 s
998 5284 137 41 /(juenthy
1158 5297 18 22 a
1192 5292 125 34 gieater
1333 5289 143 38 distance
1496 5308 76 33 may
1595 5301 127 42 require

971 5346 31 24 to
1032 5339 38 32 be
1096 5353 82 27 gone
1206 5354 85 27 over,
1318 5345 106 35 before
1449 5355 124 42 getting
1594 5368 43 20 on
1668 5358 55 32 the

971 5399 102 29 stone.
1119 5397 31 33 It
1173 5399 26 32 is
1222 5406 57 27 not
1295 5415 17 20 a
1338 5402 43 35 bit
1404 5404 211 48 improbable,
1634 5413 65 34 how-

971 5465 84 27 ever,
1082 5455 71 32 that
1170 5469 17 19 a
1204 5458 124 43 change
1345 5463 35 30 of
1400 5472 136 38 country
1560 5482 76 31 may
1660 5472 47 32 dis-

969 5520 95 25 cover
1088 5512 53 34 the
1158 5512 93 37 block
1272 5520 31 30 [it
1327 5530 63 33 any
1416 5534 155 28 moment.
1616 5530 108 34 Burns

971 5568 63 32 and
1071 5576 106 37 party,
1214 5574 111 34 leader
1361 5578 162 46 tributers,
1561 5598 52 21 are
1652 5599 72 22 now

972 5625 152 44 crushing
1141 5634 32 27 at
1189 5629 53 34 the
1261 5632 126 35 Croesus
1403 5639 79 32 mill.

1014 5681 134 35 United
1179 5685 224 40 Italy.—The
1437 5695 107 37 leader
1573 5701 152 35 tribut-ers

971 5738 72 33 who
1066 5739 64 35 had
1154 5742 82 34 their
1252 5745 69 35 first
1337 5751 153 45 crushing
1510 5756 6 31 ]
1522 5769 34 20 as
1560 5763 10 28 t
1593 5760 128 40 month,

971 5795 82 33 have
1069 5800 128 32 noticed
1216 5801 52 33 the
1285 5815 162 36 company
1464 5812 94 36 ofthe
1572 5819 132 31 termina-

970 5853 68 32 tion
1069 5855 35 32 of
1132 5856 82 34 their
1248 5872 196 30 agreement.
1490 5869 141 38 Tenders
1670 5888 54 21 are

970 5909 174 35 elsewhere
1160 5914 113 41 called,
1289 5918 48 33 for
1353 5921 147 44 working
1516 5927 55 34 the
1588 5930 52 44 big
1659 5932 70 33 reef

970 5964 49 34 for
1045 5968 37 32 12
1105 5970 134 35 months
1258 5983 7 30 ;
1289 5975 78 44 they
1391 5980 82 35 close
1498 5995 41 23 on
1562 5988 55 33 the
1640 5990 86 32 22ud

970 6021 76 35 inst.

1769 251 136 29 Maru.a
1920 252 135 28 —Since
2080 252 60 28 last
2157 257 115 33 report,
2301 263 75 29 very
2402 254 79 30 little

1726 305 177 35 additional
1920 306 88 33 work
2026 306 56 33 has
2100 306 76 33 been
2196 306 82 34 done
2296 308 31 33 in
2346 309 130 39 sinking

1728 364 212 38 winze,—the
1972 364 150 33 tributers
2152 364 148 43 deciding
2331 374 30 26 to
2394 368 87 34 work

1727 424 82 30 from
1837 422 228 31 intermediate
2093 423 90 34 level,
2211 423 82 32 have
2321 428 78 28 been
2430 437 36 33 up-

1728 481 99 39 rising
1843 479 82 33 from
1944 478 53 34 the
2016 492 99 26 same,
2142 489 31 24 to
2190 480 98 35 strike
2312 482 125 35 bottom
2455 487 32 31 of

1731 539 112 30 winze.
1889 536 201 33 Connection
2122 538 25 32 is
2170 539 114 42 nearly
2314 543 170 41 complete,

1731 593 81 33 after
1842 592 107 34 which
1976 605 88 21 some
2095 593 223 46 blocking-out
2350 599 65 34 will
2449 600 37 34 be

1734 650 93 31 done.

1774 706 112 31 Lykll
1933 708 10 28 (
1961 716 87 22 keek
2093 709 250 36 Extd.—Level
2392 713 97 40 going

1734 750 102 31 ahead
1854 761 67 20 stea
1935 751 66 40 lily,
2019 754 54 29 hut
2090 766 33 19 as
2142 756 53 30 the
2213 764 136 33 country
2366 758 26 30 is
2409 759 78 30 hard

1735 806 146 32 progress
1905 796 23 30 is
1955 801 194 41 necessarily
2175 801 87 34 slow.
2312 803 77 32 Now
2420 803 69 35 that

1736 844 63 31 tins
1818 843 86 32 work
1928 844 25 31 is
1977 847 156 33 subsidise
2147 849 20 33 1,
2189 851 186 38 sum.'thing
2401 865 86 20 more

1736 898 75 29 may
1829 887 36 31 be
1885 889 96 31 heard
1999 892 31 29 ot
2047 892 53 31 the
2119 893 86 32 roek-
2222 894 71 33 Irill,
2310 906 148 31 pvaa^s.

1777 992 358 34 WARDEN'S
2180 992 269 34 COURT.

1779 1105 155 35 Accolino
1952 1119 29 20 v.
2000 1108 99 35 Unite
2112 1110 10 33 1
2138 1111 113 44 Alpine
2266 1113 227 47 Company.—

1739 1164 105 31 Claim
1863 1167 45 28 for
1927 1167 23 30 £
1958 1168 53 29 193
2028 1171 35 26 bs
2079 1167 51 37 8.1,
2147 1170 92 32 made
2250 1183 40 30 up
2304 1185 34 19 as
2350 1175 123 31 follows
2486 1186 5 21 :

1741 1219 313 40 —Breaking-down
2082 1223 235 43 hanging-wall
2351 1229 34 32 of
2411 1232 85 40 reef;

1739 1276 105 42 filling
1867 1289 42 30 up
1932 1278 167 41 foot-wall,
2126 1282 63 32 and
2213 1291 89 26 extra
2326 1287 113 33 labour
2462 1289 32 33 in

1741 1333 165 41 following
1929 1338 64 30 reef
2010 1338 32 31 in
2061 1339 116 41 uprise,
2195 1341 125 33 inste-il
2339 1345 34 31 of
2388 1347 81 31 main-

1743 1391 125 41 taining
1898 1397 62 29 two
1992 1394 111 43 plumj
2134 1396 93 41 lines,
2236 1399 83 34 —£3
2350 1403 36 31 1G
2396 1414 8 19 ■;
2434 1404 62 40 81;

1741 1455 90 26 extra
1855 1451 88 31 work
1965 1452 141 39 through
2132 1454 96 39 using
2253 1457 103 39 larger
2381 1461 117 33 timber

1743 1505 78 31 than
1857 1506 161 40 specified,
2058 1510 89 38 £10;
2185 1519 88 26 extra
2312 1513 113 39 labour
2463 1518 33 33 in

1742 1562 140 40 altering
1900 1565 104 40 uprise
2020 1566 48 31 for
2087 1569 56 30 lli)
2161 1569 72 37 feet,
2259 1578 31 24 to
2317 1573 57 31 Xo.
2402 1576 28 35 5,
2448 1586 33 21 ac-

1742 1619 136 41 cording
1903 1633 29 20 to
1957 1621 207 35 instructions
2188 1627 47 32 fro
2252 1640 19 20 n
2296 1628 202 37 defendant's

1744 1687 166 28 manager,
1929 1679 84 39 £SO;
2036 1684 91 29 extra
2144 1681 113 35 labour
2279 1685 141 44 through
2445 1689 34 33 de-

1746 1734 148 33 fendants
1932 1737 174 42 supplying
2142 1740 164 43 improper
2350 1747 87 36 steel,
2480 1750 17 30 5

1747 1790 131 33 months
1902 1796 34 29 at
1953 1793 53 32 15s
2023 1804 55 33 per
2094 1794 98 43 diem,
2218 1799 65 34 £J7
2310 1801 51 34 10j
2376 1812 7 31 ;
2408 1808 91 30 extra

1746 1847 112 33 labour
1894 1849 147 42 imposed
2070 1863 88 31 upon
2195 1858 236 42 complainant,
2465 1862 33 32 in

1747 1905 149 42 carrying
1922 1913 57 27 out
2006 1907 49 34 his
2080 1914 155 38 contract,
2261 1913 42 43 by
2328 1927 114 23 reason
2472 1921 29 30 of

1747 1961 170 33 alteration
1945 1965 95 32 made
2070 1967 32 32 in
2128 1967 156 37 direction
2315 1974 34 32 of
2369 1985 60 24 rise
2460 1975 41 36 by

1749 2020 93 33 order
1856 2021 36 32 of
1905 2020 324 44 defendants,—£.]o.

1790 2077 52 32 Mr
1860 2077 176 42 Haselden,
2054 2081 64 33 and
2135 2083 78 33 with
2232 2084 79 42 him,
2328 2086 51 35 Mr
2391 2088 111 41 Jones,

1747 2133 48 31 for
1812 2133 161 42 plaintiff;
2000 2136 51 32 Mr
2067 2138 125 42 Lynch,
2211 2142 47 32 for
2274 2144 202 36 defendants.

1792 2190 51 32 Mr
1865 2190 165 35 Haselden
2056 2197 124 40 opened
2204 2197 54 35 the
2282 2211 72 23 case
2377 2203 49 33 for
2450 2204 54 34 the

1749 2248 149 41 plaintiff.
1945 2250 62 33 His
2037 2252 108 40 client,
2176 2255 32 32 in
2240 2257 136 42 August,
2409 2262 90 38 1834,

1750 2305 132 34 entered,
1898 2307 68 33 into
1984 2319 18 22 a
2018 2316 144 29 contract
2173 2313 76 35 with
2262 2315 52 35 the
2331 2317 175 37 defendant

1749 2374 162 32 company
1928 2371 31 26 to
1976 2373 167 28 construct
2159 2382 17 20 a
2194 2371 60 33 rise
2273 2373 84 33 from
2374 2387 18 21 a
2416 2378 89 42 point

1750 2425 31 27 at
1810 2423 39 31 58
1880 2424 63 30 feet
1973 2424 101 33 above
2104 2426 41 32 its
2178 2429 59 31 No.
2269 2433 19 29 (i
2318 2431 93 41 level,
2442 2436 62 30 and

1751 2479 171 32 terminate
1940 2479 54 33 the
2011 2492 89 23 same
2117 2489 34 27 at
2175 2485 59 33 No.
2260 2490 17 29 5
2302 2488 92 34 level.
2441 2491 66 35 The

1750 2534 177 35 defendant
1945 2549 161 35 company
2124 2540 64 35 had
2204 2544 129 34 refused
2350 2559 18 20 a
2379 2559 81 33 copy
2477 2553 35 31 of

1750 2592 54 33 the
1831 2600 147 27 contract
2008 2597 95 40 itself,
2133 2601 82 31 after
2239 2601 54 33 the
2324 2604 88 34 work
2442 2618 67 22 was

1750 2650 94 40 done,
1870 2664 36 20 or
1929 2665 81 22 even
2035 2662 32 26 to
2089 2657 96 33 allow
2211 2660 226 43 complainant
2462 2665 30 33 in-

1750 2715 144 35 spection
1924 2711 49 33 for
2003 2712 53 33 the
2091 2725 137 33 purpose
2260 2718 35 31 of
2323 2719 115 45 noting
2468 2723 42 33 its

1751 2767 189 41 provisions.
2009 2770 167 43 (Contract
2225 2775 164 43 produced
2442 2780 68 34 also

1750 2823 92 32 other
1859 2829 276 40 correspondence
2152 2831 148 33 between
2312 2835 54 32 the
2377 2836 130 41 parties,

1750 2879 64 34 and
1830 2881 105 35 which
1954 2895 66 23 was
2036 2887 101 43 road).
2183 2888 52 34 He
2385 2892 36 34 be
2438 2893 71 36 able

1750 2943 32 26 to
1800 2938 89 34 show
1907 2946 31 27 to
1956 2942 55 32 the
2028 2944 112 40 Court,
2157 2946 72 32 that
2249 2947 50 33 his
2322 2949 99 34 client
2444 2951 63 33 had

1751 2996 182 42 performed
1950 3011 18 21 a
1985 3012 80 32 yery
2081 3001 87 42 large
2184 3005 154 43 quantity
2354 3008 36 32 of
2409 3010 100 38 work,

1752 3052 103 32 which
1875 3064 66 22 was
1957 3062 91 28 extra
2063 3062 33 28 to
2114 3059 54 33 the
2185 3066 155 37 contract,
2359 3065 65 33 and
2445 3066 64 33 had

1754 3114 55 26 not
1845 3109 144 34 leceived
2016 3112 119 42 justice
2165 3121 32 27 at
2228 3118 53 32 the
2315 3128 195 37 company's

1752 3163 115 34 hands.
1914 3166 31 33 It
1961 3170 161 42 appeared
2139 3177 32 27 to
2195 3173 37 33 be
2248 3186 41 21 an
2314 3176 195 44 impression

1752 3222 62 31 fast
1844 3222 172 42 becoming
2046 3226 217 45 deep-seated,
2303 3232 73 35 that
2406 3236 86 33 incor-

1754 3280 130 41 porated
1914 3285 189 41 companies
2134 3287 94 33 could
2259 3288 39 34 do
2330 3296 68 29 acts
2430 3294 78 32 with

1754 3335 175 45 impunity,
1946 3339 118 41 which,
2082 3342 33 33 in
2133 3355 41 22 an
2190 3346 193 41 individual,
2401 3352 104 33 would

1759 3394 104 33 would
1882 3395 36 33 be
1936 3396 114 34 looked
2067 3410 87 32 upon
2171 3413 35 21 as
2219 3408 241 41 contemptible.

1849 3464 164 43 Accolino,
2031 3466 156 46 deposed;
2213 3471 40 34 In
2267 3473 137 44 August,
2419 3477 90 43 1884,

1755 3521 14 30 I
1800 3523 132 31 entered
1959 3525 68 31 into
2051 3537 17 19 a
2092 3533 147 28 contract
2267 3532 75 30 with
2371 3533 54 32 the
2456 3536 34 31 de-

1756 3575 159 43 fendants,
1940 3578 48 35 for
2010 3591 18 22 a
2045 3580 62 36 rise
2128 3589 148 31 contract
2298 3587 84 36 from
2407 3590 60 35 No.
2493 3594 17 32 0

1755 3635 42 32 lex
1806 3643 40 32 el,
1877 3641 31 28 to
1941 3638 59 33 No.
2033 3641 28 30 5.
2108 3641 31 33 It
2168 3654 67 22 was
2264 3644 77 34 then
2377 3648 132 44 already

1755 3692 113 34 driven
1898 3697 39 30 58
1969 3697 70 33 feet.
2086 3699 15 31 I
2126 3711 66 22 was
2219 3703 68 32 told
2310 3709 32 28 to
2369 3706 81 44 keep
2478 3716 32 25 to

1755 3758 61 24 two
1844 3751 112 43 plumb
1980 3753 101 41 lines;
2110 3767 60 23 one
2194 3758 31 33 in
2255 3760 81 35 level
2359 3768 58 35 set,
2446 3765 63 34 and

1756 3807 51 33 the
1824 3809 93 32 other
1930 3810 98 34 about
2043 3814 41 31 40
2099 3814 64 33 feet
2179 3828 53 31 up,
2250 3820 64 31 and
2337 3826 32 26 to
2393 3822 80 44 keep
2492 3836 18 20 a

1755 3865 137 41 straight
1909 3866 64 35 line
1991 3869 81 34 until
2090 3871 114 35 within
2221 3873 98 36 about
2335 3878 40 32 GO
2399 3878 61 35 feet
2478 3881 34 33 of

1759 3922 56 31 No.
1826 3934 16 20 o
1853 3923 90 33 level.
1989 3926 200 41 Conradson,
2204 3932 127 43 mining
2341 3944 168 33 manager,

1755 3990 79 31 gave
1858 3991 52 23 me
1934 3981 54 34 the
2011 3981 222 40 instructions.
2280 3990 53 33 He
2355 3992 58 34 left
2437 3993 73 35 four

1755 4036 79 42 days
1850 4038 83 33 after
1948 4050 46 23 we
2012 4041 131 40 started,
2161 4044 64 35 and
2242 4046 36 34 F.
2295 4047 125 37 Sheran
2434 4051 75 35 took

1757 4094 49 33 his
1841 4097 102 41 place.
1988 4099 107 33 When
2126 4113 56 30 my
2211 4105 89 32 work
2337 4107 65 33 had
2439 4120 52 31 pro-

1755 4153 129 37 gressed
1917 4156 36 31 12
1983 4155 62 34 feet
2076 4168 53 32 up,
2157 4170 18 21 a
2200 4161 68 33 reef
2293 4174 66 23 was
2389 4165 119 35 struck.

1758 4210 83 33 Next
1856 4211 75 43 day,
1949 4213 217 46 timbered-up
2182 4217 49 33 for
2245 4221 20 30 8
2282 4219 75 35 feet.
2391 4222 117 35 Sherin

1756 4268 66 33 told
1846 4280 51 22 me
1921 4275 57 29 not
2000 4274 32 30 to
2054 4272 117 34 timber
2185 4285 43 22 un
2252 4287 36 22 as
2304 4277 78 34 then
2398 4280 109 43 going,

1757 4322 57 34 but
1851 4325 97 33 break
1979 4327 67 32 into
2078 4330 68 30 reef
2173 4331 64 32 and
2268 4333 74 34 take
2373 4342 57 27 out
2467 4338 42 32 all

1759 4382 141 34 mullock
1912 4384 83 33 from
2008 4386 53 33 the
2073 4386 169 36 foot-wail.
2288 4391 67 34 The
2366 4395 69 33 reef
2444 4408 65 20 was

1757 4438 78 32 then
1865 4441 97 42 going
1992 4453 92 32 away
2112 4444 85 33 from
2227 4447 72 33 rise.
2345 4449 165 45 Breaking

1757 4494 92 35 down
1875 4497 232 43 hanging-wall
2132 4513 65 22 was
2220 4515 41 21 no
2285 4512 71 36 part
2380 4508 35 33 of
2436 4520 54 23 con-

1758 4560 90 34 tract,
1874 4555 53 33 the
1950 4556 62 33 rise
2029 4558 117 34 should
2163 4559 81 35 have
2270 4562 82 35 been
2375 4572 34 28 at
2432 4567 79 34 back

1757 4612 34 32 of
1810 4613 72 32 reef.
1929 4614 64 33 For
2017 4617 58 32 119
2098 4617 63 33 feet
2183 4619 36 32 of
2239 4620 52 34 the
2312 4622 66 42 job,
2406 4624 14 32 I
2444 4636 66 23 was

1757 4671 177 43 compelled
1965 4678 32 28 to
2024 4685 55 22 use
2105 4676 98 33 much
2233 4677 129 37 heavier
2392 4683 118 34 timber

1758 4728 77 30 than
1854 4729 70 31 that
1941 4730 160 41 specified.
2148 4733 72 32 The
2237 4734 80 34 item
2333 4738 35 31 of
2383 4739 75 39 £SO,
2484 4742 26 31 is

1757 4784 45 32 for
1827 4790 89 27 extra
1939 4785 88 33 work
2051 4786 82 35 doue
2150 4789 141 46 through
2317 4804 58 22 our
2399 4806 93 23 cours
2505 4810 5 9 *

1759 4840 180 44 frequently
1964 4842 93 42 being
2081 4845 133 34 altered.
2260 4849 16 31 I
2308 4850 63 33 lost
2399 4854 113 42 nearly

1762 4898 83 32 £'2oo
1866 4910 77 20 oxer
1966 4898 53 34 the
2042 4900 66 42 job,
2134 4903 63 32 and
2222 4903 64 34 had
2310 4906 16 31 I
2351 4913 57 27 not
2432 4909 78 34 been

1757 4954 172 36 interfered
1946 4956 88 41 with,
2055 4958 93 35 could
2173 4960 81 37 have
2278 4964 95 36 made
2389 4966 25 35 it
2437 4979 75 35 pay.

1766 5016 59 30 The
1849 5015 79 32 item
1951 5017 31 31 of
2001 5019 64 32 £O7
2083 5021 65 37 10s,
2170 5021 26 31 is
2220 5033 18 21 a
2260 5023 118 44 charge
2401 5031 34 28 at
2460 5028 53 33 the

1758 5077 66 27 late
1847 5073 34 33 of
1909 5073 52 33 I<>s
1986 5085 17 21 a
2030 5073 75 45 day,
2129 5076 49 34 for
2201 5078 62 34 loss
2288 5081 34 34 of
2347 5088 79 30 time
2450 5086 62 34 and

1758 5137 89 27 extra
1873 5131 98 40 work,
1995 5132 142 44 through
2159 5135 122 45 having
2306 5139 64 34 had
2397 5149 32 25 to
2456 5154 57 23 use

1760 5187 84 41 large
1856 5188 89 33 steel.
1991 5190 17 31 I
2020 5190 97 33 asked
2129 5195 187 42 repeatedly
2327 5197 48 32 for
2382 5200 132 33 smaller

1759 5245 99 40 drills,
1882 5245 59 34 but
1963 5258 65 21 was
2051 5247 68 33 told
2136 5255 32 27 to
2186 5249 64 44 buy
2268 5251 53 34 the
2338 5255 79 32 steel
2441 5267 47 33 my-

1759 5304 67 32 self.
1872 5304 66 32 The
1962 5304 70 32 first
2057 5307 36 30 15
2118 5307 63 32 feet
2204 5320 46 21 we
2274 5321 84 22 were
2386 5311 67 35 told
2481 5319 31 28 to

1759 5360 86 31 drive
1859 5361 148 40 straight.
2039 5362 68 31 The
2119 5364 125 39 ground
2258 5371 55 34 got
2326 5367 94 40 good.
2445 5369 69 33 The

1760 5429 154 28 manager
1938 5418 78 33 then
2041 5419 134 34 ordered
2199 5432 36 20 us
2259 5422 68 34 into
2351 5424 54 34 the
2433 5426 62 33 foot-

1759 5475 72 31 wall
1855 5474 107 32 where
1981 5481 24 26 it
2028 5487 66 21 was
2112 5487 76 32 very
2206 5477 90 35 hard.
2343 5480 107 35 Drove
2477 5484 37 32 12

1759 5533 62 32 feet
1837 5532 149 44 straight,
2002 5533 67 33 and
2086 5546 82 22 were
2185 5536 80 34 then
2289 5538 68 33 told
2383 5545 31 28 to
2431 5540 81 45 keep

1759 5595 31 27 to
1820 5590 55 33 the
1907 5591 115 32 south:
2047 5591 74 34 that
2143 5593 75 33 took
2248 5605 36 21 us
2309 5606 92 34 away
2430 5598 84 34 from

1759 5648 85 38 reef;
1868 5659 19 21 a
1904 5648 138 42 straight
2059 5649 64 33 line
2140 5651 108 32 would
2266 5652 81 33 have
2364 5654 98 32 taken
2477 5667 36 20 us

1760 5709 31 27 to
1814 5705 54 33 the
1891 5705 106 33 north.
2044 5705 45 33 To
2107 5706 53 33 the
2180 5708 106 40 south,
2311 5708 55 34 the
2388 5713 126 41 ground

1759 5776 66 20 was
1855 5765 97 31 much
1986 5764 126 33 harder.
2158 5766 156 44 Through
2348 5780 34 22 so
2413 5781 101 33 many

1759 5818 191 40 deviations,
1963 5831 88 22 more
2063 5820 81 33 stuff
2153 5821 64 33 had
2229 5828 32 27 to
2275 5822 37 34 be
2328 5826 181 33 excavated.

1759 5878 95 41 (Plan
1870 5879 36 31 of
1918 5878 88 32 mine
2029 5878 42 42 by
2088 5879 40 31 E.
2153 5879 162 41 Watkins,
2333 5882 91 40 C.E.,
2442 5894 51 32 pro-

1759 5933 127 43 duced).
1929 5934 106 33 There
2058 5934 27 33 is
2108 5945 42 22 no
2168 5935 76 44 plan
2269 5936 149 47 showing
2441 5939 72 35 how

1758 5992 55 31 the
1836 5991 62 33 rise
1922 5992 59 32 has
1997 5992 80 32 been
2098 5995 214 32 constructed.
2357 5996 78 32 Had
2459 5998 55 33 the

1747 6035 1 60 1
1757 6047 62 34 rise
1842 6046 79 35 been
1946 6052 59 39 put
2020 6059 44 33 up
2087 6049 148 44 straight,
2255 6063 15 22 n
2296 6051 82 44 light
2402 6056 34 32 at
2458 6054 55 35 the

2522 261 66 35 top,
2606 257 106 29 would
2733 256 36 31 be
2792 257 111 29 visible
2918 262 32 25 at
2966 257 54 29 the
3034 257 137 30 bottom.
3225 259 67 30 The

2524 313 111 40 angles
2653 313 31 33 in
2703 313 25 33 it
2747 314 94 32 made
2860 314 53 33 the
2931 313 150 43 haulage,
3107 315 34 31 of
3156 314 127 42 timber,

2526 370 64 40 &c.,
2615 383 88 22 more
2728 372 146 35 difficult.
2919 372 69 34 The
3016 383 164 33 company
3203 384 80 32 gav§

2526 439 52 21 me
2595 441 17 20 a
2629 430 103 33 bonus
2749 431 34 31 of
2798 433 66 31 £'so
2880 431 47 32 for
2943 430 157 43 finishing
3118 430 55 33 the
3183 431 103 38 work,

2528 484 40 43 by
2592 487 62 33 end
2674 489 35 32 of
2730 489 126 38 March,
2875 491 90 31 1885.
3011 488 194 43 Originally,
3230 489 54 33 the

2528 542 159 35 intention
2705 558 65 20 was
2787 551 32 28 to
2836 546 79 42 keep
2933 555 31 24 to
2979 547 53 32 the
3046 546 237 39 hanging-wall

2528 598 77 33 side.
2651 601 86 35 That
2760 614 65 22 was
2848 603 61 33 fair
2933 602 136 42 ground,
3095 602 55 34 but
3180 604 32 31 in
3238 603 53 34 the

2528 657 156 33 foot-wall
2703 662 23 29 it
2743 673 65 19 was
2827 663 61 30 like
2907 663 88 31 steel.

2632 713 59 44 [To
2708 717 36 31 be
2762 720 176 30 continued
2957 721 30 29 in
3006 731 57 20 our
3081 726 100 33 next.,

2532 818 230 39 RESIDENT
2783 823 327 37 MAGISTRATE'S
3128 826 161 34 COURT.

2626 936 220 42 Wednesday,
2865 939 54 33 sth
2938 942 148 36 August,
3108 945 89 31 18->5.

2574 1050 126 34 (Before
2738 1052 111 33 Frank
2881 1054 95 37 'Dim,
3012 1056 90 42 Esq.,
3142 1056 73 32 YI.V,
3239 1050 3 48 ■

2572 1106 43 32 H.
2635 1107 47 32 \\.
2704 1108 113 34 Mason
2836 1122 27 20 v.
2882 1112 105 33 Annie
3006 1113 125 44 Young.
3138 1114 146 34 —Claim

2533 1167 45 28 tor
2600 1167 60 30 £l2
2679 1168 64 31 10s.
2761 1167 93 38 bein.n
2873 1169 117 40 charge
3011 1173 33 29 of
3060 1174 65 30 £i!J
3147 1175 64 30 10s,
3239 1173 49 31 for

2532 1220 17 32 d
2570 1233 107 30 awing
2700 1224 121 33 certain
2848 1225 92 43 plain
2957 1227 63 33 and
3045 1229 239 43 specifications

2534 1280 45 30 lor
2616 1292 17 19 a
2672 1280 154 43 building,
2858 1296 41 19 an
2911 1284 11 31 1
2954 1287 45 31 £'2
3030 1287 171 40 travelling
3232 1299 33 21 ex-

2533 1346 123 31 penses.

2576 1392 51 33 Mr
2647 1393 109 42 Lynch
2776 1396 46 33 for
2839 1397 150 43 plaintiff,
3012 1400 63 33 and
3096 1400 51 33 Mr
3172 1402 95 33 Hasel-

2534 1449 61 32 den
2613 1451 47 31 for
2676 1452 186 35 defendant.

2577 1505 142 35 Plaintiff
2756 1508 140 44 deposed
2928 1511 70 34 that
3036 1512 33 34 in
3102 1514 185 35 November

2536 1564 87 34 18t>,
2642 1564 175 35 defendant
2833 1579 88 21 came
2946 1574 31 27 to
2997 1569 79 35 him,
3095 1573 35 30 of
3142 1573 57 31 her
3215 1585 73 21 own

2534 1621 124 39 accord,
2682 1623 65 34 and
2770 1625 67 32 said
2862 1626 56 32 she
2936 1639 65 21 was
3025 1629 96 41 going
3145 1636 30 27 to
3200 1631 90 34 build

2534 1683 32 25 at
2594 1678 194 42 Inangahua
2815 1681 158 34 Junction
3001 1684 120 42 bridge,
3150 1687 65 32 and
3243 1700 30 21 re-

2535 1736 110 41 quired
2668 1738 68 33 him
2761 1745 31 27 to
2816 1740 89 33 draw
2921 1741 93 42 plans
3036 1745 62 31 and
3123 1747 146 40 specifica-

2537 1792 93 40 tions,
2648 1795 187 45 explaining
2851 1798 87 34 what
2955 1806 65 27 sort
3038 1801 36 33 of
3092 1813 18 22 a
3127 1802 90 41 place
3236 1804 54 34 she

2536 1850 156 41 required.
2738 1853 99 33 Later
2874 1867 52 27 on,
2959 1858 33 30 in
3022 1858 55 32 the
3111 1860 180 34 Alhambra

2539 1905 108 39 Hotel,
2686 1908 176 36 defendant
2899 1914 62 33 had
2991 1915 139 34 referred
3169 1924 32 27 to
3239 1919 54 33 the

2539 1971 121 26 matter
2684 1967 34 31 in
2741 1967 54 33 the
2812 1979 150 33 presence
2980 1974 31 32 of
3033 1973 132 35 himself
3186 1976 64 33 and
3275 1988 18 22 a

2540 2023 139 33 number
2722 2025 38 32 of
2793 2035 179 28 witnesses.
3020 2034 132 41 Shortly
3196 2036 79 31 after-

2540 2079 112 40 wards,
2681 2081 39 33 he
2743 2082 77 34 took
2843 2084 54 33 the
2922 2085 104 44 plans,
3050 2091 65 38 &c.,
3140 2089 95 35 down
3260 2096 32 30 to

2540 2139 57 29 her
2620 2138 89 41 place
2738 2145 34 28 at
2797 2142 193 40 Inangahua
3013 2147 169 33 Junction.
3229 2150 64 31 She

2539 2195 163 42 approved
2724 2196 35 33 of
2779 2197 102 43 them,
2899 2201 65 33 and
2980 2204 127 33 wanted
3131 2204 89 35 them
3239 2206 54 33 left

2539 2263 34 19 so
2604 2263 33 20 as
2672 2260 31 26 to
2734 2254 37 33 be
2802 2256 140 34 referred
2973 2264 31 28 to
3034 2261 54 32 the
3119 2262 176 34 Licensing

3276 2294 17 13 o

2541 2307 108 35 Bencn
2681 2314 33 30 at
2738 2311 202 42 Boatman's,
2969 2320 32 30 to
3027 2318 108 35 whom
3164 2321 56 33 she
3248 2334 30 20 in-

2541 2366 117 32 tended
2668 2369 154 44 applying
2832 2373 45 31 for
2886 2384 17 20 a
2914 2372 127 34 license.
3079 2376 57 43 My
3145 2378 150 34 estimate

2541 2423 30 30 of
2603 2423 52 32 the
2682 2430 68 28 cost
2773 2427 31 32 of
2832 2439 17 21 a
2877 2428 147 41 building
3048 2433 80 32 such
3161 2445 33 21 as
3226 2435 70 34 that

2541 2477 166 37 described
2733 2481 43 43 by
2806 2484 69 40 her,
2900 2486 27 32 is
2955 2488 107 33 £'looo
3079 2499 6 29 ;
3117 2491 95 32 while
3241 2493 55 33 she

677 103 135 47 THE
881 103 80 48 LY
969 104 86 47 EL
1065 104 36 49 L
1166 103 219 57 TIMES,
1455 103 365 62 SATURDAY,
1889 110 276 49 AUGUST
2248 127 57 45 15,
2381 115 124 59 ISSS.

2570 2567 246 43 [Continuation
2832 2573 35 31 of
2882 2573 104 40 News,
3005 2589 51 21 see
3080 2579 58 32 4tli
3155 2579 110 44 Page.]

190 395 174 35 BRIDGE
395 398 120 33 OVER
546 400 272 33 TNANGAHUA
848 402 55 32 AT
915 395 1 39 i

275 443 205 34 BULLER.J
494 445 22 33 l'
528 447 160 32 IsCTiON
701 446 87 33 REP
800 447 104 40 illiS,

276 492 66 38 &c.,
359 492 53 32 TO
429 493 303 34 APPROACHES.

154 579 279 73 WRITTEN
464 583 211 33 TENDERS
704 585 64 31 will
793 585 36 32 be
860 596 30 20 re-

307 631 108 32 ceived
433 634 34 30 at
483 631 63 34 this
563 632 108 38 Office,
691 632 79 32 until
790 632 97 33 NOO.
899 631 3 39 «

156 679 32 26 ol
226 675 250 40 (SATURDAY,
511 678 54 32 the
597 675 2 40 k
600 678 82 32 22nd
719 678 166 32 aLKtUS'J

160 720 90 37 1885,
275 723 47 29 lor
347 723 51 30 ihe
422 722 100 32 above
543 731 154 24 contract.
742 724 90 38 They
857 736 51 18 aif

158 767 34 27 to
215 762 38 32 be
278 766 132 31 marked
428 778 41 19 on
493 767 54 31 the
572 774 134 30 outside,
769 768 141 31 Tender■«

159 807 50 35 for
226 809 144 45 Repairs,
388 812 64 41 &c.,
469 817 32 30 to
518 813 197 44 approaches
733 818 31 29 to
782 813 109 43 Bridge
906 807 3 50 .

161 867 77 21 over
254 858 203 37 inarnjahua,
475 867 33 24 at
527 861 108 30 l>uller
657 861 153 31 Junction
837 873 57 18 con

304 903 63 32 and
390 903 172 35 addressed
591 913 30 24 to
653 911 52 27 the
743 906 83 32 Hon.
859 913 53 25 ti<c

165 948 150 33 Minister
351 960 49 23 lor
430 951 111 33 Public
572 952 126 38 Works,
739 953 24 31 V
779 964 109 31 estpur
907 978 5 5 .

164 992 227 43 Specification
409 996 63 32 and
485 997 130 40 geiieml
631 997 193 35 conditions,
840 1010 73 29 may

163 1037 37 33 be
218 1051 74 20 seen
310 1047 33 25 at
359 1041 54 33 the
431 1042 73 33 Post
517 1042 62 33 and
593 1043 177 43 Telegraph
790 1045 125 35 Officer

363 1087 63 32 and
457 1088 103 42 Lyell,
596 1100 35 20 or
661 1096 33 25 at
724 1092 192 39 Courtney'*

162 1131 291 36 Accommodation
482 1136 122 35 House,
631 1148 77 20 near
737 1140 55 29 the
817 1136 98 33 work.

162 1177 70 32 The
249 1180 121 37 lowest,
388 1192 35 19 or
438 1192 65 31 any
517 1183 123 37 tender,
656 1192 55 22 not
722 1185 193 39 necessarily

162 1223 163 43 accepted.

205 1269 50 42 Ry
272 1269 192 36 Command.

472 1330 35 32 F.
530 1330 52 34 W.
609 1331 167 33 MARTIN
777 1330 4 40 1
787 1357 7 13 ,

531 1378 155 33 Resident
703 1378 174 43 Engineer.

250 1431 113 36 Public
382 1434 114 34 Works
513 1435 110 41 Office,

209 1477 176 44 Westport,
404 1483 12 28 l
423 1477 2 44 k
426 1481 52 31 2th
497 1482 136 39 August,
653 1485 87 29 1885.

2721 2679 182 36 BULLEB
2929 2685 190 34 COUNTY.

2548 2807 6 25 I
2571 2807 10 55 j
2599 2800 195 39 IENDLRS
2824 2807 67 34 will
2921 2808 37 34 be
2992 2812 145 34 received
3166 2815 85 33 until
3281 2818 18 32 4

2653 2866 132 39 o'clock,
2802 2880 92 32 p.m.,
2911 2882 42 22 on
2970 2872 257 46 THURSDAY,
3243 2878 57 35 the

2543 2926 76 32 20th
2636 2929 36 31 of
2683 2930 190 42 AUGUST,
2898 2935 91 38 1885,
3011 2937 50 32 for
3084 2939 173 43 Sections,
3282 2945 18 30 2

2544 2989 65 35 and
2623 2992 30 39 3,
2671 2992 145 36 LIGHT
2834 2995 114 36 MILE
2967 2999 130 41 ROx\D,
3113 3003 124 35 Lyell.

2587 3117 97 33 Plans
2707 3119 64 34 and
2795 3121 246 44 Specifications
3062 3140 77 30 may
3162 3130 39 34 be
3225 3144 77 23 seen

2544 3181 33 29 at
2597 3178 52 32 Mr
2663 3180 32 32 J.
2712 3181 179 43 Fennell's,
2905 3185 102 44 Lyell,
3019 3189 66 33 and
3098 3191 56 33 the
3171 3192 130 46 County

2545 3240 110 41 Office,
2670 3243 176 46 Westport.

2801 3309 191 37 EUGENE
3018 3315 201 45 O'CONOR,

2923 3376 132 46 County
3070 3380 192 38 Chairman.

2586 3429 177 46 Westport,
2782 3436 75 32 11th
2875 3438 139 44 August,
3032 3443 91 33 1885.

2547 3529 174 34 UNITED
2752 3535 140 33 ITALY
2921 3539 177 40 QUARTZ
3131 3546 173 36 MINING

2689 3593 225 48 COMPANY,
2945 3601 211 42 LIMITED.

2700 3721 187 42 SHARES,
2914 3729 181 35 numbered
3118 3734 85 34 from
3227 3740 15 30 1
3269 3748 33 25 to

2656 3782 124 41 24,000,
2797 3785 262 40 FORFEITED
3075 3794 49 34 for
3139 3808 140 35 non-pay-

2543 3848 91 28 ment
2649 3846 32 31 of
2696 3856 65 33 any
2778 3847 96 41 Calls,
2892 3852 65 33 will
2973 3852 38 35 be
3027 3855 70 34 sold
3118 3857 43 44 by
3184 3861 114 36 Public

2543 3906 150 40 Auction,
2721 3915 34 26 at
2782 3910 52 33 Mr
2863 3913 90 33 John
2984 3917 147 35 Munro's
3156 3921 142 37 Auction

2545 3967 96 42 Mait,
2669 3969 16 34 1
2697 3970 178 39 almerston
2907 3975 115 45 Street,
3054 3981 175 46 Westport,
3255 4000 42 22 on

2546 4032 199 43 MONDAY,
2773 4037 77 34 24th
2877 4039 192 46 AUGUST,
3104 4047 90 43 1885,
3219 4054 34 31 at
3278 4053 19 35 2

2543 4108 18 21 o
2575 4097 101 40 deck,
2693 4111 90 31 p.m.,
2797 4104 110 32 unless
2919 4107 185 44 previously
3114 4113 182 35 redeemed.

2832 4165 147 38 JAMES
3007 4170 167 45 INGLIS,

3090 4235 168 47 Manager.

2585 4287 103 42 Lyell,
2707 4290 75 33 12th
2798 4292 135 42 August,
2953 4297 88 33 1885.

2546 4386 175 36 UNITED
2752 4391 135 36 ITALY
2917 4396 176 40 QUARTZ
3126 4402 173 37 MINING

2688 4451 225 45 COMPANY,
2946 4459 209 37 LIMITED.

2549 4576 246 70 RENDERS
2826 4594 53 23 are
2909 4585 135 38 invited,
3076 4590 48 33 for
3154 4593 148 43 working

2664 4641 55 34 the
2736 4642 199 48 Company's
2955 4649 93 35 Mine
3072 4664 42 23 on
3136 4655 164 44 Tribute,

2546 4702 47 32 for
2608 4715 19 20 a
2642 4708 83 29 term
2742 4707 34 31 of
2789 4708 144 35 Twelve
2954 4713 153 36 Months.

2589 4826 243 44 Specifications
2854 4835 65 33 and
2938 4836 192 39 Conditions
3153 4855 42 22 on
3218 4845 84 35 view

2546 4892 33 29 at
2605 4890 55 33 the
2686 4892 112 42 Office,
2827 4896 77 33 Cliff
2924 4897 116 42 Street,
3065 4903 103 43 Lyell,
3194 4907 108 36 where

2548 4953 128 35 tenders
2691 4956 68 34 will
2775 4957 37 35 be
2829 4960 146 37 received
2991 4974 41 35 up
3050 4969 31 31 to
3104 4968 17 33 7
3144 4979 90 34 p.m.,
3258 4983 43 26 on

2547 5019 186 42 Saturday,
2750 5024 85 32 22ad
2850 5025 149 42 August,
3019 5030 89 33 1885.

2587 5145 69 34 The
2681 5146 129 44 highest
2834 5162 35 23 or
2891 5164 65 33 any
2980 5156 111 34 tender
3114 5164 57 29 not
3194 5172 89 25 neces-

2547 5209 97 42 sarily
2661 5212 164 42 accepted.

2588 5336 27 29 A
2641 5336 147 34 Deposit
2811 5340 37 31 of
2872 5341 89 33 TEN
2990 5345 180 36 POUNDS
3193 5354 32 29 to
3252 5363 33 22 ac-

2548 5407 161 35 company
2724 5399 80 34 each
2821 5403 124 36 tender.

2845 5465 146 36 JAMES
3013 5471 166 43 INGLIS,

3095 5538 167 46 Manager.

2589 5585 103 42 Lyell,
2712 5589 75 33 11th
2803 5590 137 45 August,
2953 5596 90 34 1885.

2589 5689 197 36 TOWLE'S
2804 5693 303 42 PENNYROYAL
3121 5705 23 32 4
3159 5706 145 37 STEEL

2548 5734 128 36 PILLS
2695 5738 85 33 FOR
2796 5740 212 40 FEMALES
3027 5750 134 44 quickly
3184 5764 121 26 correct

2547 5783 43 31 all
2606 5783 239 44 inegulaiities,
2863 5790 66 32 and
2944 5792 118 35 relieve
3085 5797 55 33 the
3157 5799 130 35 distress-

2546 5838 56 32 ing
2618 5835 183 38 symptoms
2816 5845 35 22 so
2868 5838 169 41 prevalent
3055 5842 78 34 with
3159 5846 54 33 the
3237 5860 54 22 sex

2546 5873 107 35 Boxes
2669 5877 34 31 Is
2720 5877 60 33 lid
2796 5880 65 33 and
2876 5882 36 32 2s
2927 5884 65 39 9d.,
3015 5886 36 32 of
3069 5887 43 33 all
3130 5876 175 52 Chemists'.

2547 5918 160 46 Prepared
2723 5922 80 43 only
2818 5923 43 46 by
2884 5926 39 34 E.
2942 5928 36 34 T.
2998 5929 121 45 Towle,
3144 5936 161 44 Chemist,

2549 5966 228 45 Nottingham,
2801 5971 165 43 England.
3015 5979 182 39 Wholesale
3214 5988 36 32 of
3262 5989 43 33 all

2546 6015 56 30 the
2633 6015 178 36 wholesale
2834 6018 141 37 Houses.
3022 6025 133 36 Beware
3175 6031 40 33 of
3238 6033 44 33 Jm-

2546 6060 131 33 tatians.
