2559 4020
80 2711 29 21 In
134 2718 45 14 thb
232 2712 148 21 Katherink
577 2721 63 15 prom

202 2749 26 5 —
233 2740 95 25 Captain,
343 2740 78 25 Agent.
423 2751 26 4 —
450 2742 13 19 2
473 2744 49 17 tons
537 2745 102 23 potatoes,

53 2766 25 20 12
88 2766 55 26 pigs,
154 2767 12 20 2
174 2766 57 21 bales
240 2766 62 25 wool,
312 2768 13 19 2
344 2767 70 21 chests
431 2769 91 25 apparel,
535 2770 10 19 1
564 2770 76 21 bundle

48 2792 102 27 bedd'og,
160 2794 9 20 1
180 2794 97 26 prisoner
285 2794 23 20 of
315 2794 37 21 the
360 2794 83 26 Crown,
452 2796 12 20 2
472 2796 52 20 mail
530 2797 109 26 packages.

80 2820 28 20 In
127 2827 47 14 the
376 2827 65 16 from
460 2829 46 14 the
532 2829 80 16 coast.
613 2835 27 5 —

50 2847 100 26 Captain,
159 2848 77 26 Agent.
237 2859 27 4 —
266 2849 12 20 6
292 2855 58 14 cases
365 2850 62 24 wine,
439 2851 10 19 1
461 2850 35 20 do.
506 2857 60 21 soap,
579 2852 10 19 1
605 2852 33 20 do.

48 2878 108 21 currants,
166 2876 26 20 20
209 2876 52 26 bags
271 2882 70 20 sugar,
360 2877 26 20 13
396 2877 51 26 kegs
463 2878 80 24 butter,
554 2879 13 19 6
583 2885 57 14 cases

49 2903 103 24 mustard,
163 2904 11 19 2
185 2903 51 25 bags
246 2904 72 23 coffee,
330 2905 13 20 9
353 2905 71 20 chests
441 2907 40 22 tea,
493 2906 13 20 2
516 2912 59 14 cases
593 2912 46 15 cur-

48 2932 68 22 rants,
135 2931 28 19 22
181 2930 51 26 kegs
250 2931 66 25 paint,
336 2932 13 20 2
370 2932 35 20 do.
426 2932 92 26 vinegar,
543 2935 12 18 4
576 2933 63 21 boxes

48 2956 93 24 candles,
153 2958 12 19 4
175 2957 35 20 do.
222 2958 83 24 raisins,
315 2959 14 19 4
341 2965 57 14 cases
409 2959 69 26 cyder,
489 2961 14 18 2
513 2961 61 19 (asks
582 2967 56 20 peas,

51 2984 11 19 1
75 2989 47 15 case
132 2984 81 24 cheese,
225 2985 26 20 20
262 2985 60 20 casks
331 2986 62 24 vine,
404 2987 12 19 2
428 2993 56 13 cases
494 2987 61 24 wine,
569 2989 10 19 1
593 2994 46 15 case

48 3011 38 24 oil,
97 3011 11 19 1
118 3010 36 21 do.
165 3012 104 24 sundries,
278 3012 13 19 6
301 3012 64 20 boxes
373 3013 91 25 candles,
473 3015 12 19 5
496 3014 50 25 bags
555 3015 82 26 onions,

48 3038 28 20 50
87 3038 54 26 pigs,
153 3039 11 20 1
174 3039 52 20 hhd.
237 3039 62 26 pork,
311 3040 11 20 1
333 3046 48 14 case
395 3046 61 19 guns,
467 3042 11 19 2
490 3042 57 20 bales
563 3043 74 26 prints,

48 3065 13 20 9
78 3064 52 27 kegs
146 3066 61 24 nails,
221 3066 13 20 6
250 3067 51 25 bags
313 3067 52 25 rice,
383 3068 12 20 9
405 3068 62 20 sacks
480 3071 54 22 oats,
553 3070 12 20 2
583 3076 55 14 cases

48 3092 82 24 cheese,
142 3093 11 19 1
164 3099 46 14 case
220 3093 120 26 cinnamon,
353 3095 10 19 1
376 3101 46 14 case
432 3095 71 26 cyder.

76 3119 28 21 In
119 3125 47 15 the
386 3128 65 14 from
466 3122 144 22 Hokianga.
611 3134 27 6 —

44 3147 23 20 /.
95 3147 71 25 Wade,
190 3149 107 25 Agent.—
299 3149 39 20 lss
358 3149 86 21 baskets
463 3151 98 26 peaches,
586 3152 25 20 12
616 3152 22 23 ife

42 3179 94 20 .grasses,
145 3175 14 19 1
170 3176 77 24 parcel.

34 3562 90 62 New
154 3562 209 62 Zealand
393 3562 210 62 Gazette

80 3624 69 23 AND
163 3624 218 25 WELLINGTON
399 3626 191 24 SPECTATOR.

161 3679 131 26 Saturday,
307 3680 90 22 March
412 3682 21 25 2,
451 3683 60 21 1844.

73 3893 43 25 We
127 3894 47 24 find
186 3895 19 23 it
219 3895 131 32 impossible
371 3901 24 20 to
414 3897 54 25 read
485 3897 39 25 the
545 3901 81 31 speech

37 3927 67 24 made
115 3927 31 31 by
156 3926 148 32 Rtuparaha,
316 3929 46 25 and
376 3930 85 24 believe
474 3930 48 25 that
539 3932 30 24 he
581 3940 45 18 w*a

75 3728 43 25 We
130 3730 72 23 insert
213 3730 25 24 in
250 3730 101 31 to-day's
364 3740 72 23 paper
444 3741 28 16 an
485 3734 84 24 official
579 3741 50 18 uar-

38 3763 73 23 rative
121 3763 28 23 of
154 3763 36 23 the
201 3763 158 33 proceedings,
369 3770 23 18 at
402 3773 14 15 a
427 3767 100 31 meeting
536 3772 22 19 at
565 3767 64 25 Wai-

38 3795 83 29 Jkanae,
134 3795 100 26 between
244 3796 38 25 his
294 3796 144 33 Excellency
447 3799 44 23 and
499 3800 43 24 the
550 3800 79 25 Chiefs

38 3827 140 33 Rauparaha
189 3829 46 23 and
243 3828 171 33 Rangibaeata,
428 3829 43 26 anil
483 3841 14 14 a
510 3832 118 26 consider-

38 3861 51 23 able
102 3861 60 31 body
172 3862 26 23 of
209 3863 97 24 natives.

711 1966 45 23 We
767 1966 71 24 insert
849 1968 24 23 in
885 1969 98 29 to-day's
995 1976 71 23 paper
1074 1978 17 16 a
1103 1971 65 23 letter
1185 1973 81 28 signed

678 1998 101 28 Veritas,
791 2007 30 15 on
833 2000 37 23 the
882 2001 87 29 subject
981 2001 24 22 of
1016 2001 59 24 Free
1085 2003 75 25 Trade
1173 2004 24 23 in
1207 2004 58 24 New

678 2030 108 25 Zealand.
824 2032 42 24 We
885 2033 57 30 fully
961 2041 84 17 concur
1066 2036 22 22 in
1114 2043 40 17 our
1176 2044 88 17 corres-

676 2064 112 31 pondents
807 2065 75 29 views,
896 2066 42 23 and
950 2074 35 15 we
995 2075 38 15 are
1045 2069 149 31 exceedingly
1212 2070 51 31 glad

677 2101 21 19 to
710 2097 48 24 find
771 2098 49 24 that
831 2106 42 17 our
890 2101 190 30 contemporaries
1098 2107 23 19 at
1139 2102 124 25 Auckland

677 2138 36 15 are
727 2130 31 24 all
774 2132 82 29 agreed
875 2140 26 16 as
921 2137 21 19 to
964 2133 37 24 the
1021 2136 117 30 propriety
1155 2136 26 23 of
1197 2144 66 24 every

675 2163 61 31 body
758 2164 129 32 abstaining
908 2166 55 23 from
984 2166 98 31 robbing
1105 2176 67 23 every
1193 2170 68 31 body.

676 2196 23 23 It
710 2197 20 22 is
743 2197 49 23 also
804 2197 113 25 fortunate
928 2199 48 23 that
988 2200 39 23 the
1049 2201 119 24 Governor
1188 2207 75 20 enter-

675 2230 59 23 tains
746 2230 38 24 the
797 2231 67 24 views
882 2232 97 31 adopted
997 2233 31 30 by
1039 2234 38 23 the
1089 2239 60 19 most
1163 2236 99 31 enlight-

675 2262 57 24 ened
756 2271 27 16 on
805 2264 45 24 this
870 2265 121 31 important
1009 2267 99 31 subject.
1146 2268 45 23 His
1211 2269 50 24 Ex-

675 2295 100 31 cellency
787 2297 41 23 has
840 2298 101 24 declared
964 2298 49 25 that
1033 2299 29 24 he
1080 2301 87 23 desires
1184 2307 22 18 to
1225 2310 36 16 see

675 2328 62 25 trade
750 2337 24 15 as
786 2330 47 24 free
851 2338 26 16 as
889 2332 33 23 air
931 2340 6 19 ;
957 2331 42 24 but
1016 2332 29 24 hj
1068 2333 41 24 has
1120 2342 14 15 a
1152 2336 109 23 custom's

674 2366 93 26 system,
789 2363 45 24 and
853 2364 76 24 before
947 2364 29 24 be
996 2366 117 24 abandons
1130 2368 19 22 it
1160 2368 30 23 he
1205 2376 55 23 pru-

673 2394 79 33 dently
763 2396 56 23 feels
831 2396 49 24 that
892 2397 27 24 he
931 2403 60 19 must
1003 2399 28 23 be
1044 2407 78 17 secure
1134 2401 24 23 in
1171 2401 88 24 obtain-

672 2428 47 31 ing,
739 2433 25 18 at
782 2429 65 29 least,
865 2438 29 15 an
915 2431 64 31 equal
1000 2439 99 18 revenue
1118 2433 58 24 from
1192 2443 67 17 .some

672 2461 65 25 other
749 2469 80 17 source
840 2471 27 15 or
878 2472 99 16 sources.
1014 2465 24 23 It
1058 2466 113 30 becomes,
1184 2468 75 23 there-

671 2493 56 30 fore,
740 2495 38 23 the
791 2495 55 31 duty
858 2497 24 23 of
894 2497 38 23 the
943 2505 64 23 press
1020 2503 24 19 to
1056 2507 94 16 canvass
1159 2500 39 24 the
1211 2501 48 23 best

672 2527 65 23 mode
750 2528 26 23 of
784 2530 124 31 supplying
918 2530 37 23 the
968 2531 157 25 Government
1132 2533 54 24 with
1199 2541 60 23 ways

671 2560 43 24 and
727 2568 87 23 means,
824 2563 38 23 the
874 2563 57 24 least
941 2564 134 30 productive
1085 2566 26 23 of
1129 2566 45 23 evil
1188 2571 23 19 to
1223 2567 36 24 the

671 2595 148 31 community.
866 2596 51 24 The
943 2602 116 27 strongest
1087 2604 121 25 argument
1235 2601 23 22 in

670 2626 80 24 favour
769 2629 25 22 of
809 2636 41 17 our
871 2631 188 30 correspondents
1080 2632 68 23 views
1169 2634 28 28 is,
1211 2632 48 24 that

671 2659 158 25 Government
837 2662 46 23 will
894 2668 40 17 not
944 2664 29 22 be
981 2663 50 24 able
1044 2671 23 16 to
1078 2666 60 22 raise
1150 2667 107 22 customs'

670 2700 97 18 revenue
786 2695 59 23 from
866 2695 110 24 residents
997 2705 30 15 on
1045 2697 39 24 the
1106 2703 72 19 coast.
1214 2698 44 24 We

670 2725 54 24 hear
734 2726 50 25 that
795 2731 23 20 at
830 2728 38 23 the
878 2734 90 25 present
976 2735 102 19 moment
1089 2739 68 16 seven
1171 2732 87 24 vessels

670 2766 36 16 are
713 2766 29 16 on
754 2759 39 25 the
802 2766 71 23 coast,
880 2762 122 31 supplying
1011 2763 38 24 the
1059 2765 95 23 demand
1160 2765 35 23 for
1203 2766 54 22 arti-

670 2791 45 24 cles
724 2792 90 32 subject
821 2798 23 19 to
851 2794 81 24 duties.
956 2795 37 23 No
1002 2801 65 19 taxes
1077 2798 52 29 will,
1136 2798 120 29 therefor*,

670 2824 26 23 be
708 2825 83 24 thence
802 2826 100 25 derived.
937 2827 51 25 The
1006 2829 65 24 habit
1089 2831 26 23 of
1128 2831 97 30 looking
1235 2836 23 19 to

669 2857 37 24 the
718 2859 119 31 smuggler
847 2865 61 18 must
919 2860 27 24 be
964 2863 104 31 growing
1083 2871 89 24 a-pace,
1185 2864 43 24 and
1240 2865 17 23 it

668 2891 45 25 w.ill
725 2898 70 24 prove
810 2893 77 24 befoie
899 2894 52 31 long
964 2895 47 23 that
1032 2897 65 23 these
1117 2897 140 24 settlements

668 2932 38 15 are
718 2924 49 23 also
778 2926 104 31 supplied
901 2926 29 32 by
943 2928 37 22 the
996 2936 63 16 same
1076 2931 94 30 parties.
1207 2930 50 24 The

668 2962 101 21 customs
781 2964 61 18 must
861 2959 28 24 be
911 2961 131 24 abandoned
1063 2963 75 24 before
1150 2963 56 31 long
1218 2963 38 24 be-

668 2998 69 15 cause
756 2991 54 31 they
828 2998 82 18 cannot
929 2994 27 22 be
974 2995 147 25 maintained.
1167 2996 31 24 In
1219 2997 37 23 the

668 3024 130 29 meantime,
812 3024 110 30 however,
935 3027 17 22 it
971 3027 19 23 is
1009 3027 85 32 doubly
1106 3037 79 16 severe
1197 3037 59 23 upon

667 3056 39 23 the
718 3057 76 23 trader
804 3059 101 22 resident
923 3060 23 23 in
965 3067 14 16 a
997 3061 138 30 settlement,
1150 3062 48 24 who
1212 3063 44 23 will

668 3094 39 18 not
718 3090 99 31 infringe
830 3091 39 23 the
880 3092 49 24 law.
966 3092 39 24 He
1024 3095 20 22 is
1063 3095 71 24 called
1155 3103 62 23 upon
1233 3100 23 21 to

667 3130 43 23 pay
721 3122 37 24 for
769 3123 38 24 the
819 3130 95 25 support
934 3126 25 23 of
974 3126 38 23 the
1033 3127 165 30 Govornment,
1213 3129 43 23 and

667 3160 23 19 at
716 3155 39 24 the
774 3163 63 19 same
861 3158 54 24 time
935 3158 57 24 from
1012 3160 40 24 the
1070 3161 126 31 advantage
1218 3163 38 24 the

666 3189 118 30 smuggler
796 3189 41 24 has
857 3198 54 17 over
927 3191 54 29 him,
994 3193 24 22 in
1037 3193 40 25 the
1095 3194 96 24 absence
1204 3196 25 23 of
1243 3203 13 16 a

667 3222 114 23 sufficient
800 3228 63 18 coast
873 3225 78 30 guard,
964 3226 20 22 is
1006 3226 111 26 debarred
1136 3227 59 25 from
1215 3229 40 23 ob-

667 3255 88 30 taining
766 3263 28 15 an
806 3256 88 23 income
906 3257 28 31 by
946 3259 38 22 the
1005 3259 99 25 conduct
1121 3261 25 23 of
1160 3269 16 15 a
1193 3261 62 24 trade

666 3286 74 25 which
766 3288 149 33 legitimately
941 3290 96 32 belongs
1063 3298 22 18 to
1106 3293 56 24 him.
1212 3294 43 24 We

666 3319 75 25 would
765 3328 57 25 urge
840 3321 38 24 the
904 3325 123 29 propriety,
1048 3326 21 23 if
1091 3326 38 24 the
1150 3327 57 31 duty
1226 3335 28 16 on

665 3353 71 30 goods
748 3353 72 32 likely
827 3358 23 20 to
857 3355 29 23 be
895 3356 119 31 smuggled
1023 3364 85 19 cannot
1114 3360 28 23 be
1150 3360 104 31 dispens-

666 3386 27 23 ed
704 3386 55 24 with
770 3387 74 23 where
856 3388 19 23 it
885 3396 41 16 can
937 3389 30 23 be
986 3390 117 31 collected,
1117 3393 25 23 of
1155 3398 26 18 at
1197 3394 57 23 least

664 3418 117 27 forthwith
794 3420 113 32 allowing,
920 3422 71 24 under
1011 3431 15 15 a
1036 3425 97 24 suitable
1145 3433 109 24 arrange-

664 3457 71 23 ment,
748 3452 31 24 all
790 3453 38 23 the
840 3453 99 32 whaling
949 3456 97 24 stations
1062 3461 23 19 to
1103 3458 28 24 be
1148 3459 106 31 supplied

663 3484 59 27 from
734 3485 64 25 these
819 3487 149 29 settlements,
981 3488 54 25 with
1055 3492 71 28 goods
1147 3492 23 23 in
1185 3492 66 25 bond.

664 3516 36 32 By
712 3518 48 23 this
770 3518 53 31 plan
836 3520 39 22 the
885 3520 44 24 fair
938 3521 75 24 trader
1025 3523 74 24 would
1111 3525 29 23 be
1151 3525 101 24 afforded

663 3550 38 23 the
712 3550 127 32 advantage
850 3560 54 16 over
915 3553 36 24 the
962 3555 117 31 smuggler
1091 3557 93 25 derived
1191 3559 61 23 from

662 3582 73 33 living
746 3584 24 23 in
783 3584 39 24 the
839 3586 93 28 islands,
945 3587 44 23 and
1011 3587 110 33 knowing
1137 3589 42 25 the
1190 3591 61 34 daily

661 3621 73 19 wants
760 3617 24 26 of
810 3617 41 24 the
871 3624 69 24 coast,
959 3620 45 23 and
1031 3629 35 16 as.
1078 3622 39 25 the
1135 3624 117 31 smuggler

661 3648 73 27 would
747 3650 27 23 be
786 3658 73 16 aware
880 3652 48 23 that
939 3652 39 23 the
995 3653 127 33 advantage
1143 3664 47 16 was
1202 3665 49 16 now

661 3683 90 29 against
770 3683 54 29 him,
842 3684 29 23 he
889 3685 74 24 would
981 3692 74 18 resort
1071 3693 23 18 to
1112 3697 29 16 an
1159 3691 92 23 avowed

659 3720 52 25 port
722 3715 45 24 and
778 3720 101 21 transact
890 3717 36 24 his
937 3718 106 26 business
1055 3721 24 23 in
1100 3729 21 17 a.
1124 3722 126 32 legitimate

660 3754 57 24 way.
754 3748 43 24 We
809 3757 55 23 urge
876 3749 48 25 that
934 3751 21 24 if
969 3751 38 24 the
1027 3753 157 26 Government
1195 3764 42 17 can
1238 3770 11 14 T

659 3785 39 18 not
719 3786 39 26 yet
770 3782 112 24 .abandon
900 3784 36 23 the
955 3790 103 20 customs
1077 3793 102 25 system,,
1191 3789 21 24 it
1229 3790 20 23 is

658 3814 90 31 equally
761 3815 29 23 its
808 3816 105 29 interest,
932 3824 26 16 as
976 3818 18 22 it
1014 3819 21 22 is
1051 3819 41 24 .the
1112 3822 96 24 interest
1226 3823 26 23 of

657 3846 66 24 these
743 3847 149 31 settlements,
913 3849 47 24 that
980 3850 38 24 the
1041 3853 156 25 modification
1215 3862 32 18 we

656 3887 57 22 now,
727 3880 45 24 and
783 3880 58 24 haye
841 3888 4 4 1
851 3881 78 25 before
936 3885 130 31 repeatedly
1073 3887 78 30 urged,
1165 3888 82 25 should

656 3913 27 23 be
694 3914 69 30 given
774 3914 67 23 effect
852 3915 30 31 by
893 3915 137 31 legislation.

1959 606 35 24 Of
2007 607 39 23 the
2063 609 148 31 proceedings
2229 616 25 18 at
2265 621 14 14 a
2298 616 100 31 meeting
2411 621 23 19 at
2447 618 61 26 Wai-

1925 638 79 30 kanae,
2016 648 14 15 a
2041 642 155 24 considerable
2207 642 61 33 body
2281 646 26 23 of
2320 649 87 24 natives
2425 649 83 32 (inclu.

1924 671 54 31 ding
1990 672 37 24 the
2039 673 74 25 chiefs
2134 675 140 32 Rauparaha
2284 680 45 23 and
2341 680 167 32 Rangihaeata)

1924 704 68 31 being
2002 712 93 23 present
2103 716 5 15 :
2112 720 32 5 —
2500 703 8 15 '

1957 738 38 24 On
2007 739 110 32 Monday,
2129 741 37 24 the
2180 743 55 23 12th
2248 743 127 34 February,
2391 750 71 29 1844,
2475 751 34 25 his

1922 770 140 33 Excellency
2073 773 118 25 Governor
2201 775 102 33 Fitzroy,
2314 783 158 29 accompanied
2482 785 27 28 by

1923 804 38 23 Sir
1973 804 102 29 Eyerard
2087 806 77 25 Home
2176 810 89 30 captain
2276 812 25 22 of
2317 812 103 26 H.M.S.
2432 814 77 28 North

1922 834 65 32 Star,
2009 838 78 31 Major
2108 840 139 31 Richmond,
2262 844 47 24 Mr.
2332 846 176 28 Commissioner

1922 870 78 30 Spain,
2025 872 49 24 Mr.
2102 873 127 31 Hamilton,
2254 876 48 26 Mr.
2328 878 114 32 Forsaith,
2467 884 42 23 and

1922 904 84 23 several
2025 905 89 24 officers
2135 907 123 33 belonging
2279 915 21 19 to
2315 912 103 25 H.M.S.
2430 914 78 26 North

1920 934 65 31 Star,
1997 937 83 25 landed
2095 944 24 18 at
2131 940 134 26 Waikanae.
2301 940 49 28 His
2369 946 140 33 Excellency

1921 969 43 23 and
1976 971 58 22 suite
2046 978 59 16 were
2117 974 99 23 received
2235 983 30 16 on
2277 976 67 25 shore
2355 978 31 31 by
2395 980 40 23 the
2448 981 58 25 Rev.

1922 1001 108 25 Octavius
2052 1004 116 31 Hadfield,
2196 1007 99 26 Messrs.
2322 1011 122 31 Syrnonds,
2473 1014 33 25 Q.

1922 1034 91 31 Clarke,
2026 1037 45 23 and
2084 1046 13 15 a
2107 1038 62 31 large
2178 1040 57 31 body
2245 1042 25 22 of
2281 1044 94 29 natives,
2384 1046 48 22 who
2441 1051 22 19 to
2471 1047 37 25 the

1920 1068 94 24 number
2027 1070 26 23 of
2074 1070 62 24 three
2148 1072 103 25 hundred
2263 1075 45 23 and
2319 1078 113 29 upwards,
2453 1087 55 18 soon

1919 1101 130 25 assembled
2061 1103 24 23 in
2096 1112 14 15 a
2119 1104 62 32 large
2194 1114 58 23 open
2262 1108 118 26 enclosure
2388 1112 77 24 within
2472 1113 36 24 the

1919 1134 54 31 pah,
1989 1135 46 24 His
2054 1136 141 34 Excellency
2210 1143 147 23 commenced
2374 1145 29 29 by
2415 1146 93 30 reading

1919 1167 38 23 the
1968 1168 118 31 following
2094 1171 93 24 address
2197 1181 7 15 :—:
2206 1185 34 5 —

1952 1200 14 23 I
1978 1201 72 24 salute
2060 1211 45 22 you
2118 1204 71 24 chiefs
2202 1206 44 23 and
2259 1207 61 26 elder
2336 1217 52 17 men
2399 1220 7 15 :
2425 1211 14 24 I
2450 1213 56 24 wish

1918 1241 44 22 you
1974 1234 84 30 health,
2078 1244 52 24 may
2147 1245 69 23 peace
2231 1239 30 24 be
2280 1249 83 24 among
2380 1252 52 22 you,
2445 1244 13 24 I
2470 1254 36 16 am

1917 1267 53 29 glad
1981 1272 22 19 to
2015 1275 39 16 see
2066 1277 53 22 you.
2156 1270 13 24 I
2179 1272 84 31 rejoice
2274 1278 21 18 to
2308 1281 60 18 meet
2380 1284 44 23 you
2436 1277 53 26 here
2498 1288 7 20 ;

1919 1300 12 23 I
1950 1300 55 24 have
2026 1302 68 24 much
2105 1307 22 19 to
2146 1311 41 23 say
2198 1310 22 17 to
2240 1313 52 23 you,
2305 1315 70 25 many
2386 1310 120 31 important

1917 1333 84 31 things.
2038 1334 12 23 I
2074 1334 56 25 have
2146 1336 68 25 heard
2235 1340 28 22 of
2277 1340 31 23 all
2328 1341 49 25 that
2397 1343 40 23 has
2449 1344 57 25 been

1917 1366 65 29 done,
1995 1374 63 16 some
2072 1368 76 31 things
2167 1371 66 30 good,
2255 1373 39 23 but
2314 1381 62 17 some
2388 1383 54 25 very
2453 1377 51 25 bad.

1917 1399 75 24 When
2004 1399 14 24 I
2030 1408 39 16 see
2081 1409 57 23 your
2157 1404 94 24 Church
2272 1405 37 25 the
2329 1409 64 23 work
2411 1410 24 23 of
2449 1418 57 23 your

1915 1440 51 16 own
1978 1433 79 29 hands,
2070 1435 45 23 and
2127 1435 63 25 when
2211 1437 13 24 I
2246 1439 54 23 hear
2316 1440 59 25 from
2387 1450 57 23 your
2456 1448 49 20 true

1915 1465 73 24 friend
2000 1466 54 24 Mr.'
2063 1467 115 31 Hadfleld,
2192 1470 61 25 what
2272 1481 106 23 progress
2390 1483 44 23 you
2447 1477 55 24 have

1915 1499 64 23 made
1991 1500 23 22 in
2027 1500 116 26 Christian
2150 1502 134 34 knowledge
2293 1506 14 23 I
2314 1507 83 31 rejoice
2407 1510 95 30 greatly,

1915 1531 41 24 but
1966 1532 64 24 when
2051 1533 14 24 I
2085 1534 53 25 hear
2157 1536 24 23 of
2197 1536 38 25 the
2254 1539 44 23 evil
2317 1540 49 24 that
2385 1541 41 24 has
2447 1543 56 24 been

1914 1564 57 24 done
1990 1566 31 30 by
2039 1574 63 16 some
2121 1569 25 23 of
2160 1576 52 23 you,
2235 1570 13 24 I
2265 1580 43 15 can
2326 1572 80 32 hardly
2418 1575 84 25 believe

1914 1599 18 21 it
1943 1606 42 16 can
2005 1599 56 23 have
2082 1601 56 23 been
2158 1602 57 24 done
2237 1604 31 30 by
2281 1613 45 24 any
2344 1606 25 24 of
2385 1608 38 24 the
2441 1616 61 17 same

1913 1632 86 30 people,
2013 1639 24 16 so
2050 1632 44 24 bad
2106 1635 18 22 it
2135 1635 20 23 is
2167 1636 21 22 in
2202 1644 37 23 my
2251 1638 70 30 sight.

1947 1664 14 24 I
1971 1665 56 23 have
2046 1666 70 24 heard
2134 1668 25 23 of
2174 1668 30 24 all
2225 1670 49 24 that
2294 1672 41 24 has
2348 1672 117 33 happened
2477 1681 23 18 at

1913 1697 38 23 the
1964 1698 100 30 Wairau,
2079 1701 119 31 according
2216 1707 23 19 to
2261 1704 38 24 the
2315 1705 135 33 Europeans
2462 1717 38 15 ac-

1913 1735 75 24 count,
2000 1731 46 24 and
2065 1733 19 23 it
2103 1733 41 26 has
2163 1736 93 30 grieved
2275 1745 38 23 my
2325 1740 65 23 heart
2408 1742 94 24 exceed-

1912 1764 71 31 ingly.
2020 1764 13 25 I
2046 1773 50 16 now
2108 1767 44 23 ask
2163 1776 45 21 you
2228 1774 23 19 to
2263 1771 39 23 tell
2315 1780 36 15 me
2362 1781 57 23 your
2431 1780 70 26 story,

1913 1796 49 24 that
1974 1797 13 24 I
1999 1806 52 23 may
2064 1807 104 25 compare
2178 1801 38 24 the
2228 1807 44 19 two
2284 1804 45 24 and
2337 1805 72 32 judge
2421 1807 79 32 fairly;

1912 1830 62 24 when
1989 1831 12 24 I
2013 1831 58 24 have
2082 1832 70 24 heard
2162 1842 57 22 your
2235 1842 96 20 account
2343 1839 25 23 of
2385 1839 47 24 that
2444 1841 56 24 dark

1912 1865 43 29 day
1968 1864 12 26 I
1992 1865 45 23 will
2056 1866 85 30 reflect,
2155 1867 42 24 and
2218 1869 56 24 then
2293 1871 39 24 tell
2350 1880 45 22 you
2416 1874 59 24 what
2487 1875 12 23 I

1911 1898 58 23 shall
1981 1898 36 23 do.

1945 1931 50 24 The
2007 1931 43 25 bad
2063 1940 63 17 news
2138 1933 14 24 I
2163 1933 57 24 have
2238 1935 70 26 heard
2329 1938 69 24 about
2418 1940 82 31 killing

1911 1966 37 23 the
1961 1964 66 23 white
2037 1973 54 15 men
2103 1973 25 16 so
2140 1968 85 28 cruelly
2236 1973 25 18 at
2280 1969 36 24 the
2329 1971 101 29 Wairau,
2440 1974 60 23 after

1910 1997 53 30 they
1976 1996 42 23 had
2030 1997 81 23 ceased
2131 1998 98 32 fighting
2250 2001 43 22 and
2315 2002 45 24 had
2380 2005 85 23 trusted
2477 2011 23 18 to

1910 2037 57 23 your
1987 2029 79 29 honor,
2081 2031 41 23 has
2141 2031 65 24 made
2225 2040 38 23 my
2284 2034 65 24 heart
2368 2044 54 23 very
2433 2037 65 30 dark,

1910 2063 40 24 has
1969 2063 60 23 filled
2050 2071 38 23 my
2107 2064 63 24 mind
2188 2065 54 23 with
2260 2067 85 31 gloom.
2392 2070 52 24 Tell
2463 2079 35 17 me

1908 2105 57 23 your
1977 2101 70 25 story,
2060 2098 50 22 that
2130 2096 13 24 I
2164 2106 52 22 may
2228 2107 106 24 compare
2352 2103 19 23 it
2390 2104 54 24 with
2460 2104 39 25 the

1909 2130 71 27 other,
1994 2130 43 22 and
2049 2129 68 24 know
2130 2130 37 24 the
2180 2132 71 24 whole
2265 2134 71 23 truth.

1941 2163 76 23 When
2040 2163 13 23 I
2074 2163 50 24 first
2143 2163 68 24 heard
2232 2166 27 23 of
2279 2166 38 24 the
2334 2168 68 24 death
2420 2170 26 24 of
2460 2178 37 23 my

1908 2196 92 29 friends,
2013 2196 24 23 of
2054 2196 39 24 the
2114 2196 153 31 Englishmen
2280 2201 49 23 who
2348 2202 39 23 fell
2397 2207 24 19 at
2432 2203 65 24 Wai-

1908 2237 49 21 rau,
1966 2229 12 24 I
1989 2236 45 16 was
2047 2237 54 23 very
2109 2237 71 24 angry
2188 2232 43 23 and
2241 2232 97 31 thought
2346 2236 25 22 of
2378 2236 119 32 hastening

1908 2263 53 23 here
1973 2262 52 24 with
2037 2270 69 23 many
2118 2263 63 30 ships
2190 2265 25 22 of
2225 2272 54 22 war,
2291 2267 55 24 with
2354 2276 68 24 many
2430 2277 66 23 many

1908 2296 101 28 soldiers,
2016 2295 44 24 and
2066 2296 86 23 several
2158 2296 121 27 firemoved
2285 2300 64 31 ships
2354 2300 143 34 (stedjners.)

1908 2329 54 24 Had
1974 2329 14 23 I
2000 2329 58 23 done
2070 2337 24 15 so
2107 2337 57 22 your
2172 2332 103 23 warriors
2287 2334 73 23 would
2370 2335 57 24 have
2439 2336 56 23 been

1907 2362 78 29 killed,
1997 2367 57 26 ytfur
2067 2370 80 15 canoes
2156 2364 72 23 would
2239 2364 57 25 have
2304 2366 56 26 been
2371 2368 70 26 taken
2452 2369 44 26 and

1906 2396 75 28 burnt,
1994 2403 57 23 your
2063 2395 83 23 houses
2159 2397 44 23 and
2214 2398 60 31 pahs
2284 2399 75 24 would
2371 2401 57 24 have
2440 2401 56 24 been

1906 2428 125 30 destroyed,
2045 2428 35 23 for
2092 2428 14 24 I
2118 2429 81 25 should
2213 2431 59 24 have
2284 2432 100 32 brought
2395 2434 54 24 with
2460 2442 35 17 me

1905 2469 29 15 an
1945 2461 133 23 irresistible
2089 2461 69 25 force.

1938 2494 48 23 But
2003 2493 64 24 these
2079 2501 58 18 were
2155 2496 75 32 hasty,
2252 2506 80 24 angry,
2346 2500 142 25 unchristian

1905 2526 115 32 thoughts.
2058 2526 67 36 They
2145 2537 56 16 soon
2220 2532 83 29 passed
2323 2540 72 24 away,
2408 2534 13 23 I
2439 2542 56 16 con-

1905 2561 88 23 sidered
2001 2560 38 24 the
2051 2564 74 24 whole
2136 2570 59 16 case.
2232 2563 14 24 I
2259 2571 45 16 saw
2317 2565 49 24 that
2378 2566 38 24 the
2427 2567 68 31 Eng-

1904 2594 53 29 lish,
1978 2602 55 16 even
2051 2597 31 31 by
2101 2596 59 24 their
2180 2603 48 16 own
2251 2603 103 23 account,
2368 2606 57 17 were
2441 2608 55 24 very

1905 2627 68 24 much
1985 2632 21 19 to
2016 2628 85 30 blame,
2115 2629 43 24 and
2171 2629 12 24 I
2193 2637 46 15 saw
2250 2630 51 23 how
2314 2632 67 23 much
2394 2640 43 23 you
2449 2634 46 23 had

1904 2660 56 24 been
1971 2662 123 30 provoked.
2131 2662 66 24 Then
2218 2662 13 24 I
2252 2663 124 25 determine
2385 2665 7 23 1
2411 2671 23 18 to
2455 2672 41 26 put

1903 2701 63 24 away
1977 2702 37 23 my
2026 2703 80 24 anger,
2119 2696 44 24 and
2174 2704 63 15 come
2257 2700 23 20 to
2298 2705 45 23 you
2362 2700 131 31 peaceably.

1904 2726 45 25 Let
1962 2735 34 16 me
2007 2736 51 16 now
2070 2730 56 23 hear
2138 2737 56 23 your
2207 2733 72 27 story.

1938 2759 48 26 Mr.
2000 2762 75 25 Clake
2095 2762 144 32 Interpreted
2261 2763 38 24 the
2317 2763 120 33 foregoing
2456 2766 39 23 ad-

1905 2793 73 24 dress.

1938 2826 167 27 Rauparaiia
2117 2829 55 23 then
2182 2836 59 21 rose,
2254 2829 43 23 and
2320 2831 88 23 several
2420 2832 73 23 voices

1903 2859 58 24 from
1973 2868 83 24 among
2067 2862 38 24 the
2117 2862 73 23 crowd
2202 2862 26 23 of
2237 2862 37 23 his
2286 2867 156 26 countrymen,
2456 2873 37 15 re-

1903 2893 94 30 quested
2008 2894 47 24 him
2068 2899 23 19 to
2110 2895 70 31 speak
2193 2899 39 19 out
2250 2894 50 24 that
2312 2895 53 31 they
2378 2897 73 31 might
2463 2898 30 23 all

1903 2925 62 24 hear.
2002 2926 38 24 He
2053 2928 50 22 said
2103 2940 33 5 —

1964 2959 74 25 There
2051 2968 45 16 was
2109 2968 29 16 no
2159 2961 44 24 evil
2221 2961 108 24 intended
2341 2963 24 22 in
2381 2963 37 24 the
2430 2971 63 17 com-

1903 2998 141 18 mencement
2055 2994 26 23 of
2092 2994 44 23 this
2147 2994 78 30 affray.
2263 2994 68 25 Land
2343 2996 19 23 is
2376 2996 38 24 the
2425 2997 67 23 foun-

1902 3024 76 24 dation
1999 3026 25 23 of
2038 3027 32 23 all
2090 3035 41 16 our
2151 3027 100 25 troubles
2261 3036 6 20 ;
2296 3028 38 24 the
2357 3029 134 32 Europeans

1902 3065 40 23 say
1954 3058 48 24 that
2013 3060 19 22 it
2040 3060 21 23 is
2074 3060 78 29 theirs,
2165 3061 41 23 but
2226 3061 51 23 who
2298 3069 53 23 says
2362 3070 26 15 so
2401 3063 88 24 besides

1902 3090 143 26 themselves.
2082 3093 51 23 The
2145 3093 60 31 Tory
2214 3101 65 16 came
2289 3099 25 18 to
2325 3094 59 24 Port
2395 3095 96 25 Nichol-

1901 3131 49 21 son,
1964 3125 42 22 and
2018 3125 51 24 that
2080 3133 47 16 was
2145 3125 38 24 the
2203 3133 196 19 commencement
2411 3129 24 23 of
2451 3129 38 24 the

1901 3156 52 24 evil.
1989 3158 42 23 We
2041 3158 71 24 heard
2124 3159 26 23 of
2164 3158 38 24 the
2222 3159 49 23 sale
2283 3159 26 25 of
2323 3160 50 24 that
2385 3161 63 32 place
2459 3162 31 31 by

1900 3189 118 33 Warepori
2030 3191 47 24 and
2094 3192 63 23 Puni
2167 3200 7 21 ;
2193 3191 121 33 Warepori
2326 3201 45 16 was
2384 3194 107 32 smoking

1900 3222 35 24 his
1947 3224 91 24 tobacco
2056 3224 45 24 and
2121 3226 97 30 wearing
2239 3226 37 23 his
2288 3226 107 25 blankets
2408 3227 63 24 alone
2481 3236 6 16 :

1900 3263 32 16 we
1945 3264 68 17 never
2024 3258 84 30 agreed
2119 3262 22 20 to
2154 3259 25 29 it,
2191 3264 109 26 payment
2315 3267 46 16 was
2373 3261 65 24 made
2449 3261 42 24 but

1900 3296 32 16 we
1943 3297 68 17 never
2021 3291 105 23 received
2137 3292 26 24 it.
2199 3292 67 23 Thus
2287 3300 62 23 grew
2369 3293 40 24 the
2424 3294 65 24 seeds

1900 3322 24 22 of
1938 3323 43 23 evil
1992 3332 5 20 ;
2016 3323 51 24 who
2086 3324 130 25 authorised
2235 3325 119 31 Warepori
2366 3330 23 20 to
2400 3328 87 23 receive

1899 3354 35 24 his
1946 3362 107 25 payment
2060 3358 10 24 ?
2089 3358 60 23 Who
2162 3358 131 24 authorised
2312 3359 46 23 him
2378 3363 23 18 to
2421 3360 28 23 do
2469 3361 19 23 it

1898 3389 109 31 privately
2017 3391 10 23 ?
2047 3390 51 32 why
2110 3391 37 24 did
2159 3391 28 24 he
2199 3396 40 18 not
2251 3391 42 24 call
2305 3391 39 24 the
2359 3392 80 32 people
2451 3397 35 20 to-

1896 3421 80 30 gether
1987 3423 44 23 and
2042 3431 46 22 pay
2100 3424 61 24 them
2174 3424 27 24 all
2214 3424 9 24 f

1955 3455 50 25 The
2018 3455 61 32 Tory
2092 3457 112 24 anchored
2215 3456 35 24 off
2263 3456 90 31 Kapiti.
2391 3458 92 25 Colonel

1898 3487 125 26 Wakefield
2047 3490 88 24 wanted
2158 3495 22 18 to
2207 3490 49 31 buy
2278 3490 30 23 all
2337 3490 39 24 the

1896 3518 77 33 (Here
1995 3521 141 33 Rauparaha
2158 3522 130 24 mentioned
2309 3523 38 23 the
2365 3532 78 16 names
2461 3525 25 23 of

1896 3555 86 24 several
1993 3555 100 32 places.)
2152 3555 46 24 But
2209 3555 32 23 all
2253 3555 74 25 which
2345 3556 14 24 I
2371 3558 50 23 sold
2437 3565 45 17 was

1896 3586 69 25 Blind
1977 3589 50 30 Bay
2039 3589 45 23 and
2096 3588 118 24 Massacre
2226 3588 53 31 Bay
2286 3597 7 15 :
2313 3589 13 24 I
2339 3591 45 23 and
2393 3591 89 32 Tungia

1895 3620 49 24 sold
1964 3621 64 24 those
2050 3622 84 30 places,
2157 3620 44 25 and
2213 3621 122 33 Warepori
2356 3623 45 24 and
2420 3624 61 24 Puni

1894 3654 50 23 sold
1956 3654 56 24 Port
2023 3654 136 24 Nicholson.
2194 3654 52 24 The
2258 3654 53 24 land
2321 3655 74 25 which
2408 3657 13 24 I
2432 3656 49 25 sold

1894 3691 22 18 to
1931 3687 92 24 Colonel
2043 3687 131 24 Wakefield
2191 3687 13 24 I
2225 3687 51 25 sold
2297 3690 97 30 myself;
2415 3690 12 23 I
2444 3689 37 24 did

1895 3725 38 18 not
1955 3720 88 23 coHsult
2065 3727 45 23 any
2133 3720 67 32 body.
2238 3721 97 25 Colonel
2354 3722 126 25 Wakefield

1893 3752 53 23 then
1960 3757 56 18 went
2028 3756 23 19 to
2063 3752 125 30 Taranaki,
2201 3754 53 29 and,
2267 3754 66 24 when
2350 3754 30 25 he
2392 3760 87 20 return-

1893 3785 34 28 ed,
1941 3786 28 22 he
1980 3785 44 24 laid
2035 3785 68 25 claim
2115 3791 23 19 to
2150 3786 31 24 all
2192 3787 38 23 the
2242 3787 67 25 land:
2328 3788 97 32 nothing
2434 3795 45 17 was

1893 3819 47 22 said
1948 3819 138 31 concerning
2094 3817 94 26 Wairau
2199 3821 61 23 until
2268 3828 51 16 now
2326 3821 29 23 he
2367 3821 78 24 claims
2451 3821 26 24 it.

1950 3850 75 24 There
2035 3859 47 16 was
2092 3859 29 17 no
2133 3852 111 33 adequate
2251 3858 108 27 payment
2366 3854 73 30 made,
2449 3853 33 25 all

1892 3883 13 24 I
1917 3884 100 24 received
2029 3892 46 16 was
2100 3897 33 5 —
2134 3884 65 32 (here
2217 3886 30 23 he
2263 3887 145 23 commenced
2422 3894 55 17 enu-

1892 3918 110 31 merating
2021 3917 100 31 articles,
2132 3918 42 24 but
2190 3926 47 16 was
2250 3919 48 24 told
2315 3919 49 23 that
2381 3919 30 25 he
2421 3918 56 25 need

1891 3955 39 19 not
1947 3958 28 23 go
1994 3951 46 24 into
2053 3951 65 24 these
2135 3951 102 32 details.)
2274 3952 139 31 Rauparaha
2423 3959 53 17 con*

1346 197 25 24 It
1382 196 20 25 is
1413 198 133 32 anticipated
1561 200 50 23 that
1629 201 88 23 serious
1728 202 174 25 inconvenience

1303 254 2 9 ;
1313 230 46 24 will
1378 230 27 24 be
1417 230 42 24 felt
1468 231 56 25 from
1544 232 86 32 having
1650 238 22 19 to
1690 233 56 25 hold
1756 234 47 24 flax
1815 235 85 32 during

1313 263 37 23 the
1367 263 80 31 period
1465 263 48 25 that
1531 266 92 31 enough
1642 274 52 24 may
1706 267 28 24 be
1752 267 108 24 collected
1879 273 22 19 to

1312 296 57 23 form
1381 304 14 15 a
1404 296 115 25 sufficient
1538 300 106 30 quantity
1655 299 54 24 with
1731 299 72 25 which
1815 305 22 19 to
1850 300 52 25 load

1312 336 13 16 a
1336 329 82 23 vessel.
1454 329 51 25 The
1517 331 47 24 flax
1575 337 64 18 must
1655 332 28 23 be
1704 332 127 32 purchased
1842 333 59 24 from

1312 361 37 24 the
1361 362 88 23 natives
1461 370 23 16 as
1497 363 53 31 they
1560 372 97 23 prepare
1665 365 24 29 it,
1698 374 26 15 or
1737 365 57 25 their
1806 366 94 24 induce-

1311 398 61 20 ment
1384 398 22 20 to
1421 394 89 26 furnish
1527 397 47 24 this
1595 397 103 25 valuable
1718 404 80 26 export
1815 398 45 24 will
1872 399 28 24 be

1310 426 119 32 destroyed
1438 436 7 20 ;
1461 433 23 19 at
1496 430 36 22 the
1545 437 63 16 same
1620 432 54 22 time
1686 438 59 16 none
1757 432 54 23 here
1822 439 38 16 are
1872 432 24 24 in

1309 467 15 15 a
1334 460 113 24 condition
1459 465 23 19 to
1494 462 52 23 hold
1559 470 14 15 a
1594 463 154 24 considerable
1760 465 105 31 quantity
1875 465 26 24 of

1308 492 46 24 flax
1365 493 60 24 uutil
1435 501 30 17 an
1482 496 147 31 opportunity
1640 496 34 23 for
1695 496 116 32 shipment
1829 498 19 22 is
1861 498 35 23 af-

1308 524 85 30 forded,
1406 534 27 15 or
1445 534 28 16 an
1482 532 81 27 export
1575 529 97 24 demand
1683 531 69 22 arise.
1776 530 121 24 Advances

1308 559 23 22 in
1343 559 147 31 anticipation
1501 561 25 24 of
1534 560 49 25 sale
1593 569 24 16 or
1629 562 116 31 shipment
1753 571 38 15 are
1802 563 94 29 needed,

1306 591 46 23 and
1363 592 100 31 possibly
1482 593 52 32 they
1553 595 75 30 might
1647 595 26 23 be
1691 596 111 31 procured
1823 597 19 22 if
1858 596 38 24 the

1306 624 77 23 article
1406 626 67 23 could
1494 626 27 24 be
1543 628 105 31 securely
1670 628 116 31 deposited
1809 630 24 22 in
1857 629 39 23 the

1306 657 84 31 charge
1411 658 26 23 of
1451 667 29 15 an
1501 660 115 31 impartial
1633 668 91 24 person,
1737 662 72 24 under
1830 663 65 23 suffi-

1306 691 60 22 cient
1385 692 99 31 security
1502 692 34 25 for
1556 692 39 25 the
1614 693 43 24 due
1675 694 123 24 fulfilment
1818 696 26 23 of
1858 695 37 24 his

1306 724 71 22 office.
1425 724 142 31 Experience
1594 726 139 32 fortunately
1754 729 76 30 points
1854 734 41 18 out

1305 756 38 23 the
1355 764 78 16 course
1445 762 23 19 to
1480 759 28 22 be
1519 759 105 31 adopted.
1661 760 23 23 It
1697 761 20 22 is
1737 760 95 32 thought
1846 761 49 24 that

1305 788 38 25 the
1360 790 47 23 flax
1427 792 74 30 might
1519 792 27 22 be
1566 792 117 32 deposited
1703 793 25 24 in
1749 793 38 24 the
1805 794 89 24 bonded

1305 826 78 25 stores,
1396 823 72 25 under
1488 824 37 24 the
1543 833 53 16 care
1607 826 25 23 of
1649 826 37 24 the
1704 831 108 19 customs.
1849 827 44 24 We

1305 855 66 24 know
1381 860 41 19 not
1433 857 98 24 whether
1543 858 40 24 the
1595 859 101 31 bonding
1707 865 38 18 act
1755 860 73 24 would
1840 868 53 23 per-

1304 888 41 24 mit
1364 888 25 24 of
1404 889 47 24 this
1473 898 77 16 course
1569 891 71 32 being
1659 893 96 31 adopted
1766 903 5 19 ;
1794 901 26 16 or
1839 894 21 23 if
1875 894 18 23 it

1303 921 54 24 does
1369 926 38 19 not
1419 922 99 25 whether
1528 924 39 24 the
1590 930 36 18 act
1638 926 73 31 might
1722 931 40 18 not
1774 927 26 23 be
1813 934 80 16 amen-

1303 954 49 29 ded,
1366 962 24 16 so
1402 963 26 16 as
1439 960 22 20 to
1475 957 78 24 enable
1574 959 85 29 parties
1679 963 23 19 to
1715 959 77 24 obtain
1802 959 39 24 '.he
1854 967 38 16 se-

1304 988 71 30 curity
1390 988 76 25 which
1485 990 73 24 would
1577 990 28 24 be
1626 991 100 25 afforded
1747 992 28 31 by
1788 993 55 23 such
1863 1000 29 16 an

1303 1027 164 23 arrangement.

1335 1060 29 24 In
1376 1060 116 32 England,
1505 1064 121 31 especially
1637 1066 24 22 in
1672 1065 106 29 London,
1792 1067 17 22 it
1821 1067 19 22 is
1852 1065 39 24 the

1303 1098 85 19 custom
1400 1099 23 19 to
1441 1101 69 24 grant
1529 1096 62 24 what
1610 1106 38 15 are
1665 1098 73 24 called
1755 1099 59 23 dock
1833 1107 58 15 war-

1302 1131 69 25 rants,
1392 1127 36 24 for
1447 1129 89 23 articles
1555 1130 73 24 under
1650 1131 37 24 the
1708 1131 84 31 charge
1812 1133 25 22 of
1853 1133 38 22 the

1302 1159 58 26 dock
1381 1162 138 30 companies,
1543 1162 47 24 and
1614 1164 63 23 these
1697 1164 133 24 documents
1851 1173 40 16 are

1301 1193 77 30 nearly
1389 1200 25 17 as
1426 1194 109 25 available
1546 1195 37 24 for
1595 1195 38 25 the
1644 1204 99 24 purpose
1754 1199 25 22 of
1793 1206 96 23 procur-

1301 1226 39 30 ing
1349 1226 65 23 loans
1426 1235 30 16 on
1475 1228 37 23 the
1529 1234 110 26 property
1651 1230 123 30 described,
1793 1239 26 15 as
1837 1231 53 24 Ex-

1301 1259 96 31 chequer
1408 1260 54 24 bills
1472 1268 25 16 or
1507 1261 53 23 bills
1569 1262 26 24 of
1611 1262 135 31 Ekchange.

1334 1300 71 32 Many
1417 1301 26 24 of
1459 1302 37 23 the
1508 1303 113 31 principal
1632 1303 91 24 articles
1736 1304 115 31 produced
1864 1306 25 22 iv

1301 1334 37 23 the
1350 1334 87 24 United
1450 1335 84 29 States,
1546 1336 47 23 and
1609 1337 24 23 in
1650 1336 37 25 the
1700 1337 90 24 British
1811 1338 76 23 North

1300 1367 123 24 American
1442 1368 106 29 colonies,
1562 1376 38 16 are
1621 1369 118 32 subjected
1759 1374 22 20 to
1802 1378 28 16 an
1842 1376 45 24 act,

1299 1400 86 24 intitled
1404 1408 29 16 an
1448 1401 131 32 Inspection
1597 1402 66 25 Law.
1700 1403 103 29 Timber,
1816 1404 71 29 deals,

1299 1437 80 25 staves,
1392 1434 68 29 flour,
1472 1435 66 30 pork,
1559 1435 59 29 beef,
1639 1435 43 24 and
1702 1436 76 30 ashes,
1797 1445 38 15 are
1855 1437 32 24 all

1299 1466 48 24 sold
1360 1467 71 23 under
1442 1468 127 30 inspection
1582 1469 144 24 certificates.

1332 1499 42 23 We
1385 1500 47 24 will
1449 1501 51 30 give
1519 1508 13 16 a
1550 1508 52 16 case
1621 1503 25 22 in
1666 1502 146 24 illustraion.
1849 1503 36 31 By

1299 1540 27 15 an
1339 1536 35 19 act
1384 1534 24 23 in
1421 1533 114 28 America,
1548 1542 14 15 a
1582 1542 83 24 person
1681 1536 21 23 is
1715 1536 120 31 appointed
1847 1537 38 23 in-

1298 1570 87 26 spector
1397 1566 26 22 of
1440 1572 39 25 pot
1492 1568 42 22 and
1546 1568 63 30 pearl
1631 1568 74 24 ashes.
1745 1569 38 24 He
1802 1569 41 23 has
1863 1575 22 18 to

1298 1598 69 24 afford
1386 1600 69 30 proof
1465 1600 48 23 that
1529 1600 30 23 he
1571 1601 21 23 is
1608 1606 130 26 competent
1757 1607 21 18 to
1791 1602 93 32 classify

1298 1632 37 23 the
1346 1632 90 24 articles
1449 1633 120 30 according
1576 1638 24 19 to
1612 1634 58 24 their
1677 1635 87 30 quality
1774 1635 44 23 and
1830 1643 55 16 con-

1298 1665 70 23 dition
1376 1674 6 20 ;
1397 1666 44 23 and
1454 1667 99 29 security
1562 1667 36 23 for
1609 1667 73 31 filling
1692 1668 36 23 his
1740 1668 64 23 office
1817 1668 68 23 faith-

1298 1698 63 31 fully.
1398 1698 47 24 His
1457 1700 86 22 reward
1553 1700 21 22 is
1597 1700 91 24 derived
1698 1701 60 25 from
1778 1707 50 18 rent
1840 1703 45 23 and

1297 1738 13 16 a
1322 1731 63 23 small
1404 1731 36 24 fee
1458 1740 27 15 on
1506 1740 68 23 every
1595 1733 109 31 package.
1750 1735 50 22 The
1820 1735 64 24 office

1297 1764 82 31 having
1390 1765 59 24 been
1460 1766 89 24 created
1554 1766 52 23 -and
1619 1766 37 24 the
1668 1772 61 18 store
1741 1768 141 29 sanctioned,

1298 1798 36 22 the
1353 1798 54 29 duty
1427 1806 149 17 commences.
1613 1800 24 24 A
1656 1799 68 24 small
1747 1801 83 24 farmer
1851 1809 29 16 on

1296 1832 99 30 arriving
1405 1832 24 23 in
1442 1836 59 20 town
1522 1832 54 24 with
1588 1832 52 24 four
1660 1841 25 15 or
1696 1833 45 24 five
1760 1834 86 24 barrels
1859 1835 25 22 of

1296 1864 73 29 ashes,
1382 1869 62 19 must
1465 1865 55 23 have
1532 1865 63 24 them
1607 1866 117 30 inspected
1741 1867 77 23 before
1830 1867 54 31 they

1296 1904 41 17 can
1346 1898 29 23 he
1395 1897 49 24 sold
1456 1898 35 23 for
1506 1903 90 26 export.
1632 1898 59 24 This
1709 1899 69 31 being
1791 1900 37 23 the
1840 1900 43 23 law

1296 1929 28 25 he
1335 1930 107 31 proceeds
1453 1930 115 24 forthwith
1581 1936 23 20 to
1617 1931 37 24 the
1675 1932 134 31 Inspectors
1821 1938 61 19 store

1295 1963 73 24 where
1379 1963 28 24 he
1414 1964 100 30 deposits
1526 1964 35 23 his
1574 1964 59 28 load,
1646 1964 73 24 which
1729 1966 19 23 is
1761 1966 119 23 examined

1292 1995 46 23 and
1357 1995 119 28 classified,
1498 2003 25 15 so
1542 2003 57 15 soon
1619 2004 25 15 as
1664 1997 108 30 possible,
1792 1997 64 23 when
1868 2006 14 14 a

1286 2045 2 18 !
1294 2028 120 23 certificate
1426 2029 21 22 is
1466 2027 89 24 handed
1574 2028 48 24 him
1641 2029 115 31 declaring
1774 2030 49 23 that
1842 2030 38 24 the

1294 2060 77 24 article
1381 2062 21 22 is
1413 2061 26 23 of
1454 2061 57 28 first,
1524 2062 91 29 second,
1630 2070 23 16 or
1675 2063 61 23 third
1748 2063 94 31 quality,
1855 2071 25 16 or

1293 2093 67 31 being
1371 2094 71 23 below
1454 2094 38 23 the
1501 2095 80 23 lowest
1594 2095 113 29 standard,
1721 2104 25 15 or
1759 2096 117 30 damaged,

1292 2126 20 23 is
1325 2127 102 23 declared
1670 2128 35 31 By
1715 2130 45 22 this
1772 2130 18 22 it
1799 2130 81 23 should

1292 2159 28 24 be
1331 2160 137 24 understood
1489 2161 47 23 that
1557 2161 40 23 the
1608 2162 86 30 quality
1706 2163 20 22 is
1739 2162 100 24 branded
1851 2171 28 16 on

1292 2193 37 23 the
1353 2193 112 32 package.
1512 2193 29 24 In
1566 2194 100 24 addition
1696 2195 38 23 the
1758 2196 121 24 certificate

1291 2226 113 25 furnishes
1422 2235 14 15 a
1447 2227 65 24 mark
1524 2227 46 24 and
1592 2236 14 15 a
1616 2228 179 32 distinguishing
1811 2237 68 16 num-

1291 2259 39 24 ber
1347 2260 34 23 for
1402 2260 55 24 each
1479 2260 64 28 cask,
1562 2261 105 31 together
1686 2262 55 22 with
1760 2262 37 24 the
1814 2267 66 19 exact

1291 2293 81 31 weight
1392 2293 120 24 contained
1529 2293 99 24 therein.
1665 2295 52 23 The
1734 2295 47 23 fees
1799 2295 44 24 due
1856 2300 22 19 to

1290 2326 38 23 the
1341 2326 120 31 Inspector
1480 2334 38 16 are
1529 2327 49 23 also
1591 2328 72 22 stated
1684 2328 45 23 and
1743 2328 37 24 the
1792 2328 51 24 date
1856 2329 26 23 of

1290 2359 37 24 the
1340 2359 121 24 certificate
1473 2360 115 23 furnishes
1600 2360 38 24 the
1651 2368 77 16 means
1739 2361 25 23 of
1779 2361 99 24 calcula-

1290 2392 49 31 ting
1350 2392 37 24 the
1399 2397 94 19 amount
1505 2392 23 23 of
1546 2397 53 19 rent
1610 2392 43 25 due
1673 2401 63 23 upon
1748 2394 37 24 the
1801 2394 40 29 lot,
1855 2399 23 19 at

1289 2431 43 25 any
1350 2430 109 19 moment.
1496 2425 49 23 The
1564 2426 84 24 farmer
1666 2426 87 32 having
1774 2429 103 22 received

1289 2458 44 23 this
1345 2458 122 24 certificate
1487 2458 109 31 proceeds
1608 2458 72 25 either
1701 2464 23 19 to
1738 2460 37 23 the
1793 2460 84 24 houses

1289 2496 58 19 most
1358 2491 107 32 probable
1482 2495 23 19 to
1516 2491 113 32 purchase
1647 2493 37 23 the
1696 2493 79 23 article
1793 2493 28 24 be
1834 2493 41 23 has

1287 2524 36 23 for
1341 2524 54 29 sale,
1414 2532 26 15 or
1461 2524 74 24 leaves
1555 2524 19 23 it
1593 2524 35 23 for
1649 2525 47 24 sale
1717 2530 24 19 at
1761 2534 13 15 a
1795 2534 82 23 proper

1288 2561 98 20 moment
1397 2557 55 23 with
1464 2557 37 23 the
1513 2557 159 32 store-keeper
1682 2558 59 24 from
1755 2559 73 24 whom
1847 2559 28 24 he

1287 2591 20 22 is
1319 2592 23 22 in
1354 2591 37 23 the
1402 2590 65 24 habit
1478 2591 25 22 of
1517 2591 116 31 receiving
1644 2591 35 24 his
1692 2592 109 31 supplies.
1839 2592 36 31 By

1287 2624 45 22 this
1344 2624 65 23 mode
1421 2631 15 15 a
1447 2623 118 24 merchant
1581 2624 21 23 is
1619 2625 129 30 commonly
1759 2626 24 22 in
1795 2634 14 15 a
1820 2633 54 17 con-

1287 2656 71 24 dition
1376 2657 24 23 in
1412 2664 43 16 one
1476 2657 56 22 hour
1544 2662 23 17 to
1587 2657 46 31 buy
1645 2658 135 24 certificates
1792 2659 25 23 of
1837 2659 38 24 the

1287 2690 77 24 article
1379 2690 30 23 he
1421 2689 82 24 wishes
1520 2693 23 19 to
1557 2690 52 30 ship
1629 2691 114 23 sufficient
1764 2696 22 19 to
1797 2691 52 25 load
1861 2701 14 15 a

1287 2723 84 23 vessel.

1320 2756 44 24 We
1375 2763 37 16 are
1425 2756 94 23 assured
1536 2756 52 23 that
1607 2764 62 16 some
1680 2758 89 23 similar
1790 2763 84 26 system

1287 2789 71 24 exists
1369 2790 24 23 in
1413 2789 75 23 South
1505 2788 116 30 America,
1635 2790 73 24 where
1725 2799 56 16 even
1802 2792 73 24 wheat

1287 2829 42 17 can
1345 2823 28 23 be
1390 2822 116 31 deposited
1524 2822 73 24 under
1609 2822 64 24 these
1691 2825 135 23 convenient
1837 2833 36 16 ar-

1287 2860 153 26 rangements.

1321 2889 25 23 If
1355 2889 37 23 the
1403 2888 103 31 bonding
1525 2893 86 26 system
1631 2895 82 18 cannot
1731 2890 27 24 be
1776 2892 98 31 brought

1286 2926 23 19 to
1322 2923 52 22 bear
1395 2922 19 22 it
1426 2921 82 29 would,
1520 2929 33 16 we
1572 2922 75 30 think,
1662 2923 27 23 be
1701 2923 51 24 well
1771 2930 22 17 to
1806 2925 67 31 apply

1287 2959 22 20 to
1322 2955 35 23 his
1366 2954 145 31 Excellency
1523 2959 22 19 to
1563 2963 55 23 pass
1630 2956 45 23 this
1687 2958 87 22 session
1788 2965 28 16 an
1827 2959 47 23 Act

1286 2987 49 24 that
1354 2987 74 23 would
1440 2987 84 24 license
1545 2996 14 15 a
1571 2989 85 23 certain
1675 2989 59 24 class
1752 2991 26 22 of
1792 2994 80 26 stores,

1286 3021 44 23 and
1350 3020 93 32 provide
1462 3020 34 24 for
1513 3021 39 24 the
1570 3022 128 31 inspection
1710 3023 26 23 of
1750 3023 46 23 flax
1816 3024 57 23 after

1285 3053 39 26 the
1345 3053 89 26 fashion
1454 3053 26 24 of
1497 3054 131 32 inspecting
1647 3055 75 24 ashes.
1759 3056 50 23 The
1825 3057 48 24 flax

1286 3088 72 30 might
1370 3087 27 24 be
1409 3086 112 24 delivered
1529 3088 28 23 fit
1568 3092 24 19 to
1604 3095 63 17 come
1677 3088 78 24 within
1767 3097 25 15 so
1804 3097 68 24 many

1285 3119 91 30 classes,
1388 3119 46 24 and
1445 3119 64 25 when
1529 3122 19 22 it
1569 3121 66 23 could
1654 3126 40 18 not
1713 3121 28 24 be
1762 3122 73 24 stated
1847 3128 24 18 to

1285 3153 82 31 belong
1376 3156 24 21 to
1418 3152 80 29 either,
1510 3154 18 22 it
1546 3154 83 30 might,
1641 3161 25 16 as
1686 3154 24 23 in
1730 3154 37 24 the
1786 3163 51 16 case
1849 3156 25 23 of

1285 3186 74 29 ashes,
1370 3185 58 24 have
1439 3193 14 15 a
1469 3186 100 31 peculiar
1589 3191 57 19 term
1665 3189 130 30 expressive
1807 3189 25 23 of
1840 3189 32 23 its

1285 3219 114 24 condition
1410 3218 26 23 of
1451 3219 120 24 unfitness.
1609 3219 81 26 Under
1701 3220 58 24 such
1771 3229 27 16 an
1811 3226 36 19 act
1858 3231 14 15 a

1285 3257 63 26 party
1359 3252 76 23 would
1453 3252 88 31 deposit
1561 3252 37 24 his
1616 3252 44 24 five
1680 3261 26 18 or
1727 3259 39 19 ten
1785 3259 50 19 tons
1848 3255 26 24 of

1284 3285 47 24 flax
1341 3286 24 25 in
1382 3285 39 24 the
1433 3285 139 33 .Inspectors
1583 3286 139 29 warehouse,
1736 3287 43 24 and
1790 3288 24 23 in
1826 3288 44 24 due

1285 3318 53 24 time
1357 3319 88 23 receive
1464 3326 13 15 a
1498 3318 123 24 certificate
1642 3319 134 32 descriptive
1789 3321 24 23 of
1832 3321 38 23 the

1284 3351 85 32 quality
1380 3351 46 24 and
1437 3351 83 30 weight
1530 3352 27 23 of
1569 3352 58 23 each
1643 3352 58 29 bale,
1714 3353 44 23 and
1771 3361 13 15 a
1792 3354 77 30 provi-

1284 3385 50 24 sion
1344 3386 34 22 for
1398 3384 89 31 sorting
1506 3384 44 24 and
1571 3384 56 31 duly
1638 3385 103 31 packing
1761 3386 18 23 it
1796 3387 74 30 might

1283 3417 48 24 also
1342 3418 27 23 be
1379 3416 66 25 made
1456 3417 24 23 in
1492 3417 37 24 the
1545 3417 57 24 Act.
1639 3417 29 24 In
1680 3419 74 24 which
1767 3426 51 16 case
1830 3420 38 23 the

1283 3451 121 23 certificate
1421 3449 75 24 would
1514 3450 92 24 furnish
1625 3450 30 23 all
1676 3451 38 23 the
1735 3450 133 33 knowledge

1282 3491 61 24 upon
1354 3482 74 25 which
1449 3487 23 19 to
1488 3482 68 24 make
1574 3490 15 16 a
1600 3483 119 31 purchase,
1738 3485 44 23 and
1794 3486 74 23 would

1282 3516 71 24 afford
1365 3524 13 16 a
1388 3520 124 27 guarantee
1531 3515 52 24 that
1601 3523 30 16 no
1643 3517 225 33 misunderstanding

1282 3557 24 16 or
1319 3549 191 31 disappointment
1520 3548 76 24 would
1607 3549 66 24 arise.

1315 3582 38 25 No
1364 3589 99 25 expense
1475 3581 73 24 would
1559 3582 61 23 arise
1631 3587 23 18 to
1662 3582 38 24 the
1708 3582 158 27 Government

1281 3615 24 24 in
1318 3622 154 25 consequence
1484 3614 26 24 of
1524 3615 103 31 creating
1638 3615 57 24 such
1710 3624 31 16 an
1759 3622 36 19 act
1802 3626 7 21 ;
1831 3618 35 24 for

1282 3648 17 24 it
1309 3654 62 19 must
1380 3648 29 23 be
1421 3648 155 24 remembered
1589 3648 50 23 that
1650 3648 37 24 the
1706 3649 121 32 Inspector
1844 3652 21 23 is

1280 3689 26 16 or
1318 3681 132 32 Inspectors
1461 3688 46 21 are,
1519 3685 23 19 to
1554 3681 29 23 be
1595 3681 96 32 entirely
1707 3685 158 24 remunerated

1278 3714 31 32 by
1320 3714 55 30 fees,
1387 3714 36 24 for
1435 3714 38 24 the
1485 3714 62 24 work
1560 3714 67 23 done.
1674 3714 52 25 The
1745 3716 121 32 Inspector

1279 3747 74 27 would
1364 3748 37 29 be,
1403 3747 67 24 made
1482 3754 14 16 a
1504 3747 49 24 Aax
1561 3747 109 32 agitator,
1682 3748 31 31 by
1726 3749 36 24 his
1782 3751 65 24 office
1856 3760 7 21 ;

1277 3780 36 24 for
1322 3781 21 24 If
1359 3788 28 16 no
1392 3772 55 40 %4i
1458 3787 70 23 ,-came
1539 3784 23 19 to
1572 3780 91 24 market
1675 3781 37 24 his
1730 3786 134 29 occupation

1277 3814 73 24 wojjld
1646 3814 34 24 As
1699 3815 20 23 it
1738 3816 21 24 is
1775 3817 90 24 evident

1276 3854 29 15 no
1324 3847 107 31 efcpenfe~e'
1434 3839 10 11 v
1445 3846 48 23 will
1515 3846 70 23 befall
1606 3845 38 25 the
1665 3847 164 33 Government,
1850 3859 14 14 a

1276 3880 165 29 consideration
1451 3880 24 22 in
1486 3887 41 17 our
1539 3879 65 32 days,
1624 3880 22 22 if
1659 3879 37 25 the
1708 3886 38 19 act
1757 3890 46 16 was
1823 3888 40 19 not

1274 3912 99 32 brought
1394 3913 50 22 into
1466 3913 126 31 operation,
1612 3913 44 24 and
1675 3921 26 16 as
1719 3916 70 26 much
1803 3916 59 31 good

1274 3946 74 29 migh:
1371 3953 69 17 ensue
1463 3945 58 24 from
1543 3946 59 25 such
1621 3954 31 16 an
1672 3952 135 25 enactment,
1829 3957 33 16 wt

595 44 95 49 gljt
715 47 119 41 Ktto
861 47 210 43 asralana
1099 52 192 48 <ffia?*tt*
1318 56 91 38 an*
1432 56 308 48 milltngtott
1762 56 256 50 &»ut*ta%\

1308 143 355 27 INSPECTION
1681 146 86 24 LAW.

1933 151 73 24 would
2027 157 97 27 suggest
2145 153 38 25 the
2206 155 77 31 utility
2301 157 30 26 ,of
2354 158 39 25 the
2414 167 98 21 mercan-

1932 184 39 23 tile
1982 184 59 32 body
2053 186 133 32 requesting
2197 187 36 24 his
2246 188 83 26 Honor
2348 191 39 24 the
2408 191 104 33 Superin-

1931 218 91 23 tendent
2040 223 23 18 to
2082 219 85 23 submit
2185 219 37 25 the
2239 223 118 31 propriety
2378 229 22 18 to
2413 225 34 24 his
2463 227 48 26 Ex-

1931 249 99 32 cellency
2053 251 26 24 of
2093 251 114 25 forthwith
2229 255 97 31 passing
2343 263 14 17 a
2376 257 44 24 law
2437 259 25 24 of
2476 261 35 25 the

1930 282 150 31 description.

1962 333 42 24 We
2023 335 44 23 call
2089 336 37 23 the
2144 338 113 23 attention
2269 339 25 22 of
2310 339 38 25 the
2361 341 90 24 Sheriff
2468 349 22 18 to
2500 355 12 15 a

1928 365 66 24 letter
2016 368 23 22 in
2072 369 100 31 to-day's
2200 378 79 23 paper,
2308 373 95 24 entitled
2430 376 82 27 refined

1928 399 85 31 cruelty
2025 400 45 24 and
2081 402 80 30 signed
2396 407 42 24 We
2457 409 54 26 have

1928 430 88 32 already
2028 432 70 25 heard
2120 435 102 24 remarks
2244 445 31 16 on
2295 438 39 23 the
2352 439 96 32 subject,
2468 445 42 23 and

1927 463 44 24 feel
1981 465 113 26 confident
2105 475 31 16 we
2149 476 52 23 may
2211 470 66 30 place
2297 479 68 23 every
2386 473 125 28 confidence

1927 497 23 22 in
1962 496 37 24 the
2007 503 138 21 statements
2155 501 26 24 of
2195 510 42 15 our
2249 505 186 30 correspondent.

2119 560 206 28 NARRATIVE

142 136 170 26 SHIPPING
332 136 278 26 INTELLIGENCE.

303 193 144 21 ARRIVED.

109 223 75 22 March
209 225 20 25 1,
252 225 120 27 brigantine
400 225 111 25 Governor,
537 226 49 25 200,
615 227 54 21 from

78 249 99 22 London.

322 298 118 20 SAILED.

108 324 105 28 February
237 326 35 24 29,
297 325 105 20 schooner
420 325 124 27 Richmond,
565 327 28 21 23
612 329 56 23 tons,

78 350 86 26 Brown,
173 352 35 21 for
218 353 36 20 the
265 352 104 20 Chatham
379 352 90 26 Islands,

107 378 75 22 March
193 380 20 22 1,
224 381 70 19 cutter
311 379 111 22 Catherine
429 380 122 25 Johnstons,
570 381 26 20 10
611 383 56 23 tons,

78 405 85 26 Taylor,
172 406 33 20 for
216 406 127 26 Wanganui.

106 433 61 19 Same
175 433 49 26 day,
235 433 47 26 brig
290 433 72 26 Ituna,
375 435 40 20 180
425 437 55 22 tons,
496 435 127 25 Sanderson,
633 435 35 22 for

77 459 130 26 Valparaiso.

106 486 104 28 February
228 489 34 23 28,
276 491 138 23 government
430 489 47 26 brig
496 489 102 24 Victoria,
617 489 49 24 200,

77 512 111 27 Richards,
199 515 34 21 for
242 515 104 21 Tarmaki
355 516 42 20 and
407 515 119 21 Auckland.

303 566 34 22 IN
352 565 88 23 PORT.

104 593 112 21 Schooner
240 593 65 26 Erin,
330 595 29 19 25
384 598 59 18 ton*.
471 593 124 27 Repairing,

104 621 109 21 Schooner
220 621 77 21 Nelson
306 621 80 21 Packet
387 621 41 26 ±20
433 622 57 23 tons,
495 621 64 23 .Cole.
588 621 77 26 Agent,

75 648 99 26 Captain.

104 675 108 21 Schooner
223 675 111 22 Susannah
343 675 57 24 Ann,
412 675 36 25 79,
463 675 83 21 Brown.
577 676 87 27 Agents,

76 702 86 21 Samuel
169 703 42 20 and
221 700 89 29 Joseph.

102 729 108 24 Schooner
219 730 83 25 Emma,
314 731 26 20 14
351 731 57 24 too*,
420 729 138 23 Greenwood.
587 731 77 26 Agent,

75 757 24 22 M
109 759 57 19 aster

102 784 75 21 Cutter
196 784 80 26 Lively,
296 784 27 21 32
343 786 57 23 tons,
420 784 84 22 Pearce.
555 785 108 28 Hopkins,

74 812 77 25 Agent.

101 839 108 21 Schooner
222 839 108 26 Industry,
347 839 27 21 24
386 840 61 23 tons,
463 839 83 27 Wylde.
575 840 88 26 Agents,

73 865 68 21 Waitt
150 866 41 20 and
201 866 74 27 Tyser.

100 893 125 26 Brigantine
243 893 126 25 Columbine,
387 894 27 21 68
433 896 56 22 tons,
508 894 104 21 Stratton.
640 894 23 21 J.

73 920 77 24 Smith,
160 920 77 26 Agent.

101 946 125 27 Brigantine
240 947 122 24 Wanderer,
374 947 40 21 130
423 950 56 21 tons,
486 948 76 21 Berns.
579 948 84 21 Samuel

72 974 42 21 and
123 974 88 27 Joseph,
222 974 88 26 Agents.

100 1001 109 21 Schooner
227 1002 66 20 Three
309 1001 110 25 Brothers,
442 1002 26 21 32
482 1004 59 23 tons,
560 1002 101 22 Jackson.

71 1028 87 25 Levien,
167 1028 78 26 Agent.

99 1056 108 20 Schooner
356 1070 7 7 .

97 1082 110 21 Schooner
224 1084 75 24 Ocean,
315 1084 28 20 30
353 1086 56 22 tons,
428 1083 115 29 Ferguson.
573 1087 87 24 Agents,

70 1110 69 20 Waitt
148 1110 41 21 and
198 1110 74 26 Tyser.

98 1137 109 21 Schooner
217 1138 158 23 Perseverance,
384 1139 25 20 15
421 1141 54 22 tons,
483 1138 94 22 Tuawai.
606 1139 54 27 Cap.

69 1164 53 27 tain,
133 1165 77 25 Agent.

95 1191 125 26 Brigantine
232 1192 112 21 Governor*

245 1249 122 21 CUSTOM
384 1249 109 22 HOUSE.

268 1303 189 22 EXPORTS.

96 1338 29 21 In
148 1343 46 16 tbb
228 1339 15 11 *'
449 1345 46 15 for
525 1339 103 22 London.
630 1350 28 5 —

67 1366 112 26 Rigdways
188 1366 43 20 and
240 1366 45 24 Co.,
295 1367 85 25 Agents.
382 1377 27 4 —
410 1367 27 20 20
447 1366 75 26 planks
530 1369 69 18 totara
609 1367 48 21 tim-

66 1394 45 23 ber,
123 1393 27 21 68
164 1393 57 20 bales
230 1394 49 22 flax,
292 1394 10 19 1
313 1400 49 14 case
371 1394 126 23 curiosities,
510 1394 10 20 1
532 1394 37 20 do.
579 1394 77 26 plants,

66 1421 28 20 72
104 1420 62 21 casks
174 1421 63 20 black
247 1421 38 24 oil,
294 1421 27 20 32
332 1421 57 20 bales
398 1421 48 25 flax,
459 1422 11 19 1
480 1421 43 20 box
530 1421 126 25 curiosities,

66 1449 28 20 22
104 1448 56 20 rimu
169 1448 40 20 and
222 1448 42 20 moi
273 1448 83 26 planks,
374 1449 26 20 47
412 1451 68 17 totara
488 1449 84 25 planks,
585 1449 13 20 6
611 1449 48 26 logs

66 1475 71 23 muiri,
149 1475 25 20 30
185 1477 70 18 totara
264 1475 83 26 planks,
358 1476 13 19 5
383 1475 69 30 pieces
465 1475 67 21 hinau
541 1476 83 24 timber,
642 1477 14 19 3

65 1505 50 18 tons
132 1501 65 21 hinau
212 1502 60 24 bark,
293 1503 13 19 3
326 1505 50 17 tons
391 1503 89 25 tanning
497 1503 59 24 bark,
579 1503 11 20 1
610 1503 46 21 bale

64 1529 131 24 lambswool,
215 1530 12 20 7
238 1529 56 20 bales
309 1530 62 24 wool,
391 1530 26 20 99
434 1530 60 20 casks
513 1530 63 20 black
586 1530 36 25 oil,
643 1531 13 21 7

64 1556 91 21 bundles
177 1556 129 24 whalebone,
330 1557 14 20 2
369 1557 57 19 bales
449 1557 61 24 wool,
532 1558 12 19 6
567 1557 88 21 bundles

64 1584 129 24 whalebone,
204 1585 13 19 5
228 1584 60 20 casks
299 1590 69 20 sperm
379 1584 30 20 oil
417 1584 42 20 and
475 1585 54 19 head
539 1587 83 19 matter.
642 1586 12 20 9

64 1611 58 21 bales
131 1611 61 24 wool,
204 1612 26 20 10
241 1611 88 20 bundles
339 1611 129 24 whalebone,
483 1612 26 20 10
520 1612 57 20 bales
593 1613 60 24 wool,

63 1640 14 19 4
87 1639 59 20 bales
160 1639 48 23 flax,
221 1639 25 21 12
264 1638 56 20 bales
330 1639 63 23 wool,
410 1639 12 19 6
438 1639 59 19 casks
514 1639 63 20 black
586 1640 36 24 oil,
640 1641 13 20 8

62 1666 63 20 casks
134 1665 120 26 humpback
264 1665 37 24 oil,
311 1667 27 19 54
349 1666 56 20 bales
420 1666 49 23 flax,
482 1667 39 20 130
533 1667 69 25 pieces
619 1668 35 20 old

63 1699 86 20 copper,
165 1694 28 19 46
208 1693 70 20 taiwai
294 1693 83 26 planks,
391 1693 26 20 16
435 1693 54 20 rimu
503 1694 64 23 slabs,
585 1695 12 19 5
608 1695 45 25 logs

62 1721 64 22 rimu,
149 1721 13 19 3
186 1720 56 20 rimu
265 1726 66 21 spars,
358 1721 40 19 100
423 1720 59 20 tawai
502 1722 77 21 staves,
598 1721 54 21 3000

62 1747 106 24 treenails,
178 1747 27 20 50
216 1749 48 19 tons
274 1747 89 26 tanning
377 1747 59 24 bark,
447 1747 27 24 4£
489 1748 35 20 do.
537 1748 40 26 dye
593 1749 58 24 bark,

62 1776 27 20 25
100 1775 62 20 casks
170 1775 54 20 back
239 1775 37 22 oil,
289 1775 10 19 1
315 1775 47 19 bale
372 1775 89 26 samples
478 1775 26 20 of
514 1776 50 23 flax,
577 1776 11 19 1
607 1776 45 21 bale

61 1808 64 21 green
132 1802 49 23 flax,
192 1802 11 20 1
215 1808 47 14 case
273 1802 126 23 curiosities,
411 1802 13 20 6
433 1802 106 21 vertebrae
554 1802 66 22 bones
630 1804 24 21 of

60 1836 15 14 a
83 1829 74 24 whale,
167 1830 26 20 31
204 1829 71 27 pieces
285 1830 105 20 furniture
399 1830 68 23 wood,
477 1830 10 20 1
499 1830 43 21 box
549 1830 102 27 drawings

60 1858 42 19 ■and
112 1857 69 27 plans.
210 1856 151 27 Passengers—
364 1856 45 21 Mr.
426 1857 41 20 and
486 1857 55 20 Mrs.

61 1884 42 21 and
113 1884 80 27 family.

700 139 41 20 not
759 137 125 24 instructed
904 142 21 19 to
946 138 54 31 play
1023 146 14 16 a
1058 144 60 27 part.
1153 141 73 24 Mark
1249 141 38 27 the

699 173 134 20 statements
844 169 30 24 he
885 170 79 24 makes
974 171 71 24 about
1056 172 38 23 the
1106 167 134 30 conduct*of
1249 174 38 24 the

700 201 117 29 Christian
828 202 45 23 and
884 202 97 24 heathen
993 204 88 24 natives
1093 211 24 18 at
1127 205 102 30 Wairau,
1242 207 44 24 and

699 233 46 24 will
757 235 17 23 it
784 234 28 25 be
821 235 102 24 believed
934 236 17 23 it
960 243 45 16 was
1014 237 54 31 only
1075 238 57 23 after
1141 238 30 23 he
1179 240 106 23 returned

699 266 58 24 from
769 267 37 24 the
827 268 117 24 Massacre
955 268 49 24 that
1016 269 28 24 he
1059 270 79 31 joined
1150 271 50 24 Mr.
1218 272 67 24 Had-

697 299 74 23 field's
793 301 104 24 mission.
932 301 24 24 It
978 302 20 23 is
1024 303 131 31 impossible
1178 304 49 24 that
1247 305 37 24 his

697 332 63 23 ideal
771 332 67 25 could
848 333 58 24 have
917 334 55 24 been
984 343 25 15 so
1022 336 88 31 rapidly
1121 336 95 25 altered.

730 364 32 24 In
780 366 37 23 the
835 373 68 17 name
922 367 26 23 of
963 367 38 24 the
1022 368 119 24 murdered
1160 377 33 16 we
1211 376 73 19 assert

696 397 49 24 that
750 405 47 18 jiot
807 406 42 16 one
861 407 54 18 man
925 399 49 24 who
990 400 68 24 knew
1077 402 98 31 Captain
1193 402 91 25 Arthur

696 430 137 30 Wakefield,
851 440 26 15 or
894 432 43 24 had
956 433 93 24 become
1070 435 135 30 acquainted
1228 436 54 23 with

695 462 37 24 his
744 471 82 21 career,
838 465 46 23 will
896 473 51 16 ever
958 465 30 24 be
998 466 51 24 able
1061 471 23 20 to
1098 468 58 24 iorce
1168 467 37 24 his
1219 470 63 22 mind

695 500 23 19 to
728 496 86 24 believe
823 497 38 23 the
871 503 94 18 account
974 498 26 24 of
1009 499 38 24 the
1055 499 116 25 interview
1179 501 103 24 between

696 528 137 32 Rauparaha
843 531 44 23 and
901 531 94 31 Captain
1006 531 131 26 Wakefield
1148 538 24 19 at
1183 534 96 25 Nelson.

729 562 48 23 His
789 562 138 32 Excellency
938 564 44 23 had
993 564 38 24 the
1044 565 86 24 solemn
1139 566 140 32 depositions

694 595 26 23 of
734 595 89 24 several
840 596 135 24 individuals
994 605 30 16 on
1042 598 39 24 the
1099 607 42 15 one
1158 600 58 28 side,
1236 601 43 23 and

695 627 37 25 the
743 628 83 32 speech
838 629 25 23 of
873 629 137 32 Rauparaha
1022 639 30 15 on
1063 632 36 23 the
1111 632 72 25 other.
1204 632 74 25 There

694 668 38 17 are
743 669 30 15 no
785 666 133 20 statements
930 668 22 18 to
965 663 39 24 the
1023 664 162 32 disadvantage
1202 666 24 23 of
1241 666 37 25 the

693 694 116 24 character
831 695 27 24 of
882 695 38 24 the
941 696 85 24 former
1056 698 125 29 witnesses,
1212 699 66 23 while

694 727 139 32 Rauparaha
842 728 21 24 is
875 730 66 22 noted
953 737 61 16 more
1025 730 35 23 for
1079 731 39 24 the
1136 731 142 24 wickedness

693 760 25 23 of
732 760 37 23 his
779 760 117 25 character
912 761 53 25 than
983 762 35 24 for
1034 771 45 23 any
1100 764 64 24 other
1182 765 94 31 quality,

692 797 39 26 yet
741 793 36 24 his
790 795 121 30 testimony
922 795 19 23 is
953 795 94 25 deemed
1059 804 29 15 an
1100 797 125 31 equipoise.

727 826 43 24 We
781 827 80 30 gather
873 828 57 23 from
943 828 59 24 what
1014 836 32 17 we
1058 830 58 23 have
1131 830 78 30 heard,
1228 831 49 24 that

692 859 40 23 her
744 860 122 31 Majesty's
880 861 157 25 Government
1056 863 19 23 is
1096 863 139 24 maintained
1252 865 24 22 in

692 892 57 24 New
760 893 108 29 Zealand,
876 898 39 19 not
922 894 35 23 for
964 894 38 24 the
1011 895 115 25 benefhof
1130 896 32 24 all
1167 896 50 24 who
1225 905 50 23 may

692 926 75 23 reside
776 926 61 29 here,
849 926 43 24 but
901 931 21 20 to
941 932 96 26 prevent
1054 928 38 24 the
1110 930 90 23 natives
1217 930 58 23 from

690 959 162 31 experiencing
874 959 105 32 injustice
995 965 24 20 at
1038 961 39 24 the
1094 962 72 24 hands
1186 963 26 24 of
1237 963 38 24 the

690 990 151 32 immigrants.
894 993 34 23 At
957 992 38 24 the
1019 1002 63 16 same
1105 996 54 23 time
1181 1003 35 17 we
1237 1003 38 17 are

690 1024 90 23 warned
795 1029 40 19 not
852 1030 24 19 to
894 1033 61 16 come
975 1027 48 23 into
1040 1027 105 25 collision
1165 1029 54 24 with
1233 1030 39 23 the

689 1058 95 28 natives,
809 1066 25 15 as
854 1058 38 24 the
908 1059 71 23 result
1000 1065 64 19 must
1082 1061 28 24 be
1129 1061 57 25 fatal
1195 1066 23 20 to
1231 1070 26 16 us
1265 1072 7 19 ;

689 1089 60 25 their
760 1091 109 24 numbers
889 1092 68 31 being
973 1100 26 15 so
1023 1095 111 29 superior,
1153 1095 45 24 and
1217 1096 58 23 their

689 1122 76 25 habits
784 1131 25 16 so
832 1124 101 24 warlike.
970 1125 77 25 There
1066 1127 19 23 is
1108 1129 124 24 somewhat
1251 1129 26 23 of

689 1156 171 30 contradiction,
874 1158 17 23 it
913 1166 94 24 appears
1027 1164 22 19 to
1070 1167 37 22 us,
1128 1161 32 29 in,
1181 1169 30 16 on
1231 1170 42 15 one

687 1188 70 30 hand,
780 1190 121 31 admitting
923 1199 25 16 us
969 1195 22 19 to
1012 1192 59 24 have
1095 1194 37 23 the
1152 1202 77 23 power
1251 1199 22 19 to

687 1221 75 32 injure
784 1223 39 24 the
837 1224 95 29 natives,
950 1225 45 23 and
1018 1233 29 16 on
1070 1227 38 23 the
1129 1227 66 24 other
1212 1227 61 25 hand

686 1254 116 33 believing
813 1256 60 24 them
887 1261 22 20 to
918 1258 27 23 be
957 1257 51 25 able
1019 1263 25 19 to
1056 1260 91 31 destroy
1158 1268 37 17 us.
1227 1261 46 23 But

686 1287 102 25 whether
813 1289 37 24 the
881 1291 163 24 contradiction
1071 1293 28 23 be
1123 1301 25 16 or
1177 1294 28 23 be
1233 1298 40 20 not

686 1321 93 29 absurd,
800 1324 83 23 certain
905 1324 17 23 it
938 1324 21 23 is
981 1324 63 24 there
1063 1326 19 23 is
1102 1334 14 16 a
1132 1327 42 23 sad
1185 1327 52 24 lack
1250 1327 24 25 of

686 1354 97 32 charity.
831 1355 50 25 The
904 1357 60 23 basis
984 1358 26 23 of
1026 1358 31 24 all
1068 1359 38 24 the
1123 1360 149 31 proceedings

686 1387 65 24 tends
775 1393 22 19 to
826 1390 106 24 convince
957 1398 29 15 us
1015 1391 39 24 the
1073 1392 85 31 feeling
1180 1394 22 22 is
1224 1394 48 23 that

685 1420 141 31 throughout
844 1422 39 24 the
903 1423 141 31 immigrants
1063 1425 59 24 have
1139 1426 66 29 been,
1227 1427 44 23 and

684 1453 50 24 that
746 1454 53 32 they
810 1455 47 24 still
870 1456 54 24 seek
936 1460 21 20 to
971 1456 27 25 be
1018 1457 81 32 unjust
1117 1459 97 23 towards
1233 1460 39 23 the

684 1486 87 24 natives
781 1496 7 15 :
807 1488 44 24 and
862 1488 51 24 that
922 1489 38 24 the
971 1491 88 23 natives
1078 1491 56 24 have
1146 1497 41 19 not
1205 1493 64 29 been,

683 1520 46 23 and
747 1520 50 23 that
814 1521 64 24 there
900 1522 18 23 is
938 1530 30 16 no
988 1523 49 24 fear
1058 1524 50 24 that
1125 1524 54 32 they
1190 1526 79 28 would,

683 1554 133 31 possessing
828 1554 37 24 the
878 1562 80 23 power,
971 1555 28 24 be
1012 1557 79 31 unjust
1103 1562 22 19 to
1134 1566 37 15 us.
1209 1559 60 23 How

683 1585 56 24 such
764 1587 103 31 opinions
885 1588 57 23 have
960 1588 58 25 been
1042 1590 90 25 created
1150 1599 34 16 we
1203 1592 66 24 know

683 1623 46 24 not,
754 1619 49 29 but,
824 1622 86 22 certain
927 1622 18 22 it
964 1622 27 29 is,
1015 1630 30 16 no
1058 1624 132 24 reasonable
1202 1625 68 31 being

683 1659 42 15 can
734 1652 99 30 produce
845 1653 38 24 the
896 1655 106 23 evidence
1014 1655 31 31 by
1058 1656 73 24 which
1145 1658 53 31 they
1218 1667 50 22 may

681 1684 27 24 be
732 1686 147 24 maintained.
928 1688 51 24 And
1002 1689 24 23 in
1044 1689 39 24 the
1105 1698 66 16 name
1191 1691 26 24 of
1232 1692 36 23 the

682 1717 90 25 settlers
785 1726 33 16 we
828 1719 57 24 have
897 1721 83 31 always
1000 1723 124 29 protested,
1147 1724 44 23 and
1211 1725 57 24 shall

681 1751 107 24 continue
805 1757 23 19 to
846 1758 86 25 protest
951 1755 91 29 against
1066 1764 13 15 a
1096 1761 56 19 state
1165 1757 26 24 of
1207 1758 61 24 mind

681 1791 32 16 we
731 1784 87 25 believe
839 1792 62 17 most
922 1787 152 25 mischievous
1098 1790 22 23 in
1141 1790 30 24 its
1188 1799 77 16 conse-

680 1824 98 24 quences
790 1826 26 16 as
828 1819 50 23 well
894 1824 22 19 to
935 1820 39 24 the
993 1821 50 24 best
1063 1822 108 24 interests
1190 1825 26 23 of
1230 1825 38 23 the

680 1851 75 24 native
767 1858 26 18 as
804 1851 26 24 of
838 1851 39 25 the
887 1853 132 31 immigrant
1030 1855 142 31 population.

813 1911 117 27 FREE
965 1914 160 25 TRADE.

299 1940 113 20 Imports.

89 1972 29 20 Jn
127 1978 47 14 the
339 1979 66 15 from
416 1973 97 21 Syuniy
529 1974 34 20 via
573 1973 75 21 Auck-

61 2004 73 16 land.
135 2010 28 5 —
165 2000 69 19 Waitt
260 2000 42 19 and
327 2001 72 24 Tyser,
423 2001 87 24 Agents.
511 2011 28 4 —
541 2001 26 19 16
588 2001 60 20 hhds.

59 2026 89 27 brandy,
159 2027 27 19 26
195 2026 36 20 do.
242 2026 45 24 do.,
298 2027 10 19 1
320 2032 48 15 case
379 2027 74 26 books,
466 2028 25 20 73
506 2030 79 17 trusses
600 2027 48 26 hay,

58 2054 13 18 5
82 2053 64 21 boxes
156 2053 77 24 starch,
245 2054 26 20 13
282 2053 79 21 barrels
372 2055 55 19 table
437 2055 46 24 salt,
496 2055 10 19 1
518 2060 48 14 case
587 2055 61 26 cyder

57 2080 44 20 and
111 2081 71 20 lemon
198 2087 72 20 syrup,
282 2081 12 19 5
311 2088 59 14 cases
380 2081 70 21 lemon
467 2088 72 20 syrup,
557 2083 13 19 3
589 2082 59 20 casks

59 2107 72 27 cyder,
141 2109 14 19 5
165 2114 58 14 cases
233 2108 61 25 vine,
306 2109 9 19 1
326 2115 48 13 case
384 2109 113 23 hardware,
506 2109 11 19 1
529 2115 47 14 case
583 2109 64 26 slops,

59 2136 11 20 1
94 2135 75 20 basket
188 2135 109 26 crockery,
324 2136 10 19 1
355 2136 65 20 trunk
443 2136 103 26 clothing,
569 2137 10 20 1
607 2136 41 21 box

59 2162 104 24 sundries,
174 2163 12 19 1
193 2162 47 20 bale
249 2163 98 25 bedding,
356 2164 11 19 1
376 2164 49 19 cask
431 2163 47 24 salt,
487 2164 10 19 1
507 2164 41 25 keg
555 2164 92 25 vinegar,

59 2190 10 20 1
81 2189 41 26 bag
130 2189 50 24 rice,
201 2190 11 20 2
224 2190 36 20 do.
277 2196 69 20 sugar,
356 2191 14 20 2
387 2190 64 20 boxes
461 2191 92 24 candles,
574 2192 9 19 I
601 2197 46 14 case

54 2216 96 27 apparel,
169 2217 10 20 1
196 2216 43 21 box
250 2217 66 26 slops,
334 2218 11 19 1
357 2217 51 20 cask
425 2218 11 19 1
448 2223 46 14 case
511 2218 44 25 do.,
567 2219 12 19 2
596 2218 51 26 kegs

57 2244 105 24 tobacco.,
174 2245 10 19 1
203 2244 52 20 hbd.
266 2246 78 24 porter,
363 2245 11 19 1
386 2251 46 14 case
449 2246 91 25 apparel,
550 2246 13 19 4
582 2245 64 22 boxes

57 2277 59 20 soap,
127 2272 13 19 4
151 2271 59 20 casks
226 2272 63 23 flour,
301 2272 9 19 I
329 2277 48 14 case
388 2272 100 26 clothing,
508 2273 10 19 1
530 2273 61 20 chest
605 2276 40 21 tea,

55 2298 15 21 6
80 2298 52 26 kegs
142 2299 66 25 paint,
219 2299 13 20 2
242 2298 64 20 boxes
323 2299 66 25 glass,
400 2300 10 19 1
428 2305 47 14 case
485 2300 130 26 turpentine,
633 2301 12 20 1

57 2331 47 14 case
115 2326 64 25 dates,
191 2326 12 19 7
214 2331 59 14 cases
282 2326 74 24 books,
369 2327 12 19 2
389 2326 95 24 bundles,
496 2328 13 19 2
520 2327 61 20 casks
588 2328 57 20 iron-

55 2358 109 20 mongery,
173 2353 13 20 3
196 2353 103 25 packages
310 2354 11 19 1
332 2359 49 14 case
390 2354 76 24 chairs,
476 2355 13 20 4
501 2361 58 14 cases
572 2355 13 20 3
595 2355 50 25 kegs

55 2380 97 24 tobacco,
170 2380 26 21 15
206 2380 63 20 bhds.
287 2380 108 24 Marsella,
405 2382 27 19 50
450 2381 79 21 barrels
538 2382 62 26 pork,
617 2383 26 20 20

55 2407 77 20 tierces
141 2407 54 24 beef,
209 2408 29 19 48
247 2408 64 20 boxes
320 2408 63 20 black
393 2410 41 22 tea,
446 2409 13 19 6
468 2409 71 20 chests
553 2415 89 20 congou,

54 2434 11 19 1
92 2440 47 14 case
163 2435 96 25 drapery.
302 2434 152 27 Passengers—
456 2436 42 20 Mr.
522 2436 43 21 and
589 2437 53 20 Mrs.

53 2461 103 25 Lardner,
167 2462 64 24 child,
242 2462 42 20 and
297 2464 92 19 servant.

83 2488 28 21 In
121 2495 47 14 the
179 2504 4 3 .
356 2496 63 15 «iom
429 2490 98 21 Sydney
538 2491 34 20 via
583 2491 58 20 Nel-

54 2521 53 15 son.
108 2526 27 5 —
136 2516 106 26 Hopiint,
259 2517 77 25 Agent.
337 2528 28 3 —
365 2518 27 19 25
409 2519 48 19 toas
473 2519 63 23 flour,
552 2519 15 19 4
586 2525 55 15 cases

50 2543 119 26 chocolate,
186 2544 13 20 2
216 2544 35 21 do.
269 2544 88 26 pickles,
376 2545 10 19 1
404 2545 35 20 do.
457 2545 71 25 fruits,
546 2547 14 19 4
580 2546 61 20 hhds.

51 2572 79 24 porter,
143 2571 11 20 1
164 2578 31 20 qr.
216 2571 51 20 cask
278 2571 60 25 wine,
355 2572 12 19 1
377 2578 48 14 case
442 2573 74 26 cherry
526 2573 87 25 cordial,
630 2575 10 19 1

52 2604 47 14 case
113 2601 56 23 port.
199 2598 125 26 Passengers
325 2609 26 4 —
353 2599 63 26 Capt.
433 2599 102 28 Murphy,
553 2601 87 21 Messrs.

52 2624 108 27 Hopkins,
170 2625 101 25 Howard,
281 2625 93 26 Donald,
386 2626 94 26 Murray,
491 2627 43 21 aud
541 2627 85 22 Ellerm.

202 2681 124 23 Inwards,
343 2681 148 21 Coastwise.

143 3238 114 20 AGENTS
273 3238 58 21 FOR
351 3239 71 22 THIS
438 3240 102 22 PAPER.

65 3273 39 19 Mr,
115 3271 128 19 BURCHAM
337 3273 79 19 Fetoni.

64 3293 40 18 Mr.
116 3292 21 19 C.
150 3292 113 22 ELLIOTT,
273 3292 106 19 Examiner
385 3294 67 22 Office,
458 3295 74 20 Nelson
540 3297 77 19 Haven.

64 3314 41 18 Mr.
115 3314 19 17 J.
142 3313 23 19 B.
172 3311 94 22 BAINES
342 3314 47 18 New
396 3316 110 23 Plymoatn,
512 3319 98 18 Taranaki

64 3335 40 19 Mr.
115 3335 28 18 H.
153 3334 123 18 CHURTON
549 3325 68 12 WIB>

66 3356 38 17 Mr.
115 3355 31 18 W.
157 3354 100 19 -WILSON
277 3356 106 20 ......Bay
389 3358 23 16 of
421 3358 85 18 islands.

162 3392 100 23 Notice
278 3393 30 20 to
325 3393 184 26 Subscribers.

45 3426 82 24 Papers
141 3424 46 21 will
198 3426 39 19 not
247 3424 24 21 be
284 3426 48 19 sent
351 3426 22 19 to
386 3430 91 21 persons
487 3428 71 26 living
568 3431 37 19 out
614 3430 26 25 of

73 3452 54 21 Port
137 3451 124 25 Nicholson*
278 3452 72 22 unless
359 3457 161 23 arrangements
529 3462 38 15 are
576 3459 61 19 made

67 3478 39 24 for
116 3479 37 20 the
156 3481 105 24 payment
270 3480 29 25 of
304 3480 38 20 the
350 3486 65 21 same,
423 3482 94 26 through
527 3490 29 16 an
565 3485 70 24 Agent

70 3507 24 19 at
108 3506 135 25 Wellington.
262 3521 7 4 -
