3290 4300
74 1429 226 48 Visitors'
327 1427 119 45 List.

165 1517 70 23 Lake
250 1516 97 22 House.

44 1558 39 17 !U;v
93 1550 31 23 ilr
132 1555 38 17 mid
178 1555 40 16 Mrs
227 1551 120 22 Maodonald,
357 1551 87 18 Waikato

44 1581 32 18 Mr
84 1580 37 16 and
130 1580 46 16 Miss
185 1577 65 19 Yates,
259 1575 62 19 North
331 1575 49 21 Capo

48 1605 42 16 liov.
100 1602 30 18 Mr
138 1601 39 18 and
184 1600 41 18 Mrs
234 1600 46 16 Ban-
290 1598 38 17 and
335 1597 56 22 child,
397 1596 81 19 Waiukvi

44 1628 32 17 Mr
84 1627 21 16 R.
116 1626 21 16 B.
147 1624 90 20 Graham,
247 1621 95 19 Wairakei

79 1649 75 20 Panter,
165 1645 99 19 Auckland

79 1673 70 17 Wilson

80 1787 70 21 Currie,
163 1785 101 19 Auckland

156 1829 55 23 The
220 1828 141 28 Langham.

41 1863 42 18 Mrs
92 1862 41 18 Fox
142 1862 37 17 arid
189 1860 49 18 child
247 1859 37 18 and
293 1859 47 17 Miss
347 1858 41 18 Fox
394 1857 62 22 OtagO

79 1886 80 17 Thomas
168 1884 54 19 Dick,
233 1883 76 22 Sydney

44 1910 31 17 Mr
83 1909 38 17 and
129 1909 40 17 Mrs
178 1909 22 16 K.
211 1907 54 19 Dick,
278 1905 92 18 Otahu.hu

78 1933 135 18 MacPhcrson,
224 1928 99 19 Auckland

78 1956 68 22 Kcyes,
156 1953 100 18 Auckland

79 1979 68 20 Smith,
157 1977 99 18 Auckland

79 2003 71 19 Carter,
161 1999 99 19 Auckland

79 2025 78 23 Speedy,
172 2025 52 16 Hutt

77 2049 27 16 H.
114 2048 70 22 Molye,
193 2046 89 18 Miranda

78 2072 24 17 D.
112 2071 84 20 Sincock,
207 2068 100 19 Auckland

142 2119 138 21 Tarawera
289 2114 89 24 House

43 2152 46 18 Miss
98 2150 66 21 Steele,
175 2148 76 23 Sydney

42 2175 32 18 Mr
81 2174 23 17 E.
114 2172 80 22 Wright,
206 2170 93 20 Sheffield,
310 2168 90 24 England

77 2197 65 22 Light,
152 2195 118 21 Wellington

77 2219 126 20 J.Patcrson,
220 2218 49 17 Gore

77 2244 67 22 Wylio,
154 2242 79 17 Galatea

74 2293 103 24 Brent's
194 2291 129 28 Bathgate
344 2288 97 23 House.

39 2325 33 18 Mr
81 2325 19 17 C.
111 2325 18 16 S.
139 2325 72 17 Moore,
222 2325 76 18 Sydney

74 2347 119 18 Wainhouse,
204 2345 71 17 Nelson

75 2371 37 18 and
121 2370 40 17 Mrs
170 2368 87 20 Oldham,
267 2366 78 21 Nelson*

74 2394 19 17 J.
103 2394 23 17 D.
137 2391 99 22 Connolly,
246 2389 100 18 Auckland

74 2417 29 18 W.
113 2417 23 17 E.
146 2416 70 21 Kemp,
227 2413 78 23 Sydney

154 2459 116 16 Rotorua
286 2455 85 20 Hotel.

155 2474 115 5 IVUliUil'tv
286 2474 86 3 **»»>™

39 2495 32 17 Hi'
79 2493 23 18 K.
111 2493 19 18 J.
144 2492 43 20 Gill,
197 2491 101 21 Tauranga

25 2519 10 13 >
76 2516 115 19 Carnachan,
201 2514 101 21 Tauranga

75 2540 72 19 Butler,
157 2537 117 22 Wellington

76 2561 109 23 Cavanagh,
195 2557 127 26 Ngarawahia

75 2586 58 20 Watt,
144 2584 80 18 Galatea
236 2584 1 22 .

76 2606 71 25 Keys,'
147 2606 95 19 Auckland

77 2632 125 18 Hurstliousc,
213 2627 93 19 Taranalri

78 2656 75 19 Cowan,
163 2652 101 19 Auckland

963 1563 59 12 THE
1042 1563 59 12 HOT
1121 1563 98 12 LAKES
1239 1563 176 12 CHRONICLE

963 1575 452 17 AND

1065 1592 108 19 Tourists'
1191 1593 101 25 Journal.

1084 1659 51 13 fact
1144 1654 11 18 I
1166 1660 52 13 will

1010 1705 170 22 WEDNESDAY,
1187 1707 69 17 JUNE
1265 1708 26 18 19,
1302 1708 50 16 1895.

976 1757 102 24 LOCAL
1093 1759 95 23 NEWS
1201 1760 71 23 AND
1287 1761 110 23 NOTES.

1175 1801 12 12 ♦

987 1819 16 16 A
1016 1819 56 22 party
1095 1819 19 16 of
1132 1819 20 16 11
1170 1820 129 22 60-oporativo
1317 1820 81 19 workers
1411 1819 2 23 !

960 1840 230 20 'ArrivedfroinHamilton
1195 1842 26 23 by
1227 1844 33 16 lasl
1267 1844 71 22 night's
1343 1844 54 17 train.
1411 1840 2 26 I

963 1864 52 23 They
1023 1865 39 17 will
1067 1865 80 23 proceed
1154 1867 21 17 to
1185 1866 73 18 Rotoiti
1275 1868 20 16 to
1312 1867 53 17 work
1373 1873 25 12 on
1411 1864 2 24 i

961 1888 34 18 the
1004 1888 153 19 Whakatan6-Tc
1169 1889 51 18 T6ko
1229 1889 52 19 road.

987 1917 19 18 It
1013 1917 15 17 is
1037 1917 115 18 understood
1166 1918 41 17 that
1225 1919 31 16 Mr
1273 1919 45 17 Bird
1333 1919 17 17 is
1367 1920 32 17 tht

962 1937 100 21 Sncfioss'fnl
1070 1940 87 19 tenderer
1167 1941 28 18 for
1204 1941 31 18 the
1246 1943 75 22 carting
1328 1943 21 16 of
1361 1943 29 18 Go
1391 1945 8 10 L

962 1964 98 17 vernment
1068 1964 59 18 stores
1136 1966 18 16 to
1165 1962 84 20 Galatea-.
1275 1965 39 18 The
1326 1966 49 22 price
1384 1966 15 17 is

962 1987 61 17 stated
1033 1988 19 16 to
1060 1987 23 17 be
1093 1987 26 17 £9
1128 1992 33 18 per
1171 1989 38 16 ton.

985 2015 38 17 The
1032 2016 126 21 temperature
1170 2016 19 17 of
1205 2016 33 17 the
1255 2017 76 17 Priest's
1349 2017 48 17 Bath

962 2038 69 22 during
1039 2038 32 18 the
1080 2040 43 20 past
1132 2039 50 17 week
1192 2039 72 24 ranged
1281 2040 49 18 from
1347 2042 21 14 98
1377 2042 20 16 to

961 2062 20 17 to
992 2062 38 19 101,
1040 2062 37 16 and
1086 2062 43 17 that
1148 2062 21 17 of
1189 2063 33 16 the
1243 2063 85 23 Sulphur
1348 2064 49 17 B.itli

962 2084 47 18 from
1021 2085 30 17 104
1061 2086 20 16 to
1092 2086 32 16 112
1133 2085 42 23 deg.

984 2112 39 17 The
1032 2111 44 17 llev.
1091 2112 52 17 John
1159 2110 115 21 Macdonald
1291 2114 105 17 conducted

961 2136 130 21 r-iesoytonan
1101 2140 79 13 semees
1188 2142 20 10 in
1223 2136 32 17 the
1274 2137 122 17 suhuolliou.se

961 2158 37 17 last
1006 2158 77 22 Sunday
1094 2159 88 22 morning
1199 2159 38 17 and
1254 2159 86 23 evening.
1366 2161 30 17 He

961 2181 39 17 will
1008 2181 80 18 officiate
1096 2182 56 21 again
1162 2183 46 16 next
1218 2183 82 22 Sunday.
1323 2183 31 18 Mr
1361 2184 37 17 and

961 2204 40 18 Mrs
1007 2204 114 18 Macdonald
1125 2211 30 11 are
1165 2205 100 24 stayingat
1270 2206 126 19 LakoHouse.
1416 2204 1 25 t

983 2236 32 17 Mr
1024 2236 20 17 P.
1059 2237 23 17 A.
1096 2237 103 21 Crawford,
1215 2237 38 18 late
1268 2239 20 16 of
1303 2239 33 16 the
1353 2239 45 17 Hot

961 2259 67 17 Lakes
1038 2258 122 21 Ciiuoxici.e,
1171 2261 33 16 has
1213 2262 87 17 assumed
1313 2262 32 17 the
1354 2268 33 11 con-

961 2283 36 17 trol
1006 2283 20 17 of
1034 2283 31 17 the
1075 2283 98 18 Manukau
1182 2284 78 18 Gazette
1269 2285 99 22 published
1380 2286 20 17 at

961 2305 112 24 Onehunga.
1098 2306 34 18 We
1141 2307 45 17 wish
1195 2307 40 17 him
1251 2314 71 11 success
1336 2308 19 18 in
1370 2309 29 17 his
1416 2305 1 24 :

961 2329 109 23 enterprise-.

984 2357 17 17 A
1015 2357 89 22 telegram
1123 2357 48 18 frciii
1189 2357 135 20 Christehnich
1341 2361 57 15 states

961 2380 43 17 that
1017 2381 84 16 fourteen
1117 2381 19 17 Of
1152 2381 33 17 the
1201 2382 127 22 unemployed
1345 2383 52 16 there

961 2403 47 18 have
1016 2404 46 16 been
1072 2404 79 17 selected
1161 2404 29 18 for
1198 2405 32 17 the
1241 2406 45 16 road
1300 2406 61 17 works
1378 2406 19 17 in

961 2427 31 16 the
1013 2427 78 17 Galatea
1108 2427 78 17 district.
1221 2428 52 23 They
1289 2429 39 17 will
1345 2429 51 17 leave

961 2450 132 17 Chris'tchurch
1103 2450 30 18 for
1142 2451 99 17 Auckland
1252 2452 74 22 to-day.

984 2477 72 18 Letters
1066 2477 83 23 recently
1158 2479 84 17 received
1251 2479 49 18 from
1318 2479 79 23 Albury,

961 2501 47 18 New
1015 2497 60 21 South
1084 2500 67 22 Wales,
1162 2502 62 17 whore
1232 2500 33 19 Mr
1278 2503 20 17 0.
1315 2503 83 22 Malfroy

961 2525 15 17 is
985 2524 38 17 still
1037 2524 82 23 staying,
1127 2526 63 21 report
1199 2531 10 11 a
1219 2525 76 18 marked
1303 2524 95 25 improve-
1406 2524 2 25 j

960 2549 53 16 ment
1021 2547 18 17 in
1049 2547 28 22 his
1086 2547 70 19 health.
1175 2549 31 16 Mr
1215 2548 100 23 Malfrdy's
1323 2555 76 11 numor-
1406 2547 2 24 ;

961 2577 34 11 ous
1008 2571 70 17 friends
1091 2571 120 23 throughout
1225 2572 32 17 the
1272 2572 73 18 district
1361 2571 47 23 will'

961 2595 22 17 be
993 2594 44 23 glad
1046 2594 20 17 of
1075 2594 31 17 the
1115 2594 77 23 tidings.

985 2624 38 17 The
1031 2623 78 17 rainfall
1120 2629 21 11 as
1157 2623 90 18 recorded
1261 2625 20 16 at
1292 2625 32 16 the
1339 2625 48 17 Sana-

961 2648 70 16 torium
1039 2647 69 22 during
1117 2646 31 18 the
1158 2647 51 16 week
1218 2648 103 17 amounted
1329 2650 20 15 to
1361 2648 38 18 Pl
1408 2646 9 23 3

961 2670 69 17 inches.
1061 2670 39 17 The
1117 2671 84 21 greatest
1218 2670 31 18 fall
1269 2671 88 17 occurred
1373 2677 26 12 on

962 2694 32 16 the
1005 2693 43 17 18th
1056 2693 56 17 when
1125 2693 62 17 ()-37in
1204 2694 39 16 fell.
1277 2695 38 16 The
1330 2695 69 17 lowest
1416 2693 1 19 '

962 2717 78 21 reading
1049 2717 20 16 of
1077 2716 32 17 the
1119 2716 133 18 thermometer
1261 2723 37 12 was
1363 2718 36 22 deg

962 2746 24 11 on
995 2740 32 17 the
1035 2740 49 16 18th.

985 2767 32 18 Mr
1025 2766 17 18 J.
1053 2767 62 20 Lowe,
1130 2764 128 21 Government
1272 2768 94 22 inspector
1380 2770 19 17 of

962 2792 111 21 permanent
1081 2796 42 17 way
1132 2797 24 11 on
1173 2791 31 17 the
1222 2792 78 21 railway
1317 2792 46 17 lines
1380 2792 20 18 of

962 2814 33 18 the
1004 2814 77 22 Coloiiy,
1096 2815 133 21 accoihpanied
1244 2815 26 22 by
1286 2815 31 17 Mr
1334 2815 23 17 A.
1375 2815 23 17 V.

962 2833 126 25 Macßohald,
1106 2837 74 18 district
1200 2838 95 22 engineer,
1321 2838 78 18 readied

963 2859 85 18 Rotorua
1055 2860 26 23 by
1089 2860 69 22 special
1167 2861 49 16 train
1226 2867 24 11 on
1259 2860 70 23 ?riday
1336 2865 51 14 morn-

963 2884 34 22 ing
1006 2883 41 18 last.
1073 2883 30 17 Mr
1117 2884 56 17 Lowe
1187 2890 38 11 was
1243 2890 25 12 on
1283 2884 30 18 his
1329 2885 71 17 annual

964 2909 43 15 tour
1015 2907 20 17 of
1043 2907 104 22 inspection
1155 2907 38 17 and
1202 2907 46 23 only
1256 2908 96 17 remained
1357 2908 44 17 hero

964 2930 58 17 about
1030 2936 24 11 an
1065 2930 54 17 hour.

988 2959 32 17 Mr
1028 2959 27 16 W.
1067 2959 61 22 Kelly,
1139 2959 87 21 M.H.R.,
1236 2959 36 18 left
1281 2960 85 17 Rotorua
1376 2966 26 12 on

964 2982 97 22 Thursday
1071 2983 29 16 for
1110 2983 31 16 the
1149 2988 81 16 purpose
1240 2984 20 16 of
1268 2984 78 21 visiting
1357 2983 45 18 'that

964 3006 75 21 portion
1048 3006 19 16 of
1076 3006 32 16 the
1117 3006 101 20 electorate
1227 3006 61 17 which
1302 3007 100 22 comprises

965 3029 71 16 Pacroa
1045 3029 37 16 and
1094 3029 68 17 Waihi.
1187 3029 32 17 Mr
1234 3029 57 22 Kelly
1305 3029 39 17 will
1357 3030 45 17 hold

965 3058 24 11 no
999 3051 62 22 public
1070 3052 99 21 meetings,
1179 3052 35 17 but
1223 3053 38 16 will
1267 3053 97 16 interview
1370 3053 32 17 the

965 3075 48 17 local
1022 3075 109 17 authorities
1141 3075 37 17 and
1187 3076 63 17 others
1268 3076 29 17 for
1310 3076 32 17 the
1357 3082 33 16 pur-

965 3104 44 16 pose
1021 3098 20 16 of
1054 3098 126 21 ascertaining
1196 3098 50 18 their
1262 3100 61 16 wants
1340 3099 63 18 before

965 3122 34 16 the
1007 3121 82 23 meeting
1098 3122 19 16 of
1126 3119 123 20 Parliament.

989 3149 32 16 Mr
1029 3149 22 16 R.
1060 3147 19 19 J.
1089 3149 44 19 Gill,
1143 3149 45 16 land
1196 3149 92 21 purchase
1297 3151 64 20 agent,
1371 3156 22 11 ac-

967 3171 109 23 companied
1089 3171 26 23 by
1126 3172 31 17 Mr
1172 3172 116 21 Carnachan,
1300 3173 73 17 arrived
1385 3173 19 16 in

967 3196 84 16 Rotorua
1056 3194 38 17 last
1101 3195 57 22 night
1167 3194 47 19 from
1229 3196 85 17 Maketu.
1328 3196 76 22 During

960 3217 1 24 |
966 3218 29 17 his
1004 3219 42 21 stay
1054 3218 44 16 here
1106 3218 32 16 Mr
1152 3218 38 17 Gill
1206 3219 40 17 will
1263 3218 91 23 complete
1371 3220 33 16 the

967 3241 91 22 purchase
1067 3241 20 17 of
1100 3241 71 17 certain
1187 3242 64 17 native
1269 3243 45 15 land
1329 3243 20 16 in
1366 3243 38 16 this

968 3264 79 17 district.
1072 3264 38 17 The
1127 3264 68 17 Native
1209 3265 56 17 Land
1277 3265 64 20 Court,
1357 3265 49 18 after

969 3287 115 23 completing
1092 3287 32 17 the
1133 3287 85 18 business
1234 3290 21 15 at
1275 3288 79 17 Maketu
1371 3289 35 17 lias

968 3311 105 22 adjourned
1082 3312 19 16 to
1110 3307 25 20 To
1144 3311 58 20 Puke,
1213 3311 61 17 where
1282 3312 16 16 it
1310 3312 38 16 will
1362 3318 33 16 pro-

968 3334 59 22 bably
1036 3334 24 17 sit
1068 3334 30 17 for
1107 3340 10 11 a
1126 3334 74 17 month.

993 3361 16 18 A
1018 3361 79 18 football
1114 3361 63 17 match
1194 3367 38 12 was
1249 3362 70 22 played
1329 3365 30 14 'on
1375 3363 32 16 the

969 3385 80 16 Reserve
1068 3384 38 17 last
1127 3384 94 23 Saturday
1241 3385 85 17 between
1347 3387 60 15 teams

971 3408 66 16 chosen
1055 3408 48 17 froih
1118 3408 81 16 Maories
1220 3408 37 17 and
1273 3408 85 18 Pakehas
1370 3408 38 17 and

970 3430 82 18 resulted
1060 3431 20 16 in
1089 3436 10 11 a
1108 3431 38 16 win
1154 3431 29 16 for
1195 3431 32 16 the
1241 3431 57 17 latter
1312 3432 26 21 by
1355 3432 53 16 three

970 3454 69 22 points.
1065 3454 16 16 A
1090 3453 83 22 meeting
1188 3454 20 17 of
1223 3454 32 17 the
1270 3455 48 17 Club
1331 3455 40 17 will
1385 3455 23 16 be

971 3477 44 16 held
1023 3482 25 11 on
1056 3476 94 23 Saturday
1164 3477 57 22 night
1237 3479 21 14 at
1275 3478 51 16 Lake
1343 3476 65 19 House

971 3500 30 16 for
1009 3500 32 16 the
1049 3502 81 19 purpose
1140 3500 19 16 of
1168 3500 90 23 choosing
1275 3500 32 18 the
1322 3501 49 17 team
1389 3502 20 16 to

971 3523 45 22 play
1025 3523 75 22 against
1108 3524 101 22 Tauranga
1223 3529 25 11 on
1262 3523 31 17 the
1310 3524 100 23 following

974 3542 100 26 Saturday.

997 3578 15 17 A
1021 3578 74 17 concert
1103 3577 21 17 in
1136 3577 32 17 aid
1181 3578 20 16 of
1216 3578 34 17 the
1268 3578 67 18 School
1352 3579 58 17 funds

973 3601 38 18 will
1020 3601 43 17 take
1072 3601 52 22 place
1138 3601 19 16 in
1172 3601 32 16 the
1220 3601 85 18 Pukoroa
1322 3601 46 18 Hall
1386 3608 25 11 on

973 3624 117 22 Wednesday
1098 3625 52 16 next.
1181 3624 39 17 The
1234 3625 85 16 children
1332 3625 39 17 will
1386 3627 24 14 oil

973 3648 38 16 this
1020 3647 84 17 occasion
1113 3647 23 17 be
1148 3647 79 17 assisted
1241 3648 26 21 by
1281 3653 51 11 som«
1346 3648 20 17 of
1378 3648 33 17 the

974 3670 54 18 adult
1043 3670 61 17 talent
1121 3670 19 16 of
1155 3671 91 20 Rotorua,
1265 3671 37 16 and
1323 3677 20 11 as
1356 3676 56 17 every

974 3693 81 22 possible
1063 3693 55 17 effort
1126 3693 16 16 is
1149 3693 59 22 being
1218 3693 54 17 made
1280 3694 25 22 by
1314 3694 31 17 Mr
1354 3693 43 18 Web-

974 3717 34 16 ber
1023 3717 19 16 to
1060 3721 65 12 ensure
1145 3721 72 12 success
1238 3717 32 16 the
1288 3717 64 22 public
1368 3723 45 16 may

975 3739 101 22 anticipate
1082 3746 11 10 a
1098 3745 45 16 very
1148 3739 86 22 pleasant
1243 3740 96 22 evening's
1345 3740 55 23 enjoy-

976 3763 58 16 ment.

999 3791 33 17 We
1041 3791 62 19 would
1112 3791 57 22 again
1182 3791 52 17 draw
1244 3791 31 17 the
1284 3791 94 17 attention
1393 3792 19 16 of

976 3814 32 17 the
1016 3815 58 16 Town
1082 3813 63 18 Board
1153 3815 20 16 to
1182 3814 33 17 the
1223 3814 121 22 advisability
1359 3815 19 16 of
1393 3815 20 16 at

977 3843 44 10 onoe
1030 3837 124 22 dismantling
1162 3837 32 17 the
1208 3838 40 16 tree
1262 3837 70 23 guards
1347 3838 20 16 of
1380 3838 33 16 the

976 3859 72 18 barbed
1055 3860 44 16 wire
1108 3860 118 18 attachment
1237 3860 61 18 which
1312 3860 16 17 is
1342 3866 10 11 a
1367 3866 35 12 con-

978 3883 51 17 stant
1045 3888 76 11 menace
1137 3884 20 15 to
1173 3883 123 22 pedestrians,
1307 3883 37 17 and
1362 3890 51 10 more

978 3906 99 22 especially
1097 3906 101 22 strangers,
1218 3912 24 11 on
1268 3906 46 17 dark
1341 3907 72 22 nights.

978 3929 78 17 Various
1065 3934 50 12 cases
1124 3928 47 17 have
1179 3928 48 18 been
1235 3929 88 22 reported
1336 3930 20 16 of
1370 3935 33 17 per-

979 3958 42 12 sons
1030 3952 67 21 falling
1104 3951 39 17 foul
1159 3952 19 16 of
1187 3951 52 18 them
1248 3953 49 16 after
1310 3951 103 23 nightfall;

980 3976 31 16 the
1020 3975 56 17 latest
1084 3971 15 21 is
1108 3975 42 16 that
1160 3975 19 16 of
1187 3975 32 16 Mr
1227 3975 29 17 W.
1267 3975 99 18 Blomfleld
1373 3975 42 18 who

979 3998 83 17 received
1070 4005 11 10 a
1090 3998 105 22 dangerous
1205 3999 32 15 cut
1252 4003 24 12 on
1290 3998 32 17 the
1335 4003 33 18 eye
1383 3999 33 16 the

980 4022 54 16 other
1041 4021 57 22 night
1106 4020 55 18 wheii
1170 4020 24 18 oil
1202 4020 29 18 his
1240 4027 42 16 way
1292 4022 19 16 to
1324 4022 33 16 the
1370 4022 46 16 Post

981 4045 62 16 Office.
1068 4045 39 16 The
1115 4044 59 18 Town
1182 4044 64 16 Board
1255 4050 33 11 can
1298 4045 82 22 scarcely
1393 4045 23 17 bo

967 4073 6 45 i
980 4073 87 11 unaware
1077 4067 19 17 of
1104 4066 32 19 the
1152 4067 38 18 fact
1202 4067 45 17 that
1263 4073 11 11 a
1290 4067 50 23 good
1354 4067 62 18 action

981 4091 29 16 for
1018 4090 89 23 damages
1116 4089 62 19 would
1187 4090 24 17 lie
1220 4090 14 17 if
1243 4096 37 17 any
1288 4096 67 16 person
1368 4096 49 11 wore

981 4113 75 23 injured
1066 4113 24 22 by
1098 4113 45 18 such
1152 4116 71 15 rtieuns.

1454 125 32 16 Mr
1494 125 22 16 E.
1526 125 23 17 R.
1557 125 65 20 Webb,
1630 125 89 17 assistant
1726 124 46 17 road
1778 128 88 18 surveyor

1417 148 1 22 .
1430 148 34 17 has
1481 153 43 12 now
1543 148 104 22 completed
1664 149 32 16 tho
1714 153 67 16 survey
1798 148 20 16 of
1834 148 32 17 the

1430 170 177 23 Waiotapn-Taupo
1616 171 46 17 road
1668 177 20 11 as
1698 172 30 16 far
1736 177 19 11 as
1769 170 32 17 the
1814 167 39 20 Wai-

1429 193 45 17 kato
1484 194 54 17 liver.
1563 194 39 17 Tho
1611 194 45 17 road
1664 194 15 17 is
1688 199 43 11 now
1743 194 65 21 pretty
1823 194 43 16 well

1429 217 72 16 formed
1512 217 29 16 for
1549 224 11 9 a
1569 217 82 17 distance
1665 217 20 17 of
1698 216 36 17 five
1747 216 54 18 miles
1818 216 48 18 from

1428 240 32 16 the
1468 240 87 21 junction
1565 241 20 16 of
1593 240 32 17 the
1634 240 45 17 road
1691 241 21 16 to
1726 240 32 17 tho
1772 238 61 23 sights
1846 241 20 16 at

1429 262 107 22 Waiotapn.
1566 264 31 16 Mr
1614 263 97 17 Warbriok
1724 263 43 17 who
1783 262 33 18 has
1833 262 33 18 the

1419 283 2 25 '
1428 286 85 17 contract
1531 287 29 16 for
1573 286 81 22 bridges,
1670 287 39 20 &c,
1724 286 35 16 has
1771 291 43 11 now
1832 287 34 20 got

1428 309 59 16 about
1497 310 63 18 10,000
1569 309 37 17 feet
1620 309 19 17 of
1655 309 69 17 timber
1740 308 77 22 ulready
1834 309 32 16 cut

1427 331 38 22 and
1482 334 76 20 expects
1574 334 20 16 to
1611 334 47 15 start
1675 332 32 17 the
1722 332 80 17 culverts
1818 333 48 15 next

1428 355 57 16 week.

1450 388 32 17 Mr
1491 389 119 18 Hursthouse
1623 389 35 17 left
1671 390 37 17 last
1722 386 99 24 Thursday
1835 388 30 17 for

1428 411 31 17 tho
1467 417 81 18 purpose
1557 413 21 17 of
1585 412 106 23 inspecting
1708 412 32 16 the
1754 411 52 20 road,
1821 417 44 11 now

1427 434 57 23 being
1500 436 72 16 carried
1587 441 24 12 on
1627 436 25 21 by
1668 436 32 16 Mr
1716 434 93 18 Fairburn
1826 433 38 18 and

1426 459 63 21 party,
1507 458 90 23 designed
1611 460 19 16 to
1644 459 78 16 connect
1739 457 32 17 the
1785 457 79 22 railway

1426 482 91 16 terminus
1526 482 43 17 here
1578 482 45 16 with
1630 481 118 18 Whakatanc
1756 480 108 17 viaßotoiti

1426 504 37 17 and
1472 506 25 16 To
1506 505 56 17 Teko.
1588 504 44 18 This
1644 504 16 16 is
1674 504 33 21 the.
1719 503 46 17 road
1781 503 83 17 referred

1427 529 19 15 to
1455 527 25 22 by
1489 527 32 18 the
1531 528 110 21 deputation
1656 525 61 19 which
1725 526 70 18 waited
1801 532 24 12 on
1830 526 33 17 Mr

1426 550 56 22 Kelly
1499 551 33 16 the
1545 551 54 16 other
1612 550 34 22 day
1662 551 20 15 at
1694 549 118 18 Wiiakatano
1825 549 39 17 and

1426 574 38 16 will
1482 573 106 22 ultimately
1605 574 79 17 connect
1701 573 46 16 with
1764 572 98 18 Gisborne.

1425 596 38 17 The
1470 602 74 16 survey,
1555 602 28 11 we
1592 595 121 21 understand,
1723 596 15 16 is
1752 600 43 12 now
1810 595 44 18 suffi-

1425 619 69 22 ciently
1504 619 30 17 fur
1542 619 95 17 advanced
1646 620 20 16 to
1675 619 68 23 permit
1752 619 21 17 of
1778 619 33 17 the
1816 624 35 12 con-

1425 643 90 16 struction
1526 642 52 17 work
1587 642 56 21 being
1651 642 102 22 proceeded
1764 642 45 17 with
1825 642 38 16 and

1425 671 10 10 a
1444 671 52 16 gang
1506 666 20 16 of
1540 665 125 22 unemployed
1681 671 30 11 are
1729 665 91 22 expected
1837 671 25 16 up

1424 690 46 14 next
1480 688 51 16 week
1540 690 20 14 to
1569 689 44 16 take?
1621 690 42 20 part
1672 689 19 16 in
1697 689 32 16 tho
1739 688 57 16 work.
1821 688 28 16 Na-

1425 711 46 17 tives
1481 711 38 16 will
1528 711 39 17 also
1576 711 23 17 be
1611 711 98 23 employed
1726 716 24 13 oil
1767 711 32 17 the
1816 711 46 17 road

1424 740 20 11 as
1453 734 14 17 it
1476 740 64 16 passes
1548 734 85 23 through
1641 735 50 16 their
1699 730 51 21 land.
1759 730 2 27 ■

1447 771 32 17 Mr
1487 771 26 17 H.
1523 772 92 20 Mitchell,
1626 777 94 16 surveyor,
1730 772 34 16 left
1776 769 86 20 'Rotorua

1424 795 20 15 at
1453 795 32 16 the
1493 794 37 17 end
1539 795 20 16 of
1567 795 37 17 last
1613 794 50 18 week
1673 796 29 16 for
1711 794 77 22 Rotoiti,
1802 792 48 20 Roto-

1424 817 41 21 ehu,
1477 817 37 17 and
1523 818 81 17 Rotoina
1613 819 29 16 for
1650 818 32 17 the
1691 824 81 16 purpose
1781 817 20 18 of
1807 817 44 18 lnak-

1417 840 1 23 ,
1423 840 35 23 iiig
1466 847 10 10 a
1486 840 65 18 sketch
1562 847 67 16 survey
1643 842 20 15 of
1679 842 31 16 the
1724 840 105 19 remainder
1843 842 20 16 of

1423 864 33 16 the
1465 864 68 17 Arawa
1542 864 54 17 lands
1604 864 62 17 which
1674 864 16 17 hj,
1703 870 19 11 >-c
1730 864 35 17 not
1773 865 32 22 yet
1817 870 33 16 pas-

1423 887 33 16 sed
1464 887 33 17 the
1502 887 64 17 native
1575 889 59 15 court.
1660 888 38 16 The
1707 885 57 19 block
1769 887 93 23 proposed

1423 911 21 16 to
1460 910 24 17 be
1500 911 92 21 surveyed
1611 911 85 16 contains
1717 911 59 16 about
1796 911 66 21 50,000

1423 939 51 11 acres
1484 931 83 25 through
1577 934 60 16 which
1646 934 33 17 the
1688 934 45 17 road
1742 936 20 15 to
1771 934 32 17 the
1810 935 52 16 coast

1423 962 42 12 now
1474 956 59 23 being
1541 956 91 23 surveyed
1640 957 25 22 by
1674 957 31 17 Mr
1714 957 93 17 Fairburn
1823 956 40 18 will

1423 986 49 16 pass.
1498 980 39 17 The
1546 981 72 16 natives
1627 981 104 16 concerned
1738 981 20 16 in
1771 981 31 16 the
1809 980 51 19 land,

1423 1003 173 23 notwithstanding
1616 1003 32 17 the
1674 1003 92 17 influence
1786 1003 21 18 of
1828 1003 38 23 the;

1423 1026 200 23 Whakakotahitanga
1632 1028 37 15 and
1678 1027 32 16 the
1720 1024 130 19 Maori3?arlia-

1423 1050 58 20 fiicnt,
1491 1049 48 17 have
1547 1050 116 16 determined
1672 1052 19 15 to
1701 1050 64 16 obtain
1781 1056 11 10 a
1799 1049 49 17 Euro-

1423 1078 48 16 pean
1488 1072 43 17 title,
1547 1074 20 16 to
1581 1073 32 17 the
1626 1073 44 17 land
1684 1073 18 17 in
1718 1073 92 22 question.
1846 1073 16 16 A

1423 1094 127 19 considerable
1559 1096 75 22 portion
1643 1097 20 16 of
1672 1096 37 17 this
1726 1096 45 17 land
1784 1096 15 17 is
1813 1095 39 18 suit-

1423 1118 42 17 able
1474 1118 29 17 for
1512 1119 115 22 agriculture
1639 1119 38 17 and
1692 1120 25 16 its
1735 1118 83 23 opening
1835 1124 27 16 up

1423 1144 51 14 must
1483 1141 47 18 have
1540 1148 10 10 a
1559 1142 96 18 beneficial
1670 1142 54 18 effect
1738 1148 24 11 on
1776 1142 32 17 the
1822 1142 29 16 dis-

1423 1165 49 16 trict.
1507 1165 55 17 After
1581 1165 33 18 Mr
1635 1164 101 19 Mitchell's
1758 1170 67 16 survey
1846 1165 15 17 is

1423 1188 85 21 finished,
1519 1195 11 10 a
1539 1188 63 17 native
1608 1189 43 16 land
1661 1191 54 14 court
1724 1189 38 16 will
1779 1188 23 17 be
1816 1184 46 21 held

1422 1211 18 16 in
1451 1211 90 20 Rotorua,
1556 1211 92 23 probably
1662 1212 59 18 about
1735 1212 81 22 August,
1832 1212 30 16 for

1423 1234 32 17 tho
1471 1240 81 16 purpose
1569 1235 21 17 of
1602 1235 127 22 determining
1742 1235 32 17 the
1785 1239 63 14 owner-

1423 1257 47 23 ship.

1447 1295 18 16 It
1474 1295 15 16 is
1498 1292 78 20 notified
1585 1296 19 15 in
1614 1295 79 18 another
1698 1296 74 17 column
1780 1296 43 16 that
1830 1296 32 17 Mr

1422 1317 18 17 J.
1451 1318 19 16 T.
1482 1318 104 21 Honshaw,
1595 1322 33 14 Son
1639 1319 19 17 of
1667 1320 31 16 Mr
1708 1318 83 18 William
1806 1318 41 18 Hen-

1423 1341 51 17 tdiaw
1481 1342 19 16 of
1506 1341 90 18 Rotorua.
1602 1342 35 16 has
1642 1342 114 16 established
1762 1349 10 9 a
1784 1342 77 22 general

1423 1366 49 15 store
1481 1364 84 18 ncarthe
1570 1365 88 23 junction
1663 1365 21 18 of
1689 1365 32 18 the
1735 1365 125 20 Kakaramea,

1423 1386 78 19 Galatea
1522 1385 38 19 arid
1576 1388 120 23 Wai-o-tapu
1718 1388 55 17 roads
1794 1390 19 15 at
1828 1388 33 17 the

1423 1411 84 21 crossing
1515 1412 21 16 of
1544 1412 32 16 tie;
1585 1411 109 19 Hakitokite
1710 1411 59 19 creek.
1794 1411 68 18 Traffic

1423 1434 58 21 along
1489 1435 37 16 this
1536 1435 37 16 line
1582 1435 19 17 of
1610 1437 53 15 route
1672 1436 34 16 has
1712 1435 93 17 increased
1815 1441 34 11 con-

1423 1457 93 22 siderably
1526 1458 20 17 of
1552 1457 43 18 la'te.
1627 1459 83 16 Tourists
1728 1459 45 16 bent
1787 1464 25 11 on
1827 1464 22 11 ex-

1423 1480 76 23 ploring
1508 1481 32 17 the
1557 1482 84 16 wonders
1655 1482 20 17 of
1689 1482 32 17 the
1738 1482 124 21 Wai-o-tapu

1422 1503 62 23 valley
1494 1504 44 16 with
1548 1505 24 16 its
1585 1510 100 12 numerous
1700 1505 84 17 volcanic
1799 1506 60 19 con'cs,

1423 1527 44 16 mud
1477 1529 75 17 craters,
1569 1528 79 22 sulphur
1661 1528 49 20 falls,
1717 1527 39 18 arid
1773 1530 86 17 terraces,

1423 1548 37 19 will
1467 1548 40 19 find
1516 1551 32 16 the
1558 1551 110 21 Bungalow,
1679 1558 19 10 as
1709 1551 31 18 Mr
1748 1551 113 17 Henshaw's

1422 1574 50 16 store
1480 1573 16 18 is
1504 1574 117 22 designated,
1632 1580 10 11 a
1651 1574 124 18 comfortable
1788 1575 74 22 resting

1422 1597 53 21 place
1491 1597 61 18 where
1566 1598 146 17 entertainment
1726 1598 39 17 will
1778 1598 23 18 be
1815 1604 34 16 pro-

1423 1619 53 18 vided
1487 1621 29 16 for
1524 1621 47 16 both
1581 1627 44 11 man
1634 1621 35 17 and
1676 1622 59 16 beast.
1762 1621 18 17 It
1790 1621 16 17 is
1820 1621 40 17 also

1423 1649 24 10 on
1456 1644 32 16 the
1497 1643 59 18 direct
1565 1644 44 18 road
1619 1645 19 16 to
1647 1645 33 16 the
1686 1645 88 16 Urewera
1780 1646 81 20 country

1423 1666 30 17 via
1461 1666 85 21 Oalate.v,
1557 1667 47 18 whci
1609 1675 9 9 e
1624 1668 95 17 extensive
1726 1668 135 21 road-making

1423 1690 107 22 operations
1545 1697 30 11 are
1590 1694 19 14 at
1623 1692 75 21 present
1712 1691 58 23 being
1788 1691 72 17 carried

1423 1718 30 12 om
1479 1713 67 18 Before
1555 1714 32 17 the
1597 1714 67 17 tourist,
1673 1720 65 11 season
1747 1716 37 15 sets
1793 1715 19 16 in
1825 1713 33 18 ad*

1423 1736 78 17 ditional
1511 1737 161 18 accommodation
1682 1738 38 17 will
1733 1738 22 16 be
1769 1738 89 21 provided

1423 1760 29 16 for
1460 1760 104 22 travellers,
1574 1761 62 17 aulas
1644 1761 13 16 it
1664 1761 15 17 is
1684 1762 34 16 not
1727 1760 84 23 unlikely
1818 1761 40 17 that

1423 1782 31 18 the
1463 1785 77 20 present
1548 1784 44 21 big],
1604 1784 33 17 toll
1643 1784 59 17 levied
1709 1784 24 23 by
1741 1785 32 16 the
1780 1785 78 19 natives,

1423 1806 61 17 which
1493 1807 61 17 deters
1564 1813 56 17 many
1629 1808 48 17 from
1683 1808 78 22 visiting
1767 1808 32 17 the
1808 1807 51 23 place

1423 1830 38 16 will
1482 1830 74 22 shortly
1572 1830 22 17 be
1611 1830 85 22 reduced,
1707 1831 52 16 there
1776 1831 15 16 is
1811 1832 49 15 little

1422 1852 60 18 doubt
1491 1853 42 17 that
1543 1854 30 16 Mr
1582 1854 96 17 Honshaw
1688 1854 36 17 will
1739 1854 22 17 be
1775 1854 42 17 well
1830 1859 20 12 re-

1423 1876 71 22 couped
1503 1877 31 16 for
1542 1877 28 16 his
1580 1877 69 22 outlay.

1509 1905 112 18 WOLFE'S
1633 1895 140 27 'SCHNAPPS

1636 1936 12 11 *

1423 1955 19 17 Is
1451 1961 10 11 a
1466 1954 122 23 wondrously
1594 1960 45 17 pure
1646 1954 98 18 medicinal
1754 1953 104 23 stimulant,

1422 1985 11 10 ::,
1442 1976 92 25 perfectly
1548 1978 75 17 reliable
1639 1978 81 22 remedy,
1736 1978 39 17 and
1790 1985 9 10 a
1815 1984 45 16 very

1422 2001 99 24 agreeable
1536 2001 97 23 beverage.
1667 2002 42 21 Buy
1727 2002 70 17 bottles
1813 1998 47 21 with

1423 2030 94 17 wrappers
1526 2025 66 16 intact.

1446 2054 38 18 Tho
1505 2054 81 22 Library
1606 2054 111 18 Committee
1738 2054 44 17 held
1810 2054 51 17 their

1422 2078 54 17 usual
1493 2077 87 22 monthly
1597 2078 83 21 meeting
1693 2077 37 17 last
1743 2074 119 25 Wednesday

1422 2101 57 21 night
1495 2099 55 18 when
1567 2101 52 16 there
1635 2106 48 11 were
1699 2101 76 21 preheat
1790 2101 71 17 Messrs

1423 2124 79 20 P.ureell,
1521 2123 74 23 (chair),
1611 2120 81 25 Dansey,
1710 2123 78 21 Corlett,
1804 2124 54 18 Kirk,

1422 2147 98 19 Williams,
1532 2148 107 18 Protlieroe,
1649 2146 75 21 Jb'airlio,
1741 2149 117 19 -Neighbour.

1422 2171 43 16 lion,
1473 2171 94 17 treasurer
1572 2169 37 18 and
1616 2169 80 22 Scddon,
1705 2170 43 17 hon.
1759 2172 100 20 secretary.

1422 2190 38 21 The
1468 2192 89 19 financial
1566 2193 101 18 statement
1676 2193 76 17 showed
1759 2193 43 17 that
1811 2194 51 16 after

1421 2216 73 23 paying
1510 2217 33 16 the
1556 2217 88 17 accounts
1653 2216 66 22 passed
1729 2218 20 15 at
1801 2219 49 14 lhcet-

1422 2240 34 21 ing
1465 2240 52 17 there
1526 2246 38 11 was
1573 2246 11 10 a
1593 2239 58 17 credit
1660 2239 77 17 balance
1747 2240 19 16 of
1776 2239 37 18 £l(>

1425 2263 38 21 lf>.d.
1478 2263 16 17 A
1503 2263 56 17 letter
1568 2268 38 12 was
1615 2263 44 16 read
1668 2263 49 17 from
1721 2263 34 17 the
1759 2263 101 18 Premier's

1422 2284 52 20 office
1484 2286 19 17 in
1512 2286 68 21 regard
1589 2287 19 16 to
1623 2286 31 17 the
1668 2288 58 19 grant,
1742 2286 75 23 applied
1832 2287 29 16 for

1420 2310 85 16 ■towards
1521 2310 71 21 repairs
1602 2309 10 17 t
1621 2309 4 22 >
1641 2309 32 18 tho
1690 2310 86 21 Reading
1793 2310 67 21 Room-,

1423 2333 37 17 and
1468 2333 33 17 the
1510 2333 93 22 secretary
1613 2333 61 17 stated
1683 2333 43 17 that
1739 2333 20 17 in
1771 2333 55 17 order
1841 2335 20 15 to

1422 2357 119 21 prevent.the
1551 2357 69 16 matter
1628 2356 58 20 being
1694 2356 37 17 lost
1740 2355 51 24 sight
1804 2357 19 16 of
1837 2357 24 16 he

1423 2378 45 21 had.
1481 2380 76 16 written
1576 2381 19 15 to
1609 2380 34 16 tho
1661 2380 84 17 Colonial
1764 2380 98 22 Secretary

1424 2404 18 16 to
1452 2403 62 17 whose
1524 2403 118 22 department
1651 2403 16 17 it
1675 2402 37 18 had
1718 2403 46 17 been
1772 2403 88 18 referred.

1423 2423 43 20 This
1475 2426 63 17 action
1547 2431 38 11 was
1594 2426 95 22 approved
1698 2426 25 23 by
1733 2427 31 16 the
1774 2427 74 16 commit-

1423 2451 35 16 tee.
1484 2449 40 18 Mrs
1538 2449 90 17 Andrews
1642 2450 58 17 wrote
1715 2450 96 21 resigning
1828 2449 34 18 her

1423 2473 81 21 position
1520 2478 20 12 as
1555 2472 94 18 caretaker
1665 2473 23 16 oh
1703 2475 79 14 account
1797 2474 19 16 of
1829 2473 24 17 ill-

1422 2496 71 18 health.
1519 2496 29 17 On
1559 2496 31 17 the
1599 2495 71 18 motion
1680 2496 19 16 of
1713 2496 31 16 Mr
1755 2496 76 22 Dansey
1846 2496 16 18 it

1423 2525 37 11 was
1470 2519 84 17 resolved
1563 2519 41 17 that
1614 2519 31 16 the
1661 2519 115 22 resignation
1792 2519 22 18 bo
1828 2526 22 10 ac-

1423 2542 66 22 cepted
1498 2542 38 17 and
1545 2542 31 17 the
1587 2543 92 21 secretary
1686 2548 37 11 was
1729 2542 105 18 instructed
1842 2544 19 15 to

1423 2566 52 17 write
1496 2567 20 16 to
1538 2566 40 16 Sirs
1598 2565 91 17 Andrews
1706 2566 106 22 regretting
1828 2566 34 17 the

1423 2595 54 11 cause
1487 2589 20 17 of
1519 2588 34 18 her
1567 2588 97 23 resigning
1678 2588 32 18 the
1724 2588 66 18 duties.
1823 2589 39 17 The

1423 2612 112 17 caretaker's
1543 2613 80 16 account
1632 2612 112 22 amounting
1754 2614 19 14 to
1787 2613 22 16 £1
1832 2614 30 15 lis

1423 2635 24 18 3d
1455 2641 38 12 was
1502 2635 67 22 passed
1578 2635 30 18 for
1613 2636 91 22 payment
1713 2635 35 16 and
1761 2635 31 19 the
1802 2640 50 13 secre-

1423 2661 42 20 tary
1474 2663 39 12 Was
1526 2658 104 17 instructed
1644 2660 19 15 to
1681 2658 54 17 make
1754 2660 108 21 temporary

1423 2683 143 20 arrangements
1593 2682 29 16 for
1638 2681 32 18 tho
1689 2681 88 24 cleaning
1794 2682 19 18 of
1830 2682 32 17 the

1423 2705 86 17 institute
1518 2705 20 16 in
1546 2705 32 17 the
1587 2705 106 17 meantime.
1719 2705 31 16 Mr
1759 2705 103 17 Protlieroe

1423 2728 101 17 consented
1534 2729 19 16 to
1562 2730 32 15 act
1606 2734 20 11 as
1639 2728 99 17 Librarian
1753 2729 85 22 pending
1852 2734 10 11 a

1423 2753 111 21 permanent
1543 2752 132 23 arrangement
1685 2752 58 21 being
1752 2752 59 16 made.
1846 2752 16 17 A

1423 2775 150 17 conversational
1581 2775 104 17 discussion
1694 2780 52 12 arose
1763 2781 20 11 as
1796 2776 20 16 to
1830 2775 32 17 the
1865 2775 1 17 !

1423 2798 153 17 discontinuance
1586 2798 19 17 of
1620 2799 69 16 certain
1698 2804 68 16 papers
1779 2798 37 17 and
1830 2798 33 17 the

1423 2821 124 18 substitution
1556 2821 20 17 of
1585 2821 61 17 others
1656 2821 35 16 but
1698 2821 83 22 nothing
1786 2821 76 17 definite

1424 2851 37 10 was
1468 2844 49 17 done
1530 2844 20 17 in
1567 2844 31 17 the
1616 2845 73 16 matter.
1724 2844 54 17 Some
1795 2845 68 22 purely

1424 2868 68 16 formal
1512 2868 85 16 business
1614 2868 72 21 having
1701 2867 47 17 been
1767 2867 95 17 discussed

1417 2890 1 23 .
1424 2891 32 17 the
1465 2891 83 22 meeting
1654 2890 13 18 1.
1693 2891 73 16 Should
1781 2896 12 11 a
1808 2891 45 17 satis-

1425 2915 73 21 factory
1507 2915 54 21 reply
1569 2914 23 17 be
1601 2914 83 17 received
1693 2914 49 17 from
1751 2914 32 17 the
1793 2914 58 17 Colon-

1424 2938 25 16 ial
1470 2937 114 22 Secretary's
1604 2937 120 22 department
1744 2937 64 17 before
1832 2938 31 16 the

1424 2962 47 16 next
1491 2961 76 22 regular
1585 2961 82 22 meeting
1684 2966 10 11 a
1710 2960 70 22 special
1796 2961 68 22 sitting

1426 2985 37 15 will
1472 2984 23 16 be
1505 2983 100 17 cohvOncd.

1889 125 16 19 A
1921 125 230 19 MUCH-TRAVELLED
2155 125 169 19 COMMISSION.

1917 170 176 19 GrLOBE-TROTTIird
2107 176 56 13 WITH
2176 177 11 12 A
2198 177 95 12 rUHPOSE.

1912 203 86 18 America
2006 203 16 18 is
2030 204 32 16 the
2070 203 117 23 birth-placo
2204 205 19 16 of
2239 204 85 22 gigantic

1888 227 118 21 enterprises;
2016 227 20 16 of
2044 226 117 23 stupendous
2169 227 58 20 ideas,
2236 227 20 16 in
2273 233 39 11 com-

1888 250 66 20 moi'cd,
1963 250 22 16 in
1992 250 33 17 the
2033 250 39 17 arts
2081 250 38 17 and
2126 250 21 16 in
2164 250 66 17 science
2231 250 3 20 l
2237 250 3 20 ,
2256 250 37 17 and
2309 250 15 17 it

1888 278 15 12 is
1912 273 23 16 ori
1949 274 80 16 account
2041 273 21 17 of
2075 273 32 17 the
2122 274 87 20 progress
2223 273 20 17 of
2255 279 35 11 one
2305 274 19 16 of

1888 295 52 17 tliosc
1948 295 51 23 huge
2008 295 135 23 undertakings
2153 295 43 18 that
2208 301 28 12 wo
2250 302 31 11 are
2294 296 20 17 in-

1888 318 68 17 debted
1965 319 30 18 for
2010 319 32 16 the
2058 318 45 17 visit
2119 320 21 15 to
2157 319 32 16 the
2206 319 42 17 Hot
2263 319 61 17 Lakes

1888 341 73 17 district
1975 342 19 16 of
2001 342 31 17 the
2041 342 92 16 members
2142 342 20 16 of
2176 342 33 16 the
2225 342 97 17 American

1887 363 154 25 Transportation
2056 365 129 17 Commission.
2215 365 39 17 The
2267 365 42 17 Com-

1887 388 75 17 mission
1972 388 99 22 comprises
2084 388 64 22 Major
2157 388 115 23 -Paiigborn,
2286 388 38 17 and

1886 410 70 19 Messrs
1965 412 20 16 C.
1995 411 21 17 F.
2028 411 66 21 Street,
2105 411 29 17 W.
2143 411 26 17 H.
2184 410 89 22 Jackson,
2285 411 38 17 and

1886 433 26 17 H.
1928 433 20 18 F;
1964 433 109 21 Stevenson,
2089 434 38 17 and
2142 435 52 16 these
2209 431 112 25 gentlemen,

1886 457 133 22 accompanied
2035 457 25 23 by
2077 457 70 18 Messrs
2169 457 67 19 Grant,
2250 457 73 17 district

1886 479 61 18 traffic
1955 486 95 17 manager,
2061 480 105 17 Auckland,
2180 480 38 17 and
2227 481 26 16 11.
2264 480 47 17 Jack-

1886 508 39 15 son,
1935 504 111 18 locomotive
2055 503 94 23 engineer,
2159 503 122 23 Wellington,
2292 509 20 11 ar-

1886 526 52 18 rived
1954 527 19 17 in
1986 527 123 19 Rotorua..on
2126 527 71 21 Friday
2213 526 56 22 night
2284 526 39 17 and

1888 550 76 21 (00k.up
1975 549 48 18 their
2099 550 21 17 at
2128 549 33 18 the
2170 549 70 23 Geyser
2250 549 71 19 House,

1886 572 177 21 Whakai'ewarewa,
2078 572 62 18 where
2155 573 46 22 they
2215 577 48 12 were
2276 572 46 23 duly

1884 595 122 18 interviewed
2015 596 25 21 by
2049 602 11 11 a
2072 593 238 24 CHitoxici/Erepfescuta-

1887 618 2 23 i
1896 619 33 17 ive.
1955 619 30 17 Mm
1988 619 6 22 j
2005 624 13 12 ir
2027 619 102 22 Pangbox-n
2140 618 103 18 submitted
2256 619 20 17 to
2289 618 32 18 the

1886 641 61 18 ordeal
1957 648 20 11 as
1987 643 18 16 to
2014 642 32 17 the
2056 647 77 12 manner
2145 642 54 18 born,
2215 642 96 17 interview-

1884 665 34 22 ing
1926 664 58 23 bping
1997 671 22 11 an
2034 665 108 17 institution
2156 665 19 17 of
2192 665 32 17 the
2239 664 82 24 glorious

1885 685 91 26 Republic
1985 688 20 18 of
2015 688 58 17 \vhich
2084 687 23 18 he
2116 688 15 17 is
2141 694 9 10 a
2161 688 73 21 worthy
2248 688 71 18 citizen.

1885 711 23 17 In
1916 711 69 23 regard
1993 713 20 15 to
2022 711 31 17 the
2063 711 62 22 object
2132 712 20 16 of
2160 711 32 18 the
2198 711 123 18 Commission

1884 734 17 17 it
1908 740 45 16 may
1960 734 24 19 bo
1992 734 63 17 stated
2062 734 43 17 that
2117 734 64 17 before
2195 734 32 18 the
2241 734 80 18 World's

1884 757 45 17 Fair
1937 759 20 15 at
1966 757 82 23 Chicago
2056 758 20 16 in
2087 753 44 22 189$
2141 763 37 11 was
2187 758 83 21 brought
2281 759 20 15 to
2310 764 11 10 a

1885 780 48 18 close
1942 780 15 17 it
1965 782 39 15 \vaTs
2012 780 82 21 decided,
2104 781 20 16 ill
2137 781 48 17 view
2199 780 21 18 of
2234 780 31 18 the
2283 782 38 16 fact

1884 803 42 18 that
1936 803 31 17 the
1976 804 155 22 Transportation
2142 803 125 23 Department
2276 810 33 11 con-

1884 826 64 18 tained
1968 827 32 17 the
2016 827 81 17 choicest
2114 827 38 17 and
2169 829 49 15 most
2234 826 87 18 valuable

1884 849 81 18 exhibits
1975 850 18 17 in
2002 850 68 21 regard
2079 852 19 15 to
2107 849 78 24 railway
2195 852 77 15 matters
2279 850 42 17 that

1884 873 31 17 the
1925 873 59 17 world
1993 873 55 18 could
2056 873 84 23 possibly
2154 873 88 23 produce,
2258 875 20 15 to
2292 879 19 11 se-

1884 902 43 11 cure
1936 896 52 17 these
1997 896 37 17 and
2048 896 58 17 found
2121 899 21 14 at
2156 897 83 20 Chicago
2255 902 10 11 a
2277 902 33 16 per-

1884 921 77 16 manent
1974 920 87 16 Museum
2072 920 20 17 of
2105 920 33 16 the
2151 919 81 17 World's
2248 920 73 21 System

1884 943 20 17 of
1924 943 161 22 Transportation.
2111 943 25 17 Of
2157 943 38 17 this
2212 943 109 17 institution

1884 966 61 17 which
1961 966 16 17 is
1994 967 20 16 of
2031 972 64 11 course
2110 972 51 11 more
2184 966 47 17 than
2248 972 8 10 a
2272 972 49 11 mere

1882 990 87 15 Vaiiseum
1986 986 63 25 Major
2066 988 103 24 Parigborn
2190 989 16 16 is
2227 988 94 23 honorary

1884 1012 86 17 director.
1996 1013 26 15 To
2032 1014 84 20 promote
2125 1012 32 17 the
2167 1012 72 22 objects
2248 1012 19 16 in
2274 1012 47 17 view

1884 1035 37 17 and
1930 1037 20 15 to
1959 1035 43 21 give
2010 1035 32 17 the
2052 1037 106 15 movement
2166 1041 24 11 an
2199 1035 82 22 impetus
2290 1035 31 17 Mr

1884 1058 92 17 Marshall
1985 1058 57 18 Field,
2054 1065 10 10 a
2073 1058 83 23 wealthy
2165 1059 98 16 American
2272 1064 36 11 mer-

1884 1082 63 18 chant,
1957 1087 47 16 gave
2013 1087 12 11 a
2037 1078 72 21 million
2126 1081 70 18 dollars
2213 1075 107 29 (£*60,600)

1884 1104 36 17 and
1935 1111 11 10 a
1959 1104 71 18 similar
2042 1108 42 14 sum
2098 1110 40 12 was
2151 1104 83 18 donated
2246 1105 26 22 by
2288 1104 33 18 the

1884 1127 86 17 Pullnian
1982 1129 102 21 Coiu'panv.
2110 1127 60 19 Other
2187 1127 134 23 subscriptions

1882 1150 68 18 flowed
1958 1151 20 16 in
1986 1151 29 16 till
2025 1157 10 10 a
2044 1146 47 23 trial
2100 1151 21 17 of
2129 1145 108 27 5?,550,06'0
2251 1145 70 23 dollars

1884 1180 37 11 was
1931 1174 66 20 raise;],
2008 1180 24 11 an
2040 1174 61 22 ample
2111 1181 41 10 sum
2162 1177 20 14 to
2191 1180 53 17 carry
2254 1176 32 15 out
2295 1174 26 17 all

1882 1198 33 16 the
1932 1197 72 22 objects
2021 1197 19 17 of
2057 1198 31 16 the
2108 1198 115 16 institution.
2257 1197 23 18 In
2296 1198 25 16 its

1882 1221 87 17 interests
1980 1221 31 16 the
2019 1221 76 22 present
2103 1221 124 18 Commission
2233 1221 34 16 has
2274 1221 46 16 been

1883 1245 42 16 sent
1942 1246 39 17 out,
1995 1244 37 17 and
2041 1244 63 21 Major
2118 1244 104 22 Pangbom
2238 1244 38 17 and
2291 1244 30 17 his

1883 1266 100 19 associates
1996 1272 31 12 arc
2043 1273 43 11 now
2102 1267 88 22 engaged
2201 1267 25 22 .in
2242 1267 68 18 investi-

1884 1291 68 22 gating
1961 1291 31 16 the
2001 1294 86 18 progress
2100 1291 38 16 and
2155 1290 131 22 development
2302 1292 19 16 of

1883 1313 32 18 the
1924 1320 63 10 means
1999 1314 22 16 'of
2034 1314 148 22 transportation
2197 1313 25 22 by
2236 1314 34 17 rail
2283 1314 37 17 and

1884 1337 105 16 steamboat
1998 1337 118 20 throughout
2123 1337 34 16 the
2166 1336 65 17 world.
2257 1336 19 17 It
2281 1337 40 17 will

1883 1360 45 18 thus
1936 1360 24 18 bo
1968 1361 41 17 seen
2024 1360 41 16 that
2078 1360 52 16 what
2143 1366 39 11 was
2196 1359 89 24 designed
2300 1367 20 11 as

1883 1383 71 22 merely
1962 1390 11 10 a
1990 1384 107 21 temporary
2114 1383 155 17 exhibition—an
2285 1384 23 17 ad-

1883 1407 55 22 junct
1954 1407 20 16 of
1990 1407 32 16 the
2038 1407 54 21 great
2116 1406 82 17 World's
2219 1406 102 18 Fair—has

1883 1435 66 17 grown
1958 1430 40 16 into
2011 1436 12 10 a
2036 1430 111 22 permanent
2161 1430 108 16 insiitutivni
2283 1431 37 16 and

1883 1459 34 11 one
1928 1453 59 17 which
1997 1452 89 23 promises
2095 1454 20 16 to
2128 1453 23 17 be
2166 1453 21 17 of
2199 1452 59 18 world
2273 1454 48 16 wide

1882 1477 79 16 iniercst
1969 1476 37 16 and
2016 1477 110 15 usefulness.
2160 1473 160 25 Correspondents

1882 1499 66 18 versed
1964 1499 19 17 in
2001 1499 78 23 railway
2095 1499 38 17 and
2150 1499 58 20 other,
2222 1498 61 19 modes
2302 1501 19 15 of

1883 1523 69 16 transit,
1960 1528 30 11 are
2000 1522 57 21 being
2072 1522 76 17 secured
2162 1523 19 16 in
2196 1522 24 18 ail!
2234 1524 52 21 parts
2302 1524 19 15 of

1883 1546 32 16 the
1924 1546 59 17 world
1999 1546 35 16 and
2055 1546 30 16 the
2101 1546 73 20 insight
2191 1545 45 18 thus
2253 1546 67 22 gained

1883 1569 44 18 into,
1933 1569 148 22 transportation
2090 1570 78 16 matter.;
2174 1569 38 17 wilil
2218 1569 23 16 be
2248 1570 60 16 formu-

1883 1591 51 18 lated
1942 1592 19 17 in
1971 1598 11 11 a
1990 1591 76 18 definite
2075 1598 79 11 manner
2158 1593 27 21 by
2190 1592 33 18 the
2239 1593 82 17 resident

1883 1615 71 18 officer's
1974 1615 21 23 pf
2011 1615 38 20 the.
2055 1615 88 18 institute
2151 1615 21 17 in
2180 1615 87 18 America
2283 1616 38 17 and
2327 1615 1 23 ;

1882 1637 63 18 issued
1954 1638 120 22 periodically
2084 1638 18 18 in
2112 1638 32 18 the
2150 1638 56 23 shape
2215 1639 19 17 of
2241 1640 78 21 reports.

1884 1661 19 18 It
1911 1668 45 14 goes
1965 1662 81 16 without
2055 1662 67 22 saying
2131 1662 43 16 that
2183 1661 51 18 those
2248 1664 73 20 reports

1881 1685 40 17 Nvill
1930 1685 23 16 be
1966 1685 109 22 immensely
2089 1685 120 22 appreciated,
2222 1685 25 22 by
2261 1685 60 18 traffic

1883 1707 76 18 ofKciali-i
1977 1708 116 23 throughout
2117 1708 32 17 iho
2269 1708 50 19 Each

1884 1732 80 16 member
1975 1732 19 16 of
2003 1731 31 18 the
2044 1731 124 18 Commission
2176 1732 17 16 is
2202 1738 11 10 a
2227 1732 94 22 specialist

1883 1755 19 17 in
1910 1755 30 16 his
1949 1760 41 11 own
2006 1755 36 16 line
2057 1755 36 16 and
2102 1755 26 16 all
2145 1760 49 12 were
2211 1755 68 17 chosen
2296 1762 23 10 on

1883 1779 79 17 account
1972 1778 19 17 of
2001 1778 48 17 their
2058 1778 88 22 practical
2157 1779 109 21 experience!
2283 1779 37 16 and

1884 1801 110 23 knowledge
2013 1802 20 16 of
2049 1801 93 17 technical
2159 1797 64 21 detail
2257 1798 64 26 Major

1884 1824 101 23 P.mgbom
2008 1825 47 16 from
2073 1825 28 16 his
2123 1825 70 16 former
2210 1825 109 18 connection

1884 1843 44 22 v.itli
1947 1848 31 17 the
1988 1847 109 21 .Baltimore
2114 1847 38 18 and
2169 1848 49 17 Ohio
2236 1848 84 23 Railway

1883 1871 99 22 Company
1989 1871 16 18 is
2018 1871 117 21 thoroughly
2148 1871 113 23 acquainted
2275 1872 54 21 with;

1883 1892 77 24 railway
1969 1894 91 20 matters';
2074 1894 31 17 Mr
2115 1896 60 15 Street
2185 1895 15 16 is
2215 1901 8 10 a
2238 1896 83 17 member

1884 1920 18 14 oi
1917 1917 32 17 the
1964 1917 97 18 American
2076 1917 70 22 Society
2168 1919 19 15 of
2206 1919 113 17 Mechanical

1883 1941 104 22 Engineers
1996 1940 38 17 and
2042 1941 33 16 bus
2089 1941 38 16 had
2142 1941 55 17 much
2209 1941 112 23 'experience

1883 1964 18 17 in
1912 1964 76 22 railway
1999 1964 59 24 work;
2077 1964 32 17 Mr
2125 1964 90 20 Jackson,
2231 1965 89 23 formerly

1882 1986 80 24 holding
1979 1993 23 11 an
2020 1987 66 17 official
2103 1988 133 21 appointment
2253 1988 19 17 in
2288 1989 33 17 the

1884 2011 127 16 Government
2028 2011 142 22 Photographic
2189 2011 130 22 Department,

1884 2039 37 11 was
1935 2033 88 23 specially
2037 2033 80 18 detailed
2133 2035 30 16 for
2179 2035 38 16 this
2232 2035 87 21 journey,

1883 2057 36 16 and
1930 2057 39 16 that
1981 2057 28 16 his
2018 2058 52 15 office
2079 2057 14 16 is
2102 2063 25 10 no
2142 2057 83 18 sinecure
2239 2064 44 16 may
2297 2059 22 16 lie

1883 2080 72 23 judged
1964 2081 25 18 by
1996 2081 33 16 the
2037 2081 39 16 fact
2084 2080 43 17 that,
2135 2080 24 17 he
2168 2081 34 16 has
2211 2081 57 17 taken
2277 2087 44 11 over

1883 2103 53 21 4,000
1945 2103 87 17 different
2040 2103 131 22 photographs
2185 2104 49 16 since
2248 2104 24 17 he
2284 2105 37 17 left

1883 2127 32 16 the
1924 2126 67 17 States.
2017 2126 32 17 Mr
2058 2126 103 20 StoVdnson
2169 2127 40 17 acts
2218 2133 20 12 as
2251 2129 68 16 secret-
2326 2126 1 20 ■

1883 2155 33 16 ary
1929 2151 36 15 and
1980 2149 104 18 shorthand
2100 2150 64 16 writer
2180 2153 21 14 to
2215 2150 32 17 the
2263 2154 47 14 (.;om-

1883 2173 81 17 missioit.
1990 2173 40 17 The
2037 2174 56 21 party
2107 2173 38 17 will
2159 2173 23 17 be
2195 2173 65 22 joined
2273 2174 48 17 later

1883 2202 24 11 on
1915 2195 26 24 by
1950 2196 32 17 Mr
1989 2196 93 17 Winchell
2091 2196 42 17 who
2143 2202 38 11 was
2192 2197 58 17 taken
2263 2197 20 17 ill
2298 2204 23 10 en

1883 2220 59 20 routfe,
1950 2219 40 18 'and
1999 2220 14 16 is
2023 2225 42 11 now
2074 2220 77 22 staying
2165 2220 44 17 with
2225 2220 31 17 Mr
2268 2221 39 16 Mar-

1883 2243 27 17 tin
1920 2242 32 18 the
1960 2242 122 18 well-known
2096 2243 90 21 engineer
2203 2244 19 16 of
2239 2243 80 20 Gawler,

1884 2267 58 16 South
1953 2266 101 16 Australia.
2080 2266 62 17 Lieut.
2152 2267 73 21 Logan,
2241 2267 88 20 another,

1884 2289 87 18 member,
1982 2288 37 19 will
2029 2289 39 22 join
2076 2289 20 17 in
2107 2289 66 18 China.

1907 2313 38 16 The
1954 2313 123 16 Commission
2087 2312 35 18 left
2131 2312 47 18 New
2185 2312 54 18 York
2246 2320 24 11 on
2277 2313 43 18 25th

1884 2336 51 22 Sept.
1947 2336 50 20 1894,
2007 2336 112 21 proceeding
2129 2337 20 15 to
2158 2336 90 21 England
2260 2337 61 16 where

1884 2365 50 12 sotne
1943 2359 44 17 time
2005 2365 37 11 was
2059 2360 55 21 spent
2130 2359 20 17 in
2166 2359 107 24 inspecting
2289 2360 32 18 the

1884 2383 73 16 various
1967 2384 79 20 systems
2055 2383 19 16 of
2084 2382 78 22 railway
2176 2383 61 17 which
2255 2383 66 23 spread

1883 2406 36 17 like
1929 2406 50 20 huge
1988 2406 76 22 spiders'
2075 2405 49 18 webs
2132 2406 49 17 from
2187 2406 86 18 different
2281 2413 27 11 me-

1884 2428 101 23 tropolitan
1996 2430 77 19 centres,
2084 2428 37 17 and
2130 2430 76 16 enmesh
2221 2429 31 18 the
2262 2430 59 17 whole

1884 2453 20 17 of
1912 2452 32 18 the
1956 2452 68 18 United
2034 2450 102 23 Kingdom.
2165 2453 17 16 It
2191 2458 43 16 may
2249 2453 42 17 well
2299 2453 23 17 be

1884 2475 94 23 supposed
1981 2475 211 23 thatEngland--theci
2193 2475 1 23 -
2194 2475 43 19 adlo
2241 2477 20 17 of
2263 2477 59 17 steam

1881 2500 115 16 locomotion
2018 2505 42 10 -was
2069 2498 19 18 of
2097 2499 111 23 surpassing
2216 2500 79 17 interest
2302 2501 20 16 to

1884 2522 52 18 these
1945 2522 89 23 practical
2042 2522 80 16 visitors.
2151 2522 91 24 Through
2251 2524 71 16 France

1884 2547 19 17 to
1912 2545 33 17 the
1954 2545 63 18 shores
2035 2550 18 12 01
2070 2545 32 17 the
2119 2545 158 19 Mediterranean,
2290 2547 33 17 the

1884 2570 75 17 tideless
1968 2574 31 11 sea
2007 2569 37 16 wiis
2055 2569 79 19 crossed,
2144 2569 38 16 and
2189 2569 31 17 the
2227 2570 96 20 travellers

1884 2592 108 18 debouched
2002 2593 25 19 oh.
2035 2592 32 17 the
2075 2592 56 17 north
2148 2594 52 15 coast
2215 2593 19 16 of
2248 2593 73 17 Africa:

1885 2617 93 18 Morocco,
1989 2615 72 21 Algiers
2067 2616 38 16 and
2112 2616 57 16 Tunis
2176 2616 58 22 being
2240 2621 72 13 success-

1884 2640 50 21 ively
1943 2639 48 17 their
2007 2638 154 22 halting-places.
2196 2639 52 17 Then
2264 2645 24 11 on
2303 2641 20 16 to

1885 2663 70 23 Egypt,
1966 2661 84 21 through
2059 2661 32 17 the
2100 2661 41 18 Red
2156 2662 34 17 Sea
2208 2662 37 17 and
2262 2669 61 11 across

1884 2686 32 18 the
1927 2686 67 17 Indian
2004 2685 61 16 Ocean
2074 2686 19 15 to
2101 2684 88 23 Ceylon's
2197 2686 64 22 happy
2277 2686 33 17 isle
2319 2684 3 24 :

1884 2710 67 16 thence
1959 2710 21 16 to
1988 2708 86 22 Tanjoro,
2085 2708 49 17 from
2143 2708 61 18 which
2216 2708 53 23 place
2279 2710 44 21 they

1885 2731 96 22 travelled.
1985 2732 52 20 8,000
2046 2731 53 17 miles
2107 2731 27 22 by
2145 2732 35 16 rail
2197 2731 82 24 through
2291 2733 32 16 the

1885 2756 69 17 Indian
1961 2752 1 25 ,
1970 2752 82 25 Empire,
2067 2754 99 22 including
2183 2755 139 18 Belooeh'istan.

1885 2779 126 22 Afghanistan
2018 2778 38 16 and
2063 2778 105 17 Cashmere.
2183 2778 51 17 Next
2239 2779 84 22 through

1885 2803 31 16 the
1926 2801 89 22 Punjaub
2029 2801 25 22 by
2074 2801 57 17 Delhi
2147 2801 38 17 and
2204 2801 119 17 Lucknow—

1884 2824 115 19 memorable
2015 2825 57 21 spots,
2091 2830 46 11 even
2154 2826 20 16 to
2191 2824 109 18 American's

1886 2849 44 22 they
1939 2848 72 17 arrived
2024 2848 19 17 in
2060 2848 93 17 Calcutta.
2187 2844 89 26 Crossing
2292 2849 32 16 the

1886 2871 41 24 Bay
1935 2872 20 17 of
1962 2868 80 26 Bengal,
2051 2870 95 23 Rangoon
2151 2870 20 18 in
2187 2871 70 17 British
2275 2872 36 17 Bur-

1886 2895 42 18 mah
1940 2894 128 21 was.reached
2086 2893 38 17 and
2140 2894 46 17 then
2203 2895 32 16 the
2249 2895 75 17 various

1886 2919 62 23 points
1957 2918 20 17 of
1985 2918 78 16 interest
2070 2917 60 17 about
2138 2917 32 17 the
2178 2917 67 18 Straits
2255 2918 59 17 Settle-

1886 2943 67 18 ments,
1962 2940 99 22 including
2069 2940 80 22 Ponahg
2160 2940 38 17 and
2213 2940 104 24 Sihgapore
2317 2954 6 11 ;

1886 2966 26 16 At
1920 2962 79 20 Bankok
2008 2964 45 21 they
2062 2963 59 17 found
2130 2964 43 16 that
2187 2964 33 16 the
2236 2964 53 21 King
2305 2966 19 16 of

1887 2988 56 18 Siam,
1954 2988 62 16 whose
2029 2992 32 12 son
2069 2986 16 17 is
2093 2992 44 11 now
2145 2987 58 22 being
2208 2987 92 17 educated
2305 2988 19 17 in

1886 3011 96 21 England,
1991 3011 16 16 is
2015 3010 59 17 about
2088 3009 116 23 completing
2222 3011 33 16 ISO
2272 3009 52 20 miles

1887 3035 19 16 of
1914 3034 78 21 railway
1999 3034 19 17 of
2025 3033 31 17 the
2063 3032 91 17 standard
2161 3039 69 16 gauge.
2244 3034 23 16 In
2276 3034 48 17 Java

1887 3058 31 19 the
1928 3057 76 22 railway
2013 3058 70 20 system
2091 3056 80 17 extends
2176 3060 45 13 over
2230 3057 33 16 800
2272 3057 52 17 miles
2333 3056 1 23 I

1887 3081 37 17 and
1933 3081 32 16 the
1975 3079 92 22 civilising
2075 3078 92 18 influence
2176 3079 20 17 of
2205 3080 52 16 these
2270 3081 41 17 mod-

1887 3110 32 11 ern
1929 3103 61 17 works
2000 3109 23 11 on
2032 3103 32 16 the
2071 3102 68 27 atopic
2148 3103 15 16 is
2173 3104 49 15 most
2239 3103 84 18 marked.

1887 3128 39 16 The
1935 3127 47 16 Bala
1990 3132 61 17 group
2060 3126 65 16 orrtho
2134 3126 41 16 east
2189 3127 52 16 coast
2249 3127 20 16 of
2277 3126 48 18 Java

1888 3156 38 17 was,
1934 3149 81 18 touched
2024 3149 37 17 and
2073 3149 32 17 the
2122 3154 101 13 numerous
2237 3150 55 17 other
2300 3150 24 17 is--

1887 3173 55 17 lands
1950 3173 61 16 which
2021 3171 43 18 stud
2081 3172 32 17 the
2130 3178 57 11 ocean
2202 3173 86 17 onwards
2305 3175 20 15 to

1889 3197 35 20 the.
1929 3195 108 18 Australian
2046 3196 56 16 coast.
2137 3195 55 17 After
2208 3196 52 17 West
2276 3196 36 18 Aus-

1888 3214 56 23 tralia
1953 3225 37 11 was
2006 3218 68 18 visited
2090 3218 32 18 the
2140 3218 59 18 South
2218 3218 107 18 Australian

1889 3243 70 22 system
1968 3249 38 10 was
2026 3241 95 17 traversed
2136 3242 54 20 .from
2207 3242 89 17 Adelaide
2306 3244 19 16 to

1889 3267 47 17 Port
1943 3265 56 20 Pirie,
2009 3265 38 17 and
2056 3265 31 16 the
2095 3265 59 16 break
2162 3265 19 17 of
2187 3271 62 15 gauge
2256 3266 59 17 atTer-

1890 3289 46 18 owie
1945 3289 45 21 duly
2000 3288 117 18 commented
2131 3294 30 11 on.
2194 3288 75 17 Broken
2285 3289 41 17 Hill

1890 3319 38 10 was
1936 3313 34 16 not
1979 3317 25 11 on
2011 3312 50 16 their
2074 3312 132 21 programme,,
2211 3312 61 17 which
2289 3317 37 12 was

1890 3336 123 16 unfortunate
2022 3340 19 11 as
2050 3335 52 16 there
2110 3334 46 22 they
2165 3334 63 17 would
2236 3335 48 17 have
2289 3336 39 16 met

1892 3358 46 18 with
1948 3365 11 10 a
1966 3358 49 22 bevy
2024 3358 19 16 of
2052 3357 99 17 American
2160 3357 116 18 electricians
2290 3358 37 17 and

1891 3382 97 21 engineers
1997 3381 45 16 with
2061 3381 61 16 whom
2140 3381 45 21 they
2202 3381 62 21 might
2280 3382 47 17 have

1891 3403 117 20 fraternised.
2041 3404 61 16 While
2118 3404 20 16 in
2152 3404 60 16 South
2233 3404 95 18 Australia

1892 3427 107 22 something
2008 3433 37 10 was
2054 3426 76 18 learned
2138 3427 20 16 in
2166 3427 33 17 the
2206 3433 41 16 way
2253 3428 21 16 of
2279 3428 39 16 elec-

1891 3451 36 18 tric
1935 3451 84 21 lighting
2035 3450 60 17 which
2117 3450 73 22 opened
2209 3450 50 17 their
2279 3455 47 18 eyes.

1891 3475 59 16 There
1959 3472 32 19 the
2001 3472 101 22 electricity
2111 3474 16 16 is
2136 3473 102 22 generated
2254 3474 25 22 by
2296 3474 32 17 tho

1892 3498 43 16 axle
1943 3497 19 17 of
1971 3496 82 20 the.ears
2060 3496 54 16 while
2120 3496 89 21 running,
2218 3496 43 18 that
2269 3496 59 18 which

1892 3521 15 16 is
1916 3518 102 24 generated
2026 3519 25 21 by
2060 3519 36 21 day
2101 3519 60 23 being
2168 3517 62 20 stored
2239 3520 79 20 and.util-

1892 3543 39 17 ised
1940 3549 23 10 on
1969 3542 33 17 tlie
2009 3542 56 22 night
2073 3542 87 22 journey.
2174 3543 56 16 From
2239 3543 89 17 Adelaide

1893 3568 19 16 to
1915 3565 113 18 Melbourne
2030 3570 38 12 was
2074 3566 123 21 successfully
2202 3566 127 21 acomplished

1893 3590 45 16 then
1947 3594 24 12 on
1980 3590 20 16 to
2009 3588 75 22 Sydney
2092 3588 39 17 and
2139 3594 44 11 over
2192 3589 19 16 to
2220 3589 33 17 the

1892 3613 51 16 littlj
2041 3608 70 25 calling
2119 3612 21 16 at
2156 3611 120 18 Launceston
2293 3612 36 17 and

1893 3636 82 16 Hobart.
2000 3634 39 18 The
2044 3634 43 17 first
2093 3634 56 23 point
2166 3634 80 17 touched
2255 3635 19 16 in
2283 3635 46 17 New

1894 3658 82 17 Zealand
1984 3664 39 10 was
2032 3658 31 16 the
2071 3657 57 20 Bluff,
2143 3657 46 18 then
2204 3658 27 21 by
2242 3658 87 17 Dunedin

1893 3681 38 17 and
1940 3680 133 19 Christchurch
2079 3686 24 12 on
2107 3681 22 17 to
2135 3680 124 24 Wellington,
2274 3681 42 17 Mak-

1893 3705 34 21 ing
1936 3704 49 17 their
1992 3710 42 15 way
2047 3704 56 16 north
2120 3704 25 22 by
2158 3704 119 20 Eketahuna,
2296 3705 32 16 tho

1894 3728 32 17 the
1933 3727 104 20 Rimutaku
2041 3726 68 18 incline
2117 3732 39 12 was
2165 3727 102 22 inspected,
2294 3727 37 17 and

1894 3751 44 17 here
1964 3750 40 16 said
2012 3750 64 21 Major
2092 3750 109 21 Pangbom,
2283 3756 48 12 were

1894 3773 110 18 introduced
2016 3774 20 15 to
2053 3773 108 21 something
2178 3778 28 13 we
2222 3773 37 17 had
2276 3779 55 12 never

1895 3803 41 11 soon
1946 3796 69 18 before,
2024 3796 37 17 and
2070 3796 24 17 do
2107 3797 35 16 not
2150 3802 42 11 care
2201 3796 15 17 if
2232 3802 28 11 we
2276 3802 55 11 never

1895 3826 29 11 sec
1933 3820 62 22 again.
2021 3819 58 17 There
2088 3819 15 17 is
2112 3825 24 11 no
2148 3820 92 21 necessity
2257 3820 29 17 for
2302 3825 19 11 re-

1895 3843 73 21 sorting
1976 3843 20 16 to
2005 3848 10 12 a
2023 3842 113 17 locomotive
2152 3843 20 16 of
2188 3843 32 16 the
2237 3843 95 16 character

1896 3865 45 18 used
1949 3866 43 16 here
2002 3865 64 23 (Fell's
2079 3865 74 23 patent)
2168 3865 54 17 when
2236 3865 32 18 the
2281 3865 41 17 diffi-

1897 3889 51 21 culty
1962 3888 55 17 could
2034 3888 22 17 be
2072 3894 97 11 overcome
2185 3888 26 22 by
2227 3888 77 22 making
2321 3895 10 10 a

1896 3912 60 21 slight
1965 3911 72 20 detour,
2048 3911 61 20 which
2121 3911 15 17 is
2151 3911 81 22 possible
2248 3911 36 17 and
2299 3911 22 17 ob-

1897 3935 74 21 taining
1980 3940 10 11 a
1999 3935 36 16 fair
2147 3931 50 20 Such
2205 3935 126 20 locomotives,

1897 3958 32 17 the
1937 3958 64 22 Major
2009 3958 88 21 thought,
2108 3963 48 11 were
2166 3958 25 16 all
2199 3962 45 17 very
2253 3958 42 16 well
2305 3958 28 16 for

1898 3980 67 23 special
1975 3986 95 17 purposes.
2095 3980 24 17 In
2129 3980 86 17 America
2223 3978 46 24 they
2276 3980 57 22 adopt,

1898 4004 32 17 the
1940 4009 35 16 cog
1983 4004 75 21 system,
2068 4003 35 17 but
2112 4003 43 17 that
2163 4004 15 16 is
2187 4003 19 17 in
2216 4003 77 22 making
2302 4004 31 17 the

1898 4027 64 16 ascent
1969 4027 20 16 to
1999 4026 31 17 tho
2039 4026 122 22 observatory
2166 4027 68 16 station
2242 4032 23 11 on
2272 4026 61 17 Pike's

1899 4049 50 19 Peak
1958 4050 60 17 where
2029 4050 31 16 the
2069 4049 34 17 rise
2114 4049 14 17 is
2138 4050 53 20 8,000
2201 4050 37 16 feet
2249 4050 20 16 in
2281 4049 52 22 eight

1899 4072 58 18 miles.

1922 4093 54 19 Since
1985 4095 31 17 the
2030 4097 56 21 party
2098 4095 35 17 has
2147 4095 48 17 been
2209 4095 44 17 here
2265 4095 69 17 Messrs

1900 4118 65 20 Street,
1976 4118 82 17 Jackson
2066 4118 38 17 and
2113 4118 103 17 Stevenson
2225 4118 47 17 have
2288 4118 46 17 been

2347 127 49 21 busy
2405 127 77 23 visiting
2490 127 33 17 the
2531 129 73 16 various
2615 128 60 22 places
2681 128 19 17 of
2707 127 76 19 interest

2348 150 67 23 taking
2423 150 56 18 views
2488 150 38 17 and
2535 156 19 12 so
2564 157 30 11 on.
2612 150 63 23 Major
2681 150 102 23 Pangborn

2347 173 33 17 has
2388 174 48 17 been
2557 174 19 17 in
2590 174 34 17 hot
2726 180 20 11 as
2761 174 22 17 he

2347 197 139 22 picturesquely
2495 199 43 19 puts
2547 197 16 17 it
2573 197 37 17 and
2624 197 71 22 having
2708 203 11 10 a
2733 197 50 22 good

2347 217 50 23 tinie,
2404 220 92 22 enjoying
2502 220 32 17 the
2540 221 64 16 sweets
2613 220 19 17 of
2638 220 85 17 idleness.

2346 248 37 15 you
2392 244 51 16 must
2451 245 35 15 not
2614 242 39 18 said
2666 242 32 18 the
2712 243 69 23 Major,

2366 266 43 16 that
2418 272 26 10 we
2454 271 31 13 are
2494 266 94 22 lounging
2604 265 60 19 round
2677 265 33 18 the
2723 266 59 18 world

2345 288 37 17 like
2396 295 24 11 an
2434 289 89 22 ordinary
2537 290 68 17 tourist
2620 291 61 20 party,
2696 294 28 12 we
2735 289 47 18 have

2346 312 37 16 real
2392 313 90 21 practical
2493 312 50 18 work
2552 313 20 16 to
2589 312 24 17 do
2627 312 38 16 and
2677 317 28 11 we
2719 312 24 17 do
2760 312 20 17 it.

2345 334 33 17 Wo
2399 335 48 17 have
2467 340 44 12 now
2531 334 91 18 travelled
2642 334 58 18 about
2717 334 65 21 ;J6,009

2346 358 52 16 miles
2407 358 37 16 and
2453 358 25 22 by
2488 357 31 18 the
2526 358 45 18 time
2580 364 26 11 we
2622 358 54 17 reach
2690 358 56 16 homo
2762 359 20 16 in

2347 381 43 17 1897
2412 385 27 14 we
2457 381 37 18 will
2517 381 47 16 have
2587 380 89 18 travelled
2699 381 81 21 130,000.

2345 404 56 17 Tlleir
2408 409 57 12 never
2474 410 38 11 was
2521 410 19 11 so
2550 404 94 17 extensive
2653 404 37 17 and
2702 410 21 11 so
2738 404 32 17 tho-

2345 427 61 22 rough
2415 427 83 22 a-going
2507 427 84 22 through
2599 427 31 17 the
2644 427 58 17 world
2718 433 20 11 as
2754 433 26 11 we

2345 456 30 10 are
2389 450 87 22 engaged
2488 450 26 17 in.
2540 450 68 22 People
2625 450 40 17 talk
2682 450 59 17 about
2757 451 24 16 its

2345 472 57 24 being
2409 473 36 17 but
2454 479 11 11 a
2477 472 50 18 little
2544 473 52 22 place
2613 473 35 17 but
2664 473 55 17 when
2735 474 45 21 they

2345 495 46 17 have
2400 501 42 12 seen
2451 502 21 11 as
2481 496 55 17 much
2545 496 21 18 of
2573 496 16 17 it
2601 502 20 11 as
2634 502 28 12 we
2675 496 47 18 have
2735 497 45 22 they

2345 519 37 16 will
2392 526 52 10 come
2456 520 19 16 to
2490 519 32 17 the
2536 519 105 18 conclusion
2656 519 42 18 that
2711 520 15 16 it
2740 520 16 16 is
2770 526 8 10 a

2344 541 93 23 tolerably
2448 543 53 21 large
2517 542 50 17 sized
2582 543 51 22 piece
2650 543 19 18 of

2344 564 100 19 Wherever
2452 565 32 18 the
2493 566 122 17 Commission
2630 566 32 17 lias
2676 566 104 22 journeyed.

2344 588 43 22 they
2398 588 46 17 have
2453 590 40 16 met
2500 589 47 17 with
2556 590 32 16 the
2602 590 70 16 utmost
2685 590 84 16 consider-

2343 611 51 17 ation
2404 613 19 15 at
2433 612 31 18 the
2473 612 60 16 hands
2543 613 20 16 of
2571 613 31 16 the
2612 613 72 17 various
2695 612 72 18 Govern-

2345 641 14 10 in
2370 635 34 16 lilts
2413 635 36 16 and
2465 635 59 18 traffic
2539 635 81 21 officials,
2636 635 37 18 and
2686 635 45 22 they
2749 641 31 12 are

2343 658 99 23 especially
2451 658 84 22 grateful
2544 660 19 15 to
2573 659 30 16 the
2618 659 127 17 Government
2761 659 19 17 of

2343 681 46 17 New
2399 681 82 17 Zealand
2491 682 29 17 for
2534 681 85 24 handing
2634 682 51 17 them
2700 687 44 12 over
2761 683 18 16 to

2343 704 32 17 the
2383 710 42 12 care
2435 706 19 15 of
2462 705 69 16 Messrs
2540 704 61 18 Grant
2613 705 37 17 and
2663 705 88 20 Jackson,
2760 706 20 16 to

2344 727 61 17 whoso
2418 728 82 21 friendly
2517 728 61 17 oficos
2596 728 36 17 and
2649 728 61 23 gonial
2728 734 38 11 com-

2345 750 110 23 panionship
2480 751 46 21 they
2547 757 30 11 are
2596 752 67 22 deeply
2683 751 95 17 indebted:

2343 773 56 17 Their
2406 774 42 21 stay
2463 775 20 15 at
2496 774 173 18 Whakarcwarcwa
2682 774 34 17 has
2732 774 46 17 been

2343 797 54 16 made
2418 797 49 17 most
2484 797 85 22 pleasant
2590 799 37 16 and
2644 804 23 12 on
2685 797 93 23 Saturday

2343 820 81 21 evening
2433 820 37 17 last
2483 826 35 11 one
2535 821 19 16 of
2571 821 31 17 the
2618 822 40 17 uest
2674 820 105 18 conducted

2343 842 58 18 hakas
2410 849 43 10 ever
2465 843 99 17 witnessed
2577 844 19 17 in
2611 845 32 17 the
2657 844 73 17 district
2742 849 37 12 was

2343 866 94 22 arranged
2444 866 31 17 for
2482 866 53 18 theni
2543 867 20 17 in
2571 868 51 17 front
2637 868 20 16 of
2670 867 31 17 the
2714 867 63 18 Hotel.

2343 886 38 19 The
2399 888 153 19 Commissioners
2568 891 34 17 left
2620 891 43 17 hero
2679 896 8 16 srestorday5
2688 886 3 27 r
2692 890 86 23 estorday

2344 912 88 23 uiprning
2441 912 28 18 for
2478 911 97 20 Auckland
2585 910 66 25 ihcn.ee
2666 915 20 16 to
2703 914 75 21 Sydney

2343 935 37 17 and
2389 935 97 17 Brisbane.
2503 935 58 24 .'J'h'cy
2571 942 80 17 purpose
2660 937 76 22 leaving
2750 938 29 16 for

2342 957 62 23 Japan
2414 964 24 11 on
2447 958 32 18 the
2542 955 37 21 iiist
2588 961 37 16 and
2634 961 49 16 after
2696 961 72 21 inspect-

2342 981 33 22 ing
2383 982 32 15 the
2423 982 88 22 railways
2520 983 18 16 in
2548 983 42 17 that
2602 983 61 18 island
2676 983 40 17 will
2730 988 49 13 cross

2343 1004 31 17 the
2383 1004 63 23 Japan
2455 1004 35 18 Sea
2504 1006 19 17 to
2538 1006 123 19 Vladivostok
2674 1006 19 17 in
2709 1006 70 17 Asiatic

2343 1027 72 18 Russia.
2441 1028 39 17 The
2489 1028 155 20 Trans-Siberian
2653 1029 76 22 railway
2741 1030 36 17 will

2343 1056 70 16 convey
2422 1051 52 18 them
2484 1053 19 16 to
2519 1052 100 23 European
2634 1053 66 17 Russia,
2715 1059 11 10 a
2740 1053 29 16 dis-

2343 1075 54 16 tance
2406 1074 19 17 of
2434 1075 54 20 6,000
2497 1075 52 18 miles
2557 1075 42 18 half
2607 1077 20 16 of
2637 1075 59 18 which
2707 1076 15 16 is
2736 1082 42 11 now

2343 1098 115 21 completed:
2472 1098 33 17 the
2514 1099 54 20 other
2575 1098 41 19 half
2626 1100 37 15 will
2672 1100 73 21 require
2760 1100 18 17 to

2342 1121 23 16 be
2373 1121 111 22 negotiated
2491 1121 25 22 by
2521 1121 85 19 dxoShTris
2613 1122 37 17 and
2658 1122 120 17 steamboats.

2343 1143 18 18 It
2370 1143 15 17 is
2395 1145 19 16 to
2422 1144 24 17 bo
2455 1145 57 16 noted
2521 1142 43 20 that
2573 1145 36 18 this
2620 1145 38 18 will
2667 1145 21 17 bo
2697 1145 33 17 the
2738 1146 42 16 first

2342 1165 57 24 party
2407 1166 89 24 officially
2503 1168 104 18 conducted
2617 1175 43 10 over
2673 1168 37 18 this
2726 1170 54 21 groat

2343 1190 75 22 system,
2429 1190 32 18 the
2474 1190 80 19 Russian
2568 1192 126 17 Government
2709 1192 71 21 having

2342 1213 83 17 hitherto
2434 1213 47 17 been
2495 1216 48 15 most
2557 1215 93 17 exclusive
2665 1215 18 17 iu
2698 1215 38 17 this
2749 1221 20 11 re-

2342 1237 58 21 spect.
2418 1236 28 18 St\
2456 1237 116 24 Petersburg
2576 1237 74 19 visited,
2660 1239 58 16 about
2727 1238 51 23 eight

2343 1260 75 16 months
2427 1261 38 16 will
2474 1261 23 16 be
2507 1264 54 18 spent
2570 1268 23 10 on
2603 1262 31 16 the
2644 1260 103 19 Continent
2761 1262 19 16 of

2342 1282 81 23 Europe,
2442 1284 49 17 after
2505 1284 59 17 which
2587 1285 31 17 the
2628 1284 151 23 Trans-Caspian

2343 1307 68 19 system
2422 1307 38 17 will
2473 1307 23 17 be
2511 1307 90 18 travelled
2616 1312 44 13 over
2676 1308 23 21 by
2719 1307 59 18 which

2343 1335 63 11 means
2414 1329 86 18 Raschut
2507 1331 39 16 will
2555 1331 23 16 be
2587 1331 77 17 readied
2674 1331 61 17 whore
2747 1331 33 17 the

2342 1354 57 21 party
2406 1353 39 17 will
2453 1353 24 18 be
2486 1355 38 16 met
2538 1354 25 22 by
2576 1361 11 10 a
2601 1359 80 13 caravan
2696 1356 42 15 sent
2754 1354 25 22 by

2343 1376 31 16 tin;
2396 1376 49 18 Shah
2463 1378 21 15 of
2500 1377 63 18 Persia
2587 1378 37 16 ami
2644 1377 94 22 convoyed
2761 1380 18 14 to

2342 1399 83 17 Teheran
2434 1400 37 16 and
2489 1401 84 21 Bagdad.
2606 1400 52 18 Then
2675 1400 55 18 down
2747 1401 32 16 the

2343 1422 74 18 Persian
2429 1423 46 18 Gillf
2483 1423 38 17 and
2529 1428 59 18 along
2597 1425 30 16 the
2641 1425 39 15 cast
2695 1426 50 15 coast
2761 1424 19 17 of

2343 1446 61 16 Africa
2415 1446 45 22 they
2470 1447 39 16 will
2518 1448 55 15 touch
2583 1449 20 14 at
2612 1447 31 17 the
2657 1448 13 16 C
2677 1453 35 16 ipe,
2731 1448 47 15 from

2343 1469 65 17 thence
2418 1472 20 13 to
2448 1470 76 17 Lisbon-.
2550 1470 39 18 The
2603 1470 60 18 South
2679 1470 100 18 American

2343 1493 101 16 Continent
2453 1493 38 16 will
2501 1496 45 14 next
2557 1494 21 16 be
2588 1494 72 17 visited,
2670 1495 41 15 first
2724 1493 44 17 land-

2342 1516 33 20 ing
2383 1519 21 13 at
2419 1516 75 18 Buenos
2509 1517 59 21 Ayres
2583 1517 36 16 and
2634 1517 44 17 then
2692 1516 87 22 working

2342 1538 119 19 northwards
2465 1539 84 23 through
2557 1540 77 17 Bolivia.
2643 1540 135 18 Peru.Oohm,-

2343 1561 30 17 hia
2381 1562 37 17 and
2428 1563 76 16 Central
2520 1563 90 21 America,
2627 1565 47 15 from
2690 1563 61 17 which
2769 1570 10 10 a

2342 1585 67 17 detour
2425 1585 39 18 will
2481 1586 22 17 be
2519 1589 53 14 made
2589 1589 19 14 to
2625 1587 51 16 Cuba
2693 1585 37 18 and
2747 1587 31 16 the

2342 1608 52 17 AVest
2402 1608 70 18 Indie's.
2498 1609 75 18 Mexico
2582 1610 38 17 will
2629 1610 22 16 be
2660 1609 56 18 taken
2727 1610 17 16 in
2760 1616 19 10 as

2343 1632 44 21 (hey
2396 1632 79 21 proceed
2484 1637 26 18 up
2519 1632 31 17 the
2561 1634 43 16 west
2619 1634 51 16 coast
2683 1633 20 16 of
2717 1633 61 17 North

2343 1652 85 20 America
2437 1655 19 17 to
2465 1655 117 22 Vancouver,
2596 1657 69 16 British
2673 1655 104 22 Colombia,

2343 1678 47 17 from
2406 1679 61 16 which
2482 1678 53 23 place
2549 1679 31 17 the
2598 1679 95 18 Canadian
2710 1679 70 18 Pacific

2342 1700 37 18 line
2389 1701 36 17 will
2436 1702 43 16 take
2488 1702 52 17 them
2549 1702 60 17 hone.
2636 1702 61 22 Truly,
2706 1705 14 14 'a
2726 1708 39 12 won-

2343 1724 60 18 derful
2414 1725 75 17 mission
2498 1724 45 23 they
2552 1725 40 18 will
2597 1726 45 17 then
2651 1726 47 17 have
2704 1731 62 12 accom-

2343 1747 77 23 plished,
2432 1747 34 18 full
2480 1749 20 15 of
2514 1748 78 18 interest
2603 1750 20 16 to
2635 1749 32 17 the
2683 1749 96 17 travellers

2343 1770 111 19 themselves
2463 1771 36 17 and
2509 1772 20 16 of
2542 1772 119 22 possibilities
2674 1772 19 17 in
2707 1773 73 21 respect

2341 1795 9 15 t
2357 1801 5 9 >
2371 1794 32 17 the
2412 1794 83 24 opening
2502 1799 27 18 up
2538 1796 19 15 of
2566 1795 52 17 trade
2628 1796 43 16 with
2682 1796 32 17 the
2721 1799 46 14 coun-

2343 1818 43 16 tries
2401 1817 72 17 visited.

2392 1888 49 17 THE
2459 1889 130 17 UREWERA
2606 1883 118 23 TROUBLE.

2366 1940 22 16 In
2399 1940 34 24 spit
2442 1940 8 24 6
2459 1940 17 24 of
2488 1940 34 17 thfc
2647 1940 132 24 anticipations

2343 1962 90 23 indulged
2441 1963 20 16 Tfi
2469 1963 39 17 last
2517 1959 51 22 wick
2576 1964 30 17 fcho
2615 1963 85 19 Urewera
2705 1963 75 19 trouble

2343 1985 43 18 does
2394 1986 31 17 noi
2435 1987 51 16 TJccm
2493 1987 22 16 +o
2523 1986 23 17 bo
2556 1992 48 12 over.
2630 1986 119 24 Subsequent
2757 1988 22 16 'to

2343 2010 30 15 tin-
2383 2007 84 25 meeting
2476 2015 24 10 on
2508 2009 49 18 Jufio
2568 2011 15 18 5,
2601 2011 21 16 at
2636 2011 25 16 To
2677 2010 77 22 Whaiti,
2765 2011 15 17 it

2344 2038 36 11 was
2390 2032 87 23 reported
2487 2033 42 17 that
2538 2034 31 16 Mi-
2586 2034 86 22 Clayton,
2690 2034 42 17 who
2741 2040 38 11 was

2342 2055 77 22 making
2428 2055 32 17 tho
2477 2061 68 17 survey
2560 2057 46 17 from
2627 2055 152 20 Wuikarefiioaha

2342 2079 19 16 to
2370 2078 115 20 Ruatahuna
2494 2078 37 17 had
2546 2079 47 18 been
2609 2079 79 23 stopped
2705 2080 25 22 by
2747 2079 31 19 the

2342 2101 76 20 natives,
2429 2101 75 23 though
2513 2102 15 16 it
2537 2108 38 11 was
2592 2102 108 18 afterwards
2718 2103 62 17 stated

2342 2124 18 16 in
2369 2124 33 18 the
2411 2124 99 18 Auckland
2518 2130 69 17 ipapors
2594 2126 42 17 that
2642 2126 25 17 all
2673 2126 106 23 opposition

2344 2148 18 17 to
2370 2147 33 17 the
2411 2147 78 23 surveys
2495 2146 40 19 Ifcad
2548 2148 70 18 eoascd.
2644 2149 23 17 In
2684 2145 96 27 regard'to

2343 2171 36 16 this
2389 2171 74 20 matter,
2474 2171 92 19 however,
2576 2171 90 23 Ngapuhi
2675 2178 11 11 a
2702 2173 50 16 chief
2761 2173 19 16 of

2343 2194 31 17 the
2383 2194 129 23 Ngatiwhare,
2523 2200 38 12 was
2569 2195 19 16 in
2597 2195 84 18 Rotorua
2690 2201 24 12 on
2723 2196 42 17 Mon-

2343 2217 42 22 day,
2396 2217 37 17 and
2442 2217 56 17 when
2506 2218 110 22 questioned
2625 2218 61 18 stated
2703 2219 44 17 that
2755 2220 25 16 all

2343 2241 31 16 the
2381 2246 68 16 survey
2457 2241 71 22 parties
2536 2241 87 23 working
2637 2242 82 16 towards
2728 2243 39 17 Rua-

2343 2264 71 17 tahuna
2423 2264 47 16 have
2479 2264 47 17 been
2533 2265 85 22 stopped.
2646 2265 82 22 Clayton
2734 2265 18 18 is
2761 2267 20 16 at

2343 2286 162 23 Waikaremoona,
2523 2288 79 23 Phillips
2624 2289 20 16 at
2660 2288 24 17 To
2702 2289 76 20 Whaiti,

2343 2310 71 23 having
2422 2311 48 16 been
2477 2311 68 17 turned
2555 2311 46 18 back
2608 2311 47 18 from
2666 2311 114 18 Ruatahuna

2343 2333 36 17 and
2389 2328 67 23 Foster
2464 2334 34 17 has
2507 2334 66 17 retired
2583 2335 20 17 to
2620 2335 87 17 Ruatoki.
2742 2335 38 17 The

2343 2356 72 18 native's
2425 2357 38 16 will
2472 2359 33 14 not
2514 2357 56 17 allow
2579 2358 32 17 the
2620 2363 66 17 survey
2699 2360 20 15 to
2735 2365 34 15 pro-

2344 2380 43 16 ceed
2397 2380 47 17 from
2454 2380 60 18 either
2523 2381 20 17 of
2550 2381 52 17 theso
2620 2382 61 21 points
2698 2382 82 17 towards

2344 2403 120 17 Ruatahuna.
2491 2404 19 16 It
2519 2404 37 17 will
2566 2404 43 17 thus
2618 2405 21 16 be
2653 2410 41 11 seen
2703 2405 44 17 that
2756 2405 24 17 all

2344 2426 31 17 the
2389 2432 99 16 surveyors
2504 2427 48 17 have
2568 2427 37 18 had
2622 2429 19 16 to
2658 2428 55 17 retire
2730 2434 51 16 upon

2344 2450 49 16 their
2401 2450 102 22 respective
2512 2450 59 17 bases.
2596 2451 58 17 There
2663 2451 14 16 is
2683 2457 24 11 no
2717 2452 53 22 Objec-

2345 2473 39 17 tion
2393 2475 20 15 to
2422 2473 32 17 the
2462 2473 54 17 roads
2523 2479 44 12 now
2571 2474 58 23 being
2636 2474 53 17 made
2696 2474 85 18 between

2345 2495 78 18 Galktca
2432 2496 38 17 and
2479 2496 83 19 Ruatoki
2568 2492 50 27 [and'
2625 2498 25 17 To
2660 2497 75 22 Whaiti,

2345 2519 23 17 do
2376 2519 46 23 they
2431 2519 64 23 object
2503 2520 20 18 to
2531 2521 33 16 tlie
2573 2520 31 18 old
2613 2521 43 17 road
2670 2521 58 21 being
2736 2521 45 17 used

2345 2544 19 15 to
2372 2542 122 22 Ruatahuna,
2505 2544 48 16 their
2567 2544 105 22 opposition
2676 2544 16 17 is
2695 2544 86 17 confined

2342 2563 22 21 •to
2373 2571 68 17 snrvey
2449 2566 76 23 parties,
2536 2563 38 21 and
2582 2568 45 21 they
2636 2567 37 17 will
2683 2566 35 19 riot
2726 2565 56 19 follow

2345 2588 73 23 anyoiic
2427 2589 89 23 carrying
2531 2590 123 18 instruments
2669 2592 19 15 to
2702 2591 80 21 proceed

2345 2613 19 16 to
2373 2612 32 17 the
2414 2613 39 21 trig
2462 2613 70 16 station
2542 2612 21 19 at
2566 2613 118 18 Ruatahuna.
2698 2614 32 17 Mr
2735 2614 35 17 Car-

2345 2636 35 16 roll
2390 2641 37 11 was
2436 2636 38 16 still
2484 2638 20 15 at
2520 2638 25 15 Te
2564 2637 70 17 Wliaiti
2654 2637 53 16 when
2727 2637 41 22 Nga-

2345 2659 46 21 puhi
2400 2659 35 17 left
2443 2659 53 17 there
2505 2666 23 10 on
2538 2660 99 23 (Saturday.

2369 2682 91 24 Ngap'uhi
2469 2682 114 19 h&sha'ndod
2592 2684 20 18 to
2621 2690 21 10 us
2651 2689 22 11 an
2685 2683 97 17 'extended

2345 2707 69 21 report,
2422 2706 22 17 in
2452 2703 67 24 Maori,
2530 2707 20 16 of
2558 2707 32 18 tho
2599 2707 83 21 meeting
2696 2704 86 20 between

2346 2729 31 18 tlie
2387 2730 52 16 three
2448 2730 61 21 hapus
2518 2730 37 17 and
2565 2730 31 17 the
2605 2730 51 17 Hon.
2666 2730 18 19 J,
2702 2728 78 21 Carroll,

2345 2752 61 18 which
2413 2753 48 17 took
2470 2753 53 22 place
2532 2759 24 11 on
2564 2753 51 17 Juno
2623 2754 16 16 5.
2672 2752 56 18 From
2745 2753 37 17 this

2345 2776 15 17 it
2369 2775 63 18 would
2441 2781 70 17 appear
2521 2776 41 17 that
2575 2776 31 18 Mr
2615 2777 71 17 Carroll
2703 2776 30 17 did
2749 2778 34 15 not

2345 2799 48 17 have
2402 2805 11 10 a
2421 2805 45 16 very
2475 2799 67 22 lhappy
2551 2799 45 18 time
2604 2799 21 18 of
2634 2799 20 18 it.
2667 2799 38 18 The
2719 2799 63 18 native

2346 2824 71 15 orators
2425 2822 70 17 reviled
2502 2822 38 17 hiifc
2548 2829 20 10 us
2573 2829 11 10 a
2590 2822 100 22 murderer,
2697 2828 20 13 as
2723 2829 11 10 a
2740 2829 42 10 man

2347 2846 61 16 whom
2418 2846 45 21 they
2472 2846 38 16 had
2519 2846 42 17 gent
2566 2846 20 17 to
2591 2845 116 18 Parliament
2714 2847 19 16 to
2739 2846 43 17 look

2346 2869 49 17 after
2403 2869 33 17 the
2444 2869 87 16 interests
2541 2869 18 17 of
2568 2869 32 17 tho
2612 2869 63 17 native
2691 2875 47 13 race,
2749 2869 34 17 h\it

2346 2892 43 17 who
2392 2897 49 12 -now
2448 2891 71 18 turned
2526 2892 61 17 round
2595 2892 37 17 and
2649 2893 41 16 sent
2707 2893 76 16 soldiers

2347 2916 44 16 with
2399 2915 71 17 swords
2479 2915 37 17 and
2525 2921 49 15 guns
2590 2917 20 15 to
2627 2916 31 21 try
2674 2916 37 17 and
2728 2916 55 17 incite

2347 2939 52 17 them
2406 2939 21 17 to
2436 2938 24 18 do
2469 2944 51 12 some
2629 2939 89 17 violence.
2744 2939 39 17 One

2347 2962 77 22 speaker
2576 2961 44 18 You
2636 2961 47 18 have
2701 2962 82 24 Drought

2347 2991 47 15 your
2402 2984 78 17 soldiers
2489 2986 20 15 to
2526 2984 44 23 defy
2587 2990 29 12 me
2622 2984 3 24 ;
2646 2985 45 16 then
2700 2986 10 16 I
2719 2987 64 21 accept

2347 3008 31 17 the
2530 3008 39 17 The
2577 3008 71 17 natives
2665 3008 78 18 accused
2752 3009 31 17 the

2347 3031 127 18 Government
2483 3031 20 17 of
2510 3031 92 22 breaking
2611 3031 48 17 faith
2670 3031 46 17 with
2725 3032 57 18 them.

2347 3055 26 16 At
2381 3055 32 16 the
2422 3055 84 21 meeting
2514 3055 21 16 at
2542 3054 87 20 Ruatoki,
2639 3055 45 21 they
2693 3055 45 19 said,
2752 3056 31 16 the

2347 3078 127 17 Government
2484 3078 44 22 only
2540 3078 56 16 asked
2609 3078 42 16 that
2668 3078 31 16 the
2717 3083 67 18 survey

2347 3101 68 17 should
2423 3101 23 17 be
2455 3100 80 18 allowed
2544 3102 19 15 to
2573 3107 23 15 go
2605 3106 31 12 on,
2646 3100 37 17 and
2692 3101 43 17 that
2752 3102 31 16 the

2345 3123 51 23 road,
2400 3123 70 19 should
2477 3123 140 23 bo-completed
2629 3129 19 12 as
2669 3124 29 16 far
2719 3130 19 11 as
2759 3125 24 17 Te

2342 3147 81 22 ,Wha'i£i.
2449 3147 45 18 This
2503 3147 32 17 tho
2543 3147 72 16 natives
2628 3146 37 17 had
2674 3147 69 22 agreed
2753 3146 29 23 to;

2347 3172 33 16 but
2389 3172 42 15 how
2442 3171 32 16 the.
2483 3170 126 17 Government
2618 3169 69 18 wished
2702 3171 19 15 to
2738 3177 33 10 con-

2347 3195 52 17 tinue
2408 3194 32 17 the
2449 3193 46 17 road
2503 3195 20 15 to
2529 3193 158 18 Waikaremodna.
2701 3193 50 21 This,
2759 3194 23 17 all

2347 3218 32 16 the
2397 3216 86 23 speakers
2498 3216 87 22 objected
2600 3217 26 16 to.
2663 3216 31 17 Mr
2711 3216 72 18 Carroll

2348 3241 56 16 asked
2413 3240 29 18 for
2451 3240 49 17 their
2509 3246 80 11 reasons.
2622 3239 38 17 The
2676 3239 54 22 reply
2745 3245 38 12 was

2349 3264 41 17 that
2400 3264 45 21 they
2454 3262 32 18 did
2495 3264 33 16 not
2536 3263 39 17 like
2582 3262 57 23 being
2653 3262 119 18 intimidated
2779 3262 3 23 ;

2349 3288 42 16 that
2400 3287 15 17 if
2423 3292 37 16 any
2469 3292 35 11 one
2513 3292 38 11 was
2562 3285 91 23 breaking
2669 3285 31 17 the
2717 3285 42 21 law,
2770 3286 15 16 it

2349 3316 38 11 was
2397 3310 31 17 the
2438 3309 138 22 Government;
2591 3309 45 21 they
2642 3314 46 11 wore
2693 3309 61 22 living
2761 3315 23 10 on

2349 3334 50 17 their
2406 3339 43 11 own
2457 3332 46 17 land
2511 3333 20 16 in
2540 3339 10 10 a
2563 3332 83 22 peaceful
2664 3337 77 12 manner
2750 3332 22 17 do-

2349 3357 34 22 ing
2391 3356 55 17 harm
2455 3358 19 15 to
2483 3362 25 10 no
2517 3361 40 15 one,
2568 3355 36 17 and
2615 3355 31 17 did
2660 3356 33 16 not
2709 3355 47 17 wish
2765 3356 18 16 to

2349 3380 23 17 bo
2389 3379 82 17 coerced.
2509 3379 38 17 The
2568 3379 131 21 arrangement
2720 3378 64 22 finally

2350 3404 86 19 come'to,
2446 3403 19 16 at
2474 3403 32 16 the
2515 3402 75 22 request
2594 3401 21 18 of
2622 3401 32 18 Mr
2660 3401 77 21 Carroll,
2746 3407 38 12 was

2350 3426 42 17 that
2401 3426 31 16 the
2441 3426 73 21 natives
2523 3424 67 19 sho'trld
2599 3425 55 16 allow
2663 3425 30 16 the
2706 3424 46 18 road
2765 3425 19 16 to

2349 3450 23 16 be
2381 3448 79 18 finished
2469 3454 20 11 as
2499 3448 29 17 far
2536 3451 24 14 'as
2575 3448 31 17 tll(>
2622 3454 66 15 survey
2701 3447 16 17 is
2733 3450 42 14 coitr-

2350 3472 63 22 pleted
2422 3471 37 17 and
2468 3471 43 17 that
2519 3471 19 17 in
2547 3471 32 17 the
2588 3471 98 17 meantime
2699 3477 11 10 a
2725 3471 47 21 depu-

2350 3495 61 17 tation
2420 3495 20 17 of
2448 3495 33 17 tho
2496 3495 97 16 Urowcras
2605 3494 63 16 would
2683 3494 66 16 attend
2766 3494 19 16 at

2350 3518 117 22 Wellington
2476 3519 20 15 to
2505 3518 31 21 lay
2545 3517 49 17 their
2601 3516 103 23 objections
2721 3516 63 18 before

2351 3541 121 18 Parliament.

2374 3565 57 16 Prom
2441 3564 36 17 this
2486 3564 16 17 it
2510 3563 39 17 will
2557 3563 23 16 bo
2589 3568 42 12 soon
2643 3562 42 17 that
2701 3563 32 16 the
2750 3568 22 11 na-

2351 3588 47 17 tives
2407 3588 24 16 do
2441 3588 33 15 not
2483 3586 85 18 consider
2577 3586 41 17 that
2627 3591 37 16 any
2678 3587 51 15 ihoro
2743 3591 31 12 sur-

2351 3610 69 23 veying
2429 3610 68 17 should
2505 3610 23 16 bo
2538 3615 47 16 gone
2600 3614 24 12 on
2633 3608 50 21 .with
2696 3608 30 17 fill
2740 3608 45 23 they

2351 3635 48 16 have
2407 3633 39 17 laid
2455 3633 48 17 their
2520 3633 102 22 objections
2636 3631 62 17 before
2713 3631 62 17 Parlia-

2352 3658 57 16 ment.

2467 3685 24 11 on
2500 3678 49 17 June
2559 3678 20 16 12
2594 3683 33 12 our
2640 3677 146 23 correspondent

2352 3704 19 16 in
2380 3703 33 17 the
2427 3702 89 18 Urewera
2529 3702 79 21 country
2622 3702 57 16 states
2695 3701 43 17 that
2755 3701 32 17 the
2791 3699 1 24 j

2352 3726 59 17 result
2419 3725 21 17 of
2448 3725 32 17 tho
2494 3724 82 22 mooting
2590 3725 19 16 at
2622 3720 25 21 To
2660 3723 71 18 Whaiti
2749 3730 38 11 was

2353 3749 43 18 that
2403 3748 33 18 the
2443 3748 48 18 road
2498 3746 69 19 should
2575 3752 24 16 go
2616 3752 24 11 no
2654 3747 73 16 further
2740 3747 52 17 than'

2354 3772 42 17 that
2404 3772 52 22 place
2471 3770 49 18 until
2533 3770 114 17 Parliament
2662 3775 62 16 opens,
2733 3770 59 19 when:

2354 3800 50 12 some
2413 3795 19 17 of
2441 3795 32 16 the!
2480 3793 63 18 Tuhoo
2552 3793 39 17 will
2599 3799 25 16 go
2634 3792 54 18 down
2697 3793 38 17 and
2749 3793 29 17 dis-

2354 3824 41 11 cuss
2404 3818 32 17 the
2452 3818 74 17 matter.
2557 3816 59 17 There
2632 3816 47 17 have
2688 3816 52 20 .boon
2757 3817 32 16 too

2354 3841 57 23 rriany
2415 3840 99 22 meetings,
2523 3839 37 17 and
2566 3841 31 15 too
2604 3839 57 18 much
2663 3838 80 24 talking,
2752 3840 37 16 and

2354 3864 64 22 things
2428 3863 63 17 would
2500 3869 24 16 go
2532 3862 62 18 better
2601 3862 16 16 if
2625 3862 51 17 there
2686 3868 47 12 wore
2744 3863 45 21 only

2354 3893 35 11 one
2406 3893 21 11 or
2440 3888 38 16 two
2493 3891 97 16 surveyors
2606 3885 44 17 bore
2663 3885 44 17 such
2722 3891 20 11 as
2759 3886 31 17 Mr

2355 3911 70 17 Cussou
2434 3909 37 18 and
2487 3909 30 17 Mr
2529 3908 72 18 Wilson
2615 3908 41 17 who
2674 3908 116 24 thoroughly

2355 3932 115 19 understand
2479 3932 33 17 tho
2520 3932 77 17 natives.

2378 3956 83 21 Writing
2478 3961 23 11 on
2516 3955 77 21 Sunday
2605 3954 33 17 tho
2651 3960 50 12 same
2719 3961 61 11 corres-

2355 3979 85 22 pondent
2448 3977 68 26 states:
2517 3977 56 18 —Mr
2581 3977 71 18 Carroll
2662 3983 43 16 goes
2714 3978 26 25 by
2750 3984 41 16 way

2355 4002 20 17 of
2386 4002 154 17 Waiktircmo:.na
2548 4002 111 15 to-morrow
2668 4007 22 10 en
2699 4002 55 15 route
2763 4001 29 18 for

2355 4025 123 21 Wellington.
2504 4024 38 17 Tlie
2556 4024 88 16 Urewera
2657 4029 31 11 are
2704 4024 88 22 reported

2355 4049 20 16 to
2386 4048 22 16 bo
2417 4053 101 11 numerous
2527 4048 20 16 at
2561 4047 25 16 Te
2599 4047 60 20 Mimi,
2677 4045 115 20 Ruatahuna

2355 4069 38 18 and
2401 4071 53 16 other
2462 4070 62 23 places
2542 4069 36 18 and
2592 4070 48 17 their
2656 4070 89 17 numbers
2762 4076 30 12 are

2356 4094 40 17 said
2413 4095 19 16 to
2446 4094 23 16 be
2483 4093 111 22 increasing.
2620 4093 61 16 Lieut.
2696 4094 65 16 Hume
2778 4094 14 16 is

2355 4117 49 17 back
2413 4118 19 16 at
2442 4116 103 18 Whirinaki
2556 4116 47 17 from
2613 4116 25 17 To
2646 4115 54 19 Mimi
2710 4116 47 18 with
2763 4117 29 17 Mr

2808 129 120 22 Kensington
2937 129 42 17 who
2988 129 32 16 has
3032 129 44 17 been
3086 129 18 16 i-i
3114 130 31 15 (1m-
3161 129 53 17 Huiar
3213 129 1 22 il

2808 151 65 23 Range
2891 158 23 10 on
2932 151 135 22 triangulacion
3083 151 51 18 work
3152 152 35 17 and
3207 159 7 13 ivy

2808 174 68 18 turned
2883 174 49 18 back
2939 174 25 21 by
2981 170 30 22 Mid
3031 174 64 18 fuhoo.
3129 175 38 17 Tlie
3185 181 10 11 n
3204 177 10 13 .'•

2806 197 38 17 and
2852 197 85 23 artillery
2953 203 68 11 renvim
3040 198 15 16 in
3072 204 53 16 camp
3139 199 16 15 at
3175 199 30 15 We
3213 197 1 23 ,

2806 218 51 20 naki.
2882 220 39 17 The
2934 221 52 17 track
2998 221 45 17 from
3058 221 25 17 To
3098 221 68 17 Wlmiti
3184 222 17 17 to
3213 218 1 21 '.;'.!

2806 244 54 16 Mimi
2869 244 15 16 is
2893 243 19 17 in
2921 249 10 12 a
2940 249 44 14 very
2994 244 12 17 b
3013 243 2 20 i
3027 243 2 20 I
3041 246 11 15 si
3064 246 29 15 ito.

2917 292 159 17 ALEXANDER
3088 292 48 17 111.

2828 338 38 16 The
2876 338 46 17 Czar
2930 338 15 17 is
2955 338 45 17 dead
3010 336 3 19 !
3028 338 35 17 Nol
3077 338 19 15 1,.
3111 336 3 19 .
3127 336 1 19 i
3158 337 47 17 hand
3227 336 7 19 ij

2804 366 25 11 an
2837 360 80 18 assassin
2925 366 22 12 or
2955 367 10 11 a
2973 360 84 20 Niliilist,
3074 360 28 18 but
3121 360 23 23 by
3159 360 75 18 internal

2804 383 72 22 poison.
2903 385 14 15 A
2928 385 54 21 groat
2996 390 24 11 ion
3033 385 24 15 ■■■■'■
3069 389 15 11 >n
3095 389 36 11 was
3146 383 88 22 produneil

2804 406 25 22 by
2838 407 32 16 the
2879 409 77 16 nlni'our
2964 407 20 17 th
2992 409 11 15 it
3016 407 24 17 tin
3056 407 37 17 iHte
3102 406 4 22 (
3117 412 32 11 zir
3158 412 36 11 was
3210 406 2 22 ■

2804 430 66 16 tacked
2879 430 25 22 by
2916 430 73 19 Disease
2998 432 19 15 of
3028 430 29 17 the
3067 430 91 22 Kidneys,
3177 430 47 17 othw
3232 430 2 22 -

2804 453 44 15 wise
2857 452 83 23 Bright's
2952 453 82 18 Disease.
3065 453 45 17 This
3126 452 106 18 oxcitciiionl

2803 481 53 10 arose
2865 476 17 16 in
2892 477 43 21 part
2944 476 48 17 from
3001 477 32 16 the
3044 477 76 17 current
3128 475 108 23 knowledgi!

2803 498 43 17 that
2855 500 82 16 extreme
2945 499 72 23 danger
3025 504 19 12 to
3052 499 33 18 life
3090 505 38 11 was
3133 498 101 19 imminent.

2803 520 52 19 Even
2871 522 53 17 when
2939 522 29 18 Lhc
2982 523 42 17 first
3038 522 151 21 announcement
3204 527 32 12 wan

2803 544 86 22 publishe
2896 545 13 18 1.
2918 545 33 17 tho
2956 545 70 17 disease
3034 546 45 17 musl
3088 545 47 17 have
3144 546 75 16 advanci
3227 545 9 17 ii

2803 569 19 15 to
2832 568 31 16 tiie
2873 567 36 18 List
2917 569 53 22 stage
2980 569 19 16 of
3008 568 136 22 development.
3175 567 51 18 Disin
3233 567 2 24 •

2803 591 95 22 togration
2907 592 20 17 of
2934 592 32 17 the
2974 592 62 22 lining
3049 588 110 21 Membrane
3173 592 19 15 of
3207 591 28 17 tin!

2803 614 40 21 Org
2850 620 26 10 m;
2893 614 19 17 in
2930 614 84 23 question
3032 614 37 18 had
3090 614 76 21 already
3187 620 36 12 com-

2803 637 82 21 mence:!,
2897 637 86 23 whereby
2996 638 46 22 they
3053 637 75 17 became
3142 637 94 23 incapable

2803 660 19 17 of
2831 660 116 23 performing
2956 661 48 16 their
3017 656 79 22 allotted
3105 660 42 17 task
3162 660 20 17 of
3198 665 25 12 car-

2802 683 57 23 rying
2867 683 28 18 off
2902 684 31 17 the
2940 684 45 17 Uric
2994 684 46 17 Acid
3049 684 48 17 from
3112 684 32 16 the
3161 684 72 21 system,

2804 707 58 16 which
2872 707 75 18 became
2956 714 10 10 a
2976 707 65 22 poison
3050 709 20 15 to
3079 707 32 17 the,
3123 706 63 17 blood.
3213 708 12 15 A

2803 729 31 16 the
2844 735 50 12 same
2905 730 44 17 time
2963 731 33 16 the
3012 730 74 17 natural
3104 729 55 18 fluids
3180 729 42 18 foun
3232 729 2 18 I

2802 753 49 16 their
2861 759 41 16 way
2910 754 20 17 to
2939 754 24 16 all
2972 759 13 16 p
2992 754 32 16 iris
3031 754 19 15 of
3055 754 33 16 tho
3094 753 57 21 body,
3159 752 76 22 causing

2802 775 92 23 dropsical
2904 777 93 20 swelling-
3007 776 47 18 from
3065 777 32 16 the
3106 777 38 16 feet
3149 781 27 16 up
3178 781 41 11 war.
3224 776 10 16 '.<

2803 799 144 22 Consequently,
2959 799 94 19 when,the
3062 800 41 16 first
3111 799 80 17 bulletin
3201 805 33 10 wa<

2802 822 61 17 issued
2872 823 32 16 the
2913 823 29 16 die
2952 828 37 12 was
2994 820 76 25 already
3077 830 8 9 e
3092 826 24 13 ist
3124 822 38 17 and
3170 821 65 18 doinho

2802 851 38 10 was
2849 852 9 10 a
2867 846 87 21 question
2963 846 21 17 of
2991 846 45 21 only
3044 846 62 16 weeks
3121 851 21 10 or
3158 845 45 22 days
3218 846 16 15 in

2801 870 111 20 proportion
2920 871 20 15 to
2949 869 33 17 the.
2989 869 87 22 strength
3086 868 20 18 of
3111 868 32 18 the
3148 868 86 23 Imperial

2802 891 92 18 sufferer's
2904 893 128 15 constitution.
3058 893 38 15 Too
3105 897 44 13 soon
3159 892 32 16 the
3202 891 32 17 end

2802 912 57 24 ealri'o,
2869 915 37 17 and
2921 915 57 17 death
2992 915 80 16 claimed
3086 915 80 16 another
3179 915 55 21 Royal

2801 938 70 17 Victim
2881 939 19 16 to
2910 938 37 17 this
2956 938 89 18 insidious
3054 938 82 22 malady.
3162 938 72 22 Kidney

2801 961 76 17 Disease
2898 962 63 16 makes
2982 967 24 12 no
3033 962 109 16 distinction
3169 968 29 10 am
3201 967 15 9 ni
3219 968 12 14 in-

2801 985 106 21 humanity.
2933 985 30 17 All
2972 991 31 10 are
3012 982 56 19 liable
3077 989 20 12 to
3109 985 21 17 it.
3147 985 48 17 from
3207 984 29 16 the

2802 1007 53 23 King
2863 1013 25 12 on
2897 1005 31 20 the
2937 1008 73 17 Throne
3020 1009 19 17 to
3048 1008 31 17 the
3089 1008 81 17 Peasant
3179 1007 20 17 in
3207 1007 20 16 tli
3234 1005 2 25 •

2803 1030 85 23 Cottage,
2898 1030 36 18 but
2940 1031 17 17 it
2964 1036 60 12 scorns
3032 1030 19 18 to
3066 1032 60 16 fasten
3142 1036 49 17 upon
3206 1030 20 16 th
3234 1030 2 23 ■

2801 1053 62 18 noble,
2878 1055 107 15 statesmen,
3004 1054 32 18 tho
3053 1055 54 21 great
3123 1054 19 16 in
3160 1054 74 21 literary

2802 1077 72 22 ability,
2884 1083 76 15 persons
2968 1077 81 23 holding
3057 1077 91 22 positions
3157 1077 21 18 of
3184 1077 49 23 great

2802 1097 145 25 responsibility,
2957 1100 36 17 and
3003 1100 53 17 those
3065 1100 74 22 subject
3150 1102 20 15 to
3184 1103 52 19 groat

2802 1123 71 17 mental
2882 1124 76 21 anxiety
2967 1123 36 17 and
3015 1129 66 16 worry.
3107 1122 44 18 This
3156 1122 67 18 ratlilo;
3230 1132 6 5 ■•

2802 1146 96 22 destroyer
2907 1147 33 17 has
2949 1147 57 16 killed
3015 1153 50 11 more
3073 1152 41 11 men
3120 1147 38 16 and
3165 1152 69 11 women

2803 1170 19 16 of
2830 1170 53 16 niark
2893 1170 45 17 rlian
2947 1171 47 16 have
3004 1168 112 25 diphtheria,
3135 1169 82 22 sinull-pi
3226 1176 8 10 x

2802 1192 37 19 and
2853 1193 80 22 typhoid
2949 1194 48 15 fever
3011 1193 104 17 combined.
3149 1193 40 16 The
3201 1192 35 17 kite

2803 1211 89 26 King'of
2909 1216 88 19 Holland,
3019 1216 98 23 Napoleon
3139 1216 45 18 TIL,
3207 1215 29 17 the

2803 1239 45 17 Rev-.
2870 1239 20 17 C.
2913 1239 24 17 11.
2955 1239 109 23 .Spurgcon,
3083 1238 150 18 Vice-President

2803 1262 71 17 Arthur
2883 1263 21 16 of
2914 1263 31 16 the
2954 1262 70 18 United
3037 1263 67 18 States,
3119 1268 31 11 are
3166 1262 57 22 promi-

2802 1287 46 15 nent
2857 1286 100 22 examples,
2968 1285 66 24 bright
3047 1286 48 16 stars
3112 1285 124 23 prematurely

2800 1309 135 22 Extinguished
2952 1309 25 22 by
2993 1309 24 17 its
3036 1315 69 11 means.
3140 1308 94 23 Napoleon

2803 1331 31 18 the
2844 1333 58 16 Great
2910 1338 44 11 once
2963 1332 45 20 said,
3040 1333 9 16 I
3064 1332 39 17 fear
3115 1338 23 10 no
3154 1331 30 18 foo
3198 1331 36 18 that

2803 1355 8 16 I
2822 1361 35 10 can.
2865 1361 29 10 see
2945 1356 37 15 But
2991 1356 29 15 his
3030 1359 54 12 name
3095 1360 36 11 was
3141 1355 64 16 struck
3214 1355 24 16 oil'

2801 1378 33 17 the
2843 1378 61 21 living
2912 1378 34 18 roll
2955 1378 26 22 by
2990 1378 37 17 this
3037 1383 68 13 unseen
3116 1384 71 15 enemy.
3214 1378 22 18 So

2803 1400 31 18 the
2844 1402 121 16 unfortunate
2975 1402 46 16 Czar
3029 1401 78 22 escaped
3123 1401 92 17 numberli
3222 1409 14 6 -■

2802 1425 50 21 plots
2861 1425 36 16 and
2907 1425 122 21 conspiracies
3038 1425 74 21 against
3121 1425 29 16 his
3159 1425 32 16 life
3204 1424 31 17 but

2801 1444 35 20 has
2845 1448 111 17 succumbed
2964 1450 21 15 to
3001 1448 65 22 poison
3081 1448 26 22 by
3121 1453 23 11 an
3152 1448 84 18 .internal

2802 1470 86 18 invisible
2898 1472 36 16 foe.

2825 1494 39 16 The
2873 1495 86 21 question
2968 1495 63 16 arises,
3041 1495 14 15 is
3069 1494 52 18 there
3135 1500 24 10 no
3177 1494 57 17 lesson

2802 1519 20 15 to
2833 1517 20 17 be
2862 1517 61 18 learnt
2931 1517 25 22 by
2964 1518 93 22 posterity
3065 1518 49 17 from
3123 1517 32 17 the
3164 1517 72 22 hapless

2803 1540 38 17 fifto
2858 1541 19 16 of
2891 1547 19 10 so
2925 1547 57 16 many
2998 1541 104 16 illustrious
3119 1546 70 11 careers
3207 1545 26 12 en!

2802 1564 51 16 short
2871 1564 25 21 by
2910 1570 10 10 a
2935 1564 60 21 single
3010 1563 67 22 'tyrant
3084 1566 7 15 ':
3109 1564 96 21 Certainly
3223 1564 10 16 i!

2801 1586 82 18 behoves
2891 1587 25 17 all
2926 1593 41 11 men
2977 1588 20 16 to
3005 1587 24 17 be
3037 1587 91 17 watchful
3137 1592 45 12 over
3197 1586 36 18 first

2803 1611 104 21 symptoms
2915 1610 37 17 and
2964 1610 94 22 instantly
3075 1608 58 24 adopt
3149 1617 12 10 a
3176 1616 61 11 course

2803 1633 19 17 of
2828 1634 103 17 treatment
2938 1634 62 17 which
3008 1634 58 17 taken
3073 1633 21 17 in
3102 1634 45 17 time
3164 1633 39 18 will
3216 1633 15 18 b

2803 1657 69 16 certain
2881 1658 21 15 to
2911 1658 57 16 arrest
2978 1657 32 17 the
3016 1657 103 22 complaint
3125 1656 39 18 and
3168 1658 68 16 restore

2802 1679 32 17 the
2842 1680 74 21 patient
2924 1681 20 16 to
2954 1680 59 17 sound
3026 1680 71 17 health.
3130 1679 18 18 It
3163 1680 15 17 is
3193 1685 32 12 con-

2802 1702 68 19 tended
2880 1703 30 17 for
2915 1703 95 18 Warner's
3018 1702 52 19 Safe
3079 1704 48 17 Cure
3138 1703 44 17 that
3196 1703 15 17 it
3224 1704 14 15 is

2802 1726 32 17 the
2843 1726 45 22 rtnly
2897 1726 90 17 medicine
2994 1726 43 18 that
3046 1732 92 17 possesses
3153 1726 78 18 absoluti

2802 1751 91 20 power'to
2905 1750 92 16 eradicate
3011 1750 37 16 this
3062 1749 76 17 disease.
3171 1750 51 16 Unim-

2801 1773 103 21 peachable
2917 1773 61 21 living
2990 1773 88 17 evidence
3092 1773 100 22 proclaims
3207 1774 29 15 the

2803 1797 38 15 fact
2850 1796 18 16 in
2877 1796 104 17 thousands
2989 1797 20 16 of
3017 1796 99 17 instances-.

2803 1850 426 47 CABLEGRAMS

2829 1935 90 22 London,
2931 1935 54 19 Juno
2998 1935 148 25 18.—Fearing
3159 1936 34 19 the
3204 1942 29 19 op'

2803 1962 87 25 position
2900 1961 62 19 oT'the
2969 1961 54 19 Irish
3032 1961 63 25 Party
3103 1963 34 18 tlie
3147 1961 75 19 Govern-

2803 1990 55 17 ment
2877 1987 115 19 withdraws
3015 1988 34 18 the
3074 1990 45 16 vote
3144 1987 32 19 for
3201 1989 26 17 tie

2803 2010 106 24 Cremwell
2917 2016 66 16 statue
2990 2014 100 25 proposed
3098 2017 20 15 to
3125 2013 25 19 be
3159 2014 76 19 erected

2803 2040 78 19 outside
2893 2039 148 20 Westminster.

2829 2065 42 20 The
2883 2066 66 18 Board
2959 2066 21 18 of
2992 2066 66 18 Trade
3069 2066 18 18 in
3105 2066 34 18 the
3154 2065 80 27 inquiry

2802 2091 43 19 into
2855 2091 35 19 tiie
2900 2091 89 19 collision
2996 2090 94 20 between
3098 2091 34 19 tho
3140 2094 94 17 steamers

2803 2115 90 21 Craithie
2912 2117 40 18 and
2975 2117 58 23 Elbe,
3052 2117 54 19 finds
3127 2117 34 19 the
3184 2117 52 20 chief

2803 2144 66 19 officer
2884 2144 22 18 of
2923 2143 34 19 tho
2968 2143 76 19 former
3061 2144 65 18 vessel
3144 2144 17 19 is
3178 2144 57 19 alone

2804 2169 108 20 blainable.

2829 2196 43 19 The
2883 2196 97 25 Emperor
2990 2195 21 18 of
3021 2195 102 22 Germany
3140 2196 37 19 lias
3192 2199 44 16 sent

2803 2222 35 19 tlie
2857 2222 96 24 Dragoon
2968 2221 81 19 Guards
3062 2222 21 18 of
3098 2222 65 19 which
3178 2223 26 18 lie
3220 2224 16 17 i;;

2804 2248 108 24 Honorary
2923 2244 82 22 Colonel
3015 2254 12 12 a
3038 2248 76 19 wreath
3119 2248 22 19 in
3147 2255 88 19 memory

2804 2275 21 18 of
2838 2274 110 19 Waterloo.

2830 2300 82 23 Lisbon,
2938 2301 54 18 Juno
3013 2300 131 25 18.—Owing
3164 2303 20 16 to
3204 2302 32 19 the

2804 2326 103 19 workmen
2919 2326 82 24 leaving
3017 2326 88 19 braziers
3120 2327 67 25 alight
3203 2328 32 19 the

2804 2351 103 20 Chamber
2916 2352 21 19 of
2947 2352 97 25 Deputies
3054 2352 112 26 buildings,
3175 2354 60 18 alone'

2805 2378 48 20 with
2864 2378 34 19 the
2909 2378 89 20 national
3008 2378 90 20 archives
3115 2379 51 19 have
3185 2380 50 19 been

2804 2405 106 23 des'royed
2920 2405 28 24 by
2958 2405 35 18 (Ire

2830 2431 76 22 Berlin,
2917 2431 53 19 June
2984 2431 101 19 17.—The
3102 2431 79 19 French
3197 2432 39 19 and

2807 2457 86 19 Russian
2904 2457 116 24 Squadrons
3030 2460 41 16 met
3083 2458 22 18 in
3122 2457 34 19 the
3173 2458 63 20 Baltic

2804 2483 41 18 and
2855 2483 82 19 entered
2947 2483 34 19 tho
2994 2483 90 19 harbour
3099 2483 22 19 of
3140 2484 49 19 Kiel
3208 2488 19 16 to-

2806 2509 77 24 gether.

2830 2534 53 20 New
2892 2535 63 23 York,
2966 2535 54 19 June
3031 2535 98 19 17.—The
3140 2535 97 21 Haarlem

2804 2561 46 24 ship
2872 2561 64 23 Canal,
2959 2562 120 23 Connecting
3100 2562 35 18 tho
3151 2562 85 19 Hudson

2804 2587 63 19 Kiver
2879 2587 47 19 with
2937 2587 58 25 Long
3005 2587 70 19 Island
3091 2588 40 18 and
3145 2589 35 18 tlie
3194 2593 41 21 pas''

2804 2619 49 19 sage
2863 2614 67 18 round
2940 2614 103 18 Northern
3059 2613 50 19 New
3120 2614 63 23 York,
3199 2622 38 12 was

2805 2640 78 24 opened
2907 2639 77 25 to-day.
3021 2639 43 20 The
3083 2641 115 24 procession
3218 2643 19 17 of

2805 2665 57 25 ships
2872 2672 41 13 was
2921 2666 47 19 four
2978 2666 58 19 miles
3041 2665 57 26 long.

2806 2724 205 32 AUSTRALIAN
3029 2725 204 32 TELEGRAMS.

2832 2798 87 26 Sydney,
2932 2798 53 20 June
2998 2800 82 18 18.—In
3096 2801 34 19 tlio
3146 2801 81 25 Legisla-

2806 2825 40 19 tive
2858 2825 107 25 Assembly
2976 2825 34 19 the
3022 2825 90 20 Premier
3122 2824 117 22 announce?!

2806 2851 44 19 that
2860 2850 26 19 lie
2900 2850 41 20 had
2959 2852 50 18 been
3030 2852 94 25 officially
3140 2853 98 19 informed

2806 2878 20 18 of
2836 2877 34 18 the
2877 2877 140 24 appointment
3024 2879 21 18 of
3051 2879 97 19 Viscount
3159 2879 62 26 Hamp-

2806 2903 39 19 den
2855 2909 22 12 as
2887 2902 109 24 Governor,
3009 2905 40 18 and
3059 2905 25 19 ho
3101 2905 93 20 believed
3214 2907 25 18 ho

2807 2935 40 13 was
2857 2935 11 12 a
2878 2929 53 25 good
2940 2930 74 19 choice.

2832 2954 84 20 Charles
2940 2956 98 24 Seymour
3064 2957 60 19 Allen
3141 2957 39 20 has
3206 2965 22 12 re-

2806 2981 84 20 covered
2901 2982 76 23 £I,OOO
3000 2982 96 26 damages
3114 2984 81 24 against
3214 2984 23 19 D.

2807 3008 74 22 Willis,
2903 3008 111 24 proprietor
3035 3010 39 17 ami
3093 3010 107 24 publisher
3220 3012 19 17 of

2806 3034 63 18 Truth
2882 3034 31 18 for
2920 3034 55 19 libel.
3004 3034 20 19 It
3035 3042 85 18 appeavs
3127 3036 46 18 that
3181 3036 58 19 Allen,

2807 3060 86 18 married
2902 3060 34 18 the
2953 3060 101 23 daughter
3070 3062 21 18 of
3109 3062 33 17 Air
3157 3062 82 19 Patrick

2807 3084 92 25 Perkins,
2911 3085 83 24 M.L.C.,
3006 3087 40 19 and
3056 3087 78 19 brewer
3151 3088 22 19 of
3188 3088 39 19 Too-

2807 3110 97 25 woomfca,
2916 3112 40 18 and
2965 3112 77 25 shortly
3053 3113 109 20 afterward
3169 3114 70 19 visited

2807 3137 101 22 England.
2936 3138 43 18 The
2997 3140 70 18 article
3086 3140 21 18 in
3126 3140 65 19 Truth
3211 3140 19 19 al-

2807 3163 59 23 leged
2876 3165 44 17 that
2929 3170 24 12 an
2966 3164 85 25 English
3062 3166 56 18 swell
3132 3166 41 19 had
3188 3172 39 14 mar-

2806 3189 44 19 ried
2860 3196 12 12 a
2891 3190 99 18 Brisbane
3009 3192 75 23 society
3102 3192 53 24 lady,
3176 3192 62 19 stolen

2807 3215 37 19 her
2864 3215 70 24 jewels
2953 3217 40 18 and
3012 3217 91 19 deserted
3126 3218 42 18 her.
3197 3219 41 18 The

2806 3241 69 19 article
2894 3242 33 18 did
2945 3245 35 16 not
2995 3243 89 19 mention
3103 3250 40 17 an}-
3162 3250 76 17 names,

2807 3267 38 18 but
2856 3267 34 19 the
2900 3268 90 18 remarks
3000 3274 49 13 were
3057 3269 105 25 generally
3173 3277 66 18 recog.

2808 3293 56 18 uised
2876 3293 25 25 by
2912 3293 76 19 Allen's
2998 3294 77 19 friends
3083 3302 22 12 as
3112 3296 101 25 referring
3220 3300 19 15 to

2807 3318 42 19 him
2861 3318 78 26 though
2945 3319 35 20 the
2990 3320 74 24 charge
3084 3328 41 12 was
3144 3321 94 20 baseless.

2893 3367 239 38 TELEGRAPHIC.

2834 3432 108 20 Auckland
2963 3434 197 25 Wednesday.—Mr
3170 3435 68 21 James

2808 3457 74 22 ITuine,
2910 3461 97 23 manager
3015 3460 21 19 of
3072 3462 35 18 the
3141 3461 97 20 Waikato

2807 3485 77 19 branch
2895 3485 20 19 of
2925 3485 34 20 the
2968 3483 40 22 Ba.
3015 3486 44 19 kof
3074 3487 27 19 N.
3121 3488 23 18 Z.
3162 3488 38 19 has
3209 3494 20 13 re-

2807 3511 52 19 tired
2869 3517 26 13 on
2906 3518 11 12 a
2937 3513 91 24 pension.
3043 3512 33 19 He
3101 3520 40 12 was
3164 3514 32 19 for
3215 3516 23 17 ofi

2807 3543 59 18 years
2876 3537 21 19 in
2907 3537 34 19 tho
2953 3539 101 18 Waikato.

2834 3563 84 23 Paeroa,
2929 3562 197 27 Wodnesft(iy.--lEr
3134 3565 33 19 W.
3178 3565 62 26 Kelly

2808 3588 22 20 M
2840 3589 55 19 H'R.
2909 3589 35 19 has
2954 3590 79 20 arrived
3043 3593 53 21 here,
3108 3591 39 19 and
3162 3593 77 18 several

2808 3617 87 17 matters
2904 3616 21 18 of
2933 3615 51 20 local
2993 3616 124 25 importance
3138 3624 51 12 were
3208 3618 20 19 in-

2808 3641 97 19 troduced
2915 3641 66 19 which
2990 3642 26 19 he
3027 3642 44 20 said
3081 3643 25 18 ho
3125 3643 66 20 would
3211 3647 19 17 at-

2809 3667 48 19 tend
2867 3669 20 16 to
2898 3667 20 19 in.
2929 3668 133 25 Wellington.

2836 3694 133 24 Wellington,
2982 3694 208 26 Weduesday.—The
3211 3696 20 19 in-

2810 3722 59 22 quest
2880 3726 26 12 on
2914 3720 61 19 Louie
2986 3720 71 24 Smith,
3071 3721 44 18 who
3126 3728 41 12 was
3178 3722 62 19 killed

2810 3746 21 17 in
2841 3752 13 12 a
2863 3745 79 25 qua'rrel
2955 3746 20 19 in
2986 3753 12 12 a
3008 3745 131 20 China-nan's
3148 3747 68 23 house,
3229 3754 11 14 a

2810 3771 77 19 verdict
2897 3772 20 17 of
2928 3771 152 26 manslaughter
3099 3779 38 12 was
3147 3774 93 19 returned

2811 3797 82 25 against
2901 3797 85 19 Andrew
2997 3798 100 24 Kennedy
3108 3805 21 12 or
3135 3800 81 19 Jowett.

1300 56 58 26 Itee
1386 62 58 20 hot
1470 62 92 19 lakes
1591 62 170 23 chronicle,
1789 61 191 23 Wednesday,
2008 56 76 26 June
2114 59 29 26 is,
2162 59 47 22 lsoi

131 432 48 16 FOIt
191 431 129 17 SUUi'HJiI-tJS
331 431 80 14 I'UKIS.

77 466 74 19 &&£ttfrl
159 469 52 20 eVery
220 466 77 22 Monday

120 489 44 21 »Sfrf.
171 491 52 19 evtory
231 489 91 20 Thursday

120 515 33 12 K&i
225 509 80 22 Tiieaday
335 510 40 16 IStli
388 505 47 20 June
442 513 45 11 noon

51 528 125 22 &9MS&5iiirJL
219 532 80 19 Tuesday
322 531 42 17 25th
373 530 46 16 June
427 530 10 15 2
443 533 42 17 p.m.

52 554 109 17 MifiAUotnil
224 553 80 21 Tuesday
334 553 34 15 2nd
375 552 25 16 Ju
407 557 11 15 y
424 551 10 16 2
443 556 43 16 p.m.

117 595 80 18 Reduced
207 596 44 16 faros
259 600 28 11 are
295 600 39 11 uow
343 595 17 15 iu
369 593 51 17 force.

53 619 91 16 Auckland
150 616 69 18 Brunch
271 616 105 17 Palmerston
389 614 96 21 Buildings.

51 758 167 35 ir'l-Vji/DATtT,.
238 758 112 26 FVBfcEti,
372 761 53 20 and
445 755 39 25 bo.

54 783 45 27 JLjL
214 788 108 24 (limited),

127 832 56 22 NE\V
198 835 86 17 STEAM
298 832 109 19 SERVICE

51 867 125 31 Bringing
188 868 61 22 Low
258 866 79 23 Fares
347 865 55 23 into
414 864 69 23 force

72 915 95 25 Splendid,
178 915 163 23 Well-appointed
347 913 93 19 Steaniers
445 912 38 17 will

51 941 21 18 be
80 940 112 22 despatched
203 940 49 17 frOifl.
261 939 118 20 AUCKLAND,
390 942 20 12 as
425 936 59 16 under

49 961 90 27 (weather
155 963 37 18 and
212 963 54 17 other
282 962 142 17 circumstances
440 964 33 17 per-

49 986 84 21 mitting-)
141 988 29 16 '.—

49 1009 182 21 ForGISBGRNE,
239 1007 104 22 RAPIER,
351 1004 131 19 VELIING*

71 1034 56 20 TON,
139 1030 157 22 LYTTELTON,
308 1028 14 19 &
332 1028 126 21 DUNEDIN,

47 1058 103 16 Anglian.
158 1053 14 22 ..
181 1056 110 19 .Tuesday,
301 1053 51 17 Juno
359 1053 29 20 25,
401 1053 19 15 12
433 1056 51 13 noon.

48 1081 103 16 Tasmania
201 1079 102 19 Tuesday,
313 1076 47 22 July
368 1077 17 19 9,
397 1076 19 16 12
426 1080 56 12 noom

176 1124 51 18 FOR
242 1122 111 21 SYDNEY,

94 1148 116 23 (Returning
221 1149 20 16 to
251 1145 98 19 Auckland
358 1144 79 23 Direct.)

49 1173 92 22 Carrying
160 1172 113 21 Passengers
295 1170 29 16 for
347 1166 135 22 MELfibuibfE,

59 1195 54 19 other
118 1197 132 16 AUSTRALIAN
257 1194 71 19 POTtT*,
336 1191 133 20 andHOBART,

46 1220 107 22 Tasmania
204 1219 118 23 ..Monday,
326 1219 50 18 June
383 1220 27 19 24,
418 1219 10 16 4
436 1219 45 23 p.ui.

45 1248 96 16 ■AycAAXS
204 1246 106 18 .Monday,
319 1243 47 22 July
380 1243 17 19 8,
412 1243 9 15 3
435 1246 45 17 p.uv.

70 1274 79 22 Freight
157 1273 38 17 and
203 1273 92 21 Passages
308 1272 20 16 at
341 1272 79 15 LOWEST
434 1272 36 14 OUR-

47 1299 54 16 i'.EXT
112 1300 70 15 RATES'.

70 1321 72 17 Return
151 1320 74 18 Tickets
231 1317 91 19 available
329 1317 29 17 for
365 1316 27 17 six
399 1315 81 17 month?.

148 1349 21 17 L.
184 1349 23 16 D.
218 1346 107 19 NATHAN
339 1344 14 18 &
367 1344 44 21 CO.,

379 1367 79 19 Agents.

101 2807 64 44 IL
220 2802 199 49 KOIIN,

47 2865 250 25 MANUFACTURING
319 2862 161 24 JEWELLER,

159 2902 90 25 Q,ueen
274 2899 93 26 Street,

206 2939 121 19 Auckland.

49 2999 41 17 aj,d
113 2994 28 23 B.
156 2989 171 27 PETERSON
343 2989 22 22 &
380 2988 48 28 Co.,

159 3030 77 21 HIGH
257 3028 111 25 STREET,

179 3072 172 29 jCHßisTcitU'Edrr.

73 3140 43 19 The
125 3138 77 25 largest
217 3135 40 20 and
276 3136 53 18 most
343 3133 62 20 select
423 3131 61 21 'stock

48 3166 21 21 of
78 3164 104 27 jewellery
193 3163 57 24 kept.

61 3220 152 28 LEAVING
228 3218 68 24 THE
309 3215 160 25 DISTRICT,

176 3272 60 24 Sale
256 3271 27 23 of
298 3270 116 29 Drapery
435 3267 52 24 and

202 3297 128 28 Clothing.

75 3353 55 20 FOR
142 3352 19 19 A
176 3350 65 21 FEW
257 3347 103 23 WEEKS
372 3346 87 21 ONLY.

57 3404 103 22 .EVERY
183 3401 123 21 ARTICLE
327 3398 144 21 REDUCED.

52 3457 104 27 T>ARE
175 3451 202 24 OPPORTUNITY
400 3451 31 19 for
453 3450 36 19 the

54 3482 46 23 JAj
127 3483 73 19 Public
210 3483 20 17 to
236 3480 100 25 purchase
343 3477 53 20 their
405 3476 85 20 Winter

50 3511 71 19 'Goods
127 3511 21 17 at
153 3509 40 19 less
200 3507 50 19 than
259 3504 118 22 Wholesale
385 3503 77 22 Prices,

87 3561 49 46 S.
176 3555 285 53 HOWARD,

174 3624 92 20 COMET
281 3622 93 20 STORE.

193 3684 163 27 ROTORUA..

83 3869 49 23 (One
139 3866 87 20 minute's
235 3864 50 19 walk
294 3865 47 16 from
350 3864 32 17 the
389 3862 71 18 Govern-

212 3890 53 16 ment
273 3887 75 22 Baths.)

162 3942 7 33 \
181 3947 190 25 T9RMS:

89 3991 46 22 35s
142 3996 46 23 per
208 3989 88 27 week;
315 3988 29 22 6a
358 3993 45 24 per
412 3985 56 30 day.

90 4025 61 24 Two
162 4023 90 23 weeks
263 4029 26 16 or
298 4022 99 30 longer,
415 4020 53 23 30s.

97 4076 31 31 C.
160 4058 304 48 HAWKER~W!LSON,

189 4112 185 21 PROPRIETOR.

510 376 426 53 HANCOCKS'

633 452 183 24 CELEBRATED

685 506 88 32 xxxx

619 562 210 50 iLES,

640 632 56 13 MADE
705 630 54 15 FROM
769 630 42 13 THE

508 678 116 32 FINEST
650 675 86 33 MALT
758 674 64 32 AND
840 673 98 37 HOPS,

546 772 52 14 FREE
610 767 56 19 FR(Mfc
678 769 39 15 AIT,
730 766 129 17 ANTISEPTICS
871 768 26 13 OR

612 807 139 15 DELETERIOUS
770 807 64 14 ACIDS.

508 868 137 36 CAPTAIN
668 871 80 32 COOK
769 864 169 44 BREWERY,

611 929 194 21 NEWMARKET.

507 1131 131 24 nhOTARA
643 1134 94 19 HOUSE
744 1130 194 22 BLOCKS.Shaim

572 1168 32 12 p.rs
624 1161 40 20 and
673 1160 137 20 Government
819 1158 40 20 size
873 1158 65 21 Posts,

506 1188 21 19 in
538 1195 40 17 any
588 1188 101 24 quantity,
700 1183 102 22 delivered
812 1187 19 17 to
842 1191 40 18 any
892 1186 47 23 part

506 1214 21 19 of
536 1214 34 19 tlie
581 1214 110 19 district.—
692 1212 68 25 Apply
774 1213 21 17 at
805 1211 34 19 the
851 1210 88 20 Auction

506 1240 60 20 Mart.

689 1273 19 19 J.
725 1272 28 19 H.
767 1271 119 20 TAYLOR.

530 1350 174 24 WYNYARD
718 1350 20 22 &
746 1348 112 24 PTJBCH
861 1349 49 28 AS,

566 1386 128 19 Barristers
703 1391 40 13 and
756 1385 123 22 Solicitors,

505 1416 81 26 Temple
592 1416 119 23 Chambers,
719 1415 58 25 High
784 1416 28 22 St,
821 1413 108 20 Auckland

600 1474 51 19 have
661 1479 71 19 money
742 1475 20 17 to
773 1472 48 19 lend
832 1477 26 14 on
875 1472 52 19 Mort-

518 1493 13 14 *
537 1493 14 14 *
596 1506 53 19 gage
659 1501 21 18 of
694 1498 100 21 Freehold
810 1498 41 19 and
866 1498 61 19 Lease-

505 1526 46 19 hold
562 1530 94 21 property
667 1528 20 17 at
698 1529 80 16 current
788 1529 62 14 rates.

508 1620 285 47 EhrenMed
815 1621 123 45 Bros

648 1700 144 24 BREWERS,

583 1733 109 19 ALBERT
708 1732 149 24 BREWERY,

527 1774 216 24 QUEEN.STREET,
758 1774 160 20 AUCKLAND

529 1837 64 18 WINE
606 1837 50 16 AND
668 1830 78 23 SPIRIT
758 1836 157 21 MERCHANTS,

547 1861 123 20 BOTTLERS
682 1863 50 17 AND
749 1864 146 20 IMPORTERS,

591 1893 26 19 •IS,
632 1894 132 14 QOEFN-S'TRKET
780 1894 70 13 WIIABK.

597 1944 50 11 TIIIZK
659 1943 59 12 MIiDAL
729 1943 35 11 AND
776 1941 71 14 AWABDS

504 1976 25 15 At
537 1975 28 16 the
578 1974 90 17 following
685 1973 112 19 Exhibitions
812 1973 27 15 for
849 1979 31 10 onr
889 1973 39 16 well-

599 1997 62 14 known
674 1995 44 16 Bulk
728 1994 33 17 and
770 1995 68 16 Bottled

617 2021 48 16 ALE
677 2021 50 16 AND
738 2020 86 17 STOUT:

504 2053 68 20 Sydney
581 2051 125 16 Internatior.nl
715 2051 107 17 Exhibition,
833 2051 49 16 1879.

504 2074 100 17 Melbourne
612 2072 126 16 International
745 2072 109 18 Exhibition,
864 2072 71 16 1880-81

504 2094 42 17 New
553 2094 74 16 Zealand
636 2093 204 19 industriulExhibitiou,
845 2092 80 21 'Welling-

546 2119 36 15 ton,
594 2114 46 17 1880.
832 2114 3 26 •
864 2128 25 12 ,;.
901 2114 4 26 .

504 2140 42 14 ISew
654 2143 33 9 nuu
702 2136 53 16 South
768 2135 41 16 Seas
824 2134 110 17 Exhibition.

546 2158 87 16 Dunedin.
644 2158 79 15 188!)-90.

504 2180 20 16 In
533 2180 76 15 addition
619 2181 16 14 to
645 2180 52 14 above
706 2179 42 15 have
766 2178 43 16 been
816 2178 2 18 ,
823 2178 81 16 awardod
917 2179 19 15 at

545 2201 105 16 Tasmanian
681 2199 107 20 Exhibition,
816 2199 119 20 Linncest6n,

545 2223 81 16 1891-92.

589 2248 56 16 FIVE
657 2246 70 17 FIRST
743 2245 106 18 AWARDS

704 2274 32 14 roil

504 2301 65 16 BULK
581 2300 109 17 BOTTLED
707 2296 41 21 ALE
762 2296 14 21 3
790 2296 41 21 AND
851 2299 78 16 STOUT

697 2335 47 20 Also,

590 2365 251 33 CHAMPIONSHIP

530 2413 65 23 Gold
607 2411 87 24 Medal
704 2412 27 23 of
741 2404 169 31 Australasia

610 2447 72 12 AQAINST
692 2447 98 11 AIXCOMEItS
801 2447 31 12 FOI!

503 2470 90 24 BULK
606 2470 69 23 AND
694 2467 146 25 BOTTLED
857 2469 67 23 ALE

597 2535 73 20 Having
678 2540 8 10 a
695 2534 57 21 Large
760 2534 52 16 Stock
820 2535 18 15 of

616 2565 48 16 ALE
675 2564 51 16 AND
738 2564 83 20 STOUT,

504 2597 68 16 Bottled
579 2597 18 15 in
605 2598 51 19 quart
664 2596 34 15 and
713 2596 38 20 pint
765 2595 67 18 bittle-i,
850 2595 84 21 specially

504 2618 66 16 brewed
577 2618 28 16 for
612 2618 29 16 the
648 2622 75 11 summer
731 2616 53 20 trade,
796 2616 56 16 which
858 2622 29 10 are
894 2622 40 10 now

504 2639 103 21 thoroughly
616 2639 83 18 matured,
711 2643 32 10 can
757 2637 43 16 with
813 2641 51 17 every
879 2637 45 16 confi-

503 2662 52 15 dence
565 2660 107 17 recommend
687 2665 45 10 same
748 2661 17 13 to
780 2663 119 12 connoisseurs
915 2658 19 17 fcs

503 2682 61 17 second
572 2683 18 15 to
597 2686 44 12 none
651 2681 17 16 in
677 2681 29 16 the
714 2680 72 21 Colony.

593 2774 249 50 NOTICE.

506 2914 200 33 FRANKTGN
730 2912 208 33 JUNCTION

671 2955 114 32 HOTEL.

540 3067 172 23 lASSENGERS
726 3067 28 24 by
769 3066 55 20 train
838 3068 21 17 to
875 3064 64 21 Auclo

698 3093 55 19 land.

507 3189 73 20 Trains
602 3189 44 25 s'top
664 3190 76 23 twenty
758 3188 89 19 minutes
866 3189 22 17 at
908 3185 35 21 th.G
953 3185 1 29 !

553 3215 107 19 Erankton
668 3215 97 19 Junction
774 3214 33 19 for
816 3213 81 20 dinner.

534 3265 44 18 Tho
600 3263 137 25 undersigned
764 3263 40 19 has
834 3262 110 19 first-class

509 3290 66 20 Meals
587 3290 62 25 ready
659 3290 40 19 and
709 3289 70 19 served
789 3294 26 14 on
829 3288 77 21 arrival
924 3288 21 19 of

510 3317 27 19 all
548 3316 71 20 trains.

511 3365 218 47 William
741 3363 202 54 Geateh,

566 3444 321 25 PROPRIETGR.

513 3538 148 23 Hancock's
669 3537 97 22 XXXX
773 3535 175 30 Ales'always

644 3570 34 15 on
687 3563 130 28 Draught.

540 3637 114 23 Visitors
667 3637 26 21 to
710 3634 45 24 the
767 3634 54 24 Hot
830 3635 92 23 Lakes.

706 3684 52 17 THE

536 3709 174 47 Palace
765 3707 162 54 Hotel,

516 3772 86 18 Situated
610 3772 19 16 in
638 3771 32 18 the
679 3770 46 17 New
739 3770 128 16 Government
883 3770 54 17 Town-

516 3796 42 17 shit)
578 3796 20 16 in
615 3795 48 17 close
680 3792 102 23 proximity
799 3794 20 16 to
835 3792 33 17 the
885 3793 65 20 Baths,

516 3818 125 20 Sanatorium;
664 3816 46 18 Post
730 3814 57 19 Office
809 3815 37 17 and
867 3815 86 22 Railway

517 3841 80 18 Station.

541 3887 38 17 The
588 3886 57 18 Hotel
654 3886 15 17 is
678 3885 118 22 luxuriously
805 3885 98 17 furnished
916 3884 38 17 and

518 3909 70 23 replete
597 3909 45 18 with
651 3914 55 17 every
713 3909 122 16 convenience
842 3908 29 17 for
877 3908 77 17 tourists

518 3933 39 16 and
577 3932 68 17 others.
678 3932 19 17 It
714 3931 109 18 commands
839 3937 12 11 a
867 3930 87 23 splendid

518 3956 47 17 view
574 3956 20 16 of
602 3955 32 17 the
642 3955 51 17 Lake
703 3954 36 18 and
747 3954 16 18 is
777 3954 68 17 within
861 3959 45 18 easy
922 3960 21 11 ac-

519 3985 39 12 cess
567 3979 19 17 of
595 3978 31 16 the
635 3978 69 21 Geyser
711 3977 77 22 Springs
795 3977 20 17 of
821 3977 119 17 Whakarewa-

519 4008 50 12 rewa
577 4001 37 18 and
623 4000 24 17 all
657 4001 31 16 the
697 4001 60 21 sights
765 4001 20 16 of
794 4000 32 17 the
835 4000 79 17 district.

543 4025 32 18 All
584 4024 101 22 telegrams
693 4024 96 21 pronvptly
798 4023 91 17 attended
904 4024 26 16 to.

588 4069 86 33 JOHN
704 4069 183 38 JOHNSTON,

508 4101 5 17 1
659 4111 168 19 PROPRIETOR.

1074 126 22 23 J,
1119 126 29 22 Rv
1171 126 128 28 GOWAtf,

1008 165 160 19 BARRISTER
1181 166 16 18 &
1212 164 152 24 SOLICITOR,

968 256 50 26 May
1029 257 23 19 be
1062 257 106 19 consulted
1177 260 20 15 at
1208 256 117 21 FallOoua's
1334 256 69 19 Hotel.

1103 301 161 18 NOTICE.

968 376 43 14 JTjL
1035 371 39 22 dog
1082 376 21 12 or
1112 376 39 16 gun
1161 374 23 14 on
1196 376 38 16 any
1248 371 75 21 portion
1338 369 19 18 of
1371 369 15 16 tl

966 394 47 17 N.Z.
1035 393 79 18 Thames
1130 393 67 23 Valley
1218 393 56 18 Land
1290 393 96 22 Conipany

966 418 66 16 Estate
1042 416 37 19 will
1089 416 22 18 be
1120 416 117 23 prosecuted.

1101 439 77 17 MARK
1191 439 140 18 HARRISON,

1280 462 98 18 Manaeor.

1050 552 135 19 CHILDREN
1191 554 20 17 of
1217 554 32 17 the
1255 552 66 19 Public
1328 553 51 18 Sdhoi
1385 552 15 21 »1,

1030 577 77 17 assisted
1115 576 26 23 by
1150 582 11 12 a
1169 576 37 18 few
1215 577 66 19 elders,
1291 576 38 17 will
1339 577 42 20 give
1392 582 8 11 n

968 601 78 17 „jncert
1052 600 20 17 irt
1081 600 33 18 the
1122 600 67 18 Public
1202 600 47 18 Hall
1264 606 23 12 on-

966 628 47 15 iiay,
1024 623 31 17 the
1064 623 45 18 26th
1117 624 52 20 inst*,
1179 623 20 18 in
1208 623 31 18 aid
1253 624 19 17 of
1287 623 32 18 the
1334 622 66 18 School

966 646 62 18 funds'.

1082 670 72 18 Prices
1161 670 4 18 :
1178 671 20 16 2s
1211 670 38 17 and
1260 671 23 15 Is.

1164 697 18 17 J.
1195 696 29 19 W.
1239 696 114 18 WEBBER.

964 743 47 46 J.
1024 744 50 46 T.
1089 741 306 48 HENSHAW

983 847 148 35 GENERAL
1142 848 242 36 STOREKEEPER*

1042 931 66 23 THE
1120 928 199 30 BUNGALOW

963 1004 187 25 KAKA.RA.MEA,
1180 1004 130 21 GALATEA
1338 1004 60 20 AND

1015 1039 171 23 WAI-O-TAPU
1196 1038 10 22 J
1213 1039 132 23 UNCTION.

988 1194 83 24 Hoise
1086 1194 59 23 feed
1160 1193 51 23 aiid
1230 1191 139 24 Luncßeoi

1112 1223 132 30 provided.

964 1312 141 32 rpENBERS
1114 1312 38 20 will
1162 1316 22 17 he
1193 1315 84 18 received
1286 1321 26 16 up
1320 1316 20 17 to
1349 1321 50 12 noon

978 1334 8 23 I
1027 1340 19 17 of
1053 1340 33 17 the
1095 1340 44 16 20th
1148 1339 39 17 inst
1195 1339 30 17 for
1232 1339 34 17 the
1281 1338 81 18 erection
1380 1338 20 18 of

963 1370 10 10 a
982 1364 47 21 shop
1037 1363 38 16 and
1089 1363 86 22 printing
1190 1363 52 17 office
1259 1363 30 17 for
1305 1362 32 17 the
1354 1362 45 16 Hot

963 1387 67 16 Lakes
1039 1387 123 17 Ciiuoxici/e.

987 1410 47 17 Plan
1042 1409 38 17 and
1093 1409 136 23 specifications
1247 1410 20 16 to
1279 1409 24 16 bo
1320 1414 43 11 seen
1379 1409 21 16 at

962 1433 33 17 the
1004 1432 51 18 office
1064 1433 20 17 of
1092 1432 32 18 Mi-
1132 1431 22 19 B.
1169 1432 18 18 S.
1204 1430 78 23 Corlett,
1300 1432 97 20 architect,

963 1456 74 16 Fcnton
1046 1455 27 17 St?.

1426 3053 109 18 DISEASE
1548 3053 97 17 DEFIED
1654 3053 4 18 !

1519 3076 108 17 HEALTH
1641 3076 128 18 INSURED!

1427 3123 137 18 CLEMENTS
1577 3120 77 20 TONIC

1520 3145 87 18 HOLDS
1620 3146 52 17 THE
1685 3146 109 18 RECORD.

1450 3193 54 17 More
1518 3192 46 18 lives
1581 3192 56 18 saved
1653 3192 26 23 by
1696 3193 95 17 Clements
1808 3194 58 17 Tonic

1428 3217 46 16 tliah
1482 3215 26 23 by
1517 3215 26 17 a'll
1552 3215 54 17 other
1615 3215 99 18 medicines
1724 3216 104 18 combined.

1428 3263 17 16 A
1458 3262 120 17 GENUINE
1592 3262 109 17 ARTICLE

1523 3284 145 18 COMMANDS
1682 3285 112 19 SUCCESS.

1426 3328 143 22 'CLEMENTS
1581 3331 77 18 TONIC

1524 3354 25 17 IS
1562 3354 125 17 GENUINE.

1572 3377 137 18 CLEMENTS
1720 3378 77 18 TONIC

1664 3401 24 17 IS
1701 3401 166 18 SUCCESSFUL.

1502 3447 71 17 READ
1585 3447 52 17 THE
1652 3447 140 18 EVIDENCE.

1432 3493 40 18 Mrs
1481 3487 135 26 Ertith&ohns,
1626 3493 76 21 Nelson,
1717 3494 48 17 New
1779 3494 89 20 Zealand,

1432 3517 42 16 who
1484 3516 63 17 writes
1554 3516 4 22 :
1561 3517 33 16 —-I
1601 3523 29 10 am
1640 3516 45 22 glad
1693 3518 21 16 to
1722 3516 23 19 bo
1754 3518 42 16 able
1805 3519 20 16 to
1832 3518 38 17 add

1429 3540 36 22 'iuy
1473 3540 108 21 testimony,
1592 3539 37 17 and
1637 3537 70 21 thanks
1716 3540 19 17 to
1744 3546 37 16 you
1794 3541 30 17 for
1837 3542 33 16 the

1429 3563 58 25 [great
1495 3562 70 18 benefit
1578 3563 10 16 I
1601 3562 47 17 haVe
1662 3563 83 17 received
1760 3565 49 16 from
1823 3570 48 16 your

1432 3586 64 17 Tonic.
1522 3585 65 17 About
1595 3586 38 17 two
1642 3591 52 17 years
1704 3592 36 16 ago
1750 3587 9 17 I
1776 3588 35 22 got
1825 3593 46 17 very

1434 3610 41 16 thin
1484 3608 38 17 and
1530 3608 48 23 pale,
1589 3609 38 16 and
1634 3608 38 17 had
1684 3610 10 15 ii
1709 3610 68 17 fearful
1791 3610 45 22 pain
1851 3611 19 16 in

1434 3638 31 17 my
1474 3632 59 19 chest,
1543 3632 59 16 which
1613 3631 95 19 increased
1716 3638 20 12 so
1745 3633 43 17 that
1797 3634 9 16 I
1816 3634 56 16 could

1434 3655 34 17 hot
1477 3655 56 16 stitud
1541 3655 84 23 upright.
1651 3655 10 17 I
1670 3661 39 11 saw
1722 3661 11 12 a
1746 3655 65 18 doctor
1828 3657 43 17 who

1434 3678 40 17 said
1491 3684 31 15 my
1540 3678 55 22 lungs
1609 3684 47 11 wore
1670 3679 58 20 weak,
1743 3679 24 17 ho
1781 3685 47 17 gave
1842 3686 29 11 me

1434 3707 52 12 some
1494 3700 91 18 medicine
1598 3700 37 18 and
1648 3701 41 17 said
1703 3702 9 16 I
1729 3703 51 16 must
1795 3704 35 15 not
1847 3709 25 16 go

1435 3725 33 17 out
1476 3724 21 17 in
1505 3723 97 24 the'night
1610 3723 25 18 air
1636 3723 2 25 -
1639 3723 3 25 ,
1657 3724 35 18 but
1707 3725 73 17 instead
1795 3726 20 16 of
1828 3728 32 20 get-

1435 3748 42 22 ting
1486 3747 61 16 better
1557 3747 9 16 I
1575 3747 100 23 gradually
1684 3749 34 21 got
1731 3754 64 15 worse,
1811 3749 38 17 and
1862 3749 10 17 I

1435 3777 13 12 v>
1448 3777 5 4 r
1453 3777 20 10 as
1483 3770 44 22 glad
1537 3770 74 22 enough
1621 3771 33 16 not
1663 3772 19 15 to
1691 3771 47 17 have
1747 3772 20 16 to
1776 3777 25 17 go
1810 3773 34 15 out
1853 3773 20 16 at

1436 3791 31 24 all,
1477 3792 36 18 but
1520 3793 25 17 lie
1554 3793 55 17 down
1618 3793 25 17 all
1651 3793 43 22 day.
1725 3794 44 17 This
1785 3796 50 16 wont
1848 3801 24 11 on

1436 3817 29 16 for
1474 3816 81 19 months,
1566 3816 37 16 and
1612 3817 65 21 people
1687 3817 59 17 called
1761 3817 15 17 it
1788 3817 74 22 indiges-

1436 3839 40 21 tion
1484 3839 4 22 ;
1503 3839 37 17 and
1550 3845 35 11 one
1594 3839 36 22 day
1639 3845 10 11 a
1660 3840 60 17 friend
1730 3840 143 19 recommended

1437 3862 101 18 Clement's
1558 3862 63 21 Tonic,
1642 3862 63 18 which
1726 3863 10 16 I
1753 3864 120 17 commenced

1437 3886 68 20 talcing
1514 3887 19 15 at
1542 3891 51 15 once,
1603 3885 38 17 and
1648 3886 65 17 before
1721 3886 32 17 the
1762 3884 42 20 first
1813 3886 61 18 bottle

1437 3914 38 11 was
1484 3907 80 19 finished
1573 3909 10 16 I
1592 3909 35 16 felt
1640 3909 67 20 better,
1726 3909 37 17 and
1778 3910 49 16 after
1841 3910 33 17 the

1437 3932 68 17 second
1514 3937 38 11 was
1561 3937 20 11 as
1590 3932 42 16 well
1641 3937 19 12 as
1669 3938 53 14 ever;
1737 3932 10 17 I
1756 3932 55 17 could
1824 3938 28 12 r*~
1854 3933 12 9 ri

1438 3960 36 16 any
1484 3954 89 20 distance,
1583 3954 66 22 people
1658 3954 43 18 that
1710 3955 56 17 know
1774 3961 30 11 mo
1817 3961 13 12 si

1438 3983 30 12 am
1477 3982 11 12 a
1497 3977 87 17 different
1593 3977 42 22 girl,
1644 3978 38 16 and
1691 3984 11 12 a
1711 3978 50 22 good
1772 3979 92 17 advertise-

1438 4001 53 16 ment
1507 4001 30 16 for
1559 3997 93 21 Clements
1669 4001 63 17 Tonic.
1769 4002 76 22 To-day
1866 4003 9 16 I

1439 4023 62 17 would
1510 4024 33 15 not
1552 4023 23 17 bo
1587 4024 78 17 without
1673 4024 20 20 it,
1705 4024 37 17 and
1749 4024 10 17 I
1768 4025 45 21 only
1827 4026 48 21 hope

1439 4046 37 18 tins
1487 4046 37 17 will
1533 4046 66 17 induce
1611 4047 61 17 others
1682 4048 19 16 to
1714 4050 31 19 try
1759 4053 47 16 your
1820 4048 44 17 valu-

1439 4069 42 17 able,
1494 4069 196 18 medicine.—Believe
1705 4076 35 14 me,
1757 4076 57 16 yours
1830 4077 45 16 very

1439 4092 109 22 gratefully,
1567 4092 58 17 Edith
1641 4093 67 20 Johns,
1730 4093 77 21 Nelson,
1829 4094 46 17 New

1440 4114 88 17 Zealand.

886 4203 101 40 Ask
1011 4203 71 41 for
1109 4203 266 42 Hancock's
1406 4205 280 40 Celebrated
1718 4207 191 39 XXXX
1935 4205 113 43 Ales
2075 4210 95 38 and
2196 4209 150 39 Stout

2880 3856 62 22 Late
2959 3856 219 25 Advertisement-

2854 3906 134 20 ROTORUA
3000 3908 109 20 JOCKEY
3126 3910 55 19 CLU

2837 3959 6 8 *
2881 3958 129 20 MEETING
3023 3960 21 19 of
3055 3960 35 20 the
3107 3962 101 21 Stewards
3226 3963 20 20 of

2854 3993 10 10 l
2893 3984 35 20 the
2939 3985 63 19 above
3014 3986 52 19 Olub
3078 3987 40 19 will
3128 3987 25 20 lie
3164 3989 48 19 hold
3227 3990 19 19 in

2815 4010 35 19 the
2871 4010 139 26 smoke'room,
3038 4012 55 20 Lake
3121 4013 70 22 House
3223 4021 25 14 oft

2815 4036 132 25 Wednesday
2956 4038 92 25 evening,
3061 4038 54 20 Juno
3125 4040 55 25 26th,
3200 4045 20 16 at
3239 4046 9 11 >-

2815 4062 83 20 o'clock.

2973 4089 93 21 PERCY
3082 4090 87 25 THOM,

3111 4117 54 20 Hjii.
3181 4118 40 19 £>eo.
