3193 4258
98 79 118 22 CURIOUS
230 78 145 20 REMEDIES.

49 135 21 19 It
80 140 38 14 was
126 133 53 19 wont
188 133 19 18 to
221 131 26 19 bo
254 131 61 19 taken
324 131 32 19 for
366 131 77 24 grantee

21 161 44 19 that
80 159 76 20 Nature
171 164 39 12 was
225 157 26 18 all
265 163 74 18 wrong,
351 157 40 18 and
407 156 36 18 th-1

23 187 35 19 she
67 185 33 19 did
110 187 33 16 not
157 184 59 19 know
234 183 36 18 her
284 182 98 20 business.
411 182 32 19 Eoi

23 213 92 21 instance,
126 209 78 20 instead
212 209 22 18 of
240 208 98 24 bringing
346 208 35 18 the
389 208 54 24 edges

23 239 20 18 of
65 244 11 12 a
99 236 69 19 wound
187 234 97 26 together,
300 234 39 18 and
353 234 90 24 allowing

21 264 54 19 them
92 264 21 17 to
134 261 59 24 unite,
214 260 33 19 old
261 259 129 26 chirurgeons
407 261 36 17 tore

21 290 53 18 them
105 287 60 21 wider
188 288 57 24 apart
271 286 28 24 by
321 292 11 12 a
364 285 79 19 hideous

20 315 83 25 forceps,
123 313 39 19 and
184 312 54 20 filled
252 312 33 19 the
303 311 73 20 wound
399 311 44 19 with

21 340 43 19 acid
85 340 87 19 balsams
205 338 39 20 and
265 337 57 20 other
343 337 61 19 kinds
427 338 16 18 of

20 366 105 25 dressings,
143 363 4 28 '
155 365 38 19 lest
210 365 16 19 it
252 363 72 19 should
345 363 47 19 heal
414 365 29 17 too

19 392 61 20 soon.'
108 391 41 19 The
162 391 65 19 virtue
236 391 21 18 of
270 389 42 19 cold
331 391 61 17 water
406 396 37 12 was

18 417 74 25 wholly
99 417 137 24 unsuspected.
264 415 95 24 Scalding
368 415 28 19 oil
405 421 38 13 was

19 444 49 19 used
85 443 32 19 for
127 443 89 24 dressing
235 448 57 12 sores.
321 440 25 19 So
357 447 40 13 was
411 441 32 19 the

18 470 27 19 oil
55 470 20 18 of
84 469 80 22 kittens,
175 474 11 13 a
200 467 116 25 mysterious
333 467 110 24 compound

18 495 98 26 prepared
125 495 26 25 by
161 494 76 24 boiling
245 493 39 19 live
294 495 45 21 cats,
352 494 43 17 coat
405 492 38 19 and

19 521 32 23 all,
63 521 20 18 in
93 521 50 19 olive
154 519 32 20 oil.

44 547 90 24 Writing
142 552 24 13 ou
176 547 94 17 tumours,
288 545 34 19 tho
339 546 104 24 preceptor

18 573 21 19 of
48 573 88 23 Harvey,
155 572 41 19 who
206 571 113 19 discovered
334 571 35 18 tho
383 571 50 18 circu-

16 599 62 19 lation
89 599 21 18 of
118 598 33 19 the
164 597 66 23 blood,
240 596 91 25 says:—'
340 596 22 19 If
371 596 16 19 it
396 596 25 19 be
431 603 11 13 a

16 624 92 19 movable
117 630 41 16 one,
169 623 11 18 I
186 626 33 15 cut
230 623 14 18 it
254 629 56 18 away
319 622 49 19 with
378 628 10 13 a
398 622 33 19 red-

16 650 36 19 hot
61 650 49 22 iron,
120 649 44 19 that
172 655 53 12 scars
235 655 21 12 as
273 648 16 19 it
307 650 42 17 cuts
360 648 4 24 ;
379 648 37 19 but
426 648 16 19 if

16 675 17 20 it
41 676 25 19 bo
84 675 94 20 adherent
195 676 20 18 to
230 675 33 18 tho
277 674 59 21 chest,
347 674 12 18 I
377 676 33 17 cut
426 675 15 18 it

16 702 84 19 without
122 700 92 25 bleeding
233 700 48 19 with
299 707 11 12 a
324 700 82 19 wooden
420 707 22 12 or

16 728 51 19 horn
75 727 62 23 knife,
152 726 74 20 soaked
235 726 21 19 in
266 726 115 26 aquafortis,
392 726 49 19 with

16 753 70 24 which,
106 753 75 25 having
193 755 34 17 cut
237 753 33 18 tho
280 752 50 23 skin,
341 752 11 18 I
362 752 35 25 dig
407 754 33 18 out

16 779 35 19 the
59 780 40 18 rest
117 779 47 19 with
182 785 33 18 3113'
229 779 86 24 lingers.'
343 778 48 19 This
401 785 39 12 was

16 812 83 18 surgery
109 805 37 19 less
157 804 48 19 than
219 805 56 18 three
285 804 91 19 hundred
383 811 57 18 years

15 831 51 25 ago!

41 857 41 19 The
93 857 115 24 eighteenth
218 858 81 23 century
306 857 76 25 opened
392 857 47 19 with

16 889 25 13 an
58 883 119 19 established
190 885 74 22 system
286 883 20 18 of
320 883 120 24 everlasting

15 908 100 25 bleeding.
143 909 41 18 The
202 915 34 18 cry
249 915 45 17 was,
311 908 4 25 '
324 909 58 18 Come
400 909 39 18 and

14 934 26 20 bo
47 935 98 19 blooded.'
172 935 74 25 l'eoplo
264 940 50 13 were
330 934 4 26 '
341 934 84 19 blooded
433 934 4 26 '

14 960 68 20 before
92 961 47 25 they
148 962 52 17 went
209 967 25 12 on
238 967 11 12 a
256 960 48 25 long
313 960 125 24 stage-coach

14 986 97 26 journey;
139 987 66 18 bei'oro
232 986 46 23 they
306 986 58 19 made
386 986 52 19 their

14 1011 61 26 wills;
90 1012 67 19 before
174 1012 47 24 they
242 1012 34 18 did
290 1017 33 20 anj
331 1011 57 25 iking
401 1018 24 12 un-

13 1038 64 19 usual.
105 1038 20 19 If
135 1044 11 13 a
162 1044 75 13 woman
251 1038 82 22 fainted,
348 1038 36 18 she
397 1044 40 13 was

12 1063 58 25 bled;
84 1064 17 18 if
110 1070 12 13 a
142 1070 46 13 man
210 1063 62 20 broke
287 1064 31 18 his
340 1063 39 25 leg,
404 1064 33 17 the

12 1089 56 20 leech
97 1095 53 13 came
169 1089 49 20 with
245 1089 31 18 his
298 1089 70 19 lancet.
404 1088 33 20 Mr

12 1115 91 19 William
118 1116 89 23 Masters,
215 1122 25 12 an
251 1115 85 19 eminent
349 1121 86 19 surgeon

12 1140 21 20 in
42 1140 169 25 Worcestershire,
222 1147 40 13 was
280 1147 21 13 so
315 1141 31 19 far
355 1147 52 18 gone
415 1141 20 19 in

11 1167 137 25 consumption
164 1167 43 19 that
220 1167 25 19 ho
263 1173 40 13 was
316 1168 34 18 not
360 1167 45 18 able
415 1168 20 18 to

11 1193 59 19 stand
92 1193 61 19 alone,
181 1193 38 19 nis
233 1192 82 19 medical
331 1193 104 18 attendant

11 1219 81 19 aslviscd
114 1219 41 18 him
177 1220 19 17 to
215 1218 4 20 '
228 1218 40 19 lose
284 1218 30 18 six
328 1224 72 13 ounces
414 1219 21 18 of

11 1244 59 19 blood
80 1250 58 19 every
151 1244 39 25 day
198 1244 32 18 for
239 1250 12 13 a
268 1244 104 25 fortnight,
384 1245 16 18 if
409 1245 25 18 he

11 1270 54 19 lived
73 1277 21 12 so
105 1270 64 25 long!'

35 1296 31 18 Dr
87 1296 64 23 Cains,
168 1302 11 13 a
202 1296 109 19 celebrated
331 1295 102 26 physician

11 1321 150 27 (1510—1576;,
171 1321 43 20 tells
225 1328 23 13 us
257 1322 44 19 that
312 1322 62 19 'little
383 1322 50 25 dogs

11 1354 33 13 are
53 1348 51 25 good
113 1350 19 17 to
143 1353 83 20 assuage
233 1348 33 20 the
273 1348 87 19 sickness
370 1348 20 19 of
400 1349 33 18 the

11 1374 92 24 stomach,
120 1374 59 25 being
202 1374 111 19 oftentimes
329 1374 104 19 thereunto

11 1400 78 26 applied
112 1406 20 13 as
155 1406 10 13 a
196 1400 74 25 plaster
292 1400 140 26 preservative.

11 1425 40 22 Tho
73 1426 74 19 disease
169 1425 21 20 of
212 1426 33 19 the
275 1426 114 24 gentleman
411 1433 22 12 or

11 1451 141 29 gentlewoman
170 1451 89 21 ontereth
272 1452 41 19 into
331 1452 33 19 the
379 1452 53 26 dog.'

11 1476 72 30 People
101 1481 50 17 went
168 1477 86 27 literally
268 1480 19 17 to
297 1478 32 20 the
344 1478 49 26 dogs
412 1479 21 18 in

11 1504 34 20 tho
67 1503 61 21 hands
151 1504 20 20 of
187 1503 53 22 these
259 1504 32 19 old
311 1504 121 26 physicians.

11 1529 55 23 Hero
75 1530 16 20 is
106 1537 12 13 a
125 1530 79 26 remedy
213 1530 64 20 which
293 1537 36 14 one
348 1531 20 19 of
378 1530 54 21 them

11 1556 107 28 prescribe
131 1556 31 22 for
179 1556 60 28 gout:
257 1556 2 28 '
269 1557 53 20 Take
337 1563 11 14 a
364 1563 68 20 young

11 1588 73 22 puppy,
97 1582 25 21 all
138 1588 34 16 one
187 1582 70 25 colour,
268 1583 39 20 and
317 1586 33 17 cut
359 1582 41 22 him
411 1583 21 22 in

12 1612 37 18 two
66 1609 63 27 pieces
143 1608 85 28 through
252 1609 33 20 the
304 1609 51 21 Lack
374 1610 56 24 alive,

11 1635 40 22 find
68 1637 33 25 lay
117 1642 35 13 one
170 1635 41 20 side
224 1636 34 20 hot
273 1637 20 19 to
303 1636 33 20 tho
350 1637 82 25 grieved

11 1660 69 30 place.'
107 1661 86 22 Another
211 1668 45 14 cure
271 1662 31 21 for
320 1665 49 23 gout
388 1669 33 14 con-

13 1688 57 20 sisted
81 1688 20 20 of.
120 1688 3 27 '
130 1689 89 26 raspings
230 1688 19 21 of
263 1695 11 13 a
290 1688 74 21 human
379 1689 53 20 .skull

11 1714 104 21 linburied.
118 1714 3 21 1

37 1741 115 19 Rheumatic
170 1739 68 28 peeple
252 1747 49 15 were
319 1741 71 21 buried
404 1748 27 21 up

14 1765 17 22 bo
42 1767 33 19 the
84 1767 44 19 chin
143 1768 20 18 in
177 1769 47 18 mud
238 1768 58 20 baths
305 1765 3 28 ;
322 1775 50 13 cows
381 1775 51 13 were

11 1793 89 26 brought
121 1794 40 19 into
185 1793 31 21 the
235 1794 101 20 bedrooms
350 1795 22 19 of
388 1802 42 12 con-

11 1819 99 294 Ilumptive
123 1820 89 25 patients,
232 1821 50 18 their
292 1821 69 19 breath
371 1821 61 25 being

22 1845 86 26 egarded
131 1853 20 12 as
176 1852 12 14 a
211 1847 82 26 specific.
320 1847 51 19 Gold
393 1848 39 18 and

19 1871 57 20 (earls
94 1878 50 14 were
166 1871 38 21 tak<
212 1879 11 12 n
238 1873 105 26 internally
357 1873 27 25 by
398 1874 33 19 the

19 1897 35 19 ick
77 1898 43 19 who
143 1899 54 18 could
214 1899 63 19 afford
295 1899 33 19 tho
345 1900 87 24 remedy.

19 1923 66 21 Jaxter
94 1924 70 19 relates
177 1925 44 19 how
239 1925 25 19 he
277 1925 69 25 nearly
354 1925 38 19 lost
402 1926 31 18 his

20 1949 27 20 ifo
65 1950 26 24 by
105 1950 120 26 swallowing
247 1957 10 13 a
273 1951 72 25 golden
362 1951 70 20 bullet.

19 1975 23 20 )n
51 1976 81 19 another
142 1977 93 23 occasion,
251 1979 19 17 to
285 1979 44 24 stop
339 1977 94 26 bleeding

19 2003 12 18 it
40 2003 33 18 tho
82 2008 46 13 noso
138 2002 24 19 ho
173 2003 52 23 used,
237 2003 26 25 by
272 2003 31 19 his
313 2003 118 25 physician's

23 2027 59 24 dvice,
102 2028 32 19 the
148 2034 50 13 moss
209 2029 49 18 from
275 2035 12 13 a
301 2029 49 19 dead
368 2030 64 19 man's

20 2053 49 20 kull.
96 2054 50 19 John
157 2054 86 26 Wesley,
263 2055 21 18 in
297 2055 30 19 his
346 2053 4 27 '
359 2055 60 20 Primi-

19 2079 30 19 ivo
63 2080 199 24 Physic,'prescribes
277 2083 5 8 '
290 2081 30 19 six
332 2081 98 25 middling

11 2115 77 221 i'.The
98 2130 74 21 balsam
175 2131 21 20 of
199 2131 53 20 bats'
261 2139 40 13 was
310 2139 12 13 a
331 2132 99 21 favourite

23 2156 66 27 emedy
108 2157 20 20 of
150 2156 29 21 Sir
203 2158 100 19 Theodore
326 2158 101 26 Mayerne,

23 2183 48 19 !o:irt
80 2183 96 26 physician
197 2186 19 17 to
229 2184 67 19 James
305 2185 24 25 L,
347 2184 82 21 Charles

24 2222 5 7 .
47 2209 38 19 and
107 2209 77 21 Charles
206 2210 29 20 11.
275 2210 41 20 One
343 2212 21 19 of
395 2212 34 19 tho

23 2235 71 19 aedieal
111 2235 83 20 advisers
204 2237 19 19 of
242 2237 68 20 Queen
324 2237 104 20 Eb'zabeth

23 2261 38 19 :sed
82 2263 19 17 to
122 2261 75 26 prescril
207 2269 9 12 e
241 2261 3 28 '
252 2270 12 12 a
281 2263 58 19 small
360 2270 69 19 young

23 2293 56 13 aouso
98 2288 73 18 roasted
181 2288 4 22 '
206 2289 31 19 for
251 2296 10 12 a
284 2289 52 21 child
350 2290 49 20 with
418 2296 11 14 a

22 2312 64 25 prtain
96 2320 80 13 nervous
185 2315 83 26 malady.

11 2336 12 22 II
38 2339 57 24 Mice,
119 2342 35 22 too,
181 2341 89 26 supplied
293 2342 33 20 the
349 2343 80 26 remedy

11 2364 83 20 wrdored
124 2366 29 20 for
189 2367 239 27 'squinancy'—quinsy.

11 2391 71 23 ■Take
101 2398 10 12 a
127 2392 37 19 silk
185 2392 67 21 thread
270 2394 72 26 dipped
355 2395 23 19 in
395 2396 34 18 the

11 2412 61 25 Bfiood
80 2417 21 20 of
110 2424 10 13 a
137 2425 70 18 mouse,
226 2420 39 19 aud
278 2420 27 20 let
322 2421 34 19 tho
371 2423 59 24 party

11 2439 88 38 ijiwallow
108 2444 14 19 it
131 2445 60 24 eiowu,
199 2445 36 20 uiid
245 2446 16 19 it
268 2447 39 19 will
316 2454 45 12 euro
372 2442 56 24 bun'.'

11 2465 165 25 Huriorefathers
186 2472 74 19 seemed
270 2475 17 16 to
297 2473 49 19 have
356 2473 74 20 valued

11 2491 36 33 \she
56 2495 83 20 internal
153 2497 65 20 rather
235 2498 46 20 than
297 2499 33 20 the
339 2499 90 21 external

11 2517 37 36 ||bo
67 2522 19 18 of
108 2529 50 19 soap.
185 2524 19 19 It
216 2530 38 14 was
268 2525 112 26 prescribed
397 2526 33 19 for

11 2546 86 30 'lalculut
120 2548 26 25 by
167 2556 9 11 a
204 2551 55 25 great
279 2550 52 26 light
353 2552 22 19 in
395 2552 34 20 tho

12 2572 84 21 ikedical
118 2574 58 20 world
197 2576 20 19 of
246 2577 29 18 lh
299 2577 42 25 day,
367 2578 62 20 called

11 2598 93 26 Hartley.
131 2600 39 20 The
187 2601 64 21 doitor
263 2603 80 20 himself
355 2604 47 20 died
409 2605 21 19 of

11 2624 95 125 Iloulus,
116 2626 20 19 in
154 2627 50 25 1757;
219 2628 50 20 after
277 2629 127 27 Bwallowing,
414 2630 16 20 it

38 2658 15 12 is
63 2652 48 24 said,
120 2654 35 17 two
165 2652 85 22 hundred
261 2656 75 24 pounds
354 2657 74 25 weight

45 2684 53 19 soap.
125 2678 24 20 In
157 2679 43 25 fact,
212 2680 97 21 whatever
322 2689 40 14 was
372 2684 58 24 nasty

38 2703 16 19 .d
63 2704 96 20 whatever
167 2705 80 22 lowered
257 2707 32 20 the
296 2711 70 22 system
378 2715 50 14 seem

44 2729 50 20 have
104 2730 47 20 been
160 2732 110 21 considered
277 2734 51 25 good
334 2735 96 20 remedies

12 2754 24 22 in
45 2755 54 20 these
109 2757 49 24 good
167 2758 31 19 oil
207 2758 52 26 days.

40 2781 61 20 Much
117 2783 60 20 virtue
186 2780 87 25 was'also
292 2788 108 21 attributed
409 2791 20 17 to

13 2807 69 26 things
105 2809 41 19 that
169 2817 47 13 were
239 2812 82 26 ghattiy.
348 2814 18 19 A
385 2815 45 25 ring

12 2834 59 20 Eaado
92 2835 20 18 of
125 2835 32 19 the
174 2836 58 26 hinge
317 2840 55 19 coffin
390 2847 40 13 was

12 2859 88 26 thought
113 2863 18 17 to
140 2862 70 20 relieve
219 2870 80 20 cramps.
325 2866 41 19 The
376 2866 55 26 chips

12 2885 24 21 Of
44 2892 12 13 a
64 2886 79 25 gallows
153 2894 24 13 on
188 2889 61 20 which
265 2892 71 18 several
350 2898 80 19 persons

12 2910 42 22 had
62 2912 49 20 been
121 2913 81 26 hanged,
215 2916 55 19 when
278 2924 53 13 worn
340 2918 20 19 in
371 2925 10 13 a
391 2919 40 26 bag

12 2938 66 20 round
96 2940 33 18 the
143 2943 52 21 neck,
211 2948 49 14 were
273 2945 124 23 pronounced
406 2952 25 13 an

11 2963 102 23 .infailiblo
130 2972 42 14 cure
190 2967 31 20 for
312 2970 40 20 Tho
366 2972 66 19 stroke

11 2989 29 84 I
45 2990 33 19 the
92 2992 53 19 hand
162 2993 19 19 of
191 3000 11 13 a
213 3000 45 14 man
277 2995 42 20 who
333 2996 39 20 had
382 2997 48 20 been

41 3018 8 17 t
76 3017 54 20 down
156 3019 49 20 from
226 3020 34 20 the
291 3022 141 26 gallows-trees

40 3042 71 27 spelled
121 3045 84 20 tumours
216 3047 19 19 of
244 3047 32 19 tho
292 3049 74 24 gland?.

64 3101 111 23 FRENCH
188 3105 23 19 V.
222 3106 119 22 ENGLISH
354 3109 31 22 IN

176 3131 93 20 EGYPT.

3 3180 71 100 Kin
90 3181 83 28 English
191 3185 84 21 resident
289 3188 20 19 of
322 3188 56 21 Cairo
388 3197 44 19 says

51 3210 9 18 t
70 3215 20 13 as
100 3210 47 25 bug
156 3217 21 13 us
189 3218 66 19 young
265 3211 65 28 Egypt
336 3216 16 18 is
361 3218 73 24 taught

52 3235 61 25 speak
133 3237 38 19 and
189 3239 47 18 read
250 3239 79 26 French,
349 3243 38 18 and
400 3246 34 17 not

49 3261 59 25 glish,
127 3262 32 20 the
168 3263 84 26 English
265 3268 112 23 occupation
394 3270 38 19 will

16 3286 51 21 have
90 3289 19 18 to
128 3289 23 19 he
171 3294 42 16 cont
216 3286 4 29 :
230 3291 50 19 ined.
308 3293 70 20 Unless
401 3296 33 19 the

15 3317 90 21 younger
135 3317 113 23 generation
277 3319 21 18 of
323 3321 75 19 natives
418 3322 16 19 is

15 3339 72 25 taught
110 3342 19 17 to
153 3343 44 18 read
220 3344 83 24 English
322 3345 60 21 bocks
396 3348 37 19 and

3 3367 89 23 Wpci-c,
108 3367 38 19 and
163 3375 21 12 so
201 3371 21 17 to
236 3370 106 21 assimilate
351 3372 82 27 Eng'ish

14 3391 67 19 modes
104 3394 19 17 of
146 3394 83 25 thought
252 3397 38 18 and
312 3400 61 18 moral

16 3416 87 25 political
121 3420 107 25 principles,
245 3422 34 19 she
351 3425 49 19 have
415 3430 18 16 to

15 3444 75 18 WUiaiu
100 3444 54 20 there
165 3446 27 19 till
212 3448 111 26 doomsday.
351 3451 82 25 English

17 3468 88 25 reforms,
128 3477 19 12 as
170 3472 64 26 things
258 3481 32 12 arc
350 3481 77 21 present

17 3495 66 19 •ffOuld
97 3496 26 18 all
140 3498 68 19 vanish
222 3507 23 11 0:1
265 3501 32 17 (he
312 3502 36 18 day
363 3505 21 16 ~!'
401 3505 33 17 the

17 3519 105 26 departure
132 3523 19 17 of
164 3524 32 19 the
205 3525 73 20 Eritish
288 3519 60 30 ar..,N.
361 3531 37 17 and
410 3538 22 11 on

17 3545 34 20 the
62 3547 38 24 day
117 3549 99 26 following
234 3552 45 20 (hey
293 3554 63 19 would
371 3555 24 19 be
404 3563 19 12 re-

17 3573 70 24 placed
96 3573 27 24 by
132 3574 31 19 the
182 3580 134 17 exactcontrai
320 3587 19 17 y.
366 3581 68 20 About

16 3597 42 20 this
76 3598 54 19 there
144 3601 59 24 ought
225 3606 19 16 to
259 3604 24 19 bo
298 3612 23 12 no
344 3608 83 19 mistake

16 3623 41 19 We
67 3628 69 15 cannot
145 3627 59 24 really
222 3629 93 21 influence
329 3632 32 19 the
380 3634 54 19 mind

15 3650 42 19 and
66 3651 72 18 morale
149 3652 19 18 of
178 3659 10 12 a
197 3656 68 23 people
271 3661 66 21 except
347 3659 86 20 through

16 3674 35 21 the
60 3676 85 25 homage
156 3678 17 18 in
192 3680 61 19 which
266 3682 45 22 they
321 3691 31 12 are
363 3687 71 23 taught

16 3702 21 19 to
60 3702 58 19 think
138 3704 37 18 and
197 3705 43 24 feci.,
258 3709 37 18 and
313 3716 20 12 as
353 3711 47 25 long
414 3719 20 12 as

15 3727 95 25 England
142 3729 84 24 neglects
252 3735 19 16 to
299 3735 80 21 educate
401 3738 33 19 the

16 3754 103 24 i/gyptiun
130 3761 19 12 m
159 3755 81 25 English
246 3759 64 19 modes
320 3764 20 16 of
349 3763 83 20 thoui'lu

17 3779 40 20 and
76 3785 68 13 action,
157 3782 32 17 the
208 3783 64 20 edifice
281 3787 21 17 of
319 3789 71 19 reform
400 3790 34 18 she

15 3807 38 18 las
63 3805 50 19 been
126 3806 66 24 slowly
211 3809 37 18 and
266 3812 94 24 painfully
371 3815 50 19 hail-

15 3830 37 26 ing
61 3838 27 18 up
105 3832 19 18 in
142 3832 32 19 the
184 3834 63 24 valley
263 3837 19 17 of
296 3837 30 19 the
341 3840 45 20 Nile
398 3843 35 17 will

15 3862 62 21 prove
87 3860 20 17 to
117 3857 24 19 be
152 3865 10 12 a
172 3865 52 13 more
233 3861 59 20 house
302 3864 19 18 of
330 3866 54 18 cards

550 74 160 20 COURTSHIP
725 74 88 21 TOUTS.

446 133 5 16 J
614 133 134 26 (Exchange.)

446 158 5 17 *
495 169 24 18 In
528 168 34 19 the
573 168 60 19 West
641 168 46 19 End
698 168 21 19 of
729 168 90 23 London,
830 168 67 28 chiefly

468 196 92 24 amongst
567 199 13 14 si
590 196 60 17 rvant
658 194 55 25 girls,
719 194 57 20 there
782 201 34 14 are
823 197 74 18 several

468 227 43 12 men
523 220 43 19 who
573 224 33 15 act
625 227 22 11 as
665 220 53 19 what
736 227 33 12 are
784 220 74 21 known
877 229 20 13 as

446 245 2 26 '
740 246 40 19 The
805 247 92 20 business

446 272 2 25 '
466 279 63 13 seems
540 274 21 17 to
572 272 23 19 be
606 272 60 25 fairly
683 272 110 25 profitable.
825 273 45 20 One
877 274 20 20 of

466 298 56 20 these
532 300 63 21 touts,
607 297 42 19 who
658 298 88 19 confines
757 298 30 19 his
794 300 102 19 attention

446 323 2 28 I.
465 325 121 24 exclusively
597 326 20 16 to
625 323 158 20 chambermaids
790 323 75 28 emplo.
873 328 22 18 Ed

465 352 21 18 at
497 351 33 19 the
539 351 60 19 AVett
607 350 42 19 End
661 350 72 23 hotels,
743 350 47 20 Jives
801 351 20 19 in
837 352 55 25 quite

464 384 11 13 a
485 382 90 20 swagger
585 376 53 23 style
657 377 22 17 at
698 376 24 19 St
733 376 71 20 John's
823 378 72 25 AVood,

446 401 1 28 '
464 403 39 19 and
514 403 67 25 sports
592 402 31 19 his
634 401 85 21 victoria
729 409 58 19 every
803 404 38 25 day
852 405 42 20 into

446 427 1 27 [
465 429 33 19 the
509 429 46 24 city.
583 428 33 20 He
626 428 35 18 lias
673 428 37 18 fivo
720 430 92 19 servauts
830 433 21 16 at
866 431 28 19 his

464 455 102 25 charming
576 455 108 22 residenco,
696 455 38 18 and
747 457 29 17 his
785 457 69 25 yearly
865 457 19 19 in-

463 488 54 12 come
527 487 48 13 runs
583 481 42 18 into
637 480 46 19 four
695 480 79 25 figures,
802 483 25 18 in
847 490 35 13 con-

463 507 100 20 versation
574 506 45 19 with
631 512 11 14 a
653 507 47 19 tout
719 507 35 19 the
773 507 60 21 other
847 509 45 26 day,

461 540 11 12 a
482 534 33 18 Tit
525 532 44 20 Bits
580 539 44 13 man
635 532 81 20 elicited
733 533 34 20 the
788 533 105 28 following

463 560 89 19 facts:—

487 586 11 19 1
508 586 49 19 have
565 586 56 19 been,
633 585 25 20 he
668 585 50 23 said,
732 586 20 19 in
773 586 34 20 tho
825 591 55 17 court-

461 612 42 26 ship
515 613 45 18 tout
568 612 91 19 business
670 611 20 20 in
702 612 83 19 London
797 613 31 19 fcr
844 622 47 12 over

461 638 45 19 nine
516 644 63 19 years,
594 638 39 18 and
645 637 50 20 have
706 638 79 20 worked
797 639 49 20 both
857 641 33 19 the

463 666 45 17 East
518 664 43 19 End
572 664 38 19 and
626 664 35 19 the
673 664 65 20 West.
769 666 8 18 L
797 665 40 20 like
854 667 36 19 the

459 692 49 18 East
517 690 45 19 End
569 690 49 23 best,
630 689 32 20 for
672 690 58 20 there
745 690 102 22 husband,-;
857 700 32 13 are

460 716 57 20 much
527 716 62 19 easier
598 718 21 17 to
629 719 40 23 get,
680 717 39 19 and
734 717 50 25 girls
802 725 35 14 are
853 722 36 17 not

459 744 54 25 quite
523 750 22 11 so
555 742 110 26 particular
673 749 23 12 as
703 746 21 16 to
732 744 50 19 their
793 747 95 22 partners

461 772 28 18 for
501 770 40 19 life.
570 769 47 19 This
628 768 18 20 is
665 769 43 19 how
723 770 10 18 I
745 777 55 19 carry
818 778 26 13 on
853 772 35 19 tho

460 796 95 20 business.
592 796 68 24 Every
685 796 37 24 day
748 796 11 19 I
783 798 47 18 visit
853 798 34 20 the

460 822 97 26 principal
579 821 141 25 public-house
744 822 45 20 bars
813 824 20 19 in
853 824 34 20 the

459 848 166 25 neighbourhood.
675 848 105 20 Barmaids
807 851 79 25 usually

457 876 58 18 know
531 874 27 19 all
573 877 34 16 tho
621 874 68 25 gossip
706 875 22 19 of
743 874 35 20 the
797 876 86 26 locality,

458 902 35 18 and
505 901 48 24 Lee])
564 907 30 13 mo
606 901 72 24 posted
690 908 25 18 up
727 908 20 12 as
757 904 7 16 t
771 910 6 10 j
797 902 52 20 what
868 904 16 18 is

456 928 59 25 going
526 933 31 13 on.
585 927 10 19 I
616 933 31 13 am
658 927 73 25 always
751 927 82 27 looking
849 931 36 18 out

457 954 30 19 for
495 960 53 13 news
559 953 60 19 about
630 953 81 20 widows
731 954 38 19 and
781 955 103 20 widowers

456 980 36 19 and
503 979 77 20 consult
591 979 34 21 the
642 979 94 28 obituary
755 980 89 21 columns
863 982 21 18 of

456 1012 124 20 newspapers
595 1012 59 18 every
665 1007 45 25 da}'.
739 1007 66 20 When
823 1008 10 19 I
850 1012 34 21 get

455 1032 127 20 information
607 1033 61 19 about
692 1040 39 17 any
750 1040 68 19 young
837 1034 46 23 lady

456 1059 41 19 who
507 1059 34 19 has
552 1058 38 20 had
600 1065 11 12 a
621 1059 35 18 tiff
670 1059 49 19 with
736 1059 36 20 her

454 1087 10 17 I
475 1087 37 22 put
522 1085 38 19 him
570 1092 23 12 on
606 1091 33 19 my
649 1085 64 19 bcoks
723 1087 20 17 at
753 1093 54 13 once.

479 1112 22 19 It
516 1111 16 19 is
548 1111 33 20 the
591 1113 74 17 easiest
675 1112 59 24 thing
745 1112 19 19 in
775 1113 34 19 the
821 1112 61 20 world

454 1140 19 17 to
484 1140 33 22 get
530 1137 121 20 introduced
662 1139 22 17 to
703 1138 80 25 eligible
800 1139 80 26 parties,

452 1165 39 19 and
503 1163 55 20 when
569 1165 10 18 I
593 1163 60 26 bring
663 1164 29 19 off
710 1171 12 13 a
740 1165 50 24 good
811 1166 70 23 match,

454 1198 30 18 my
494 1191 115 24 roputatiou
625 1191 83 24 spreads
731 1191 41 21 like
792 1191 89 21 wildfire.

452 1217 117 19 Sometimes
579 1217 10 19 I
600 1218 34 23 get
646 1216 73 20 double
736 1218 145 20 commissions.

451 1243 41 19 The
503 1243 57 19 other
570 1243 37 24 day
618 1243 11 19 I
646 1241 117 23 introduced
784 1252 11 11 a
813 1251 69 18 young

453 1270 66 19 widow
531 1271 21 17 to
562 1276 24 12 an
599 1269 48 19 East
657 1269 46 19 End
713 1270 91 20 widower
815 1271 21 19 in
848 1271 34 19 the
896 1269 1 21 .

451 1296 41 19 coal
504 1296 46 19 line,
581 1295 50 19 iioth
642 1295 22 19 of
674 1295 54 20 them
740 1297 100 24 promised
851 1304 31 12 me

453 1323 29 19 £3
501 1322 67 26 apiece
585 1322 17 19 if
621 1321 33 20 the
669 1323 93 25 wedding
783 1330 54 13 came
852 1324 30 19 off

451 1348 68 20 within
531 1349 30 19 six
572 1348 86 20 months.
687 1349 22 19 It
719 1349 33 19 did
771 1356 55 14 come
846 1350 34 24 off,
896 1347 1 27 ',

451 1375 38 19 and
498 1375 10 19 I
520 1375 54 19 made
585 1375 31 19 £G
623 1381 49 13 over
682 1374 35 20 the
724 1375 7 26 j
747 1375 18 19 b.

490 1401 74 20 Jewish
587 1407 69 19 young
680 1401 62 20 ladies
763 1408 34 14 are
825 1408 55 18 great
896 1401 1 25 ■

451 1428 82 19 catches.
576 1428 54 24 They
652 1428 81 25 usually
750 1428 49 20 have
818 1429 62 19 -ittles
896 1428 1 25 '

451 1454 87 24 dowries,
550 1461 52 13 some
613 1453 61 27 being
685 1461 21 13 as
717 1454 45 26 high
775 1462 20 13 as
806 1455 45 20 £BO
859 1463 21 12 or
896 1453 1 27 •

450 1481 63 21 £IOO.
541 1480 11 21 I
563 1480 48 21 have
631 1482 57 20 mode
702 1488 22 13 as
734 1481 58 20 much
804 1489 21 13 as
837 1482 43 20 £ls
896 1480 1 28 j

451 1507 125 21 commission
595 1513 24 14 on
639 1513 38 14 otifl
696 1508 22 19 of
737 1508 56 20 theso
811 1515 69 20 young

450 1534 104 20 Jewesses'
567 1533 106 25 weddings,
686 1534 38 21 and
736 1541 12 15 ft
813 1537 67 26 happy
896 1533 1 30 -

451 1560 71 26 couple
531 1560 48 27 tbey
588 1559 79 28 looked,
684 1561 36 21 boo,

477 1587 161 21 Chambermaids
649 1587 20 20 in
681 1588 60 20 West
755 1588 45 21 End
815 1588 65 22 hotels
896 1587 1 23 -

449 1621 33 14 are
501 1615 73 25 always
592 1614 51 26 good
666 1614 34 21 for
722 1615 79 27 trading
826 1616 53 20 with,
896 1614 1 28 .

450 1642 119 20 Tradesmen
578 1647 34 15 are
621 1648 59 18 eager
691 1643 21 19 to
723 1642 23 20 be
760 1642 120 22 introduced
896 1642 1 26 j

450 1671 20 17 to
487 1670 68 22 smart,
576 1668 43 26 tidy
635 1669 49 25 girls
701 1668 40 22 like
759 1669 61 25 these,
841 1670 39 20 and

449 1695 75 27 though
534 1695 11 20 I
556 1695 49 20 have
616 1694 89 28 brought
725 1695 62 21 about
806 1695 74 22 dozens

450 1722 21 19 of
482 1721 104 24 weddings,
599 1722 11 19 I
621 1722 49 20 have
685 1728 60 14 never
764 1723 73 21 known
858 1723 22 20 of
896 1721 1 24 :

449 1756 10 11 a
470 1748 146 21 chambermaid
638 1748 82 25 making
740 1755 11 14 a
768 1750 38 19 bad
828 1750 51 20 wife.

449 1775 39 20 £ir
499 1774 64 21 clerks
575 1774 46 26 they
636 1773 58 22 make
705 1775 99 21 excellent
815 1777 64 19 better

449 1802 73 24 halves,
538 1802 38 19 and
596 1808 60 19 many
673 1808 12 13 a
705 1802 88 26 thriving
811 1810 69 18 young

450 1828 93 27 shopman
557 1832 33 16 lias
602 1835 55 12 come
668 1831 20 17 to
700 1828 62 21 thank
777 1836 30 13 mo
822 1836 57 18 years

449 1856 52 19 after
510 1856 32 18 for
551 1862 28 18 my
592 1855 144 20 Introduction.
759 1857 62 23 Some,
830 1863 49 13 even
896 1855 1 25 -

449 1889 33 13 are
491 1888 22 13 so
523 1881 86 20 mindful
618 1889 22 12 as
651 1882 21 19 to
691 1882 48 19 send
757 1889 29 13 mo
809 1890 11 11 a
835 1883 43 24 tidy

450 1908 50 21 little
510 1911 81 23 present
600 1915 59 19 every
675 1908 117 24 Christmas,
809 1909 39 20 and
868 1909 11 19 I
896 1908 1 26 ]

451 1941 58 14 never
519 1934 35 21 fail
562 1936 21 18 to
590 1934 57 20 make
656 1942 10 12 a
677 1934 38 21 cali
725 1934 55 21 when
790 1936 12 18 I
812 1936 67 19 notice

450 1968 38 18 any
658 1962 73 19 event''
754 1961 34 20 has
812 1963 66 18 trans-
896 1961 1 25 (

451 1987 54 27 pircd
517 1988 17 19 in
545 1988 33 19 the
589 1988 77 24 family.
896 1987 1 27 \

475 2014 94 19 Servants
577 2014 8 19 ?
615 2014 48 24 Yes,
679 2015 81 19 servoni
775 2014 49 26 girls
844 2021 34 12 are

448 2047 32 19 my
491 2041 44 19 best
546 2043 113 21 customers,
671 2040 77 26 though
760 2043 36 18 not
803 2041 75 25 always
896 2040 1 26 (

449 2073 31 18 my
494 2069 54 18 most
564 2067 136 26 satisfactory.
741 2068 59 19 Scnio
819 2068 59 25 bring
896 2067 1 26 j

447 2092 28 20 off,
484 2093 32 19 the
526 2093 107 24 weddings,
642 2094 37 19 but
687 2094 66 24 forget
764 2095 20 18 to
793 2100 39 18 pay
843 2101 31 16 my
896 2092 1 26 ,

447 2119 133 20 commission.
612 2120 64 19 When
688 2121 10 18 1
710 2127 31 12 see
749 2120 53 19 them
813 2120 64 25 figure

447 2146 19 19 in
477 2145 34 20 the
522 2146 133 24 police-court
672 2145 119 21 afterwards
802 2146 75 26 apply-
896 2145 1 27 j

447 2173 33 24 ing
490 2172 32 20 for
532 2171 120 27 protection,
664 2173 6 18 1
684 2172 54 19 can't
754 2179 33 19 say
806 2172 11 19 I
837 2172 39 20 feel
895 2171 2 27 ,

447 2198 132 27 particularly
590 2205 56 19 sorry
656 2198 33 20 for
699 2198 61 21 them.
896 2198 1 27 ]

473 2225 54 20 Who
551 2231 33 13 are
607 2227 80 18 servaot
710 2224 55 26 girls'
789 2226 88 25 greatest
896 2224 1 27 |

446 2251 92 20 fancies?
555 2251 61 25 Well,
628 2252 11 19 I
651 2251 69 20 should
734 2258 32 17 say
774 2252 102 25 generally
896 2251 1 26 ,

447 2278 43 19 that
500 2278 95 26 shopmen
607 2285 40 12 are.
678 2279 62 18 After
756 2278 61 25 them,
837 2285 26 13 me-

447 2305 84 24 chanics,
556 2304 48 20 then
627 2304 85 20 soldiers
736 2304 38 20 and
797 2305 78 19 sailors.
895 2304 2 25 ,

447 2330 70 21 Clerks
531 2338 34 12 are
579 2332 72 25 simply
666 2333 37 18 not
722 2330 21 20 in
762 2330 23 21 it.
822 2331 65 29 They}

447 2358 61 21 won't
517 2357 46 21 look
573 2359 22 19 at
605 2354 54 24 them
668 2358 23 19 at
700 2364 40 19 any
750 2357 59 27 price.
838 2358 39 19 It's
896 2354 1 30 .

447 2384 113 21 wonderful
575 2384 43 20 how
637 2384 39 20 bus
696 2384 121 21 conductors
838 2385 38 19 and.
896 2384 1 25 ,

446 2411 80 20 cabbies
536 2417 37 14 con
584 2411 77 26 beguile
673 2411 35 19 the
727 2412 58 19 henit
805 2411 21 19 of
844 2410 33 21 the

446 2445 83 18 average
553 2440 80 17 servant
656 2437 47 26 girl.
753 2437 65 20 Cooks
843 2444 34 13 are
886 2437 1 26 i
896 2437 1 26 ,

447 2464 101 26 generally
566 2464 99 25 supposed
683 2466 22 18 to
724 2464 24 20 be
771 2466 62 18 eweet
852 2471 25 13 on
882 2464 5 26 ■
896 2464 1 26 (

447 2491 116 26 policeman.
592 2491 68 19 That's
677 2491 27 19 all
723 2491 95 25 humbug.
856 2491 21 19 If
896 2491 1 26 (

446 2517 57 20 there
513 2518 16 19 is
539 2524 37 13 one
586 2524 46 13 man
653 2524 54 13 more
724 2517 49 20 than
792 2517 85 20 another
896 2517 1 20 ■

447 2544 44 20 that
508 2551 35 13 can
560 2546 80 23 capture
659 2551 11 13 a
687 2543 69 21 cook's
781 2543 59 20 heart
857 2543 20 20 in

447 2571 72 19 double
534 2571 59 26 quick
613 2571 47 19 time
681 2571 17 19 it
717 2571 16 19 is
753 2577 10 13 a
786 2570 91 20 butcher.

449 2597 52 26 Why
514 2597 15 19 It.
543 2598 70 18 should
625 2597 24 20 be
669 2604 22 12 so
710 2597 10 19 I
741 2597 56 19 don't
810 2597 67 24 know,

448 2624 37 20 but
494 2623 62 21 that's
568 2624 32 19 the
609 2624 48 19 fact.

474 2651 31 19 Bo
517 2650 106 25 marriages
644 2651 57 19 made
720 2649 89 26 through
825 2651 54 19 touts

447 2677 101 25 generally
570 2679 47 17 turn
635 2680 35 16 out
690 2676 59 20 well?
765 2677 56 19 Most
838 2683 31 13 cer-

449 2703 63 26 tainly
531 2703 45 26 tbey
595 2703 31 20 do.
655 2703 47 20 You
721 2710 39 17 see,
783 2703 10 19 I
813 2703 66 19 would

448 2736 59 14 never
529 2729 108 21 iutroduco
659 2737 11 12 a
693 2729 104 26 wrong'un
824 2731 21 18 to
870 2736 10 12 a

448 2755 87 26 straight
545 2755 45 27 girl.
619 2756 66 20 Other
703 2758 52 18 touts
775 2756 64 25 might
850 2756 30 19 for

449 2790 74 18 money.
552 2784 11 18 I
574 2783 66 19 won't.

474 2809 87 26 Usually
571 2809 10 19 I
592 2809 72 26 charge
680 2809 27 20 £1
720 2809 32 20 for
762 2809 34 20 the
813 2809 56 20 intro-

448 2837 81 19 duction
541 2836 38 20 and
591 2836 28 20 £3
635 2835 57 20 when
710 2836 35 20 the
763 2836 65 20 banns
847 2842 33 14 are

450 2865 36 24 put
496 2870 33 19 up.
558 2861 126 22 Love-letter
700 2863 80 26 writing
799 2863 16 19 is
836 2865 45 24 part

449 2891 20 19 of
480 2896 31 19 my
520 2889 98 20 business,
628 2891 40 17 too.
697 2889 63 19 These
778 2889 11 19 I
810 2896 59 19 gener-

449 2917 38 24 ally
499 2917 25 19 do
534 2918 20 18 'it
564 2915 51 21 from
626 2917 22 19 Is
658 2917 25 18 Gd
695 2917 21 18 to
726 2917 23 19 2s
759 2916 26 20 Gi
795 2922 12 14 a
825 2916 55 19 tiaio.

483 2982 20 20 A
510 2981 247 21 FEVER-STRICKEN
771 2981 66 20 SHIP.

477 3035 17 19 A
504 3035 70 26 trying
584 3041 118 20 experience
719 3034 36 20 fell
765 3037 22 17 to
796 3034 35 20 the
852 3034 29 20 lot

450 3062 21 20 of
490 3061 35 20 the
541 3062 108 20 American
669 3061 75 27 barque
763 3061 106 20 Harvester-

452 3088 61 20 which
525 3089 34 19 has
570 3088 76 20 arrived
658 3088 22 20 at
695 3087 115 21 Newcastle
830 3086 51 21 from

450 3115 89 26 Delagoa
550 3115 49 26 Bay,
608 3116 66 25 owing
685 3121 21 13 to
716 3121 26 14 an
753 3112 97 22 outbreak
860 3114 21 20 of

450 3141 61 21 fever.
539 3142 41 20 The
591 3142 63 20 vessel
665 3148 40 13 was
719 3141 46 27 only
777 3141 36 20 five
834 3141 47 25 days

450 3174 21 14 at
481 3174 34 14 sea
525 3169 57 19 when
592 3168 54 20 fever
657 3168 38 20 and
713 3174 50 20 ague
779 3168 57 19 made
855 3170 26 17 its

450 3201 128 20 appearance,
603 3195 38 20 and
664 3195 57 20 three
739 3194 22 20 of
779 3194 34 20 tho
831 3200 50 14 crew

452 3229 49 13 were
518 3221 88 20 stricken
625 3222 63 19 down.
723 3221 42 20 The
780 3224 49 17 next
844 3220 37 25 day

451 3249 74 19 several
538 3255 55 13 more
603 3248 63 20 hands
679 3255 51 13 were
746 3247 38 20 laid
796 3254 34 18 up,
843 3248 37 18 and

451 3275 47 21 each
511 3275 116 26 Bucceeding
637 3275 38 26 day
692 3274 33 21 the
742 3274 83 19 number
843 3281 38 12 was

451 3301 63 20 added
527 3305 26 20 to,
566 3301 30 20 til]
606 3303 36 18 out
653 3301 21 20 of
686 3303 24 18 Hi
721 3301 63 20 hands
794 3300 26 20 all
832 3300 49 21 told,

451 3328 46 25 only
509 3329 56 19 three
575 3328 101 19 remained
687 3335 24 12 on
723 3327 49 20 deck
792 3329 20 18 to
827 3327 44 20 navi-

451 3356 46 25 gate
505 3354 35 21 the
547 3354 51 26 sbip.
626 3354 42 20 The
678 3354 81 27 captain
775 3354 38 19 and
829 3354 52 19 chief

451 3381 66 20 officer
527 3388 50 13 were
597 3382 92 25 amongst
705 3381 34 19 the
755 3380 84 24 victims,
860 3387 21 13 so

450 3409 45 18 that
504 3408 71 19 second
589 3408 51 19 mate
650 3407 39 20 and
709 3409 40 17 two
768 3414 44 13 men
832 3413 49 13 were

451 3435 32 19 for
492 3434 48 26 Jays
551 3435 34 18 the
596 3434 47 26 only
655 3440 83 19 persons
747 3433 44 20 well
801 3434 78 24 enough

452 3464 20 15 to
481 3461 70 19 attend
564 3462 20 17 to
594 3460 34 19 the
645 3460 54 19 work
721 3460 23 19 of
761 3460 33 19 the
812 3460 69 19 vessel.

451 3487 42 20 Tho
500 3486 82 28 captain
592 3493 39 14 was
651 3493 38 12 one
709 3486 21 19 of
750 3486 35 19 tho
799 3486 44 19 first
860 3487 21 18 to

453 3514 9 17 li
478 3520 53 13 come
541 3513 145 23 convalescent,
710 3511 38 21 and
766 3519 25 12 no
810 3519 71 13 sooner

453 3547 37 12 was
500 3540 23 19 he
535 3540 43 19 nble
588 3542 20 17 to
629 3540 23 19 be
672 3545 26 14 on
716 3538 49 20 deck
785 3538 45 20 than
848 3538 33 19 the

452 3566 73 19 second
537 3568 50 17 mate
598 3566 33 19 fell
647 3573 11 12 a
669 3566 68 19 victim
754 3567 19 16 to
785 3565 34 19 tho
835 3565 35 19 mal-

452 3592 43 24 ady,
505 3592 39 19 and
556 3592 33 19 the
599 3592 58 19 other
668 3594 40 17 two
719 3599 43 12 men
774 3592 98 19 followed.

921 76 170 24 ARRANGING
1108 82 40 20 AN
1166 83 80 19 IRISH
1270 84 76 19 DUEL.

943 135 34 19 An
990 136 102 20 liishman
1110 138 63 25 being
1190 138 119 26 challenged
1328 143 20 17 to

917 161 53 24 fight
992 169 12 11 a
1023 163 47 19 duel
1088 164 41 19 and
1151 164 97 26 knowing
1263 165 32 20 bis
1315 173 22 19 op-

918 190 75 21 pujient
1002 191 21 16 to
1037 189 25 19 bo
1076 196 11 12 a
1105 190 57 18 crack
1181 191 45 18 shot
1245 191 60 20 while
1322 193 26 18 he

916 212 82 20 himself
1021 221 40 13 was
1079 222 12 13 a
1110 222 49 16 very
1176 216 116 20 indifferent
1311 224 37 13 one

916 238 64 20 called
996 241 21 17 at
1033 241 32 18 his
1084 242 131 24 antagonist's
1234 243 62 19 houso
1312 244 36 19 the

915 263 40 25 day
965 264 69 21 before
1044 266 33 20 the
1089 268 47 18 time
1144 268 114 25 appointed.

943 290 92 21 "You've
1045 292 119 26 challenged
1173 300 31 12 me
1214 297 20 15 to
1249 295 67 24 l'oight
1335 302 11 12 a

915 315 53 23 duel,
980 316 86 21 Misther
1212 319 26 19 he
1248 321 50 18 said.

1105 344 34 19 Mr
1143 345 111 24 Einnegan'

914 366 25 20 be
957 368 70 24 jabers
1044 369 18 19 if
1079 377 24 17 ye
1122 370 60 19 won't
1208 370 73 26 foight,
1300 372 45 19 Tim

913 392 96 26 Murphy,
1020 394 34 20 I'll
1065 396 58 19 make
1131 403 12 12 a
1152 396 74 19 lifeless
1235 403 70 19 corpso
1324 398 21 19 of

1006 446 46 19 look
1141 448 43 19 said
1197 448 44 18 Tim
1249 445 4 29 ;
1276 449 67 25 "ye're

912 476 11 13 a
932 471 58 19 much
1001 472 66 20 bettor
1076 474 45 18 shot
1131 480 36 13 nor
1176 474 12 18 I
1202 480 38 17 am,
1250 474 41 19 and
1310 475 33 18 it's
1347 471 1 31 j

912 499 34 15 not
1347 497 1 19 1

1023 525 51 23 Tim,
1086 532 29 12 wo
1124 526 54 19 must
1187 525 63 25 foight
1261 525 33 20 for
1307 526 35 19 the

910 547 64 19 honor
983 550 40 18 and
1035 550 56 26 glory
1105 551 21 19 of
1132 551 48 19 ould
1188 551 106 24 Oireland;
1304 552 37 18 but

910 580 22 12 as
941 574 39 19 I'm
990 575 35 19 tho
1034 577 41 18 hist
1084 577 51 23 shot,
1147 584 24 12 ov
1180 583 24 18 ye
1214 583 36 12 can
1260 578 81 25 suggist

909 605 10 13 n
938 600 49 24 plan
1006 608 21 12 so
1046 601 45 20 that
1107 603 15 18 it
1147 609 46 18 may
1211 603 25 18 bo
1255 609 12 12 a
1285 610 55 12 more

908 631 65 19 ayven
982 628 73 22 match,
1067 627 39 20 I'm
1115 629 55 24 quito

1031 654 70 18 Mister
1120 654 110 25 Finnogan,
1259 655 12 17 I
1298 661 41 12 was

907 676 87 21 thinkin'
1005 679 35 19 tho
1049 681 73 18 matter
1136 686 47 13 over
1192 679 65 20 lashat
1277 681 39 18 and
1327 680 11 19 I

907 709 55 13 como
971 706 21 16 to
1002 705 34 18 tho
1046 706 113 19 conclusion
1176 706 44 19 that
1237 706 35 19 tho
1291 706 47 25 only

906 728 40 19 fair
955 736 45 18 way
1009 730 67 21 would
1086 731 24 20 be
1129 734 20 16 to
1168 732 27 18 lot
1212 738 32 12 inc
1262 731 75 20 shtand

907 754 55 19 three
972 761 22 12 or
1003 756 47 19 four
1058 757 61 24 yards
1129 764 66 13 nearer
1211 761 17 16 in
1236 764 36 18 you
1293 758 42 19 than

906 787 34 14 you
948 787 33 13 arc
991 785 16 15 to

907 836 55 19 THE
980 836 109 21 DEVIL'S
1115 838 122 19 TOBACCO
1262 838 65 19 PIPE.

929 891 21 18 It
959 897 41 13 was
1010 891 83 25 Sunday
1107 892 85 26 evening'
1201 893 19 18 in
1231 899 11 12 a
1258 893 74 18 distant

902 916 63 19 forest
974 917 79 24 village.
1082 918 42 19 Tho
1143 921 92 23 peasants
1254 921 32 17 sat
1303 921 20 17 to-

902 942 71 25 gether
983 942 21 19 in
1016 944 34 18 tho
1065 943 125 25 boor-houso,
1209 945 34 18 tho
1260 944 62 20 irnder-

901 968 79 26 keeper,
1000 968 77 26 Jambs,
1105 970 35 19 the
1258 971 23 18 of
1298 971 34 19 the

1002 994 20 19 in
1037 995 54 19 their
1108 996 65 24 midst,
1194 996 80 25 talking
1288 997 44 18 first

901 1026 37 13 one
947 1020 60 25 thing
1016 1021 49 19 thou
1074 1022 22 18 of
1105 1022 89 23 another,
1214 1022 40 19 and
1274 1022 57 20 when

901 1048 20 16 at
929 1046 38 18 last
978 1047 96 24 ordinal-,,-
1088 1048 137 19 conversation
1243 1048 87 25 flagged,

902 1072 34 18 the
945 1072 80 25 subject
1030 1073 21 19 of
1058 1073 35 19 tho
1100 1074 53 18 devil
1160 1081 39 12 was
1206 1074 125 20 introduced.

1019 1105 40 18 you
1078 1106 46 12 over
1143 1106 46 12 seen
1199 1100 33 19 (lie

901 1123 61 20 asked
972 1130 37 12 one
1019 1127 84 22 peasant
1113 1125 21 19 of
1144 1127 88 18 another.

1009 1151 59 19 Have
1077 1157 40 19 you

962 1175 51 21 have

992 1203 12 19 I
1011 1203 52 19 have
1072 1209 47 14 seen
1223 1205 68 19 struck
1310 1205 19 19 in

901 1228 34 19 tho
945 1229 69 21 oraclo,
1026 1229 45 19 who
1081 1231 75 24 always
1175 1230 41 19 had
1234 1237 47 12 seen

901 1255 49 18 done
961 1255 54 19 what
1034 1255 116 21 others'had
1169 1258 40 17 not.
1291 1264 8 17 j
1300 1255 4 26 r
1305 1264 26 12 ou

901 1281 54 20 wish,
967 1281 11 18 I
988 1281 39 19 will
1039 1284 80 17 narrate
1129 1282 34 19 tho

926 1306 141 26 Immediately
1089 1307 34 20 the
1146 1315 32 17 cry
1195 1308 20 19 of

1004 1335 52 18 went
1212 1334 65 20 Jabbs
1293 1335 38 19 has

901 1365 9 12 a
920 1361 66 23 story;
1016 1360 40 18 and
1067 1360 95 25 instantly
1172 1360 34 19 tho
1224 1367 56 13 room
1289 1367 42 14 was

901 1391 19 13 so
931 1386 56 24 quiet
994 1386 44 19 that
1048 1392 36 13 one
1095 1386 66 25 might
1174 1386 51 19 havo
1241 1387 64 20 heard
1319 1394 12 13 a

901 1411 32 25 pin
943 1411 56 26 drop.

999 1438 128 26 Wednesday
1237 1439 44 19 saitl
1296 1440 34 19 the

901 1462 150 28 under-keeper,
1094 1464 40 21 had
1151 1466 50 19 been
1219 1471 27 19 up
1265 1468 21 16 to
1295 1466 36 19 the

901 1488 59 27 Snipe
970 1490 64 24 Tract,
1046 1491 40 18 and
1096 1490 42 26 just
1148 1491 70 26 passed
1233 1498 48 13 over
1295 1492 35 19 the

901 1515 86 20 Wolves'
1002 1516 51 20 Aero
1067 1519 20 18 to
1104 1524 25 19 go
1148 1521 20 16 to
1187 1518 33 20 the
1239 1517 89 25 Hollow,

901 1541 55 20 whoa
975 1542 11 19 I
1000 1549 41 13 saw-
1058 1549 11 14 a
1086 1543 36 26 big
1141 1549 45 16 man
1202 1544 80 20 nomine'
1300 1546 20 19 to-

901 1568 63 20 wards
980 1575 38 14 mo.
1046 1569 33 20 Ho
1102 1576 52 14 wore
1173 1577 10 14 a
1201 1570 62 20 broad
1288 1570 40 26 hat,

901 1594 46 21 with
957 1602 12 13 a
983 1595 64 21 cock's
1065 1596 82 21 feuihev
1162 1596 20 21 in
1201 1596 20 21 it.
1250 1596 66 21 Under-

901 1622 58 20 neath
980 1622 29 20 his
1030 1622 34 21 red
1091 1623 57 20 cloak
1171 1624 55 20 there
1253 1625 75 25 peeped

901 1648 51 20 forth
966 1655 10 13 u
988 1648 74 21 horse's
1074 1649 42 21 foot
1130 1650 37 20 and
1180 1657 10 13 a
1207 1650 58 21 cow's
1284 1649 44 23 tail.

944 1676 63 19 'Gtood
1019 1676 44 26 day,
1073 1676 33 21 Mr
1116 1676 72 26 Devil,'
1200 1678 39 19 said
1252 1678 18 19 I.

946 1701 65 22 'Good
1026 1703 44 26 day,
1096 1704 33 19 Mr
1147 1703 75 21 Jambs,
1257 1704 72 23 \Vliere

901 1729 47 19 have
959 1735 37 14 von
1004 1729 50 20 been
1065 1727 14 22 ?'

926 1755 57 26 "'Up
995 1759 21 16 to
1027 1756 33 20 iho
1071 1756 61 26 Snipe
1143 1755 73 22 Tract,'

945 1782 57 20 'Shot
1012 1783 97 26 anything
1119 1783 13 19 '1"

945 1807 71 22 Three
1026 1809 70 20 birds.'

946 1835 70 21 'What
1028 1835 49 21 have
1084 1843 38 19 you
1132 1842 34 20 got
1176 1837 89 27 hanging
1282 1844 47 15 over

901 1868 46 19 your
957 1862 50 19 back
1017 1862 16 20 ?'
1065 1863 42 25 (He
1119 1866 53 18 meat
1183 1872 31 18 my
1225 1864 62 26 r:lle.)

947 1889 58 19 'That
1020 1889 12 20 h
1047 1896 32 18 my
1087 1889 27 27 pi;
1124 1897 16 18 f,
1150 1892 35 19 Mr
1195 1891 73 26 Devil,'
1287 1891 40 21 said

960 1941 64 20 would
1034 1949 46 18 very
1089 1944 57 18 much
1158 1944 39 19 like
1216 1948 19 15 to
1260 1944 68 19 nnoke

901 1970 32 17 out
943 1969 22 19 of
975 1968 16 19 it
1006 1968 32 20 for
1048 1976 55 18 once,
1120 1970 32 19 Mr
1168 1971 75 20 Jambs.
1272 1972 21 18 Is
1314 1971 16 19 it

901 1994 74 20 filled?'

922 2021 65 23 '"Oh,
1005 2028 41 17 yes,
1062 2023 35 19 Mr
1124 2023 67 20 Devil.
1228 2024 46 19 Jupl
1306 2024 24 19 be

901 2047 46 23 g';od
957 2049 80 24 enough
1049 2050 20 18 to
1079 2052 36 21 pat
1126 2050 35 19 the
1171 2052 49 17 stem
1238 2050 21 19 in
1279 2057 51 18 your

901 2074 71 19 mouth.
1000 2075 12 18 1
1029 2075 40 19 will
1087 2082 49 13 soon
1156 2076 67 20 kindle
1241 2076 35 20 fire
1298 2077 21 20 be-

901 2106 6 11 -11
910 2099 61 19 each.'

946 2125 52 21 'Aha
1007 2127 11 19 !'
1030 2127 84 26 thought
1126 2129 16 23 I,
1155 2130 56 23 'now,
1221 2136 51 13 once
1293 2130 38 20 and

901 2152 26 19 for
944 2153 32 18 all.
1004 2153 12 19 I
1035 2153 51 20 shall
1102 2155 24 19 be
1145 2155 44 19 able
1205 2158 20 16 to
1245 2156 29 20 rid
1296 2156 33 20 the

901 2178 57 20 world
969 2179 20 19 of
1011 2179 40 20 this
1072 2183 95 22 monster,
1187 2183 37 18 and
1241 2190 27 12 wo
1288 2188 43 21 may

901 2204 41 20 look
962 2205 90 21 forward
1072 2209 19 17 to
1121 2214 53 14 more
1203 2215 58 17 peaco
1290 2210 39 20 and

901 2231 104 25 happiness
1016 2233 57 19 when
1091 2233 25 21 he
1140 2234 16 20 is
1171 2241 47 13 onco
1235 2235 95 22 disposed

901 2258 32 19 of.'

956 2285 93 20 fired—it
1060 2287 151 20 cracked—-and
1227 2287 54 21 what
1300 2289 25 20 do

901 2318 33 18 s'<u
945 2311 57 19 think

924 2338 64 26 blvery
999 2339 69 21 mouth
1079 2346 40 14 was
1129 2347 57 19 open,
1204 2348 59 19 every
1280 2341 45 21 face

901 2365 133 20 awe-sfcricken
1071 2367 94 25 awaiting
1184 2368 33 19 the
1234 2368 94 20 dreadful

901 2391 61 19 result
973 2391 21 19 of
1002 2391 96 27 shooting
1108 2393 34 19 the
1153 2394 52 19 devil

978 2421 41 21 spit
1027 2418 33 20 the
1066 2419 61 20 whole
1136 2419 22 20 of
1167 2420 76 27 thegun
1253 2421 78 26 charge,

901 2444 37 19 and
948 2444 47 20 shot
1005 2451 21 13 as
1036 2445 50 25 well,
1105 2445 44 21 into
1169 2453 30 19 my
1219 2447 49 24 face,
1289 2449 39 18 and

901 2470 44 24 said,
966 2471 40 19 'Mr
1028 2471 77 26 Jambs,
1133 2472 54 20 what
1213 2473 118 28 frightfully

901 2501 67 20 strong
978 2497 82 20 tobacco
1074 2505 38 17 you
1132 2499 68 19 smoke
1209 2497 121 24 !'''—Eroiii

901 2524 105 20 'Dietiichs
1019 2524 23 20 V(
1051 2524 38 20 Ik's
1098 2525 118 19 Kalendar.'

1397 84 163 21 PASSENGER
1577 84 70 19 LEFT
1656 84 112 21 BEHIND.

1365 135 1 26 j
1395 137 34 19 An
1434 137 102 19 Irishman
1544 137 36 24 got
1593 137 36 18 out
1637 136 22 18 of
1667 135 35 19 tho
1711 135 88 25 carriago

1369 163 22 19 at
1397 168 14 14 a
1418 163 85 24 railway
1511 161 75 19 station
1602 161 32 19 for
1651 161 148 23 rofroslnnonts,

1369 187 37 21 but
1417 187 149 24 unfortunately
1576 187 34 18 tho
1627 186 40 20 bell
1684 193 58 17 rang,
1762 185 37 20 and

1368 213 35 20 the
1411 214 54 18 train
1472 213 39 19 left
1521 213 71 19 before
1610 212 25 19 ho
1655 211 40 20 had
1713 211 84 20 finished

1368 239 31 20 his
1409 243 72 21 repast.
1511 238 78 19 'Hould
1602 238 43 19 on!'
1655 238 54 18 cried
1719 238 45 22 Pat,
1776 242 21 13 as

1366 265 26 19 lie
1401 271 36 13 ran
1448 265 39 18 like
1498 270 11 13 a
1519 264 95 18 madman
1625 264 52 17 after
1696 262 35 19 tho
1747 262 51 19 train

1366 290 96 19 —'hould
1471 297 31 15 on,
1513 295 25 19 ye
1547 288 120 20 murthorin'
1678 288 47 18 oukl
1735 289 62 18 starue

1366 316 140 25 ingin—ye've
1515 319 34 20 got
1568 321 10 12 a
1594 320 109 20 passenger
1722 312 75 20 aboard

1365 342 63 19 that's
1437 342 33 18 lift
1483 340 92 19 behind!'

1467 403 95 20 EARLY
1576 403 95 20 RISING.

1388 457 42 19 The
1444 456 94 23 morning
1556 455 21 19 of
1594 461 59 18 every
1671 454 39 24 day
1726 453 16 19 is
1760 452 28 19 tin

1361 482 113 25 beginning
1483 482 21 18 of
1512 487 59 18 every
1578 481 65 18 man's
1653 479 40 19 life.
1724 478 41 19 One
1774 477 19 20 of

1360 514 51 19 your
1420 509 88 24 greatest
1522 505 124 20 errors—for
1663 505 12 18 I
1684 504 60 19 know
1754 510 39 18 you

1361 533 49 25 well,
1422 533 40 19 and
1472 533 24 18 do
1507 534 34 17 not
1548 539 60 11 moan
1618 533 20 16 h>
1648 530 66 19 flatter
1726 535 67 19 you—

1360 566 36 11 one
1406 559 22 19 of
1432 565 52 18 your
1491 559 89 24 greatest
1590 563 64 13 errors
1664 556 21 23 is,
1698 555 44 19 that
1752 561 39 18 you

1359 586 25 18 do
1397 587 35 16 not
1449 584 51 19 seize
1515 590 25 13 on
1557 583 56 19 those
1772 581 21 18 of

1358 610 35 19 life
1403 617 22 12 so
1435 610 54 23 early
1500 616 21 12 as
1539 615 40 17 you
1596 608 66 24 might
1675 606 32 20 do.
1745 606 45 20 You

1358 636 53 19 lived
1420 635 107 25 yesterday
1536 638 20 15 to
1567 641 11 12 a
1593 633 53 27 good
1655 632 31 20 old
1698 639 45 18 age,
1752 632 38 20 and

1357 662 46 19 died
1421 662 39 18 last
1477 660 59 26 night
1554 660 54 19 after
1623 660 35 19 tho
1674 665 78 19 powers
1771 659 21 18 of

1355 694 52 18 your
1416 687 56 19 mind
1481 686 40 20 and
1530 686 55 25 body
1599 692 52 14 wero
1661 685 86 24 entirely
1756 691 23 12 ex-

1355 713 93 20 hausted.
1476 713 41 19 But
1526 712 12 18 I
1547 714 54 17 must
1611 710 77 21 remind
1698 717 46 18 you,
1756 717 23 13 un-

1355 740 73 22 friend,
1439 740 44 18 lhat
1492 745 40 18 you
1538 738 52 18 have
1601 739 57 24 spont
1669 737 33 19 the
1710 737 80 24 greater

1354 766 47 25 part
1410 766 22 18 of
1440 765 35 19 the
1483 763 65 27 youth
1564 764 21 18 of
1601 763 40 19 this
1658 763 39 23 day
1716 763 20 18 in
1756 762 34 20 tho

1354 793 52 17 state
1416 791 21 19 of
1447 791 34 19 the
1491 789 60 21 dead.,
1578 789 107 26 Thogveat
1695 789 93 18 business

1355 817 23 19 of
1385 823 52 19 your
1445 817 37 19 life
1490 822 42 14 was
1541 822 28 19 up
1589 815 69 19 before
1677 821 52 19 you;
1748 821 40 18 you

1352 843 53 19 have
1415 843 51 19 been
1480 842 89 25 running
1585 841 54 19 after
1648 841 14 19 it
1673 841 41 19 this
1723 840 65 20 whole

1352 869 112 24 afternoon,
1475 868 42 20 and
1524 867 13 20 I
1555 874 34 12 am
1601 867 66 19 afraid
1686 873 41 18 you
1747 866 40 20 will

1352 897 35 17 not
1396 895 95 20 overtake
1501 895 16 18 it
1528 893 32 20 till
1569 893 34 20 old
1622 899 38 20 ago
1679 892 108 21 overtakes

1351 927 46 13 you.

1376 982 20 19 It
1406 982 17 19 is
1430 981 65 20 stated
1502 980 43 20 that
1552 980 34 20 the
1592 980 76 20 refusal
1674 980 22 19 of
1702 980 72 19 station-

1349 1008 81 19 holders
1438 1008 20 19 to
1466 1008 37 25 put
1508 1013 28 19 up
1543 1012 103 20 swaggers
1653 1007 36 18 has
1696 1006 88 19 resulted

1347 1034 25 21 iin
1381 1040 13 13 a
1402 1033 74 26 saving
1484 1033 22 20 of
1514 1034 54 18 moat
1582 1034 21 18 to
1621 1032 35 20 tho
1675 1033 69 18 extent
1761 1031 22 20 of

1350 1060 57 19 three
1426 1059 60 25 sheep
1503 1065 12 13 a
1534 1059 56 19 week
1607 1066 25 12 on
1651 1064 53 13 some
1719 1057 21 20 of
1750 1057 34 20 tho

1352 1086 121 25 Wairarapa
1482 1085 91 19 stations.

1386 1123 133 25 'Bohemian,'
1538 1123 21 20 in
1579 1123 35 19 the
1639 1122 143 21 Chrtstchurch

1353 1153 64 20 Press,
1429 1150 44 20 wr't
1482 1159 46 10 ■■:—
1531 1149 71 20 'What
1614 1151 9 18 1
1634 1149 75 20 admire
1719 1149 62 19 about

1350 1184 37 13 our
1402 1177 63 23 police
1486 1178 49 18 fore.
1536 1175 2 25 1
1557 1177 17 18 i*
1594 1176 53 20 their
1667 1175 44 21 undi
1721 1175 62 20 übted

1350 1211 81 18 energy.
1460 1203 50 20 Last
1521 1203 61 23 week,
1594 1202 33 20 for
1637 1201 98 26 example,
1757 1208 23 13 r.n

1351 1230 134 21 unfortunate
1506 1236 43 14 man
1570 1229 69 19 named
1658 1228 79 20 Turner
1750 1230 31 24 got

1350 1260 74 23 astray.
1454 1255 150 25 Datachmontci,
1625 1254 94 20 mounted
1740 1254 39 20 a-id

1350 1290 26 12 on
1388 1284 51 22 foot,
1450 1285 31 16 set
1489 1286 37 15 out
1543 1281 51 20 from
1613 1281 35 20 the
1667 1281 69 25 Depot
1755 1283 18 17 in-

1350 1310 65 20 wards
1425 1309 24 19 all
1462 1309 66 25 points
1539 1309 21 18 of
1571 1308 33 19 the
1615 1314 97 20 compass,
1734 1307 48 20 with

1349 1337 100 24 goodness
1462 1335 67 19 known
1542 1334 43 20 bow
1598 1341 58 17 many
1669 1334 56 26 days'
1737 1340 32 17 pro-

1350 1363 75 19 visions
1449 1363 20 18 in
1489 1361 51 21 tbeir
1565 1360 124 21 haversacks.
1728 1360 54 27 They

1350 1396 51 13 were
1412 1388 123 20 determined
1556 1389 20 18 to
1589 1388 40 19 find
1641 1387 33 20 the
1695 1393 44 12 man
1759 1393 23 14 or

1349 1415 31 19 die
1390 1415 21 19 in
1429 1415 33 19 the
1482 1415 94 24 attempt.
1615 1414 52 24 They
1686 1412 94 21 searched

1348 1443 34 19 the
1392 1441 64 20 nooks
1474 1441 39 20 and
1533 1447 92 14 crannies
1641 1440 21 19 of
1680 1440 34 19 tho
1733 1439 48 20 Port

1350 1468 65 25 Hills;
1430 1468 16 19 it
1462 1468 17 19 is
1495 1475 48 12 even
1564 1466 76 26 alleged
1662 1466 47 25 they
1729 1473 51 12 were

1349 1502 46 13 seen
1420 1494 46 21 with
1491 1494 125 24 fleldg'a'ses
1640 1500 25 13 on
1685 1492 95 25 Cooper's

1350 1521 67 21 Knob.
1445 1521 54 27 They
1506 1520 94 28 explored
1611 1519 101 22 suburban
1724 1519 56 21 lanes

1348 1549 38 19 and
1406 1548 42 26 city
1469 1547 155 28 rights-of-way.
1657 1546 55 27 Tlmy
1733 1547 35 25 pat-

1349 1575 62 21 rolled
1422 1575 33 20 the
1467 1575 48 20 sand
1534 1572 47 23 hills
1592 1575 20 20 at
1630 1572 98 28 Brighton
1741 1572 37 21 and

1348 1602 86 26 dragged
1458 1601 33 21 tho
1511 1600 112 22 Heatboote
1642 1603 21 18 at
1687 1600 93 20 Sumner.

1349 1629 52 20 Such
1413 1628 42 22 zeal
1466 1628 92 20 deserved
1570 1634 85 18 success,
1677 1626 40 21 and
1736 1633 32 14 suc-

1348 1663 41 13 cess
1399 1656 101 20 rewarded
1513 1654 17 22 it
1540 1656 22 19 at
1569 1654 35 21 the
1620 1654 85 20 eleven'"
1709 1654 2 22 l
1752 1661 9 8 ,!

1348 1683 54 25 They
1414 1682 113 21 discovered
1539 1680 33 22 the
1589 1681 135 21 ui-fortunate
1735 1687 45 13 man

1348 1712 21 17 at
1388 1709 39 20 last
1428 1708 100 25 —sitting
1545 1715 26 13 on
1592 1708 34 20 the
1649 1707 49 20 kerb
1722 1710 60 17 stone

1348 1737 94 25 opposite
1453 1736 33 20 tho
1496 1735 61 23 police
1569 1731 97 24 station.''

1823 81 85 20 WHAT
1922 79 107 20 THINGS
2044 79 64 19 COST
2121 78 33 19 IN
2163 78 91 19 THOSE

1997 104 214 20 DAYS.

1848 137 24 18 In
1882 135 80 24 Venice,
1974 135 20 18 in
2004 136 56 22 1274,
2071 141 10 12 a
2101 134 35 25 pig
2156 134 40 18 cost
2214 136 39 15 tvso

1821 162 99 24 shillings.

1846 188 26 19 In
1884 188 49 17 li2;!G
1944 192 11 13 a
1965 186 40 19 hen
2016 192 40 12 was
2066 184 79 25 bought
2156 184 19 18 in
2195 184 58 19 Paris

1823 214 29 17 Tor
1860 219 12 12 a
1881 218 73 19 penny.

1845 238 18 19 A
1882 237 40 20 bod
1930 238 22 18 in
1971 243 12 13 a
1997 236 68 20 Greek
2082 235 33 20 inn
2132 235 63 18 inA.n
2215 234 36 19 327

1818 266 42 18 cost
1869 265 120 23 two-ponce.

1844 290 25 18 In
1879 289 70 19 Pome,
1961 294 29 13 n.c
2001 291 17 21 (>,
2029 293 55 14 roses
2099 292 51 15 wore
2169 292 13 12 a
2198 285 40 20 half-

1818 321 66 20 penny
1894 321 11 13 a
1916 314 69 20 dozen.

1843 341 96 24 Poppoea,
1949 339 132 24 Noro'svrifo,
2091 337 47 27 paid
2149 339 102 23 twopence

1817 372 11 14 a
1837 368 61 23 quart
1907 365 31 20 for
1948 366 60 18 asses'
2018 364 50 20 milk
2077 367 21 16 to
2109 362 60 21 batho
2180 362 26 19 in.

1841 393 27 18 In
1878 392 48 18 1542
2116 394 50 15 wore
2176 388 43 19 sold
2229 388 20 19 in

1816 418 63 19 Rome
1889 417 32 19 for
1930 418 97 24 tenponco
2038 423 12 12 a
2060 414 106 21 thousand.

1841 444 25 18 In
1880 442 34 20 tho
1933 448 48 20 year
2000 444 48 16 MOO
2067 440 85 25 English
2171 440 75 24 horses,

1815 468 86 20 suitablo
1911 468 32 19 for
1952 468 87 24 cavalry,
2051 470 40 17 cost
2100 467 26 18 i2
2138 466 73 25 apiece.

1839 494 26 20 In
1877 494 49 19 137G
1934 500 51 19 oggs
1994 493 45 20 sold
2056 493 19 19 in
2093 492 63 19 l'arce
2165 498 39 12 ona
2216 492 32 18 for

1813 527 38 12 (.no
1860 520 84 25 shilling
1954 519 40 19 and
2004 520 92 25 sixponco
2116 524 11 14 a
2146 517 100 20 hundred.

1838 547 70 23 .Essex,
1923 546 35 18 the
1975 545 100 20 favourito
2093 544 21 20 of
2131 543 113 25 Elizabeth,

1814 572 37 19 bad
1860 579 10 13 a
1879 574 30 18 set
1917 572 21 20 of
1944 571 62 19 shirts
2013 571 65 19 which
2084 571 41 19 cost
2133 571 31 18 £'2
2171 569 74 26 apicco.

1837 598 56 25 Pigs'
1903 598 42 19 foot
1955 597 41 19 sold
2005 597 20 19 in
2033 597 64 19 Pome
2107 596 20 19 iu
2134 595 34 19 tho
2176 595 69 20 fourth

1811 626 83 23 contury
1904 626 20 18 at
1935 623 34 20 tho
1979 625 43 17 rate
2032 623 22 19 of
2060 624 75 23 twenty
2145 621 32 20 for
2196 623 36 18 two-

1811 656 67 19 pence.

1836 675 67 21 Broad
1922 676 20 19 in
1957 675 92 26 Pompeii
2065 676 42 18 cost
2124 673 110 19 three-half-

1810 708 60 19 pence
1879 708 12 13 a
1900 703 48 18 loaf.
1978 702 42 18 Tho
2030 701 42 19 loaf
2081 699 93 26 weighed
2181 699 62 20 about

1809 728 31 18 six
1850 734 55 14 ounci
1913 734 15 13 s.

1835 754 66 19 Doves
1912 754 32 19 for
1953 753 88 20 sacrifice
2051 753 19 19 ir
2081 752 34 20 tho
2128 751 75 26 toniplo
2222 753 21 18 at

1809 779 113 20 Jerusalem
1941 782 42 17 cost
2001 780 52 19 from
2077 777 154 27 twopenco-half-

1808 812 67 20 penny
1882 809 20 16 to
1910 806 101 26 fivoponce
2022 806 54 19 each.

1033 24 58 21 THE
1103 25 60 21 HOT
1177 26 93 22 LAKES
1286 28 172 25 CHRONICLE,
1474 29 191 24 WEDNESDAY,
1696 28 76 21 JUNE
1788 27 32 26 10,
1835 25 56 25 lf-95,

60 3920 9 18 t
90 3918 36 20 the
154 3919 72 19 annual
253 3922 85 26 mooting
361 3925 20 19 of
403 3926 32 21 the

63 3944 79 25 lington
152 3944 44 26 City
209 3944 105 29 Licensing
323 3949 113 24 Committee

74 3971 96 19 renewals
198 3971 39 19 and
267 3975 94 20 transfers
387 3984 49 14 wore

60 3996 40 19 ited
136 3996 82 21 without
250 3999 114 25 opposition.
404 4004 32 19 All

60 4029 38 12 ises
107 4029 51 13 wero
175 4023 52 20 fixed
245 4027 20 17 at
275 4025 67 21 eleven
359 4028 72 20 o'cloek

74 4048 116 26 permission
204 4051 112 25 was-given
339 4054 19 18 to
377 4055 50 19 oxtin-

60 4074 16 20 ih
86 4076 59 19 street
153 4075 60 23 lights
224 4079 19 17 at
253 4076 43 22 that
305 4078 51 20 hour

477 3657 41 20 The
529 3658 70 19 winter
610 3664 63 13 seems
685 3659 21 17 to
717 3657 50 19 havo
778 3656 102 25 definitely

452 3687 29 17 fet
491 3684 19 19 in
522 3685 19 18 in
553 3683 33 21 the
597 3684 95 20 Urewera
707 3685 91 23 country,
816 3682 39 20 and
866 3683 16 18 it

452 3711 15 18 in
478 3710 96 20 doubtful
579 3710 91 20 whether
678 3710 58 20 much
748 3716 37 13 can
796 3710 23 19 be
830 3708 51 21 (lone

452 3737 19 19 in
482 3737 34 19 the
525 3743 44 19 way
579 3737 21 19 of
611 3743 35 13 roa
654 3736 99 26 l-making
771 3736 68 20 unless
848 3735 34 20 the

452 3763 85 20 weather
547 3763 60 25 keeps
625 3763 45 19 fine.

478 3802 60 20 News
546 3801 54 20 from
609 3801 135 27 Madagascar
759 3803 63 18 slates
837 3800 44 19 ihit

452 3828 33 20 the
506 3829 105 24 Malagasy
632 3828 48 19 have
703 3826 134 24 successfully
853 3833 20 13 re-

454 3854 68 22 pulsed
546 3854 33 19 the
593 3853 79 22 French
689 3855 85 18 advai.ee
797 3860 24 12 on
847 3853 21 19 th
873 3860 5 7 r
878 3853 2 23 .

924 2574 20 18 It
955 2580 39 12 was
1003 2574 20 18 iu
1043 2574 35 20 tho
1098 2575 59 19 ninth
1177 2577 84 24 century
1284 2576 48 23 thab

898 2599 33 20 tho
950 2601 68 19 Danes
1040 2600 83 21 invaded
1162 2602 94 26 England
1286 2604 33 19 wit

898 2632 84 19 success,
995 2627 38 19 and
1046 2627 113 26 completed
1181 2629 32 19 I'm.',
1232 2635 88 21 eonques

901 2652 17 20 jf
926 2653 17 19 it
949 2653 63 20 about
1020 2654 57 24 1010,
1087 2653 20 20 in
1115 2654 34 20 the
1156 2655 57 26 reign
1221 2655 21 20 of
1252 2656 80 20 Canute

905 2679 36 19 vbo
953 2686 38 13 was
1008 2679 84 27 peihaps
1112 2681 34 19 the
1166 2684 50 17 most
1234 2682 98 26 powerful

899 2706 94 20 monarch
1005 2705 22 21 of
1037 2706 31 20 his
1079 2707 54 20 time.
1164 2707 31 21 He
1205 2708 58 20 ruled
1283 2716 48 13 over

898 2731 105 21 Daumark
1014 2739 22 13 ai<
1098 2740 21 12 as
1139 2733 100 28 England,
1260 2735 38 20 and
1316 2736 16 20 is

898 2758 41 19 said
950 2760 21 18 to
991 2759 47 20 bave
1056 2759 121 22 introduced
1198 2761 133 26 Christianity

899 2784 42 20 into
950 2785 29 19 his
992 2785 87 21 dorainio
1088 2792 20 14 :'■:.

925 2820 81 24 During
1023 2827 10 12 a
1052 2820 120 28 physiology
1190 2822 111 26 recitation,
1322 2830 10 13 a

900 2845 79 22 teacher
997 2846 38 21 had
1056 2847 100 27 cari-fuliy
1174 2849 105 26 explained
1299 2851 33 19 the

899 2874 104 19 structure
1013 2873 22 20 of
1045 2873 32 20 tho
1092 2881 39 16 oar,
1143 2875 72 26 (.'ailing
1230 2877 101 19 attention

899 2900 21 18 to
931 2898 34 21 the
976 2900 115 21 membr?.ne
1110 2901 60 20 called
1187 2903 16 18 tl
1210 2909 10 13 c

899 2925 42 20 The
950 2925 105 28 following
1065 2927 38 25 day
1114 2928 34 20 ibe
1164 2929 79 21 teacher
1263 2929 68 25 atlced,

998 2953 54 20 what
1073 2954 35 19 did
1130 2961 27 13 we
1177 2956 36 18 call
1235 2956 33 20 the
1286 2956 45 20 skin

900 2979 88 20 stretrhe
996 2979 4 24 1
1010 2986 69 14 across
1092 2980 33 20 the
1135 2982 38 19 end
1186 2981 21 21 of
1223 2983 33 20 the
1273 2987 58 16 outer

899 3005 50 20 ear?
953 3004 3 32 1
961 3004 2 32 '
993 3006 44 20 Her
1047 3006 63 21 whole
1132 3008 44 20 face
1192 3004 4 32 l
1200 3004 4 32 :
1206 3010 73 26 gii<ing
1298 3016 33 20 up,

899 3031 35 20 she
944 3032 84 26 replied,

929 3064 31 20 '■"
960 3064 32 20 Was
1000 3065 63 19 Eome
1075 3065 88 21 founded
1179 3067 26 26 by

899 3090 93 26 inquired
1004 3098 10 12 a
1026 3092 54 24 pupil
1089 3093 23 19 of
1120 3093 33 20 the
1162 3094 85 22 teacher.

901 3124 30 18 my
1017 3118 75 26 replied
1109 3119 32 20 the
1161 3121 46 19 wise
1225 3128 43 14 man
1278 3117 3 28 ;

900 3150 39 13 was
959 3143 66 21 Juliet-
1044 3154 15 12 w
1061 3143 5 21 1
1105 3152 41 14 was
1165 3146 63 22 found
1244 3149 48 20 dead
1305 3150 24 23 by

998 3213 11 13 a
1021 3206 104 21 backward
1237 3210 42 20 said
1298 3211 33 20 the

901 3238 68 20 young
979 3232 46 26 lady
1036 3239 21 14 as
1068 3234 35 20 she
1114 3235 93 25 adjusted
1223 3237 34 20 the
1275 3238 55 20 wires

900 3258 22 20 of
933 3261 34 17 her
978 3258 71 21 bustle.

927 3293 103 27 Speaking
1050 3295 21 20 of
1099 3295 33 21 the
1153 3296 61 26 tariff,
1229 3297 34 20 tho
1284 3298 47 21 time

901 3319 38 20 will
951 3326 47 14 soon
1011 3321 23 19 be
1045 3321 46 20 here
1101 3322 56 20 when
1174 3323 33 21 the
1217 3324 56 20 small
1294 3325 36 27 boy

900 3346 39 20 will
956 3349 37 23 put
1000 3353 61 20 green
1072 3348 70 25 apples
1152 3356 25 13 on
1187 3350 34 20 the
1230 3350 42 21 free
1291 3351 40 22 list.

1013 3378 74 20 should
1113 3379 58 20 know
1206 3387 31 19 my
1266 3382 59 25 wife,'

902 3403 99 21 Matthew
1023 3405 77 19 Arnold
1119 3412 48 14 once
1186 3407 103 21 remarked
1311 3411 20 18 to

900 3437 24 13 an
945 3431 158 25 acquaintance;
1193 3433 34 19 has
1253 3434 25 19 all
1299 3441 31 20 my

901 3459 108 18 sweetness
1021 3458 38 19 and
1071 3464 53 13 none
1131 3458 22 19 of
1164 3466 31 18 my

926 3491 64 26 Many
1001 3498 43 13 men
1066 3491 47 21 with
1125 3493 68 26 plenty
1213 3493 22 21 of
1260 3501 70 20 money

900 3518 19 19 in
953 3518 14 19 f
977 3518 29 20 eir
1035 3518 84 24 pockets
1146 3519 39 19 find
1212 3520 119 22 themselves

1035 3551 19 12 in
1065 3552 12 11 a
1087 3545 90 21 crowded
1190 3545 57 22 horso
1258 3554 38 13 ear.

927 3577 18 18 A
957 3575 52 20 wash
1021 3576 57 19 male
1088 3576 22 20 of
1119 3579 34 17 the
1164 3580 58 18 water
1234 3579 18 19 in
1268 3580 62 20 which

902 3603 91 25 potatoes
1003 3602 49 20 have
1062 3603 49 19 been
1123 3603 65 21 boiled
1199 3605 16 20 is
1225 3612 12 12 a
1254 3607 77 19 certain

901 3635 67 13 moans
978 3628 20 20 of
1002 3628 118 27 destroying
1126 3629 103 22 ineectson
1239 3632 92 21 auiinals.

901 3655 41 19 The
969 3655 45 19 first
1042 3655 122 24 application
1193 3657 16 19 is
1228 3658 101 26 generallv

901 3681 103 21 effectual,
1013 3681 38 19 but
1058 3682 17 18 it
1085 3681 36 19 had
1131 3682 66 20 better
1205 3684 22 19 be
1236 3686 94 23 repeated

901 3714 11 12 a
924 3708 32 18 feu
972 3707 40 19 !inv
1022 3714 8 12 c
1040 3707 19 20 in
1072 3708 55 18 order
1137 3710 20 17 to
1173 3710 107 25 destroyed
1299 3712 32 19 the

901 3741 53 18 eggs.
983 3734 41 18 The
1033 3740 53 12 same
1097 3740 67 14 means
1180 3742 43 19 may
1240 3737 24 19 be
1284 3738 47 20 used

901 3761 78 23 against
992 3760 33 19 the
1037 3759 97 26 parasites
1146 3761 19 19 in
1182 3763 63 19 wlreh
1263 3770 69 13 tnantre

902 3786 107 26 orginatcs,
1021 3787 38 18 and
1070 3785 97 27 probably
1179 3789 64 19 would
1253 3796 79 13 remove

903 3813 57 26 plant
979 3813 37 18 lice
1036 3812 48 20 also.
1127 3813 48 19 This
1206 3814 125 22 inseeticidal

903 3841 92 23 property
1005 3839 21 19 of
1037 3838 34 20 the
1082 3839 71 25 potato
1167 3841 16 18 is
1194 3842 104 23 supposed
1311 3845 21 17 tn

902 3866 23 19 bo
936 3865 65 25 owing
1012 3866 21 17 to
1044 3865 35 18 tho
1089 3865 96 27 solanine,
1195 3867 62 20 which
1270 3874 16 13 is
1296 3875 36 13 one

901 3892 21 19 of
932 3892 26 19 its
969 3891 141 20 constituents.

931 3930 123 21 Subscribers
1071 3931 41 18 will
1129 3932 64 24 pleaso
1207 3934 56 18 leave
1280 3941 50 12 w„re

903 3960 21 17 at
936 3958 33 19 the
980 3958 61 19 office,
1056 3957 69 19 should
1139 3958 48 25 thoy
1207 3963 33 15 not
1260 3961 68 19 receive

903 3984 50 19 their
962 3991 61 18 paper
1033 3984 105 26 regularly,
1149 3985 37 19 and
1198 3985 30 20 the
1239 3987 87 20 cniissioi

903 4010 40 21 will
954 4010 23 19 bo
988 4010 132 22 immediately
1136 4012 90 19 rectified.

921 4041 54 21 Every
983 4046 37 15 pers
1031 4041 35 16 nin
1075 4041 32 16 tliis
1122 4042 66 17 district
1214 4044 58 16 aliould
1294 4050 34 10 hoik

903 4067 8 9 n
919 4066 41 15 copy
978 4060 17 17 of
1009 4061 28 15 tlio
1052 4060 42 16 Now
1117 4061 71 18 Zealand
1204 4064 72 19 Cookery
1288 4065 39 14 liuol

903 4081 42 16 thoir
953 4080 66 17 friends.
1041 4080 15 15 A
1075 4085 44 12 more
1134 4082 54 17 useful
1206 4082 65 21 present
1286 4084 41 16 couli

903 4100 28 16 not
936 4100 21 16 bo
971 4100 59 16 found.
1032 4099 68 17 —Asvx

1833 860 18 18 A
1868 860 13 19 A
1890 860 98 25 ellington
1998 860 88 19 rcsidont
2103 860 67 19 writes
2188 860 52 19 iroin

1808 885 119 26 Coolgardio
1936 884 3 27 :
1989 892 33 13 am
2032 884 141 27 disappointocl
2191 886 49 19 with

1807 912 33 19 the
1850 914 91 22 country.
1968 912 12 18 I
1990 912 59 19 think
2059 911 56 20 tliei'O
2124 912 17 18 i*
2151 917 12 12 a
2182 914 58 22 great

1807 938 43 19 ileal
1861 938 20 19 of
1897 938 94 25 blowing,
2010 938 41 19 and
2066 938 12 18 I
2095 937 78 20 believe
2191 939 37 18 two-

1807 964 63 19 thirds
1885 964 21 19 of
1923 964 35 18 the
1977 965 70 24 Cjuartz
2074 963 63 19 liiinos
2156 964 77 19 around

1807 990 118 25 Coolgardio
1943 996 34 13 aro
2002 992 33 16 not
2064 989 64 20 worth
2156 996 12 12 a
2186 992 52 17 cont.

1806 1016 52 23 This,
1869 1016 12 19 I
1892 1022 32 13 am
1934 1016 73 23 afraid,
2019 1015 40 19 will
2068 1015 26 20 ho
2103 1015 34 19 the
2156 1015 83 26 general

1807 1042 73 20 verdict
1890 1042 70 20 boforo

2061 1105 16 23 1
2091 1105 99 20 AULEY

1805 1167 115 21 Plumber
1935 1170 15 18 a
1977 1166 101 22 General
2098 1166 135 21 Mechanic.

1907 1199 115 20 Tutanokai
2061 1199 70 19 Street.

1872 1235 297 25 ROTORUA.

1861 1316 29 41 H.
1918 1316 39 41 W.
1983 1315 192 47 HEIGHBOUR,

1865 1455 25 18 25
1902 1460 59 20 yeau
1971 1453 19 20 in
2002 1454 34 19 the
2051 1453 62 22 West
2133 1454 17 19 F
2154 1453 3 27 r
2159 1453 19 19 id
2194 1460 12 13 o
2209 1453 6 9 e
2215 1453 2 27 :

1971 1480 104 26 lODdoB.)

1869 1517 300 29 ROTORUA.

1901 1559 46 21 Has
1958 1558 74 28 always
2043 1566 25 14 on
2077 1559 55 21 hand

2044 1591 94 20 Scotch
2159 1590 52 21 mid

1962 1614 46 18 \inl
2030 1614 117 19 Tweeds.

1859 1643 34 22 pic
1907 1642 53 19 sissd
2039 1640 174 25 #iiiii'nntced<

1861 1675 37 18 ica
1919 1672 114 20 Jackets
2058 1671 51 20 mill
2133 1672 49 18 B£.icl

1877 1695 98 19 flSabits
1984 1700 16 13 ;i
2010 1694 140 23 hpecSsility

1859 1731 45 17 mil;
1912 1729 54 19 made
1975 1734 20 14 to
2004 1736 5 12 c
2015 1736 5 11 1
2026 1729 18 18 tit
2050 1727 4 25 1
2065 1730 16 18 ni
2089 1727 101 21 Aucfehbd
2198 1729 27 23 j»i

1828 1818 21 40 j
1864 1817 63 41 r\

1396 1902 328 47 Hydropathic
1767 1909 154 38 Motel,
1959 1910 231 30 Koturua-

1623 1958 84 22 ESTA
1715 1959 137 21 BLISIIE
1858 1958 22 21 D
1898 1958 66 20 1881
1969 1958 1 22 ■

1350 1994 83 24 Under
1446 1994 40 25 the
1500 1999 131 28 patronage
1645 1994 23 25 of
1682 1994 38 25 Sir
1744 1995 39 24 W.
1804 1994 101 33 Jeryois,
1927 1993 56 25 Earl
2004 1993 48 23 and
2075 1992 118 24 Countess
2215 1989 25 26 of

1400 2028 138 32 Hopetoun,
1553 2028 39 23 the
1609 2029 62 22 Hon.
1687 2028 104 24 Premier
1804 2029 46 22 and
1866 2027 124 25 Members
2004 2027 24 24 of
2044 2025 149 25 Parliament.

1384 2078 141 26 The-Hotel
1543 2079 19 24 is
1571 2079 104 24 situated
1690 2088 29 15 on
1733 2088 28 16 an
1776 2080 112 23 elevated
1903 2079 102 32 position
2021 2086 29 16 on
2066 2078 39 23 the
2119 2077 83 24 shores
2216 2077 25 25 of

1355 2116 64 21 unkc
1434 2116 113 24 Koiorua,
1561 2118 144 19 convenient
1719 2118 24 19 to
1761 2122 29 15 an
1806 2119 39 18 tne
1863 2117 77 27 siguts
1954 2120 22 16 in
1990 2117 40 18 tuc
2039 2116 99 19 district.

1354 2152 152 33 Sulphur
1520 2152 68 26 and
1607 2151 148 27 Mineral
1767 2152 108 27 Baths
1889 2152 21 23 in
1926 2152 39 23 the
1986 2150 116 24 Grounds
2119 2149 25 25 of
2162 2149 75 26 Hotel

1385 2223 38 25 To
1434 2228 63 20 meet
1509 2222 39 25 the
1562 2223 106 24 dullness
1682 2223 24 25 of
1719 2223 39 25 the
1772 2224 71 23 times
1856 2232 13 14 a
1882 2222 89 33 charge
1985 2222 24 24 of
2026 2220 40 31 £2
2080 2229 75 25 asper
2170 2221 69 24 week

1431 2256 36 25 for
1485 2265 13 16 a
1511 2255 147 28 lengthened
1671 2262 60 21 stay,
1769 2256 84 25 Under
1866 2265 45 15 one
1924 2256 69 24 week
2008 2258 37 21 Bs.
2060 2263 41 20 per
2116 2255 54 28 day.

1353 2322 37 28 N.
1402 2323 35 26 B.
1438 2323 87 23 —Mrs
1539 2323 107 23 Graham
1662 2322 44 25 will
1719 2323 51 23 also
1784 2322 110 25 continue
1908 2326 24 20 to
1943 2321 127 31 supervise
2083 2321 39 24 the

1447 2356 138 43 Geyser
1604 2356 120 37 House
1751 2356 253 43 Hydropathic
2023 2354 122 41 Hotel,

1684 2402 239 32 WAtEAK&I,

1352 2441 76 24 which
1442 2441 42 24 has
1496 2439 101 28 become
1610 2451 11 14 a
1632 2440 100 34 popular
1743 2451 21 14 ec
1776 2441 118 25 favourite
1905 2446 77 19 resort
1994 2444 113 30 amongst
2117 2438 125 25 travellers

1702 2476 48 23 and
1781 2475 108 24 invalids.

1423 2513 19 24 A.
1463 2512 122 26 reduction
1607 2513 17 25 is
1646 2513 71 24 made
1738 2518 24 20 to
1783 2512 92 32 weekly
1893 2521 27 16 or
1933 2512 108 32 monthly
2052 2510 121 27 boarders.

1353 2552 81 24 Guide
1448 2552 80 24 Books
1538 2552 46 24 and
1599 2551 153 26 information
1762 2550 76 35 gratis
1852 2557 23 19 at
1885 2552 69 23 Cook
1967 2554 22 21 &
2000 2553 63 22 Sons
2075 2551 59 33 (sole
2145 2550 95 33 agents)

1585 2585 81 25 offices
1685 2584 148 27 throusrhont
1851 2585 41 25 the
1906 2585 43 25 Col
1953 2594 29 15 on
1986 2594 21 17 v.

1352 2637 88 23 jr\l-i5.
1461 2628 36 35 ft,
1517 2628 212 37 K-kiXJihJiJA}

2052 2632 11 8 -v
2070 2633 26 15 pi
2105 2626 34 15 s\h
2146 2631 17 13 k>
2166 2630 47 16 f\Q(

1361 2749 137 42 LxJiL
1536 2756 25 33 i
1590 2749 218 43 oxiiiTL
1838 2760 278 30 x-xwuk:

1398 2806 342 47 Hydropathic.
1758 2806 153 42 Hotel,
1931 2806 259 39 Wairakei.

1548 2874 36 19 Six
1593 2874 58 19 miles
1661 2875 52 19 from
1724 2874 57 21 Lako
1790 2874 70 26 Taupo
1871 2874 100 26 (Rotorua
1982 2873 59 27 side).

1477 2914 219 32 SUPERIOR
1728 2915 389 32 ACCOMMODATION

1543 2961 54 21 AtJL
1609 2962 57 20 THE
1675 2961 145 23 COMFORTS
1831 2962 34 21 OP
1877 2963 17 19 A
1904 2961 82 21 HOME
2000 2962 51 21 FOR

1586 3003 155 26 Tourists
1761 3003 69 26 and
1859 3001 157 28 Invalids

1352 3082 67 27 Hot
1433 3079 202 33 Swimming
1647 3079 117 31 Baths,
1780 3078 293 29 Kiri-o-hine-ICai
2098 3085 38 21 or
2153 3079 84 28 New

1501 3114 83 28 Skin
1612 3114 97 30 Bath,
1737 3114 70 26 Hot
1820 3113 140 27 Douche
1972 3114 117 31 Baths,

1651 3146 117 27 Grand
1787 3147 151 27 Climate.

1450 3185 302 28 Elevation—l3so
1772 3185 67 28 feet
1853 3185 109 28 above
1974 3192 59 21 sea
2043 3184 95 32 level.

1352 3264 255 29 COMPETENT
1624 3265 161 27 GUIDES
1797 3274 154 25 accompany
1966 3266 105 24 tourists
2083 3267 25 23 to
2118 3266 43 24 the
2175 3266 52 23 vari-

1450 3308 46 16 ous
1508 3300 84 32 places
1605 3299 26 25 of
1644 3299 116 31 interest,
1774 3299 87 26 which
1868 3297 75 28 baffle
1957 3300 44 25 the
2015 3300 65 24 most
2093 3297 75 26 facile
2179 3307 59 23 pen,

1451 3333 49 25 and
1513 3341 46 16 can
1574 3333 58 32 only
1645 3332 32 25 be
1690 3332 108 25 realized
1811 3333 76 25 when
1905 3341 67 18 seen.

1352 3422 267 25 GEYSERVA
1627 3422 24 24 L
1660 3422 24 24 L
1692 3421 26 25 E
1725 3422 27 24 Y
1764 3422 90 21 contains
1863 3422 34 21 the
1905 3422 106 26 following
2020 3428 53 20 uneq
2079 3420 62 21 nailer!
2154 3420 83 20 Natura

1430 3448 103 20 wonders:
1537 3448 148 24 —Tuhuatitbi,
1706 3455 23 12 or
1750 3448 64 21 Groat
1834 3449 131 25 Champagne
1986 3448 119 24 Cauldron;
2122 3447 33 20 the
2174 3447 66 19 Grout

1541 3474 92 26 Geyser;
1642 3474 34 20 tho
1691 3474 83 26 Donkey
1787 3475 90 25 Engine;
1891 3475 33 20 the
1939 3474 81 21 Fairies'
2032 3474 50 20 Bath
2094 3473 4 27 ;
2110 3473 33 20 the
2156 3473 72 25 Lightn-

1430 3500 38 26 ing
1481 3499 57 28 Pool;
1551 3500 35 21 the
1596 3501 88 20 Cascde
1697 3501 84 25 Geyser,
1796 3507 22 14 or
1830 3500 101 27 Dragon's
1944 3501 69 20 mouth
2025 3499 3 28 ;
2042 3500 33 21 the
2084 3500 57 20 black
2155 3499 86 26 Geyser;

1431 3528 33 19 the
1471 3527 51 20 Mud
1534 3527 92 25 Geyser;
1644 3527 34 20 the
1689 3526 52 21 Blue
1751 3526 56 21 Lake
1816 3537 5 16 ;
1830 3528 35 19 the
1885 3528 32 19 Oil
1931 3527 52 20 Bath
1993 3526 4 27 ;
2016 3528 36 19 the
2075 3526 78 26 Bugle's
2174 3526 68 23 Ne*t;

1431 3554 35 19 the
1477 3553 76 20 Devil's
1565 3554 70 19 i'anch'
1649 3554 51 19 Bowl
1711 3551 4 27 ;
1727 3554 35 19 tho
1776 3554 69 20 Princo
1860 3553 21 20 of
1895 3554 74 20 Wales'
1981 3551 110 27 Feathers;
2101 3556 31 16 tho
2150 3551 78 21 Mim.r
2238 3551 4 27 ;

1431 3580 33 20 the
1473 3579 54 21 Twin
1538 3580 78 26 Geyser
1626 3578 4 28 ;
1642 3580 34 20 the
1687 3580 59 20 Corai
1760 3580 76 26 Geyser
1847 3578 4 28 ;
1864 3580 34 20 the
1908 3580 67 20 Greon
1993 3581 46 19 Poo;
2051 3578 3 28 ;
2073 3578 133 25 Tenkoreho,
2221 3586 21 12 or

1431 3606 47 20 Hell
1490 3606 91 24 Geyser;
1593 3606 34 20 tho
1637 3606 68 20 Sieain
1719 3607 101 20 [-Jammer.
1850 3606 84 21 Guide's
1947 3609 31 17 Ice
1990 3608 21 18 to
2023 3607 78 25 Geyser
2121 3604 79 25 Valley,
2213 3607 27 22 O'p;

1432 3632 91 20 distance
1534 3632 50 20 from
1596 3633 34 17 tte
1640 3633 61 21 hotel,
1712 3640 38 12 onj
1762 3633 51 20 mile.

1431 3714 77 26 liapids
1520 3715 19 18 in
1550 3715 34 18 tho
1595 3716 101 19 Southern
1708 3716 148 26 Hemisphere;
1869 3716 72 27 falling
1952 3717 20 20 in
1992 3718 30 18 fix
2040 3717 87 18 distinct
2145 3716 91 20 cascades

1431 3742 90 25 amongst
1540 3741 60 20 weird
1613 3742 39 19 and
1664 3742 74 26 ragged
1754 3749 89 20 scenGry.
1872 3744 45 19 Dist

1433 3768 61 19 miles.
1523 3767 74 20 Saddle
1606 3768 69 20 horbcs
1691 3770 20 17 to
1724 3768 45 20 visit
1781 3768 34 21 the
1823 3770 83 24 Jiapids,
1917 3774 22 16 7a

1355 3814 218 26 KERAPITI
1602 3821 22 13 or
1635 3815 33 19 the
1678 3815 78 20 Devil's
1766 3817 97 24 Trumpet
1873 3817 16 19 ia
1906 3819 42 17 sail
1969 3820 20 18 to
2011 3819 50 17 emit
2080 3824 9 14 a
2114 3823 92 19 pressure
2216 3817 21 19 of

1432 3841 69 20 ISOIbs
1512 3841 21 19 of
1548 3843 63 17 steam
1621 3842 22 18 t<*
1654 3841 33 21 the
1694 3841 54 23 inch,
1764 3842 51 20 from
1825 3849 25 13 an
1867 3845 96 22 aperture
1972 3844 22 20 of
2014 3845 63 19 abont
2098 3845 22 19 12
2138 3843 68 21 inches
2217 3843 19 20 in

1431 3868 103 19 diameter.
1562 3867 98 20 Distance
1673 3867 51 20 from
1736 3867 55 21 hotel
1798 3867 56 22 three
1865 3871 38 18 and
1917 3877 10 12 a
1939 3869 41 21 half
1992 3870 55 20 ini'es
2055 3878 5 16 ;
2081 3870 69 20 saldle
2167 3869 71 21 horses

1432 3895 20 18 to
1466 3894 45 19 visit
1522 3894 34 19 the
1566 3894 69 22 above,
1648 3895 53 18 2«<id
1713 3894 54 20 eaeb.

1765 3927 51 13 AT,KO

1357 3954 94 25 THE
1472 3953 132 24 HUKA
1623 3954 168 32 FALLS,
1811 3955 33 20 the
1862 3956 105 20 Grandest
1977 3956 56 21 Falls
2042 3958 21 19 in
2084 3957 33 19 the
2137 3956 99 23 Southern

1431 3984 78 24 lli-'ini.-l
1519 3984 52 19 lierc.
1600 3984 42 20 Tho
1652 3984 56 20 Falls
1717 3991 44 21 may
1778 3986 24 20 be
1811 3986 71 20 visited
1891 3992 26 13 on
1926 3986 35 20 tho
1971 3987 174 25 sameespsdittun
2160 3994 21 12 as
2206 3987 33 20 the

1431 4010 78 21 Devil's
1515 4010 104 26 Trumpet.
1648 4010 98 21 Distance
1756 4012 51 19 from
1819 4012 52 19 hotel
1882 4012 59 19 three
1950 4014 38 19 and
2000 4020 11 13 a
2023 4014 42 20 half
2077 4014 59 19 miles.
2163 4014 75 19 Saddle

1433 4036 58 21 horbe
1508 4043 22 12 or
1541 4037 68 25 buggy
1624 4036 47 21 2c9d
1686 4037 55 20 each.

1490 4076 138 27 MESR.
1647 4076 195 34 GRAHAM,
1862 4078 242 32 Proprietress.

577 4183 129 53 Ask
732 4183 90 50 for
859 4185 323 53 Hanccok's
1209 4184 339 54 Celebrated
1579 4195 204 42 XXXX
1807 4186 140 52 Ales
1976 4184 116 52 and
2116 4184 188 53 Stout.

2345 87 146 20 OKOIA
2556 84 106 22 TTIE
2676 85 23 19 W

2546 296 7 15 J
2560 296 52 16 AND
2623 296 70 17 6)BIiB

2487 323 95 15 UFFIGB

2280 347 38 20 hid
2333 355 49 12 near
2402 348 33 20 tlio
2458 348 119 21 Celebrated
2601 349 98 21 PEIEST

2324 380 114 20 RACHEL
2447 381 37 19 and
2493 381 58 20 other
2556 382 98 26 BATHS,

2417 411 139 21 ROTOEUA.

2290 462 121 36 MRS
2436 464 214 41 YOUNG,

2503 510 143 26 Proprietress.

2384 535 69 19 Tonus
2469 536 109 20 Moderate.

2502 608 39 33 A
2565 607 132 35 MKc

2263 745 80 19 Losses
2369 745 62 19 Pjmd.

2259 849 90 21 Accukp
2354 856 21 13 r.'.
2380 856 25 14 te
2410 856 11 13 i)
2471 850 73 20 Funds

2260 875 88 21 Exceed
2570 879 15 19 £
2591 880 60 23 1,000
2657 884 39 16 000

2259 928 23 21 W.
2300 928 57 23 WARD
2366 929 72 26 TAKER,
2510 930 22 21 W.
2542 931 10 21 A
2566 932 103 23 WILLIAMS

2299 955 69 20 District
2377 955 81 25 Manager,
2531 956 47 21 Local
2594 958 57 26 Agent,

2356 979 91 24 Auckland,
2567 982 78 26 Rotorua,

2479 1109 35 38 M.
2538 1110 127 39 SIMON.

2465 1150 49 20 Late
2524 1150 3 21 (
2532 1153 13 17 .i'
2555 1151 121 20 Melbourne

2480 1185 97 28 Practical
2588 1186 72 26 Tailor.

2467 1219 3 10 «
2475 1219 4 10 i
2488 1227 9 2 _
2507 1222 5 7 1
2520 1219 4 10 1
2655 1219 14 10 _i

2468 1255 32 23 to
2521 1253 85 26 order
2632 1261 39 18 on

2503 1285 140 29 shortest

2514 1320 110 25 notice.

2462 1444 56 27 Stylo
2528 1445 38 20 and
2578 1444 32 21 Fit
2622 1448 34 16 not
2669 1447 19 18 to

2448 1471 25 19 ljo
2486 1471 93 27 equalled
2594 1472 21 19 in
2628 1474 60 17 town.

2448 1514 96 21 Address
2599 1514 57 20 Next
2668 1516 20 19 tc

2448 1541 92 20 Larking.
2554 1540 132 22 Ohineniuiu.

2432 1618 157 39 Sawmill
2603 1624 83 40 uoy,

2299 1692 95 20 THIn;
2412 1693 50 18 \\\\
2478 1691 52 22 RED
2545 1692 70 22 PINE
2625 1692 21 21 of
2656 1692 30 21 tlic

2334 1718 58 22 finest
2401 1718 80 25 cluality
2491 1719 40 21 and
2540 1719 99 24 carefully
2650 1721 30 19 out

2379 1789 119 18 PitfcnCcsi
2528 1789 51 18 sins!
2606 1790 83 17 's'aivd

2257 1811 129 23 SBliiiglcS,
2399 1812 115 22 fillings.
2528 1811 94 20 (Slocks
2637 1812 52 17 ;sss«s

2258 1833 80 20 Posts,

2283 1879 18 20 A
2311 1879 50 25 good
2377 1880 40 19 .■Mid
2432 1880 87 20 asaorteil
2531 1879 73 27 supply
2615 1880 75 26 always

2257 1913 25 12 ou
2293 1906 54 20 hand
2357 1909 21 17 at
2389 1906 34 20 the
2429 1906 82 20 Timber
2521 1904 63 22 Yard.

2391 1930 170 22 EOTOEUa.

2258 1979 60 22 N.B.
2325 1979 129 27 —Special
2472 1985 59 16 care
2559 1981 82 20 taken
2665 1980 27 21 in

2365 2007 47 20 the
2438 2007 144 26 seasoning.

2290 2059 84 39 Prices
2396 2060 24 37 at
2456 2058 103 40 Current
2574 2059 86 40 Rales.

2261 2126 26 27 W.
2304 2126 121 30 HEMAW,

2264 2242 38 36 V
2354 2243 31 35 ft
2439 2243 31 35 ft
2495 2243 105 20 AMs
2625 2243 31 21 °
2656 2243 32 21 N
2691 2242 3 36 <

2295 2314 97 22 BAKEB
2404 2317 17 19 &
2431 2315 229 22 CONFECTIONER,

2291 2378 70 21 Goods
2374 2378 102 22 delivered
2491 2377 53 26 daily
2562 2379 19 19 iu
2601 2379 93 20 Eotorua

2290 2448 78 26 Butter,
2380 2450 52 26 Eggs
2439 2450 37 20 and
2486 2450 89 21 General
2580 2450 114 21 Groceries.

2311 2513 38 43 A,
2369 2513 30 40 &
2424 2513 35 40 G.
2481 2513 166 49 BROOK,

2264 2567 87 24 Boot
2361 2567 66 24 and
2443 2567 89 25 Shoe
2547 2568 146 24 Makers.

2340 2603 77 20 Fcnton
2429 2603 71 24 Street,
2516 2604 98 20 Eotorua.

2487 2630 40 20 —d
2554 2630 138 23 Newmarket.

2287 2682 65 25 Large
2363 2682 40 20 and
2413 2683 68 18 varied
2497 2682 57 20 Stock
2566 2683 21 20 of
2601 2683 93 25 English,

2263 2708 84 26 Foreign
2358 2709 40 19 and
2409 2709 88 18 Colonial
2511 2709 59 19 Boots
2581 2709 40 19 and
2632 2709 62 20 Shoes

2326 2738 20 15 to
2357 2734 70 20 choose
2438 2734 51 20 from
2499 2737 21 17 at
2530 2735 34 19 the
2577 2737 52 17 most

2326 2810 91 19 Football
2431 2810 55 19 boots
2497 2816 12 13 a
2515 2810 112 26 speciality.

2260 2841 35 21 All
2314 2842 68 20 orders
2400 2842 41 19 and
2457 2842 76 26 repairs
2544 2841 149 27 expeditiously

2427 2868 102 19 executed.

2265 2913 49 26 131
2324 2911 74 21 ANO
2409 2911 20 24 S,
2455 2912 47 19 lIA
2510 2912 55 20 EM<
2570 2912 40 20 )NI
2617 2912 48 20 UN
2672 2912 20 24 S,

2426 2938 147 20 OEGANS-.

2444 2975 13 13 A
2466 2975 11 13 I.
2484 2974 8 14 S
2499 2975 12 14 0

2261 2999 75 27 Harps,
2355 2999 84 23 Violins,
2452 2998 140 25 Violoncellos,
2605 3000 88 19 Guitar'>

2286 3026 76 26 Bonjos
2382 3026 39 19 and
2429 3026 80 19 smaller
2521 3026 130 19 instruments
2662 3029 32 16 too

2286 3059 108 12 numerous
2406 3054 21 17 to
2441 3052 145 26 particularise.

2476 3099 55 22 AND
2557 3087 97 50 j^ONS.

2261 3145 102 29 QUEEpJ
2380 3145 120 27 STREET,
2519 3144 174 24 AUSKbAND-

2260 3176 42 19 The
2313 3176 76 25 largest
2401 3176 104 26 importers
2521 3176 20 19 of
2555 3175 27 20 all
2597 3176 61 19 kinds
2674 3176 21 19 of

2286 3202 219 20 musicalinstruments
2512 3202 21 19 in
2539 3202 50 19 New
2598 3202 97 22 Zealand.

2260 3233 35 21 All
2304 3234 59 19 kinds
2374 3234 21 20 of
2404 3234 84 20 musical
2496 3234 130 20 instruments
2634 3233 62 20 tuned

2286 3261 40 19 and
2343 3260 99 22 repaired.

2337 3355 137 21 SURGEON
2486 3355 129 20 DENTIST.

2312 3410 117 23 (Successor
2440 3410 20 18 to
2471 3411 26 16 A.
2511 3409 20 19 L.
2543 3407 103 26 Wright),

2290 3462 86 19 Not:ties
2387 3462 45 18 Hid*,
2443 3461 24 19 he
2486 3461 16 19 is
2522 3459 121 27 continuing
2662 3459 34 21 the

2262 3487 91 21 busine.-s
2364 3489 21 18 of
2397 3495 10 11 a
2422 3489 80 18 Dentist
2512 3490 21 16 nt
2545 3489 32 17 Lt.u
2590 3487 105 19 Pri-inises.

2260 3514 228 23 SUOKThAND-ST.,
2504 3513 85 20 assisted
2611 3513 26 25 by
2657 3513 38 19 Mit

2262 3541 32 19 W.
2307 3541 25 18 11.
2347 3541 22 19 W
2377 3547 33 12 Kin
2417 3547 32 13 nr.
2469 3540 42 20 The
2522 3540 109 25 high-class
2643 3539 52 20 wotk

2260 3567 21 19 of
2294 3566 34 20 the
2340 3567 38 19 late
2394 3567 31 19 Mr
2436 3567 24 20 A.
2472 3567 22 19 L.
2507 3566 84 26 Wright
2612 3566 39 18 will
2672 3565 23 21 be

2260 3593 38 19 adh
2314 3593 33 19 red
2359 3595 26 22 fco,
2395 3594 37 18 and
2444 3600 39 17 any
2495 3593 38 20 left
2544 3593 115 19 unlinisbed
2671 3592 19 18 b\

2262 3620 34 19 hat
2307 3619 115 26 gentleman
2435 3619 39 19 wiil
2495 3619 23 19 bn
2535 3618 119 27 completed
2669 3618 23 24 by

2356 3646 33 20 the
2400 3653 41 12 new
2453 3647 148 24 n-anagement.

2311 3703 120 50 B.S.
2463 3703 38 48 C
2514 3686 180 42 oelei;t

2371 3756 133 20 AECHIT
2516 3756 66 20 EOT.

2347 3782 101 27 Building
2456 3783 102 25 Surveyor
2568 3786 33 16 <N:c.

2261 3816 67 24 Agent
2342 3817 29 16 ler
2382 3816 35 17 the
2427 3814 97 19 National
2535 3814 46 19 Fire
2591 3814 39 19 and
2642 3814 40 19 Mar-

2261 3841 30 20 ine
2306 3841 108 20 Insurance
2423 3840 34 20 Co.

2281 3995 413 30 BOOTmHKSR

2324 4052 322 47 ROTORUA.

2773 75 55 20 ARE
2845 78 69 21 BROS
2933 82 14 17 &

3033 81 115 18 ILLIAMS

2789 135 114 29 Steam
2929 141 153 27 Sawmill

2719 174 156 22 MARAEROA
2916 179 109 21 OTUROA
3065 182 83 21 BUSH.

2745 205 45 25 Beg
2798 208 20 17 to
2829 213 11 12 a
2849 207 65 20 solicit
2928 216 10 12 a
2949 210 58 19 share
3021 214 20 16 of
3054 213 68 25 public

2877 236 117 24 patronage.

2719 277 42 20 The
2766 278 64 20 Riniu
2838 279 83 20 Timber
2928 280 22 19 in
2959 281 41 20 this
3014 282 55 19 Bush
3085 284 16 18 is
3114 285 34 19 the

2797 304 70 21 Finest
2876 306 20 18 iu
2911 306 50 20 New
2975 307 95 20 Zealand.

2717 355 42 19 Tho
2769 356 123 25 proprietors
2902 363 34 13 are
2946 359 97 25 prepared
3057 364 20 15 1o
3087 368 61 18 guar.

2744 384 57 17 anteo
2813 381 32 21 the
2855 383 79 25 quality
2943 383 41 19 and
2993 384 34 20 tlie
3037 386 56 20 finish
3102 388 20 18 oi'

2770 408 34 18 tin-
2812 408 73 20 timber
2895 409 92 25 supplied
2995 410 25 25 by
3034 411 60 21 them.

2767 459 73 21 GOTHIC
2849 459 82 22 PICKETS
2947 461 12 20 A
2977 461 119 23 SPECIALITY.

2719 504 92 26 Delivery
2820 511 23 14 as
2849 506 89 19 directed
2944 507 22 18 in
2984 510 59 22 town,
3063 511 81 21 country

2791 575 81 22 LOWEST
2895 577 94 22 CURRENT
3004 578 68 22 RATES.

2982 671 137 21 ROTuRUA.

2756 727 27 26 J.
2803 727 49 28 W.
2876 729 214 34 WIUGLEY,
3138 727 4 36 !

2735 783 14 22 \
2792 783 16 20 E
2837 786 16 18 (J
2881 785 17 19 II
2930 786 10 18 1
2975 786 14 19 T
3023 786 18 19 E
3074 788 15 19 0
3122 789 22 23 T,

2856 837 138 21 ROTORUA.

2743 871 67 25 Agent
2825 871 31 20 for
2869 875 33 17 the
2923 873 63 19 South
3008 873 78 21 British
3097 875 45 20 Fire

2715 897 16 19 &
2742 897 80 21 Marine
2832 898 111 21 Insurance
2954 900 109 26 Company.

2838 971 64 19 ?ABL
2905 971 4 21 Y
2910 972 81 19 .SHED
3013 974 36 18 187
3049 974 25 18 C.

2714 1034 57 18 Under
2794 1036 28 16 the

2714 1056 32 17 His
2759 1057 61 16 Excel-

2712 1077 88 18 Governor

2736 1181 102 28 Mtlder
2869 1184 58 25 and
2954 1184 176 28 Contractor

2779 1236 288 30 EOTORUA

2710 1297 106 22 Estimates
2836 1300 56 24 given
2910 1301 31 19 for
2954 1301 111 26 Buildings,
3076 1297 60 30 alter•

2727 1325 76 21 tations
2813 1332 24 13 an
2847 1325 3 27 1
2862 1327 76 25 repairs
2949 1328 19 18 in
2979 1328 25 20 all
3015 1329 17 19 bi
3039 1329 73 19 audits

2865 1353 21 19 of
2897 1353 34 21 the
2940 1355 62 19 trade.

2733 1383 101 27 Faintiug,
2843 1384 164 27 PaperVau/ing,
3024 1386 40 20 and
3081 1387 45 20 Gaz-

2709 1409 37 26 ing,
2758 1410 100 21 Venelun
2870 1412 16 19 &
2899 1409 1 26 ■
2911 1413 44 18 the'
2973 1412 17 18 ui
3003 1412 34 21 oris
3050 1415 20 18 to
3080 1414 58 20 order

2717 1442 23 14 or
2756 1437 113 25 rc-paintad
2884 1438 39 20 nud
2933 1439 98 26 re-taped.

2719 1470 57 20 Good
2787 1469 64 21 stocks
2866 1472 20 18 of
2901 1470 87 21 Funeral
3003 1472 119 20 Requisites.

2758 1527 135 20 FUJN'tiiiAL
2919 1527 84 19 L-'UKXi
3008 1529 33 17 rill.
3048 1529 37 17 Kit.

2799 1557 59 15 £Z£32
2929 1557 61 18 gga
2997 1557 123 17 iS^SaSHBI

2804 1613 37 28 H,
2874 1612 178 28 MAETIK,

2710 1660 126 29 Saddler
2847 1664 18 24 &
2881 1661 134 28 Harness
3030 1660 108 29 leaker.

2754 1707 94 22 (Next.to
2857 1706 92 20 Larkin's
2963 1707 51 18 Boot
3029 1706 64 21 Shop)

2830 1742 185 22 OHINEMUIU.

2731 1785 90 23 Saddles,
2836 1784 83 25 Bridles,
2928 1784 83 20 Collars.
3021 1784 32 20 &<;.
3064 1784 48 25 kept
3121 1783 18 19 in

2738 1812 38 20 jck.

2843 1876 55 18 made
2910 1879 19 15 to
2941 1875 63 19 order.

2763 1919 82 24 Repairs
2855 1918 52 19 done
2923 1917 47 19 with
2980 1916 104 26 despatch.

2710 1955 55 26 Style
2776 1956 38 18 and
2833 1954 154 26 Workmanship
3002 1952 133 26 guaranteed.

2711 2025 230 39 JECKLIN&
2961 2023 164 39 COTTER

2779 2089 111 20 FAMILY
2919 2086 156 26 BUTCHERS,

2793 2131 70 20 Arawa
2878 2131 71 23 Street,
2966 2131 96 21 Kotorun,

2740 2174 57 20 Bale
2808 2176 21 18 to
2841 2173 62 21 thank
2919 2173 34 20 the
2964 2172 68 25 public
3047 2172 22 18 of
3078 2170 50 20 Roto-

2714 2208 37 13 rua
2760 2201 32 20 for
2799 2202 47 25 past
2856 2201 67 19 favors
2937 2200 39 19 and
2996 2199 36 25 beg
3050 2201 20 16 to
3087 2199 53 17 ttute

2714 2228 47 26 they
2772 2227 41 20 will
2824 2228 94 19 continue
2926 2229 21 17 to
2956 2226 57 20 merit
3023 2227 84 23 support
3116 2223 25 26 by

2715 2254 105 27 prondmg
2840 2254 34 20 tho
2895 2254 43 19 best
2959 2251 76 28 quality
3051 2251 23 19 of
3089 2256 25 14 mi
3120 2254 21 16 at

2779 2290 31 28 At
2836 2291 106 27 lowest
2968 2292 107 32 prices.

2773 2357 184 42 BBITOMART
2979 2354 117 44 HOTEL.

2716 2423 149 38 Custom
2883 2421 121 39 House
3015 2420 117 39 Stree*

2808 2491 242 32 AUCKLAND-

2713 2538 48 17 Olosa
2768 2539 18 16 to
2794 2537 80 22 Railway
2882 2536 67 18 Station
2962 2536 33 16 and
3011 2536 42 16 Tost
3065 2535 58 16 Oilier.

2734 2576 80 21 Superior
2830 2575 142 17 accommodation
2994 2573 26 17 for
3038 2573 79 15 Tcuiists

2756 2597 95 17 Travellers
2867 2597 33 15 iaid
2920 2596 74 20 Countiy
3011 2595 85 16 Farmers.

2778 2637 98 19 TERMS
2902 2634 169 22 MODERATE-

2714 2674 69 15 None
2805 2672 44 16 but
2870 2670 129 18 first-elass
3010 2670 92 17 brands
3119 2674 14 12 o

2734 2694 62 20 Ales,
2806 2693 85 17 Wines
2901 2693 48 16 and
2957 2692 87 20 Spirits
3056 2692 61 20 kept,

2712 2736 56 19 THE
2813 2735 143 19 NATIONAL
3006 2732 134 22 CARBOLIC

2818 2759 217 23 DISENFECTANT.

2712 2799 49 20 The
2770 2799 56 19 best
2837 2797 47 21 and
2896 2796 123 26 cheapest
3030 2794 110 21 Carbolic

2714 2826 168 20 Diserifectani
2920 2823 100 21 Powder
3060 2822 80 20 before

2848 2852 43 21 the
2912 2851 91 26 public.

2712 2881 88 26 Strong
2811 2886 21 15 sn
2852 2880 92 23 action,
2966 2877 130 27 agreeable
3117 2878 22 20 in

2884 2907 82 24 smell,

2713 2935 103 17 Purifies
2832 2934 43 17 the
2894 2934 37 16 air
2954 2933 49 16 and
3028 2932 113 21 prevents

2878 2956 102 16 disease.

2823 2989 119 34 mmm
2959 2987 70 35 soup.

2837 3028 98 23 WARNOCK
2972 3028 44 24 Bros,

2787 3055 57 21 Works
2854 3055 40 21 Coxs
2901 3053 56 21 Creek.
2967 3051 98 23 Richmond.

2712 3079 99 23 Warehouse
2846 3079 70 21 Durham
2952 3078 61 24 Street,
3049 3075 92 24 Auckland,

2763 3135 161 36 Rotopua
2939 3133 163 42 Library.

2716 3196 110 21 /\PEN
2844 3196 52 20 from
2909 3197 22 18 10
2944 3203 12 12 a
2965 3202 24 13 in.
2998 3196 20 17 to
3030 3195 10 18 5
3050 3199 43 21 p.m.
3105 3192 38 20 and

2716 3215 42 29 \J
2775 3225 45 18 GoO
2830 3229 19 14 to
2862 3225 22 17 10
2895 3229 43 20 p.m.
2951 3222 92 23 Sundaya
3052 3220 92 24 lillOp.m

2715 3255 191 22 Subscription:
2917 3254 51 17 2«s
2982 3257 47 18 jM-f
3042 3254 98 15 annum

2740 3287 87 20 Visitors
2847 3292 43 18 may
2909 3290 84 21 procure
3009 3281 67 21 Bjok<*
3091 3281 51 19 from

2715 3314 32 19 the
2764 3314 86 24 Library
2868 3319 25 12 on
2910 3310 80 25 making
3008 3316 11 12 a
3032 3308 79 23 deposit
3121 3307 21 19 of

2715 3342 35 18 not
2765 3339 40 20 les3
2823 3338 48 21 than
2890 3345 27 14 03.
2936 3337 39 19 and
2990 3333 120 28 purchasing
3121 3335 22 19 Is

2714 3373 79 19 coupon
2804 3366 31 19 for
2845 3371 59 18 every
2916 3364 54 19 Four
2981 3361 69 20 books.

2740 3398 41 20 The
2800 3397 85 24 Library
2905 3395 16 20 is
2945 3400 51 21 open
3020 3394 71 24 during
3112 3392 32 20 the

2714 3481 239 43 STEELE
2989 3480 152 39 BIOS.

2749 3566 162 38 iVlararoa
2939 3563 171 38 Sawmill.

2719 3615 7 17 1
2740 3614 90 18 VESIIIE
2853 3615 23 17 to
2886 3613 68 18 thank
2971 3612 35 18 the
3025 3611 66 21 public
3114 3610 30 17 for

2719 3632 10 21 I
2740 3638 10 13 /
2774 3637 46 21 past
2829 3635 74 18 favors,
2917 3634 40 19 and
2967 3634 36 20 b3g
3011 3634 22 16 to
3041 3636 103 14 announce

2712 3658 47 18 that
2782 3658 74 20 having
2869 3662 12 14 a
2896 3657 54 20 large
2973 3655 59 17 stock
3044 3653 21 18 of
3088 3651 44 20 well-

2713 3679 96 19 seasorcd
2832 3679 104 18 first-class
2958 3676 74 17 timber
3050 3679 26 14 on
3090 3674 54 18 hand

2712 3702 50 19 t'iey
2785 3705 33 13 a-c
2838 3700 97 21 prepared
2947 3700 23 16 to
2982 3697 50 19 fulfil
3043 3697 68 17 orders
3123 3696 21 16 at

2712 3722 87 18 reduced
2810 3722 60 17 rates.

2846 3821 167 23 FKUITEUEB.

2740 3858 54 19 Next
2804 3855 99 21 Saddler'h
2919 3855 55 24 shop,
2987 3853 127 21 Ohinemutu,

2716 3893 41 18 [las
2773 3891 73 25 always
2862 3895 8 14 n
2889 3881 49 35 goo'
2956 3887 72 25 supply
3043 3886 21 17 <>f
3081 3881 59 23 Frosh

2766 3917 64 20 Fruit
2851 3915 49 18 both
2918 3914 49 19 locu!
2992 3912 39 19 and
3054 3911 24 19 im-

2818 3941 70 26 ported
2925 3946 25 13 on
2987 3938 52 19 'land

2880 3966 18 19 A
2914 3973 10 11 i.
2938 3972 35 12 So

2833 3992 18 21 A
2875 3989 150 23 well-assoitod

2766 4021 54 19 stock
2834 4019 21 19 of
2864 4018 93 23 Biscuits,
2965 4015 112 21 Confectitn-

2714 4055 34 13 erv
2758 4047 40 19 and
2808 4046 92 20 Summer
2908 4043 77 19 Drinks
2995 4045 20 17 at
3025 4040 112 20 MonsaAiE
