3500 4600
2327 2320 82 88 The
2436 2320 164 88 Oxford
2627 2320 245 88 Observer.

2327 2408 289 19 PUBLISHED
2648 2408 224 19 WEEKLY.

2359 2480 163 21 SATURDAY
2554 2481 108 21 MARCH
2700 2483 57 20 27th
2788 2482 54 21 1897

2332 2622 21 25 A
2364 2622 106 26 STATE
2482 2624 93 25 BANK
2585 2624 71 25 AND
2665 2624 21 26 A
2694 2625 175 26 NATIONAL

2498 2677 195 25 CURRENCY.

2366 2825 53 25 The
2430 2826 71 24 stock
2524 2826 124 31 objection
2666 2828 26 23 to
2712 2834 16 17 a
2749 2827 119 25 National

2331 2870 74 24 paper
2427 2871 115 24 currency
2561 2864 30 29 is,
2729 2872 49 24 you
2801 2866 69 23 can't

2332 2903 70 24 make
2413 2904 92 24 wealth
2515 2904 61 24 with
2594 2913 15 15 a
2621 2904 54 25 bale
2686 2905 26 24 of
2735 2913 74 23 paper
2820 2910 49 19 and

2332 2949 15 17 a
2357 2942 109 31 printing
2601 2942 61 25 This
2674 2943 21 24 is
2697 2958 32 3 —
2730 2944 48 23 due
2789 2944 26 24 to
2828 2943 41 24 the

2332 2979 104 31 popular
2454 2980 134 30 ignorance
2611 2981 26 22 of
2655 2988 48 23 any
2726 2981 144 24 distinction

2332 3018 109 25 between
2599 3019 50 24 and
2668 3020 43 24 the

2334 3059 90 31 Money
2435 3058 21 25 is
2468 3066 47 17 one
2527 3058 27 25 of
2570 3058 43 25 the
2626 3059 62 25 tools
2700 3059 28 25 of
2740 3059 69 26 trade
2821 3060 49 24 aud

2333 3106 142 22 commerce,
2505 3099 50 24 and
2578 3106 49 24 any
2648 3100 104 31 country
2771 3100 56 24 that
2847 3100 22 24 is

2333 3138 104 24 without
2455 3146 15 16 a
2481 3146 118 23 currency
2619 3138 26 25 of
2665 3139 33 24 its
2723 3147 55 16 own
2801 3142 69 22 must;

2333 3175 153 32 continually
2496 3175 101 30 borrow,
2616 3176 37 24 for
2669 3177 44 24 the
2733 3185 68 17 mere
2811 3186 56 23 pur-

2332 3222 59 24 pose
2403 3215 27 25 of
2445 3215 74 32 being
2531 3216 112 31 supplied
2662 3216 61 25 with
2735 3225 14 17 a
2761 3218 111 24 medium

2333 3253 27 25 of
2369 3254 134 31 exchange.
2550 3254 100 32 Money,
2682 3256 25 23 to
2731 3255 42 25 tbe
2797 3255 74 25 social

2333 3291 176 32 organisation,
2527 3292 22 24 is
2561 3292 68 24 what
2641 3293 71 24 blood
2733 3294 23 24 is
2780 3296 25 22 to
2829 3294 43 24 the

2333 3332 112 33 physical
2457 3340 52 15 one.
2545 3332 141 30 Therefore,
2695 3341 27 16 as
2734 3333 14 23 I
2759 3334 113 24 consider

2334 3372 53 25 that
2398 3372 43 24 the
2453 3371 191 25 establishment
2656 3372 27 25 of
2692 3380 15 17 a
2720 3372 69 26 State
2801 3374 71 24 Bank

2335 3410 49 25 and
2395 3411 42 23 the
2456 3409 66 25 issue
2541 3409 27 25 of
2589 3417 14 17 a
2621 3410 117 25 National
2756 3418 117 25 currency

2333 3449 22 24 is
2367 3448 68 31 quite
2446 3473 2 2 .
2455 3448 88 25 within
2555 3449 42 24 the
2620 3456 77 24 range
2709 3449 27 24 of
2757 3450 115 30 practical

2334 3488 105 32 politics,
2459 3488 50 24 and
2521 3489 148 29 compatible
2681 3489 59 24 with
2757 3489 117 24 financial

2335 3526 137 25 soundness
2482 3525 49 25 aud
2543 3525 106 32 honesty
2662 3527 25 24 to
2695 3534 45 17 our
2748 3527 124 24 creditors.

2335 3566 13 24 I
2368 3573 104 24 propose
2496 3567 25 23 to
2544 3565 69 25 show
2634 3573 35 17 we
2692 3565 81 31 might
2799 3566 73 24 avoid

2334 3604 82 24 future
2428 3603 145 31 borrowing,
2592 3612 73 21 carry,
2684 3612 33 16 on
2728 3613 14 15 a
2761 3604 112 31 vigorous

2334 3640 83 33 public
2428 3640 80 24 works
2521 3640 88 31 policy,
2629 3640 56 31 give
2707 3640 114 25 financial
2833 3641 40 23 aid

2335 3680 26 23 to
2372 3678 107 29 seHlers,
2498 3678 49 24 and
2554 3678 99 32 provide
2663 3679 40 24 the
2715 3678 86 32 colony
2812 3679 61 24 with

2335 3727 15 16 a
2361 3718 116 32 plentiful
2498 3718 90 31 supply
2609 3718 27 25 of
2657 3718 42 25 the
2719 3718 110 25 medium
2848 3719 26 24 of

2335 3758 137 32 exchange,
2491 3758 30 31 by
2531 3758 74 32 using
2616 3758 174 25 inconvertible
2804 3758 69 25 State

2335 3798 70 23 notes
2417 3796 96 24 instead
2525 3795 27 25 of
2570 3795 107 33 English
2691 3797 148 31 sovereigns.

2369 3833 53 26 The
2432 3833 54 26 best
2498 3841 55 25 way
2561 3833 28 26 of
2597 3835 112 31 showing
2716 3835 67 24 what
2794 3835 80 31 might

2335 3871 30 25 be
2376 3872 64 24 done
2452 3872 25 24 io
2490 3873 42 24 the
2543 3873 84 23 future
2638 3873 22 24 is
2676 3874 29 29 by
2722 3873 152 31 illustrating

2335 3910 67 25 what
2413 3910 79 31 ought
2515 3911 25 23 to
2551 3910 64 24 have
2635 3910 63 24 been
2710 3911 63 25 done
2783 3911 28 24 m
2830 3911 42 24 the

2334 3949 64 30 past.
2434 3948 47 24 Let
2497 3955 30 17 us
2545 3948 56 24 first
2612 3948 112 25 consider
2743 3949 44 25 the
2808 3948 64 26 Gov-

2335 3986 135 25 ernnisni's
2482 3986 107 32 recently
2605 3988 166 31 inaugurated
2783 3990 88 30 system

2335 4026 25 25 of
2371 4026 84 32 giving
2464 4026 116 25 financial
2592 4026 42 25 aid
2645 4028 25 24 to
2680 4027 105 25 settlers.
2804 4028 69 31 They

2335 4071 64 21 went
2416 4068 26 23 to
2465 4066 44 26 the
2531 4066 109 32 English
2661 4076 90 24 money
2768 4068 104 29 market,

2336 4104 50 25 and
2397 4104 125 25 borrowed
2534 4113 14 16 a
2569 4105 98 25 million
2686 4106 50 24 and
2748 4114 15 16 a
2785 4106 53 24 half
2847 4106 27 24 m

2335 4145 27 24 m
2373 4145 59 31 gold
2444 4145 38 32 (or
2494 4145 58 31 gold
2563 4145 86 33 credit)
2661 4146 26 24 at
2699 4146 34 31 8£
2747 4153 42 24 per
2807 4147 65 24 cent.

2336 4184 88 25 Before
2434 4184 43 25 the
2485 4186 87 24 settler
2580 4192 46 19 can
2639 4185 84 25 obtain
2733 4186 42 24 the
2784 4194 89 24 money

2336 4223 32 24 he
2378 4223 118 32 requires,
2514 4224 41 25 his
2578 4225 60 24 land
2649 4232 28 17 or
2679 4244 9 14 ?
2696 4226 115 32 property
2828 4225 47 26 has
2879 4238 1 19 j

2336 4261 26 24 to
2375 4260 29 25 be
2422 4263 111 30 securely
2545 4263 143 31 mortgaged
2712 4265 26 24 to
2753 4263 44 25 the
2809 4263 71 26 Gov-.

2338 4301 123 28 ernment,
2496 4300 141 32 Therefore,
2656 4302 21 25 it
2698 4302 23 25 is
2745 4303 37 24 the
2817 4304 60 24 land

2336 4339 76 25 which
2417 4341 79 30 forms
2503 4340 37 25 the
2550 4341 63 24 basis
2621 4343 32 31 of
2649 4343 107 31 security
2762 4351 30 16 on
2800 4343 76 26 whicJi

2337 4379 38 25 the
2385 4379 75 25 whole
2471 4382 147 23 transaction
2637 4386 70 21 rests.
2742 4382 71 31 Now,
2837 4383 38 24 in-

2338 4419 71 25 stead
2420 4419 27 26 of
2456 4420 138 32 borrowing
2611 4421 52 27 this
2675 4422 59 33 gold
2745 4424 27 25 at
2792 4425 33 29 8£
2836 4431 41 25 per

2338 4459 63 29 cent,
2420 4458 51 26 and
2490 4459 119 33 charging
2620 4459 43 27 the
2675 4461 85 26 settler
2771 4463 25 28 5,
2820 4461 57 33 why

2908 190 89 26 should
3008 194 45 24 not
3065 194 43 24 the
3128 195 127 36 following
3267 199 72 24 mode
3351 200 27 23 of
3387 208 54 22 pro-

2907 230 87 26 cedure
3012 233 60 24 have
3096 234 60 24 been
3185 236 94 24 carried
3302 239 61 23 out?
3390 240 53 25 The

2907 267 170 27 Government
3100 272 26 23 to
3146 272 64 24 have
3233 274 27 26 m
3283 275 124 25 readiness
3427 287 13 14 a

2906 307 95 26 million
3011 310 50 24 and
3070 318 14 16 a
3094 310 55 25 half
3154 312 27 24 of
3189 312 69 26 State,
3267 316 79 29 notes,
3359 317 80 26 which

2906 348 71 25 could
2989 350 29 24 be
3039 351 69 25 made
3128 352 63 31 legal
3215 354 85 25 tendpr
3322 357 25 23 at
3366 357 73 31 issue,

2905 387 50 23 and
2966 388 80 25 which
3066 390 43 24 the
3121 392 86 24 settler
3226 393 72 24 could
3310 394 84 25 obtain
3413 399 26 22 at

2907 425 53 23 lor
2972 425 32 30 1£
3021 433 44 24 per
3076 430 96 23 cent.—
3172 429 53 32 just
3246 431 97 32 enough
3356 434 24 24 to
3391 441 48 24 pay

2905 462 40 24 the
2963 470 116 25 expenses
3093 466 26 24 of
3135 467 188 34 administering
3343 471 42 25 the
3397 472 40 25 de-

2903 503 131 27 partment.
3069 503 39 32 By
3120 505 50 24 this
3182 507 108 29 method,
3302 508 42 24 the
3352 511 85 24 settler

2903 539 82 24 would
3008 540 85 25 obtain
3116 542 77 32 cheap
3216 551 96 25 money,
3332 547 49 24 and
3394 548 42 23 the

2903 576 169 30 Government
3092 582 79 25 would
3194 592 57 17 save
3274 585 42 25 the
3340 587 33 31 3£
3393 595 43 23 per

2902 619 62 23 cent,
2978 620 41 23 the
3024 628 12 21 j
3053 628 56 17 now
3131 630 47 24 pay
3201 623 37 25 for
3260 625 42 24 the
3326 626 108 32 English

2901 656 63 29 gold.

2933 695 31 24 In
2977 703 94 19 answer
3082 700 25 23 to
3129 701 39 23 the
3180 700 121 32 objection
3321 704 54 25 that
3394 706 40 25 the

2900 736 71 23 notes
2983 736 79 25 would
3084 738 30 24 be
3137 740 100 25 deemed
3262 743 127 30 valueless,
3419 747 14 23 I

2900 775 75 21 assert
2987 774 56 24 that
3055 775 42 24 the
3109 782 62 19 asset
3189 780 75 24 which
3280 785 94 21 created
3395 785 36 22 the

2898 814 129 30 negotiable
3039 816 68 23 value
3119 818 28 28 of
3156 818 38 24 the
3204 823 54 22 note
3270 823 79 24 icoyld
3359 823 25 23 \>e
3396 825 35 22 the

2900 850 59 24 land
2976 855 133 28 mortgaged
3120 859 22 18 to
3162 856 36 23 the
3211 857 157 27 Government.
3404 863 33 29 If

2899 887 36 24 the
2944 890 97 29 security
3053 891 32 31 of
3091 892 35 24 the
3139 893 58 24 land
3204 898 131 33 mortgaged
3335 898 31 29 .is
3374 902 58 29 good

2898 929 88 29 enough
2992 931 45 28 for
3048 931 38 23 the.
3095 932 104 30 English
3211 937 124 29 capitalist
3346 942 20 20 to
3378 940 55 23 lend

2898 968 37 24 his
2942 970 58 31 gold
3011 978 70 23 upov,
3100 975 21 22 it
3140 976 118 31 certainly
3269 978 69 32 ought
3360 984 21 20 to
3406 982 25 23 he

2895 1009 62 30 good
2968 1012 88 28 enough
3061 1013 44 29 for
3115 1013 36 24 the
3170 1016 151 25 Government
3336 1023 22 18 to
3370 1021 61 23 issue

2898 1055 31 15 an
2942 1051 165 24 inconvertible
3119 1053 70 24 State
3197 1060 52 19 note
3259 1065 70 21 vpon.

2931 1090 112 26 Another
3054 1101 53 23 way
3118 1095 27 24 m
3168 1096 82 25 which
3271 1099 69 24 State
3358 1103 72 23 notes

2898 1133 80 30 might
2989 1134 28 24 be
3029 1138 45 27 put
3085 1140 27 21 m
3124 1138 147 26 circulation
3282 1142 22 24 is
3315 1142 32 31 by
3358 1145 73 30 using

2898 1175 67 25 them
2986 1179 25 23 to
3023 1186 46 24 pay
3088 1180 38 25 for
3144 1181 41 25 the
3208 1186 123 24 contracts
3344 1194 31 17 on
3396 1189 35 24 all

2897 1219 83 25 future
2992 1222 85 25 works.
3122 1225 51 25 The
3195 1231 102 26 present
3315 1230 116 25 financial

2897 1260 102 24 method
3011 1261 27 24 of
3047 1264 112 31 carrying
3179 1274 31 15 on
3224 1274 14 16 a
3250 1267 81 30 public
3352 1270 79 25 work*

2897 1303 78 30 policy
2984 1304 31 31 by
3025 1312 85 18 means
3121 1307 28 24 of
3156 1308 69 25 loans
3238 1310 21 23 is
3271 1318 27 17 so
3307 1314 123 24 manifest-

2897 1344 24 31 ly
2933 1345 97 31 absurd,
3050 1349 55 24 that
3123 1350 21 25 it
3166 1351 22 25 is
3207 1354 147 25 marvellous
3377 1356 54 26 that

2896 1383 21 24 it
2928 1384 90 26 should
3029 1385 29 26 be
3071 1389 120 25 tolerated
3198 1392 31 30 by
3241 1399 15 17 a
3265 1400 59 17 sane
3336 1396 93 29 people.

2898 1427 85 25 Under
2994 1430 27 27 it,
3041 1430 41 24 the
3093 1432 84 29 public
3190 1435 77 23 works
3282 1437 25 21 of
3318 1444 15 16 a
3344 1438 88 30 colony

2897 1469 30 24 do
2940 1474 42 20 not
2994 1472 76 31 really
3083 1474 88 31 belong
3182 1477 26 23 to
3220 1477 42 24 the
3269 1477 72 25 State
3351 1488 26 15 or
3389 1480 43 24 the

2897 1514 92 31 people,
3007 1514 45 26 but
3064 1518 26 23 to
3102 1517 42 25 the
3156 1519 82 31 public
3251 1522 105 25 creditor
3356 1538 32 4 —
3390 1524 42 25 the

2897 1564 87 23 person
3004 1558 56 26 who
3081 1561 108 31 supplies
3218 1564 41 24 the
3278 1566 110 24 medium
3408 1568 28 23 of

2898 1599 132 33 exchange.
3065 1603 48 24 Let
3135 1612 30 17 us
3188 1606 71 25 take.
3269 1615 26 16 as
3308 1617 13 14 a
3345 1610 86 29 simple

2897 1642 153 27 illustration
3059 1646 43 25 the
3114 1655 115 18 common
3243 1650 68 31 place
3323 1653 110 30 example

2897 1685 27 25 of
2933 1687 133 33 supplying
3077 1697 50 25 any
3150 1691 27 25 of
3197 1700 44 17 our
3262 1694 68 31 large
3353 1697 79 23 towns

2898 1729 61 25 with
2970 1737 15 17 a
3005 1730 117 34 drainage
3145 1735 49 24 and
3217 1743 92 25 sewage
3332 1739 100 30 system.

2898 1771 52 26 The
2963 1773 54 25 first
3037 1775 74 32 thing
3122 1777 56 24 that
3199 1778 21 23 is
3232 1780 125 31 generally
3369 1781 63 25 done

2898 1815 32 32 by
2942 1816 43 25 the
2996 1818 146 32 niunicipial
3149 1820 146 27 authorities
3305 1823 22 25 is
3337 1825 25 23 to
3370 1825 62 25 raise

2898 1865 16 16 a
2925 1858 65 26 loan.
3025 1860 70 30 Now,
3122 1862 68 26 what
3209 1864 22 25 is
3251 1865 49 25 this
3321 1868 112 30 required

2888 1921 2 24 I
2898 1901 38 25 for
2945 1904 12 22 ?
2986 1904 114 32 Nothing
3127 1907 49 24 else
3200 1907 45 25 but
3262 1910 43 29 ip.
3316 1909 82 26 obtain
3418 1919 16 16 a

2899 1945 143 33 sufficiency
3054 1948 27 24 of
3090 1949 41 24 the
3145 1950 147 27 medium.-of
3307 1953 125 31 exchange

2899 1989 25 23 to
2942 1996 49 24 pay
3004 1990 42 24 the
3067 1991 87 24 skilled
3166 1993 50 24 and
3236 1995 197 25 manual-labour

2899 2038 27 17 as
2938 2031 42 25 the
3003 2032 66 25 work
3081 2041 58 23 goes
3159 2044 40 16 on.
3235 2037 23 24 'A
3281 2045 74 17 sewer
3375 2047 57 17 ova

2901 2074 86 32 wharf,
3017 2076 116 27 harbour-
3138 2079 80 25 works
3239 2088 26 17 or
3291 2090 15 16 a
3330 2083 99 29 railway
3431 2084 17 19 >.

2899 2119 73 23 whtn
3000 2121 145 30 completed,
3162 2125 34 21 -is
3215 2132 25 15 so
3260 2125 67 24 much
3350 2127 83 22 ivealth

2899 2164 93 23 created
2996 2163 74 25 ivhich
3079 2165 43 23 did
3132 2170 41 19 not
3181 2168 57 23 evist
3244 2167 85 31 before.
3343 2167 91 33 Money

2898 2205 21 25 is
2931 2206 112 32 required
3060 2209 93 32 mostly
3170 2208 38 26 for
3227 2210 44 26 the
3290 2219 106 24 purpose
3407 2214 31 29 of

2899 2250 141 30 liquidating
3065 2252 45 23 tin's
3132 2253 93 28 wealth,
3244 2260 28 18 so
3291 2255 54 23 that
3371 2256 60 23 each

2898 2298 88 23 person
2998 2293 111 32 working
3130 2297 25 21 at
3167 2295 20 24 it
3205 2302 47 17 can
3274 2297 92 24 receive
3391 2297 39 24 the

2898 2334 72 24 value
2981 2334 27 25 of
3017 2334 40 26 his
3067 2335 96 26 labour.
3181 2337 65 26 Does
3257 2338 21 25 it
3288 2340 45 23 not
3342 2347 89 23 appear

2898 2377 141 31 ridiculous,
3053 2379 56 24 that
3121 2380 72 25 when
3206 2381 42 25 the
3260 2383 85 30 people
3355 2382 26 25 of
3389 2383 42 24 the

2899 2419 94 33 Colony
3021 2421 85 26 decide
3135 2424 26 23 to
3186 2424 105 31 produce
3314 2426 30 30 by
3368 2426 65 24 their

2898 2464 87 24 labour
2997 2466 89 24 wealth
3110 2466 27 24 of
3155 2474 15 17 a
3192 2469 65 23 most
3281 2469 78 23 useful
3382 2469 50 24 and

2897 2514 131 25 necessary
3039 2508 68 30 kind,
3126 2509 59 32 they
3198 2509 88 25 should
3298 2511 54 24 first
3373 2512 59 23 have

2898 2553 25 20 to
2942 2550 56 30 give
3022 2558 57 17 over
3104 2551 43 25 the
3168 2553 136 31 ownership
3328 2554 26 24 of
3377 2554 55 25 that

2897 2593 81 30 public
2991 2594 67 25 work
3069 2598 26 21 to
3107 2595 175 25 bond-holders
3298 2597 79 32 living
3389 2601 43 21 out

2897 2636 27 25 of
2933 2637 42 25 the
2998 2640 111 30 country,
3135 2640 50 24 and
3204 2648 47 24 pay
3270 2647 15 17 a
3305 2641 127 25 continual

2897 2680 92 26 tribute
3003 2683 24 23 to
3036 2682 71 25 those
3119 2683 85 31 people
3205 2698 33 4 —
3239 2685 26 22 m
3279 2684 42 24 the
3332 2684 64 25 form
3408 2685 27 24 of

2896 2723 103 26 interest
3001 2739 31 3 —
3032 2725 38 24 for
3093 2725 132 34 supplying
3243 2727 71 24 them
3337 2727 61 25 with
3418 2735 15 18 a

2897 2768 110 25 medium
3019 2770 25 23 of
3055 2769 144 32 exchange?

2931 2812 70 24 With
3022 2812 83 31 public
3117 2813 77 24 works
3218 2814 93 24 carried
3323 2822 31 16 on
3366 2814 32 31 by
3418 2822 14 16 a

2900 2854 69 25 State
2982 2857 55 22 note
3050 2855 64 24 issue
3115 2870 32 3 —
3149 2857 38 23 i.e.
3201 2856 78 24 under
3302 2865 16 15 a
3340 2858 94 30 system

2898 2898 26 23 of
2931 2897 81 32 public
3020 2899 84 29 credit,
3116 2899 98 24 instead
3222 2899 28 24 of
3256 2906 27 17 as
3291 2901 27 23 at
3325 2902 106 29 present,

2898 2942 79 30 ■public
2992 2942 160 25 indebtedness
3154 2956 31 4 —
3186 2942 45 25 the
3243 2942 125 32 following
3378 2950 54 24 pro-

2899 2991 52 18 cess
2963 2986 80 23 would
3053 2985 30 24 be
3095 2985 94 25 carried
3201 2987 43 23 out
3256 2994 6 15 :
3275 2986 75 24 First,
3360 2985 73 25 when

2898 3029 44 24 the
2953 3028 81 31 public
3058 3029 67 25 work
3149 3036 47 17 was
3217 3028 101 26 decided
3340 3036 31 18 on
3385 3028 50 24 and

2898 3072 143 25 sanctioned
3069 3073 33 30 by
3130 3070 162 31 Parliament,
3323 3072 110 24 Govern-

2898 3119 71 21 ment
2989 3116 81 25 would
3083 3116 106 32 /provide
3210 3118 44 22 the
3265 3116 112 25 medium
3396 3116 39 25 for

2899 3158 127 32 financing
3048 3160 28 28 ifc,
3097 3161 29 29 by
3148 3160 90 31 having
3257 3160 27 23 m
3308 3160 125 24 readiness

2900 3210 14 16 a
2940 3202 104 24 number
3067 3202 27 24 of
3115 3203 70 24 State
3205 3204 79 26 notes,
3310 3203 72 30 equal
3407 3203 28 23 m

2900 3248 104 22 amount
3016 3247 27 24 to
3060 3247 41 24 the
3123 3246 121 31 proposed
3267 3246 167 31 expenditure,

2902 3296 50 24 say,
2982 3289 137 28 £100,000.
3165 3289 52 24 The
3236 3290 123 23 contracts
3389 3289 48 24 and

2900 3333 186 29 arrangements
3109 3331 38 25 for
3167 3333 168 23 construction
3355 3332 81 24 would

2901 3375 102 30 proceed
3015 3374 27 24 m
3054 3374 43 25 the
3118 3374 70 24 usual
3201 3382 110 18 manner.
3347 3375 34 25 As
3392 3374 43 25 the

2903 3414 64 24 work
2979 3416 62 24 went
3064 3421 40 22 on,
3123 3413 42 25 the
3187 3414 126 24 workmen
3330 3414 50 24 and
3399 3413 35 25 of-

2900 3456 80 25 ficials
2999 3456 82 25 would
3102 3456 31 24 be
3144 3456 58 31 paid
3224 3456 24 24 m
3262 3456 68 25 these
3354 3457 77 29 notes,

2902 3499 88 28 which,
3037 3499 72 31 being
3138 3496 63 34 legal
3229 3499 92 28 tender,
3351 3499 82 24 would

2901 3541 116 26 circulate
3029 3549 28 17 as
3075 3549 89 24 money
3177 3542 105 31 through
3300 3542 43 25 the
3354 3543 80 24 whole

2900 3584 162 32 community.
3113 3584 83 25 When
3216 3585 44 24 the
3288 3586 68 24 work
3383 3594 50 16 -was

2900 3628 145 31 completed,
3071 3629 41 21 the
3132 3630 104 29 country
3253 3629 81 23 would
3357 3629 29 23 be
3408 3630 26 21 m

2900 3670 140 31 possession
3051 3670 27 24 of
3095 3678 15 16 a
3132 3670 112 24 valuable
3264 3670 83 31 public
3366 3670 66 25 work

2898 3714 97 23 without
3001 3714 86 30 having
3099 3718 22 19 to
3128 3722 52 23 pay
3188 3722 43 16 one
3240 3722 78 23 penny
3327 3716 104 27 interest;

2901 3758 49 23 and
2960 3758 37 23 the
3020 3758 89 24 volume
3121 3758 32 32 of
3157 3766 112 24 currency
3283 3758 80 24 ivould
3371 3758 60 25 have

2901 3802 55 22 been
2966 3802 122 22 increased
3097 3802 28 29 by
3133 3802 135 28 £100,000.
3298 3801 131 29 Moreover,

2902 3843 42 25 the
2962 3844 139 31 completed
3121 3843 74 30 work,
3215 3843 118 25 whether-,
3347 3844 21 24 ib

2900 3887 109 32 railway,
3023 3887 105 25 harbour
3138 3887 76 29 work,
3227 3896 94 24 sewage
3331 3889 98 30 system,

2901 3939 27 16 or
2939 3930 86 30 wharf,
3038 3932 78 23 would
3122 3931 53 24 then
3184 3931 80 30 belong
3272 3934 21 21 to
3304 3930 35 24 the
3347 3931 82 30 people

2901 3975 31 28 of
2936 3975 61 24 New
3004 3975 117 29 Zealand,
3139 3975 49 23 and
3198 3979 40 19 not
3252 3981 23 17 to
3292 3974 35 24 the
3338 3974 94 24 British

2902 4018 149 24 bondholder.
3067 4039 8 4 .
3278 4022 5 9 '
3302 4026 5 4 *
3326 4025 3 4 ■
3384 4030 6 1 -

2935 4061 54 24 The
3008 4060 118 32 adoption
3137 4061 27 24 of
3173 4060 51 25 this
3244 4059 100 26 method
3356 4059 21 25 is
3387 4063 45 22 not

2902 4103 39 22 m-
2948 4109 60 24 any-
3008 4109 54 28 way
3073 4102 88 30 unjust
3172 4104 26 21 to
3215 4101 43 24 the
3269 4100 82 31 public
3363 4100 67 24 cred-

2902 4146 56 24 itor.
2992 4145 25 25 It
3037 4145 59 25 does
3113 4148 44 22 not
3168 4145 28 24 m
3208 4153 48 24 any
3268 4152 54 23 way
3332 4143 99 26 involve

2893 4198 4 17 ;
2902 4189 156 32 repudiation
3077 4189 28 24 of
3114 4188 42 26 the
3178 4188 58 32 gold
3247 4188 58 25 debt
3312 4196 46 18 -we
3370 4189 62 27 have

2902 4233 122 24 incurred.
3071 4231 53 26 The
3149 4231 71 25 debts
3238 4240 35 16 we
3291 4231 65 25 have
3375 4237 58 21 ebn-

2903 4276 95 25 tracted
3009 4277 26 24 to
3045 4283 48 24 pay
3104 4276 27 24 m
3147 4275 63 32 gold,
3217 4275 50 25 will
3283 4275 64 24 have
3359 4277 25 24 to
3405 4278 29 24 ba

2904 4321 60 24 met.
2992 4319 26 25 It
3028 4318 93 32 merely
3131 4318 82 32 places
3224 4325 30 18 us
3264 4318 28 24 m
3303 4327 14 14 a
3325 4320 108 29 position

2904 4365 27 24 to
2942 4364 69 25 avert
3022 4371 50 24 any
3083 4362 96 25 further
3195 4360 138 33 borrowing
3342 4362 42 25 for
3395 4365 41 24 thu

2904 4407 170 26 construction
3097 4405 27 27 of
3144 4404 82 34 public
3248 4404 90 26 works.
3373 4408 63 26 And

2905 4452 70 26 when
2986 4459 36 19 we
3033 4451 62 25 have
3112 4448 101 34 stopped
3235 4448 145 34 borrowing,
3398 4460 38 20 we

1193 59 169 32 OXFOKD
1399 58 229 32 OBSERVER
1672 56 239 36 SATURDAY,
1954 56 152 31 MARCH
2150 57 51 35 27,
2245 56 81 31 1897

2554 210 27 29 (a
2599 209 70 31 card)

2341 267 166 30 MESSRS
2545 268 231 31 JOHNSTON
2792 270 86 29 AND

2541 341 135 33 MILLS.

2502 414 210 26 SOLICITORS.

2340 477 281 32 CHRISTCHUKOH,
2651 481 176 25 RANGIOKA
2856 484 19 22 &

2533 539 146 26 OXFORD.

2371 602 41 24 Mr
2423 603 126 25 Johnston
2570 605 49 24 will
2637 606 86 24 attend
2736 606 93 25 Oxford
2841 615 32 16 on

2338 634 77 25 Court
2441 636 61 30 days
2525 637 50 24 and
2594 638 57 25 Sale
2672 639 59 30 dajs
2743 639 48 24 and
2815 647 58 23 may

2338 666 30 25 be
2380 675 75 17 consu
2458 668 7 24 J
2470 669 38 24 ted
2533 675 24 18 at
2570 670 41 24 Mr
2627 671 75 24 Lee's
2719 678 55 18 new
2792 671 78 30 Store,

2338 699 70 25 Main
2418 701 84 25 Street
2514 702 100 25 Oxford.

2372 755 164 24 Christchurch
2549 757 74 29 Office
2624 771 31 3 —
2658 757 118 31 Opposite
2788 757 84 25 Union

2338 786 78 27 Bank,
2430 787 121 25 Hereford
2565 788 90 25 Street.

2368 842 125 28 Bangiora
2512 842 74 30 Office
2588 856 30 3 —
2621 840 161 26 Next'tbMr
2802 844 28 23 A.
2839 844 30 24 P.

2335 872 114 25 Sutton's
2466 874 107 24 Auction
2592 875 88 23 Room.

2420 988 132 46 FOR
2611 993 180 42 SALE.

2582 1047 34 17 <s>
2635 1052 13 14 .-.

2333 1081 127 57 BACON
2489 1083 50 23 and
2571 1083 81 29 hams,
2688 1084 50 24 this
2759 1086 109 22 season's

2392 1121 66 20 cure,
2493 1115 61 28 lard,
2578 1116 53 23 axle
2649 1124 84 22 grease
2747 1125 14 16 a
2777 1118 92 30 special

2333 1146 146 32 compound.

2390 1225 40 45 J.
2495 1226 313 48 PARLANE

2502 1311 102 30 East
2649 1311 176 34 Oxford.

2467 1460 257 47 NOTICE.

2332 1569 87 56 ALL
2431 1570 191 26 advetisements
2644 1574 55 23 sent
2710 1573 27 24 m
2749 1573 38 24 for
2807 1574 60 31 pub-

2402 1602 103 25 lication
2529 1604 23 23 m
2576 1604 40 24 the
2636 1604 129 30 Observer,
2801 1609 68 22 must

2331 1635 78 24 arrive
2422 1637 26 23 at
2460 1635 51 25 this
2531 1636 68 25 office
2611 1639 43 22 not
2671 1638 63 24 later
2755 1639 62 24 than
2837 1640 31 24 12

2331 1667 93 25 o'clock
2436 1676 67 17 noon
2516 1677 31 16 on
2560 1670 159 26 FRIDAYS.

2333 1795 123 40 EVENTS
2473 1799 39 37 OF
2534 1799 68 38 THE
2618 1799 129 40 COMING
2761 1801 102 38 WEEK.

2331 1896 120 32 Tuesday,
2470 1897 104 32 Library
2593 1906 64 23 open
2670 1898 64 25 from
2748 1901 13 22 G
2782 1901 40 23 15.
2844 1901 26 24 to

2399 1936 14 23 8
2425 1943 61 23 p.m.

2332 1974 138 32 Thursday,
2489 1975 72 24 Bank
2584 1982 69 25 open;
2702 1976 113 32 Meeting
2846 1977 26 25 of

2399 2016 86 24 Water
2505 2016 94 32 Supply
2617 2017 90 24 Board.

2331 2055 99 32 Friday,
2449 2056 107 25 Concert
2567 2058 26 23 ai
2610 2057 71 25 West
2693 2057 102 25 Oxford.

2333 2095 130 31 Saturday,
2482 2096 104 32 Library
2597 2105 64 23 open
2684 2097 64 24 from
2768 2100 24 22 6.
2817 2099 26 23 to
2855 2100 15 23 8

2397 2141 60 23 p.ni,
2504 2134 112 32 Meeting
2637 2134 26 25 of
2685 2134 64 25 East
2779 2135 92 25 Oxford

2398 2173 154 25 Oddfellows.

1813 281 388 49 M^kf^inUm

1878 477 216 49 Emkmk
2109 478 169 48 ttn&fbt

1925 574 186 61 BrMug
2131 575 175 56 CHtores,

1783 771 188 47 BL9l€£
1990 772 128 49 Bum
2133 771 154 55 fioofts,

1908 1016 258 45 NOTICE.

1766 1125 169 28 T)ERSONS
1952 1126 78 24 found
2054 1127 152 31 trespassing
2221 1128 27 23 m
2260 1128 43 24 the

1766 1154 21 28 I
1811 1158 124 24 MOUNT
1945 1159 181 26 PLEASANT
2136 1160 166 25 ORCHARD

1764 1190 64 25 after
1839 1191 49 24 this
1898 1191 64 28 date,
1978 1192 46 24 will
2035 1192 27 24 bo
2072 1192 230 26 PROSECUTED

1853 1303 135 45 FOR
2032 1305 181 43 SALE.

1766 1400 128 79 THAT
1920 1402 68 30 well
2018 1403 112 31 known
2161 1404 62 29 and
2252 1405 51 29 old

1823 1443 187 29 established
2025 1444 141 29 business
2177 1445 34 28 of
2216 1444 86 30 Buil-

1765 1482 63 37 der,
1845 1482 208 38 Undertaker,
2069 1484 229 41 Wheelwright,

1765 1527 57 27 etc.
1839 1525 120 28 carried
1984 1536 40 19 on
2055 1526 39 38 by
2121 1526 50 29 Mr
2185 1527 118 39 Joseph

1764 1564 121 39 Lougb,
1908 1573 35 22 so
1959 1566 205 40 successfully
2187 1567 50 29 for
2251 1569 52 28 the

1765 1607 71 35 past
1851 1608 120 35 twenty
1985 1616 99 28 years,
2107 1606 64 31 will
2187 1607 38 30 be
2240 1607 61 31 dis-

1765 1645 95 39 posed
1871 1644 34 30 of
1913 1649 33 26 at
1964 1656 18 19 a
1996 1651 90 33 great
2100 1647 146 38 sacrifice,
2261 1659 39 20 on

1764 1691 132 26 account
1926 1687 33 30 of
1973 1687 111 40 failing
2098 1689 117 30 health.

1896 1768 164 32 JOSEPH
2075 1769 149 32 LOU&H

2116 1853 130 31 Oxford.

1779 1969 235 59 THOMAS
2071 1970 213 60 BROWN

1925 2067 214 27 BOOTMAKER

1867 2128 117 24 WEST
2039 2128 162 26 AXFORD.

1764 2238 107 56 BEGS
1889 2240 26 23 to
1931 2239 92 24 inform
2045 2240 43 23 the
2104 2240 153 24 inhabitants
2278 2241 28 23 of

1821 2270 44 24 the
1876 2270 97 25 district
1985 2270 56 26 that
2051 2270 33 25 he
2096 2271 47 24 has
2155 2272 76 24 taken
2246 2281 57 16 over

1766 2303 41 24 the
1820 2302 111 26 business
1940 2304 161 31 successfully
2117 2305 93 23 carried
2222 2313 33 16 on
2271 2305 32 32 by

1765 2336 39 24 his
1814 2343 46 17 son
1870 2336 38 24 for
1921 2338 30 22 10
1964 2344 79 23 years,
2054 2337 49 24 and
2115 2337 86 31 hopes,
2220 2338 32 31 by
2262 2339 40 23 the

1766 2368 104 31 sending
1881 2371 43 22 out
1935 2368 27 25 of
1971 2369 63 31 good
2053 2369 75 30 work,
2150 2372 25 22 to
2194 2372 74 23 merit
2288 2380 15 16 a

1766 2401 73 24 share
1851 2401 26 24 of
1886 2401 83 31 public
1980 2404 109 29 support.

1807 2442 114 39 Owing
1934 2444 33 28 to
1982 2453 39 19 an
2037 2453 106 20 excess
2159 2445 30 28 of
2204 2444 97 35 stock,

1766 2493 91 28 many
1872 2482 76 30 lines
1964 2483 64 30 will
2044 2484 35 29 be
2094 2484 68 30 sold
2176 2484 126 40 regard-

1766 2530 59 22 less
1841 2524 33 28 of
1893 2524 104 37 profit.

1799 2568 108 26 BOOTS
1936 2569 70 25 AND
2037 2569 111 26 SHOES
2176 2572 73 24 made
2279 2573 23 23 to

1766 2601 70 25 order
1848 2603 26 24 at
1886 2602 143 25 reasonable
2046 2603 89 31 prices.

1799 2641 102 34 Repairs
1918 2643 123 31 promptly
2053 2643 48 24 and
2118 2644 84 32 neatly
2215 2651 87 18 execu-

1766 2676 48 23 ted.

1901 2841 268 45 NOTICE.

1767 2938 21 57 I
1806 2938 53 31 Beg
1876 2938 25 23 to
1924 2937 90 25 inform
2037 2938 43 24 the
2107 2937 155 26 inhabitants
2279 2938 28 25 of

1802 2970 95 25 Oxford
1906 2970 49 24 and
1967 2970 42 24 the
2021 2970 83 31 public
2112 2970 123 32 generally
2248 2970 57 25 that

1766 3003 14 24 I
1792 3004 60 23 have
1864 3002 74 25 taken
1958 3010 58 18 over
2028 3003 43 24 the
2096 3003 115 24 Business
2228 3003 75 32 lately

1767 3036 94 24 carried
1879 3043 33 17 on
1935 3036 31 31 by
1993 3036 58 29 MR,
2072 3036 27 24 0.
2121 3036 29 24 A.
2177 3036 126 29 TYLER,

1767 3069 107 25 General
1896 3069 104 29 Carrier,
2019 3069 49 24 and
2090 3071 65 22 trust
2178 3070 30 30 by
2233 3069 71 25 strict

1767 3102 124 25 attention
1903 3104 26 22 to
1941 3102 115 24 business
2074 3104 26 22 to
2112 3102 73 24 merit
2205 3110 14 16 a
2232 3102 73 24 share

1767 3136 27 23 of
1802 3134 84 32 public
1897 3137 109 28 support.

1768 3207 107 25 Covered
1887 3207 68 25 Vans
1967 3208 49 24 will
2029 3215 46 16 run
2088 3207 64 24 from
2165 3206 139 25 OXFORD

1877 3255 25 23 to
1921 3253 274 26 CHRISTCHURCtI

1767 3336 94 29 every
1889 3325 190 38 MONDAY,
2107 3325 197 31 WEDNES-

1829 3378 88 30 DAY
1941 3378 86 30 AND
2065 3377 174 32 FRIDAY.

1966 3438 141 32 Returning

1770 3482 210 37 TUESDAY,
2008 3482 235 30 THURSDAY
2279 3484 27 28 &

1918 3537 242 31 SATURDAY.

1769 3611 132 22 Ftfrniture
1914 3610 49 23 and
1983 3612 76 27 goods
2072 3611 27 22 of
2117 3619 71 21 every
2202 3612 104 29 descrip-

1768 3642 53 26 tion
1833 3641 95 32 packed
1951 3643 48 24 and
2019 3641 116 26 removed
2152 3646 26 21 at
2199 3642 108 25 shortest

1992 3675 90 24 notice.

1868 3718 135 31 Receiving
2016 3718 77 24 Order
2115 3718 56 24 Box
2182 3719 26 23 at

1770 3751 39 24 Mv
1825 3751 142 24 Earnshaw
2118 3750 69 25 West
2205 3750 100 25 Oxford.

1770 3783 24 26 J,
1807 3783 25 24 J.
1846 3783 102 25 Weeber
2122 3782 65 25 East
2205 3783 100 25 Oxford.

1769 3816 34 24 H.
1822 3815 128 25 Davidson
2034 3815 122 24 Bennetts
2177 3815 128 25 Junction.

1770 3848 27 25 C.
1816 3848 31 24 A.
1866 3848 73 31 Tyler
2171 3848 134 32 Rangiora.

1770 3881 31 24 R.
1820 3881 33 25 H.
1872 3880 120 31 Hodgson
2236 3881 69 26 Oust.

1787 3927 53 26 The
1851 3929 76 24 above
1938 3936 101 23 waggon
2056 3937 48 16 run
2124 3929 26 24 m
2173 3929 118 32 conjunc-

1835 3961 54 25 tion
1900 3960 62 26 with
1979 3961 145 26 TYLEB'S
2136 3970 104 23 wageon

1813 3993 83 24 which
1907 3993 83 24 leaves
2012 3993 180 26 RANGIORA
2211 3995 51 24 and

1770 4024 273 27 CHRISTCHURCH
2054 4033 72 25 every
2143 4026 56 32 day,
2223 4027 84 26 orders

1769 4059 46 25 left
1827 4060 27 23 at
1870 4059 43 24 the
1924 4058 126 32 following
2060 4059 83 31 places
2162 4060 28 24 m
2211 4060 96 26 Christ-

1770 4091 94 25 church
1877 4092 53 24 will
1949 4091 95 24 receive
2060 4096 97 27 prompt
2177 4094 123 24 attention

1771 4134 31 25 E.
1816 4134 78 25 Recce
1907 4135 19 23 &
1940 4134 60 25 Son.
2135 4135 120 26 Colombo
2268 4137 38 26 St.

1771 4167 153 26 Rotherfield
1941 4165 78 33 HoteJ
2103 4167 91 26 Cashel
2215 4169 92 26 Street.

1771 4200 24 24 J.
1814 4200 31 24 B.
1863 4199 106 24 Watson
2054 4199 136 26 Cathedral
2202 4202 105 31 Square.

1773 4233 47 24 180
1837 4231 111 26 Kilmore
1967 4231 89 25 Street.
2087 4231 144 33 Telephone
2258 4235 51 27 727!

1906 4305 27 25 J,
1954 4304 140 25 CAETEB
2146 4325 3 3 .
2171 4327 4 4 ,

2035 4378 118 30 Fernhill,

1973 4453 62 25 Hast
2055 4453 101 33 Oxford.

1209 188 233 49 PBIITS!
1479 187 263 47 PBIHTS!!

1209 296 18 36 1
1239 294 23 38 li
1272 295 31 37 H
1308 294 32 38 A
1364 293 93 39 yards
1472 293 33 30 of
1527 292 53 30 the
1603 290 141 31 Season's

1209 319 132 55 I*IUU
1372 336 64 29 fast
1465 334 104 30 colour
1593 331 150 31 PRINTS

1208 377 49 29 3d.
1274 386 55 28 per
1338 376 88 38 yard,
1439 375 99 29 worth
1556 374 48 30 6d.
1622 373 120 29 Double

1208 416 96 30 width
1360 416 153 38 Fabrique
1576 412 167 32 Erancaise

1207 457 92 30 Dress
1325 456 159 30 Materials
1513 455 132 30 reduced
1660 455 82 29 from

1207 499 44 29 Is.
1263 499 48 28 6d.
1323 502 32 24 to
1366 499 43 27 Is.
1421 507 57 29 per
1491 497 87 37 yard,
1602 495 139 30 Suitable

1205 549 37 19 or
1253 538 62 30 this
1332 548 109 20 season
1475 537 33 29 of
1524 537 54 28 the
1593 544 84 31 year.

1342 620 126 22 DOUBLE
1490 619 112 21 WIDTH

1218 663 195 45 DEESS
1469 661 255 45 TWEEDS

1380 734 80 38 (half
1475 732 95 40 price)

1216 781 118 30 Melton
1354 781 111 30 Tweed
1482 780 50 30 6d.
1550 779 101 30 worth
1668 778 59 40 10J

1202 828 115 30 Melton
1335 829 112 29 Tweed
1463 829 49 29 Is.,
1524 826 100 32 worth
1641 826 76 30 15..6
1717 826 29 30 d.

1214 880 101 29 better
1339 879 91 30 v?lue
1456 878 74 30 than
1556 877 169 37 travelling

1277 934 125 38 drapers
1418 932 63 31 will
1498 932 69 39 give
1583 939 68 32 you.

1190 984 2 12 '
1214 1001 218 39 l/t&ISS'
1465 999 255 41 JACKETS

1304 1052 80 29 New
1407 1051 78 29 This
1508 1050 124 30 Season

1200 1099 34 30 5s
1258 1099 40 29 6d
1341 1098 145 29 Reduced
1501 1097 80 30 from
1639 1097 55 29 12s
1717 1096 17 29 6

1200 1161 38 28 15
1262 1160 39 29 6d
1428 1182 17 13 „
1531 1182 17 15 „
1640 1158 54 29 20s
1717 1157 18 29 0

1215 1260 238 26 MANCHESTER
1470 1258 247 26 DEPARTMENT.

1199 1305 114 35 Prints,
1336 1305 113 29 checks
1465 1305 61 29 and
1548 1304 113 38 stripes

1200 1358 94 30 Table
1318 1358 160 36 Damasks,
1503 1355 191 31 unbleached
1694 1371 36 4 —
1730 1370 3 5 -

1280 1409 115 38 special
1418 1409 93 29 value
1527 1407 82 30 from
1628 1406 43 39 1/-

1198 1468 116 30 Brown
1350 1467 138 30 Holland
1524 1479 77 29 very
1639 1468 97 40 cheap

1198 1520 192 29 Flannelette
1406 1519 59 30 and
1483 1519 152 40 Shirting,
1654 1520 82 39 good

1280 1571 90 29 value
1391 1571 79 29 from
1493 1571 50 29 4d.

1198 1620 93 31 Floor
1313 1620 91 30 Cloth
1425 1621 82 40 good
1529 1625 33 27 at
1585 1621 48 31 9d.

1197 1672 89 31 Wide
1307 1672 112 30 Forfar
1441 1675 32 27 at
1497 1673 48 30 6d.

1452 1792 31 19 =#>

1238 1863 117 32 BOY'S
1386 1863 305 31 DEPARTMENT.

1218 1983 5 2 -
1379 1961 22 37 T
1417 1961 182 24 nowcon^n\ae
1611 1963 24 21 to
1648 1961 86 24 devote

1379 1984 21 32 JL
1438 1993 98 30 Special
1554 1993 132 24 Attention
1708 1997 26 20 to

1221 2017 134 47 />Ni|^\
1377 2027 51 24 this
1444 2026 170 31 Department,
1628 2027 49 23 and
1695 2034 39 16 am

1424 2086 72 21 NOW
1525 2086 154 21 OFFERING

1273 2144 14 39 \
1317 2151 28 32 V
1463 2161 103 22 LARGE
1581 2162 74 22 LINE

1239 2218 38 41 'J
1296 2237 32 38 |f
1433 2239 141 22 KNICKER
1595 2240 85 22 SUITS

1252 2261 20 47 if
1282 2261 91 47 Ji|===!
1380 2274 26 21 at
1419 2274 42 21 the
1479 2274 11 19 f
1491 2280 12 13 o
1503 2273 61 20 llo^
1565 2280 32 19 11^
1611 2272 125 21 SPECIAL

1221 2293 146 49 «J^lp^
1381 2310 106 21 PRICES
1498 2318 35 13 :—

1257 2352 32 21 To
1298 2352 29 21 fit
1336 2353 60 26 Boys
1406 2355 12 18 3
1428 2354 73 19 Years
1512 2353 34 25 5/G
1576 2353 12 20 5
1599 2354 71 19 Years
1685 2352 35 26 5/6

1418 2387 13 21 7
1442 2387 72 21 Years
1526 2387 34 20 5/6
1590 2388 14 20 9
1614 2387 72 20 Years

1200 2445 85 38 Boys
1307 2445 133 29 Blouses
1474 2446 42 28 Is.
1556 2446 60 35 6d.,
1636 2444 100 30 worth

1407 2487 44 27 2s.
1475 2486 49 34 6d,

1199 2535 81 30 Lace
1305 2535 144 31 Curtains
1472 2537 43 28 2s.
1560 2535 61 30 Per
1642 2536 78 38 pair.

1262 2649 80 30 1897
1371 2648 183 32 AUTUMN
1583 2649 90 32 1897.

1303 2757 76 22 JUST
1574 2757 51 25 EX.

1352 2841 234 33 KAIKOURA.

1241 2935 74 29 Just
1350 2935 140 29 received
1524 2935 98 29 direct
1658 2935 80 30 from

1204 2975 129 29 London
1362 2986 18 19 a
1407 2976 87 39 large
1524 2976 213 38 consignment

1201 3016 32 29 of
1243 3015 135 31 General
1388 3015 142 40 Drapery
1531 3034 40 3 —
1572 3027 40 19 no
1623 3016 116 30 middle

1203 3058 93 28 men's
1305 3057 121 40 profits,
1442 3067 18 19 a
1475 3057 98 40 single
1583 3057 78 40 yard
1677 3057 59 30 and

1201 3108 19 19 a
1248 3098 100 39 single
1378 3098 108 30 article
1515 3104 31 24 at
1575 3098 163 30 wholesale

1200 3139 103 39 prices
1303 3156 42 4 —

1201 3219 144 49 €mitt
1375 3219 203 55 B^Ea&i,
1606 3220 132 48 Bgm«

1200 3311 79 48 nk
1297 3310 200 58 Ta&Hftgt
1513 3310 225 54 Ws.mki%

1202 3450 232 59 Skirtings,
1473 3448 204 49 iluhimil
1697 3448 41 49 &

1209 3536 44 27 IX
1259 3536 46 27 ill.
1308 3536 37 30 6$
1393 3536 195 29 M&QJIQ&AfI
1593 3536 146 35 vU*¥£§f

1202 3585 202 53 £$Mssgs,
1446 3585 105 47 Bhxe
1591 3585 149 54 Mm%

1203 3652 142 49 Union
1366 3652 83 48 mi
1471 3652 134 48 Unm
1629 3652 112 49 TUk

1203 3863 219 55 isumkiih
1443 3863 209 61 SMrting.

1256 4074 257 47 McHsbac&
1532 4079 42 42 to
1577 4074 106 49 wcls

1221 4168 501 54 3mtis,fssshmmlwm

1429 4353 232 52 entmm

667 197 255 20 EXTRAORDINARY
936 197 216 20 OPPORTUNITY.

639 256 85 22 FROM
734 257 60 20 THE
804 256 139 21 FACTORS'
952 256 109 20 DIRECT
1070 256 38 20 TO
1118 256 62 20 THE

832 282 163 21 CTJSIOMER.

639 333 67 49 OCR
731 332 111 26 Company
867 332 19 19 is
901 330 76 26 selling
999 330 66 21 direct
1092 331 23 20 to
1143 331 37 20 the

684 360 113 23 customer,
812 358 52 21 thus
877 358 113 25 procuriug
1001 358 34 19 for
1046 358 36 20 the
1091 357 66 20 latter
1167 365 13 13 a

639 386 77 19 double
738 391 110 18 economy,
981 384 37 20 the
1032 384 64 25 profit
1107 385 22 19 of
1144 384 36 20 the

639 411 114 21 wholesale
763 411 76 24 dealer,
859 410 42 20 and
913 410 36 20 the
966 416 58 14 more
1034 409 146 22 considerable

637 444 40 15 one
691 438 22 20 of
722 438 37 19 the
769 438 63 19 retail
843 437 76 23 dealer,
943 437 127 24 amounting
1081 438 22 18 to
1122 437 56 19 from

637 466 31 19 ss.
679 463 8 11 *
697 471 12 14 o
717 466 46 20 .£lO
773 470 57 19 upon
840 470 13 15 a
863 464 70 25 single
940 463 75 21 vratch.
1031 463 74 21 Retail
1111 463 68 21 watch

637 492 83 20 dealers
731 493 43 18 and
792 491 111 26 jewellers,
915 492 84 23 usually
1013 491 79 24 selling
1113 491 37 19 but
1165 497 13 13 a

637 518 39 20 few
689 518 91 20 watches
792 518 63 24 daily,
870 524 37 13 are
925 518 70 19 forced
1014 518 23 18 to
1059 515 62 21 ruuke
1150 522 28 14 an

637 544 165 27 extraordinaiy
817 544 64 26 profit
891 550 57 19 upon
968 544 52 20 each
1035 548 40 16 one
1088 543 48 20 £o!d
1154 543 23 19 m

638 571 63 20 order
712 574 22 17 to
745 572 74 26 defray
829 577 109 20 espences.

665 598 43 20 We
728 599 159 20 manufacture
895 604 25 14 as
930 604 43 14 our
987 597 119 26 speciality
1124 597 54 26 only

637 624 97 27 sterling
748 625 68 21 silver
825 631 25 14 or
869 624 53 27 gold
930 624 156 21 stemwinders
1115 624 61 26 (key-

638 653 33 19 lss
684 652 99 21 watches.

667 678 45 21 The
722 680 84 26 heyless
823 678 135 21 mechanism
968 678 22 21 of
1005 678 93 21 watches
1106 679 18 20 is
1135 684 41 15 one

638 707 22 20 of
674 705 38 21 tbe
722 708 56 18 most
788 707 120 25 irnportart
919 705 43 20 and
972 705 71 20 useful
1052 705 123 21 inventions

637 734 23 19 of
676 733 90 20 modern
787 733 73 22 times,
888 732 86 20 instead
988 732 23 19 of
1025 732 111 25 fumbling
1152 732 21 18 m

637 760 61 19 one's
708 759 90 26 pockets
814 762 22 17 to
846 759 46 20 find
907 758 40 21 the
964 758 47 25 key,
1028 758 70 20 which
1112 758 62 20 when

637 786 69 20 found
721 786 19 19 is
753 786 58 19 most
825 786 82 25 always
916 785 61 20 filled
987 784 53 20 with
1051 784 70 20 du?t~
1129 784 45 20 this

637 814 22 19 of
673 819 77 16 couree
758 813 67 25 being
841 811 128 21 transfened
982 812 25 19 to
1021 811 39 20 the
1074 811 72 20 watch
1148 822 27 3 —

637 846 42 15 one
689 841 40 20 has
739 840 42 20 ).ut
790 840 24 20 to
824 840 55 19 turn
888 844 11 14 a
911 838 95 20 knurled
1016 837 82 21 button
1107 838 68 20 fitted

635 867 25 20 to
670 866 39 22 the
723 866 102 26 pendant
842 866 31 25 (or
883 865 66 26 ring),
961 864 52 20 thus
1023 864 101 26 winding
1133 864 40 21 the

635 894 73 21 watch
727 893 46 20 and
801 891 130 27 regulating
948 891 40 20 the
1005 891 72 19 hands
1091 891 30 25 by
1133 891 40 20 the

636 926 61 15 fame
707 925 83 16 mean?.

663 948 47 21 Our
719 947 97 22 watches
835 954 38 14 are
883 946 141 26 everywhere
1041 944 132 27 recognised

636 977 24 20 to
669 977 29 20 be
715 976 41 19 the
769 976 52 20 best
837 976 25 19 m
881 974 40 21 the
930 974 95 22 market,
1040 972 133 27 surpassing

636 1004 32 19 all
678 1003 76 20 others
764 1002 30 26 by
813 1002 40 20 the
863 1001 112 26 precision
985 1000 24 20 of
1027 1000 61 19 their
1097 1005 75 14 move-

637 1030 73 20 ments
729 1035 26 14 as
774 1028 51 21 well
834 1035 26 13 as
878 1028 30 24 by
926 1027 61 20 their
1001 1031 108 20 accuracy
1127 1027 46 19 and

637 1056 129 24 cheapness.

664 1082 46 19 Our
719 1082 94 24 factory,
826 1080 60 20 since
895 1080 31 20 its
931 1079 136 20 foundation
1075 1079 26 19 iv
1111 1079 60 22 1852,

636 1110 41 19 has
687 1109 107 25 acquired
802 1115 14 12 a
827 1106 139 21 world-wide
975 1105 136 26 reputation,
1126 1105 45 19 and

636 1136 107 21 obtained
752 1135 40 20 the
802 1134 92 26 highest
903 1133 87 21 awards
1009 1132 57 20 from
1081 1132 32 20 all
1131 1131 40 21 the

636 1163 124 26 important
774 1155 152 27 Exhibitions.
955 1160 34 21 No
1003 1159 74 20 watch
1095 1159 76 20 leaves

636 1197 41 13 our
686 1191 88 23 factory
787 1189 97 20 without
900 1188 85 26 having
994 1188 57 19 been
1061 1186 110 26 carefully

636 1217 118 20 examined
767 1216 46 20 and
828 1215 100 24 verified,
942 1214 54 21 thus
1014 1213 70 27 being
1101 1213 70 26 ready

635 1245 37 19 for
681 1243 130 20 immediate
822 1248 44 14 use.
895 1242 63 20 Each
968 1247 41 14 one
1018 1240 21 20 is
1052 1242 44 24 pufc
1104 1247 32 19 up
1146 1241 25 20 m

635 1278 30 13 an
674 1271 91 25 elegant
774 1268 120 22 silk-lined
903 1274 57 19 ease,
977 1268 45 20 and
1037 1273 134 20 accompan-

635 1298 37 21 ied
681 1298 29 25 by
721 1303 13 14 a
744 1297 113 25 warranty
865 1296 36 19 for
910 1296 64 19 three
984 1301 70 19 years.

662 1325 48 20 The
715 1324 72 26 buyer
795 1329 52 19 may
853 1323 76 20 return
939 1328 46 19 any
991 1322 22 19 of
1023 1328 40 13 our
1074 1321 96 20 watches

635 1352 80 21 within
725 1352 35 19 six
778 1350 90 21 months
882 1348 82 21 should
981 1348 41 20 the
1041 1349 71 19 latter
1129 1350 42 19 not

635 1379 72 21 afford
715 1378 48 20 him
772 1378 40 20 the
821 1378 60 19 most
890 1376 109 26 complete
1006 1376 149 20 satisfaction.

663 1406 38 20 All
710 1405 92 20 articles
813 1404 49 21 sold
881 1410 38 13 are
929 1403 112 20 delivered
1056 1404 50 24 post
1115 1403 55 24 free,

635 1433 45 20 and
689 1433 102 20 Customs
805 1432 58 24 duty
872 1430 54 26 paid
941 1430 25 19 to
975 1436 45 18 any
1035 1430 53 25 part
1097 1430 24 20 of
1130 1430 40 20 the

634 1460 76 24 world,
726 1459 54 20 thus
790 1458 96 20 without
905 1458 40 19 the
955 1456 107 27 slightest
1080 1457 90 20 trouble

634 1494 26 14 or
668 1486 117 24 formality
794 1486 22 20 to
827 1485 40 21 the
876 1484 105 21 receiver.

666 1514 31 18 All
714 1513 85 26 repairs
819 1512 83 26 during
920 1512 41 20 the
979 1512 65 20 throe
1063 1517 65 19 years
1147 1512 24 20 of

634 1541 125 25 guarantee
778 1546 38 14 are
835 1539 111 20 executed
960 1538 178 28 gratuitously,
1153 1538 17 20 if

633 1567 41 21 the
693 1566 74 21 watch
788 1567 29 20 be
834 1566 124 20 forwarded
975 1566 24 20 to
1018 1571 41 14 our
1077 1565 100 25 London;

634 1594 67 20 office.

633 1621 49 21 The
705 1620 116 26 following
840 1625 38 15 are
901 1619 54 20 cash
978 1619 73 26 prices
1072 1619 98 20 without

633 1647 110 22 discount.

1103 1674 20 20 £
1151 1679 17 14 a.

660 1703 27 20 A.
698 1700 162 26 Stem-winder,
867 1700 176 26 sterlingsilver,
1050 1700 49 19 hall

714 1727 99 25 marked,
826 1727 103 27 jewelled
938 1727 25 20 m
972 1727 13 20 6
994 1727 94 23 actions,

714 1755 83 25 crystal
804 1754 61 27 glass
875 1761 14 13 a
898 1755 80 25 strong
985 1754 45 20 and
1034 1754 53 20 dur-

714 1781 50 21 able
777 1781 75 21 watch
1143 1782 26 19 12

632 1811 54 20 A.A.
696 1809 48 20 The
764 1815 60 14 same
842 1809 56 20 with
927 1807 82 21 double
1029 1807 70 21 silver

716 1842 50 14 case
780 1836 120 26 (Hunter),
919 1835 116 26 elegantly
1051 1841 37 13 en-

700 1863 87 28 graved
1142 1862 27 20 18

670 1891 87 21 B.Gold
767 1890 159 24 stem-wiuder,
936 1889 49 21 hall
998 1888 99 25 marked,

715 1918 79 25 strong
803 1918 89 25 keyless
899 1917 80 23 action,
988 1915 104 28 jewelled

712 1943 25 22 m
742 1946 25 19 13
772 1945 93 23 actions,
874 1944 54 21 with
937 1943 55 27 gold
1001 1949 24 14 or
1034 1942 55 20 steel

712 1971 81 25 hands,
806 1971 66 21 small
887 1970 82 22 second
987 1970 53 24 dial,
1049 1975 39 15 en-

714 1999 85 26 graved,
812 2000 25 19 m
854 1998 115 21 beautiful
975 2015 3 2 .
988 1997 99 26 designs,

713 2027 81 26 engine
802 2025 84 21 turned
895 2031 26 15 or
929 2025 62 26 plain
1000 2023 89 27 polish-

714 2054 34 24 ed,
771 2053 54 21 with
844 2058 137 21 monogram,
1004 2050 83 24 initial,

714 2087 57 13 arms
781 2081 30 19 &c
1014 2094 23 6 ...
1101 2078 14 19 2
1156 2079 14 19 0

632 2107 54 21 J3.8.
706 2106 45 21 The
769 2114 60 14 same
856 2113 25 14 as
898 2106 24 25 B,
945 2107 52 20 with
1014 2107 74 23 Btrong

714 2134 76 20 double
799 2134 49 25 gold
862 2140 55 17 case,
936 2140 30 14 an
981 2132 105 21 excellent

714 2161 43 19 and
767 2167 48 19 very
826 2161 82 24 elegant
919 2161 134 24 timekeeper.
1065 2176 23 4 ...
1100 2161 13 19 3
1144 2159 26 21 10

661 2188 24 21 0.
694 2187 70 22 Eoxal
770 2187 154 28 chronograph,
939 2188 25 20 18
973 2186 115 27 caratgold

715 2217 58 17 most
797 2215 97 26 superior
914 2215 81 24 keyless
1018 2220 69 14 move-

715 2242 66 24 ment,
806 2243 22 18 of
850 2242 37 19 the
910 2242 58 19 most
987 2241 100 19 accurate

715 2268 167 25 workmanship,
901 2268 44 20 and
963 2273 40 13 one
1013 2267 22 19 of
1053 2266 36 20 the

715 2294 47 20 best
773 2302 61 13 wear-
837 2295 100 24 resisting
947 2294 91 20 watches
1051 2309 22 4 ...
1101 2295 15 18 4
1157 2295 14 19 0

635 2321 48 21 C.C.
694 2320 46 22 The
754 2328 59 15 same
822 2322 68 20 watch'
902 2321 52 21 with
964 2320 75 20 double
1046 2320 43 20 and

719 2349 58 20 extra
787 2350 75 22 strong
871 2354 54 17 case,
936 2348 96 20 18-carat
1039 2347 50 24 gold

717 2375 130 26 artistically
863 2374 110 25 engraved,
998 2373 92 26 engine-

717 2402 77 21 turned
804 2408 24 14 or
846 2402 59 25 plain
919 2401 104 26 polished;
1037 2400 52 20 with

717 2434 144 21 monograms,
875 2428 89 23 initials,
974 2429 37 19 &c.
1051 2443 22 5 ...
1103 2429 13 19 6
1145 2429 27 19 10

663 2457 26 20 D.
711 2455 102 27 Imperial
823 2455 100 21 calendar
933 2455 155 23 chronometer,

718 2484 96 19 IS-carat
836 2482 55 25 gold,
915 2481 119 26 indicating
1053 2481 36 19 the

716 2510 48 25 day,
774 2510 37 19 the
820 2509 65 22 week,
896 2508 37 20 the
941 2507 84 25 month,
1042 2507 45 20 and

716 2536 48 20 date
783 2536 22 20 of
814 2535 84 23 month,
908 2534 97 27 jewelled
1019 2535 23 19 m
1053 2535 34 19 18-

716 2563 90 24 --actions,
826 2562 51 20 with
886 2562 32 20 all
927 2561 36 20 the
973 2561 64 20 latest
1047 2561 41 19 im-

716 2590 145 26 provements
884 2589 46 20 and
952 2588 135 22 inventions,

715 2623 42 15 one
767 2617 24 20 of
799 2617 41 20 the
849 2616 51 21 best
909 2615 46 21 and
960 2615 57 20 most
1026 2621 62 20 mag-

715 2644 94 21 nificent
812 2644 98 21 watches
916 2642 173 21 manufactured

716 2672 55 20 such
781 2677 26 15 as
822 2677 39 14 are
870 2676 70 15 never
949 2670 50 20 sold
1015 2670 31 26 by
1056 2676 33 14 re-

715 2698 44 21 tail
767 2698 87 21 dealers
863 2698 36 20 for
908 2698 44 19 less
961 2697 57 20 than
1027 2697 11 20 d
1038 2697 36 20 825
1103 2697 26 19 10
1157 2697 14 19 0

661 2727 39 20 All
709 2733 41 14 our
758 2726 98 21 watches
866 2731 37 15 are
911 2723 172 22 manufactured
1091 2724 26 19 m
1125 2723 45 21 two

633 2754 105 21 different
748 2753 63 24 size=,
825 2753 63 26 large
898 2751 45 21 and
952 2751 68 20 small
1030 2750 45 27 (for
1084 2750 86 27 gentle-

634 2787 53 15 men
705 2780 47 21 and
773 2780 91 25 ladies,)
887 2779 97 21 without
1008 2778 120 21 difference
1147 2778 24 21 of

633 2809 68 24 price.

663 2834 44 21 Old
715 2834 106 23 watches,
835 2833 39 21 old
883 2832 54 26 gold
946 2832 46 21 and
1009 2832 70 21 silver
1088 2832 47 21 will
1142 2832 29 21 be

635 2863 69 19 taken
712 2862 25 19 m
747 2861 108 26 payment
865 2860 24 19 at
898 2860 41 19 the
948 2859 93 26 highest
1054 2860 74 20 value:
1152 2860 20 20 if

635 2888 127 21 forwarded
771 2888 31 26 by
810 2887 77 26 parcel
895 2887 52 25 post
955 2887 25 20 to
990 2893 42 14 our
1042 2887 101 20 address,

630 2927 9 11 v
663 2916 155 19 Remittances
837 2919 52 19 may
912 2914 29 19 be
963 2913 65 20 made
1048 2914 75 20 either
1141 2913 32 26 by

636 2942 78 21 Postal
724 2942 78 23 Order,
813 2940 97 26 Cheque,
920 2940 67 19 Bank
995 2941 66 20 notes
1068 2940 105 27 (postage

636 2971 86 25 stamps
731 2968 37 21 for
778 2968 67 20 small
852 2966 119 27 amounts,)
988 2967 24 20 of
1021 2973 45 20 any
1070 2968 102 25 country,

635 2998 25 20 m
668 2996 126 26 registered
802 2995 68 20 letter.
881 3020 4 5 _

663 3024 23 20 It
695 3024 21 20 is
726 3029 45 14 our'
776 3023 45 20 aim
830 3022 25 20 to
865 3020 47 27 give
921 3021 40 22 the
978 3022 87 19 utmost
1074 3021 99 25 possible

635 3050 141 22 satisfaction
786 3051 25 19 to
821 3055 40 14 our
871 3048 83 24 client?,
978 3049 106 25 knowing
1093 3048 47 21 this
1148 3050 25 19 to

635 3079 28 21 be
673 3079 40 20 the
722 3076 57 23 bes*t.
783 3076 169 22 advertisement
961 3076 36 21 for
1011 3082 41 14 our
1061 3075 112 27 products,

635 3107 47 20 and
691 3106 31 20 all
731 3105 49 20 who
790 3105 59 19 have
861 3109 54 15 once
931 3103 94 21 entered
1043 3104 49 19 into
1107 3103 67 20 busi-

635 3140 52 14 ness
696 3133 110 21 relations
815 3131 57 20 with
892 3137 25 14 us
934 3131 77 25 gladly
1030 3130 143 20 recommend

635 3168 28 13 us
672 3162 24 19 to
707 3159 59 21 their
775 3158 88 21 friends
874 3158 46 20 and
929 3156 179 28 acquaintances.

691 3187 100 20 Address
800 3186 36 19 for
846 3185 80 20 letters
934 3185 46 20 and
989 3184 74 21 orders
1070 3199 5 5 .

644 3213 98 22 MORSE
753 3210 260 23 MANUFACTURING
1023 3210 137 21 COMPANY

800 3239 19 25 7,
834 3239 48 21 Red
893 3238 55 21 Lion
960 3238 75 23 Court,

882 3266 93 20 London
983 3264 52 21 E.G.

663 3321 164 27 (g^STWauted,
842 3322 25 19 at
877 3327 62 17 once,
954 3321 24 19 m
988 3326 68 19 every
1074 3318 99 26 locality,

635 3356 29 15 an
674 3349 123 24 intelligent
816 3354 78 20 person
911 3350 22 18 to
944 3349 36 19 act
999 3352 24 14 as
1040 3352 41 14 our
1096 3347 77 23 Agent.

635 3377 35 20 No
681 3376 83 27 special
773 3375 127 24 knowledge
910 3373 106 27 required,
1026 3373 44 20 and
1079 3368 94 24 without

635 3403 125 24 interfering
783 3401 55 21 -with
861 3403 87 24 present
969 3399 142 27 occupation..
1140 3400 33 18 An

635 3429 112 23 excellent
763 3429 135 26 occupation
917 3427 35 21 for
962 3434 14 14 a
995 3427 93 26 capable
1097 3432 78 20 young

636 3464 53 14 man
699 3462 24 14 or
732 3455 61 26 lady.

773 3594 262 46 NOTICE.

638 3692 152 57 HAVING
802 3692 59 24 been
881 3692 51 24 told
951 3699 14 15 a
981 3690 47 24 few
1048 3690 60 30 days
1128 3697 47 23 ago

700 3726 53 22 that
765 3725 22 23 A
805 3723 152 25 CEKTAIN
975 3722 135 25 PERSON
1128 3719 57 27 has'"

637 3758 120 30 reported,
775 3757 56 24 that
848 3757 13 23 I
874 3764 41 16 am
934 3764 31 16 no
982 3756 87 30 longer
1086 3754 89 32 taking

637 3790 27 24 m
681 3789 67 26 work
750 3804 31 3 —
782 3789 13 24 I
814 3789 60 24 wish
894 3791 25 22 to
938 3787 79 30 notify
1035 3789 26 23 to
1081 3787 33 25 all
1132 3794 43 24 my

637 3820 90 27 friends
749 3822 50 23 and
820 3821 42 25 the
889 3819 127 26 PUBLIC
1039 3819 133 31 geoerally,

638 3855 55 24 that
705 3855 13 23 I
729 3862 40 16 am
782 3855 114 31 carrying
908 3862 28 15 on
951 3860 41 22 my
1002 3851 172 25 BUSINESS

637 3888 27 23 m
682 3887 66 24 ALL
765 3888 32 23 its
815 3885 186 26 BRANCHES
1019 3892 27 17 as
1063 3883 110 25 HERE-

638 3920 144 24 TOFORE.

783 3968 164 32 JOSEPH
968 3956 164 46 LOUGH^

703 4023 126 32 February
847 4024 49 24 Ist.
915 4024 74 23 1897.

635 4156 188 44 VIEW
847 4154 169 46 HILL
1038 4153 136 45 DIP.

1122 4211 1 1 ■

870 4228 17 10 _:
966 4232 1 1 ■
1122 4227 8 9 .-
1186 4226 2 12 i

636 4265 44 57 JS
697 4271 54 17 now
768 4262 117 32 prepared
903 4264 26 23 to
947 4262 41 31 dip
1006 4262 75 31 sheep
1093 4262 27 23 at
1133 4261 40 24 Id.

676 4304 44 24 per
731 4295 64 25 head
807 4298 26 22 to
851 4294 73 25 MAY
938 4296 47 23 Ist.
997 4295 70 24 next.
1084 4295 89 23 Terms

637 4330 68 26 cash.
853 4349 11 9 
1148 4351 2 3 .

869 4396 40 26 W.
927 4396 150 29 DOODER,

1003 4455 128 32 Manager.
1185 4447 2 18 '

92 196 168 39 OXFORD
284 194 120 30 ROAD
425 193 156 31 BOARD.

70 276 167 32 fTENDERS
254 283 41 16 are
315 273 96 26 invited
432 273 39 25 for
495 273 41 25 the
559 273 45 25 fol-

75 303 21 40 -1
117 315 87 28 lowing
215 308 80 26 works

68 343 176 32 CLEARING
280 343 52 24 bide
367 341 128 28 channels,
533 339 71 26 Main

134 377 75 27 Road.

100 414 38 24 Do
204 427 15 11 
324 426 15 11 ,>
432 405 69 32 High
522 404 83 26 Street

67 442 157 29 FORMING
236 442 51 23 side
299 441 106 30 cutting,
418 442 26 22 at
453 438 152 25 Woodstock

99 477 108 25 Tenders
229 478 25 21 to
282 475 31 24 be
336 477 57 21 sent
413 473 25 23 m
466 471 84 25 before
573 472 32 23 12

66 510 92 26 o'clock
169 515 68 18 noon
249 515 33 16 on
294 504 225 26 WEDNESDAY
531 503 75 31 April

66 544 53 27 7th.

101 577 53 23 The
191 574 87 24 lowest
306 580 28 17 or
363 579 49 24 any
442 570 91 25 tender
560 570 46 23 not

64 607 148 31 necessarily
230 605 123 33 accepted.

205 667 115 25 JAMBS
338 666 35 24 H.
386 664 150 27 BHARPB,

238 755 2 2 ■
258 737 73 25 Cleric
352 739 23 21 to
393 735 46 27 the.
446 734 91 23 Board.

200 911 253 44 r>,JFAjipWELL

28 976 154 75 (Isirc'l
197 990 93 54 JkT'A
303 1006 20 36 N
336 1005 18 37 D
381 1002 209 40 CONCERT

67 1077 21 21 X
309 1075 42 23 TO

90 1152 90 31 REV.
200 1152 26 30 &
248 1150 85 31 MRS
348 1146 236 33 HOUNSELL

202 1244 50 23 ■will
265 1243 36 23 be.
307 1242 72 31 given
390 1240 27 24 m
427 1240 43 24 the

151 1317 97 26 WEST
267 1314 137 26 OXFORD
427 1312 94 26 HALL

325 1387 30 17 on

70 1444 257 48 FRIDAY
348 1441 203 45 APRIL
574 1441 30 43 2

212 1544 25 22 at
256 1543 14 22 8
289 1547 59 24 p.m.
368 1539 83 30 sharp.

129 1614 177 27 Chiistchurch
327 1613 75 24 talent
414 1609 126 32 expected.

232 1691 139 25 Admission
396 1690 34 23 Is.

128 1820 171 34 OXFORD
313 1816 225 33 DRAMATIC

225 1877 214 33 COMPANY.

68 1962 87 58 ANY
167 1961 56 29 lady
236 1968 27 15 or
282 1959 146 24 Gentleman
446 1954 108 32 residing
573 1953 27 25 m

127 1995 40 24 the
188 1992 103 25 District
302 1990 94 31 willing
407 1992 25 22 to
453 1988 74 25 assist
546 1988 27 23 m
586 1994 14 16 a

66 2027 128 26 Dramatic
205 2026 169 31 performance
396 2023 38 23 for
446 2021 41 25 the
508 2019 93 26 benefit

68 2063 25 23 of
110 2070 30 16 au
164 2060 61 31 aged
246 2057 90 32 couple,
366 2055 41 26 old
434 2054 119 25 residents
576 2052 27 25 of

70 2094 99 25 Oxford.

101 2133 92 31 Kindly
204 2133 53 23 sent
269 2130 27 24 m
309 2129 61 25 their
381 2135 85 18 names
478 2128 25 23 at
515 2133 68 17 once.

235 2197 40 24 W.
295 2195 33 24 V.
350 2192 132 27 WILSON

124 2334 52 29 TO
207 2327 338 34 BUSHWORKERS.

68 2413 173 26 WANTED
254 2413 73 24 offers
339 2411 37 25 for
388 2409 96 32 falling,
502 2408 102 32 logging

82 2453 28 21 H
153 2448 47 24 and
223 2446 71 31 trolly
298 2445 42 30 ing
367 2443 89 25 timber
479 2443 26 23 at
527 2441 77 24 Birch

67 2482 55 23 Hill
139 2481 39 23 for
197 2480 30 23 12
249 2477 110 25 months.
411 2474 149 25 Particulars
578 2476 26 21 at

66 2514 40 24 Mr
125 2512 98 24 LEE'S
246 2511 78 26 Store,
360 2508 101 27 Oxford,

132 2556 23 24 J.
175 2554 88 24 LACE
300 2551 75 25 Birch
393 2550 61 28 Hill,

172 2606 27 17 or
217 2596 93 26 BOYD
324 2596 17 23 &
354 2594 93 28 KEIR,
466 2591 134 32 Rangiora.

175 2733 314 47 WANTED.

61 2827 53 24 mo
132 2825 121 32 purchase
272 2832 14 16 a
311 2822 64 24 farm
400 2822 28 22 m
446 2820 44 23 the
508 2817 94 26 Oxford

67 2848 22 38 1
111 2858 112 26 District.
259 2855 115 26 Forward
391 2853 67 31 price
479 2851 51 25 and
547 2858 56 23 par-

63 2897 102 26 ticulars
183 2897 26 22 to
237 2895 44 24 the

86 2951 154 32 OFFICE
258 2949 51 30 OF
324 2947 101 30 THIS
440 2944 144 31 PAPER

153 3084 136 46 FOR
351 3079 162 47 SALE

65 3184 80 57 IPOR
171 3181 86 26 SALE
287 3180 86 30 cheap,
404 3187 28 16 or
461 3176 80 25 would
562 3184 39 16 ex-

84 3239 4 2 .
119 3217 95 29 change
232 3217 37 21 for
287 3222 14 16 a
327 3212 65 32 light
409 3211 103 24 harness
529 3210 74 23 horse

65 3252 27 23 of
198 3248 79 27 value,
306 3255 16 16 a
339 3245 70 25 black
426 3244 55 24 half
496 3242 107 31 draught

65 3283 108 31 gelding,
209 3281 62 31 good
298 3278 91 33 plough
418 3278 81 26 horse,
545 3283 58 24 very

44 3339 17 4 _
181 3314 61 31 good
265 3314 24 23 m
308 3312 34 23 all
366 3313 64 22 sorts
447 3311 26 22 of
491 3310 111 26 harness,

65 3349 27 24 m
111 3348 120 24 excellent
249 3345 133 25 condition.

199 3404 72 30 apply
290 3405 25 21 to

299 3455 31 24 G.
351 3455 28 23 A.
398 3452 128 29 WHITE,

399 3514 69 25 West
481 3511 100 26 Oxford.

186 3683 301 45 WANTED.

69 3790 56 25 117
127 3788 125 29 ANTED,
272 3797 14 15 a
307 3788 79 23 smart
411 3787 47 29 boy
476 3786 73 24 about
574 3787 30 23 10

84 3827 8 21 !
103 3828 7 20 T
138 3830 78 23 years,
230 3823 24 22 to
267 3819 69 26 milk:
350 3819 54 24 One
416 3818 155 25 accustomed
580 3820 26 23 to

68 3856 82 24 hoires
169 3854 130 32 preferred.
336 3852 129 31 Generally
488 3851 89 24 useful.

169 3914 29 25 F.
218 3912 131 30 CROWE,

270 3979 52 23 The
341 3976 114 27 Warren,

405 4035 63 24 East
486 4033 101 26 Oxford.

203 4180 264 46 NOTICE.

70 4270 136 59 POISON
235 4270 49 24 will
315 4270 29 24 be
366 4269 51 25 laid
440 4276 33 17 on
496 4268 108 25 sectious

123 4305 63 24 1777
204 4302 48 24 and
271 4303 62 24 1005
352 4309 32 18 on
402 4302 50 23 and
475 4301 63 25 after
555 4301 49 24 this

71 4337 62 26 date,
151 4334 88 25 March
251 4334 68 26 19th.
332 4335 73 25 1897.

237 4393 34 25 H.
289 4393 195 26 YOUNGMAN

366 4457 69 26 West
453 4459 99 27 Oxford.
582 4470 21 13 ~:
