3500 4600
66 214 63 24 shall
152 214 30 23 be
193 214 27 23 m
239 221 15 16 a
277 212 79 26 better
375 213 109 32 position
508 216 26 21 to
554 221 49 25 pay

65 257 65 24 what
142 265 36 16 we
190 256 96 31 already
298 265 61 17 owe.

94 300 38 24 As
144 300 21 25 it
188 300 21 24 is
227 300 87 32 highly
337 300 117 32 probable
475 300 57 26 that
558 301 44 26 the

63 345 57 22 next
132 343 79 31 policy
222 343 80 25 which
314 343 22 25 is
348 344 108 31 brought
467 344 82 26 before
560 346 42 25 the

62 388 103 30 country
175 387 49 25 will
236 388 100 25 contain
348 395 16 17 a
371 390 116 30 proposal
500 391 26 23 to
539 390 62 25 raise

64 439 14 15 a
89 438 54 16 new
162 430 65 24 loan,
245 430 21 24 it
291 431 50 24 will
367 432 30 23 be
418 432 55 24 well
496 432 37 25 for
558 434 43 24 the

64 473 98 25 electors
175 475 25 23 to
220 474 53 30 give
294 475 43 23 the
356 475 134 31 preceding
510 476 90 32 theory

64 517 62 24 their
138 519 98 24 earnest
247 518 193 25 consideration.

197 659 104 24 LAWN
318 660 136 23 TENNIS.

94 769 38 24 On
145 768 120 31 Saturday
275 769 132 25 afternoon
419 769 44 25 the
472 769 128 32 Rangiora

62 813 81 23 courts
155 820 63 16 were
236 812 117 32 occupied
376 812 38 25 for
425 820 14 17 a
452 813 82 24 match
560 813 33 24 be-

61 857 78 22 tween
158 856 43 24 the
225 855 92 25 Oxford
342 855 63 25 Club
425 856 49 25 and
497 863 15 17 a
532 857 66 23 team

61 898 106 24 selected
179 898 63 24 from
252 899 42 23 the
306 898 127 31 Rangiora
442 898 63 24 Club
517 900 26 22 to
555 898 43 24 the

62 941 124 24 exclusion
211 941 26 24 of
255 941 43 25 the
320 941 56 25 first
406 940 64 25 class
493 941 102 30 players.

61 983 51 24 The
132 983 73 25 home
228 985 67 23 team
322 983 91 32 proved
442 983 43 25 the
508 983 89 24 victors

60 1026 62 24 with
139 1035 13 15 a
164 1026 116 31 majority
291 1027 26 23 of
334 1025 158 31 twenty-four
503 1032 93 24 games.

61 1068 97 25 Details
178 1069 27 25 of
222 1069 42 24 the
282 1071 50 23 sets
353 1077 42 16 are
418 1077 28 17 as
465 1068 82 25 follow
558 1075 5 17 :
568 1083 30 3 —

61 1113 96 23 Allison
186 1113 49 23 and
264 1113 109 25 Howard
397 1112 52 33 (R.)
477 1112 57 24 beat
557 1112 40 24 W.

159 1155 50 25 and
237 1155 104 31 Ingram
365 1155 50 32 (0),
454 1155 42 25 9-5
508 1162 5 21 ;
545 1154 53 26 Mrs

62 1198 88 24 Gower
168 1197 50 24 and
237 1197 108 25 Howard
363 1198 43 31 (R)
427 1197 57 25 beat
506 1197 39 23 Dr
567 1197 30 24 B.

61 1240 139 25 Volckman
219 1241 51 24 and
282 1241 63 24 Miss
367 1240 84 25 Smith
470 1240 54 30 O.),
539 1241 41 22 9-4
592 1248 5 21 ;

60 1284 54 24 Mrs
141 1283 89 25 Gower
251 1284 49 24 and
324 1283 61 25 Mis
395 1283 10 25 3
409 1282 115 25 Blackett
546 1282 51 34 (R,)

59 1326 57 24 beat
128 1326 90 24 Misses
230 1326 90 24 Parish
332 1326 50 24 and
393 1325 138 24 Buchanan
544 1325 53 32 (0.)

59 1370 42 22 6-5
112 1376 6 21 ;
139 1369 25 25 S.
187 1368 72 26 Weld
271 1369 49 25 and
333 1369 37 23 Dr
390 1368 138 25 Volckraan
542 1367 51 33 (0.)

58 1413 59 24 beat
139 1413 93 30 Strong
244 1412 71 25 Bros.
339 1412 61 32 (R.),
423 1413 42 23 9-5
476 1419 6 22 ;
504 1411 95 25 Allison

60 1455 49 23 ahd
121 1455 62 23 Miss
198 1455 72 30 Boyd
282 1455 52 31 (R.)
347 1456 57 22 beat
416 1454 38 24 W.
467 1453 73 25 Weld
552 1454 48 23 and

61 1498 61 23 Miss
141 1498 70 31 Ryde
232 1498 63 32 (0.;,
320 1498 58 28 9-4;
397 1497 62 25 Miss
484 1496 115 25 Blackett

59 1542 49 24 and
121 1542 28 24 A.
164 1543 93 30 Strong
267 1542 45 32 (R)
325 1542 57 24 beat
391 1542 62 24 Miss
461 1541 139 25 Buchanan

63 1586 50 24 and
127 1587 26 22 S.
167 1585 72 25 Weld
261 1585 61 31 (0.),
341 1586 42 23 9-5
395 1593 5 20 ;
420 1585 95 24 Allipon
538 1584 60 31 (R.),

61 1629 57 23 beat
131 1628 40 24 W.
193 1628 73 24 Weld
280 1628 61 31 (0.),
355 1629 42 22 9-7
409 1635 5 20 ;
433 1627 61 24 Miss
508 1625 89 25 Parish

61 1671 50 24 and
132 1671 103 32 Ingram
248 1670 60 33 (0.),
327 1670 56 25 beat
395 1669 62 25 Miss
475 1669 124 24 Johnston

61 1715 50 24 and
125 1714 28 25 B.
169 1714 92 31 Strong
274 1714 60 33 (R.),
353 1715 44 24 9-7
407 1720 5 22 ;
426 1713 89 24 Misses
526 1712 70 31 Boyd

61 1758 49 24 and
122 1757 127 25 Johnston
274 1757 51 32 (R.)
347 1757 57 24 beat
423 1756 89 24 Misses
530 1756 70 31 Ryde

60 1801 50 24 and
124 1801 83 24 Smith
291 1801 42 24 G-2
343 1807 5 21 ;
368 1798 62 26 Miss
453 1798 70 31 Boyd
545 1798 52 32 (R.)

59 1844 59 25 boat
142 1844 63 23 Miss
225 1843 69 31 Ryde
315 1843 58 32 (0.),
399 1843 59 27 6-4;
482 1841 115 29 Howard,

61 1886 134 31 Rangiora,
213 1886 57 24 beat
282 1886 112 30 Ingram.
414 1884 101 28 Oxford,
536 1884 43 25 9-8
590 1891 5 21 ;

62 1930 30 24 B.
108 1930 97 31 Strong,
228 1928 132 32 Rangiora,
380 1928 55 24 beat
456 1927 37 25 Dr
510 1926 87 26 Volck-

62 1981 68 21 man,
167 1973 101 27 Oxford,
304 1973 42 23 9-4
369 1979 5 21 ;
411 1970 60 25 Miss
501 1970 96 29 Parish,

64 2015 99 30 Oxford,
177 2015 55 24 beat
245 2014 61 25 Miss
315 2014 133 29 Johnston,
462 2013 134 31 Rangiora,

64 2060 42 24 G-3
118 2067 5 20 ;
167 2058 118 25 Totals—
287 2057 125 32 Rangiora
435 2058 39 28 96,
506 2055 93 26 Oxford

64 2104 39 23 72.
140 2103 135 23 Afternoon
298 2104 38 22 tea
360 2109 47 16 was
428 2100 115 33 provided
567 2100 32 32 by

63 2146 87 22 Misses
169 2146 142 27 Thompson
330 2145 49 23 and
397 2144 134 24 Johnston.

75 2288 507 33 WAIMAKARIRI-ASHLEY

114 2346 124 23 WATER
252 2345 132 24 SUPPLY
405 2344 124 25 BOARD.

286 2437 93 25 COPY

131 2481 45 24 OF
191 2480 169 29 BEQUEST
377 2479 95 25 SENT
490 2479 42 25 TO

78 2524 94 25 JOHN
193 2523 230 29 O'EALLORAN,
442 2524 61 30 Esq.
524 2523 48 24 J.P

228 2589 93 24 Oxford
334 2588 70 25 18th.
425 2588 86 24 March
524 2589 73 24 1897.

61 2633 66 24 Di-ar
141 2633 47 25 Sir.

96 2676 52 29 We,
185 2676 42 24 the
255 2675 164 31 undersigned
447 2676 151 30 Ratepayers

61 2720 26 22 m
101 2719 43 24 the
157 2718 93 25 Oxford
271 2718 93 31 Riding
375 2717 27 25 of
411 2718 45 24 the
472 2717 125 25 Waimak-

63 2761 169 32 ariri-Ashley
263 2761 84 25 Water
367 2761 94 31 Supply
487 2760 112 29 District,

62 2806 44 23 ask
118 2813 46 23 you
179 2808 25 21 to
222 2807 29 22 be
271 2805 63 31 good
357 2805 99 31 enough
479 2806 25 23 to
527 2803 73 26 allow

63 2848 109 32 yourself
183 2851 24 22 to
220 2848 28 24 be
266 2847 144 26 nominated
422 2855 27 17 as
462 2855 15 16 a
489 2848 111 24 member

63 2893 24 23 of
117 2892 42 24 the
204 2891 188 25 Waimakariri-
393 2891 93 31 Ashley
515 2890 85 25 Water

63 2935 95 32 Supply
171 2935 82 25 Board
272 2938 24 22 at
310 2935 42 25 the
363 2934 163 32 forthcoming
538 2935 60 24 elec-

61 2979 53 24 tion
127 2980 26 23 to
165 2980 124 30 represent
303 2979 42 24 the
357 2979 52 24 said
425 2978 93 30 Riding
519 2992 31 3 —
553 2995 5 6 .

96 3024 94 24 Arthur
209 3022 101 29 Stubbs,
338 3022 69 25 John
425 3022 114 27 Parlane,
565 3021 33 24 A.

62 3066 90 28 Wilke,
171 3066 31 24 D.
223 3066 154 28 Zweibruck,
403 3065 35 24 H.
459 3065 91 30 Meyer,
569 3064 30 24 F.

62 3110 91 27 Crowe,
172 3109 67 24 John
252 3108 108 31 Ingram,
379 3107 106 25 Andrew
498 3107 101 28 Baxter,

65 3153 22 23 11
92 3171 5 5 .
112 3153 24 24 J.
149 3153 91 30 Papps,
259 3151 28 25 P.
301 3151 27 25 C.
343 3151 134 28 Jnhansen,
491 3150 109 24 Thomas

63 3196 125 32 Aldridge,
207 3196 30 23 E.
256 3195 34 24 H.
310 3194 96 28 Parish,
432 3194 67 25 John
518 3193 81 30 Weld,

64 3240 67 24 Win.
161 3238 123 29 Fenwk-k,
312 3238 85 24 James
427 3238 110 30 Murray,
567 3237 32 24 D.

64 3282 156 29 Dohrmann,
240 3281 82 24 Garlic
335 3281 71 23 Bros.
419 3280 34 24 H.
468 3280 132 28 Sharman,

21 3327 14 22 f
64 3327 85 24 Jiimsi
179 3325 126 31 Aldridge,
340 3324 34 24 ±L
405 3323 133 32 Campbell,
568 3323 30 25 E.

64 3371 94 30 Hunvy,
176 3369 66 24 John
265 3368 85 28 Skurr,
369 3368 30 23 F.
412 3367 104 28 Reston,
535 3366 66 25 John

65 3413 70 24 Rossi
141 3417 42 23 tor,
202 3412 31 24 E.
253 3412 121 27 Herman,
393 3410 30 25 L.
442 3410 97 25 Powell.

21 3468 5 15 i
66 3459 90 25 Oxford
170 3460 30 23 25
214 3458 87 25 March
316 3458 72 24 1897.
609 3442 2 19 '

100 3502 50 27 We,
169 3502 43 23 the
237 3501 120 23 members
369 3499 26 24 of
414 3499 42 24 the
475 3499 125 24 Waimak-

66 3544 67 24 ariri-
139 3543 89 31 Ashley
242 3543 89 24 Water
351 3542 94 31 Supply
465 3541 81 24 Board
563 3549 37 16 re-

68 3588 71 29 quest
160 3586 55 24 that
237 3593 47 22 you
305 3585 48 24 will
377 3584 74 31 again
470 3584 72 25 stand
564 3584 38 25 for

66 3629 101 25 election
181 3636 26 16 as
219 3629 110 23 member
348 3627 38 24 for
399 3627 94 25 Oxford
510 3626 92 32 Riding

68 3681 31 16 on
113 3673 41 23 the
167 3671 90 23 Board.

102 3715 44 24 We
158 3714 63 30 fully
233 3713 126 31 recognise
376 3721 62 22 your
450 3712 84 30 ability
553 3713 49 23 and

74 3766 88 23 or.ergy
185 3758 24 23 m
232 3756 144 25 connection
390 3756 57 23 with
466 3755 42 24 the
527 3756 76 24 water

69 3810 10 14 s
91 3801 62 32 ipply
167 3800 49 25 and
236 3808 61 23 your
310 3798 66 25 work
395 3798 28 25 m
435 3799 42 25 the
501 3798 53 25 best
566 3798 34 25 in-

69 3847 88 22 terests
181 3844 25 24 of
228 3844 41 24 the
290 3843 112 26 District,
421 3851 28 17 as
472 3842 130 25 evidenced
607 3838 3 38 -j

69 3885 31 31 by
113 3885 42 24 the
167 3883 135 26 successful
321 3890 102 18 manner
435 3883 26 25 m
473 3883 76 24 which
562 3883 41 24 the

68 3929 70 24 loa^s
150 3929 62 23 liavn
224 3927 62 24 been
298 3926 87 29 raised,
404 3927 48 23 and
470 3926 42 24 the
524 3925 78 26 work
606 3925 4 30 3

69 3979 32 23 up
114 3973 24 22 to
151 3972 42 23 the
205 3974 99 27 present
317 3969 92 25 carried
421 3971 24 23 to
458 3978 12 15 a
484 3969 118 24 succesful

68 4015 74 23 issue.

101 4057 45 25 We
168 4057 44 25 feel
232 4064 55 17 sure
308 4056 54 24 that
383 4064 61 23 your
466 4056 137 23 re-election

71 4101 46 23 will
141 4101 28 23 be
181 4110 13 13 a
218 4102 69 29 great
306 4099 93 24 benefit
411 4101 25 22 to
456 4098 52 24 the'
519 4098 85 25 Water

74 4143 89 32 Supply
182 4143 104 24 District
306 4142 51 25 and
379 4141 225 26 thereforewill.be

71 4184 94 32 pleased
175 4185 21 24 if
205 4193 47 24 you
265 4184 72 25 acede
346 4185 26 24 to
383 4184 50 24 this
445 4185 107 29 request.

138 4273 143 24 SAMUEL
297 4271 169 25 EOBBELL

201 4332 26 23 J.
242 4332 30 23 D.
286 4331 202 28 DICKINSON

266 4397 37 28 M.
323 4396 155 25 J.DIXON

105 4464 46 27 We
171 4466 69 25 learn
263 4466 56 25 that
339 4466 40 24 Mr
405 4466 155 25 O'Halloran
585 4466 22 25 is

161 4507 26 24 to
198 4505 73 26 stand
288 4506 38 24 for
337 4506 149 25 re-election.

701 206 403 31 CORRESPONDENCE.

632 269 67 21 While
708 275 39 14 our
755 270 90 19 columns
858 276 37 14 are
910 276 52 20 open
972 273 20 18 to
1002 272 38 24 all,
1054 277 29 16 we
1093 272 25 20 do
1132 276 35 17 not

657 307 91 26 identify
767 308 100 20 ourselves
883 308 53 20 with
953 309 94 25 opinions
1063 311 104 25 expressed

658 345 86 19 therein.

700 394 33 24 To
746 394 37 24 the
793 394 89 26 Editor
891 395 31 31 of
928 395 38 25 the
980 395 104 26 Observer.

630 463 39 24 Sir

664 512 81 24 Anent
764 512 43 24 the
832 512 92 26 Oxford
948 514 87 30 Sports
1058 513 59 24 held
1140 515 26 22 m

628 555 137 25 December
793 555 50 25 last
865 564 59 23 year
946 564 47 23 you
1019 556 109 25 inserted
1151 564 15 16 a

627 599 139 31 paragraph
788 599 27 24 m
835 607 61 22 your
915 607 77 23 paper
1011 599 103 31 lauding
1126 599 40 24 Mr

628 641 129 29 Meredith,
771 641 106 25 M.H.il.
894 641 39 25 for
944 641 41 25 his
995 643 101 30 prompt
1115 642 51 25 and

627 684 86 26 liberal
725 684 169 26 contribution
905 685 109 24 towards
1026 685 42 24 the
1082 684 81 30 funds,

627 728 49 24 and
698 728 156 31 deprecating
865 728 43 25 the
920 729 66 24 want
1003 729 27 24 of
1051 729 113 31 courtesy

627 771 49 24 and
698 771 139 31 generosity
860 779 67 22 upon
947 771 43 24 the
1010 773 55 29 part
1077 771 27 24 of
1124 771 40 24 Mr

627 814 93 27 Moore,
750 813 107 29 M.H.R.
880 814 28 23 m
931 816 43 21 not
999 814 162 30 subscribing,

625 864 47 17 nor
684 863 59 17 even
754 856 139 31 answering
901 857 42 24 the
952 856 210 25 communication

626 898 132 24 addressed
781 900 26 22 to
826 898 60 24 him.
921 898 34 24 At
966 898 43 24 the
1028 899 68 29 time,
1115 906 49 23 you

626 941 51 24 had
694 948 34 17 no
748 941 128 32 authority
896 941 38 25 for
952 941 43 25 the
1020 943 142 28 statement,

626 985 51 24 and
694 985 13 24 I
728 992 41 16 am
793 984 94 25 certain
912 984 98 25 animus
1034 984 129 31 suggested

626 1028 41 24 the
691 1027 116 28 remarks,
827 1035 28 16 as
867 1028 40 24 for
918 1035 15 16 a
956 1028 91 23 matter
1067 1027 27 24 of
1103 1027 58 30 fact,

626 1070 42 25 the
681 1071 128 30 Secretary
827 1070 26 24 of
863 1070 44 25 the
919 1070 86 31 Sporls
1018 1070 145 25 Committee

625 1122 70 17 never
706 1115 56 23 sent
774 1122 33 16 an
818 1114 150 31 application
980 1116 25 22 to
1016 1114 40 24 Mr
1067 1114 92 28 Moore,

627 1157 42 25 but
682 1156 40 26 Mr
734 1156 84 25 Moore
833 1155 152 32 voluntarily
995 1164 61 23 gave
1069 1164 14 17 a
1104 1157 56 24 sub-

627 1199 116 30 scription
764 1198 26 24 of
800 1199 33 23 £1
854 1200 36 23 Is.
910 1199 40 23 Od.
985 1199 87 23 Please
1090 1198 74 25 allow

626 1250 40 17 me
679 1244 25 23 to
716 1242 68 25 draw
795 1242 105 25 another
912 1242 94 30 picture
1008 1256 33 4 —

660 1286 29 23 In
736 1284 144 25 connection
910 1306 5 9 L
918 1284 60 25 with
1009 1284 43 25 the
1073 1284 91 25 Oxford

627 1328 93 31 Jockey
733 1328 84 24 Club's
830 1328 111 30 meeting
959 1327 59 25 held
1039 1335 33 16 on
1093 1328 69 24 13th.

626 1372 60 28 ksfc,
705 1379 15 17 a
743 1371 73 25 letter
839 1378 48 18 was
910 1370 137 25 forwarded
1072 1371 26 24 to
1121 1371 43 24 the

627 1417 49 23 two
697 1415 76 25 above
792 1414 142 25 mentioned
954 1414 149 31 gentlemen,
1126 1414 38 25 for

628 1466 14 15 a
655 1458 165 30 subscription
829 1457 106 24 towards
948 1456 40 24 the
1001 1456 93 28 Funds,
1109 1456 49 23 and

628 1501 88 24 within
740 1509 14 15 a
774 1500 44 24 few
838 1500 58 31 days
917 1507 15 16 a
948 1502 66 22 most
1034 1502 130 22 courteous

628 1545 243 31 acknowledgement
913 1543 50 25 and
994 1543 167 32 subscription

628 1589 26 24 of
670 1590 32 22 £1
722 1589 35 23 Is.
776 1588 42 23 Od.
839 1596 51 16 was
910 1587 111 24 received
1038 1587 65 24 from
1124 1587 40 24 Mr

628 1632 92 23 Moore.
756 1630 51 23 But
820 1638 31 22 up
863 1632 25 22 to
898 1630 42 23 the
959 1630 61 24 time
1031 1629 27 24 of
1068 1630 96 30 writing

627 1674 50 24 this
699 1675 58 23 note
780 1681 33 16 no
836 1673 124 29 donation,
980 1680 47 17 nor
1047 1680 60 17 even
1131 1680 33 17 an

627 1717 245 30 acknowledgement
893 1717 45 24 has
971 1716 62 25 been
1055 1716 109 25 received

626 1761 64 24 from
703 1761 40 24 Mr
756 1760 130 25 Meredith.
911 1760 61 24 This
983 1761 76 24 latter
1070 1761 93 29 gentle-

627 1811 55 17 man
694 1803 54 28 has,
767 1805 49 27 too,
836 1802 60 25 been
908 1803 26 24 m
948 1802 93 25 Oxford
1053 1802 76 25 since.

660 1847 60 25 Just
738 1854 28 16 as
787 1854 15 16 a
814 1848 88 22 matter
923 1846 26 24 of
960 1845 47 25 fair
1018 1845 58 32 play
1094 1845 14 24 I
1120 1844 44 26 ask

626 1898 48 24 you
686 1891 26 23 to
724 1890 76 24 insert
813 1888 59 26 this.

793 1942 89 29 Yours,
901 1944 46 23 etc.

896 1997 152 25 JUSTICE.

806 2090 22 24 is
840 2091 44 24 not
896 2090 94 32 stating
1011 2090 42 25 the
1065 2090 63 25 facts
1141 2090 26 25 of

627 2134 43 25 the
682 2142 56 17 case
741 2149 29 2 —
772 2142 36 16 we
820 2135 73 23 made
905 2134 34 24 all
948 2135 123 30 enquiries
1083 2134 82 25 before

627 2183 34 16 we
689 2175 132 31 published
850 2176 41 23 the
920 2177 136 22 statement
1088 2175 76 24 above

625 2218 105 25 referred
744 2219 34 24 to.
797 2218 49 24 and
858 2226 33 17 we
905 2218 86 31 spared
1009 2227 31 16 no
1056 2218 71 32 pains
1140 2220 25 23 to

625 2269 99 24 procure
736 2262 43 24 the
791 2262 163 23 information
962 2262 65 24 from
1037 2269 14 16 a
1063 2262 101 24 reliable

626 2312 92 21 source,
744 2304 49 24 and
822 2305 74 30 again
924 2306 84 29 repeat
1036 2305 56 23 that
1124 2305 42 24 the

628 2348 124 31 Secretary
780 2347 27 25 of
828 2348 43 24 the
900 2347 88 31 Sports
1014 2347 152 26 Committee

626 2392 42 24 did
679 2392 69 25 write
762 2394 23 22 to
797 2391 42 24 Mr
849 2392 92 24 Moore.
960 2392 60 24 And
1031 2392 60 31 days
1103 2392 64 25 after

626 2436 42 24 the
688 2435 86 32 Sports
793 2434 47 25 and
860 2443 34 23 up
906 2437 25 22 to
954 2435 43 25 the
1017 2436 60 24 time
1089 2436 27 24 of
1126 2443 42 17 our

626 2480 76 31 going
713 2481 26 23 to
751 2486 69 25 press
832 2479 31 24 he
885 2478 111 25 received
1016 2487 33 16 no
1072 2479 89 31 guinea

626 2532 28 16 or
670 2523 70 32 reply
762 2523 60 24 from
847 2523 41 23 Mr
910 2523 94 28 Moore,
1022 2522 46 24 but
1094 2531 68 16 some

628 2568 60 23 time
713 2567 63 24 after
799 2566 43 25 the
865 2566 111 25 remarks
999 2566 55 25 that
1072 2566 95 25 Justice

627 2610 70 25 takes
717 2609 129 32 exception
864 2612 34 27 to,
924 2617 61 17 were
997 2608 132 33 published
1133 2624 30 3 —

626 2654 67 31 then,
706 2653 49 25 and
766 2655 45 23 net
823 2653 36 25 tUI
880 2654 67 28 then,
961 2662 49 17 was
1023 2653 41 25 tho
1077 2653 89 32 guinea

626 2697 57 31 paid
695 2697 32 31 by
740 2697 83 24 whom
843 2697 55 24 best
912 2697 88 24 known
1018 2699 26 22 to
1062 2697 104 29 Justice,

627 2740 48 25 and
687 2748 37 17 we
735 2740 48 25 feel
800 2747 37 17 we
850 2748 41 17 are
907 2739 114 32 justified
1038 2740 27 24 m
1078 2740 88 31 saying

626 2784 56 25 that
694 2784 42 24 the
758 2783 88 32 Sports
858 2783 47 24 and
926 2783 64 25 Eace
1003 2783 163 25 Committees

626 2829 64 23 have
702 2829 25 23 to
740 2827 79 25 thank
830 2834 30 17 us
871 2827 27 23 m
915 2834 14 16 a
950 2835 111 17 measure
1073 2827 37 24 for
1125 2827 43 24 the

628 2871 176 31 subscriptions
825 2870 60 31 they
903 2869 118 25 received.
1075 2878 25 16 re
1126 2870 42 24 Mr

627 2914 145 25 Meredith's
891 2913 156 31 subscribing
1077 2914 25 23 to
1124 2913 44 24 the

628 2958 77 24 Races
707 2972 31 3 —
739 2957 20 24 it
771 2965 49 17 was
832 2956 54 24 well
900 2956 88 25 known
1001 2957 29 30 by
1045 2956 42 24 the
1100 2956 66 24 Race

628 3000 146 26 Committee
785 3000 62 25 from
868 3000 115 31 previous
995 3007 70 18 years
1084 3007 83 24 exper-

628 3043 69 24 ience
719 3043 55 24 that
797 3043 40 23 Mr
860 3042 123 25 Meredith
1009 3042 82 24 would
1119 3043 48 23 not

628 3086 139 25 contribute
790 3087 26 23 to
840 3087 65 23 Race
927 3085 84 29 funds,
1032 3086 49 23 and
1102 3093 27 16 as
1153 3093 15 16 a

628 3129 115 32 preacher
755 3128 25 25 of
790 3128 43 25 the
845 3128 84 32 gospel
940 3128 20 24 ifc
978 3128 82 25 wrald
1074 3128 30 25 be
1116 3128 49 25 bad

628 3172 64 25 form
704 3172 37 24 for
752 3172 52 23 him
825 3172 25 24 to
862 3171 31 25 do
905 3179 33 22 so,
958 3172 48 23 and
1025 3170 96 25 further
1132 3179 37 17 we

628 3224 58 23 may
714 3215 48 25 cite
790 3215 43 24 the
861 3215 51 24 fact
940 3215 57 25 that
1026 3214 42 25 the
1104 3215 64 24 Race

629 3258 144 25 Committee
791 3265 62 17 were
865 3259 24 22 to
902 3265 15 16 a
936 3265 64 16 man.
1009 3257 40 24 his
1058 3257 111 31 political

629 3304 144 29 opponents,
792 3301 50 24 and
854 3301 43 24 the
908 3301 93 28 writer,
1004 3301 27 24 of
1042 3301 40 24 the
1094 3301 74 24 letter

628 3345 28 25 of
670 3345 35 24 all
722 3344 92 30 others,
839 3352 47 17 one
910 3344 54 24 who
987 3344 48 24 had
1059 3344 49 24 lost
1131 3352 33 16 no

629 3388 160 31 opportunity
800 3389 27 22 to
839 3387 71 32 vilify
921 3387 41 23 Mr
971 3386 123 25 Meredith
1107 3386 61 26 both

630 3431 108 31 pubHcly
749 3431 49 24 and
809 3431 121 31 privately
942 3438 32 17 on
984 3431 41 30 all,
1039 3430 49 25 and
1098 3438 71 24 every

629 3475 121 27 occasion,
769 3473 177 31 consequently
959 3473 19 25 it
989 3474 22 24 is
1023 3481 33 17 no
1073 3473 97 25 wonder

630 3518 31 23 he
689 3517 49 31 (Mr
761 3516 135 32 Meredith)
920 3516 96 23 treated
1039 3516 41 23 his
1103 3523 65 16 com-

629 3560 153 24 munication
793 3558 62 24 with
867 3559 74 23 silent
953 3560 136 28 contempt.
1120 3558 48 24 We

630 3602 113 26 consider
753 3602 21 24 it
797 3609 50 17 was
860 3602 110 24 extreme
990 3600 49 25 bad
1049 3602 65 23 taste
1134 3608 33 16 on

630 3645 42 25 the
684 3646 56 30 part
752 3645 24 24 of
797 3644 42 24 the
861 3643 149 25 Committee
1023 3645 26 22 to
1069 3643 45 24 ask
1132 3643 39 23 Mr

630 3687 122 25 Meredith
778 3687 38 23 for
845 3695 15 16 a
883 3686 167 30 subscription
1074 3687 26 22 to
1124 3685 46 24 the

632 3730 66 25 Race
720 3730 73 23 funds
814 3729 80 24 under
917 3729 43 24 the
983 3729 188 24 circumstances

630 3773 82 25 --Ed.

681 3909 70 24 THE
782 3907 125 26 TICKET
936 3904 189 27 NUISANCE.

632 3996 102 25 Madam

664 4039 32 25 In
709 4036 147 27 connection
867 4035 58 24 with
937 4034 42 24 the
991 4034 77 24 above
1078 4031 95 32 subject

631 4082 14 24 I
657 4090 41 17 am
722 4079 126 32 dslighted
865 4079 26 23 to
911 4077 64 25 have
987 4074 109 26 afforded
1116 4074 53 24 Sal-

633 4125 75 31 opian
727 4130 68 18 some
818 4123 165 24 amusement,
1002 4118 46 24 but
1067 4117 14 23 I
1103 4117 70 23 must

633 4176 44 23 say
688 4166 33 25 he
729 4166 47 24 has
789 4173 15 16 a
815 4171 76 25 queer
901 4162 100 24 fashion
1020 4160 27 24 of
1061 4159 113 29 showing

632 4210 28 25 it.
696 4209 13 24 I
721 4208 66 31 quite
811 4215 71 23 agree
894 4204 61 26 with
975 4204 53 23 him
1043 4202 57 24 that
1120 4201 53 24 One

634 4252 84 25 Tailor
740 4249 83 27 would
846 4250 61 22 have
936 4246 87 25 shown
1046 4244 39 23 his
1110 4242 64 32 good

634 4303 72 18 sense
716 4293 22 26 if
747 4294 33 24 he
790 4292 51 26 had
853 4293 42 23 not
906 4288 94 33 replied
1020 4289 26 23 to
1057 4286 113 30 Disgust-

634 4340 38 28 ed,
697 4336 134 27 inasmuch
854 4344 27 15 as
904 4334 32 24 he
953 4332 51 25 had
1021 4329 108 31 nothing
1148 4328 25 24 to

635 4391 51 24 say,
703 4381 102 31 leaving
825 4381 45 24 out
893 4378 43 25 the
959 4373 107 28 twaddle
1088 4371 27 25 of
1136 4371 37 25 his

635 4426 104 26 effusion
751 4423 51 25 and
813 4422 99 30 coming
922 4422 27 23 to
960 4420 72 24 facts.
1052 4415 124 31 Salopian

635 4472 79 23 states
736 4469 56 24 that
820 4474 32 17 no
872 4472 48 18 one
938 4462 52 26 will
1009 4459 102 32 support
1131 4465 44 24 my

636 4512 135 27 statement
783 4511 55 25 that
849 4509 47 28 the.
901 4503 159 29 abominable
1069 4500 107 33 practice

1197 204 27 24 of
1233 203 101 33 making
1345 203 76 25 ticket
1438 203 113 25 hawkers
1563 203 27 25 of
1608 202 43 26 the
1672 201 60 25 chil-

1196 247 58 25 dren
1266 248 22 24 is
1300 256 15 16 a
1335 247 126 30 nuisance,
1480 247 14 24 I
1507 248 64 24 state
1594 254 29 17 as
1645 254 16 17 a
1682 245 51 25 fact

1196 291 55 25 that
1262 291 59 32 only
1341 290 49 26 this
1411 290 66 26 week
1489 299 16 16 a
1515 290 141 31 gentleman
1677 289 56 26 who

1196 334 57 25 does
1264 336 45 23 not
1334 333 80 25 reside
1432 333 89 25 within
1546 336 49 22 two
1619 332 72 25 miles
1709 332 26 25 of

1197 377 91 25 Oxford
1310 376 54 25 told
1383 384 38 17 me
1441 376 55 24 that
1519 376 43 24 the
1580 376 120 23 nuisance
1711 375 22 25 is

1195 421 73 30 again
1279 421 124 30 rampant,
1421 419 51 25 and
1492 419 55 24 that
1559 419 42 24 the
1622 418 110 24 children

1194 463 51 24 had
1261 464 58 23 been
1331 465 26 22 to
1369 462 51 24 him
1439 463 26 23 to
1484 461 125 24 subscribe
1621 463 27 22 to
1664 468 68 17 some

1194 506 64 23 treat
1276 513 27 16 or
1315 505 80 27 other,
1414 504 14 25 I
1448 504 92 24 believe
1556 503 59 30 they
1635 502 42 24 did
1688 503 45 24 not

1194 557 60 16 even
1274 548 61 24 offer
1354 548 52 23 him
1424 555 15 16 a
1451 546 84 28 ticket,
1553 546 72 24 allow
1642 553 41 16 me
1706 547 26 23 to

1194 591 45 25 ask
1251 591 116 32 Salopian
1390 590 81 25 where
1483 589 43 25 the
1548 588 71 26 value
1638 588 37 24 for
1691 588 41 24 his

1193 633 164 32 subscription
1369 640 83 17 comes
1464 632 35 29 m,
1518 633 22 23 is
1552 631 21 25 it
1584 632 45 24 not
1641 638 14 17 a
1667 630 66 25 clear

1193 684 55 17 case
1260 677 26 24 of
1297 676 107 31 cadging
1412 677 11 22 ?

1326 735 14 25 I
1356 742 41 16 am
1415 734 102 24 Madam

1393 794 82 25 Yours
1495 794 39 24 &c.

1491 852 208 27 DISGUSTED.

1376 1071 170 25 LECTURE.

1225 1179 40 23 Mr
1274 1179 29 23 T.
1317 1178 80 24 Crook
1406 1186 61 23 gave
1477 1178 41 23 his
1531 1176 89 25 second
1627 1176 103 24 Lecbure

1192 1222 26 24 at
1231 1221 41 25 the
1296 1221 74 23 Town
1383 1220 61 24 Hall
1467 1227 32 17 on
1513 1220 103 30 Sunday
1638 1219 49 24 last
1699 1227 32 16 on

1191 1264 56 25 how
1276 1263 41 25 the
1340 1263 132 24 mummies
1495 1270 62 17 were
1580 1262 148 30 discovered,

1192 1307 185 30 unfortunately
1397 1306 44 25 the
1453 1306 60 24 time
1522 1308 39 22 •at
1571 1305 40 24 his
1625 1305 106 31 disposal

1193 1358 47 16 was
1251 1350 75 24 much
1345 1351 41 22 too
1409 1349 68 25 short
1500 1350 26 23 to
1538 1348 31 25 do
1589 1348 92 32 justice
1702 1350 26 23 to

1192 1394 50 24 this
1253 1402 57 22 very
1326 1392 149 31 interesting
1488 1391 102 32 subject.
1627 1391 45 25 We
1692 1399 37 18 re-

1190 1437 68 31 print
1281 1438 41 23 the
1334 1435 125 31 following
1481 1435 64 24 from
1569 1442 14 16 a
1595 1442 75 23 paper
1690 1435 42 23 Mr

1193 1478 79 25 Crook
1291 1477 118 25 intended
1429 1479 25 22 to
1466 1476 67 29 read,
1553 1476 48 24 ard
1625 1476 64 31 hope
1711 1477 21 23 it

1191 1522 51 26 will
1254 1521 30 26 be
1296 1521 28 26 of
1332 1521 101 31 general
1445 1521 102 24 interest
1559 1521 26 23 to
1606 1527 45 17 our
1662 1519 68 25 read-

1192 1573 73 17 ers—

1287 1609 41 23 the
1341 1607 101 25 Central
1455 1606 61 24 Hall
1526 1607 24 23 of!
1563 1606 43 24 the
1615 1606 116 24 Museum

1192 1652 24 23 of
1238 1651 126 32 Egyptian
1392 1649 151 32 Antiquities
1576 1650 26 23 at
1628 1649 102 28 Boolak,

1192 1695 93 31 ranged
1296 1694 51 25 side
1359 1693 32 31 by
1403 1693 60 29 side,
1477 1692 117 25 shoulder
1607 1693 26 24 to
1644 1691 85 26 shoul-

1193 1739 50 28 der,
1267 1738 46 24 lies
1326 1745 14 17 a
1352 1737 95 25 solemn
1468 1744 121 24 company
1609 1736 27 25 of
1651 1736 79 32 Kings,

1192 1788 101 25 queens,
1315 1781 103 30 princes,
1437 1780 51 24 and
1510 1780 90 30 priests
1620 1780 26 23 of
1665 1780 68 31 royal

1194 1824 78 30 blood,
1292 1823 56 26 who
1369 1823 56 25 died
1442 1823 49 25 and
1504 1830 63 18 were
1589 1822 74 25 made
1684 1823 49 24 im-

1193 1867 140 33 perishable
1344 1867 63 24 flesh
1418 1867 33 31 by
1471 1866 43 25 the
1526 1866 156 25 embalmer's
1694 1873 39 17 art

1194 1912 106 25 between
1313 1912 70 24 three
1395 1910 50 25 and
1453 1909 55 25 four
1520 1908 128 27 thousand
1658 1916 72 24 years

1194 1964 53 24 ago.
1284 1956 51 24 The
1347 1957 67 28 story
1427 1954 26 26 of
1470 1954 66 25 their
1547 1954 85 24 recent
1651 1961 81 17 resur-

1193 2000 94 24 rection
1300 2000 43 23 has
1355 1999 62 24 been
1430 1998 51 25 told
1483 2012 31 3 —
1514 1999 45 23 not
1572 1997 91 31 always
1675 1996 58 25 with

1194 2045 158 24 exactness—
1354 2042 31 32 by
1404 2043 44 25 the
1467 2041 95 32 foreign
1574 2041 157 31 correspond-

1193 2089 56 24 ents
1270 2087 26 25 of
1305 2087 91 25 almost
1419 2094 71 23 every
1502 2092 143 25 newspaper
1667 2084 62 32 pub-

1193 2132 80 24 lished
1293 2140 33 16 on
1338 2129 81 26 either
1440 2129 52 25 side
1504 2129 27 24 of
1550 2130 42 24 the
1613 2128 118 24 Atlantic.

1193 2173 83 24 Based
1287 2180 67 23 upon
1375 2171 159 25 information
1557 2170 99 25 derived
1667 2170 65 24 from

1194 2215 128 26 authentic
1336 2216 115 32 [sources,
1472 2214 21 25 it
1514 2213 48 26 will
1586 2215 58 22 bear
1656 2214 24 23 to
1703 2212 30 25 be

1195 2261 49 23 told
1258 2260 82 31 again.

1228 2303 80 25 These
1331 2303 69 30 royal
1420 2309 148 24 personages
1589 2308 42 17 are
1642 2300 27 24 of
1688 2299 44 25 dif-

1194 2346 78 25 ferent
1292 2345 125 33 dynasties
1437 2345 49 25 and
1512 2344 87 32 widely
1622 2345 112 30 separate

1185 2386 2 25 I
1195 2390 106 32 periods.
1336 2389 120 25 Between
1468 2388 43 24 the
1519 2388 98 25 earliest
1628 2386 51 25 and
1691 2386 42 25 the

1195 2436 74 23 latest
1272 2449 29 3 —
1303 2434 56 24 that
1383 2434 21 24 is
1466 2440 51 23 say,
1539 2432 106 24 between
1656 2430 77 25 Rase-

1195 2478 100 24 kennen
1308 2477 48 24 and
1366 2476 140 27 Masahirti,
1520 2476 42 23 the
1580 2482 45 17 one
1635 2483 14 15 a
1664 2481 69 17 mon-

1195 2521 59 24 arch
1272 2520 115 32 reigning
1410 2519 27 24 m
1461 2526 77 23 upper
1566 2518 85 31 Egypt
1675 2524 58 18 con-

1195 2564 214 31 temporaneously
1434 2562 61 25 with
1515 2561 43 25 the
1575 2562 49 23 last
1646 2560 88 32 Hykos

1196 2608 66 24 ruler
1274 2607 26 25 of
1309 2607 86 24 Lower
1408 2606 92 31 Egypt,
1519 2604 43 25 the
1574 2604 71 25 other
1665 2611 15 17 a
1689 2611 43 18 son

1195 2651 26 26 of
1242 2651 112 25 Pinotern
1383 2650 70 24 ll.—
1454 2648 70 24 there
1552 2648 138 24 intervenes
1719 2655 15 15 a

1195 2703 73 23 space
1296 2695 27 24 of
1349 2694 61 24 time
1435 2691 84 26 which
1541 2699 58 23 may
1627 2690 107 31 roughly

1196 2737 130 26 estimated
1355 2738 26 23 ab
1405 2744 74 17 seven
1502 2734 124 25 centuries
1648 2733 49 24 and
1719 2740 16 17 a

1195 2781 61 25 half.
1286 2780 61 24 This
1359 2787 71 23 space
1443 2778 27 25 of
1480 2778 60 24 time
1554 2777 86 33 (about
1649 2777 84 31 equiv-

1196 2825 67 24 alent
1270 2827 26 22 to
1308 2824 56 24 that
1373 2823 78 24 which
1463 2822 94 24 divides
1569 2821 43 24 the
1621 2820 112 25 Norman

1197 2867 123 31 Conquest
1331 2866 64 24 from
1409 2865 40 25 the
1461 2865 127 24 accession
1601 2863 26 25 of
1638 2863 95 31 George

1195 2911 42 24 III
1247 2911 11 31 )
1270 2918 84 17 covers
1377 2909 41 24 the
1438 2908 48 24 rise
1509 2907 49 24 and
1580 2906 43 25 fall
1646 2906 27 25 of
1694 2907 40 23 the

1196 2953 133 28 XVIIItb,
1358 2951 102 29 XlXth,
1495 2950 92 30 XXth,
1606 2950 59 24 and'
1671 2949 64 24 XXl

1195 3001 24 21 st
1230 2995 150 33 dynasties.*
1415 2994 97 31 During
1529 2994 68 24 these
1606 2993 56 24 four
1674 2993 59 32 dyn-

1196 3039 76 26 asties
1295 3038 116 26 occurred
1435 3038 42 23 tha
1495 3037 130 30 expulsion
1648 3036 26 24 of
1691 3036 42 24 the

1196 3083 102 31 Hyksos
1306 3081 123 28 invaders,
1442 3080 43 25 the
1498 3079 93 25 Asiatic
1600 3080 133 29 conquests

1196 3126 27 24 of
1233 3126 138 25 Thothmes
1383 3124 49 24 111.
1444 3123 26 25 of
1482 3123 53 24 Seti
1547 3123 21 24 I.
1580 3122 26 24 of
1616 3121 119 24 Barneses

1196 3170 45 29 11.,
1261 3169 42 24 the
1323 3168 143 31 oppression
1479 3166 50 24 and
1552 3165 92 24 exodus
1656 3164 28 25 of
1695 3164 41 24 the

1200 3212 127 28 Hobrews,
1347 3210 51 24 and
1420 3210 40 24 f.he
1484 3208 79 25 defeat
1581 3208 28 25 of
1630 3207 43 25 the
1697 3206 32 25 al-

1196 3256 47 23 lied
1258 3255 200 24 Mediterranean
1469 3252 71 24 fleets
1562 3252 31 29 by
1615 3250 120 24 Eameses

1197 3299 49 24 111.
1293 3299 36 23 To
1341 3297 43 24 the
1401 3304 73 18 same,
1486 3293 82 33 period
1590 3293 89 30 be'.ong
1691 3293 44 23 the

1197 3347 67 28 great
1278 3341 106 31 temples
1408 3339 27 25 of
1456 3337 105 29 Thebes,
1587 3337 42 24 the
1653 3336 82 31 sepul-

1197 3387 69 24 chres
1286 3385 26 23 m
1325 3384 44 24 the
1392 3383 94 31 valleys
1498 3381 25 24 of
1545 3381 43 24 the
1600 3379 91 25 Tombs
1711 3379 27 24 of

1207 3430 30 23 he
1249 3429 88 30 Kings,
1351 3426 43 24 the
1406 3424 108 26 obelisks
1526 3424 26 24 of
1561 3423 107 27 Hatasu,
1692 3421 44 24 the

1197 3471 112 26 rock-cut
1321 3469 102 31 temples
1435 3467 26 26 of
1479 3464 189 30 Aboo-Simbel,
1687 3464 49 26 and

1197 3513 44 26 the
1253 3513 85 25 collosi
1361 3512 26 23 of
1398 3512 42 23 the
1460 3510 76 31 plain.
1572 3510 32 22 In
1624 3516 15 16 a
1662 3507 73 29 word,

1199 3557 33 24 all
1244 3558 43 22 the
1310 3554 109 32 military
1442 3553 70 31 glory
1535 3552 50 24 and
1595 3551 87 30 nearly
1702 3550 34 24 all

1199 3598 174 26 architectural
1419 3595 133 32 splendour
1581 3594 25 24 of
1634 3593 102 24 ancient

1198 3643 84 31 Egypt
1294 3650 41 16 arc
1348 3640 136 31 comprised
1507 3638 85 24 within
1605 3637 43 23 the
1660 3636 76 24 limits

1200 3686 58 23 thus
1281 3683 133 25 indicated.
1449 3681 91 29 When,
1559 3680 132 27 therefore,
1717 3679 20 23 it

1200 3728 79 30 began
1300 3728 25 22 to
1337 3725 30 24 be
1386 3723 143 28 rumoured,
1548 3730 67 17 some
1639 3722 46 24 five
1708 3729 27 16 or

1201 3770 37 24 uix
1260 3768 100 25 months
1383 3775 54 24 ago,
1456 3767 56 24 that
1535 3766 43 24 the
1600 3764 137 25 mummied

1201 3813 106 25 remains
1331 3812 25 24 of
1379 3812 92 23 almost
1491 3810 35 24 all
1555 3809 42 25 the
1609 3808 127 32 mightiest

1201 3857 109 24 warriors
1322 3855 49 24 and
1390 3854 110 24 builders
1512 3852 26 24 of
1559 3852 51 24 this
1623 3859 115 23 supreme

1200 3899 87 31 epoch,
1301 3897 113 32 together
1426 3895 60 26 with
1498 3895 41 25 the
1549 3895 71 25 relics
1627 3894 27 25 of
1664 3894 73 31 kings

1201 3942 48 24 and
1259 3949 93 23 queens
1364 3940 28 24 of
1408 3948 15 15 a
1432 3939 52 24 still
1499 3939 87 24 earlier
1598 3937 50 25 and
1660 3946 15 15 a
1686 3937 52 24 still

1200 3986 62 23 later
1285 3986 65 26 date,
1385 3982 50 25 had
1458 3982 63 23 been
1546 3981 78 24 found
1647 3982 26 22 at
1695 3980 43 24 the

1200 4028 96 24 bottom
1309 4026 27 25 of
1346 4034 15 16 a
1371 4026 38 31 pit
1428 4026 27 23 m
1468 4032 47 17 one
1532 4024 27 25 of
1579 4024 43 24 the
1644 4022 94 25 loftiest

1199 4069 79 26 nooks
1290 4069 27 25 of
1327 4069 42 24 the
1383 4069 104 24 western
1507 4067 62 25 cliffs
1587 4068 26 23 at
1633 4066 103 29 Thebes,

1202 4114 66 23 most
1296 4112 27 24 of
1350 4118 30 17 us
1406 4111 45 24 felt
1474 4109 134 25 somewhat
1628 4108 110 24 doubtful

1200 4154 132 31 regarding
1354 4153 43 24 the
1418 4153 68 24 truth
1510 4152 27 23 of
1557 4151 44 25 the
1622 4150 117 32 whispers

1200 4196 79 31 flyiug
1290 4196 65 24 from
1366 4195 57 24 wire
1435 4196 26 23 to
1473 4194 64 25 wire.
1573 4193 79 29 Time,
1671 4192 66 24 how-

1202 4245 65 22 ever,
1313 4237 107 31 brought
1448 4236 173 25 confirmatinn
1649 4234 27 24 of
1697 4234 42 23 the

1202 4280 131 25 wondrous
1345 4287 76 17 news.
1456 4278 22 24 A
1490 4278 126 31 discovery
1639 4276 27 25 of
1685 4278 36 22 im
1728 4289 12 8 -

1203 4330 86 18 mense
1312 4323 156 30 importance
1491 4321 50 24 had
1566 4319 89 25 indeed
1678 4319 62 25 been

1202 4367 91 28 made;
1311 4366 45 24 but
1368 4364 130 26 inasmuch
1515 4372 28 16 as
1566 4363 44 26 the
1632 4361 108 26 authori-

1203 4410 47 25 ties
1261 4410 49 25 had
1331 4409 61 31 long
1411 4407 130 32 suspected
1553 4407 44 24 the
1616 4406 126 24 existence

1203 4452 27 26 of
1240 4460 68 18 some
1319 4451 62 26 such
1393 4454 115 26 treasure,
1526 4450 20 25 it
1569 4448 74 26 could
1653 4447 89 32 hardly

1206 4496 33 25 be
1249 4494 117 33 regarded
1390 4502 28 18 as
1441 4502 14 17 a
1479 4493 113 32 surprise.
1635 4490 108 26 Neither

1761 212 50 18 was
1823 205 20 25 it
1865 214 31 17 au
1909 206 103 32 original
2035 207 125 33 discovery
2170 216 6 22 ;
2195 208 38 25 for
2255 207 43 26 the

1763 249 85 25 Arabs
1869 250 52 25 had
1939 250 94 32 lighted
2061 259 32 18 on
2115 252 22 25 it
2164 252 38 25 for
2224 260 74 24 many

1760 300 70 24 years
1843 293 88 29 before,
1950 296 49 22 and
2011 295 89 25 turned
2116 296 28 30 it,
2166 295 131 26 unfortun-

1761 336 74 32 ately,
1855 339 26 24 to
1897 337 64 25 their
1977 339 81 31 profit.

1795 381 132 32 Touching
1951 382 43 25 the
2016 391 54 23 way
2096 383 27 24 m
2152 383 79 24 which
2255 384 43 24 the

1761 423 125 33 discovery
1906 433 50 16 was
1984 425 107 31 brought
2114 426 83 28 about,
2221 434 75 23 many

1761 467 178 31 contradictory
1962 470 95 28 reports
2076 468 62 24 have
2167 468 60 24 been
2251 469 45 23 cir-

1761 508 106 29 culated,
1886 517 68 16 some
1967 510 123 31 ascribing
2103 511 42 24 the
2165 510 97 25 honour
2271 512 26 23 to

1761 551 66 24 Herr
1847 552 72 24 Emtl
1945 552 122 32 Brugsch,
2095 553 88 31 keeper
2206 553 27 25 of
2253 554 43 24 the

1761 594 94 25 Boolak
1865 595 124 31 Museum,
2008 597 50 23 and
2070 597 81 24 others
2170 600 26 21 to
2208 597 90 25 Daoud

1762 637 93 26 Pasha,
1889 637 51 26 For
1951 637 43 26 the
2006 639 78 24 better
2101 638 160 27 information
2272 640 27 25 of

1761 680 97 25 readers
1886 680 28 25 of
1941 681 135 31 "Harper's
2283 683 14 24 1

1760 725 74 30 quote
1846 725 43 24 the
1911 725 126 32 following
2054 726 63 25 from
2126 750 3 3 .
2137 735 13 15 a
2162 727 72 25 letter
2254 727 41 25 ad-

1761 767 97 25 dressed
1871 769 26 24 to
1909 769 91 31 myself
2009 769 31 31 by
2051 769 126 26 Professor
2185 771 112 31 Maspero

1760 810 103 32 bearing
1886 811 57 25 date
1965 812 64 25 from
2052 812 79 30 Paris,
2149 813 99 31 August
2272 815 23 28 4,

1761 855 63 24 1881
1835 862 6 17 :

1870 905 59 19 have
1948 906 98 25 perhaps
2065 907 54 19 read
2135 906 24 20 m
2168 907 40 20 the
2227 913 70 14 news-

1759 944 83 20 papers
1851 938 25 21 of
1886 938 40 21 the
1936 938 117 22 fortunate
2070 941 84 19 results
2165 940 24 20 of
2201 946 38 20 my
2247 941 51 20 first

1759 970 127 26 campaign.
1912 971 49 20 The
1971 972 62 25 story
2042 972 20 20 is
2071 972 95 21 curious.
2203 972 94 27 Having

1759 1002 70 20 noted
1837 1002 50 21 how
1900 1002 116 26 Egyptian
2034 1004 134 26 antiquities
2186 1004 25 21 of
2229 1011 69 19 every

1760 1034 137 26 description
1916 1041 58 15 were
1992 1035 130 27 constantly
2135 1036 88 27 finding
2239 1037 71 26 thoir^

1759 1074 50 20 way
1819 1068 25 21 to
1852 1068 96 26 Europe.
1961 1068 12 21 I
1980 1075 62 14 came
2051 1070 40 20 ten
2100 1076 66 20 years
2175 1077 43 20 ago
2224 1071 24 20 to
2258 1071 40 21 the

1760 1100 129 22 conclusion
1898 1101 54 21 that
1969 1101 40 21 the
2019 1101 73 21 Arabs
2106 1103 46 20 had
2168 1103 130 21 discovered

1760 1138 14 14 a
1796 1133 64 26 royal
1885 1133 70 20 tomb.
2011 1133 167 26 I'urthermore,
2206 1135 92 21 Colonel

1761 1166 117 26 Campbell
1886 1166 47 21 had
1942 1166 69 26 given
2020 1173 35 15 me
2065 1173 61 15 some
2144 1168 154 27 photographs

1761 1199 24 20 of
1794 1199 40 21 the
1843 1199 52 21 first
1900 1206 71 20 pages
1981 1200 23 21 of
2013 1207 14 14 a
2037 1200 82 26 superb
2129 1201 78 20 Ritual
2213 1202 85 26 bouglt

1759 1232 32 26 by
1800 1232 93 22 himself
1905 1233 26 21 at
1940 1233 95 25 Thebes,
2046 1233 71 21 which
2127 1234 80 21 Ritual
2215 1235 83 26 proved

1760 1266 25 20 to
1804 1265 59 21 have
1886 1266 58 20 been
1962 1266 93 21 written
2072 1266 37 21 for
2131 1267 129 21 Pinomtem
2278 1268 19 20 I.

1761 1297 91 27 Briefly,
1876 1298 62 24 then,
1959 1304 30 15 on
2010 1298 102 27 arriving
2132 1300 25 19 at
2175 1300 82 24 Luxor,
2286 1301 12 19 I

1761 1330 83 20 caused
1853 1330 26 20 to
1888 1330 28 20 be
1936 1330 100 21 arrested
2052 1337 42 14 one
2111 1331 89 21 Ahmed
2213 1332 86 21 Abd-er

1761 1361 91 26 Rasoul,
1869 1368 29 14 an
1916 1362 60 21 Arab
1987 1362 82 25 dealer,
2083 1364 24 19 to
2117 1363 72 21 whom
2208 1370 14 14 a
2239 1370 59 15 mass

1760 1395 23 21 of
1805 1397 134 20 concurrent
1956 1397 123 26 testimony
2097 1398 95 27 pointed
2210 1404 24 15 as
2257 1399 41 21 the

1760 1435 114 20 possessor
1884 1430 22 21 of
1924 1431 41 20 the
1975 1432 78 20 secret.
2082 1432 45 21 For
2143 1433 45 20 two
2207 1433 90 20 months
2304 1444 4 3 •

1760 1462 48 19 this
1817 1468 53 14 man
1879 1463 38 24 lay
1926 1463 24 18 m
1959 1463 78 25 prison
2047 1464 25 18 at
2082 1463 87 24 Keneh,
2176 1464 122 20 obstinate-

1760 1495 25 26 ly
1794 1495 79 25 silent;
1884 1496 46 19 and
1939 1496 13 19 I
1961 1496 47 20 had
2016 1496 49 26 just
2074 1496 45 21 left
2128 1497 71 25 when,
2209 1503 89 21 promp-

1759 1527 42 21 ted
1818 1527 31 27 by
1867 1527 102 28 jealousy
1987 1528 45 21 and
2053 1529 95 26 avarice,
2163 1536 42 15 one
2220 1530 24 21 of
2262 1531 36 21 his

1759 1560 106 21 brothers
1874 1560 94 21 decided
1986 1562 25 20 to
2023 1562 44 20 tell
2076 1562 37 21 all.
2151 1563 29 20 In
2189 1562 47 21 this
2245 1563 53 21 wise

1759 1599 34 14 we
1802 1599 57 14 were
1869 1593 96 20 enabled
1974 1594 25 20 to
2004 1595 43 24 put
2056 1599 41 15 our
2106 1595 80 23 hands,
2193 1595 105 26 notupon

1761 1632 14 14 a
1792 1626 64 26 royal
1875 1626 70 24 tomb,
1971 1627 44 20 but
2033 1633 61 20 upon
2109 1634 14 13 a
2141 1628 158 26 hiding-place

1760 1658 98 21 wherein
1868 1664 58 15 were
1935 1658 60 26 piled
2016 1665 61 14 some
2092 1659 123 27 thirty-six
2223 1667 77 14 mum-

1760 1691 56 22 mies
1826 1692 23 22 of
1858 1692 75 27 kings,
1949 1699 90 20 queens,
2052 1693 96 26 princes,
2167 1694 47 21 and
2232 1694 68 28 high-

1789 1774 36 25 By
1834 1774 40 21 the
1884 1774 87 21 XXlst.
1982 1775 106 26 Dynasty
2095 1774 19 21 it
2124 1775 19 20 is
2153 1775 25 20 to
2187 1774 28 21 be

1761 1806 65 21 stood
1840 1808 53 20 that
1910 1807 40 21 the
1961 1807 46 21 line
2021 1807 25 21 of
2063 1807 147 27 priest-kings
2229 1807 21 22 is
2263 1808 39 21 in-

1761 1839 90 21 tended.

1913 1882 36 25 To
1966 1882 30 25 be
2011 1882 138 25 continued.

1865 2009 276 26 CONSERVATION
2158 2010 45 25 OF

1830 2086 73 25 TEE
1932 2086 140 26 OXFORD
2095 2087 137 27 FORSET

1795 2171 23 24 A
1836 2171 85 31 public
1939 2173 110 30 meeting
2067 2173 26 24 of
2109 2180 103 24 persons
2223 2173 76 25 inter-

1762 2214 69 25 ested
1850 2215 26 24 m
1891 2215 42 24 the
1950 2215 78 25 above
2039 2216 113 30 question
2173 2223 50 17 was
2241 2215 59 26 held

1761 2258 28 24 m
1809 2258 43 25 the
1865 2258 150 26 Oddfellows
2039 2258 61 26 Eall
2117 2268 30 16 on
2171 2260 129 31 Thursday

1762 2302 87 25 March
1874 2302 69 24 25th.
1963 2304 26 23 at
2018 2302 82 25 which
2123 2303 69 25 there
2213 2310 49 18 was
2286 2311 14 17 a

1763 2345 71 33 fairly
1862 2354 129 17 numerous
2020 2346 155 25 attendance.
2248 2348 52 24 The

1762 2390 120 25 M.H.E's
1895 2390 26 25 of
1932 2389 94 33 Ashley
2046 2389 48 25 and
2114 2390 104 32 Kaiapoi
2236 2399 63 17 were

1762 2435 108 30 present,
1889 2441 28 17 as
1929 2433 54 25 well
1996 2441 28 17 as
2036 2434 44 24 the
2093 2434 138 24 Chairman
2251 2434 49 24 and

1762 2479 50 23 two
1835 2477 122 25 membeis
1980 2477 26 25 of
2043 2477 43 24 the
2107 2477 78 25 W-A.
2216 2477 84 25 Water

1764 2520 93 32 Supply
1875 2520 90 25 Board.

1796 2564 41 24 Mr
1848 2563 69 25 John
1929 2563 72 25 Weld
2013 2563 122 32 presided.
2171 2564 52 23 The
2242 2571 57 18 con-

1762 2603 96 26 clusion
1877 2604 95 24 arrived
1994 2604 26 24 at
2039 2603 33 32 by
2095 2604 42 24 the
2157 2603 143 25 conference

1762 2646 28 26 of
1808 2646 152 26 Sawmillers
1989 2646 49 25 and
2062 2647 41 24 the
2127 2646 93 26 W.S.B
2249 2655 50 17 was

1763 2690 134 25 submitted
1909 2692 26 22 to
1955 2691 41 24 the
2008 2690 111 32 meeting
2140 2690 50 24 and
2208 2691 92 24 evoked

1763 2733 166 25 considerable
1950 2733 144 30 discussion,
2114 2740 26 24 a^
2149 2733 151 31 proposition

1762 2776 75 32 being
1848 2775 88 32 finally
1956 2775 94 25 carried
2063 2777 25 23 to
2100 2775 43 25 the
2161 2775 71 25 effect
2245 2776 55 24 that

1763 2820 41 24 the
1822 2819 122 25 members
1967 2819 30 24 be
2020 2820 129 30 requested
2158 2820 37 23 -to
2213 2820 87 24 obtain

1762 2863 65 25 from
1856 2863 43 24 the
1929 2862 171 25 Government
2120 2871 15 15 a
2159 2870 93 16 reserve
2276 2862 27 24 of

1763 2907 71 25 Bush
1845 2907 50 24 and
1903 2907 70 24 other
1982 2907 79 28 lands,
2071 2914 27 17 so
2110 2914 28 17 as
2150 2907 26 24 to
2183 2914 118 17 conserve

1764 2951 42 24 the
1823 2951 70 24 Bush
1907 2950 49 24 and
1967 2951 103 30 prevent
2087 2949 42 24 the
2143 2950 158 30 evaporation

1764 2993 26 24 of
1799 2995 77 22 water
1888 2993 62 24 from
1963 2992 41 25 the
2018 2992 117 31 Cooper's
2147 2992 77 25 Creek
2236 3001 64 20 race,

1765 3036 60 24 such
1835 3036 60 24 land
1907 3037 26 23 to
1944 3035 31 25 be
1995 3036 86 24 vested
2092 3036 82 24 inthe
2196 3036 105 25 W.S.B.

1763 3080 20 24 it
1795 3087 50 17 was
1865 3086 58 24 very
1940 3078 136 25 nooiceable
2098 3079 54 24 that
2173 3079 59 23 with
2255 3086 47 17 one

1764 3122 126 31 exception
1919 3121 71 24 those
2019 3122 67 23 most
2109 3129 72 23 eager
2203 3121 38 24 for
2261 3121 41 24 the

1764 3165 152 24 destruction
1928 3164 27 24 of
1965 3165 41 24 the
2025 3164 73 24 Bush
2110 3172 41 17 are
2171 3166 44 23 not
2237 3166 64 23 rate-

1764 3217 87 22 payers
1863 3208 26 24 m
1902 3207 43 25 the
1958 3210 73 22 water
2044 3215 56 16 race
2112 3207 112 25 District.

1798 3251 54 24 The
1870 3250 73 24 usual
1973 3252 56 22 vote
2049 3250 27 24 of
2093 3251 92 24 thanks
2213 3254 24 20 to
2262 3251 41 23 the

1766 3293 144 29 Chairman,
1924 3293 94 24 Messrs
2028 3293 121 24 Meredith
2159 3293 51 24 and
2218 3292 85 26 Moore

1765 3337 123 24 M.H-R'3
1900 3337 49 24 and
1957 3337 44 24 the
2015 3336 133 24 Chairman
2162 3336 49 24 and
2223 3344 80 17 mem-

1764 3382 56 24 bers
1838 3381 27 25 of
1890 3381 44 24 the
1961 3380 104 25 W-S.B.
2090 3380 151 25 terminated
2262 3382 42 24 the

1764 3425 171 31 proceedings.

1944 3550 171 24 ACCIDENT.

1834 3678 14 15 e
1871 3672 80 28 regret
1972 3672 25 21 to
2020 3669 86 24 record
2130 3678 33 15 an
2190 3670 115 24 accident

1766 3711 82 24 which
1864 3711 135 31 happened-
2014 3713 25 22 to
2061 3712 41 23 the
2126 3712 66 23 child
2217 3712 27 23 of
2266 3713 41 22 Mr

1766 3754 68 24 John
1858 3754 120 26 KnoLwles
1996 3754 29 25 of,
2043 3754 45 24 the
2106 3754 111 28 Terrace,
2237 3755 69 24 West

1768 3797 102 25 Oxford.

1799 3840 77 32 Percy
1888 3840 118 25 Knowles
2027 3840 62 31 aged
2111 3843 13 22 6
2138 3848 51 17 was
2207 3840 100 36 flaying

1766 3884 75 24 about
1852 3884 27 23 m
1891 3883 91 31 charge
1994 3883 29 25 of
2032 3883 40 25 his
2084 3884 73 25 sister
2167 3883 84 26 whilst
2264 3883 43 25 the

1766 3927 94 24 Father
1872 3933 52 18 was
1944 3927 112 31 engaged
2076 3928 26 23 at
2114 3934 15 17 a
2151 3927 72 24 short
2243 3927 62 24 dist-

1766 3977 72 17 ance.
1891 3968 126 31 Suddenly
2043 3968 43 25 the
2115 3968 121 32 daughter
2264 3977 41 23 ap-

1765 4010 140 33 pproached
1928 4012 41 23 the
1990 4010 103 30 Father,
2126 4010 115 32 carrying
2263 4011 44 24 the

1766 4054 71 27 child,
1874 4054 46 24 and
1946 4054 22 24 it
1996 4054 132 24 immediate
2135 4055 52 30 ly.
2202 4054 105 24 occured

1766 4097 26 23 to
1821 4097 42 23 the
1891 4096 82 24 father
2011 4096 56 24 that
2099 4096 140 31 something
2255 4104 51 17 was

1767 4147 89 23 wroog,
1886 4138 50 24 and
1957 4146 45 17 on-
2015 4138 172 25 examination
2214 4139 21 23 it
2256 4146 51 18 was

1766 4178 78 24 found
1872 4177 67 24 after
1980 4177 144 31 consulting
2152 4177 61 24 with
2260 4178 45 23 Dr.

1768 4221 137 25 Volckinan
1926 4221 57 25 that
2001 4221 43 25 the
2067 4221 92 24 child's
2179 4228 55 17 arm
2257 4228 50 17 was

1768 4265 91 25 broken
1872 4266 26 23 m
1910 4267 49 23 two
1979 4266 90 31 places.
2113 4264 65 25 How
2201 4264 43 25 the
2267 4273 38 16 ac-

1768 4310 84 25 cident
1863 4309 117 25 occurred
1998 4309 22 25 is
2032 4311 45 23 not
2089 4309 67 32 quite
2167 4308 77 31 plain,
2263 4306 46 28 but

1769 4353 43 25 the
1823 4352 139 32 possibility
1978 4351 23 25 is
2014 4352 55 24 that
2081 4351 41 24 the
2134 4350 68 25 child
2215 4351 92 32 slipped

1769 4406 33 18 on
1814 4407 15 16 a
1842 4398 82 31 siding
1941 4396 69 26 when
2032 4396 43 25 the
2099 4403 55 18 arm
2179 4394 131 34 presented

1769 4444 52 32 just
1833 4443 60 25 such
1905 4450 16 17 a
1931 4441 110 33 position
2053 4442 26 24 to
2100 4441 43 25 the
2166 4441 97 32 ground
2283 4447 27 17 as

1771 4498 73 18 cause
1861 4490 129 27 fractures,

2372 205 121 33 NEWS
2509 207 53 31 OF
2578 207 89 31 THE
2688 205 133 33 WEEK.

2364 315 22 24 A
2396 316 96 32 picture
2504 317 33 31 by
2556 317 63 24 Miss
2634 316 119 25 Florence
2773 315 92 29 Fuller,

2330 364 15 17 a
2357 355 125 26 Victorian
2504 358 80 28 artist,
2602 357 45 24 has
2664 357 62 24 been
2748 357 70 31 hung
2839 357 26 24 m

2330 394 43 24 the
2387 394 70 25 Paris
2472 395 84 24 Salon.

2364 444 31 24 In
2408 444 43 24 the
2469 445 85 25 House
2573 445 27 24 of
2616 445 142 30 Commons,
2778 446 41 24 Sir
2839 447 24 23 J.

2330 480 76 25 Gorst
2418 481 52 24 said
2489 482 56 24 that
2556 482 116 25 defective
2691 484 68 23 rural
2776 484 87 24 educa-

2330 520 52 24 tion
2394 520 110 25 retarded
2517 521 142 32 England's
2671 531 118 22 progress.
2824 523 41 24 He

2328 558 189 25 recommended
2529 560 55 24 that
2596 559 43 25 the
2651 568 45 23 age
2704 569 34 22 up
2749 563 26 22 to
2784 560 80 26 which

2329 598 108 25 children
2446 599 90 24 should
2548 600 30 24 be
2587 601 134 30 compelled
2732 602 25 24 to
2768 602 94 24 remain

2330 637 26 22 at
2372 636 85 25 school
2467 637 90 24 should
2568 637 29 24 be
2609 638 88 25 raised.

2363 684 53 25 The
2425 692 132 25 cenienary
2561 685 28 25 of
2596 686 40 24 the
2643 685 66 25 birth
2719 686 27 25 of
2752 686 110 26 William

2330 724 42 24 the
2384 725 78 25 Great
2472 726 20 24 is
2504 725 74 33 being
2589 727 137 24 celebrated
2744 727 118 32 through-

2329 764 44 23 out
2390 764 127 31 Germany
2528 765 61 24 with
2601 766 69 30 great
2682 765 163 27 enthusiasm.

2362 812 22 25 A
2396 821 68 17 mare
2476 814 134 31 belonging
2621 816 26 24 to
2658 823 16 17 a
2686 816 176 31 Marlborough

2328 851 164 31 hotelkeeper,
2510 852 28 24 m
2549 853 101 31 passing
2658 851 21 27 ¥
2691 854 63 28 well,
2766 855 97 24 neticed

2329 891 43 23 the
2383 891 127 24 reflection
2533 892 26 23 of
2581 892 91 24 herself
2681 894 24 22 m
2726 894 42 23 the
2779 895 83 28 water,

2330 928 55 27 and,
2404 928 103 30 turning
2521 929 87 28 round,
2626 929 141 32 vigorously
2778 930 86 25 kicked

2329 965 264 39 oujjj&tg^thß^jhadow.
2630 966 50 25 She
2691 967 42 24 fell
2755 967 53 25 into
2822 969 42 23 the

2614 1084 262 36 i^rstegsr-fta^.wa^

2330 1125 140 31 eventually
2490 1120 153 30 i*eso"edr^'
2643 1116 234 47 ?^4^&^^^^^

2363 1174 54 25 The
2429 1174 72 25 Clerk
2513 1175 25 24 of
2551 1174 41 25 the
2605 1174 178 26 Christchurch
2796 1166 80 41 Magp

2330 1212 98 23 istrates
2441 1212 77 23 Court
2540 1213 46 22 has
2598 1213 110 24 received
2725 1214 76 23 about
2812 1214 54 24 four

2330 1249 114 24 hundred
2472 1249 49 24 and
2549 1250 55 31 fifty
2626 1250 41 25 old
2690 1258 45 24 age
2761 1253 103 29 pension

2330 1287 92 26 claims,
2441 1287 50 25 and
2511 1287 57 32 they
2580 1296 41 17 are
2644 1289 51 24 still
2716 1289 99 31 comiDg
2827 1290 35 24 m.

2364 1334 53 25 The
2441 1336 169 24 Government
2629 1337 64 25 have
2716 1338 101 24 decided
2839 1341 26 22 to

2331 1374 91 25 release
2445 1383 14 16 a
2472 1376 106 24 number
2599 1377 26 23 of
2645 1377 43 24 red
2700 1378 56 24 deer
2772 1378 27 23 m
2823 1379 42 24 the

2331 1415 135 31 Tongariro
2479 1416 114 24 National
2604 1416 74 25 Park.

2364 1465 42 22 Mr
2418 1465 54 23 Ben
2491 1465 87 24 Tillett
2591 1467 43 22 left
2657 1467 149 31 Wellington
2828 1468 37 24 for

2331 1502 131 24 Auckland
2472 1503 130 31 yesterday
2611 1503 100 33 (Friday
2723 1505 69 25 26th.
2806 1506 59 28 inst,

2331 1540 40 24 He
2394 1540 50 25 will
2467 1540 117 33 probably
2597 1541 57 25 visit
2679 1543 118 29 Rotorua,
2816 1544 49 25 and

2331 1580 143 25 afterwards
2497 1590 116 16 ensconse
2632 1583 99 24 himself
2753 1583 27 24 m
2799 1592 67 17 some

2331 1620 68 31 quiet
2410 1620 66 24 nook
2487 1621 38 23 for
2548 1621 43 25 the
2603 1621 58 25 sake
2677 1622 27 24 of
2720 1622 40 25 his
2771 1622 94 31 health,

2332 1658 25 23 If
2366 1658 33 24 he
2419 1659 45 23 lias
2484 1658 61 25 then
2566 1660 148 31 sufficiently
2739 1661 128 25 recovered

2332 1696 31 24 he
2392 1696 49 25 will
2462 1696 134 26 undertake
2619 1706 13 15 a
2661 1698 121 33 lecturing
2811 1702 56 24 tour

2333 1733 108 31 through
2452 1734 60 27 New
2525 1735 119 29 Zealand,

2401 1786 56 25 The
2490 1787 136 24 Federated
2662 1788 146 33 Employers
2843 1790 25 24 of

2335 1824 127 30 engineers
2485 1832 41 17 are
2549 1825 116 32 resisting
2693 1827 44 24 the
2764 1827 104 27 demand

2335 1862 69 25 made
2417 1862 31 32 by
2460 1863 42 24 the
2513 1864 91 24 unions
2622 1863 37 25 for
2666 1865 43 24 the
2721 1866 147 27 withdrawal

2334 1899 27 24 of
2370 1900 125 24 workmen
2507 1901 56 25 who
2576 1902 61 25 have
2650 1905 42 24 not
2700 1903 62 26 been
2771 1912 96 25 proper-

2333 1938 25 33 ly
2370 1939 104 30 trained,
2494 1941 39 25 the
2542 1943 78 25 result
2633 1942 74 33 being
2718 1944 43 25 the
2768 1944 100 33 locking

2333 1980 44 24 out
2406 1980 26 24 of
2460 1980 141 26 one-fourth
2625 1981 26 25 of
2676 1983 43 25 the
2742 1983 125 32 engineers

2333 2018 129 31 employed
2482 2026 32 16 on
2549 2020 41 23 the
2618 2020 143 25 north-east
2789 2025 77 25 coast,

2333 2055 110 29 Barrow,
2463 2056 84 32 Clyde,
2566 2058 50 24 and
2627 2058 104 25 Belfast.

2367 2102 37 24 On
2418 2102 109 32 Monday
2551 2103 128 25 afternoon
2698 2113 13 16 a
2734 2105 65 24 little
2822 2105 46 32 girl

2332 2141 92 24 named
2436 2141 72 31 Mary
2521 2142 74 30 Arps,
2620 2142 121 31 daughter
2753 2143 25 24 of
2798 2152 12 14 a
2828 2144 40 24 Mr

2336 2176 68 31 Arps,
2424 2177 155 30 Marshland,
2604 2185 51 17 was
2667 2178 89 25 kicked
2826 2180 43 24 the

2332 2214 117 25 forehead
2468 2215 31 31 by
2511 2223 13 16 a
2548 2216 74 25 horse
2642 2216 49 25 and
2709 2218 54 23 died
2775 2219 26 22 at
2820 2217 50 25 five

2333 2253 110 24 minutes
2455 2256 26 21 to
2493 2254 84 24 eleven
2589 2254 56 25 that
2657 2255 79 31 night.

2366 2298 52 24 The
2431 2299 87 31 sittiag
2537 2299 26 25 of
2570 2300 41 24 the
2634 2299 103 25 Federal
2758 2300 111 24 Conven-

2333 2336 52 26 tion
2397 2345 52 17 was
2460 2338 113 24 resumed
2583 2340 26 22 at
2621 2337 114 25 Adelaide
2747 2347 33 16 on
2793 2338 76 26 Tues-

2331 2377 56 32 day.

2366 2423 51 25 The
2429 2424 94 25 Petone
2545 2425 101 24 murder
2669 2425 54 25 trial
2737 2434 50 17 was
2810 2434 57 17 con-

2332 2463 88 25 cluded
2448 2465 27 23 at
2504 2464 149 31 Wellington
2683 2473 32 16 on
2744 2465 123 32 Tuesday,

2333 2502 70 25 when
2416 2502 97 24 Bosher
2533 2510 49 17 was
2594 2502 77 25 found
2689 2503 81 32 guilty
2781 2504 27 24 of
2824 2504 43 24 the

2333 2542 99 24 murder
2444 2542 25 24 ol
2480 2542 41 24 Mr
2532 2542 48 24 and
2592 2542 52 24 Mrs
2657 2542 84 29 Jones,
2755 2544 48 24 and
2816 2552 50 16 was

2331 2580 131 24 sentenced
2474 2581 26 23 to
2512 2580 82 24 death.

2366 2625 56 25 Two
2447 2625 123 25 thousand
2589 2625 140 26 Christians
2745 2626 26 24 m
2796 2626 71 32 Kyria

2331 2665 49 25 and
2392 2665 125 25 Palestine
2530 2674 41 16 are
2582 2666 131 32 preparing
2725 2671 23 20 to
2759 2666 72 32 fight.

2365 2712 41 24 Mr
2417 2712 90 31 Byrne,
2526 2712 44 25 the
2584 2712 239 32 Attorney-General
2843 2713 26 25 of

2333 2752 165 31 Queensland,
2511 2752 45 25 has
2567 2752 45 25 left
2624 2752 38 25 for
2673 2753 126 31 England.

2365 2798 41 25 Mr
2434 2797 102 28 Duthie,
2566 2797 152 25 ex-member
2740 2797 38 25 for
2801 2797 65 26 Wel-

2332 2837 105 30 lington,
2457 2835 128 24 addressed
2597 2843 20 16 a.
2634 2835 107 30 political
2759 2836 109 31 meeting

2333 2877 25 22 at
2370 2874 155 30 Wellington
2544 2881 33 16 on
2589 2873 114 31 Tuesday
2714 2873 81 31 night.
2829 2874 40 24 He

2333 2912 111 32 strongly
2473 2911 124 25 criticised
2627 2912 42 24 the
2691 2911 176 29 Government,

2333 2951 64 28 who,
2416 2950 32 25 he
2472 2949 60 29 said,
2558 2957 60 17 were
2638 2950 96 24 neither
2756 2949 113 25 Liberals

2335 2999 44 16 nor
2389 2990 132 28 Socialists,
2535 2990 45 24 but
2589 2989 92 31 merely
2691 2990 176 30 opportunists.

2368 3038 80 24 There
2459 3044 50 18 was
2522 3044 57 23 very
2591 3037 64 24 little
2667 3038 101 22 interest
2787 3037 80 24 shown

2335 3077 25 23 m
2384 3076 43 24 the
2450 3076 102 23 election
2576 3075 26 23 of
2618 3082 15 16 a
2661 3074 121 31 licensing
2803 3083 65 15 com-

2335 3115 87 23 mittee
2434 3113 37 24 for
2483 3113 41 24 the
2545 3112 105 31 Kaiapoi
2662 3112 106 29 district,
2791 3112 78 24 which

2336 3152 58 25 took
2405 3152 69 31 place
2486 3159 31 16 on
2530 3150 138 31 Thursday.

2323 3194 2 26 I
2370 3198 52 24 The
2443 3196 84 25 blacks
2540 3203 42 17 are
2595 3203 59 24 very
2666 3195 167 25 troublesome
2845 3196 24 23 m

2337 3237 40 23 the
2401 3235 141 30 Kimberley
2573 3234 104 24 district.
2720 3234 69 30 They
2815 3234 55 23 shot

2336 3274 60 23 dead
2408 3282 15 15 a
2444 3273 84 24 settler
2541 3271 87 25 named
2641 3271 97 31 Jasper,
2757 3271 49 24 and
2818 3279 53 16 sev-

2337 3312 51 24 eral
2408 3311 74 24 times
2494 3310 67 27 fired
2575 3318 32 16 on
2619 3309 43 24 the
2683 3311 70 29 party
2766 3308 106 32 burying

2337 3352 42 25 the
2392 3351 71 30 body.
2493 3350 70 32 They
2575 3350 52 24 also
2639 3349 114 24 attacked
2765 3348 107 32 Jasper's

2337 3392 85 28 house,
2441 3391 46 24 but
2498 3390 44 24 the
2553 3390 77 31 police
2646 3389 143 31 eventually
2800 3389 73 23 drove

2338 3431 64 23 them
2421 3437 76 22 away.

2372 3478 53 24 The
2448 3477 68 25 Hon.
2530 3477 23 25 J.
2578 3475 134 25 McKenzie
2730 3475 22 25 is
2771 3474 104 32 making

2339 3515 46 24 fair
2396 3523 115 23 progress
2524 3513 105 24 towards
2641 3521 122 21 recovery.

2349 3552 2 8 :
2371 3554 68 25 Lord
2469 3553 127 31 Salisbury
2625 3552 21 23 is
2671 3552 118 30 suffering
2811 3551 63 24 from

2338 3594 136 24 influenza.

2372 3641 20 24 T
2396 3648 51 18 wen
2450 3642 83 29 ty-one
2539 3638 111 29 .Maoris
2661 3638 65 24 from
2738 3636 44 25 the
2805 3636 79 25 Wai--

2338 3686 61 23 rapa
2411 3679 51 23 will
2485 3685 70 16 ccme
2575 3681 26 19 to
2625 3675 153 31 Wellington
2792 3679 25 20 to
2836 3683 40 16 ac-

2339 3725 121 25 company
2480 3717 43 23 the
2547 3716 111 30 military,
2673 3714 79 32 squad
2770 3717 25 21 to
2807 3714 69 30 Eng-

2338 3757 68 23 land.

2372 3800 54 25 The
2440 3799 92 26 Senate
2555 3798 27 25 of
2602 3797 95 26 United
2721 3798 83 24 State
2815 3798 5 24 3
2830 3797 46 24 has

2339 3840 106 31 adopted
2457 3839 43 24 the
2708 3838 71 24 made
2785 3837 39 32 -by
2836 3837 42 25 the

2340 3879 105 30 Foreign
2472 3876 127 24 Relations
2623 3876 150 24 Committee
2796 3876 24 23 m
2834 3875 43 25 the

2340 3918 146 25 arbitration
2504 3918 88 29 treaty.

2352 3981 5 8 -•
2554 3970 141 24 Melbource
2704 3970 88 24 March
2803 3971 41 23 24.

2354 4007 50 27 :In
2428 4016 168 24 consequence
2619 4007 27 24 of
2673 4008 41 24 the
2746 4015 133 17 numerous

2340 4050 92 24 serious
2443 4048 133 29 accidents,
2596 4045 42 26 the
2650 4047 80 31 police
2743 4048 62 24 have
2817 4047 60 25 been

2339 4086 137 25 instructed
2498 4087 26 24 to
2540 4093 44 16 use
2608 4087 87 29 strong
2716 4092 125 17 measures
2853 4087 26 22 to

2340 4132 113 24 suppress
2702 4123 33 31 by
2769 4124 109 30 cyclists.

2341 4162 119 25 Mounted
2469 4161 141 25 constables
2622 4168 41 17 are
2681 4162 26 23 to
2719 4160 82 31 patrol
2810 4170 70 16 some

2340 4199 26 24 of
2376 4201 42 22 the
2427 4198 99 31 leading
2537 4197 172 31 thorougfares
2721 4201 27 21 to
2756 4197 124 32 intercept

2339 4236 194 31 pace-breakers.

2374 4280 102 24 Cannon
2493 4278 116 26 Keroinis
2620 4279 23 25 is
2655 4279 73 25 dead.
2799 4282 3 12 :

2357 4332 4 16 :
2375 4325 53 24 The
2457 4323 55 25 wife
2532 4323 28 26 of
2586 4324 100 26 Donald
2716 4325 164 28 McPherson,

2342 4369 15 17 a
2368 4362 85 25 settler
2465 4363 26 23 at
2511 4361 71 27 West
2594 4362 99 31 Waiau,
2712 4363 70 25 when
2795 4363 87 31 taking

2342 4400 76 27 home
2429 4402 41 25 the
2483 4409 65 19 cows
2559 4410 51 18 was
2621 4403 114 26 attacked
2752 4403 32 32 by
2798 4412 15 17 a
2829 4402 54 26 bull

2344 4440 50 24 and
2404 4440 75 32 gored
2491 4441 27 25 to
2530 4441 85 30 death,
2634 4449 33 18 on
2679 4442 117 32 Tuesday
2808 4448 72 18 evea-

2343 4477 56 33 ing.

2929 218 53 25 The
2995 219 148 31 Wellington
3156 221 111 25 Suburbs
3282 222 112 25 Election
3394 238 36 5 —

2895 255 54 26 The
2960 256 63 25 rival
3035 257 85 25 claims
3132 258 27 23 of
3168 259 92 25 Messrs
3270 260 94 25 Wilson
3376 262 50 25 and

2894 294 73 29 Kirk,
2984 294 45 25 the
3040 295 49 24 two
3101 295 172 28 Government
3283 298 143 27 candidates

2893 331 38 25 for
2942 332 44 25 the
2999 332 133 26 Suburban
3152 335 60 27 seat,
3231 335 63 25 have
3305 335 63 25 been
3390 344 36 17 re-

2893 368 79 27 ferred
2986 372 24 23 to
3022 377 34 18 an
3068 370 153 26 Arbitration
3242 372 81 25 Board
3336 373 26 25 of
3370 375 57 24 four

2892 407 129 26 members.

2925 455 39 25 No
2981 455 67 32 reply
3059 456 45 24 has
3115 458 41 29 yet
3165 457 61 24 been
3236 457 111 24 received
3363 459 65 26 from

2893 492 43 24 the
2964 493 168 25 Government
3163 494 30 31 by
3222 494 43 24 the
3282 494 146 31 deputation

2892 529 80 25 which
2985 531 112 31 recently
3108 532 88 24 waited
3213 539 32 17 on
3257 532 42 24 the
3319 532 109 25 Premier

2892 569 57 24 with
2960 570 88 32 regard
3059 572 26 23 to
3097 570 43 26 the
3155 571 85 32 Bisley
3253 573 73 23 team.

2891 767 188 58 LOCAL
3099 777 35 54 and
3155 768 270 60 GENERAL

2923 896 138 25 Licensing
3078 897 126 25 Election
3208 899 164 31 .—Probably
3392 908 32 17 no

2891 936 107 24 election
3009 936 58 24 held
3080 937 27 24 m
3127 938 43 24 the
3195 938 103 31 Kaiapoi
3320 939 105 25 District

2890 974 46 23 ha?
2949 975 94 23 excited
3064 983 26 17 so
3113 976 66 24 little
3203 974 103 27 iutefest
3330 985 26 16 as
3381 978 43 25 the
3470 977 8 23 J

2891 1011 120 32 licensing
3031 1013 105 24 election
3156 1021 34 16 on
3212 1014 136 31 Thursday,
3374 1015 51 23 this
3466 1019 12 24 1

2882 1049 118 40 ypihiLilr
2996 1059 13 15 11
3022 1059 73 17 conse
3097 1060 16 23 Q.
3113 1061 77 16 uence
3202 1053 28 24 of
3239 1054 44 23 the
3293 1054 133 24 determin-

3250 1091 76 32 Party
3343 1094 44 22 not
3400 1094 26 23 to

2883 1124 194 36 p^KQ*a^gft^arc
3082 1122 105 35 siinSfc^
3207 1129 88 34 plM|-c
3292 1153 4 9 ;
3296 1130 130 27 apdidates

2893 1160 532 43 t?er^^g^3^Wti^!K^T*2^^feo^9y.

2894 1203 29 24 R.
2938 1191 497 58 Coupf%jl*^i^^^^^^^^f7-
3436 1212 37 6 —
3473 1217 5 2 -

2895 1242 40 24 W.
2958 1242 95 30 Fraser,
3073 1243 26 24 J.
3113 1243 71 32 Daly,
3204 1252 48 17 ana
3272 1237 152 41 Ff*®lSj|?ell.

2893 1280 51 24 The
2967 1281 121 31 complete
3108 1284 97 22 returns
3217 1290 61 18 were
3296 1285 45 23 not
3352 1285 72 24 avail-

2883 1318 4 5 '
2894 1320 54 24 able
2960 1320 48 24 last
3031 1320 80 31 night,
3130 1322 45 24 but
3198 1330 26 16 as
3243 1323 38 23 far
3304 1331 26 16 as
3354 1324 72 24 could

2894 1357 29 25 be
2934 1358 101 25 learned
3044 1359 41 24 thft
3094 1360 75 24 totals
3181 1368 62 17 were
3245 1376 31 3 —
3280 1362 70 29 Duss,
3367 1364 59 27 402,

2894 1398 75 32 Coup,
2996 1400 56 28 386,
3088 1400 129 30 Feldwiek,
3243 1403 56 27 371,
3330 1402 117 29 Foster,.

2894 1438 56 26 853,
2969 1437 87 31 Candy
3075 1439 55 29 824,
3157 1438 100 25 Horrell
3280 1441 57 27 -2QG,
3361 1441 66 32 Daly

2894 1477 56 28 188,
2963 1477 49 22 and
3021 1477 88 24 Fraser
3121 1480 55 23 165.

2928 1576 126 24 National
3072 1577 166 25 Association.
3240 1592 31 4 —
3274 1579 32 23 At
3325 1587 15 16 a
3351 1581 75 24 meet-

2894 1619 43 32 ing
2949 1619 27 25 of
2993 1620 40 24 the
3045 1619 91 25 Oxford
3159 1620 95 25 branch
3267 1622 25 23 of
3312 1622 42 24 the
3365 1623 61 24 Nat-

2882 1655 1 20 '
2894 1662 66 25 ional
2983 1663 152 24 Association
3160 1671 33 17 on
3216 1664 109 32 Monday
3344 1666 81 31 night,

2894 1706 19 24 it
2925 1714 51 17 was
2987 1706 174 32 unanimously
3183 1708 109 24 resolved
3313 1710 25 23 to
3357 1717 69 25 carry

2895 1758 31 17 on
2938 1750 40 25 the
2989 1750 67 26 work
3067 1750 25 24 of
3104 1750 43 26 the
3164 1750 153 27 Association
3338 1753 27 25 m
3384 1753 44 26 the

2895 1794 105 25 district.
3052 1795 52 25 The
3132 1795 111 32 question
3263 1796 27 25 of
3310 1797 43 24 the
3372 1797 61 25 best

2895 1845 86 20 means
2994 1839 25 25 of
3036 1839 103 33 making
3150 1839 43 25 the
3213 1840 118 32 meetings
3350 1840 76 25 inter-

2895 1884 81 31 esting
2995 1883 49 25 and
3060 1883 144 26 instructive
3226 1891 49 17 was
3293 1884 138 28 discussed,,

2895 1927 49 23 and
2956 1928 20 23 it
2987 1935 49 16 was
3048 1927 100 24 decided
3160 1934 24 17 to
3202 1926 70 32 bring
3283 1926 44 24 the
3337 1928 104 22 matter,

2896 1978 31 23 up
2936 1972 26 23 at
2974 1970 41 25 the
3026 1971 94 24 annual
3140 1970 117 32 meeting,
3276 1970 81 25 which
3379 1978 52 17 was

2895 2014 67 24 fixed
2972 2014 38 24 for
3021 2014 59 31 July
3093 2015 41 23 12.
3169 2013 53 24 The
3236 2014 128 30 Secretary
3379 2021 52 16 was

2895 2058 134 24 instructed
3043 2059 25 23 to
3080 2057 47 25 call
3136 2058 121 31 meetings
3266 2058 73 24 when
3351 2064 80 18 neces-

2897 2110 61 24 sary.

2932 2187 88 26 Social
3047 2196 49 15 and
3119 2187 121 26 Concert.
3243 2202 32 4 —
3278 2187 20 24 A
3327 2187 106 24 farewell

2899 2231 82 24 Social
2999 2231 50 24 and
3070 2230 105 26 Concert
3187 2233 26 22 to
3233 2231 61 24 Rev.
3307 2231 51 23 and
3381 2230 52 25 Mrs

2897 2274 123 24 Hounsell
3031 2274 51 25 will
3094 2274 30 24 be
3135 2274 72 32 given
3223 2282 31 16 on
3265 2274 92 30 Friday
3365 2276 66 22 next.

2899 2317 44 24 We
2954 2317 62 24 have
3027 2317 78 24 heard
3118 2317 54 24 that
3184 2317 44 24 the
3247 2317 61 24 Rev.
3330 2317 102 29 Murray

2896 2360 20 24 is
2928 2359 134 33 appointed
3075 2361 24 24 to
3118 2359 91 26 Oxford
3221 2360 26 24 m
3265 2360 71 31 place
3352 2359 28 26 of
3390 2360 43 24 tbe

2897 2405 59 23 Rev.
2971 2404 31 24 G.
3017 2403 130 29 Houn.sell,
3165 2403 56 24 who
3232 2404 22 23 is
3272 2403 99 31 leaving
3389 2404 43 23 tbe

2896 2448 105 24 district.
3036 2446 41 24 Mr
3089 2446 123 25 Hounsell
3223 2447 47 23 has
3282 2446 72 26 made
3365 2446 67 24 him-

2895 2491 48 24 self
2952 2498 58 23 very
3032 2489 105 31 popular
3156 2489 100 31 during-
3265 2489 41 24 hi
3314 2489 12 24 3
3327 2491 54 29 stay
3405 2491 26 22 at

2895 2534 101 25 Oxford.

2927 2614 177 25 Influenza.—
3111 2613 61 24 Now
3191 2613 50 24 this
3270 2612 118 31 epidemic
3407 2613 23 24 is

2894 2658 129 31 becoming
3033 2656 128 32 prevalent
3169 2663 36 17 we
3217 2654 112 33 strongly
3339 2656 89 24 recomm-

2894 2701 73 24 end
2978 2701 43 24 the
3031 2701 51 23 free
3092 2708 45 16 use
3148 2700 27 24 of
3184 2700 122 30 Platypus
3313 2699 84 23 Brand
3405 2699 28 23 of

2894 2743 154 32 Eucalyptus
3062 2741 123 27 Globulus
3213 2742 112 27 Extract,
3355 2742 75 24 taken

2895 2795 67 23 upon
2984 2794 74 24 sugar
3085 2794 28 17 or
3132 2786 28 23 m
3183 2785 70 24 milk.
3289 2785 52 24 The
3365 2786 66 23 moat

2895 2830 120 31 pleasant'
3020 2837 54 23 way
3085 2831 26 22 to
3119 2828 57 25 tako
3188 2828 154 32 Eucalyptus
3364 2828 21 24 is
3403 2829 28 23 m

2896 2873 44 25 the
2972 2873 115 31 Platypus
3115 2872 87 24 Brand
3230 2872 27 24 of
3279 2870 154 33 Eucalyptus

2895 2906 117 32 Jujubes.
3048 2905 70 32 They
3129 2913 42 16 are
3181 2905 26 23 m
3223 2905 62 24 such
3297 2912 15 16 a
3323 2904 111 31 portable

2896 2946 71 28 form,
2979 2946 115 31 pleasant
3105 2947 25 22 to
3143 2946 73 27 taste,
3235 2944 50 25 and
3302 2944 131 32 antiseptic

2897 2985 141 23 stimulant.

2929 3056 86 24 Local
3050 3055 100 24 Option.
3157 3068 27 4 —
3187 3053 39 25 Wj
3238 3056 26 21 at
3300 3053 22 24 is
3357 3053 75 24 Local

2898 3099 90 30 Option
2998 3098 11 24 ?
3028 3098 74 31 Why,
3132 3096 110 25 whether
3270 3103 48 23 you
3346 3103 30 23 go
3405 3097 26 22 to

2899 3140 177 26 Christchurch
3096 3140 47 24 and
3169 3147 47 22 pay
3228 3140 53 23 30s.
3301 3138 37 24 for
3350 3146 14 16 a
3382 3138 50 24 suit

2899 3185 26 24 of
2956 3183 105 32 Kaiapoi
3095 3182 88 25 Tweed
3216 3190 28 16 or
3271 3183 40 29 get
3334 3189 45 16 one
3405 3183 27 23 at

2898 3229 119 26 Parish's,
3038 3227 63 24 East
3125 3225 99 28 Oxford,
3243 3226 37 23 for
3303 3225 53 23 21s.

2932 3271 31 24 R.
2980 3270 33 24 H.
3026 3269 88 24 Parish
3125 3270 22 23 is
3158 3276 56 17 now
3226 3268 103 30 making
3350 3268 83 23 Men's

2902 3314 68 26 Huits
2982 3315 26 23 to
3020 3312 70 25 order
3102 3312 63 24 from
3179 3312 38 23 £2
3230 3313 53 23 15s.

2934 3385 36 24 To
2982 3393 51 15 the
3045 3384 138 24 Electors.
3187 3398 30 3 —
3219 3384 25 24 It
3256 3390 58 23 may
3332 3383 102 24 interest

2901 3429 43 24 the
2956 3430 104 23 electors
3085 3428 27 33 Qf
3133 3426 91 25 Oxford
3249 3429 26 22 to
3299 3426 68 24 know
3381 3427 54 23 that

2902 3473 59 31 they
2978 3480 47 17 can
3048 3471 72 32 study
3144 3477 117 25 economy
3287 3469 31 33 by
3343 3469 93 32 buying

2902 3517 65 23 their
2986 3516 111 29 Drapery
3118 3514 51 23 and
3181 3514 119 29 Clothing
3312 3515 26 21 at
3351 3513 30 23 R.
3400 3513 35 23 H.

2902 3559 119 28 Parish's,
3034 3557 69 32 High
3117 3557 88 29 Street,
3220 3556 79 25 where
3316 3556 58 30 they
3386 3556 50 23 will

2904 3605 40 29 get
2956 3602 117 24 Trousers
3085 3601 63 24 from
3170 3601 35 23 Gs.
3224 3608 43 23 per
3287 3599 54 31 pair
3350 3604 8 23 ?
3376 3597 61 25 Col-

2904 3646 68 24 onial
2982 3644 90 25 Tweed
3085 3644 70 25 Suits
3166 3643 64 27 from.
3241 3644 44 23 21s
3291 3643 52 24 also
3356 3641 79 31 splen-

2904 3690 42 23 did
2963 3688 73 25 value
3053 3688 27 24 m
3092 3688 77 30 Boy's
3190 3686 110 24 Enieker
3313 3684 106 25 Suitss3.

2938 3785 25 24 It
2988 3784 66 24 costs
3083 3781 195 29 £140,000,000,
3316 3785 55 23 says
3397 3777 41 23 the

2905 3829 96 24 Herald
3022 3827 32 26 of
3070 3827 86 26 Peace,
3175 3827 26 22 to
3220 3822 119 26 maintain
3358 3820 79 24 Euro-

2908 3880 60 24 pean
2991 3877 80 25 poacs,
3090 3869 51 24 and
3160 3868 40 24 the
3212 3867 91 30 figures
3320 3870 39 18 are
3381 3870 56 16 con-

2908 3915 103 30 tinually
3035 3913 120 30 swelling.
3190 3910 53 24 The
3263 3908 93 30 largest
3374 3905 64 24 fund

2907 3957 128 34 expended
3063 3956 80 30 yearly
3163 3954 32 30 by
3217 3960 47 22 any
3282 3951 103 28 country
3405 3956 33 15 on

2907 4001 85 25 behalf
3002 4000 26 24 of
3038 3999 32 25 it
3078 3999 8 25 3
3094 4004 66 23 army
3177 3996 23 23 is
3219 3994 55 25 that
3285 3992 26 25 of
3332 3991 99 28 Russia,

2908 4045 42 24 the
2970 4044 73 24 latest
3064 4040 108 30 military
3195 4036 90 31 budget
3308 4034 25 24 of
3357 4032 81 25 which

2908 4086 133 26 amounted
3052 4086 26 23 to
3090 4080 180 31 £42,500,000.
3305 4076 61 25 This
3377 4076 63 24 fund

2907 4132 67 24 went
2996 4131 26 23 to
3034 4128 100 30 support
3156 4123 42 24 the
3209 4123 143 22 monstrous
3370 4126 70 23 army

2908 4175 28 23 of
2944 4171 133 32 3,077,000
3087 4167 79 26 which
3173 4166 84 23 served
3267 4171 27 17 as
3303 4172 12 15 a
3325 4161 117 25 neucleus

2908 4217 38 24 for
2957 4217 43 23 tbe
3012 4219 68 19 more
3099 4208 110 33 gigantic
3219 4208 64 23 force
3295 4205 27 25 of
3341 4205 100 29 12,918;

2908 4260 49 23 000
2967 4258 26 24 m
3005 4257 61 24 time
3077 4253 27 25 of
3113 4251 105 26 trouble.
3252 4250 54 23 The
3319 4248 125 23 Germms

2909 4309 70 18 come
3004 4299 59 25 next
3090 4295 60 26 with
3174 4293 66 25 their
3260 4290 183 33 expenditures,

2909 4347 56 25 that
2987 4343 66 27 their
3075 4348 68 24 army
3155 4338 27 26 of
3200 4337 108 26 584,734
3331 4343 59 23 may
3412 4333 30 25 bo

2909 4389 75 31 ready
3003 4387 38 25 for
3063 4389 151 26 emergency,
3232 4380 72 26 when
3317 4380 41 23 tbe
3377 4377 66 24 force

2911 4442 46 17 can
2967 4432 31 25 be
3009 4429 126 26 increased
3146 4429 26 23 to
3183 4425 144 30 3,700,000.
3350 4423 97 24 Franca

2912 4474 105 35 expends
3029 4470 171 32 £24,500,000
3220 4471 27 24 to
3258 4468 60 32 keep
3339 4465 111 31 524,76$

1187 63 174 33 OXFORD
1404 64 233 32 OBSERVER
1681 63 238 36 SATURDAY,
1956 65 158 32 MARCH
2141 66 42 31 27
2229 65 77 31 1897
