3330 4340
974 2869 56 19 THE
1049 2869 56 19 HOT
1124 2869 93 19 LAKES
1236 2869 168 19 CHRONICLE

1160 2905 57 13 AND

1075 2934 165 20 Tourists'
1258 2934 146 20 Journal.

993 2989 169 19 WEDNESDAY,
1170 2989 117 17 OCTOBER
1295 2990 27 18 16,
1334 2989 51 17 1895.

975 3037 81 19 During
1067 3037 33 18 the
1111 3041 79 21 present
1200 3038 77 19 .session
1286 3038 21 18 of
1324 3037 69 19 Parlia
1399 3050 7 3 -

974 3066 54 16 nient
1046 3063 80 18 various
1145 3063 111 19 references
1281 3063 50 19 have
1353 3063 50 19 been

974 3089 58 18 made
1041 3091 20 16 to
1073 3089 35 18 the
1117 3088 92 20 Rotorua
1219 3089 129 19 Sanatorium
1365 3090 41 18 and

973 3116 118 17 statements
1100 3114 100 19 hazarded
1214 3117 21 17 to
1247 3115 35 19 the
1292 3115 58 19 effect
1362 3115 45 19 that

973 3147 12 12 a
997 3143 57 23 great
1064 3140 112 25 falling-off
1192 3140 40 19 had
1242 3141 61 18 taken
1314 3140 57 26 place
1386 3141 20 18 in

973 3168 35 17 the
1018 3166 119 19 attendance
1151 3169 21 16 at
1189 3167 35 18 the
1242 3167 81 18 various
1340 3166 66 19 baths.

973 3192 43 19 The
1027 3192 44 19 best
1081 3196 136 21 commentary
1225 3193 89 24 possible
1323 3199 25 12 on
1357 3192 48 19 such

974 3220 117 17 statements
1100 3218 17 18 is
1131 3218 35 19 the
1186 3218 126 25 publication
1330 3218 23 19 of
1373 3218 34 18 tho

974 3244 104 25 following
1089 3243 54 19 table
1153 3244 22 18 of
1189 3244 132 19 attendances
1336 3247 21 16 at
1373 3244 34 18 the

974 3269 61 19 baths
1044 3270 75 25 during
1127 3270 33 18 the
1171 3274 46 21 past
1228 3270 32 19 six
1269 3270 81 19 months
1361 3277 5 11 :

1044 3309 2 21 |
1076 3309 74 17 Baths.
1270 3310 60 18 Cash.

1042 3332 3 22 |
1058 3333 42 16 1894
1127 3333 44 16 1895
1234 3334 43 16 1891
1327 3333 44 16 1895

1184 3358 3 28 |
1210 3363 13 18 £
1246 3370 8 11 s
1278 3364 13 17 d
1326 3358 81 23 iT~s~d

975 3386 53 22 April
1059 3387 44 16 1869
1127 3387 46 17 2769
1184 3381 3 28 j
1210 3387 21 17 32
1256 3388 11 16 6
1280 3389 11 15 6
1326 3388 23 16 49
1374 3387 9 17 7
1396 3388 10 15 9

974 3410 47 21 May
1060 3410 43 16 1234
1129 3410 44 16 1498
1211 3411 20 16 17
1256 3411 11 16 8
1280 3411 11 16 6
1326 3411 22 16 23
1363 3411 20 16 16
1397 3411 9 15 3

974 3432 51 18 June
1070 3433 33 16 966
1129 3434 44 16 1258
1211 3434 21 16 12
1257 3434 10 16 2
1279 3434 12 16 0
1327 3434 21 16 22
1373 3433 10 16 3
1397 3434 9 15 3

974 3455 47 22 July
1071 3456 32 16 747
1129 3457 44 15 1205
1221 3457 11 15 8
1246 3457 21 15 15
1280 3457 11 15 9
1327 3457 21 15 23
1362 3457 21 15 15
1397 3456 10 16 3

975 3478 50 22 Aug.
1071 3478 34 17 780
1140 3480 34 15 868
1212 3479 21 18 13
1247 3480 20 15 19
1280 3480 11 15 9
1329 3480 19 16 14
1363 3479 21 17 16
1397 3479 10 16 3

976 3501 51 22 Sept.
1070 3502 34 15 945
1130 3502 44 16 1344
1212 3502 20 16 15
1258 3502 9 16 7
1280 3503 11 15 9
1327 3503 21 16 24
1375 3502 7 16 1
1397 3502 10 16 3

975 3533 55 17 Total
1045 3527 2 29 |
1058 3533 44 16 6541
1115 3527 2 29 |
1128 3534 45 15 8942
1185 3527 2 29 j
1200 3535 33 14 100
1257 3533 11 17 0
1281 3534 10 16 3
1303 3527 2 29 |
1317 3535 32 15 158
1374 3535 9 14 0
1397 3535 10 14 0

976 3570 20 17 It
1006 3568 40 19 will
1055 3568 48 19 thus
1112 3568 26 19 be
1152 3575 47 12 seen
1216 3569 45 18 that
1279 3568 76 25 during
1374 3568 33 19 the

976 3594 70 25 period
1057 3594 110 25 extending
1177 3594 52 19 from
1242 3596 29 17 Ist
1282 3594 58 25 April
1348 3597 21 16 to
1378 3596 30 17 Ist

976 3620 86 19 October
1070 3620 40 18 last
1115 3620 58 19 there
1179 3620 38 18 has
1225 3620 51 19 been
1285 3626 25 12 an
1319 3620 88 19 increase

976 3646 21 18 of
1007 3647 56 21 2,401
1073 3645 61 19 baths
1143 3647 63 17 taken
1216 3646 40 19 and
1273 3646 21 18 of
1312 3646 42 19 £57
1374 3648 34 17 19s

977 3671 26 18 9d
1018 3671 21 18 in
1061 3671 47 19 cash
1129 3678 47 12 over
1194 3671 34 19 the
1251 3672 157 24 corresponding

976 3696 70 25 period
1056 3697 21 17 of
1087 3697 56 18 1894.
1171 3697 69 19 When
1249 3697 35 19 the
1299 3697 70 22 rigour
1387 3698 21 18 of

978 3721 34 19 the
1028 3722 70 18 winter
1113 3721 89 24 through
1223 3723 66 18 which
1309 3728 29 12 we
1356 3723 51 18 have

976 3747 44 25 just
1030 3747 77 25 passed,
1119 3747 40 19 and
1168 3747 35 19 the
1213 3747 77 25 apathy
1301 3747 64 19 which
1372 3748 34 18 the

978 3773 135 19 Government
1122 3773 96 19 continue
1227 3775 20 17 to
1258 3773 55 18 show
1323 3774 20 17 in
1362 3780 34 18 pro-

978 3799 77 25 moting
1064 3798 35 19 the
1108 3798 94 19 interests
1212 3799 22 18 of
1242 3805 13 12 a
1265 3798 56 25 place
1333 3799 74 23 (which

977 3826 17 18 is
1004 3824 120 25 admittedly
1156 3830 38 13 one
1204 3824 22 19 of
1237 3824 35 19 the
1286 3826 52 17 most
1354 3824 42 19 valu-

978 3851 46 19 able
1034 3853 63 16 assets
1107 3850 21 19 of
1138 3850 35 19 the
1301 3856 33 13 are
1345 3850 63 18 taken

977 3877 43 18 into
1027 3876 147 19 consideration
1183 3882 31 13 we
1228 3876 52 19 have
1298 3882 71 12 reason
1387 3878 21 16 to

978 3902 138 24 congratulate
1126 3902 103 19 ourselves
1239 3908 54 18 upon
1303 3902 35 18 the
1348 3901 50 19 satis-

977 3928 77 24 factory
1073 3928 102 18 condition
1193 3927 100 19 disclosed
1307 3927 27 24 by
1352 3928 56 17 these

977 3953 82 25 figures.
1086 3953 69 19 When
1170 3960 30 12 we
1215 3953 48 19 look
1282 3953 51 19 back
1354 3959 52 19 upon

978 3979 35 19 the
1021 3979 79 24 variety
1106 3979 21 18 of
1134 3979 35 19 the
1178 3979 97 24 promises
1285 3979 63 19 which
1357 3979 51 19 have

978 4005 52 18 been
1040 4004 58 19 made
1109 4010 23 13 as
1141 4006 21 17 to
1172 4005 35 18 the
1215 4005 111 19 intentions
1336 4005 21 18 of
1375 4004 33 19 the

978 4030 135 19 Government
1129 4030 22 18 in
1167 4030 74 25 regard
1258 4033 20 15 to
1294 4031 40 17 this
1352 4030 54 25 place

978 4055 41 19 and
1028 4062 33 12 see
1070 4055 44 19 how
1127 4055 53 19 little
1196 4056 38 18 has
1250 4055 52 19 been
1321 4055 87 24 actually

979 4081 51 19 done
1037 4081 21 18 in
1066 4086 111 19 pursuance
1183 4081 85 23 thereof,
1277 4081 57 19 there
1341 4081 67 19 would

979 4107 25 18 be
1014 4106 66 25 ample
1093 4112 72 13 reason
1175 4107 32 18 for
1225 4107 181 25 discouragement,

980 4139 50 13 were
1040 4132 16 19 it
1066 4134 35 17 not
1110 4132 31 19 for
1154 4132 34 19 the
1199 4133 150 20 consciousness
1364 4132 45 19 that

1430 141 34 19 the
1473 140 79 20 district
1562 140 17 18 is
1588 138 105 26 possessed
1703 138 20 19 of
1732 138 83 19 natural
1833 145 28 12 re.

1429 173 80 14 sources
1520 166 41 19 and
1576 164 127 24 advantages
1719 164 65 19 which
1799 166 20 16 at
1836 171 27 12 no

1429 193 77 19 distant
1513 192 47 19 date
1569 193 55 16 must,
1631 190 56 25 place
1693 190 41 18 this
1742 189 44 19 Hct
1795 190 69 19 Lakes

1429 225 53 16 area,
1494 218 28 24 by
1532 218 26 18 its
1576 223 45 12 own
1637 217 93 18 inherent
1746 216 76 23 merits,
1842 216 21 19 in

1429 245 35 18 the
1473 244 99 19 forefront
1582 243 21 18 of
1613 242 35 19 the
1658 241 79 20 world's
1749 242 114 19 Sanatoria.

1432 271 37 18 We
1478 276 38 13 can
1526 270 47 23 only
1583 270 71 23 repeal
1664 270 53 16 wual
1729 274 39 13 was
1782 274 45 13 saiu
1842 274 22 12 in

1429 296 57 19 these
1496 296 92 18 columns
1596 295 35 18 the
1642 294 58 18 other
1713 293 40 26 day
1762 294 21 18 in
1800 294 54 18 refer-

1429 323 47 24 ring
1485 325 21 16 to
1515 322 34 18 the
1566 320 94 19 facilities
1670 320 64 18 which
1750 320 22 18 in
1784 319 66 19 Ameri-

1429 355 23 13 ca
1461 348 17 19 is
1499 347 77 19 offered
1602 350 21 14 to
1643 345 57 19 those
1727 345 91 19 de&irous
1843 346 22 18 of

1429 374 85 24 visiting
1532 373 35 18 the
1583 372 86 23 Gej'sers
1690 372 21 18 of
1725 372 35 18 the
1777 371 74 19 Yellow-

1429 403 57 15 stone
1607 398 61 18 Were
1683 397 91 19 Rotorua
1793 397 71 19 within

1430 433 22 11 as
1465 432 48 17 easy
1529 430 66 14 access
1612 424 23 18 of
1653 430 37 12 one
1709 423 21 19 of
1752 423 35 18 the
1807 423 58 23 large

1430 451 107 19 American
1547 451 58 18 cities
1614 456 22 12 as
1645 449 16 18 it
1671 450 17 18 is
1697 450 22 18 of
1731 449 109 19 Auckland
1849 449 15 18 it

1431 477 65 19 would
1508 477 24 18 bo
1544 477 35 18 the
1589 479 64 15 resort
1665 476 21 18 of
1703 479 43 15 tens
1763 475 21 18 of
1801 475 52 18 thou-

1430 503 60 19 sands
1509 503 22 18 of
1549 502 84 19 tourists
1653 501 103 24 annually.
1791 501 21 18 If
1830 502 35 18 the

1430 530 137 18 Government
1582 528 104 19 remained
1705 528 71 24 supine
1793 527 22 18 in
1830 527 35 18 the

1431 558 79 19 matter,
1536 554 34 19 the
1593 554 115 19 merchants
1727 553 21 18 of
1771 554 35 17 the
1824 553 41 23 city

1433 580 63 20 would
1517 587 32 12 see
1572 580 36 19 the
1624 580 114 24 advantage
1755 579 21 18 of
1793 578 60 20 adver-

1430 607 64 22 tising
1505 607 34 18 the

1431 660 103 23 LOCAL
1548 658 97 24 NEWS
1668 658 70 24 AND
1753 658 103 24 NOTES.

1454 715 31 17 Mr
1494 715 29 17 W.
1532 715 73 22 Rogers
1613 714 34 17 has
1656 714 40 21 just
1708 714 83 17 received
1799 720 12 10 a
1819 719 35 12 con-

1431 738 96 23 signment
1536 738 20 17 of
1571 738 60 22 prime
1647 737 118 22 Canterbury
1779 738 87 21 potatoes

1431 764 20 14 at
1465 762 29 16 his
1506 762 66 16 store.*

1455 789 31 17 Mr
1495 789 39 17 and
1542 789 40 17 Mrs
1591 788 97 18 Falloona,
1698 787 38 17 late
1742 787 20 17 of
1767 787 32 17 the
1805 787 48 17 Roto-

1431 818 35 11 rua
1474 812 65 20 Hotel,
1548 812 36 17 left
1592 812 30 17 for
1630 810 105 20 Auckland,
1749 816 25 11 on
1788 816 10 11 a
1813 810 53 17 short

1431 836 49 19 visit,
1491 841 24 12 on
1525 835 70 21 Friday
1603 835 43 16 last.

1455 867 32 17 Mr
1495 867 18 17 J.
1526 867 18 17 S.
1562 867 95 19 Jameson,
1675 865 81 18 resident
1772 866 94 20 secretary

1431 890 19 17 in
1459 890 117 22 Wellington
1591 889 20 18 of
1628 889 32 17 the
1676 888 71 17 United
1763 888 103 17 lusurance

1432 914 104 22 Company,
1546 913 45 22 paid
1599 919 11 10 a
1618 912 45 17 visit
1671 913 19 15 to
1704 912 84 16 Botorua
1796 911 71 22 during

1431 937 33 17 the
1473 938 43 21 past
1527 936 57 17 week.

1454 966 48 17 Miss
1511 966 71 17 Fraser,
1593 963 89 23 qualified
1690 969 98 14 masseuse,
1805 964 61 18 whose

1431 988 124 23 professional
1576 988 151 16 announcement
1746 992 80 18 appears
1847 987 19 17 in

1432 1012 79 17 another
1520 1011 75 17 column
1612 1010 33 17 has
1659 1010 73 17 arrived
1745 1010 20 17 in
1781 1010 86 17 Rotorua

1432 1035 30 17 for
1470 1035 32 16 the
1513 1040 71 11 season.

1455 1062 17 17 A
1485 1063 57 21 party
1556 1062 20 16 of
1589 1060 75 23 anglers
1678 1060 103 23 proceeded
1796 1062 21 16 to
1834 1061 33 17 tho

1432 1085 146 22 Taahungatara
1587 1086 69 14 stream
1664 1084 33 16 the
1709 1084 54 17 other
1777 1084 37 22 day
1829 1084 38 17 and

1432 1107 101 18 succeeded
1549 1108 21 16 in
1586 1107 89 23 catching
1693 1107 21 16 10
1734 1107 59 17 brook
1814 1109 54 15 trout

1432 1131 104 22 averaging
1545 1130 41 17 31bs
1594 1130 51 17 each.

1455 1159 75 18 Tickets
1539 1160 20 16 at
1567 1159 98 17 excursion
1674 1159 49 16 rates
1732 1158 39 23 (14s
1782 1159 24 17 4d
1815 1159 43 17 first-

1432 1183 53 20 class,
1490 1182 38 17 and
1536 1183 9 16 7
1547 1189 8 10 s
1562 1182 23 17 2d
1591 1181 134 23 second-class)
1732 1182 38 17 will
1775 1182 23 17 be
1805 1182 63 17 issued

1432 1206 85 17 between
1527 1206 83 16 Botorua
1619 1204 37 18 and
1673 1204 104 20 Hamilton,
1796 1211 25 11 on
1835 1206 32 17 the

1432 1229 86 17 occasion
1538 1229 20 16 of
1579 1229 32 16 the
1631 1228 87 16 Waikato
1737 1228 131 22 Agricultural

1433 1252 61 20 Show,
1504 1252 48 17 from
1556 1251 82 18 October
1645 1251 40 16 21st
1690 1252 20 16 to
1718 1251 50 21 24th,
1774 1251 94 18 available

1432 1276 30 16 for
1470 1277 64 15 return
1544 1281 26 16 up
1578 1276 21 15 to
1608 1274 81 17 October
1698 1274 50 17 28th.

1455 1302 30 17 On
1494 1302 98 22 Thursday
1601 1302 37 16 last
1647 1307 10 10 a
1666 1307 43 11 man
1716 1302 68 17 named
1790 1302 78 17 Charles

1433 1326 63 16 Lewin
1506 1331 38 11 was
1553 1324 83 23 charged
1644 1324 64 18 before
1716 1325 32 17 Mr
1756 1325 20 17 C.
1784 1326 84 22 Malfroy

1432 1349 37 17 and
1478 1348 28 18 Dr
1520 1349 85 19 Ginders,
1622 1347 60 20 Js.P.,
1696 1347 46 17 with
1759 1349 82 22 stealing
1857 1356 11 10 a

1432 1372 62 22 parcel
1502 1372 21 17 of
1532 1373 30 16 tea
1571 1371 48 17 from
1629 1371 32 16 the
1669 1371 47 21 shop
1725 1371 20 17 of
1750 1371 20 17 T.
1781 1372 85 17 Samson.

1433 1395 84 17 Accused
1525 1394 79 23 pleaded
1610 1394 63 23 guilty
1679 1394 37 17 and
1723 1400 37 11 was
1767 1395 101 18 sentenced

1432 1419 20 16 to
1461 1419 22 16 28
1494 1418 52 22 days'
1555 1418 149 22 imprisonment.

1456 1446 108 23 According
1573 1448 19 15 to
1602 1446 33 17 the
1647 1446 62 17 notice
1724 1446 107 18 advertised
1842 1447 26 22 by

1432 1470 32 16 the
1473 1470 58 17 Town
1540 1469 63 18 Board
1612 1469 37 17 last
1657 1469 51 17 Week
1723 1469 68 22 to-day
1805 1471 16 16 is
1835 1471 33 17 the

1432 1493 37 17 last
1481 1493 38 21 day
1536 1493 29 17 for
1579 1492 95 22 receiving
1688 1498 71 12 arrears
1772 1494 21 16 of
1809 1495 59 16 water

1433 1516 84 22 charges,
1539 1516 37 17 and
1593 1516 54 17 those
1663 1516 42 17 who
1722 1516 39 17 still
1775 1517 93 17 withhold

1432 1541 91 20 payment
1531 1539 39 17 will
1578 1538 140 18 henceforward
1735 1545 35 11 run
1783 1540 33 17 the
1830 1540 38 18 risk

1433 1563 19 16 of
1461 1563 71 21 having
1540 1563 32 16 the
1581 1562 69 22 supply
1659 1562 137 18 disconnected.

1455 1591 70 16 Messrs
1535 1589 75 18 Kusabs
1627 1589 52 17 Bros'
1694 1590 79 17 sawmill
1787 1592 20 15 at
1823 1590 30 18 Ma-

1433 1613 57 18 maku
1499 1613 16 18 is
1523 1613 46 23 kept
1582 1613 60 22 going
1654 1618 45 16 very
1713 1613 68 22 busily.
1812 1613 56 18 Some

1433 1659 45 18 kato
1486 1665 32 11 are
1526 1665 43 12 now
1582 1659 20 17 in
1616 1658 57 18 hand.
1704 1660 58 16 There
1776 1665 32 12 are
1824 1664 44 13 iiow

1433 1688 44 12 over
1485 1684 23 16 30
1517 1683 60 17 hands
1586 1682 99 22 employed
1697 1682 19 17 in
1730 1683 32 17 the
1776 1683 40 17 mill
1830 1683 38 18 and

1432 1706 55 17 bush.

1455 1733 61 18 Those
1524 1733 57 22 likely
1591 1734 20 16 to
1621 1732 66 18 tender
1701 1733 29 18 for
1744 1733 32 18 the
1793 1734 75 22 carting

1433 1757 20 16 of
1461 1757 82 22 supplies
1549 1757 48 17 from
1605 1756 32 17 the
1643 1756 84 22 Railway
1735 1756 74 18 Station
1816 1758 50 19 here,

1433 1781 19 16 to
1461 1780 32 17 the
1508 1780 127 17 Government
1649 1780 49 16 store
1711 1781 21 15 at
1748 1780 24 17 Te
1789 1780 77 21 Whaiti,

1432 1808 32 12 are
1480 1803 97 17 reminded
1590 1803 43 16 that
1649 1802 48 17 their
1714 1803 53 17 offers
1844 1803 24 18 be

1432 1826 70 23 lodged
1518 1826 47 17 with
1585 1826 32 17 Mr
1636 1826 77 20 Turner,
1737 1826 120 22 engineer-in-

1433 1850 69 21 chargo
1511 1851 20 15 at
1540 1850 85 18 Galatea,
1636 1850 34 15 not
1678 1849 48 17 later
1734 1850 47 16 than
1795 1850 60 17 Thurs-

1433 1872 36 23 day
1478 1872 45 17 24th
1532 1873 44 16 inst.

1456 1900 17 17 A
1482 1899 83 24 meeting
1573 1900 20 16 of
1602 1899 32 17 the
1646 1899 120 22 preliminary
1780 1900 75 19 commit-

1433 1924 29 16 tee
1480 1924 20 16 of
1516 1923 33 17 the
1563 1923 84 17 Rotorua
1661 1922 42 17 Fire
1716 1923 81 22 Brigade
1814 1924 54 17 takes

1433 1946 52 22 place
1494 1946 19 17 in
1522 1946 32 17 the
1563 1945 87 23 Reading
1658 1945 60 18 Boom
1726 1946 88 22 to-night
1822 1949 20 15 at
1856 1948 11 15 S

1433 1969 76 20 o'clock,
1520 1969 38 17 and
1574 1975 11 10 a
1599 1968 77 23 general
1690 1969 82 22 meeting
1787 1970 20 17 of
1821 1970 35 17 sub-

1433 1992 83 20 scribers,
1527 1992 91 17 members
1626 1991 38 17 and
1669 1992 100 22 intending
1775 1993 93 17 members

1434 2015 37 17 will
1480 2015 22 17 be
1511 2015 44 18 bold
1564 2021 24 11 on
1598 2015 69 21 Friday
1680 2015 61 21 night,
1758 2022 49 11 same
1821 2017 46 17 time

1432 2038 37 17 and
1478 2039 59 21 place,
1548 2038 54 17 when
1609 2038 31 17 the
1649 2035 81 25 Brigade
1739 2039 38 16 will
1786 2039 23 17 be
1823 2046 33 16 per-

1433 2062 97 20 manently
1539 2061 78 17 formed.

1454 2091 40 17 The
1502 2091 110 17 alterations
1620 2091 21 16 to
1658 2091 32 16 the
1707 2091 84 17 Rotorua
1807 2092 60 17 Hotel

1432 2114 61 17 which
1503 2115 40 16 Mrs
1551 2114 94 17 Morrison
1651 2114 77 17 deemed
1734 2120 97 16 necessary
1842 2121 25 12 on

1432 2138 96 21 resuming
1540 2137 33 17 the
1584 2138 133 21 management
1723 2142 31 12 are
1760 2143 42 11 now
1809 2138 58 23 being

1432 2160 70 16 carried
1519 2161 33 16 out
1570 2159 109 23 vigorously
1700 2160 38 16 and
1754 2161 111 22 effectively.

1430 2183 120 20 Meanwhile,
1569 2183 32 17 the
1621 2182 140 23 re-furnishing
1776 2183 16 18 is
1808 2184 59 21 being

1430 2206 104 22 proceeded
1548 2206 46 17 with
1611 2206 38 16 and
1665 2206 32 16 the
1714 2206 57 17 house
1787 2208 40 16 will
1843 2207 24 17 be

1430 2229 57 22 again
1496 2229 58 22 ready
1562 2230 30 16 for
1600 2228 32 18 the
1641 2229 94 22 reception
1744 2230 20 17 of
1773 2232 65 20 guests
1846 2231 20 16 in

1430 2249 33 19 the
1470 2258 64 12 course
1543 2253 19 16 of
1571 2258 10 10 a
1590 2253 37 16 few
1638 2251 52 23 days.

1454 2281 33 17 We
1496 2281 117 17 understand
1621 2281 44 16 that
1675 2281 32 16 Mr
1715 2282 75 21 Teasey,
1801 2288 54 17 repre-

1430 2305 77 21 senting
1518 2305 32 16 the
1558 2305 42 16 firm
1610 2304 20 17 of
1638 2303 18 18 J.
1666 2304 81 22 Wright,
1757 2305 108 23 Tauranga,

1430 2328 39 16 will
1477 2328 48 16 have
1534 2328 30 16 for
1572 2327 38 18 sale
1618 2329 21 14 at
1653 2327 31 16 Mr
1700 2327 91 18 Seddon's
1808 2330 56 19 store,

1430 2350 85 22 opposite
1526 2351 31 17 the
1572 2350 115 20 Post-office,
1703 2357 11 10 a
1722 2351 63 17 choice
1794 2354 61 15 assort-

1430 2376 52 14 ment
1491 2374 19 16 of
1520 2374 63 16 ladies'
1595 2379 61 16 capes,
1672 2375 98 20 costumes,
1788 2377 76 18 corsets,

1430 2396 80 21 blouses,
1521 2397 87 17 trimmed
1617 2397 48 19 hats,
1682 2396 53 22 boys'
1752 2397 38 18 and
1806 2399 60 16 men's

1430 2420 91 22 clothing,
1532 2421 35 16 etc.
1593 2420 30 17 All
1634 2419 38 17 will
1681 2420 22 17 be
1717 2420 40 17 sold
1771 2422 20 16 at
1799 2421 67 18 lowest

1430 2443 59 21 prices
1498 2444 30 16 for
1536 2444 50 16 cash.
1612 2442 39 18 The
1659 2442 37 18 sale
1710 2449 115 13 commences
1834 2446 21 16 to-

1430 2465 37 23 day
1476 2466 38 16 and
1522 2466 39 17 will
1578 2465 87 18 continue
1681 2466 70 22 during
1766 2467 99 23 Thursday

1430 2489 61 22 only.*

1453 2521 108 22 According
1569 2522 19 16 to
1597 2521 33 16 the
1642 2521 62 17 Home
1719 2522 147 21 correspondent

1430 2543 19 17 of
1458 2544 32 17 the
1499 2544 78 19 Herald,
1592 2543 78 23 writing
1682 2550 24 11 on
1721 2544 111 23 September
1848 2547 15 19 7,

1430 2567 31 16 Mr
1470 2567 21 16 L.
1502 2567 83 20 Nathan,
1596 2567 43 17 who
1647 2567 34 17 has
1689 2568 47 16 been
1750 2568 54 23 lying
1819 2569 36 17 seri-

1430 2590 54 22 ously
1492 2590 20 17 ill
1522 2592 20 15 at
1550 2590 90 22 Glasgow
1648 2590 29 17 for
1691 2596 50 12 some
1755 2592 46 16 time
1815 2594 48 20 past,

1429 2613 15 16 is
1453 2619 45 16 very
1507 2613 56 17 much
1572 2613 67 21 better,
1650 2613 38 17 and
1695 2613 16 17 it
1719 2614 16 16 is
1747 2614 61 22 hoped
1823 2615 42 17 that

1429 2636 24 17 he
1468 2636 38 17 will
1520 2637 23 16 be
1557 2637 113 21 sufficiently
1686 2637 98 17 recovered
1797 2639 21 16 to
1832 2640 33 20 get

1429 2659 58 17 about
1503 2660 56 22 again
1574 2660 20 16 in
1608 2659 32 17 the
1656 2665 65 12 course
1735 2661 20 16 of
1771 2661 32 17 the
1818 2663 47 15 next

1429 2682 52 17 week
1489 2689 21 11 or
1520 2684 44 16 two.
1590 2683 30 17 He
1628 2688 39 11 was
1675 2683 56 17 much
1740 2684 87 21 gratified
1843 2686 20 16 at

1428 2706 96 22 receiving
1540 2712 11 10 a
1564 2705 46 17 kind
1625 2711 84 17 message
1726 2707 20 17 of
1762 2708 103 22 sympathy

1430 2729 49 16 from
1487 2729 30 17 Sir
1526 2729 73 23 George
1608 2729 56 22 Grey.

1453 2757 38 18 The
1500 2758 62 22 petitir
1568 2764 12 11 n
1594 2759 20 16 to
1627 2757 33 18 the
1674 2758 87 18 Minister
1774 2760 20 16 of
1811 2760 43 16 Rail-

1429 2786 57 16 ways,
1505 2781 70 23 calling
1592 2782 30 16 for
1637 2787 12 10 a
1663 2782 43 16 trial
1722 2782 21 17 of
1759 2783 32 16 the
1806 2783 58 22 Stage

1429 2803 74 22 System
1512 2809 51 17 upon
1572 2810 51 11 some
1632 2804 69 18 section
1710 2806 21 16 of
1736 2811 35 11 our
1776 2806 89 22 railways

1428 2827 16 16 is
1452 2827 58 22 being
1519 2827 121 22 numerously
1646 2827 73 22 signed.
1743 2829 39 17 The
1791 2829 60 17 advan-

1428 2851 55 21 tages
1491 2850 21 17 of
1520 2850 38 18 this
1566 2851 70 21 system
1645 2856 44 11 over
1697 2851 32 18 the
1738 2851 31 18 old
1783 2852 81 23 mileage

1428 2872 46 23 plan
1483 2873 47 17 have
1538 2874 47 16 been
1594 2873 71 22 proved
1673 2874 46 17 both
1736 2874 19 17 in
1769 2875 95 23 Hungary

1428 2896 38 16 and
1475 2896 67 17 Russia
1551 2896 37 17 and
1597 2896 32 17 the
1638 2896 69 23 partial
1715 2898 44 17 trial
1768 2898 54 18 made
1840 2904 25 12 on

1428 2919 33 17 the
1470 2919 112 23 Whangerei
1591 2919 37 17 line
1642 2925 39 11 was
1694 2922 48 15 most
1755 2921 107 17 successful.

1428 2942 39 17 The
1476 2943 80 21 petition
1562 2942 39 17 still
1610 2943 33 16 lies
1653 2943 29 16 for
1691 2943 95 23 signature
1801 2946 20 15 at
1833 2945 32 16 Mr

1428 2964 127 23 Neighbour's
1564 2966 19 16 in
1592 2966 33 16 the
1639 2965 31 17 old
1681 2967 94 22 township
1789 2968 39 17 and
1844 2969 21 16 at

1428 2988 33 16 the
1468 2989 117 17 Cuhoxiclk
1594 2989 59 17 office.

1451 3016 66 17 Teams
1527 3016 130 22 representing
1665 3016 84 18 Rotorua
1757 3018 38 17 and
1804 3018 48 18 Roto-

1428 3039 22 16 iti
1459 3040 62 16 strove
1530 3040 29 16 for
1567 3039 33 17 the
1609 3041 82 20 mastery
1703 3046 25 11 on
1736 3041 32 17 the
1778 3041 86 17 Pukeroa

1428 3067 25 12 on
1462 3062 95 22 Saturday
1565 3063 100 16 afternoon
1674 3063 60 20 when,
1742 3064 49 17 after
1796 3070 25 11 an
1830 3070 22 12 ex-

1428 3085 60 22 citing
1496 3091 61 17 game,
1567 3086 74 21 victory
1649 3085 86 18 declared
1743 3086 52 17 itself
1800 3093 25 11 on
1831 3088 33 17 the

1428 3108 39 17 side
1475 3109 19 16 of
1503 3109 32 16 the
1543 3109 49 17 local
1606 3114 43 11 men
1661 3108 27 22 by
1703 3110 21 16 15
1735 3110 63 21 points
1811 3112 21 16 to
1846 3112 17 16 3.

1428 3131 28 17 W.
1470 3131 77 22 Dansey
1555 3131 100 23 captained
1663 3131 33 18 the
1703 3131 49 18 local
1760 3134 56 20 team,
1827 3134 38 16 and

1428 3154 64 17 Hoani
1502 3155 79 16 Ratema
1598 3154 32 17 the
1639 3154 80 18 visitors.
1744 3156 38 17 The
1791 3157 72 17 Rotoiti

1428 3183 44 11 men
1480 3177 69 22 played
1557 3183 24 11 an
1590 3177 93 18 excellent
1698 3184 54 16 game
1769 3180 84 17 consider-

1428 3201 34 21 ing
1470 3201 33 16 the
1511 3201 39 17 fact
1559 3201 43 16 that
1610 3201 46 21 they
1662 3201 38 17 had
1708 3207 25 11 no
1739 3203 124 22 opportunity

1429 3224 29 16 for
1467 3224 99 17 combined
1574 3224 87 22 practice.
1686 3224 50 22 Only
1742 3225 53 17 three
1804 3226 61 17 minor

1428 3246 99 18 casualties
1536 3253 48 11 were
1595 3246 94 23 reported.

1451 3278 40 17 The
1507 3278 116 22 Wellington
1639 3279 145 21 correspondent
1797 3281 21 16 of
1832 3281 33 17 the

1428 3302 101 15 Auckland
1545 3302 73 16 Herald
1632 3302 68 18 states:
1701 3303 63 16 —The
1778 3303 73 17 Govern-

1428 3325 53 15 ment
1489 3324 35 17 has
1532 3324 60 17 under
1600 3324 137 18 consideration
1746 3326 32 16 the
1792 3332 60 12 recom-

1428 3347 110 17 mendation
1547 3347 20 17 of
1579 3347 32 17 the
1620 3347 99 23 Inspector
1732 3349 20 16 of
1766 3349 99 22 Hospitals

1428 3370 48 19 that,
1491 3370 20 17 in
1528 3371 48 16 view
1593 3371 20 16 of
1625 3370 33 17 the
1674 3370 106 24 increasing
1796 3373 69 16 tourist

1428 3392 66 20 traffic,
1513 3399 11 11 a
1539 3393 150 22 comprehensive
1703 3394 73 17 scheme
1791 3396 30 15 for
1834 3396 20 16 in-

1428 3416 86 21 creasing
1520 3416 33 17 the
1557 3417 47 16 bath
1611 3417 160 17 accommodation
1778 3419 21 15 at
1804 3418 48 17 Roto-

1428 3444 35 11 rua
1479 3439 68 17 should
1560 3439 24 17 be
1599 3439 123 21 undertaken,
1740 3440 38 17 and
1794 3441 43 17 that
1853 3447 12 10 a

1428 3462 110 21 gentleman
1547 3462 66 17 skilled
1623 3462 19 17 in
1651 3462 31 17 the
1697 3465 133 21 management
1844 3464 21 17 of

1429 3481 122 21 Continental
1559 3483 58 19 baths
1625 3485 67 17 should
1701 3486 23 16 be
1731 3486 85 23 brought
1823 3488 39 16 out.

1428 3507 39 17 The
1476 3507 104 17 intentions
1588 3508 21 17 of
1618 3508 31 16 the
1659 3508 126 18 Government
1794 3509 38 17 will
1841 3510 23 16 be

1429 3530 54 17 made
1491 3530 70 18 known
1570 3531 49 16 later
1627 3537 31 10 on.

1452 3559 32 16 Mr
1492 3559 81 22 Phillips
1581 3559 38 17 and
1627 3559 29 18 hie
1671 3560 44 17 staff
1729 3561 21 16 of
1766 3561 98 17 assistants

1428 3587 32 11 are
1468 3582 40 16 still
1523 3582 63 21 busily
1599 3582 87 23 engaged
1699 3583 20 16 in
1733 3583 85 23 defining
1832 3584 32 17 the

1428 3604 58 17 levels
1494 3605 21 16 of
1523 3605 33 17 the
1571 3606 57 16 town.
1660 3605 24 17 In
1695 3605 85 18 addition
1794 3608 21 15 to
1831 3607 33 17 the

1428 3629 113 20 permanent
1548 3628 57 17 levels
1614 3628 21 17 of
1650 3628 32 17 the
1696 3629 75 17 various
1784 3629 81 17 sections

1429 3650 31 17 Mr
1470 3650 86 22 Phillips'
1566 3651 51 16 work
1632 3651 38 16 will
1686 3651 75 18 include
1775 3652 32 17 the
1820 3658 33 16 pre-

1428 3673 89 22 paration
1526 3674 20 16 of
1560 3679 13 11 a
1580 3679 44 16 map
1637 3673 106 23 absolutely
1757 3675 61 22 fixing
1831 3676 32 16 the

1428 3695 117 23 alignments
1561 3697 21 15 of
1599 3697 33 15 the
1649 3698 65 15 streets
1731 3697 38 17 and
1785 3698 79 22 thereby

1429 3719 114 21 preventing
1554 3719 33 16 the
1601 3719 106 22 possibility
1721 3720 19 17 of
1754 3721 63 17 future
1830 3727 22 11 en-

1429 3741 130 17 croachments
1567 3747 25 11 on
1601 3742 32 16 the
1642 3742 150 22 thoroughfares.
1801 3744 52 17 -Stan-

1429 3764 57 16 dards
1503 3765 20 16 of
1539 3765 86 16 concrete
1641 3770 31 11 are
1688 3765 57 22 being
1761 3766 67 22 placed
1844 3768 19 16 in

1428 3787 83 21 position
1519 3788 21 15 to
1548 3787 62 17 which
1619 3787 32 17 the
1660 3793 74 13 corners
1742 3789 20 17 of
1772 3789 32 17 the
1813 3791 40 16 vari-

1430 3815 33 10 ous
1471 3809 66 17 blocks
1552 3810 38 17 will
1603 3810 23 17 be
1752 3812 45 17 Iron
1813 3813 51 17 bolts

1429 3831 48 17 have
1486 3832 47 17 been
1543 3832 64 18 driven
1616 3833 40 17 into
1665 3834 32 16 the
1711 3835 74 22 ground
1799 3837 20 15 at
1832 3836 32 17 the

1429 3855 58 16 street
1496 3855 66 22 angles
1575 3856 62 16 where
1653 3857 80 17 sections
1741 3864 31 10 are
1787 3859 77 21 already

1429 3877 72 20 fenced,
1516 3878 38 17 and
1566 3879 62 16 totara
1645 3885 46 17 pegs
1703 3880 66 22 placed
1783 3886 25 12 on
1822 3887 31 12 cor-

1428 3905 35 11 ner
1471 3900 109 18 allotments
1588 3903 35 15 not
1630 3903 33 20 yet
1671 3903 95 22 occupied.
1790 3904 21 17 It
1820 3910 44 16 may

1429 3923 23 17 be
1458 3923 68 21 stated,
1534 3930 22 10 en
1566 3926 83 19 passant,
1658 3925 43 17 that
1708 3932 25 11 no
1742 3926 45 18 such
1796 3933 68 16 survey

1429 3945 34 18 has
1479 3946 48 17 been
1543 3947 54 16 made
1611 3947 60 18 either
1691 3948 19 17 in
1728 3949 99 17 Auckland
1844 3956 21 11 or

1429 3968 118 23 Wellington
1560 3970 61 17 which
1642 3973 89 16 accounts
1738 3972 31 17 for
1776 3972 33 17 the
1816 3973 38 16 irre-

1430 3991 84 23 gularity
1526 3992 21 17 in
1555 3992 106 23 alignment
1667 3994 19 16 of
1696 4000 58 17 many
1768 3995 96 24 buildings

1428 4015 20 16 in
1455 4015 32 17 the
1496 4016 66 16 streets
1571 4016 20 16 of
1599 4016 54 17 those
1666 4017 57 17 cities.

1510 4046 51 18 FOR
1569 4047 52 17 THE
1636 4047 149 20 SICK-ROOM,

1430 4090 78 17 Wolfe's
1517 4090 99 23 Schnapps
1624 4091 16 16 is
1648 4092 33 17 the
1695 4093 57 17 safest
1766 4093 38 18 and
1816 4095 50 16 most

1430 4113 84 17 effective
1524 4119 70 17 among
1604 4113 118 26 stimulants;
1736 4116 15 16 is
1759 4116 107 23 absolutely

1430 4142 52 15 pure,
1492 4142 11 11 a
1512 4136 84 21 salutary
1606 4137 38 16 and
1652 4137 96 20 palatable
1759 4140 106 16 corrective.

1908 136 40 16 The
1960 135 77 17 Gazette
2050 133 75 17 notifies
2138 133 44 17 that
2197 131 123 23 applications

1885 159 31 17 for
1923 158 91 22 partition
2023 156 107 23 respecting
2138 156 33 17 the
2183 154 55 18 lands
2251 154 69 17 known

1885 188 21 11 as
1923 180 109 20 Whirinaki,
2055 180 110 16 Kuhawaea
2181 177 39 18 and
2235 177 85 17 Heruiwi

1885 204 38 17 and
1932 203 124 23 applications
2066 203 28 17 for
2103 202 33 17 the
2148 202 145 16 determination
2301 201 21 17 of

1885 228 78 17 relative
1981 227 87 16 interests
2084 227 20 15 at
2120 224 26 18 Te
2164 223 71 20 Koutu,
2252 223 21 17 in
2289 223 32 17 the

1885 251 64 22 parish
1958 250 21 17 of
1986 249 33 17 the
2026 249 85 21 railway,
2129 248 101 19 Okataina,
2245 246 63 17 Okohc-

1886 274 42 20 rita,
1938 271 151 19 Rotohokahoka
2101 270 38 18 and
2153 271 75 18 Xaitao,
2244 269 39 17 will
2298 269 24 17 be

1886 296 59 18 heard
1953 298 20 14 at
1981 295 33 17 the
2021 294 70 18 Native
2100 293 55 17 Land
2164 294 58 16 Court
2237 293 85 16 Rotorua

1886 326 25 11 on
1930 319 82 17 October
2032 319 41 15 31st
2089 317 38 17 and
2148 315 99 23 following
2268 315 52 22 days.

1886 343 80 17 Various
1986 341 54 17 other
2056 340 126 22 applications
2199 339 19 16 in
2242 338 80 17 relation

1886 368 21 15 to
1916 371 51 12 some
1975 364 20 17 of
2003 364 33 17 the
2049 361 272 22 Rotoniahana-Parekarangi

1887 388 73 20 Blocks,
1979 386 108 20 Okoheriki,
2099 386 26 17 Te
2138 385 73 17 Hukui.
2226 385 40 19 &c,
2283 385 39 16 will

1887 412 40 17 also
1934 411 24 17 be
1967 410 59 17 made.

1910 439 107 22 According
2037 439 20 16 to
2078 444 11 10 a
2113 437 79 18 Gazette
2211 436 62 17 notice
2290 436 32 17 the

1886 463 50 18 lease
1944 463 20 17 of
1972 468 35 11 one
2016 463 52 15 town
2076 460 37 17 and
2123 461 22 16 'i2
2155 460 50 17 rural
2214 459 80 17 sections
2302 459 20 16 in

1887 487 84 16 Rotorua
1980 485 39 17 will
2026 484 24 17 be
2059 483 70 18 offered
2137 483 27 22 by
2172 482 76 18 auction
2257 484 20 14 at
2290 482 32 17 the

1887 509 64 18 Lands
1959 508 38 17 and
2013 507 72 22 Survey
2099 506 63 20 Office,
2177 505 106 20 Auckland,
2298 511 24 11 on

1887 532 107 18 November
2002 531 51 17 29th.
2078 530 39 17 The
2126 531 52 15 town
2187 529 70 16 section
2263 528 15 17 is
2285 528 36 17 No.

1887 557 10 15 5
1906 556 21 17 of
1932 554 58 18 Block
1996 555 28 19 29,
2034 552 82 19 situated
2122 553 21 16 in
2151 552 96 22 Haupapa
2254 551 67 20 Street,

1887 579 84 16 between
1987 576 104 18 Tutanekai
2108 575 38 17 and
2160 575 80 17 Amohia
2249 576 72 18 streets,

1887 602 38 16 and
1933 601 34 17 has
1976 601 47 16 been
2030 601 36 21 put
2074 605 32 16 up,
2120 604 28 11 we
2162 597 122 20 understand,
2298 603 24 12 on

1887 625 33 17 the
1925 623 114 23 application
2045 623 21 17 of
2069 623 32 16 the
2107 621 133 23 Presbyterian
2248 620 74 17 Church

1887 646 136 23 congregation
2031 646 43 16 who
2083 645 40 17 find
2136 645 33 17 the
2183 644 34 18 site
2233 644 90 21 formerly

1887 662 78 27 selected
1975 670 25 21 by
2009 669 51 17 them
2069 669 20 16 in
2098 669 102 16 Pukuatua
2212 667 62 17 Street
2287 672 24 12 un-

1887 693 87 18 suitable.
1998 693 39 16 The
2045 692 51 17 rural
2106 691 79 18 sections
2195 690 90 22 comprise
2298 689 25 18 all

1887 716 69 19 offered
1965 717 21 16 at
1993 715 37 17 last
2039 715 38 16 sale
2085 715 46 16 with
2139 714 33 17 the
2189 713 99 22 exception
2304 714 20 16 of

1887 741 54 16 those
1948 740 46 16 then
2002 738 47 18 sold.
2075 738 29 17 On
2113 743 36 11 one
2158 738 20 16 of
2186 737 59 17 these,
2252 736 70 17 section

1887 764 30 19 43,
1927 768 31 12 are
1966 762 146 21 improvements
2122 760 69 17 valued
2199 761 20 15 at
2229 759 50 17 £486
2287 760 35 16 los.

1911 793 20 16 It
1939 792 16 16 is
1961 797 24 11 an
1994 790 112 22 unpleasant
2115 789 96 17 reflection
2219 794 25 12 on
2252 794 12 11 a
2272 790 51 15 town

1888 815 62 17 which
1959 820 38 10 was
2006 819 46 11 once
2061 813 123 17 enthusiastic
2190 818 44 11 ovur
2241 811 84 18 Athletic

1888 839 92 21 meetings
1989 839 20 15 to
2017 836 40 17 find
2066 836 43 17 that
2117 842 11 10 a
2137 836 42 17 lack
2188 836 20 17 of
2216 835 78 16 interest
2308 835 16 16 is

1887 868 44 11 now
1939 861 65 17 shown
2020 860 77 16 in-such
2115 860 84 16 matters.
2232 858 40 16 Our
2286 858 28 16 fre-

1888 886 58 21 quent
1961 883 79 17 football
2055 883 131 16 tournaments
2203 881 63 17 evince
2279 887 45 16 very

1887 908 73 22 plainly
1969 907 42 17 that
2019 912 35 11 our
2061 911 67 17 young
2136 911 43 11 men
2187 910 31 11 are
2227 910 20 11 as
2264 904 60 17 sound

1888 931 20 17 in
1917 930 55 20 wind,
1983 929 51 20 limb,
2044 929 49 16 bone
2102 928 37 17 and
2153 928 70 17 muscle
2237 933 20 10 as
2271 927 53 18 those

1888 954 43 17 who
1941 959 31 12 are
1981 952 83 23 opposed
2073 953 20 15 to
2102 952 59 18 them,
2171 950 38 18 and
2217 950 53 17 there
2275 950 16 17 is
2300 957 24 11 no

1889 977 60 17 doubt
1958 976 42 17 that
2009 982 23 10 an
2042 975 54 17 effort
2105 976 20 16 to
2134 975 63 16 revive
2205 974 32 16 the
2246 974 78 17 athletic

1889 1000 111 23 gatherihgs
2010 1000 20 16 at
2044 1003 35 12 one
2092 998 46 17 time
2153 1004 21 11 so
2187 997 81 22 popular
2280 997 44 17 here

1889 1023 39 18 will
1948 1023 49 17 meet
2017 1022 46 16 with
2084 1027 45 16 very
2150 1021 67 21 hearty
2238 1022 85 20 support.

1890 1047 48 17 Such
1948 1052 24 11 an
1981 1045 54 17 effort
2049 1045 16 17 is
2078 1044 59 17 about
2152 1045 20 16 to
2189 1044 23 17 be
2228 1043 55 17 made
2299 1043 25 23 by

1889 1070 69 17 Messrs
1968 1069 77 21 Stanley
2054 1067 37 17 and
2101 1067 83 17 O'Keefe
2192 1067 41 16 who
2243 1072 81 12 convene

1889 1099 10 11 a
1916 1093 84 21 meeting
2016 1092 20 16 of
2052 1091 118 21 community
2187 1091 20 16 at
2223 1090 33 16 the
2273 1090 51 17 Lake

1889 1116 65 17 House
1962 1115 59 18 Hotel
2029 1120 25 11 on
2063 1114 70 22 Friday
2143 1114 56 22 night

1912 1145 34 17 We
1954 1145 48 16 have
2008 1146 20 15 to
2038 1142 135 22 acknowledge
2182 1142 70 22 receipt
2259 1142 21 17 of
2292 1142 32 17 the

1889 1168 81 18 October
1979 1167 78 17 number
2066 1166 21 18 of
2091 1166 33 17 the
2153 1165 87 22 Helping

1889 1192 32 18 the
1929 1190 76 24 journal
2017 1190 20 17 of
2052 1190 32 16 the
2098 1189 100 17 Auckland
2212 1189 79 16 Mission
2305 1189 20 16 of

1889 1216 43 16 that
1946 1219 60 12 name.
2031 1213 20 17 It
2065 1213 22 20 is,
2102 1219 20 10 as
2137 1211 61 21 usual,
2213 1212 35 17 full
2261 1212 21 17 of
2294 1211 20 17 in-

1889 1238 92 22 teresting
1997 1237 78 20 reading
2089 1237 75 19 matter,
2180 1235 83 22 ranging
2276 1235 48 16 from

1889 1261 79 23 graphic
1977 1260 122 21 descriptions
2108 1260 20 16 of
2136 1258 61 18 travel
2205 1260 20 15 to
2241 1264 51 11 news
2305 1258 20 17 of

1889 1285 33 17 the
1930 1284 89 18 churches
2028 1283 120 22 throughout
2160 1282 33 17 the
2206 1281 65 20 world,
2287 1281 38 17 and

1889 1309 15 16 is
1913 1314 12 10 a
1933 1307 59 17 credit
2000 1308 19 16 to
2028 1306 25 17 all
2063 1305 104 18 concerned
2175 1305 20 16 in
2204 1305 24 16 its
2243 1304 70 22 produc-

1890 1331 45 20 tion,
1945 1331 57 21 being
2010 1329 71 21 utterly
2090 1328 68 17 devoid
2165 1328 20 17 of
2190 1328 134 17 sectarianism.

1890 1355 30 16 Mr
1929 1353 97 19 Muldoon,
2036 1352 38 18 late
2083 1352 20 17 of
2111 1352 32 17 the
2150 1351 84 19 Mission,
2243 1350 42 17 who
2291 1350 34 17 lias

1889 1378 47 17 been
1944 1376 115 21 conducting
2068 1375 32 17 the
2110 1374 132 23 Presbyterian
2256 1373 69 18 service

1889 1401 44 17 here
1942 1401 29 16 for
1979 1399 32 18 the
2020 1401 43 21 past
2077 1400 38 15 two
2129 1397 87 23 Sundays
2231 1397 33 17 has
2277 1397 48 17 been

1889 1422 101 19 successful
2010 1423 20 16 in
2046 1422 88 22 securing
2150 1427 57 16 many
2222 1425 41 12 new
2280 1420 33 17 sub-

1889 1447 78 17 scribers
1976 1447 29 16 for
2018 1446 38 16 this
2071 1444 59 23 really
2146 1443 100 19 estimable
2259 1443 66 22 family

1890 1469 103 23 magazine.

1912 1502 39 17 The
1957 1500 151 19 announcement
2114 1500 20 17 of
2139 1500 32 17 the
2197 1499 38 22 Spa
2258 1497 65 21 Hotel,

1889 1525 71 22 Taupo,
1968 1524 62 17 which
2038 1529 79 16 appears
2133 1523 105 19 elsewhere,
2249 1521 75 23 maybe

1889 1547 68 18 looked
1965 1553 51 17 upon
2023 1553 21 11 as
2050 1554 12 9 a
2071 1545 103 24 harbinger
2182 1546 20 17 of
2211 1545 32 17 the
2250 1544 75 23 coming

1889 1571 69 18 tourist
1967 1576 70 11 season.
2063 1570 56 17 After
2127 1576 11 10 a
2151 1569 68 17 winter
2228 1568 21 17 of
2256 1573 57 17 excep-

1889 1594 60 18 tional
1958 1594 80 21 severity
2056 1593 54 17 those
2126 1592 66 18 versed
2209 1592 19 16 in
2244 1590 81 19 weather

1889 1618 40 18 lore
1936 1623 32 11 are
1976 1616 81 18 inclined
2063 1618 19 15 to
2090 1616 54 17 think
2151 1616 43 16 that
2200 1615 37 17 this
2244 1620 81 11 summer

1890 1641 38 17 will
1936 1641 24 16 be
1968 1641 20 16 of
1996 1640 46 22 long
2053 1638 95 19 duration.
2174 1639 43 16 This
2226 1638 59 22 being
2292 1638 33 17 the

1890 1670 41 11 case
1939 1671 11 10 a
1959 1664 51 21 large
2019 1663 94 17 accession
2127 1662 20 17 of
2163 1662 78 17 tourists
2250 1667 43 16 may
2302 1660 23 19 be

1889 1687 68 18 looked
1965 1687 35 19 for,
2010 1686 37 17 and
2064 1687 21 16 to
2102 1686 44 17 such
2164 1685 33 17 the
2214 1685 111 16 attractions

1889 1710 69 18 offered
1967 1712 20 15 at
1995 1710 32 16 the
2037 1707 11 24 ''
2056 1709 38 22 Spa
2101 1707 11 24 ''
2126 1708 68 23 appeal
2204 1709 48 16 most
2261 1707 53 17 favor-

1889 1734 50 22 ably.
1965 1734 24 17 In
2006 1733 84 17 addition
2108 1733 20 16 to
2144 1732 33 17 the
2195 1730 130 18 innumerable

1889 1756 75 18 natural
1974 1756 85 17 wonders
2075 1756 20 16 in
2112 1756 32 16 the
2161 1754 78 22 vicinity
2256 1754 20 16 of
2292 1754 33 17 the

1889 1780 58 18 house
1956 1778 56 21 itself,
2022 1778 99 22 including
2132 1778 33 18 the
2172 1778 73 17 famous
2254 1777 70 17 Crow's

1889 1804 47 16 Nest
1945 1804 75 21 Geyser,
2030 1803 74 16 visitors
2116 1807 31 11 arc
2160 1800 95 22 conveyed
2264 1801 20 16 to
2292 1800 33 17 the

1890 1826 58 18 Huka
1958 1826 51 17 Falls
2017 1827 38 16 free
2064 1826 21 17 of
2093 1825 76 21 charge,
2186 1824 39 17 and
2241 1824 20 16 at
2277 1825 48 15 most

1889 1850 95 17 moderate
1993 1851 48 15 rates
2050 1850 20 16 to
2079 1848 32 18 the
2120 1848 55 17 other
2190 1847 64 23 points
2266 1847 21 17 of
2295 1846 20 17 in-

1889 1874 57 16 terest
1955 1873 18 17 in
1983 1873 31 17 the
2022 1871 150 23 neighborhood.

1912 1903 31 16 Mr
1952 1901 17 18 J.
1981 1901 25 18 11.
2014 1901 98 19 Muldoon,
2122 1901 21 17 of
2152 1900 105 19 Auckland,
2268 1899 56 21 again

1889 1926 92 17 officiated
1990 1926 18 15 in
2018 1925 32 16 the
2058 1924 133 22 Presbyterian
2202 1922 74 18 Church
2288 1922 36 17 last

1889 1948 83 22 Sunday.
1998 1948 22 17 In
2029 1948 33 16 the
2070 1948 90 21 morning:
2168 1948 23 16 he
2197 1945 94 18 delivered
2300 1952 23 10 an

1888 1972 113 22 interesting;
2009 1971 94 17 discourse
2112 1971 49 17 from
2170 1971 46 16 Rev.
2227 1974 21 15 11,
2258 1974 18 12 v.
2296 1969 27 20 10,

1943 1995 47 17 thou
1999 1994 77 17 faithful
2086 1996 46 15 unto
2253 1992 24 17 In
2291 1992 33 17 the

1889 2018 80 22 evening;
1977 2018 23 16 he
2009 2018 54 16 chose
2077 2018 30 16 for
2120 2018 32 16 the
2169 2016 74 22 subject
2259 2016 20 16 of
2295 2015 29 17 his

1889 2041 99 20 discourse,
1998 2040 53 18 Luke
2058 2045 34 15 xv,
2103 2046 17 10 v.
2131 2042 16 18 'J,
2234 2039 46 17 Man
2294 2044 20 11 re-

1889 2065 72 16 ceivcth
2080 2063 38 18 and
2135 2062 102 19 succeeded
2252 2061 27 23 by
2295 2061 28 18 his

1889 2087 78 22 graphic
1975 2087 123 17 illustrations
2110 2086 37 17 and
2162 2088 49 15 terse
2228 2091 82 11 commen-

1889 2111 56 16 taries
1954 2110 19 17 in
1983 2110 104 22 conveying
2096 2112 20 14 to
2124 2110 33 16 the
2167 2109 61 18 minds
2237 2108 19 17 of
2270 2108 53 17 those

1888 2135 76 20 present
1971 2138 57 17 many
2036 2133 56 16 homo
2098 2133 70 16 truths.
2193 2132 31 16 Mr
2231 2131 91 17 Muldoon

1889 2156 69 22 during
1961 2156 29 17 his
1994 2156 51 17 short
2051 2157 42 21 stay
2100 2155 43 18 here
2149 2155 34 17 has
2189 2154 54 17 made
2248 2154 76 17 himself

1888 2185 57 16 many
1955 2178 74 21 friends,
2039 2178 38 17 and
2086 2179 16 16 it
2111 2178 15 17 is
2138 2180 34 15 not
2185 2177 84 21 unlikely
2281 2177 42 17 that

1888 2208 95 12 overtures
1992 2208 43 16 may
2043 2202 24 17 be
2076 2201 55 17 made
2140 2203 19 15 to
2169 2201 32 17 the
2209 2201 112 22 Fresuviery

1888 2226 46 16 with
1943 2231 11 12 a
1970 2225 47 17 view
2030 2227 20 15 to
2065 2225 88 22 securing
2166 2225 29 17 his
2212 2225 111 21 permanent

1888 2249 94 17 residence
1990 2249 18 16 in
2020 2248 91 18 Rotorua.

1912 2277 40 17 Our
1971 2277 146 22 correspondent
2136 2277 21 16 in
2177 2276 32 17 the
2234 2276 89 17 Urewera

1888 2302 80 20 country
1977 2300 76 22 writing
2062 2301 49 16 from
2124 2300 117 17 Rautawhiri
2255 2301 21 14 at
2290 2299 33 17 the

1888 2324 36 17 end
1933 2324 20 17 of
1965 2324 37 17 last
2014 2323 52 17 week
2079 2324 59 16 states
2145 2322 4 23 :
2151 2322 144 23 —Everything
2307 2322 16 18 is

1888 2347 38 17 still
1936 2347 52 22 quiet
2004 2347 49 17 here.
2078 2347 39 16 The
2131 2347 129 17 Government
2273 2347 50 16 store

1887 2370 15 17 is
1911 2376 43 11 now
1962 2369 72 18 located
2043 2371 20 16 at
2072 2370 25 17 Te
2106 2370 71 17 Whaiti
2185 2369 38 17 and
2236 2369 15 16 is
2265 2369 56 23 being

1887 2394 58 21 being
1958 2392 51 18 filled
2022 2399 25 16 up
2060 2393 47 16 with
2124 2392 66 23 goods.
2215 2392 59 17 There
2291 2398 31 11 are

1887 2416 53 18 three
1954 2418 58 15 teams
2029 2416 80 22 hauling
2124 2416 84 22 supplies
2223 2415 50 17 from
2289 2415 34 17 the

1888 2440 78 16 Galatea
1975 2441 55 15 store.
2055 2437 52 19 Pack
2116 2439 59 17 trains
2184 2444 35 12 run
2225 2439 32 16 the
2263 2440 59 15 stores

1888 2463 48 17 from
1945 2463 25 17 Te
1979 2462 70 17 Whaiti
2057 2464 20 15 to
2086 2462 33 17 the
2128 2468 93 16 camps.on
2230 2462 32 16 the
2269 2462 52 17 road.

1887 2486 39 17 The
1936 2486 81 17 furthest
2025 2485 46 17 road
2080 2491 55 17 camp
2142 2485 16 17 is
2173 2491 43 11 now
2232 2486 20 16 at
2267 2484 41 23 Nga-

1887 2510 67 21 putahi
1972 2510 20 15 10
2009 2508 53 18 miles
2078 2508 78 18 distant.
2182 2508 52 17 Most
2254 2508 20 16 of
2289 2508 25 17 tin-

1888 2538 60 15 gangs
1957 2538 31 10 are
1996 2532 19 16 in
2023 2538 46 16 very
2082 2531 61 23 heavy
2156 2531 104 17 rockwork.
2291 2531 32 17 Mr

1888 2555 103 22 Stubbings
2000 2555 15 17 is
2024 2554 65 21 ahead,
2100 2555 101 22 exploring
2209 2554 37 17 and
2261 2554 50 17 locat-

1886 2579 35 22 ing
1936 2579 33 16 the
1982 2578 45 17 road
2042 2578 48 17 from
2104 2578 145 22 Tarapounamu
2263 2579 20 15 to
2296 2578 25 17 Te

1887 2602 61 17 Mimi.
1973 2602 31 16 Mr
2013 2602 82 21 Reaney,
2105 2601 33 17 the
2145 2607 43 11 new
2199 2601 94 22 engineer,
2305 2601 16 17 is

1886 2625 92 22 expocted
1987 2630 54 16 ever}'
2050 2624 43 22 day.
2119 2625 39 16 The
2171 2625 43 16 four
2222 2623 60 23 police
2290 2630 31 11 are

1887 2648 93 17 stationed
1989 2649 19 15 at
2017 2648 25 17 Te
2051 2648 76 16 Whaiti.

1910 2676 26 17 At
1945 2675 32 17 the
1987 2675 62 17 Police
2058 2675 59 17 Court
2126 2681 24 11 on
2159 2675 85 21 Monday
2258 2674 63 17 before

1887 2699 31 17 Mr
1927 2700 20 16 C.
1958 2698 82 22 Malfroy
2049 2698 37 17 and
2096 2698 28 17 Dr
2132 2698 86 19 Ginders,
2233 2698 59 19 Js.P.,
2310 2704 11 10 a

1886 2728 66 16 young
1960 2728 43 10 man
2012 2727 37 11 was
2058 2722 85 21 brought
2151 2722 56 16 down
2216 2721 19 17 in
2243 2721 78 22 custody

1887 2745 49 17 from
1944 2745 25 17 Te
1978 2745 70 16 Whaiti
2056 2745 84 21 charged
2148 2745 47 16 with
2201 2744 121 22 committing

1886 2774 23 11 an
1919 2768 85 17 indecent
2013 2766 71 18 assault
2093 2773 50 17 upon
2152 2773 12 11 a
2171 2766 63 18 native
2240 2773 79 11 woman.

1886 2792 39 16 The
1934 2790 126 23 complainant
2070 2790 38 18 and
2121 2790 34 18 her
2170 2790 92 23 principal
2277 2790 33 17 wit-

1886 2820 48 15 ness,
1943 2821 12 10 a
1962 2814 62 17 native
2032 2813 43 23 boy,
2086 2814 71 22 having
2166 2814 47 17 been
2222 2813 99 17 examined

1886 2837 32 18 the
1927 2837 87 18 evidence
2022 2837 71 22 proved
2100 2837 21 16 of
2128 2837 47 17 such
2189 2843 11 10 a
2215 2836 95 17 contradic-

1886 2862 43 21 tory
1938 2862 66 15 nature
2013 2860 42 17 that
2063 2860 33 17 the
2105 2860 64 17 Bench
2178 2859 98 18 dismissed
2289 2860 32 16 the

1886 2889 47 12 case.
1959 2883 38 17 The
2005 2883 76 20 assault,
2091 2889 47 11 even
2149 2889 21 11 as
2185 2883 79 21 alleged,
2283 2889 38 11 was

1886 2909 34 15 not
1928 2907 20 17 of
1957 2912 11 11 a
1976 2906 70 17 serious
2054 2907 73 19 nature,
2137 2906 36 17 but
2178 2906 33 17 the
2218 2905 103 18 defendant

1886 2936 38 11 was
1933 2929 76 18 advised
2016 2929 26 22 by
2051 2929 32 17 the
2092 2929 64 17 Bench
2165 2931 20 15 to
2192 2929 23 16 be
2223 2935 53 10 more
2284 2929 27 17 cir-

1886 2954 96 21 cumspect
1990 2953 19 17 in
2020 2952 29 18 his
2063 2952 82 18 conduct
2159 2952 30 18 for
2202 2952 32 17 the
2250 2952 70 18 future.

1886 2976 24 17 In
1922 2976 33 17 the
1969 2982 65 11 course
2048 2976 20 17 of
2084 2975 32 17 the
2131 2975 80 22 enquiry
2223 2975 33 17 the
2269 2981 39 11 com-

1886 2999 86 23 plainant
1992 2998 91 17 admitted
2105 2999 73 21 having
2198 2998 57 17 taken
2276 3004 45 17 very

1886 3029 54 15 gross
1948 3022 82 17 liberties
2044 3022 45 16 with
2105 3022 33 17 the
2154 3021 104 18 defendant
2270 3022 52 22 prior

1886 3047 20 16 to
1922 3046 33 16 the
1964 3044 73 23 alleged
2053 3044 71 18 assault
2140 3045 37 17 and
2194 3044 32 17 she
2240 3050 38 11 was
2291 3045 20 17 in-

1887 3069 73 17 formed
1968 3069 42 16 that
2018 3067 75 23 though
2102 3068 32 16 the
2143 3068 37 17 law
2192 3067 84 17 afforded
2289 3068 32 16 the

1886 3092 61 17 Maori
1957 3097 19 12 as
1985 3091 55 17 much
2056 3091 106 21 protection
2178 3097 20 10 as
2213 3091 32 16 the
2260 3091 49 17 Euro-

1886 3121 54 16 pean,
1950 3115 16 16 it
1974 3120 37 11 was
2020 3114 109 17 incumbent
2138 3119 24 12 on
2175 3114 54 17 those
2244 3114 79 23 seeking

1886 3138 33 17 the
1928 3137 104 23 protection
2041 3137 21 17 of
2070 3137 33 17 the
2120 3137 60 17 Court
2192 3138 21 16 to
2228 3137 52 17 show
2296 3137 26 23 by

1886 3161 50 17 their
1956 3160 86 17 decorum
2063 3160 39 17 and
2118 3159 82 23 decency
2216 3160 44 17 that
2276 3161 45 21 they

1886 3190 49 9 were
1943 3183 79 16 entitled
2030 3184 20 15 to
2058 3183 23 16 it.

1908 3216 36 16 We
1952 3221 32 11 are
1992 3215 19 17 in
2020 3215 69 22 receipt
2098 3215 20 17 of
2126 3215 33 17 the
2187 3215 61 17 Guide
2253 3215 30 17 for
2288 3216 22 16 In-

1886 3239 61 17 valids
1957 3237 37 18 and
2009 3237 84 18 Tourists
2110 3239 20 16 to
2140 3238 32 17 the
2189 3239 78 22 Springs
2284 3238 38 17 and

1887 3262 59 17 Baths
1955 3262 20 16 of
1987 3261 24 16 Te
2125 3261 93 23 compiled
2226 3262 26 21 by
2260 3262 32 16 Mr
2300 3262 21 17 C.

1886 3284 22 17 F.
1917 3284 88 21 Spooner,
2015 3284 20 16 of
2043 3284 32 17 the
2084 3284 26 17 Te
2124 3285 65 17 Aroha
2205 3284 62 20 News,
2285 3284 37 18 and

1886 3308 62 16 issued
1957 3307 48 17 from
2014 3308 32 16 the
2055 3307 52 17 office
2116 3309 20 15 of
2145 3309 44 15 that
2196 3313 64 17 paper.
2283 3308 39 17 The

1886 3331 50 16 little
1945 3330 49 17 book
1999 3330 16 17 is
2023 3330 120 22 indubitably
2152 3331 53 16 what
2213 3331 15 16 it
2233 3332 89 20 purports

1886 3355 21 15 to
1915 3354 29 19 be,
1950 3352 39 18 and
1997 3353 38 17 will
2043 3359 58 16 prove
2110 3354 20 17 of
2138 3355 55 21 great
2208 3359 31 11 use
2256 3354 20 16 to
2289 3354 33 17 the

1886 3376 151 22 globe-trotting
2055 3377 70 16 section
2147 3377 19 17 of
2184 3377 92 16 mankind
2291 3378 20 16 at-

1886 3399 74 17 tracted
1967 3400 20 16 to
1995 3399 42 17 that
2045 3399 81 23 popular
2134 3400 65 17 health
2212 3401 66 16 resort.
2303 3400 19 17 It

1886 3422 16 17 is
1910 3422 99 22 published
2018 3422 59 17 under
2091 3423 33 16 the
2140 3423 98 21 authority
2254 3423 20 16 of
2289 3423 33 17 the

1886 3445 82 17 Domain
1976 3445 68 17 Board.
2070 3446 24 16 In
2102 3445 86 18 addition
2193 3447 20 16 to
2221 3451 101 12 numerous

1886 3468 144 16 well-executed
2037 3469 57 16 views
2103 3469 20 16 of
2131 3469 48 17 local
2188 3474 81 16 scenery,
2284 3469 38 17 and

1887 3497 11 10 a
1907 3491 90 21 correctly
2011 3491 64 17 drawn
2092 3497 44 16 map
2152 3492 21 17 of
2189 3491 32 18 the
2237 3491 83 22 locality,

1886 3514 33 17 the
2036 3515 85 16 contains
2129 3521 13 10 a
2150 3514 130 17 well-written
2289 3514 22 17 de-

1886 3537 89 21 scription
1985 3537 19 17 of
2013 3537 31 17 the
2053 3537 80 21 district,
2148 3538 38 16 and
2194 3538 33 16 the
2236 3537 85 22 analyses

1886 3560 21 17 of
1914 3560 33 17 the
1955 3560 74 17 various
2044 3560 63 17 baths.
2140 3561 40 16 The
2195 3561 26 16 Te
2236 3561 86 17 Arohans

1886 3588 32 11 are
1926 3583 66 16 indeed
2001 3589 11 10 a
2020 3584 96 16 fortunate
2130 3584 67 22 people
2214 3584 20 19 if,
2253 3589 19 11 as
2289 3584 33 16 the

1886 3606 69 17 author
1964 3611 47 16 says,
2043 3606 33 17 the
2091 3606 81 17 Domain
2189 3606 16 17 is
2214 3612 9 11 a
2233 3606 53 22 place
2302 3606 20 17 in

1887 3629 60 16 which
1957 3634 35 12 one
2001 3634 42 16 may
2051 3629 31 22 lay
2091 3629 56 17 down
2156 3629 26 17 all
2190 3629 33 17 the
2239 3629 82 17 burdens

1886 3651 21 17 of
1914 3651 33 18 the
1955 3651 47 18 hard
2011 3653 80 21 present,
2110 3652 50 17 revel
2176 3653 20 16 in
2213 3652 26 17 all
2255 3652 43 17 that
2306 3652 15 17 is

1886 3674 86 22 pleasant
1980 3675 20 16 of
2008 3675 32 16 the
2048 3676 48 21 past,
2111 3675 38 16 and
2165 3675 65 17 realise
2247 3675 25 16 all
2289 3675 32 16 the

1886 3697 107 22 impossible
2002 3698 57 21 hopes
2067 3698 21 16 of
2096 3697 32 17 the
2246 3698 16 16 A
2268 3697 53 22 place

1886 3721 61 16 where
1956 3726 35 12 one
1997 3726 35 11 can
2042 3721 11 9 !<
2059 3721 66 16 realise
2133 3721 147 21 impossibilities
2305 3721 16 16 is

1886 3743 97 22 decidedly
1992 3743 59 17 worth
2060 3744 84 21 visiting.
2157 3744 34 17 We
2199 3749 35 12 can
2240 3744 81 21 scarcely

1886 3766 56 18 claim
1948 3772 20 11 as
1975 3766 55 17 much
2034 3766 29 17 for
2070 3772 34 11 our
2110 3766 120 18 Sanatorium
2236 3766 84 23 grounds

1886 3789 74 23 though
1969 3789 46 21 they
2022 3789 92 22 certainly
2122 3790 46 16 offer
2178 3795 58 17 many
2249 3791 61 15 attrac-

1886 3812 49 17 tions
1944 3813 20 16 to
1972 3812 53 17 those
2034 3812 43 17 who
2085 3817 42 12 care
2140 3813 20 16 to
2168 3812 78 22 indulge
2260 3812 20 17 in
2288 3812 33 17 the

1906 3835 115 21 languorous
2030 3840 42 12 ease
2081 3835 20 17 of
2114 3835 99 17 luxurious

1898 3890 117 17 LIBRARY
2026 3891 54 16 AND
2097 3891 119 18 READING
2228 3891 73 18 ROOM.

1909 3936 40 17 The
1957 3937 70 16 annual
2039 3937 85 22 meeting
2139 3937 20 17 of
2172 3937 115 17 subrcribers
2300 3938 20 15 to

1886 3959 33 17 the
1937 3959 81 21 Library
2037 3960 38 16 and
2095 3960 88 22 Reading
2199 3960 59 17 Room
2276 3960 44 17 took

1886 3981 53 22 place
1947 3982 20 16 in
1975 3982 32 16 the
2015 3982 91 17 Institute
2119 3988 25 12 on
2157 3982 70 23 Friday
2241 3983 80 21 evening

1886 4005 43 19 last,
1939 4005 55 16 when
2002 4005 31 16 Mr
2041 4005 21 17 C.
2071 4005 90 22 Malfroy,
2171 4005 101 23 president,
2289 4011 20 11 oc-

1886 4027 68 22 cupied
1961 4027 33 17 the
2003 4027 56 18 chair.
2084 4028 32 17 Mr
2124 4028 84 22 Malfroy
2221 4028 99 22 expressed

1886 4050 30 17 his
1924 4051 63 21 regret
1995 4051 20 16 at
2023 4051 65 22 seeing
2095 4057 21 10 so
2124 4052 148 21 comparatively
2284 4052 36 16 few

1887 4074 81 21 present,
1977 4073 35 16 but
2020 4074 20 16 at
2048 4073 33 17 the
2088 4079 51 11 same
2148 4074 46 17 time
2199 4074 86 22 signified
2291 4074 29 17 his

1888 4095 73 23 delight
1969 4095 20 17 in
1997 4096 83 22 meeting
2093 4098 89 20 amongst
2196 4097 33 17 the
2241 4097 79 16 number

1888 4124 20 11 so
1917 4123 58 17 many
1983 4118 42 17 who
2039 4116 38 19 had
2090 4118 47 18 been
2150 4120 30 16 for
2194 4125 57 16 many
2267 4125 53 15 years

1887 4140 96 17 identified
1992 4141 45 16 with
2046 4141 32 16 the
2086 4142 59 15 town.

2396 132 83 18 Report
2491 137 42 13 asd
2546 132 177 18 BAiANCE-sni,i;r.

2365 161 26 17 At
2399 162 33 16 the
2445 161 118 18 Chairman's
2576 162 75 21 request
2665 161 33 16 the
2712 160 55 18 Secre-

2342 185 43 21 tary
2392 184 46 17 read
2446 184 33 17 the
2495 184 78 17 seventh
2587 184 70 17 annual
2672 186 70 19 report,
2758 184 20 16 of

2342 207 60 17 which
2411 207 33 17 the
2453 207 100 23 following
2561 214 31 9 are
2601 208 85 21 excerpts
2694 212 29 11 :

2365 235 55 17 Your
2428 236 113 17 Committee
2550 241 44 16 very
2604 236 55 17 much
2667 237 63 20 regret
2735 235 43 17 that

2342 258 70 21 during
2420 259 33 17 the
2462 260 43 21 past
2513 264 45 16 year
2565 264 25 11 no
2602 260 84 16 concerts
2694 264 22 11 or
2724 259 55 17 other

2342 283 156 16 entertainments
2507 279 48 19 have
2563 282 46 17 been
2618 282 56 22 given
2683 282 20 16 in
2714 282 32 16 aid
2759 282 20 17 of

2342 304 33 17 the
2383 304 81 23 Library
2472 304 64 21 funds,
2546 311 35 11 nor
2589 304 33 18 has
2628 305 53 17 there
2686 305 48 17 been
2741 311 37 16 any

2342 328 87 17 material
2437 328 80 22 receipts
2525 329 49 15 from
2584 328 32 16 the
2628 328 38 16 sale
2681 328 21 17 of
2714 328 54 22 publi-

2342 351 78 20 cations,
2430 351 47 17 both
2486 351 21 17 of
2515 351 61 17 which
2585 357 74 11 sources
2667 351 20 16 of
2698 355 81 13 revenue

2342 373 48 17 have
2398 374 48 17 been
2455 375 21 16 of
2482 376 54 19 great
2545 374 101 17 assistance
2657 374 20 16 in
2691 374 88 21 previous

2342 402 60 16 years,
2418 397 38 17 and
2470 397 68 22 taking
2551 397 38 17 this
2605 397 41 17 into
2662 399 80 15 account
2759 403 20 11 as

2343 419 42 17 well
2394 426 21 11 as
2429 420 32 17 the
2476 420 76 22 general
2567 420 88 17 financial
2671 420 108 22 depression

2343 442 61 17 which
2413 443 113 23 necessarily
2529 444 62 17 reacts
2596 448 26 13 on
2625 442 33 19 the
2667 443 112 17 Institution

2343 465 45 22 they
2401 465 48 18 have
2463 466 47 18 been
2524 466 69 17 unable
2607 466 70 22 during
2691 466 32 17 the
2736 467 44 22 past

2343 494 45 15 year
2405 491 21 15 to
2442 489 55 17 order
2514 495 36 16 any
2568 495 41 11 new
2625 489 59 17 books
2701 489 30 17 for
2747 490 33 16 the

2343 511 87 22 Library.
2455 512 52 22 They
2516 514 62 21 regret
2588 512 37 17 this
2638 513 33 16 the
2686 518 57 14 more,
2760 513 18 16 in

2343 534 47 17 view
2399 536 21 16 of
2427 535 33 17 the
2476 537 88 15 constant
2580 535 92 22 enquiries
2686 535 55 17 made
2754 536 26 21 by

2343 557 92 18 members
2456 564 25 12 on
2501 559 32 16 the
2554 558 79 22 subject,
2656 558 37 17 and
2716 558 64 18 would

2343 581 94 22 earnestly
2445 588 46 15 urge
2500 588 24 10 on
2538 588 38 16 you
2589 582 31 16 the
2634 581 47 22 duty
2695 582 21 16 of
2730 582 40 16 indi-

2343 603 86 23 vidually
2434 604 141 22 endeavouring
2581 606 20 15 to
2606 611 64 10 secure
2675 604 105 18 additional

2344 626 121 18 subscribers.
2498 628 52 21 They
2567 625 52 22 have,
2637 627 93 22 however,
2747 628 22 17 de-

2344 649 53 17 cided
2406 651 21 17 to
2435 651 55 17 order
2498 651 31 16 the
2536 651 98 22 following
2640 651 50 17 fresh
2697 651 73 22 periodi-

2344 672 38 17 cals
2402 673 62 18 which
2479 673 40 18 will
2535 680 106 11 commence
2662 674 45 17 with
2728 675 50 16 lH9(i.

2507 697 88 22 "Myra's-

2344 718 53 17 don's
2409 719 73 17 Ladies'
2632 720 78 17 Leech's
2727 720 43 18 Chil-

2344 741 62 18 dren's

2365 765 39 16 The
2514 766 70 17 Strand
2745 768 36 15 Art

2454 789 37 17 and
2500 790 32 16 the
2566 790 80 21 English

2345 811 38 17 and
2390 812 21 16 to
2420 811 118 18 discontinue
2554 812 33 18 the
2600 812 168 18 undermentioned
2775 811 4 19 :

2365 834 94 18 Scientific
2591 835 97 23 (builder's
2693 835 86 24 edition).

2365 856 53 19 Dins.
2436 858 80 17 London
2642 859 39 17 The

2366 880 115 18 Nineteenth
2627 882 63 17 Frank
2704 882 77 17 Leslie's

2671 905 110 22 "Harper's

2491 928 39 17 The
2547 928 112 17 Committee
2676 930 50 15 trust
2743 929 38 16 this

2345 950 100 17 alteration
2455 950 38 17 will
2502 953 49 14 meet
2560 952 45 16 with
2621 957 48 16 your
2683 952 96 22 approval.

2368 973 76 22 During
2453 974 32 16 the
2494 974 51 22 early
2554 976 43 20 part
2609 975 21 17 of
2643 975 32 17 the
2690 981 45 16 year
2748 976 33 16 the

2345 997 42 16 roof
2399 997 21 16 of
2434 995 33 19 the
2480 997 88 22 building
2582 1004 37 10 was
2634 998 90 21 repaired,
2743 998 38 17 and

2345 1025 47 17 your
2397 1019 114 18 Committee
2518 1021 62 16 would
2586 1023 64 15 return
2656 1021 49 17 their
2711 1021 70 17 thanks

2345 1044 20 16 to
2374 1043 32 17 the
2413 1044 59 16 Town
2481 1044 62 16 Board
2552 1044 30 17 for
2590 1044 79 22 bearing
2681 1051 10 10 a
2705 1045 75 21 portion

2345 1066 21 17 of
2373 1066 33 17 the
2415 1068 46 15 cost.
2486 1067 24 16 In
2527 1067 53 22 reply
2594 1068 19 16 to
2627 1073 24 11 an
2665 1066 116 25 application

2345 1089 54 17 made
2421 1089 32 17 the
2470 1089 128 17 Government
2613 1091 49 16 have
2674 1091 70 22 agreed
2761 1093 20 15 to

2345 1112 54 22 paint
2408 1113 33 16 the
2449 1113 53 17 front
2510 1113 20 17 of
2547 1113 31 17 the
2590 1113 93 21 building,
2698 1113 38 18 and
2751 1120 20 11 re-

2345 1135 42 23 pair
2395 1136 81 17 window
2489 1136 75 17 frames.
2595 1137 44 16 This
2653 1137 38 16 will
2708 1137 74 22 shortly

2345 1159 23 17 be
2377 1159 55 17 done.

2369 1181 70 23 Owing
2447 1183 20 16 to
2476 1182 29 17 his
2520 1182 76 23 leaving
2610 1183 33 17 the
2659 1183 74 17 district
2750 1183 32 17 Mr

2346 1205 110 22 McFadyen
2465 1205 87 23 resigned
2561 1206 28 17 his
2597 1206 82 22 position
2695 1213 21 10 as
2730 1208 40 15 trea-

2346 1234 52 12 surer
2406 1228 20 17 in
2435 1228 96 23 February
2540 1229 42 20 last,
2592 1229 54 17 when
2655 1230 19 16 in
2686 1230 84 17 consider-

2346 1251 51 17 ation
2410 1252 21 16 of
2443 1251 29 18 his
2486 1252 47 23 long
2546 1252 77 17 services
2640 1259 11 10 a
2665 1253 116 17 testimonial

2346 1280 38 11 was
2393 1275 100 22 presented
2502 1277 21 15 to
2532 1275 39 17 him
2586 1276 20 16 of
2618 1275 65 18 album
2698 1277 21 16 of
2733 1276 48 17 local

2345 1298 62 19 views,
2418 1299 31 16 for
2463 1298 61 17 which
2535 1299 34 16 the
2582 1304 40 11 sum
2636 1300 20 16 of
2669 1298 26 18 £(i
2709 1300 20 16 5s
2742 1305 40 12 was

2346 1320 60 18 raised
2415 1321 19 17 in
2448 1323 88 15 amounts
2550 1323 33 16 not
2597 1322 103 21 exceeding
2716 1324 20 15 2s
2750 1323 30 17 (id.

2346 1344 30 17 He
2385 1350 38 12 was
2437 1345 101 17 succeeded
2551 1344 25 23 by
2591 1345 31 17 Mr
2636 1344 113 25 Neighbour
2761 1352 20 10 as

2346 1369 93 16 treasurer
2448 1368 36 17 and
2493 1368 96 17 librarian.
2614 1369 23 16 In
2644 1369 32 16 the
2683 1369 99 22 following

2345 1390 51 17 June
2404 1391 32 16 Mr
2443 1391 113 23 Neighbour
2564 1391 86 23 resigned
2658 1392 29 16 his
2699 1392 82 22 position

2346 1420 20 11 as
2375 1414 95 20 librarian,
2481 1414 38 18 and
2532 1414 32 18 Mr
2577 1414 102 18 Protheroe
2694 1421 39 11 was
2747 1421 22 16 ap-

2346 1437 84 23 pointed.
2455 1437 30 17 On
2498 1439 76 21 August
2587 1439 16 19 9,
2618 1439 63 20 owing
2695 1440 20 15 to
2728 1444 42 16 pres-

2346 1467 42 10 sure
2397 1461 20 16 of
2426 1461 73 21 private
2512 1461 90 20 business,
2617 1461 31 17 Mr
2662 1460 75 19 Seddon
2751 1468 20 11 re-

2347 1483 65 22 signed
2421 1484 30 17 his
2459 1484 83 22 position
2550 1490 20 11 as
2585 1486 92 21 secretary
2691 1485 38 16 and
2743 1491 39 10 was

2346 1507 102 17 succeeded
2456 1507 25 22 by
2490 1508 32 16 Mr
2531 1507 108 17 Protheroe.

2369 1530 39 17 Tho
2416 1531 85 22 opening
2509 1531 20 17 of
2538 1531 32 17 the
2578 1531 77 22 railway
2664 1532 20 16 to
2696 1531 86 18 Botorua

2347 1553 60 17 which
2416 1554 46 17 took
2470 1554 53 22 place
2532 1554 50 17 sinco
2590 1554 37 17 last
2635 1554 89 22 meeting,
2736 1554 45 18 does

2346 1578 34 16 not
2388 1583 70 16 appear
2467 1579 20 15 to
2496 1578 47 16 have
2552 1577 37 17 had
2597 1577 32 17 the
2643 1578 54 17 er?2ct
2710 1583 25 12 on
2749 1578 33 17 the

2347 1600 87 22 Lending
2439 1601 126 22 Department
2570 1601 42 16 that
2615 1606 38 11 was
2659 1601 121 22 anticipated,

2346 1629 20 11 as
2375 1623 45 22 only
2429 1624 43 17 four
2480 1629 77 17 persons
2570 1623 47 18 have
2630 1624 73 17 availed
2717 1625 51 16 them-

2346 1646 58 17 selves
2413 1647 21 16 of
2441 1646 21 17 it.

2369 1669 39 17 The
2416 1672 131 20 quarter-acre
2561 1669 69 18 section
2644 1670 89 23 formerly
2749 1676 21 12 oc-

2346 1693 66 21 cupied
2421 1693 25 22 by
2455 1694 33 16 the
2496 1693 127 18 Government
2636 1694 79 21 Agent's
2728 1694 53 17 office

2345 1715 20 18 in
2374 1716 68 17 Arawa
2456 1716 34 20 St.,
2505 1717 33 16 has
2552 1716 46 18 been
2613 1717 80 21 granted
2706 1717 25 22 by
2749 1717 32 17 the

2346 1739 128 18 Government
2482 1746 21 11 as
2511 1747 12 10 a
2531 1740 35 17 site
2581 1740 29 16 for
2622 1746 11 10 a
2648 1746 40 11 new
2702 1737 77 25 library,

2346 1762 38 17 free
2393 1762 20 18 of
2422 1764 45 18 cost,
2477 1762 35 18 but
2521 1763 15 17 is
2545 1764 34 16 not
2587 1764 31 21 yet
2633 1763 93 21 gazetted.
2762 1764 18 16 It

2346 1787 46 15 rents
2401 1786 47 17 with
2457 1787 32 16 the
2498 1785 98 23 members,
2605 1786 37 17 and
2659 1787 32 16 the
2704 1787 76 22 general

2346 1809 63 21 public
2418 1810 20 17 of
2446 1809 85 18 Botorua
2539 1815 21 11 as
2568 1811 20 16 to
2604 1809 52 18 what
2669 1811 50 21 steps
2732 1810 48 17 shall

2345 1830 24 19 be
2376 1832 58 17 taken
2442 1834 21 15 to
2472 1833 62 17 utilise
2543 1833 20 16 it.

2369 1855 51 17 With
2436 1862 10 10 a
2460 1856 47 16 view
2524 1858 20 14 to
2561 1856 50 21 allay
2623 1856 71 17 certain
2711 1856 69 18 doubts

2346 1879 43 16 that
2397 1879 47 17 have
2453 1879 46 17 been
2509 1879 98 23 expressed
2615 1885 21 11 as
2642 1881 20 15 to
2669 1879 32 17 the
2707 1886 60 10 owner-

2346 1902 41 22 ship
2396 1902 20 17 of
2425 1902 32 17 the
2466 1904 90 21 property
2565 1902 98 17 contained
2672 1903 19 16 in
2698 1903 33 16 the
2736 1908 33 16 pre-

2346 1927 41 15 sent
2401 1925 86 23 Library,
2502 1933 12 10 a
2530 1926 102 17 resolution
2645 1926 39 17 will
2700 1926 24 17 be
2742 1926 5 9 '
2760 1926 5 10 J
2766 1926 14 17 .d

2345 1948 64 18 before
2417 1955 38 16 you
2463 1951 21 15 to
2493 1950 40 16 vest
2542 1949 15 17 it
2565 1949 19 16 in
2593 1950 85 18 trustees,
2688 1953 37 13 and
2740 1949 40 17 also

2345 1978 11 10 a
2376 1969 103 21 resolution
2498 1972 103 22 regarding
2616 1972 32 17 the
2665 1972 77 17 method
2760 1973 20 16 of

2345 1995 82 22 electing
2436 1997 93 21 secretary
2537 1995 37 17 and
2587 1997 98 15 treasurer.

2369 2019 23 16 In
2406 2019 108 17 conclusion
2529 2025 47 16 your
2591 2018 112 17 Committee
2716 2018 63 18 would

2345 2043 56 20 again
2410 2042 95 23 earnestly
2513 2048 47 15 urge
2569 2048 23 11 on
2601 2042 92 17 members
2702 2042 31 16 the
2746 2042 22 17 de-

2345 2066 92 18 sirability'
2446 2067 20 16 of
2474 2065 125 24 individually
2607 2065 141 23 endeavouring
2759 2067 20 15 to

2345 2095 63 12 secure
2433 2089 104 17 additional
2563 2086 119 22 subscribers,
2705 2095 20 10 as
2747 2089 32 16 the

2345 2112 54 21 light,
2410 2112 45 17 heat
2467 2112 38 17 and
2519 2111 110 23 periodicals
2644 2112 87 21 supplied
2748 2117 31 11 are

2344 2135 93 17 sufficient
2449 2135 30 17 for
2493 2141 12 11 a
2517 2135 57 17 much
2590 2134 63 22 larger
2665 2133 80 19 number
2759 2135 20 17 of

2345 2158 73 17 readers
2427 2158 82 17 without
2516 2158 98 22 incurring
2622 2159 54 16 extra
2691 2163 86 16 expense.

2368 2189 29 17 On
2406 2190 33 17 the
2447 2190 73 17 motion
2528 2190 21 17 of
2557 2190 31 16 Mr
2596 2189 81 23 Dansey,
2686 2189 91 19 seconded

2344 2213 25 22 by
2378 2213 31 17 Mr
2417 2213 69 19 Boord,
2496 2213 33 17 the
2537 2213 64 22 report
2608 2218 37 11 was
2654 2212 88 22 adopted.

2367 2236 39 17 The
2415 2237 94 16 treasurer
2517 2236 103 17 submitted
2633 2236 33 17 the
2681 2236 97 22 following

2344 2259 147 20 balance-sheet,
2511 2260 46 21 duly
2574 2258 77 18 audited
2667 2259 25 22 by
2709 2259 69 17 Messrs

2344 2283 84 17 Fortune
2436 2283 38 17 and
2481 2283 83 17 Butt:—

2344 2310 95 18 Balance
2463 2310 68 18 Sheet
2555 2314 38 13 for
2619 2310 56 17 Year
2699 2314 78 14 ending

2431 2334 121 17 September
2565 2334 56 20 30th,
2636 2333 51 17 1895.

2545 2366 33 16 Dr.

2683 2387 14 18 £
2726 2394 8 11 s
2766 2388 12 17 d

2344 2411 27 17 To
2378 2411 79 18 balance
2465 2412 19 16 in
2493 2411 52 17 hand
2573 2411 16 18 ..
2687 2412 20 15 10
2732 2412 10 16 7
2767 2413 11 15 2

2368 2435 139 22 Subscriptions
2574 2435 2 22 .
2585 2435 3 22 .
2686 2435 21 16 38
2722 2435 19 16 14
2767 2436 11 15 6

2368 2458 105 17 Donations
2503 2458 14 17 ..
2573 2458 14 17 ..
2642 2458 15 17 ..
2696 2458 9 16 4
2731 2458 11 16 3
2768 2460 9 15 5

2344 2481 29 22 By
2380 2481 38 17 sale
2427 2482 21 17 of
2455 2482 64 16 Waste
2528 2487 58 16 paper
2697 2481 10 16 2
2731 2482 11 15 5
2767 2482 11 15 0

2392 2518 10 6 „
2452 2505 88 21 Coupons
2574 2505 14 21 ..
2643 2505 14 21 ..
2732 2505 10 15 8
2767 2505 11 16 0

2392 2541 10 7 ~
2453 2527 78 23 Surplus
2542 2527 82 22 shingles
2641 2527 14 23 ..
2721 2527 21 16 16
2766 2528 12 15 0

2452 2550 37 18 Old
2498 2551 51 22 lamp
2574 2550 15 23 ..
2643 2550 15 23 ..
2732 2550 10 18 7
2767 2552 11 15 6

2391 2587 11 7 ~
2452 2573 105 24 Catalogue
2574 2573 14 24 ..
2767 2575 11 15 6

2344 2597 102 17 Cardroom
2460 2597 37 17 box
2503 2597 3 17 .
2514 2597 3 17 .
2697 2597 9 16 7
2733 2597 8 16 7
2766 2599 11 14 4

2344 2620 138 22 Subscriptions
2489 2622 20 15 to
2514 2620 31 17 Mr
2551 2620 124 22 McFudyen's

2413 2643 116 18 testimonial
2573 2643 14 18 ..
2696 2644 11 15 6
2731 2644 11 15 5
2766 2644 12 16 0

2686 2689 21 17 79
2722 2689 20 18 14
2767 2690 11 17 5

2547 2713 29 17 Cr.

2343 2736 29 22 By
2380 2736 125 23 Newspapers
2512 2736 37 17 and
2555 2736 106 20 magazines
2685 2736 22 16 23
2722 2736 20 16 12
2768 2736 9 18 7

2378 2759 93 22 Cleaning
2480 2759 37 17 and
2526 2759 118 22 attendance.
2653 2759 3 22 .
2686 2759 21 16 15
2721 2759 21 16 15
2766 2761 12 15 9

2378 2782 103 17 Insurance
2503 2782 2 17 .
2514 2782 3 17 .
2696 2783 11 15 3
2733 2782 44 17 13

2378 2806 129 21 Advertising,
2524 2806 87 21 Postage,
2627 2805 33 17 &c.
2696 2805 11 16 3
2732 2806 10 15 3
2768 2806 8 16 I

2378 2828 101 21 Kerosene,
2490 2828 55 20 coals,
2559 2829 31 16 &c.
2686 2828 21 16 12
2731 2828 11 16 0
2767 2830 11 15 9

2378 2851 88 22 Shingles
2503 2866 14 3 ..
2573 2865 14 3 ..
2642 2865 14 3 ..
2696 2852 11 15 6
2732 2851 10 16 2
2766 2853 12 15 0

2378 2875 31 16 Mr
2415 2875 126 21 McFadycn's
2547 2874 114 17 testimonial
2697 2875 10 15 6
2732 2875 10 14 5
2767 2876 11 15 0

2378 2898 78 21 Repairs
2465 2898 38 17 and
2514 2897 89 18 Sundries
2698 2897 44 17 17
2767 2899 11 15 0

2378 2921 82 17 Balance
2465 2921 19 17 in
2490 2921 50 17 bank
2547 2920 36 17 and
2587 2921 19 15 in
2610 2920 51 16 hand
2696 2921 11 15 8
2733 2921 9 16 7
2767 2922 11 15 0

2686 2966 21 17 79
2721 2967 21 16 14
2767 2968 11 15 5

2524 2990 70 17 Assets.

2344 3013 86 17 Overdue
2439 3013 124 22 subsriptions
2574 3013 2 22 .
2585 3013 2 22 .
2697 3013 10 16 2
2731 3013 12 16 0
2767 3014 11 16 0

2343 3037 68 19 Books,
2421 3042 73 17 papers,
2506 3035 111 21 magazines,
2628 3035 32 17 &c.
2674 3036 33 16 200
2731 3037 12 15 0
2767 3037 11 15 0

2343 3060 102 17 Furniture
2455 3060 37 16 and
2501 3059 74 22 fittings
2685 3059 22 15 50
2731 3060 12 15 0
2767 3060 11 16 0

2343 3083 82 17 Balance
2433 3084 18 16 in
2462 3082 51 18 hand
2643 3082 14 18 ..
2696 3082 11 15 8
2733 3082 9 17 7
2767 3083 11 15 0

2674 3128 33 16 260
2733 3128 9 17 7
2767 3129 11 16 0

2507 3150 109 18 Liabilities.

2343 3176 27 17 To
2373 3176 74 16 various
2452 3174 216 20 outstandingaccounts
2686 3175 20 15 14
2731 3175 11 15 5
2757 3175 19 15 11

2343 3199 81 17 Balance
2430 3199 19 17 of
2455 3199 58 16 assets
2518 3203 45 11 over
2566 3196 94 17 liabilities
2673 3197 34 16 246
2733 3197 7 16 1
2769 3198 7 16 1

2674 3243 33 16 260
2733 3243 9 17 7
2767 3244 12 16 0

2368 3274 22 16 In
2399 3274 53 21 reply
2469 3276 20 13 to
2503 3272 32 17 Mr
2551 3271 72 18 Corlett
2636 3270 33 18 the
2685 3272 94 17 treasurer

2344 3326 45 16 year
2394 3319 88 17 included
2491 3317 37 18 £2B
2542 3317 75 17 derived
2632 3317 47 17 from
2694 3319 84 16 concerts

2344 3342 37 17 and
2399 3342 38 17 £lO
2452 3342 48 16 from
2513 3340 125 23 publications
2655 3340 47 17 sold.
2733 3341 46 16 This

2344 3371 45 17 year
2397 3365 45 22 they
2447 3364 37 18 had
2493 3366 35 15 not
2536 3363 83 17 received
2625 3363 33 17 the
2670 3364 109 22 customary

2344 3389 89 17 donation
2444 3388 47 16 from
2501 3387 32 17 the
2538 3387 58 16 Town
2606 3386 67 17 Board.

2367 3411 39 18 The
2420 3410 101 19 Chairman
2546 3409 102 21 suggested
2670 3409 42 17 that
2733 3410 45 22 they

2344 3434 67 17 should
2420 3434 57 22 apply
2493 3434 30 16 for
2537 3433 32 17 the
2583 3432 57 17 latter
2651 3432 30 17 for
2697 3432 81 18 without

2344 3458 58 21 doing
2411 3463 20 11 so
2441 3457 14 16 it
2464 3462 38 11 was
2510 3453 85 24 unlikely
2604 3456 19 16 to
2634 3455 24 16 bo
2667 3455 86 21 granted.

2367 3481 30 17 On
2405 3480 32 17 the
2446 3479 71 18 motion
2527 3479 20 16 of
2555 3479 32 16 Mr
2599 3478 73 17 Purcell
2686 3479 92 16 seconded

2343 3503 26 22 by
2385 3503 31 17 Mr
2432 3502 81 17 Webber
2529 3502 33 16 the
2578 3500 141 18 balance-sheet
2740 3507 38 12 was

2343 3526 88 23 adopted.

2444 3549 93 16 Motions
2550 3552 26 12 on
2588 3547 82 17 Notice.

2368 3578 31 17 Mr
2408 3577 71 17 Corlett
2486 3577 66 17 moved
2649 3575 128 23 theproperty

2343 3601 21 17 of
2377 3601 32 16 the
2423 3600 81 21 Library
2517 3599 23 17 be
2556 3598 64 17 vested
2634 3598 20 17 in
2669 3598 32 17 the
2718 3599 58 17 Town

2343 3624 62 17 Board
2413 3629 21 11 as
2566 3622 31 15 Mr
2603 3621 74 22 Dansey
2684 3622 93 17 seconded

2343 3646 38 18 and
2389 3646 32 17 the
2430 3646 72 17 motion
2510 3651 38 11 was
2557 3644 70 17 carried
2636 3644 139 23 unanimously.

2343 3670 19 16 It
2371 3675 38 11 was
2415 3669 39 17 also
2463 3667 84 18 resolved
2556 3667 42 17 that
2607 3667 31 17 the
2647 3667 58 17 Town
2714 3668 62 17 Board

2342 3693 24 16 be
2374 3691 75 23 applied
2457 3693 20 15 to
2486 3691 47 17 with
2547 3691 33 16 the
2594 3690 47 17 view
2655 3690 20 17 of
2688 3691 89 23 carrying

2343 3717 34 15 out
2385 3715 32 16 the
2425 3714 94 17 intention
2526 3715 21 15 at
2556 3719 50 11 once.

2366 3738 31 17 Mr
2414 3738 53 16 Watt
2656 3736 42 17 ride
2715 3737 21 17 13
2752 3737 25 17 be

2343 3760 70 17 altered
2424 3766 20 11 so
2457 3766 21 11 as
2491 3761 21 16 to
2526 3759 44 17 read
2584 3759 4 18 '
2596 3759 49 16 That
2660 3759 33 17 the
2705 3761 71 16 annual

2343 3783 75 22 general
2427 3783 85 21 meeting
2524 3783 21 16 of
2556 3782 92 17 members
2663 3782 44 17 take
2723 3783 54 21 place

2342 3807 19 16 in
2376 3806 32 17 the
2420 3806 68 17 second
2503 3805 52 17 week
2569 3805 20 17 in
2602 3804 81 18 October
2694 3806 19 16 in
2730 3806 45 18 each

2342 3835 45 16 year
2406 3829 30 17 for
2455 3829 33 17 the
2509 3829 79 16 election
2605 3828 20 16 of
2641 3834 10 10 a
2672 3829 63 17 Board
2756 3830 21 16 of

2342 3852 135 20 Management
2498 3851 105 21 consisting
2626 3851 20 17 of
2670 3851 104 20 President,

2342 3874 160 20 Vice-President,
2523 3874 38 17 and
2580 3874 43 17 nine
2643 3874 92 17 members
2756 3876 20 16 of

2342 3898 111 17 Committee
2473 3897 43 17 who
2533 3898 20 16 at
2574 3897 48 17 their
2634 3897 42 17 first
2692 3898 85 21 meeting

2342 3920 48 18 shall
2405 3921 80 21 proceed
2505 3922 20 15 to
2542 3920 47 17 elect
2602 3926 11 11 a
2627 3921 93 16 treasurer
2738 3921 37 16 and

2342 3945 92 20 secretary
2451 3945 34 16 out
2501 3944 20 16 of
2537 3943 50 17 their
2603 3949 41 10 own
2664 3944 110 16 numher.'"

2342 3966 44 17 This
2402 3972 39 12 was
2454 3966 92 18 seconded
2563 3966 26 22 by
2605 3966 31 17 Mr
2650 3966 73 17 Pnrcell
2738 3966 37 17 and

2342 3989 76 17 carried.

2435 4021 103 17 Election
2544 4025 25 13 of
2577 4020 103 17 Officers.

2364 4047 32 17 Mr
2404 4047 113 22 Neighbour
2524 4046 68 18 moved
2603 4046 37 17 and
2653 4046 31 17 Mr
2698 4047 77 22 Dansey

2342 4069 91 18 seconded
2441 4071 43 16 that
2492 4071 32 16 Mr
2531 4070 84 20 Malfroy
2620 4069 23 17 be
2650 4069 56 22 again
2712 4070 53 17 Presi-

2342 4093 50 17 dent.
2417 4093 32 17 Mr
2456 4093 85 21 Malfroy
2553 4092 56 17 asked
2623 4093 20 16 to
2656 4089 23 20 be
2694 4093 81 16 excused

2341 4121 24 12 on
2373 4116 33 17 the
2415 4116 74 22 ground
2498 4117 20 16 of
2526 4115 97 18 ill-health
2636 4115 39 17 and
2687 4116 88 21 inability

2341 4140 20 16 to
2369 4138 67 17 attend
2442 4138 102 23 regularly.
2557 4138 32 17 Mr
2594 4138 111 24 Neighbour
2713 4138 63 18 stated

2800 132 42 17 that
2851 131 29 17 his
2888 130 92 18 influence
2989 132 97 23 generally
3095 132 38 18 and
3142 132 32 18 the
3183 132 41 18 well-

2800 155 69 17 known
2886 155 78 16 interest
2980 154 61 18 which
3058 155 25 19 he
3100 156 47 16 took
3166 156 20 16 in
3203 157 33 15 the

2800 177 113 18 Institution
2922 177 62 18 would
2990 184 51 11 more
3050 179 47 17 than
3105 181 56 15 atone
3171 179 29 16 for
3211 185 25 12 an

2800 200 105 18 occasional
2911 200 79 17 absence
2999 202 49 16 from
3057 202 33 17 the
3100 202 98 22 meetings.

2823 221 32 20 Sir
2864 223 83 23 Malfroy
2956 229 38 13 was
3002 224 107 23 thereupon
3112 224 72 19 elected

2800 247 34 17 the
2931 247 39 16 and
2977 247 19 16 in
3005 247 118 24 responding
3125 247 65 19 stated
3193 248 45 18 that

2800 271 23 16 he
2833 269 34 18 felt
2876 270 33 16 the
2917 270 60 17 honor
2985 275 46 17 very
3044 271 56 17 much
3113 271 39 18 sard
3168 271 66 18 looked

2801 299 50 16 upon
2860 293 16 17 it
2882 299 20 11 as
2911 299 12 10 a
2935 294 55 21 proof
3003 294 21 16 of
3037 294 50 17 their
3100 294 87 23 personal
3208 301 20 9 re-

2800 316 55 23 gard.
2880 316 51 22 They
2941 316 61 22 might
3010 317 39 22 rely
3060 324 51 15 upon
3119 318 16 16 it
3144 317 41 18 that
3194 318 14 16 if
3213 317 24 19 he

2801 339 33 17 did
2841 341 36 15 not
2884 339 44 16 take
2937 346 12 9 a
2957 345 44 16 very
3018 341 61 16 active
3098 343 42 20 part
3155 341 20 16 in
3188 341 49 16 their

2801 362 134 18 deliberations
2947 362 23 17 he
2982 362 64 18 would
3060 364 106 17 endeavour
3180 365 20 16 to
3215 364 22 17 be

2801 386 20 16 of
2830 384 69 19 service
2909 386 20 16 to
2937 384 34 18 the
2978 386 108 17 institution
3096 388 19 16 in
3124 393 56 16 every
3193 393 33 16 pos-

2801 409 47 17 sible
2867 414 84 11 manner.
2984 409 24 16 In
3025 409 68 23 regard
3110 414 20 12 to
3147 410 33 16 the
3196 416 40 10 new

2801 431 81 23 Library
2891 431 35 17 site
2935 431 22 17 he
2967 437 37 12 was
3017 432 75 22 pleased
3107 434 20 15 to
3142 433 38 16 find
3195 433 42 17 that

2801 455 33 16 the
2843 454 184 23 Surveyor-General
3037 455 37 18 had
3082 462 42 11 seen
3133 456 23 17 fit
3161 458 21 15 to
3191 456 46 22 keep

2801 478 26 16 all
2836 478 33 16 the
2878 477 126 18 Government
3013 477 106 26 Buildings,
3130 485 21 11 so
3160 479 35 20 far,
3213 485 23 11 on

2801 501 33 17 the
2843 506 36 11 one
2886 499 62 18 block.
2973 501 39 17 The
3019 502 36 16 site
3063 504 28 15 set
3099 504 55 20 apart
3166 508 44 14 was,
3218 502 19 18 in

2802 524 28 17 his
2838 524 82 21 opinion,
2931 530 35 10 one
2975 525 20 16 of
3003 525 33 16 the
3048 525 43 17 best
3104 525 20 17 in
3138 525 34 17 the
3186 527 50 16 town

2801 547 38 17 and
2848 547 24 16 he
2881 546 61 23 hoped
2950 552 65 13 means
3024 548 62 17 would
3093 554 45 11 soon
3146 549 23 16 be
3176 548 50 17 forth-

2802 570 77 22 coming
2888 571 19 15 to
2916 570 54 16 build
2978 576 23 10 an
3011 571 87 17 institute
3107 572 62 16 which
3176 572 60 17 would

2801 593 25 18 be
2841 599 13 11 a
2869 593 60 17 credit
2949 594 19 16 to
2987 593 33 18 the
3036 594 59 22 place.
3128 594 61 18 When
3206 595 32 16 the

2803 616 83 17 Premier
2895 622 38 10 was
2942 616 43 17 here
2993 617 24 16 he
3025 617 39 17 had
3071 618 95 21 promised
3180 619 20 16 to
3214 618 24 16 dr.

2803 639 52 17 what
2863 638 23 18 he
2895 637 55 19 could
2959 640 19 16 in
2987 639 33 18 the
3029 642 69 16 matter
3107 641 20 17 of
3140 641 33 17 the
3187 647 40 11 erec-

2802 663 40 16 tion
2849 663 21 16 of
2878 668 11 11 a
2898 662 60 17 useful
2968 663 63 21 public
3040 663 45 17 hall.
3111 664 50 19 Tins,
3177 664 19 17 in
3209 664 29 16 his

2803 685 39 23 (Mr
2850 685 107 22 Malfroy's)
2967 686 82 22 opinion,
3065 687 87 17 included
3166 694 11 10 a
3192 687 35 16 Lib-

2802 714 43 16 rary
2863 708 37 17 and
2915 708 23 17 he
2952 708 63 17 would
3027 710 44 17 take
3088 716 42 11 care
3147 710 43 17 that
3206 710 32 17 the

2802 731 81 23 promise
2893 731 62 17 would
2964 734 33 14 not
3006 732 23 17 be
3040 733 104 21 forgotten.

2826 755 32 16 Mr
2867 754 73 18 ParooU
2951 760 36 11 was
2996 756 134 22 unanimously
3137 756 101 18 re-elected

2803 784 19 11 as
2832 777 156 22 Vice-president,
3003 779 36 16 and
3055 779 70 18 Messrs
3139 779 99 20 Williams,

2803 801 99 21 McAuley,
2918 800 84 21 Samson,
3020 801 117 24 Neighbour,
3152 800 86 23 Webber,

2803 823 69 21 Boord,
2890 824 74 20 Fairlie,
2981 824 72 18 Corlett
3070 826 37 16 and
3124 826 54 16 Watt
3192 832 46 10 were

2803 847 69 18 chosen
2881 853 20 10 as
2909 847 157 19 committeemen.

2826 871 40 16 The
2874 870 122 24 proceedings
3002 872 46 16 then
3057 872 62 17 closed
3125 872 46 17 with
3178 878 11 11 a
3196 873 42 16 vote

2803 894 20 16 of
2832 893 69 17 thanks
2910 895 20 15 to
2943 893 31 17 Mr
2988 894 108 20 Protheroe,
3113 896 43 17 who
3171 894 67 19 retired

2804 917 49 16 from
2862 917 32 16 tin;
2904 917 51 16 office
2964 917 20 16 of
2992 919 99 14 secretary.

2874 963 153 17 COMMITTEE
3042 965 119 15 MEETING.

2826 1009 39 17 The
2874 1009 61 22 newly
2944 1010 71 17 elected
3024 1012 107 16 committee
3140 1012 46 16 then
3196 1017 33 16 pro-

2803 1032 69 18 ceeded
2881 1034 19 15 to
2912 1032 86 19 business
3011 1032 56 19 when
3082 1035 32 16 Mr
3127 1034 112 22 Neighbour

2803 1060 39 12 was
2850 1054 72 18 elected
2936 1058 98 22 secretary,
3049 1058 37 16 and
3103 1058 31 17 Mr
3148 1056 91 19 Williams

2803 1080 100 16 treasurer.
2935 1080 19 16 It
2970 1085 38 11 was
3025 1080 77 18 decided
3117 1082 43 16 that
3177 1080 63 18 future

2803 1101 94 24 meetings
2909 1102 68 17 should
2989 1102 24 18 be
3027 1103 44 17 held
3084 1110 25 11 on
3122 1105 34 16 tho
3171 1103 68 17 second

2804 1125 69 21 Friday
2883 1125 18 18 in
2910 1126 45 16 each
2964 1127 73 16 month.
3064 1128 14 16 A
3088 1127 108 18 committee
3202 1132 37 12 was

2803 1148 104 23 appointed
2916 1150 20 15 t*>
2945 1148 44 18 wait
2997 1155 25 11 on
3031 1150 33 17 the
3072 1150 58 17 Town
3144 1150 62 17 Board
3220 1149 19 18 in

2803 1171 69 23 regard
2886 1173 19 15 to
2919 1172 43 16 that
2975 1172 50 22 l>ody
3039 1174 65 21 acting
3117 1180 21 10 as
3152 1173 86 20 trustees,

2803 1193 38 20 and
2850 1194 69 19 Messrs
2929 1195 84 21 Samson,
3024 1197 92 17 Williams
3131 1197 37 17 and
3184 1196 42 17 Web-

2803 1218 34 17 ber
2857 1223 49 12 were
2926 1219 98 21 requested
3041 1221 21 16 to
3077 1220 56 17 make
3149 1224 79 16 arrange-

2803 1242 62 17 ments
2875 1242 29 16 for
2912 1241 80 23 holding
2999 1248 12 10 a
3020 1245 75 15 concert
3104 1244 18 16 in
3132 1242 31 18 aid
3175 1242 21 17 of
3208 1242 32 18 the

2804 1264 56 17 funds
2869 1270 21 11 as
2898 1264 84 23 speedily
2990 1272 20 10 as
3019 1267 87 20 possible.
3133 1267 54 17 Some
3201 1266 29 16 for-

2804 1287 37 18 mal
2850 1287 85 18 business
2947 1288 71 23 having
3026 1289 47 18 been
3087 1288 107 19 transacted
3208 1289 32 16 the

2804 1310 84 22 meeting
2896 1311 110 21 adjourned.

2906 1360 94 18 PUBLIC
3011 1362 121 17 MEETING.

2827 1406 39 17 The
2875 1406 83 24 meeting
2968 1407 59 18 which
3039 1409 44 17 took
3101 1410 54 22 place
3172 1410 19 16 in
3208 1409 25 18 tin

2804 1430 87 21 Rending
2900 1429 59 18 Room
2969 1437 24 10 on
3010 1432 85 22 Monday
3113 1433 81 23 evening
3210 1433 30 17 for

2803 1453 33 17 the
2845 1458 82 17 purpose
2935 1453 20 18 of
2968 1454 120 24 considering
3101 1456 52 17 what
3167 1456 74 17 further

2804 1477 50 21 st<:ps
2864 1475 67 18 should
2940 1476 23 17 be
2972 1477 56 17 taken
3036 1479 103 22 regarding
3148 1479 33 17 the
3189 1486 41 10 reso-

2803 1499 71 17 lutions
2897 1500 66 21 passed
2981 1506 24 11 on
3021 1501 47 22 July
3085 1503 50 16 22nd
3151 1508 38 12 was
3206 1502 33 17 but

2804 1522 84 23 sparsely
2896 1523 95 17 attended.
3017 1524 31 17 Mr
3057 1525 72 18 Corlett
3136 1532 39 11 was
3184 1526 56 17 voted

2805 1548 19 15 to
2834 1546 32 16 the
2875 1545 57 17 chair.
2961 1546 32 17 Mr
3005 1546 118 23 Neighbour,
3141 1550 100 22 secretary,

2804 1571 50 15 went
2864 1569 83 23 through
2965 1570 32 17 the
3014 1571 118 21 resolutions,
3151 1572 87 21 seriatim,

2803 1592 38 17 and
2850 1592 62 17 stilted
2921 1592 52 17 what
2981 1594 62 17 action
3052 1594 38 18 had
3099 1595 47 18 been
3156 1596 56 17 taken
3221 1596 18 18 in

2803 1616 51 19 each,
2866 1615 37 17 and
2913 1616 31 16 the
2953 1616 58 17 result
3026 1617 79 18 thereof.
3130 1620 26 16 As
3165 1619 33 17 the
3206 1619 22 17 de-

2804 1639 43 17 tails
2855 1638 38 17 had
2902 1639 76 22 already
2989 1640 47 17 been
3053 1640 101 24 published
3170 1642 16 17 it
3201 1647 39 14 was

2803 1662 66 17 forthe
2873 1663 75 21 present
2952 1663 82 23 meeting
3040 1664 20 17 to
3066 1664 64 18 decide
3135 1671 25 11 on
3168 1666 33 16 the
3208 1666 21 16 fu-

2803 1687 42 16 ture
2854 1691 71 11 course.
2941 1686 55 16 After
3004 1693 11 10 a
3024 1687 76 22 general
3109 1689 129 17 conversation

2803 1708 61 18 which
2875 1708 60 17 lasted
2944 1715 51 11 some
3003 1710 46 17 time
3058 1711 32 17 the
3102 1711 99 23 following
3209 1718 20 11 re-

2803 1731 89 19 solution,
2907 1732 61 17 which
2981 1733 98 18 embraced
3091 1734 25 18 all
3130 1735 33 17 the
3177 1735 64 22 points

2803 1755 101 20 discussed,
2915 1761 38 11 was
2966 1757 67 16 moved
3049 1757 26 23 by
3092 1758 40 17 Mrs
3149 1758 89 19 Graham,

2803 1778 92 18 seconded
2904 1778 25 22 by
2946 1779 31 16 Mr
2993 1780 90 20 Fortune,
3101 1781 38 17 and
3156 1778 82 22 carried:

2822 1802 51 16 That
2880 1800 32 19 the
2921 1801 68 18 thanks
2999 1803 20 16 of
3027 1803 39 18 this
3073 1805 83 22 meeting
3165 1804 23 17 be
3193 1811 34 11 con-

2803 1825 59 22 veyed
2871 1826 19 16 to
2899 1825 33 17 the
2940 1825 58 17 Town
3007 1826 64 18 Board
3079 1827 30 17 for
3118 1828 49 16 their
3175 1829 53 16 atten-

2803 1849 40 16 tion
2852 1849 20 16 to
2882 1848 32 17 the
2923 1848 111 18 resolutions
3049 1850 67 22 passed
3125 1852 21 16 at
3154 1851 33 17 the
3195 1857 33 17 pre-

2802 1872 53 16 vious
2865 1872 94 24 meeting;
2970 1872 42 17 that
3021 1873 33 16 the
3063 1874 63 17 Board
3139 1874 24 17 be
3179 1875 59 21 urged

2803 1896 19 16 to
2828 1894 88 18 continue
2926 1894 49 18 their
2983 1895 64 17 efforts
3055 1896 20 17 in
3084 1897 69 22 regard
3169 1899 20 16 to
3206 1898 32 17 the

2803 1918 127 17 construction
2940 1918 20 16 of
2968 1918 32 16 the
3005 1919 62 17 wharf
3075 1921 38 16 and
3120 1921 33 17 the
3160 1921 46 17 road
3213 1926 26 17 up

2802 1941 130 22 Ngongotaha
2939 1941 4 25 ;
2965 1941 43 17 that
3016 1942 32 17 the
3065 1943 86 23 meeting
3166 1946 72 20 regrets

2802 1964 32 17 the
2843 1964 88 22 inability
2947 1964 20 17 of
2977 1964 31 17 the
3026 1966 62 17 Board
3102 1968 21 15 to
3141 1965 48 19 form
3206 1968 32 16 the

2802 1987 88 22 footpath
2899 1988 21 16 to
2928 1987 32 17 the
2969 1987 86 18 Utuhina
3064 1989 64 21 Creek,
3139 1990 35 17 but
3181 1990 57 23 hoi>es

2801 2012 16 16 it
2826 2017 43 16 may
2878 2011 19 17 in
2907 2011 32 17 the
2947 2011 86 18 interests
3042 2013 20 17 of
3076 2014 78 17 tourists
3170 2014 23 17 be
3202 2020 24 12 un-

2802 2034 90 18 dertaken
2901 2035 20 16 in
2935 2035 32 17 the
2983 2035 108 19 immediate
3108 2034 73 24 future;
3195 2038 42 16 that

2801 2064 21 11 as
2828 2064 12 11 a
2849 2059 58 16 water
2916 2058 68 23 supply
2993 2059 29 16 for
3031 2060 32 17 the
3078 2060 32 17 old
3118 2061 96 22 township
3221 2061 16 16 is

2801 2087 44 11 now
2861 2081 60 17 under
2937 2082 137 18 consideration
3089 2084 20 16 of
3126 2084 33 17 the
3175 2084 61 17 Board

2801 2104 38 18 this
2846 2104 84 22 meeting
2937 2110 95 17 expresses
3046 2106 51 18 itself
3113 2107 19 17 in
3149 2108 54 16 favor
3219 2108 22 17 of

2801 2128 32 17 the
2840 2128 127 17 construction
2976 2129 20 16 of
3004 2135 11 10 a
3024 2130 90 17 reservoir
3127 2132 20 15 at
3163 2130 33 17 the
3205 2132 33 21 top

2801 2151 20 17 of
2829 2150 97 21 Pukeroa;
2939 2151 43 17 that
2989 2152 33 17 the
3035 2152 63 17 Board
3107 2153 23 17 be
3139 2153 98 22 requested

2801 2175 19 16 to
2829 2179 47 16 urge
2885 2179 24 11 on
2916 2174 32 16 the
2955 2175 98 22 gazetting
3062 2176 20 16 of
3094 2176 31 17 the
3142 2176 93 23 bye-laws

2800 2203 20 11 so
2838 2196 43 18 that
2897 2197 32 17 the
2946 2197 83 23 sanitary
3046 2199 106 17 conditions
3167 2200 20 17 of
3203 2199 32 18 the

2800 2222 52 15 town
2860 2225 44 16 may
2913 2220 71 17 receive

2823 2243 32 17 Mr
2871 2243 112 22 Neighbour
3000 2244 45 18 then
3068 2245 67 17 moved
3150 2246 38 17 and
3205 2246 31 17 Mr

2800 2266 73 18 Corlett
2881 2266 91 18 seconded
2979 2267 32 17 the
3021 2268 99 23 following
3126 2269 110 17 resolution:

2820 2289 49 17 That
2878 2295 20 11 as
2907 2289 32 18 the
2948 2290 100 22 telephone
3056 2291 38 17 line
3107 2292 16 16 is
3130 2298 44 11 now
3183 2298 39 12 com-

2800 2312 63 23 pleted
2872 2312 32 17 the
2913 2313 80 22 grsding
3008 2314 39 17 and
3064 2315 89 23 planting
3170 2315 20 18 of
3203 2315 32 18 the

2800 2337 40 16 face
2849 2336 20 17 of
2878 2336 86 17 Pukeroa
2977 2336 23 18 be
3015 2338 105 21 proceeded
3136 2339 52 20 with,
3198 2339 38 16 and

2800 2359 43 17 that
2851 2366 11 9 a
2871 2358 57 22 flight
2936 2360 20 16 of
2972 2361 50 21 steps
3039 2367 22 11 or
3069 2361 55 17 other
3140 2362 94 22 approach

2800 2382 22 17 be
2831 2382 55 17 made
2893 2382 49 17 from
2958 2383 32 16 the
3007 2384 45 17 road
3069 2387 20 14 to
3106 2384 33 18 the
3154 2387 45 21 gate
3215 2385 20 17 in

2800 2406 52 16 front
2860 2406 21 16 of
2889 2404 51 18 Lake
3061 2408 82 17 Carried.

2823 2429 20 17 It
2852 2434 39 12 was
2899 2429 76 17 decided
2984 2430 20 16 to
3013 2430 82 18 forward
3101 2431 53 17 these
3162 2432 61 16 resolu-

2800 2452 49 17 tions
2857 2454 21 15 to
2887 2451 33 18 the
2928 2452 58 17 Town
2998 2453 68 21 Board,
3083 2454 39 17 and
3139 2455 46 16 with
3202 2455 33 16 the

2800 2475 54 17 usual
2862 2476 44 16 vote
2914 2476 21 16 of
2943 2476 69 17 thanks
3021 2478 19 15 to
3050 2477 31 17 the
3092 2477 101 18 Chairman
3203 2477 32 19 the

2800 2498 84 20 meeting
2897 2498 68 18 closed.

2802 2557 428 45 CABLEGRAMS

2823 2639 91 21 London,
2929 2639 81 19 October
3025 2642 26 16 15.
3053 2642 63 17 —The
3130 2642 61 17 Turks
3204 2647 31 13 are

2799 2662 82 23 actively
2890 2663 86 23 engaged
2989 2663 18 18 in
3021 2663 66 25 laying
3100 2664 99 24 torpedoes
3215 2664 20 18 in

2800 2687 32 16 the
2841 2686 129 17 Dardanelles.
2994 2687 60 17 Three
3060 2688 69 17 vessels
3135 2688 48 18 have
3189 2688 46 17 been

2800 2709 114 22 despatched
2923 2710 46 16 with
2978 2710 32 17 the
3018 2716 99 17 necessary
3126 2710 108 20 monitions.

2823 2733 39 16 The
2872 2732 67 17 Sidtan
2949 2739 65 16 agrees
3028 2735 19 15 to
3144 2735 31 17 the
3191 2735 44 16 lives

2800 2755 38 18 and
2846 2757 91 21 property
2945 2756 20 18 of
2977 2756 33 17 the
3024 2757 118 21 Armenians,
3156 2757 35 18 but
3203 2758 22 17 de-

2800 2779 57 17 clines
2863 2780 21 15 to
2890 2780 120 22 promulgate
3013 2780 96 23 the.sough
3111 2781 49 17 t-for
3166 2781 69 17 reform

2800 2804 20 14 at
2829 2803 81 20 present.

2824 2825 28 16 Dr
2860 2825 91 17 Michaux
2959 2825 33 17 has
3001 2826 93 18 admitted
3103 2827 42 17 that
3154 2827 81 22 Captain

2800 2848 90 17 Lothaire
2910 2849 100 16 sentenced
3031 2849 66 18 Stokes
3119 2851 81 16 without
3224 2857 11 10 a

2801 2872 135 16 eourtmartial.
2962 2872 27 16 Dr
2997 2872 91 18 Michaux
3097 2879 38 12 was
3147 2874 88 17 attached

2800 2895 20 16 to
2829 2894 106 18 Lothaire's
2943 2895 108 22 expedition
3060 2898 20 15 at
3091 2896 33 17 the
3137 2897 45 17 time
3198 2897 37 17 and

2801 2917 86 23 strongly
2896 2917 95 22 protested
3000 2919 75 21 against
3091 2920 33 16 the
3139 2920 96 22 Captain's

2800 2940 69 17 action.
2895 2940 30 17 On
2942 2941 32 17 the
2990 2941 37 22 day
3043 2942 50 17 after
3109 2943 33 17 the
3161 2943 74 21 alleged

2800 2963 44 17 trial
2853 2963 23 17 he
2884 2964 76 22 begged
2969 2964 80 22 Captain
3064 2965 89 18 Lothaire
3167 2967 20 16 to
3202 2966 33 17 tell

2800 2986 39 17 him
2849 2987 61 16 where
2919 2987 33 17 the
2962 2987 84 22 prisoner
3058 2994 45 15 was,
3121 2989 113 22 whereupon

2800 3009 24 17 ho
2832 3015 39 11 was
2880 3009 64 18 shown
2959 3009 73 18 Stokes'
3046 3011 49 18 dead
3108 3012 51 22 body
3173 3012 50 22 hang-

2799 3032 35 22 ing
2841 3033 49 16 from
2898 3033 33 16 the
2938 3032 97 19 bamboos.
3060 3034 28 17 Dr
3093 3035 91 17 Michaux
3191 3041 33 16 pro-

2801 3055 71 22 testing
2880 3056 75 21 against
2964 3056 32 17 the
3010 3057 62 17 action
3086 3058 45 17 then
3147 3058 88 18 returned

2800 3079 20 17 to
2829 3078 79 22 Stanley
2921 3079 56 17 Falls.

2824 3101 116 20 Shanghai,
2950 3102 82 17 October
3038 3105 52 16 15.
3091 3104 59 17 Force
3156 3104 19 17 of
3181 3104 40 22 Eng-

2800 3124 36 18 lish
2846 3125 80 17 marines
2935 3125 33 17 has
2977 3126 69 17 landed
3055 3129 19 15 at
3083 3128 111 20 Cheniulpo.

2801 3177 207 33 AUSTRALIAN
3025 3179 208 32 TELEGRAMS.

2824 3248 91 21 Sydney,
2921 3249 81 18 October
3008 3252 120 20 15,—Green,
3133 3253 32 17 the
3171 3253 64 17 fourth

2801 3277 43 12 man
2853 3273 76 16 wanted
2938 3273 18 16 in
2966 3274 31 16 the
3013 3274 54 17 Dean
3083 3281 48 15 case,
3147 3276 34 17 has
3194 3282 31 11 sur-

2800 3295 91 17 rendered
2899 3295 76 19 himself
2983 3296 37 18 and
3035 3298 46 17 been
3096 3298 102 18 remanded
3211 3305 24 11 on

2800 3324 11 10 a
2820 3317 70 22 charge
2898 3319 21 16 of
2927 3319 114 23 conspiracy.
3067 3321 19 17 It
3095 3321 16 17 is
3119 3322 116 17 understood

2800 3341 43 16 that
2851 3341 54 16 Dean
2914 3342 15 16 is
2938 3342 83 17 desirous
3029 3343 21 17 of
3064 3344 80 23 making
3156 3345 79 17 another

2800 3363 37 17 and
2855 3364 56 16 fuller
2928 3365 110 18 confession.
3064 3367 61 17 Green
3142 3368 57 17 failed
3216 3370 19 15 to

2800 3387 65 17 obtain
2874 3386 32 18 the
2915 3387 37 17 bail
2959 3388 110 21 demanded,
3079 3390 42 19 viz.,
3136 3391 75 18 £3,000.

2891 3434 236 33 TELEGRAPHIC.

2824 3484 104 22 Auckland,
2946 3486 44 16 This
3007 3486 84 23 day.—A
3108 3494 42 11 now
3167 3488 68 17 timber

2800 3514 93 16 company
2901 3508 16 17 is
2925 3509 19 15 in
2954 3514 73 16 process
3039 3510 19 17 of
3074 3511 101 17 formation
3184 3512 49 19 here,

2799 3531 37 17 and
2846 3531 34 17 has
2888 3531 76 23 applied
2973 3533 28 16 for
3012 3533 52 17 leave
3079 3535 20 16 to
3107 3535 76 17 reclaim
3192 3537 42 20 part

2799 3555 21 16 of
2827 3554 33 17 the
2869 3554 89 17 Harbour
2964 3556 20 16 at
2993 3556 60 17 Kauri
3065 3557 63 17 Point.

2823 3577 32 17 Mr
2862 3577 85 17 Holland
2956 3578 34 17 has
2998 3580 102 17 consented
3111 3582 20 15 to
3140 3580 56 17 stand
3205 3581 30 16 for

2799 3600 29 17 his
2836 3600 52 17 third
2897 3602 47 16 term
2953 3607 20 10 as
2987 3607 70 16 mayor.

2822 3624 123 22 Wellington.
2955 3624 44 18 This
3010 3625 107 22 day.—The
3126 3628 108 20 agreement

2799 3646 30 17 for
2837 3647 32 16 the
2876 3647 148 21 amalgamation
3038 3649 20 16 of
3067 3649 32 16 the
3116 3650 70 16 B.N.Z.
3196 3650 38 17 and

2799 3669 33 17 the
2839 3669 86 18 Colonial
2934 3670 51 16 Bank
2996 3670 15 18 is
3020 3677 43 11 now
3076 3672 57 21 ready
3151 3673 29 17 for
3189 3673 34 17 sub-

2798 3693 77 16 mission
2884 3694 20 16 to
2913 3693 32 16 the
2954 3693 89 18 directors
3052 3695 20 16 of
3080 3695 32 17 the
3126 3695 63 17 latter.
3215 3696 19 16 If

2798 3716 69 20 agreed
2884 3717 20 15 to
2917 3716 15 17 it
2947 3716 37 17 will
3005 3716 24 17 be
3050 3718 100 21 preseuted
3164 3720 20 15 to
3201 3719 34 17 the-

2799 3738 64 18 House
2874 3739 93 21 to-night.

2821 3761 39 17 The
2869 3761 109 18 documents
2987 3762 19 16 in
3015 3763 32 17 the
3064 3764 74 17 Cliemis
3152 3770 42 11 case
3203 3764 21 17 in-

2798 3784 67 17 cluded
2874 3791 11 10 a
2893 3785 47 21 long
2947 3785 118 17 re-iteration
3074 3787 26 21 by
3109 3787 40 17 Mrs
3158 3787 77 19 Chemis.

2798 3808 20 16 of
2826 3807 112 22 allegations
2947 3808 20 16 of
2976 3808 77 23 perjury
3068 3810 76 21 against
3156 3810 33 17 the
3198 3816 24 16 po-

2797 3831 45 19 lice;
2857 3831 39 16 also
2903 3831 42 16 that
2953 3830 37 18 had
2999 3832 33 16 the
3039 3832 44 17 trial
3097 3832 89 18 occurred
3194 3835 40 16 two

2797 3853 77 18 months
2883 3853 48 17 later
2939 3853 46 18 both
2996 3854 32 17 she
3041 3855 38 17 and
3093 3856 75 16 Cliemis
3177 3856 55 17 could

2797 3876 48 17 have
2852 3876 55 22 given
2917 3876 86 18 evidence
3012 3883 20 10 as
3041 3879 20 15 to
3074 3879 63 16 where
3153 3879 25 17 he
3195 3884 40 13 was

2797 3905 25 11 on
2830 3899 33 17 the
2870 3898 58 22 night
2937 3900 20 16 of
2964 3900 32 16 the
3008 3900 82 18 murder.

2822 3949 37 16 flic
2867 3949 81 17 decision
2958 3955 38 12 was
3009 3951 55 21 given
3080 3958 19 10 in
3113 3952 33 17 the
3162 3952 70 19 Native

2960 3974 16 6 '"
2988 3973 38 22 day
3040 3974 25 22 by
3079 3974 64 24 Judge
3160 3976 70 17 Wilson

2988 3997 88 21 partition
3093 3999 20 15 of
3128 3998 103 18 Ponokura

2796 4017 68 17 Blocks
2873 4018 17 19 4,
2901 4018 10 16 5
2920 4018 37 17 and
2967 4020 16 17 S,
2993 4019 97 19 estimated
3103 4021 19 18 to
3139 4022 92 22 comprise

2798 4041 59 18 1.326,
2868 4041 52 18 1,563
2929 4041 36 18 and
3036 4048 51 13 acres
3100 4044 128 23 respectively.

2796 4063 39 17 The
2843 4063 73 18 natives
2929 4070 31 11 are
2976 4065 92 24 applying
3084 4067 29 17 for
3129 4074 11 10 a
3157 4068 75 18 further

2796 4086 91 21 partition
2896 4087 20 16 of
2923 4087 59 17 Block
2991 4088 17 17 6.

2819 4117 70 16 Orders
2897 4119 39 16 will
2944 4118 23 17 be
2976 4120 81 16 received
3070 4121 19 17 at
3097 4121 34 18 the
3139 4122 77 18 Chkom-

2840 4141 53 16 ofiice
2902 4141 30 17 for
2939 4141 60 18 Lett's
3009 4142 71 19 Diaries
3090 4144 30 17 for
3131 4146 52 15 US'.tO.

1228 72 59 20 THE
1313 72 58 20 HOT
1397 71 93 20 LAKES
1518 70 172 24 CHEONICLE,
1720 68 190 25 WEDNESDAY,
1939 68 131 21 OCTOBER
2099 71 31 22 16,
2148 70 49 19 1895

370 272 289 64 TAUPO,

90 354 40 18 One
138 355 39 17 and
185 362 11 10 a
204 355 42 18 half
254 355 52 17 miles
315 355 48 17 from
372 353 31 17 the
412 353 44 16 Post
467 351 62 17 Office.
555 350 31 17 All
593 350 82 18 Coaches
682 350 48 17 from
737 350 95 19 Tokaanu,
838 348 72 23 Napier
915 347 38 18 and

67 378 83 18 Rotorua
160 384 31 13 ate
200 382 36 14 ruet
247 378 25 22 by
281 378 32 17 the
403 374 87 19 Coaches,
499 374 38 17 and
546 374 75 16 visitors
630 373 95 22 conveyed
736 375 21 15 to
771 373 32 17 tho
914 371 39 17 free

454 397 20 17 of
482 397 76 22 charge.

93 429 43 20 The
175 430 60 23 SPA
303 429 34 18 the
348 427 66 18 Home
423 427 21 18 of
454 426 34 18 the
498 426 87 18 Famous
601 425 93 23 Crow's
709 424 65 23 Nest
791 423 107 30 Geyser,
918 423 35 19 the

68 456 81 18 Witche3
159 456 98 21 Cauldron,
273 454 120 22 Champagne
407 452 74 21 Geyser,
499 451 63 22 Milky
575 452 75 21 Geyser,
669 451 105 21 Flesh-pot,
791 450 92 21 Porridge
900 449 51 20 Pots,

68 478 120 21 Biow-holes,
198 477 81 19 Hannah
289 477 74 21 Geyser,
374 476 32 16 the
415 475 64 17 Lesser
493 475 70 16 Crow's
576 474 54 20 Nest,
644 475 64 16 Venus
723 473 56 18 Bath,
795 473 74 16 Satan's
886 472 65 22 Glory,

68 503 38 15 Silt
117 502 73 22 Spring,
201 499 146 21 Paddle-wheel,
357 499 37 16 and
403 498 68 17 several
482 498 54 17 other
544 498 61 22 sights
612 498 19 16 of
640 498 82 16 interest.
748 495 75 18 Guide's
833 496 28 17 fee
871 497 19 15 2s
907 495 46 17 each

68 530 71 17 person.

91 548 37 16 The
137 546 73 18 HUKA
224 545 85 18 FALLS.
335 545 78 17 Visitors
422 546 20 14 to
450 544 32 16 the
511 543 37 22 Spa
573 542 95 23 conveyed
676 543 38 16 free
723 542 20 16 of
751 542 75 22 charge.

91 571 37 15 The
235 569 87 17 HOTEL
335 567 132 18 CCHACHIXG
480 566 80 18 CO.run
570 567 81 17 Coaches
659 566 21 17 to
694 565 32 17 the
743 564 97 23 following
854 565 63 22 plaoes
934 564 20 17 of

68 593 75 17 interest
151 598 28 11 :

70 614 132 24 Wairakei
215 614 121 30 Geysers,
348 614 61 23 daily,
421 613 93 24 Sundays
525 611 99 21 included.
654 611 50 19 Fare
715 612 21 17 2s
749 611 32 18 6d.

69 642 139 21 Arateatea
223 640 106 30 Rapids,
341 639 61 24 daily.
431 639 51 18 Fare
494 641 22 16 3s
529 638 31 19 cd.

69 666 131 27 Tokaanu,
210 663 118 28 Thursdays
337 665 40 19 aid
393 665 99 24 Sundays.
522 664 50 18 Fare
583 666 29 17 ss.

70 692 143 23 Rotokawa
228 692 113 29 Sulphur
355 691 77 22 Lake-
461 691 51 17 Fare
523 691 21 18 7s
555 690 31 22 6d,
598 696 39 18 any
647 689 54 19 time.

505 722 11 11 o

91 741 38 16 The
136 741 160 17 accommodation
305 742 20 15 at
333 739 32 18 the
393 739 37 23 Spa
479 739 25 17 all
513 739 42 17 that
570 745 35 10 can
621 739 23 16 be
660 737 79 18 desired.
771 738 63 22 Every
850 738 104 17 Bed-room

69 763 106 18 over-looks
184 764 31 17 the
225 764 90 17 Gardens.
341 763 75 17 Private
424 763 61 16 Suites
494 763 20 16 of
522 762 128 22 Apartments.
680 761 61 22 Large
756 761 156 22 Drawing-room
925 762 29 17 for

68 786 72 18 Ladies.
165 787 128 17 Comfortable
302 786 160 21 Smoking-room.

92 809 51 17 THE
156 810 84 17 MAOHI
254 809 102 18 CARVED
369 809 95 17 DINING
476 808 71 17 HALL
556 809 49 16 seats
616 813 35 12 one
664 807 87 17 hundred
765 813 77 17 persons
857 807 38 18 and
910 813 33 12 con-

69 832 49 18 tains
127 832 26 18 all
162 834 83 22 separate
254 833 60 16 tables
323 833 28 16 for
360 832 71 22 private
440 832 69 20 parties
518 837 21 10 or
549 831 77 17 friends.

92 856 51 16 THE
153 856 84 17 LARGE
247 856 57 19 HOT,
315 855 67 17 COLD
391 854 14 18 &
415 854 77 17 TEPID
498 854 140 17 SWIMMING
643 854 70 17 BATH
722 853 73 22 adjoins
803 854 34 17 the
845 854 108 17 Bedrooms.

91 879 39 16 Tin;
138 879 122 17 SULPHUR
269 878 69 18 BATH
346 879 16 16 is
370 877 75 22 equally
454 877 103 17 efficacious
567 884 19 10 as
593 877 32 17 the
631 877 73 17 famous
712 877 60 17 Priest
778 877 50 17 Bath
835 877 20 17 of
863 877 90 17 Rotorua.

91 902 38 17 The
137 902 77 17 TEPID
228 902 69 17 BLUE
310 901 69 17 BATH
388 901 15 16 is
411 906 44 16 very
464 901 111 21 refreshing.

278 925 50 16 ALL
337 924 82 17 BATHS
428 924 38 16 free
475 924 19 17 to
503 924 80 17 Visitors
591 924 20 17 to
620 924 32 16 the

122 947 43 20 Ihe
175 947 94 20 Grounds
278 953 36 14 are
324 947 42 19 leid
375 949 35 17 out
426 946 19 20 in
462 946 68 20 choice
549 946 120 23 Rose-beds,
690 945 140 23 Shrubberies,
849 945 105 19 Beautiful

70 974 94 23 Flowers,
177 974 49 19 Pine
237 974 132 22 Plantations,
382 973 49 19 Turf
441 973 74 19 Tenuis
534 973 68 22 Lawn,
618 971 125 20 Promenade
763 971 40 19 and
823 971 131 19 Ornamental

71 999 79 22 Lawns.

123 1025 58 19 Good
192 1027 60 18 Urass
262 1025 110 22 Paddocks,
385 1024 99 25 Stabling,
498 1025 65 18 Horse
573 1023 60 24 Feed,
645 1025 32 17 &c.

74 1074 112 23 Visitors
200 1074 134 29 conveyed
343 1074 53 22 free
407 1073 28 23 of
442 1073 96 29 charge
547 1075 27 21 to
583 1074 69 21 meet
661 1072 35 22 all
713 1071 108 23 coaches
835 1072 105 29 proceed-

351 1100 45 27 ing
410 1100 27 21 to
452 1099 120 23 different
587 1100 78 27 parts.

201 1148 139 23 TARIFF:
361 1149 33 18 10s
408 1146 54 20 PEK
478 1147 65 19 DAY.
572 1147 27 19 £2
617 1145 98 21 IOsPER
728 1145 92 20 WEEK.

95 1197 78 25 Special
180 1198 124 19 concessions
311 1199 20 16 to
339 1196 95 19 Familios
440 1196 39 18 and
488 1196 56 24 large
551 1196 76 25 parties
634 1195 84 25 making
726 1201 11 13 a
745 1194 123 26 lengthened
875 1199 52 21 stay.

74 1245 85 20 Visitors
170 1253 45 18 may
225 1246 120 24 confidently
358 1248 59 16 count
427 1252 52 18 upon
490 1251 59 18 every
559 1251 45 13 care
614 1245 39 19 and
662 1245 99 19 attention
772 1246 20 17 to
801 1245 54 19 their
861 1245 93 23 comfort,

370 1271 40 19 and
419 1271 76 24 civility
502 1272 52 18 from
563 1271 35 18 the
608 1271 53 19 staff.

174 1298 116 19 First-class
299 1297 69 19 Table.
500 1297 126 19 Abundance
636 1297 22 19 of
665 1296 59 19 Fruit
734 1297 21 18 in
765 1297 82 19 Season.

70 1323 42 19 Tea
122 1324 41 18 and
172 1324 68 19 Coffee
251 1324 70 19 served
331 1324 20 18 in
368 1324 34 18 the
419 1323 77 24 Dining
512 1323 50 18 Hall
580 1323 105 24 mornings
704 1323 40 19 and
761 1323 123 19 afternoons.
923 1323 32 19 No

437 1352 57 15 extra
504 1349 81 23 charge.

71 1512 101 38 UNION
185 1511 138 18 STEAMSHIP
337 1510 115 17 COMPANY
471 1510 30 16 OF

155 1534 55 16 NEW
222 1533 115 16 ZEALAND
346 1532 80 16 Limited.

134 1563 122 23 FkopoSed
268 1568 166 16 DEPaKIVRES.

204 1601 46 15 iOK
263 1599 100 16 SYDNEY.

146 1696 47 15 FOR
205 1695 130 16 SOUTHERN
346 1695 78 14 I'OKIS.

71 1731 96 16 Takai'UNa
174 1737 50 15 every
235 1731 75 20 Monday

70 1752 109 17 MabxnaFUA
186 1758 51 15 every
245 1752 92 20 Thursday

70 1775 121 19 Australia,
199 1773 104 23 Thursday,
311 1773 40 17 Oct.
360 1773 44 20 17,5
410 1778 17 17 p.

70 1796 52 22 Moa,
132 1796 123 24 Wednesday,
264 1797 80 17 October
349 1797 28 19 21,
386 1797 9 15 5
402 1802 19 16 p.

133 1839 79 16 Reduced
222 1840 45 15 fares
275 1845 27 10 me
311 1844 37 11 now
358 1839 17 15 in
384 1837 43 18 force

69 1860 89 17 Auckland
167 1860 66 16 Branch
286 1860 105 16 Palmer»r,on
403 1860 24 16 Bu

70 1995 160 25 XJUDDART,
255 1995 111 20 PARKER,
388 1994 53 17 AND
462 1993 38 18 CO.

92 2012 26 25 jL
231 2018 108 23 (limited),

145 2065 59 17 NEW
217 2065 85 18 STEAM
315 2063 108 19 SERVICE

71 2096 127 30 Bringing
208 2097 61 23 Low
276 2097 79 22 Fares
365 2096 56 23 into
432 2095 69 22 force

91 2145 95 22 Splendid,
196 2145 162 23 Well-appointed
363 2144 93 18 Steamers
462 2144 39 16 will

68 2168 23 17 l>e
99 2168 113 22 despatched
221 2169 48 17 from
279 2169 117 18 Auckland,
407 2173 20 11 as
442 2166 59 18 under

68 2191 90 20 (weather
174 2192 36 17 and
229 2192 55 17 other
300 2192 142 16 eircumsluucC-B
457 2196 33 15 per-

69 2214 84 22 mitting)
160 2214 3 22 :

68 2237 41 18 For
115 2237 50 18 GISI

68 2237 41 18 Foii
115 2237 135 21 GISBORNE,
256 2237 104 20 NAPIER,
369 2236 115 17 WELLING-

90 2260 56 21 TON,
158 2260 157 19 LYTTELTON,
325 2262 16 15 &
349 2259 127 21 DUNEDIN,

69 2283 108 22 ANGLIAN,.
186 2284 109 20 .Tuesday,
305 2284 41 16 Oct.
355 2283 27 21 22,
395 2283 21 16 10
424 2288 43 12 a.m.

69 2307 106 17 Tasmania
222 2308 102 19 Tuesday,
334 2306 48 17 Nov.
393 2307 16 19 5,
421 2311 55 12 noon.

195 2354 50 17 FOR
260 2352 111 19 SYDNEY.

114 2375 114 24 (Returning
240 2378 20 15 to
268 2375 99 18 Auckland

69 2399 92 22 Carrying
181 2400 112 22 Passengers
314 2399 29 17 for
365 2398 133 20 MELBOURNE,

80 2422 53 17 other
139 2423 130 16 Australian
276 2423 70 18 Ports,
353 2421 38 17 and
396 2421 90 20 Hobakt,

68 2450 106 18 Tasmania
221 2451 98 19 Monday,
332 2449 41 17 Oct.
389 2449 28 20 21,
429 2450 11 15 4
452 2454 47 17 p.m.

69 2473 93 17 Anglian
232 2474 97 19 Monday,
343 2472 48 17 Nov.
405 2473 17 18 4,
436 2472 9 16 3
453 2477 45 16 p.m.

91 2500 79 22 Freight
177 2500 38 17 and
222 2501 93 21 Passages
327 2500 20 17 at
360 2504 78 12 lowest
451 2504 36 12 cur-

70 2527 51 13 rent
134 2528 68 12 rates.

90 2546 72 17 Return
171 2547 73 16 Tickets
250 2546 92 17 available
348 2546 29 17 for
382 2545 28 17 six
417 2545 81 17 months.

167 2575 22 17 L.
203 2575 23 17 D.
236 2575 108 17 NATHAN
356 2575 16 16 &
384 2573 45 21 CO.,

398 2598 78 20 Agents.

97 2649 225 46 Visitors'
348 2649 115 45 List.

99 2727 101 23 Brent's
216 2727 130 28 Bathgate
366 2726 95 22 House.

69 2759 39 17 Mrs
116 2759 37 16 and
162 2759 46 17 Miss
221 2759 55 20 Hart,
292 2759 79 16 Thames

114 2782 68 17 Hozicr
191 2782 37 17 and
236 2781 56 21 maid,
303 2782 92 16 Gisborne

114 2805 22 17 B.
146 2805 71 22 Penny,
226 2805 99 17 Blenheim

113 2828 92 17 Tumbull
214 2828 36 16 and
262 2828 55 19 child,
335 2826 93 18 Taranaki

69 2851 65 17 Misses
142 2851 91 17 Williams
242 2851 32 22 (2),
284 2850 88 18 Dunedin

113 2874 75 20 Brown,
198 2874 92 17 Taranaki

69 2897 31 17 Mr
108 2896 121 24 Gillingham,
240 2896 75 18 Timaru

102 2920 37 16 and
148 2920 40 16 Mrs
196 2919 63 22 Ward,
271 2919 87 17 AVaikato

182 2942 19 18 J.
210 2943 21 18 0.
238 2943 72 17 Wi'son
316 2942 89 17 Dunedin

171 2967 20 16 T.
201 2966 23 17 B.
234 2966 80 19 Seddon,
322 2966 76 16 Timaru

102 2989 119 20 MacKenzie,
235 2989 101 17 Geraldine

102 3012 26 17 H.
137 3012 23 17 E.
169 3012 47 20 Hill,
226 3011 91 18 Adelaide

102 3035 113 21 Bottomley,
230 3035 94 16 Pahiatua

101 3058 118 22 Dougherty,
232 3058 92 17 Gisbome

101 3081 81 20 Telford,
200 3081 89 17 .Scotland

102 3103 84 23 Phillips,
201 3103 99 18 Auckland

69 3127 27 16 Dr
104 3127 59 22 Barry
172 3128 21 15 T.
202 3126 81 21 Russell,
292 3126 76 23 Sydney

185 3164 69 23 Lake
268 3164 95 22 House.

69 3195 30 16 Mr
111 3194 118 19 Sutherland,
239 3194 83 17 Hawkes
330 3194 40 21 Bay

102 3218 26 16 H.
137 3218 61 21 Davy,
214 3216 100 18 Auckland

104 3241 85 19 Stewart,
255 3253 12 7 ~

104 3263 89 21 Sullivan,
255 3276 12 7 ~

102 3309 29 17 W.
141 3309 52 21 Bird,
222 3322 13 8 „

104 3332 95 20 Paterson,
210 3332 26 22 (2)
247 3332 102 21 Tauranga

104 3355 66 22 Inglis,
278 3368 11 7 ~

104 3378 69 17 Vercoe
278 3390 11 7 ~

104 3401 97 19 Fairbum,
215 3399 100 19 Auckland

104 3423 77 21 McKee,
191 3424 25 17 Te
224 3424 53 17 Puke

104 3447 85 20 Munroe,
203 3446 99 18 Auckland

105 3469 123 18 Hursthouse,
243 3468 99 18 Auckland

613 1410 246 45 NOTICE.

527 1545 193 32 FRANKTON
746 1545 209 33 JUNCTION

689 1587 113 31 HOTEL.

556 1677 171 23 >ASSENGERS
742 1677 27 26 by
785 1679 53 18 train
854 1681 21 17 to
889 1679 66 19 Auok.

713 1704 55 19 land.

525 1799 69 19 Trains
616 1802 45 22 stop
681 1802 75 22 twenty
775 1800 87 19 minutes
881 1803 21 17 at
922 1801 35 18 the

569 1825 68 19 Frank
640 1828 34 16 ton
684 1825 95 20 Junction
790 1826 31 19 for
831 1826 79 19 dinner.

549 1851 42 19 The
615 1851 136 25 undersigned
779 1851 37 20 has
847 1852 110 19 first-class

525 1877 63 19 Meals
600 1877 62 25 ready
672 1878 40 18 and
722 1878 70 18 served
802 1885 26 11 on
843 1879 74 19 arrival
936 1879 22 18 of

525 1904 24 17 nil
560 1904 71 18 trains.

525 1951 215 47 William
754 1953 199 55 Geateh,

577 2018 321 25 PROPRIETOR.

524 2054 146 23 Hancock's
678 2053 98 23 XXXX
782 2053 63 23 Ales
855 2054 102 29 always

654 2087 33 15 on
698 2079 125 29 Draught.

180 3509 54 23 The
244 3509 140 28 Langham.

71 3539 40 17 Mrs
118 3538 76 21 Wilson,
208 3538 99 18 Auckland

72 3562 31 16 Mr
111 3561 37 16 and
156 3561 39 17 Mrs
203 3562 46 20 Fox,
262 3563 101 21 Tauranga

74 3584 32 17 Mr
114 3584 94 21 Seymour,
218 3584 98 18 Auckland

107 3606 111 21 Macdoncll,
229 3607 35 17 Sov.
269 3607 66 17 ►liland

109 3629 106 21 Tarawhiti,
225 3630 98 17 Auckland

74 3652 63 22 Judge
145 3651 78 21 Wilson,
233 3653 98 16 Auckland

210 3701 157 23 ROTORUA.

98 3876 48 23 (One
152 3875 89 17 minute's
249 3874 50 17 walk
307 3874 48 16 from
362 3874 32 16 the
399 3875 72 17 Govern-

226 3899 53 15 ment
287 3896 73 20 Baths.)

192 3961 191 24 TORTUS:

104 3998 45 23 35s
155 4005 46 23 per
219 3997 89 27 week;
327 3996 29 23 6s
369 4002 46 22 per
423 3995 56 29 day.

103 4029 61 23 Two
174 4028 89 23 weeks
273 4033 28 16 or
310 4026 97 26 longer,
426 4024 54 24 30s.

111 4089 27 31 C.
171 4087 135 33 HAWKER
333 4085 140 36 WILSON,

197 4127 187 21 PROPRIETOR.

1035 138 115 46 FOR
1180 138 165 47 SALE.

975 254 231 26 rpOTARAHOUSE
1213 254 113 23 BLOCKS,
1332 253 29 20 Sti
1366 254 39 18 aim

1040 287 32 12 ers
1072 298 6 7 t
1090 280 40 19 and
1140 280 138 19 Government
1287 280 41 19 size
1341 280 64 21 Posts,

974 306 21 19 in
1006 313 36 17 an}
1043 306 3 25 T
1056 306 101 25 quaHtity,
1169 306 103 19 delivered
1281 308 20 17 to
1312 313 39 18 any
1361 308 45 23 part

974 332 21 19 of
1004 332 21 18 tb
1030 338 9 13 a
1053 332 177 25 listrict.—Apply
1244 336 21 14 at
1274 332 35 19 the
1320 332 87 19 Auction

974 358 62 19 Man.

1156 384 20 18 J.
1194 383 29 19 H.
1236 383 118 19 TAYLOR.

1065 430 103 19 PUBLIC
1183 430 58 19 AUG
1246 430 70 19 HON.

1081 487 27 13 AT
1120 488 28 12 AX
1163 487 69 14 EARLY
1246 488 60 13 DATE.

975 515 43 20 The
1027 515 137 26 undersigued
1175 517 39 18 will
1227 517 34 19 sell
1270 524 22 11 as
1300 517 63 19 above
1373 516 34 19 the

1000 542 80 18 residue
1091 543 22 17 of
1123 542 33 19 Mr
1167 543 115 19 Falh)ona's
1298 544 108 22 furniture,

1001 568 123 25 comprising
1133 568 3 25 :

976 595 16 18 17
1002 593 103 20 SINGLE
1120 593 70 21 IKON
1206 594 161 20 BEDSTEADS

976 640 80 20 Double
1068 641 40 19 and
1118 642 66 25 single
1195 642 45 19 hair
1249 645 117 16 mattrasses

977 666 87 20 Feather
1073 668 40 18 and
1122 668 14 19 fl
1149 668 25 19 ck
1185 668 79 26 pillows

977 694 23 18 32
1013 693 69 19 White
1092 693 100 20 Blankets

976 720 26 18 20
1012 725 34 19 prs
1055 719 80 20 Double
1145 720 40 19 and
1197 719 70 26 Single
1278 720 70 18 Sheets

977 745 157 26 Counterpanes,
1150 746 66 19 Toilet
1236 746 80 23 Covers,
1337 745 71 19 Pillow

1030 771 59 25 Slips,
1100 771 100 19 Venetian
1212 771 70 19 Blinds

977 797 93 24 Looking
1079 797 82 25 glasses,
1173 797 66 19 Toilet
1249 798 45 18 Sets

978 823 134 19 Washstands
1122 823 41 19 and
1174 823 68 24 Ware,
1262 824 27 18 &c
1298 823 3 24 ,
1319 824 26 18 &n
1355 823 4 24 ,
1375 824 33 18 &c.

1167 855 56 17 ALSO,

1028 873 47 26 Dog
1087 873 47 20 Cart

1029 900 97 19 Cortland
1135 901 97 25 Waggon

1028 926 48 19 Low
1092 926 93 19 Phaeton

1028 952 106 19 American
1144 952 53 20 built
1205 953 72 25 Spider
1286 954 76 26 Buggy
1369 954 40 19 and

1080 978 61 19 Hood

1028 1004 83 23 Horses,
1124 1006 40 22 &c,
1191 1006 34 19 &c.

1020 1036 178 20 TEHMS—Cash
1211 1044 27 12 ox
1253 1044 109 14 delivery.

1132 1063 20 19 J.
1169 1063 27 19 Ix.
1210 1063 118 24 TAYLOK,

1244 1090 140 19 Auctioneer.

524 2376 414 44 HANCOCKS

646 2448 182 20 CELEBRATED

702 2500 86 32 xxxx

632 2559 210 52 ALES,

652 2625 58 13 MADE
718 2626 54 12 FROM
782 2625 41 13 THE

524 2656 114 32 FINEST
664 2657 87 31 MALT
772 2657 64 31 AND
854 2657 97 37 HOPS,

560 2745 53 13 FREE
625 2744 54 14 FROM
691 2745 39 13 ALL
743 2745 127 14 ANTISEPTICS
882 2746 27 13 Oil

627 2777 137 13 DELETERIOUS
783 2777 64 13 ACIDS.

522 2843 136 33 CAPTAIN
682 2844 82 32 COOK
782 2844 168 38 BREWERY,

625 2893 191 19 NEWMARKET.

522 2946 291 46 EhrenMed
829 2947 122 46 Bros

663 3008 144 23 BREWERS,

598 3039 109 20 ALBERT
722 3040 148 25 BREWERY,

542 3071 215 25 QUEEN-STREET,
771 3072 159 21 AUCKLAND

542 3123 66 16 WINE
621 3123 49 16 AND
682 3123 80 17 SPIRIT
772 3124 157 21 MERCHANTS,

563 3150 122 17 BOTTLERS
696 3152 51 16 AND
763 3152 144 20 IMPORTERS,

606 3173 27 19 43,
648 3177 130 12 QOKKN-BTHBHT
794 3178 69 11 WIIABF.

615 3224 49 10 VV.V/.K
675 3224 59 10 MKDJLI.
747 3224 32 11 AND
792 3224 68 12 AWARDS

523 3245 23 15 At
554 3245 29 15 the
596 3245 90 20 following
702 3245 111 16 Exhibitions
828 3246 27 15 for
863 3251 32 11 our
903 3246 39 16 well-

617 3266 60 16 known
691 3265 45 16 Bulk
745 3267 33 15 and
787 3266 68 17 Bottled

522 3314 68 21 Sydney
599 3314 124 16 International
731 3314 107 19 Exhibition,
850 3316 48 16 1879.

522 3331 101 20 Melbourne
631 3335 126 17 International
763 3336 108 19 Exhibition,
881 3337 70 15 1880-81

522 3356 42 16 New
571 3356 74 16 Zealand
653 3356 97 21 Industrial
750 3356 107 21 Exhibition,
863 3357 77 21 Welling-

564 3380 37 15 ton,
611 3379 47 15 1885.

522 3398 43 16 New
583 3398 75 16 Zealand
672 3399 33 16 and
719 3400 53 15 South
785 3399 41 17 Seas
842 3399 109 17 Exhibition.

564 3420 87 16 Dunedin.
663 3420 77 16 1889-90.

523 3440 20 16 In
552 3441 76 15 addition
637 3443 18 14 to
664 3441 53 16 above
724 3442 44 15 have
785 3442 42 15 been
841 3442 80 16 awarded
935 3443 18 14 at

564 3462 104 16 Tasmanian
699 3462 109 21 Exhibition,
834 3463 118 20 Liunceston,

567 3483 79 16 1801-92.

608 3507 57 17 FIVE
676 3509 71 16 FIRST
763 3509 104 17 AWARDS

722 3535 33 11 FOB

522 3550 68 16 BULK
603 3550 109 16 BOTTLED
727 3551 56 17 AXES
801 3552 55 16 AND
875 3553 76 16 STOUT

717 3572 47 17 Also,

611 3593 249 33 CHAMPIONSHIP

551 3629 65 24 Gold
629 3629 86 24 Medal
724 3631 29 22 of
762 3631 166 24 Australasia

631 3665 71 11 AGAINST
713 3665 96 11 AIXCOMKP.3
820 3666 32 12 FOB

524 3687 91 23 BULK
627 3687 71 23 AND
716 3687 146 24 BOTTLED
875 3688 67 23 ALE

619 3739 72 19 Having
698 3744 10 10 a
717 3739 58 20 Large
783 3739 51 15 Stock
842 3739 18 16 of

637 3763 49 17 ALE
696 3764 52 16 AND
759 3764 82 20 STOUT,

527 3789 67 16 Bottled
602 3789 18 16 in
628 3792 51 18 quart
688 3790 34 15 and
737 3790 38 20 pint
788 3790 68 18 bottles,
872 3791 83 21 specially

527 3810 67 16 brewed
601 3810 27 16 for
636 3811 29 15 the
673 3816 74 10 summer
755 3811 53 18 trade,
818 3811 56 16 which
881 3817 29 10 are
917 3817 38 10 now

526 3831 105 21 thoroughly
639 3832 83 18 matured,
735 3837 32 10 can
780 3832 42 16 with
836 3838 51 15 every
900 3833 46 15 confi-

527 3852 51 15 dence
590 3853 105 14 recommend
710 3858 45 10 same
771 3855 17 13 to
802 3859 119 10 connoisseurs
937 3859 18 11 as

527 3873 60 15 socond
595 3875 18 13 to
621 3878 44 11 none
674 3874 17 15 in
700 3874 29 15 the
737 3873 71 18 Colony.

566 3913 62 41 W
630 3913 40 19 ILI

528 3967 161 25 Paperhanger,
713 3969 116 24 Painter,
858 3970 97 24 Glazieb,

594 3993 130 20 slgnwriter
738 4001 41 13 and
794 3995 99 20 general

677 4019 128 21 Decorator.

568 4051 135 26 Twenty-five
714 4055 64 23 years'
793 4055 124 25 experience.

648 4078 113 20 Estimates
770 4087 69 13 given.

557 4128 68 25 Apply
634 4128 61 20 Office
703 4129 22 19 of
734 4129 40 20 this
785 4137 68 18 paper.

1131 1233 121 24 Tenders.

987 1293 11 11 »
1006 1286 137 24 V'RITTEJN
1153 1285 130 19 TENDERS
1293 1285 41 19 will
1343 1285 26 19 bo
1379 1291 30 13 re-

993 1312 29 17 H
1066 1312 68 19 ceived
1158 1315 21 16 at
1198 1311 87 20 Galatea
1303 1314 34 17 not
1360 1311 50 19 later

977 1339 49 18 thau
1036 1338 112 25 Thursday,
1160 1338 49 18 24th
1219 1338 86 18 October
1316 1340 54 18 next,
1379 1337 31 19 for

977 1364 79 24 carting
1078 1364 89 25 supplies
1186 1364 54 19 from
1263 1364 34 18 the
1317 1362 93 27 Railway

977 1390 85 23 Station,
1073 1390 96 23 Rotorua,
1181 1392 22 17 to
1221 1389 35 19 the
1274 1389 136 19 Government

977 1417 57 18 Store
1044 1418 21 16 at
1073 1415 28 19 Te
1113 1415 78 20 Whaiti
1201 1416 32 18 for
1242 1422 13 12 a
1273 1415 70 25 period
1361 1416 21 18 of
1398 1417 12 17 6

977 1442 86 19 mouths.
1091 1441 119 20 Conditions
1220 1443 21 17 of
1251 1444 89 16 contract
1353 1444 21 16 to
1384 1441 25 19 be

977 1474 46 12 soon
1035 1469 22 17 at
1066 1468 34 18 the
1110 1468 78 25 Survey
1209 1468 67 23 Office,
1296 1467 113 23 Auckland,

977 1494 67 18 Times
1062 1493 67 24 Office,
1148 1494 118 25 Tauranga,
1290 1493 40 19 and
1343 1493 67 19 Police

978 1520 85 22 Station,
1075 1519 97 20 Rotorua.

1003 1545 43 19 The
1056 1547 69 17 lowest
1134 1552 23 12 or
1167 1553 40 18 any
1217 1546 72 19 tender
1298 1548 35 16 not
1343 1552 56 12 neces-

978 1571 61 25 sarily
1049 1571 99 25 accepted.

1130 1598 21 19 C.
1166 1598 25 19 B.
1206 1598 124 23 TURNER,

1051 1624 187 25 ActingiEngineer
1252 1624 21 19 in
1283 1624 74 24 charge

1157 1650 86 19 Galatea
1256 1650 73 19 Roads.

1095 1708 61 16 FIRE
1170 1708 123 17 BRIGADE.

992 1754 17 26 \
1034 1754 120 17 MEETING
1160 1754 20 17 of
1186 1754 32 17 the
1225 1753 123 23 Preliminary
1354 1754 56 17 Coni-

978 1778 44 18 XjL
1047 1777 63 17 niittee
1119 1778 20 16 of
1147 1777 33 17 the
1188 1777 85 17 Rotorua
1282 1778 42 16 Fire
1329 1777 81 22 Brigade

979 1799 37 19 will
1025 1800 44 17 take
1077 1800 51 22 place
1137 1801 19 16 in
1165 1801 32 16 the
1213 1801 86 21 Reading
1313 1801 60 16 Room
1387 1806 23 11 on

978 1823 131 18 Wednesday
1122 1823 101 22 Evening,
1239 1823 81 18 Ootober
1343 1824 26 20 16,
1391 1824 19 17 at

978 1847 10 16 8
997 1846 77 17 o'clock.

995 1885 11 16 A
1035 1884 119 18 MEETING
1174 1885 20 16 of
1215 1885 120 20 subscribers,
1350 1891 45 12 mem-

983 1903 32 24 /\
1058 1908 41 16 hers
1127 1908 38 16 and
1192 1908 101 23 intending
1320 1908 90 19 members

979 1931 36 16 will
1025 1931 44 17 take
1077 1931 52 21 place
1138 1931 18 16 in
1166 1931 32 17 the
1207 1931 87 23 Reading
1303 1932 65 20 Room,
1386 1938 24 10 on

979 1954 86 20 Friday,
1075 1954 81 17 October
1166 1955 49 19 18th,
1227 1956 19 15 at
1255 1955 10 16 8
1272 1961 52 16 p.m.,
1335 1955 30 17 for
1378 1955 32 17 the

978 1977 79 17 election
1074 1978 19 16 of
1106 1977 77 20 officers,
1199 1978 33 17 the
1249 1978 100 17 formation
1364 1979 19 16 of
1399 1985 11 10 a

978 2001 110 21 permanent
1096 2001 107 17 committee
1216 2001 38 17 and
1268 2001 32 17 the
1315 2001 85 17 consider-

978 2023 51 18 ation
1038 2023 20 17 of
1066 2023 55 17 rules.

1094 2046 25 17 H.
1133 2046 28 18 W.
1176 2047 162 20 NEIGHBOUR,

1250 2070 39 18 Sec.
1300 2076 33 16 pro
1342 2072 44 16 tern.

1084 2164 105 21 FRASER,
1206 2164 89 23 qualified
1311 2165 99 17 American

984 2182 44 24 [»_!_
1053 2186 100 22 M«H«Pii«p,
1164 2187 84 23 recently
1260 2188 48 14 from
1323 2187 84 16 T.nndnt,.

978 2210 15 17 is
1006 2210 90 22 prepared
1110 2211 19 16 to
1142 2211 67 16 attend
1225 2211 82 22 patients
1324 2217 24 11 on
1365 2216 45 18 very

978 2233 94 17 moderate
1081 2235 62 15 terms.

1001 2256 36 17 She
1046 2256 33 17 has
1088 2256 36 17 had
1133 2262 57 16 many
1199 2257 59 22 years'
1268 2257 108 22 experience
1390 2257 20 17 in

978 2279 31 17 the
1025 2281 107 19 treatment,
1150 2280 38 16 and
1208 2280 15 17 is
1239 2280 117 23 thoroughly
1378 2286 20 11 ac-

977 2302 90 22 quainted
1075 2303 46 16 with
1129 2303 33 17 the
1171 2303 73 22 System
1255 2304 19 16 of
1283 2304 28 17 Dr
1326 2303 19 18 S.
1359 2303 51 17 Weir

977 2326 91 19 Mitchell,
1079 2326 19 16 of
1107 2326 136 22 Philadelphia,
1255 2327 29 16 for
1292 2327 32 16 the
1333 2332 43 11 cure
1389 2327 21 16 of

977 2349 78 17 General
1065 2349 89 22 Debility,
1162 2349 134 21 Nervousness,
1305 2349 101 22 Insomnia,

976 2372 111 22 Dyspepsia,
1097 2372 39 20 &c,
1145 2373 33 16 &c.

1000 2399 86 20 Address,
1098 2399 33 20 C/o

1069 2422 95 22 Bathgate
1176 2423 72 21 House,

1069 2445 97 17 Tarawera
1179 2446 71 21 House,

1031 2474 21 11 or
1064 2469 45 16 Hot
1117 2468 69 18 Lakes
1194 2470 118 17 Chronicle
1321 2469 63 18 Office.

1078 2514 93 18 SPORTS
1185 2516 120 17 REVIVAL.

1036 2560 47 17 OSE
1092 2561 83 17 desirous
1184 2563 20 15 of
1212 2562 86 22 reviving
1306 2562 32 16 the

988 2578 19 25 L
1052 2583 114 18 November
1179 2585 83 17 Sport's
1274 2585 51 20 Day,

975 2612 31 11 are
1015 2607 97 22 requested
1121 2609 20 15 to
1149 2609 49 16 meet
1207 2609 20 16 at
1236 2608 32 17 the
1277 2608 51 17 Lake
1342 2608 65 17 House

975 2629 64 21 Hotel,
1049 2636 25 11 on
1082 2630 69 23 Friday
1163 2630 82 23 evening
1258 2632 51 19 next,
1327 2630 81 18 October

977 2653 26 20 18,
1013 2654 19 15 at
1042 2653 10 17 8
1061 2653 76 21 o'clock,
1148 2655 29 15 for
1186 2654 32 17 the
1230 2660 80 16 purpose
1319 2654 21 16 of
1349 2655 46 16 form-

975 2676 33 22 ing
1016 2682 12 10 a
1036 2676 106 17 committee
1150 2679 20 15 to
1179 2683 81 16 arrange
1269 2678 29 17 for
1310 2677 72 22 having
1397 2683 11 10 a

975 2699 83 17 meetiner
1067 2705 20 12 as
1096 2700 95 17 formerlv.

1021 2721 82 19 JAMES
1118 2723 124 21 STANLEY,
1253 2723 5 22 )
1269 2735 14 5 „

1021 2744 82 19 JAMES
1116 2745 117 21 O'KEEFE,
1252 2735 6 35 j
1268 2735 106 17 Conveners
1376 2735 4 35 -

976 2788 173 19 T7URNISHED
1159 2788 81 22 Cottage
1251 2789 20 16 to
1286 2789 122 21 let.—Apply

1039 2811 97 17 Seddon's
1145 2811 59 17 Lake
1217 2811 65 17 View.

928 4223 100 39 Ask
1053 4224 71 39 for
1148 4224 263 38 Hancock's
1452 4225 275 40 Celebrated
1759 4227 192 40 XXXX
1977 4229 110 39 Ales
2114 4232 94 36 and
2233 4230 149 38 Stout.
