3330 4340
156 161 40 19 AN
203 158 202 21 UNEMPLOYED
416 157 77 20 RUSH.

125 240 54 20 How
196 245 43 14 the
258 239 124 20 Victobiak
400 238 151 20 Government

243 278 41 13 HAS
291 278 58 13 BEEN
359 276 63 15 DOXE.

153 325 63 20 Great
222 332 21 12 as
251 325 35 19 the
293 325 90 19 increase
390 323 35 19 lias
434 322 47 19 been
490 320 19 18 in
519 319 32 20 the

124 352 86 20 number
217 352 22 20 of
258 358 43 13 men
320 349 102 26 employed
443 348 19 19 in
477 346 46 19 mini
540 353 12 17 g

125 379 126 25 throughout
259 377 97 22 Victoria,
367 376 18 18 it
404 376 33 17 lias
458 374 49 17 been
528 372 22 25 by

126 412 26 12 no
172 412 66 12 meaus
257 402 155 22 commensurate
439 398 47 20 with
517 398 34 19 the

126 432 85 19 number
229 431 20 18 of
267 430 42 19 froe
328 428 81 23 railway
429 431 67 18 passes
514 430 24 13 an

126 458 43 20 free
193 456 78 20 miners'
304 454 62 25 rightc
402 452 72 19 issued.
512 450 40 20 The

128 484 148 22 eleemosynary
294 479 148 27 dispensations
475 478 22 19 of
519 477 33 19 the

126 510 65 20 Mines
212 508 133 25 Department
373 505 55 24 have,
452 511 45 18 says
519 503 35 20 the

126 538 49 23 Age,
185 535 49 19 been
245 532 87 26 severely
341 531 59 20 taxed
417 531 22 19 of
448 531 47 24 late,
514 531 38 18 and

127 569 37 12 one
171 560 62 19 would
241 559 70 26 gather
317 559 53 19 from
379 557 34 20 the
421 557 133 26 applications

126 587 56 21 made
191 587 45 19 that
245 593 24 12 an
280 585 62 20 auriff
346 592 46 12 rous
403 583 97 26 epidemic
516 583 38 19 had

126 613 75 20 broken
212 615 35 17 out
257 619 25 13 on
292 612 36 20 the
338 612 51 19 New
400 610 64 20 South
484 610 70 20 Wales

126 640 78 19 border.
232 639 63 25 Porty
305 644 21 13 or
333 637 46 25 fifty
391 644 45 12 men
451 637 49 19 have
519 639 35 22 put

126 666 21 20 in
157 673 24 12 aD
190 672 124 19 appearance
329 664 48 19 each
396 664 39 25 day
454 663 100 24 soliciting

125 699 69 19 passes
213 694 21 17 to
251 698 25 18 go
296 691 75 24 mining
390 693 21 16 at
430 689 84 23 Eehuca,
533 695 21 12 or

128 719 112 24 Wodonga,
478 716 60 21 there,
549 715 4 28 '

128 752 21 12 as
165 745 33 19 the
225 744 117 20 American*
371 743 66 19 would
466 748 41 18 say.
536 741 15 18 li

126 771 104 26 gradually
248 771 62 24 began
331 774 21 15 to
372 771 57 18 dawn
449 774 53 19 upon
521 767 33 19 the

126 797 82 19 officials
218 797 22 19 of
254 797 34 19 the
298 797 129 24 department
437 794 44 20 that
498 793 56 20 there

128 830 38 12 was
176 823 114 25 something
302 830 68 17 wrong
382 823 19 18 in
420 821 39 19 this
481 819 73 20 border

220 849 38 19 and
269 856 53 12 more
333 849 47 19 than
392 854 12 13 a
423 846 98 26 suspicion
538 846 16 18 is

126 882 45 14 now
198 875 125 21 entertained
349 875 47 19 that
418 872 136 26 enterprising

126 903 90 19 shearers
227 909 59 18 going
301 908 47 13 over
367 900 43 20 into
427 899 48 20 New
491 900 62 18 South

206 929 48 19 have
264 928 71 25 simply
351 926 139 26 compounded
505 924 47 20 with

128 956 120 22 conscience,
257 955 37 19 and
305 953 77 25 alleged
392 953 44 18 that
446 952 45 24 they
504 958 49 12 were

128 982 59 25 going
197 981 81 25 mining,
291 980 54 19 when
356 978 52 21 their
427 978 41 20 real
487 977 66 25 object

128 1014 38 12 was
177 1012 20 14 to
221 1008 23 18 be
255 1008 19 18 in
284 1007 46 18 time
339 1006 33 19 for
389 1006 33 18 the
439 1004 49 19 wool
508 1004 44 22 clip.

128 1034 24 19 In
163 1040 10 13 a
184 1032 147 21 memorandum
342 1034 20 16 to
370 1032 33 18 the
414 1030 96 20 Minister
520 1030 34 19 the

127 1060 103 24 Secretary
240 1059 32 19 for
278 1058 68 19 Mines
356 1059 62 18 states
428 1058 45 18 that
480 1056 74 26 during

126 1085 32 20 the
168 1087 45 23 past
223 1088 38 17 two
271 1091 57 18 years
337 1084 36 19 the
382 1084 129 24 department
518 1083 34 19 has

126 1113 45 18 sent
181 1118 53 18 awny
246 1112 71 22 16,000
328 1117 50 17 men,
390 1112 21 17 to
421 1110 35 19 the
474 1111 78 23 greater

126 1138 83 19 number
219 1138 22 19 of
251 1138 62 19 whom
332 1137 45 19 free
394 1136 80 20 miner's
488 1136 65 24 rights

125 1164 49 19 have
183 1164 40 19 also
236 1164 47 19 been
299 1164 71 21 issued,
389 1164 21 18 in
428 1164 69 17 return
521 1162 33 19 for

126 1190 62 20 which
200 1191 36 18 the
251 1192 91 22 Treasury
355 1190 35 18 has
408 1191 99 18 recouped
519 1189 27 18 tin

125 1217 126 25 department
262 1219 21 16 to
294 1217 34 18 the
337 1218 71 17 extent
424 1219 18 15 ol
457 1216 95 20 £l4,Gi)o.

124 1244 27 18 So
159 1243 45 25 long
215 1249 21 12 as
243 1242 33 20 the
284 1243 84 18 number
377 1249 39 12 was
427 1242 48 25 kept
484 1241 67 20 within

126 1269 45 20 such
190 1269 115 20 reasonal'e
330 1269 60 18 limits
410 1269 45 18 that
472 1268 18 19 it
514 1274 38 13 was

126 1296 87 25 possible
223 1298 21 16 to
256 1295 59 20 check
326 1295 119 25 imposture,
456 1294 49 25 good
522 1300 20 13 re-

125 1322 67 19 sulted
203 1322 52 19 from
274 1321 47 20 thus
340 1321 96 24 relieving
451 1321 33 19 the
503 1327 37 13 con-

126 1348 78 25 gestion
215 1348 21 19 of
246 1348 132 25 unemployed
390 1348 20 18 in
421 1347 117 19 Melbourne
548 1347 4 26 ;

125 1374 38 20 but
172 1374 34 20 the
216 1374 85 20 number
317 1374 35 19 has
368 1381 21 12 so
412 1373 101 20 increased
531 1374 21 18 of

125 1401 40 19 late
173 1400 45 20 that
229 1400 51 20 little
291 1400 63 19 doubt
364 1400 16 19 if
391 1400 38 19 felt
439 1400 44 19 that
492 1406 59 18 many

124 1427 94 20 obtained
229 1427 31 19 for
268 1427 85 25 nothing
364 1426 53 20 what
433 1426 47 26 they
500 1432 51 13 were

123 1453 43 22 well
175 1453 44 21 able
230 1455 20 17 to
261 1459 37 19 pay
307 1453 37 19 for.

200 1511 18 21 A
225 1510 121 21 SINKING
356 1510 83 20 TOWN.

149 1567 115 26 Am6?eage
282 1567 51 19 from
351 1566 75 25 Bruex,
447 1566 102 25 Bohemia,

124 1599 25 17 On
158 1594 49 26 July
217 1595 31 22 20,
266 1593 41 20 said
318 1593 105 25 :—Own.g
442 1595 19 17 to
478 1600 11 12 a
504 1593 35 19 sub-

122 1618 78 24 sidence
217 1626 49 15 near
287 1619 92 21 Annaliif
405 1618 62 24 Mine,
496 1619 55 19 three

123 1647 73 21 houses
205 1647 21 20 in
245 1647 33 20 the
296 1646 82 25 vicinity
397 1645 100 26 collapsed
513 1645 38 20 last

123 1673 65 27 night,
199 1673 39 21 and
247 1673 52 20 have
313 1671 84 26 entirely
416 1672 132 27 disappeared

124 1700 41 20 into
176 1699 34 21 the
229 1699 61 21 earth.
318 1699 88 19 Further
424 1697 127 22 subsidences

124 1727 21 20 of
151 1726 47 20 land
207 1726 52 20 have
269 1725 93 21 occurred
371 1725 53 19 since
432 1725 38 20 last
485 1725 65 26 night,

123 1753 40 21 and
172 1760 26 13 an
209 1753 61 19 entire
280 1755 81 24 quarter
377 1752 21 19 of
416 1751 34 20 tho
469 1755 53 16 town
535 1752 16 19 is

123 1786 44 14 now
177 1779 117 20 threatened
304 1779 49 19 with
363 1778 91 19 disaster.
482 1777 34 27 Up
530 1781 20 17 to

123 1808 40 18 two
172 1805 40 20 this
222 1806 104 19 afternoon
336 1811 60 13 soven
410 1811 54 13 more
479 1804 73 20 houses

123 1828 41 24 had
173 1832 51 20 boon
235 1831 99 26 engulfed,
353 1831 98 25 bringing
460 1831 34 19 the
503 1831 50 19 total

124 1858 86 20 number
220 1865 25 19 up
254 1861 20 16 to
292 1861 39 16 ten.
359 1857 29 19 As
407 1864 12 11 a
436 1857 116 25 precaution

125 1885 34 19 tho
166 1884 117 19 threatened
293 1884 79 25 portion
382 1884 21 18 of
410 1883 35 18 tho
455 1885 52 16 town
516 1883 37 18 has

125 1910 51 20 been
184 1910 87 24 vacated,
292 1910 38 19 and
349 1915 13 14 a
369 1909 73 19 cordon
453 1910 20 17 of
490 1909 63 25 police

125 1936 43 19 told
177 1937 28 18 off
214 1939 21 17 to
243 1938 84 24 prevent
336 1935 70 27 people
424 1935 91 25 ontering
531 1936 21 17 it.

125 1962 42 19 Tho
186 1964 106 24 occupants
310 1962 21 19 of
346 1962 35 19 the
399 1962 73 18 houses
489 1961 64 19 which

125 1989 51 19 have
184 1988 131 26 disappeared
322 1988 26 19 all
355 1988 83 24 escaped
445 1987 48 19 with
503 1987 52 19 their

125 2015 56 19 lives.
209 2014 42 19 The
269 2014 77 19 sudden
365 2014 85 24 collapse
469 2014 21 18 of
516 2020 37 13 one

125 2040 62 20 house
196 2040 72 20 caused
278 2047 12 12 a
299 2040 35 19 fire
350 2042 20 17 to
380 2040 63 18 break
459 2042 35 16 out
515 2040 40 18 this

125 2067 99 24 morning,
236 2067 39 18 and
291 2066 75 19 several
378 2066 93 25 adjacent
489 2065 55 19 build-

127 2092 45 26 ings
190 2099 51 13 were
261 2092 78 20 burned
358 2094 19 17 to
405 2092 35 18 tho
467 2091 84 25 ground.

125 2118 92 26 Railway
228 2118 114 20 connection
356 2118 49 19 with
421 2118 101 19 Komolau
538 2117 17 19 is

127 2145 130 26 interrupted.
285 2145 42 19 The
350 2147 62 16 water
436 2144 65 19 mains
516 2144 39 18 and

127 2178 36 18 gas
172 2171 57 25 pipes
238 2171 21 19 in
269 2171 33 19 tho
312 2172 53 17 town
375 2171 51 18 have
436 2170 60 25 given
512 2176 43 18 way

127 2197 89 25 through
231 2197 34 19 the
283 2197 92 24 collapse,
396 2196 39 18 and
454 2196 33 18 the
503 2198 51 16 town

127 2222 37 20 has
174 2225 19 17 to
204 2223 90 19 confront
308 2223 34 18 tho
360 2221 129 27 possibilities
508 2222 21 18 of
545 2228 10 12 a

127 2252 62 16 water
198 2249 75 19 famine
283 2249 40 19 and
330 2255 13 12 a
353 2248 101 19 condition
469 2248 20 18 of
507 2248 48 19 total

127 2275 103 19 darkness.
257 2275 42 19 Tho
318 2275 84 24 damage
421 2274 50 19 done
490 2276 20 17 to
520 2274 35 19 the

127 2303 53 17 town
188 2302 16 18 is
212 2301 104 19 estimated
332 2303 21 17 at
368 2307 12 13 a
392 2300 77 19 million
487 2300 40 19 and
546 2306 9 13 a

127 2327 43 19 half
177 2327 74 19 florins.

2857 131 27 19 IS
2899 131 135 19 ENGLAND
3048 131 173 20 BANKRUPT?

2855 193 40 12 XOT
2906 193 44 18 YET,
2962 193 75 13 UNLESS
3046 193 68 14 THERE
3124 193 18 14 IS
3155 194 14 13 A
3178 194 51 15 WAIi.

2850 221 43 19 The
2911 222 59 18 other
2988 222 39 25 day
3037 222 35 20 the
3089 222 111 25 Spectator,
3210 223 19 20 in
3241 233 7 14 g

2826 254 48 18 very
2882 248 129 19 remarkable
3020 248 70 19 article
3100 248 84 20 entitled.
3195 251 5 8 '
3208 249 30 22 Con-

2826 274 39 18 sols
2880 275 21 17 at
2921 273 51 24 100,'
2982 275 76 23 quoted
3071 274 50 20 with
3135 274 113 24 enthusiasm

2826 299 34 19 the
2883 299 105 25 authority
3006 300 21 18 of
3048 300 35 19 the
3102 300 115 20 Economist
3236 306 12 18 to

2826 332 60 19 prove
2906 325 45 20 that
2965 325 17 20 if
2999 325 35 20 the
3048 326 120 19 Chancellor
3186 327 21 19 of
3224 329 24 21 the

2827 352 120 24 Exchequer
2965 352 80 19 wanted
3060 359 11 12 a
3086 358 44 14 sum
3148 353 22 18 of
3189 359 60 22 money

2827 378 99 24 suddenly
2935 378 26 19 he
2972 378 59 19 could
3048 378 53 19 raise
3110 380 39 18 two
3168 378 81 24 hundred

2827 404 88 19 millions
2925 404 87 19 without
3020 404 102 26 imposing
3129 411 13 13 a
3151 405 65 25 single
3224 408 26 20 tax

2827 430 28 24 by
2866 430 73 25 simply
2948 430 126 25 suspending
3083 431 35 18 the
3135 434 94 22 payment
3238 436 12 18 of

2828 456 34 19 the
2872 456 84 19 interest
2974 462 26 13 on
3010 456 34 19 the
3060 456 56 19 debt.
3144 456 42 19 The
3203 457 47 26 Spec.

2829 484 52 17 tator
2891 482 42 19 also
2943 482 83 24 pointed
3036 484 36 17 out
3080 482 45 19 that
3134 482 29 26 by
3180 484 70 27 putting

2829 514 12 13 a
2851 514 68 19 penny
2927 514 27 13 on
2963 508 35 18 tho
3015 508 78 19 income
3102 510 35 17 tax
3155 509 41 19 and
3205 509 46 28 drop,

2829 534 50 25 ping
2898 534 34 19 tho
2952 540 62 19 sugar
3028 534 51 25 duty
3094 534 26 19 he
3139 534 59 19 cculd
3211 536 39 23 raiaj

2829 560 56 19 three
2909 560 102 18 thousand
3033 560 88 19 millions
3145 567 61 13 more.
3239 564 11 20 It

2831 586 66 20 would
2906 586 26 19 bo
2950 585 84 20 difficult
3043 588 22 18 to
3074 586 92 20 conceive
3182 593 13 13 a
3203 589 40 20 state-

2831 614 54 17 ment
2903 618 55 14 more
2968 611 63 26 likely
3039 614 21 17 to
3075 615 58 23 upset
3151 613 35 19 the
3203 620 40 19 ecpia-

2830 639 73 24 nimity
2912 638 21 19 of
2940 638 35 19 tho
2986 638 106 25 champion
3099 639 94 19 financial
3201 642 42 23 pessi-

2831 665 47 18 mist
2896 664 22 19 of
2927 664 34 19 the
2980 670 45 17 age,
3036 664 42 19 and
3091 665 133 26 accordingly,
3240 668 12 21 jj

2831 691 34 18 tho
2875 690 109 18 Investors'
2995 690 83 19 Eeview
3086 691 33 19 for
3130 691 56 24 July,
3196 691 32 20 Mr
3236 694 16 19 A.

2831 717 19 18 J.
2952 715 82 20 devotes
3054 717 34 18 the
3097 716 44 20 first
3156 717 57 25 place
3222 720 18 18 to
3246 727 6 13 a

2831 742 94 25 scathing
2935 742 89 24 analysis
3034 742 21 19 of
3069 743 54 19 what
3133 743 25 19 ho
3173 743 48 20 calls
3229 745 23 22 the

2832 768 88 25 sugared
2926 768 73 19 wealth
3006 768 69 19 dream
3081 769 22 18 of
3109 769 35 18 tho
3154 769 98 25 Spectator.

2832 795 43 18 Tho
2882 794 41 26 gist
2933 794 21 19 of
2961 793 54 20 what
3024 794 35 19 Mr
3067 794 80 19 Wilson
3153 795 38 19 has
3200 797 19 18 to
3229 804 23 19 say

2832 820 17 19 is
2868 822 20 17 to
2902 820 25 19 be
2946 820 65 19 found
3029 820 21 19 in
3064 820 35 19 tho
3113 821 105 26 following
3231 830 21 13 ex.

2832 848 61 17 tracts
2904 853 33 12 :

2861 873 5 10 '
2875 872 43 19 Tho
2927 872 57 19 truth
2994 872 21 19 of
3026 872 33 19 the
3069 874 73 18 matter
3150 873 18 20 is
3184 873 43 20 that
3236 882 17 14 we

2832 898 53 19 have
2903 905 26 12 no
2952 904 89 13 reserves
3060 899 21 18 of
3107 899 73 19 wealth
3203 903 50 19 worth

2833 924 100 26 speaking
2943 924 22 19 of
2973 924 21 19 in
3012 924 41 19 this
3062 927 90 22 country.
3180 926 35 19 All
3229 934 24 14 our

2834 957 59 19 spare
2916 957 69 12 means
3008 950 17 19 is
3048 951 64 19 either
3133 952 90 19 invested
3242 954 11 20 in

2834 976 108 24 securities,
2963 976 17 19 is
2989 976 35 19 tho
3038 978 116 24 expression
3170 978 22 19 of
3207 985 37 14 mort-

2834 1009 69 19 gages,
2924 1009 23 12 or
2956 1003 21 18 of
2987 1002 74 26 capital
3076 1003 105 25 employed
3199 1004 20 19 in
3236 1006 12 19 in-

2834 1030 78 23 dustrj',
2923 1036 23 12 or
2956 1035 37 12 our
3002 1028 66 19 banks
3077 1029 51 19 have
3143 1030 97 21 absorbed
3246 1033 8 19 it

2835 1055 41 19 and
2898 1054 74 20 turned
2989 1054 17 20 it
3019 1055 43 19 into
3087 1054 4 27 '
3101 1055 89 26 deposits
3200 1056 5 9 '
3227 1059 28 20 and

2836 1081 73 19 credits
2918 1080 43 20 lent
2970 1087 26 13 on
3006 1080 35 20 tho
3051 1081 79 19 market
3140 1080 4 25 ;
3160 1082 40 19 and
3208 1082 16 19 if
3233 1084 22 20 the

2836 1107 59 25 thing
2918 1107 105 25 deposited
3041 1113 23 13 or
3076 1107 88 26 pledged
3182 1108 18 19 is
3221 1110 34 26 only

2836 1133 101 19 esteemed
2947 1133 21 19 of
2976 1133 63 24 value,
3053 1140 22 12 or
3085 1133 16 19 is
3111 1134 128 25 marketable,
3247 1138 8 19 it

2836 1159 47 19 does
2893 1161 35 17 not
2938 1161 73 17 matter
3029 1161 21 17 to
3060 1159 34 19 the
3104 1166 72 19 money
3191 1162 64 21 market

2836 1185 55 19 what
2900 1185 26 19 its
2936 1185 91 19 intrinsic
3033 1186 65 18 worth
3108 1192 46 19 may
3164 1187 31 19 be.
3222 1188 33 21 And

2836 1211 85 19 because
2928 1217 30 13 wo
2964 1211 51 19 have
3022 1211 28 19 all
3060 1218 37 12 our
3106 1212 74 19 wealth
3187 1213 68 28 direttly

2836 1244 23 12 or
2869 1237 120 25 vicariously
2999 1239 35 17 out
3044 1241 21 15 at
3074 1237 89 24 interest,
3175 1245 22 12 or
3209 1244 37 16 mort-

2837 1263 73 26 gaged,
2921 1270 23 12 or
2952 1263 22 19 in
2984 1263 62 24 trade,
3059 1263 85 20 because
3153 1265 35 19 the
3198 1266 57 20 credits

2837 1290 21 19 of
2867 1289 35 19 the
2911 1289 79 19 banker
2999 1296 34 12 aro
3043 1290 48 25 only
3098 1290 20 18 in
3128 1291 35 19 the
3172 1291 54 19 main
3234 1293 22 20 the

2838 1315 116 26 expression
2972 1315 22 19 of
3012 1315 34 19 tho
3060 1315 58 20 debts
3137 1317 91 19 incurred
3240 1319 16 26 by

2838 1348 36 13 ono
2884 1343 46 24 part
2939 1341 20 19 of
2966 1341 35 20 tho
3008 1342 129 25 community,
3147 1349 23 13 or
3178 1350 37 12 one
3224 1350 32 19 part

2838 1368 21 19 of
2876 1368 36 19 the
2930 1368 68 23 world,
3017 1370 21 17 to
3053 1368 89 24 another,
3163 1369 16 19 it
3193 1370 63 21 follows

2837 1394 45 19 that
2892 1394 34 19 the
2946 1394 63 19 entire
3027 1395 86 25 product
3126 1395 37 19 has
3172 1397 36 18 not
3222 1398 34 25 only

2837 1427 27 13 no
2872 1420 87 20 relation
2968 1422 21 17 to
2999 1420 67 20 actual
3080 1421 80 24 wealth,
3170 1421 39 21 but
3224 1429 33 22 may

2838 1447 21 19 in
2876 1453 63 19 many
2948 1446 102 20 instances
3063 1449 103 20 represent
3184 1448 35 20 the
3235 1449 15 21 de-

2838 1473 98 20 struction
2952 1472 21 21 of
2983 1472 45 21 that
3042 1473 74 20 wealth
3126 1475 21 19 at
3156 1480 27 14 an
3199 1475 58 22 accelci

2838 1498 57 22 rated
2904 1505 57 20 pace.
2989 1498 42 21 The
3041 1499 74 21 wealth
3130 1507 46 20 may
3186 1500 25 21 be
3225 1508 32 16 con>

2838 1525 77 25 suined,
2934 1532 22 14 as
2975 1525 21 20 in
3012 1525 34 21 the
3061 1526 121 21 exhaustion
3200 1528 20 20 of
3233 1535 24 16 out

2838 1551 102 25 minerals,
2962 1558 22 13 as
3002 1552 124 26 irrevocably
3140 1557 59 23 spent
3217 1561 40 20 upon

2838 1578 111 27 buildings,
2962 1578 3 29 ■
2976 1578 69 27 public
3064 1580 78 24 works,'
3157 1580 74 27 jewels,
3245 1588 12 16 or

2838 1606 76 20 riotous
2935 1604 71 28 living,
3027 1605 37 21 but
3085 1612 22 15 as
3125 1606 48 27 long
3193 1613 21 15 as
3235 1609 22 21 the

2839 1630 73 23 credits
2921 1630 108 28 originally
3039 1632 80 21 created
3136 1639 54 21 upon
3199 1640 58 16 secure

2838 1658 38 21 tiea
2885 1658 63 21 taken
2958 1660 21 19 to
2988 1662 104 23 represent
3109 1658 17 22 it
3135 1666 36 15 can
3182 1659 24 22 be
3222 1660 35 29 kepi

2839 1683 61 22 afloat
2909 1684 21 21 in
2940 1684 35 21 the
2984 1684 90 21 markets
3085 1685 22 21 of
3116 1686 33 21 tho
3162 1686 67 26 world,
3239 1695 18 15 vn

2839 1717 34 14 are
2882 1714 36 17 not
2927 1710 102 21 conscious
3045 1712 21 20 of
3075 1712 34 20 the
3118 1712 47 21 loss.
3193 1714 31 20 On
3236 1714 21 22 the

2839 1740 99 24 contrary,
2958 1743 29 15 we
2998 1744 31 14 see
3039 1745 13 14 a
3066 1738 102 21 continual
3184 1739 73 23 increase

2838 1765 22 19 in
2878 1763 35 21 the
2929 1771 136 20 appearances
3079 1766 21 19 of
3117 1766 75 20 wealth
3206 1768 52 21 which

2839 1791 106 20 abundant
2954 1791 99 20 creations
3072 1792 21 19 of
3102 1797 44 15 new
3162 1794 95 24 securities,

2838 1818 59 25 rapid
2916 1817 98 20 advances
3033 1818 21 19 in
3068 1818 34 19 the
3121 1818 65 26 prices
3203 1820 21 19 of
3236 1820 21 21 old

2838 1850 54 17 ones,
2903 1850 22 13 or
2935 1843 35 20 tho
2980 1844 71 25 steady
3060 1845 110 25 expansion
3187 1846 21 19 of
3217 1846 40 21 bank

2838 1870 39 19 and
2888 1870 78 25 private
2977 1870 130 20 investments
3117 1871 41 19 and
3173 1872 85 21 advances

2838 1896 94 25 produce.
2960 1896 100 24 Scotland,
3085 1897 81 25 gauged
3186 1898 27 23 by
3233 1898 25 21 hei

2839 1922 55 20 bank
2903 1922 95 26 deposits,
3019 1922 47 20 does
3076 1925 35 17 not
3125 1923 47 20 look
3182 1931 38 19 any
3234 1926 24 19 tho

2837 1954 72 20 poorer
2926 1949 86 19 because
3022 1949 22 19 of
3061 1949 38 19 her
3111 1949 62 20 losses
3188 1950 69 25 abroad,

2838 1975 84 19 because
2932 1974 57 20 these
2999 1975 62 19 losses
3071 1975 78 20 formed
3163 1976 52 20 little
3224 1981 33 22 part

2836 2001 21 19 of
2874 2001 58 19 those
2947 2001 96 25 deposits,
3058 2008 48 13 save
3123 2004 21 17 to
3163 2003 34 19 the
3212 2004 45 19 small

2836 2029 70 17 oxtont
2924 2027 35 19 the
2968 2027 104 19 securities
3086 2027 34 20 the
3138 2029 72 25 people
3223 2029 34 20 held

2836 2055 20 17 to
2879 2055 105 23 represent
3001 2053 76 20 former
3101 2053 59 21 homo
3183 2055 74 26 deposits

2835 2079 72 25 placed
2930 2079 77 19 abroad
3038 2080 67 25 might
3135 2080 53 20 have
3218 2081 39 21 been

2835 2105 93 25 pledged,
2948 2105 41 19 and
2999 2105 86 21 because
3098 2107 64 24 prices
3181 2108 21 19 of
3211 2107 46 20 home

2836 2131 66 19 stocks
2920 2131 52 19 have
2982 2131 54 19 risen
3046 2138 22 12 so
3082 2133 60 18 much
3161 2133 21 19 in
3191 2133 34 19 the
3238 2134 13 20 in-

2836 2157 70 19 terval.
2933 2157 44 18 The
2987 2157 88 19 Scottish
3083 2158 61 19 credit
3154 2159 65 19 fabric
3229 2168 28 12 was

2835 2185 36 17 not
2879 2183 101 19 breached
2998 2183 28 25 by
3035 2184 58 19 these
3107 2184 62 20 losses
3186 2186 71 25 causing

2836 2215 12 13 a
2858 2209 107 20 wholesale
2983 2210 122 26 writing-off
3120 2211 22 19 of
3158 2211 98 21 exhausted

2836 2235 78 23 credits,
2925 2235 41 19 and
2973 2241 23 13 so
3005 2236 50 25 long
3064 2243 22 12 as
3096 2237 16 19 it
3118 2237 59 19 could
3186 2237 25 20 be
3220 2238 36 26 kept

2836 2261 70 20 wholo.
2917 2261 88 25 deposits
3015 2262 60 19 could
3085 2265 34 17 not
3129 2263 37 20 but
3178 2270 53 19 grow
3239 2265 18 25 by

2836 2287 33 19 tho
2878 2287 39 19 law
2935 2288 22 18 of
2966 2288 54 19 their
3033 2288 69 26 being.
3130 2289 67 26 Every
3214 2290 42 20 bank

2836 2320 22 12 or
2871 2313 58 19 other
2939 2320 100 19 company
3053 2314 95 21 dividend
3163 2319 94 23 augments

2835 2339 31 19 for
2875 2345 13 13 a
2897 2339 49 20 time
2956 2340 35 19 tho
3005 2341 74 25 supply
3098 2342 21 18 of
3128 2342 63 19 credit
3200 2343 20 19 in
3233 2344 23 19 the

2835 2365 84 24 market,
2931 2366 41 19 and
2982 2366 40 24 ipso
3033 2370 51 16 tanto
3093 2367 35 20 the
3137 2368 50 19 total
3197 2370 20 18 of
3233 2370 23 19 the

2835 2392 93 24 deposits.
2970 2392 68 26 Every
3060 2400 45 13 new
3132 2394 85 20 colonial
3242 2402 15 13 or

2834 2417 79 26 foreign
2923 2418 53 25 loan,
2987 2419 67 20 raised
3064 2422 21 17 to
3094 2426 41 19 pay
3150 2420 81 21 interest
3239 2428 17 13 on

2834 2443 33 19 the
2878 2443 39 24 old,
2930 2444 47 20 does
2987 2445 35 20 the
3031 2452 55 13 same
3096 2446 60 25 thing
3165 2454 5 16 ;
3185 2448 39 19 and
3233 2448 23 19 the

2834 2469 70 25 steady
2914 2470 116 21 endeavour
3048 2472 22 19 of
3079 2472 27 19 all
3115 2472 67 19 banks
3196 2475 20 18 to
3226 2474 30 19 find

2833 2501 12 13 a
2864 2502 35 12 use
2914 2498 21 17 to
2950 2497 35 19 the
3003 2498 41 19 last
3057 2498 90 26 shilling,
3162 2499 32 19 for
3208 2506 48 18 every

2833 2521 89 20 increase
2932 2523 21 18 in
2963 2523 53 20 their
3034 2529 99 21 apparent
3142 2531 75 18 means,
3232 2532 16 13 on-

2833 2554 98 19 courages
2941 2549 35 19 the
2985 2551 98 25 pawning
3092 2551 21 19 of
3129 2551 57 19 these
3195 2552 60 24 stocks,

2833 2573 39 19 and
2888 2575 110 19 maintains
3017 2583 22 12 or
3052 2577 63 19 raises
3136 2577 53 19 their
3207 2578 48 26 price.

2832 2599 58 26 They
2907 2600 41 20 live
2958 2603 20 17 to
2987 2602 54 24 lend,
3057 2603 40 19 and
3114 2606 54 16 must
3187 2604 44 20 lend
3243 2606 13 18 to

2832 2625 46 24 live,
2890 2627 40 19 and
2940 2627 34 19 the
2984 2635 55 13 more
3049 2629 48 24 they
3106 2629 47 19 loud
3168 2630 35 20 the
3212 2637 43 13 more

2833 2651 52 20 their
2908 2652 89 26 deposits
3018 2654 100 27 multiply.
3155 2655 55 21 Thus
3232 2657 24 19 the

2832 2678 70 19 nation
2912 2685 66 19 grows
2993 2681 64 19 richer
3067 2681 40 19 and
3121 2681 66 20 richer
3196 2683 27 24 by
3231 2683 24 19 the

2832 2704 59 19 debts
2910 2705 15 20 it
2942 2706 106 20 nourishes
3063 2714 22 12 or
3100 2709 105 19 contracts.
3231 2708 24 20 AH

2833 2730 33 19 tho
2877 2730 60 21 while
2944 2731 55 20 these
3010 2732 58 20 debts
3078 2740 46 18 may
3132 2733 24 20 be
3166 2740 26 13 no
3201 2735 54 19 better

2832 2756 51 19 than
2892 2758 171 20 accommodation
3074 2759 54 20 bills.

2844 2782 4 30 _
2859 2782 53 20 How
2931 2784 80 24 foolish,
3026 2785 22 19 in
3063 2785 34 20 the
3114 2786 54 25 light
3182 2787 22 19 of
3221 2793 26 13 con-

2832 2808 120 21 siderations
2962 2810 41 19 like
3013 2811 62 25 these,
3086 2811 18 20 is
3113 2812 34 19 the
3159 2815 96 17 statement

2832 2834 45 19 that
2886 2835 28 25 by
2924 2836 75 25 merely
3005 2838 126 26 suspending
3139 2838 35 20 the
3184 2839 71 25 sinking

2832 2860 79 19 fund—
2913 2862 29 19 i.e.
2961 2864 97 25 stopping
3074 2864 34 19 the
3121 2871 93 19 pressure
3230 2865 25 20 tho

2832 2887 120 20 terminable
2972 2890 101 19 annuities
3086 2891 40 19 and
3136 2891 58 20 other
3208 2892 38 19 debt-

2833 2913 154 27 extinguishing
3005 2915 89 20 burdens
3109 2918 86 19 exercise
3210 2923 45 20 upon

2832 2939 126 25 prices—the
2975 2940 136 21 Government
3120 2944 21 18 of
3154 2943 41 20 this
3205 2950 40 13 coun-

2832 2967 33 23 try
2887 2966 59 19 could
2965 2967 40 20 add
3019 2968 149 24 £200,000,000
3187 2972 21 17 to
3229 2970 26 19 the

2832 2991 98 21 National
2939 2992 60 20 Debt.
3027 2994 44 19 The
3088 2998 89 17 moment
3194 2996 47 19 such
3248 3001 7 14 a

2832 3018 63 19 strain
2914 3025 22 13 as
2951 3025 12 13 a
2978 3019 57 26 largo
3049 3027 42 13 war
3100 3021 79 25 implies
3197 3022 17 20 is
3226 3023 29 25 put

2831 3050 55 20 upon
2905 3051 29 18 us,
2946 3045 16 19 it
2975 3045 18 19 is
3010 3046 98 25 probable
3123 3047 44 20 that
3177 3051 50 16 most
3241 3048 15 19 of

2831 3069 35 21 the
2885 3066 73 24 wealth
2972 3078 29 13 wo
3020 3078 46 14 now
3079 3073 68 26 plume
3163 3074 92 20 ourselves

2832 3103 54 19 upon
2896 3097 41 19 will
2947 3097 25 19 be
2990 3097 116 21 discovered
3114 3102 21 17 to
3152 3100 51 20 have
3213 3100 43 19 been

2832 3125 58 17 eaten
2912 3123 41 19 and
2975 3123 74 25 drunk,
3070 3132 22 12 or
3114 3126 106 20 otherwise
3241 3126 16 19 in

2832 3151 126 17 wantonness
2968 3151 114 24 consumed,
3102 3152 49 20 with
3161 3152 47 26 only
3224 3152 24 20 dis-

2831 3175 104 19 honoured
2944 3175 47 20 bills
3000 3179 21 16 to
3031 3177 55 21 show
3095 3178 33 20 for
3145 3179 23 19 it.
3195 3178 48 20 Bank-

2831 3201 35 25 ing
2888 3201 80 24 woalth,
2989 3203 21 19 at
3023 3202 58 26 least,
3105 3205 41 19 will
3163 3205 93 26 probably

2831 3227 70 19 shrink
2919 3234 28 18 up
2957 3227 41 20 like
3015 3229 34 19 the
3063 3230 84 20 carbons
3157 3231 22 19 of
3193 3238 27 12 an
3232 3231 16 19 in-

2831 3254 117 19 candescent
2963 3255 79 19 eJectriu
3051 3255 55 27 lump
3116 3256 59 20 when
3189 3257 35 19 the
3232 3256 25 20 air

2830 3279 17 19 is
2864 3279 109 25 permitted
2990 3282 21 18 to
3020 3288 56 13 come
3085 3282 21 19 in
3120 3285 78 18 contact
3213 3283 43 20 with

2830 3305 60 19 them.
2919 3305 42 20 Our
2970 3309 49 17 next
3032 3310 58 23 groat
3109 3315 42 13 war
3160 3309 17 19 is
3191 3310 65 18 almost

2830 3330 75 20 certain
2923 3333 21 17 to
2957 3332 26 19 bo
2998 3333 33 20 the
3041 3334 127 20 death-knell
3186 3336 21 19 of
3225 3342 31 12 our

2832 3357 4 28 '
2845 3357 97 25 Empire,'
2952 3358 58 21 boast
3020 3360 34 19 the
3064 3361 148 24 featherhends,
3227 3361 29 19 the

2829 3389 56 19 poets
2895 3384 21 18 of
2935 3384 35 19 the
2979 3386 87 19 nation's
3080 3387 80 25 glories,
3172 3389 39 19 and
3227 3388 29 18 tho

2829 3409 165 22 sentimentalists
3014 3412 21 21 of
3044 3412 28 21 all
3085 3415 57 25 types
3161 3420 61 14 never
3238 3419 18 14 so

2829 3435 75 25 loudly.

2857 3511 3 27 '
2871 3511 65 22 What
2955 3514 41 20 will
3011 3515 35 20 tlio
3060 3523 46 13 man
3125 3518 22 19 of
3164 3518 35 20 the
3213 3518 42 20 20th

2828 3539 84 24 century
2921 3539 26 19 be
2956 3540 13 18 ?'
2980 3540 17 19 is
3006 3541 36 20 tlio
3049 3542 93 26 question
3152 3544 65 20 which
3227 3544 28 21 the

2829 3563 62 19 ladies
2907 3565 21 18 of
2937 3565 88 26 Chicago
3041 3575 33 12 are
3084 3571 142 25 propounding
3239 3573 16 17 to

2828 3596 37 12 one
2875 3591 91 19 another.
2994 3593 28 19 At
3032 3600 12 13 a
3053 3598 66 16 recent
3136 3596 72 20 debato
3223 3602 32 14 one

2827 3615 85 24 speaker
2919 3618 106 20 remarked
3032 3620 45 19 that
3088 3615 3 28 '
3099 3621 87 20 Woman
3194 3622 61 21 would

2829 3641 46 19 then
2881 3641 26 19 bo
2914 3643 21 19 in
2944 3643 39 20 full
2992 3646 113 24 possession
3113 3648 21 18 of
3143 3648 37 19 her
3187 3649 67 25 rights,

2827 3667 39 18 and
2889 3674 47 14 man
2960 3671 66 19 would
3044 3672 95 26 properly
3157 3674 49 19 take
3225 3675 30 19 the

2827 3693 72 19 second
2908 3695 63 24 place,
2989 3697 40 19 and
3039 3698 17 18 if
3065 3698 25 19 he
3105 3698 92 21 behaved
3206 3700 48 23 well,

2828 3719 65 19 would
2911 3720 25 20 bo
2946 3722 84 20 allowed
3041 3726 19 16 to
3075 3725 50 26 keep
3135 3725 21 19 it.
3184 3726 41 20 But
3243 3726 12 19 it

2826 3745 79 20 seemed
2911 3748 21 17 to
2943 3747 35 19 her
2984 3749 44 19 that
3038 3750 34 18 the
3079 3753 81 22 present
3170 3752 73 20 remark-

2825 3770 46 19 able
2881 3771 141 28 development
3036 3776 22 18 of
3067 3777 94 19 woman's
3171 3778 84 20 forearm

2825 3802 40 13 was
2876 3798 128 25 significant.'

2851 3838 139 24 Well-known
3008 3844 120 21 millionaire
3143 3847 29 25 (to
3182 3854 12 13 a

2824 3865 46 25 gar)
2882 3865 4 30 :
2904 3865 3 30 '
2917 3867 31 19 Bo
2957 3869 30 19 off
2996 3870 48 19 with
3053 3878 47 17 you.
3116 3872 40 20 this
3165 3874 90 19 minute.'

2824 3891 83 25 Beggar
2917 3891 4 34 :
2940 3891 3 34 '
2954 3894 61 20 Conio
3033 3903 50 17 now,
3100 3904 35 19 my
3148 3905 53 19 man,
3218 3907 37 18 you

2823 3916 82 21 needn't
2914 3919 47 25 give
2970 3922 91 24 yourself
3072 3924 49 18 such
3131 3925 40 19 airs
3182 3916 4 30 !
3214 3926 40 20 The

2823 3966 45 21 that
2889 3977 41 17 you
2949 3979 34 12 are
3003 3974 85 25 making
3109 3982 52 19 your
3183 3978 68 19 second

2822 3996 84 22 million,
2917 3998 60 19 while
2987 3999 11 19 I
3008 4006 33 13 am
3050 4006 22 13 as
3083 4003 33 18 vet
3133 4003 93 21 working
3235 4005 18 20 at

2823 4019 34 20 the
2868 4021 58 20 hrst.'
3081 4021 5 5 *
3211 4020 13 11 °

1230 91 58 21 THE
1301 90 60 22 HOT
1376 91 92 21 LAKES
1484 90 172 22 CHRONICLE,
1674 87 193 25 WEDNESDAY,
1889 87 131 21 OCTOBqi
2037 87 31 25 16,
2084 86 46 19 1815

2822 4087 70 18 Inntcd
2905 4091 34 16 and
2950 4092 92 20 published
3061 4094 27 16 for
3105 4095 29 17 the
3150 4098 95 19 proprietor

2843 4112 18 12 at.
2878 4112 27 14 Inn
2923 4114 96 17 *eKiHtcrcd
3025 4115 79 22 printing
3110 4117 47 16 oflico
3171 4118 76 20 Rotoruu

2843 4135 21 16 oy
2872 4133 9 14 1
2887 4137 44 13 KiioY
2943 4134 57 17 Jamks
3010 4135 98 22 Hamkond,
3122 4138 17 16 of
3148 4138 76 20 Ilotoruu

2841 4156 161 27 WEDNESDAY,
3012 4161 111 20 OCTOBER
3131 4164 26 22 16,
3167 4165 40 20 189*
3226 4154 4 32 '

154 2379 103 19 Aromatic
276 2379 87 19 tincture
386 2379 16 19 is
433 2379 47 19 used
505 2385 20 13 as
546 2384 10 13 a

129 2405 106 19 stimulant
245 2405 36 19 and
294 2408 59 16 restoi
360 2405 50 19 ativs
422 2405 21 18 in
462 2412 54 12 cases
535 2404 21 20 of

129 2431 88 25 debility,
229 2431 103 21 faintnees.
345 2431 37 19 and
394 2431 114 25 flatulency.
537 2431 18 19 It

128 2458 16 19 is
156 2457 103 26 composed
271 2457 21 20 of
302 2457 180 24 cardamon-seeds,
499 2457 57 20 white

129 2484 235 26 ginger,cinnnmon,and
375 2490 82 19 pepper,
468 2484 86 22 bruised,

128 2511 38 19 and
187 2511 47 19 then
252 2510 83 20 infueed.
355 2510 18 19 in
403 2510 74 24 spirits,
500 2511 56 24 being

128 2537 48 24 kept
186 2537 19 19 iu
217 2544 10 11 a
238 2543 59 13 warm
308 2538 36 24 dry
354 2537 58 25 place
426 2543 12 14 a
457 2536 99 25 fortnight

128 2564 68 19 before
206 2563 65 22 using.

622 153 29 27 J.
667 152 50 32 W.
730 149 217 32 WRIGLEY,

572 189 428 25 ARCHITECT,

712 223 145 19 EOTORUA.

597 256 66 25 Agent
671 255 33 19 for
715 255 33 20 the
759 254 62 21 South
838 253 76 20 Btitish
925 253 46 18 Fire
983 253 17 18 &

570 282 81 21 Murine
662 282 113 19 Ir>sura-'Pe
786 281 108 23 Company.

574 334 164 41 ROTOKIJA
757 333 163 42 SAWMiLL
947 333 52 38 GO.

577 428 133 49 WHITE
719 427 61 20 AND
791 426 56 19 RED
856 424 68 20 PINE
934 423 21 20 of
969 423 33 19 the

675 454 59 19 finest
753 453 79 26 quality
849 451 40 19 and
905 449 98 25 carefully

573 483 39 18 cut.

758 505 54 19 Also

573 539 88 23 Matai,
692 537 126 25 Pukatea,
851 534 50 23 and
926 534 77 21 Tawa

600 564 132 26 Shingles,
745 563 116 25 Palings,
878 561 96 21 Blocks

711 590 51 21 and
786 589 82 21 Posts.

598 635 18 19 A
629 633 53 26 good
692 633 40 19 and
743 632 89 19 assorted
847 630 73 26 supply
929 630 74 25 always

573 668 25 13 on
607 660 54 19 hand
672 661 22 17 at
703 659 35 19 the
748 658 83 20 Timber
839 657 63 24 Yard,

715 689 139 21 EOTOEUA.

584 814 98 21 PRICES
698 814 35 19 AT
748 813 133 20 CURRENT
896 811 95 20 RATES.

621 874 33 20 W.
670 873 154 23 HENSHAW,
845 871 112 20 Manager.

678 938 155 17 ESTABLISHED
852 938 44 17 187fi.

666 1062 86 15 Governor
760 1062 17 15 of
785 1062 40 15 New
830 1060 76 16 Zealand.

617 1095 124 38 JOHN
767 1095 37 37 J,
834 1092 126 44 KEYS,

597 1152 127 20 BUILDER
749 1153 16 17 &
789 1148 186 23 CONTRACTOR,

716 1180 138 21 EOTOEUA.

610 1217 109 19 Estimates
748 1216 60 25 given
835 1214 31 18 for
888 1213 114 24 Buildings,

571 1243 117 19 alterations
699 1242 39 19 and
748 1241 77 26 repairs
834 1240 21 18 in
865 1239 27 19 all
902 1238 100 21 branches

572 1269 21 19 of
602 1269 34 19 tho
651 1269 63 18 trade.

598 1295 101 24 Painting,
712 1291 164 28 Paperhanging,
888 1291 39 19 and
939 1291 47 18 (Haz-

570 1321 42 24 ing,
629 1320 102 20 Venetian
754 1319 39 19 and
812 1318 58 18 other
887 1317 72 19 Blinds
981 1319 21 16 to

571 1372 56 20 Good
637 1371 66 20 stocks
714 1371 21 19 of
745 1370 89 20 Funeral
844 1369 106 26 Requisite;

597 1494 41 42 W.
657 1494 32 41 H.
714 1493 24 40 &
762 1493 31 40 H.
812 1491 28 41 C.
864 1490 107 52 Wright,

643 1547 139 23 SURGEON
792 1545 143 23 DENTISTS.

619 1603 117 25 (Succesoor
747 1603 21 18 to
779 1604 26 16 A,
816 1601 23 19 L,

608 1655 75 27 Notify
694 1657 46 18 that
766 1657 47 23 they
829 1659 34 14 aro
882 1651 119 26 continuing

569 1682 33 21 the
618 1683 97 20 Bubiucbb
739 1684 20 17 at
770 1682 33 18 the
820 1680 102 24 Premises,
933 1681 35 24 top
980 1679 21 19 of

569 1708 189 22 Bhortlaud-street.
777 1707 42 21 The
830 1706 107 27 higb-claoa
947 1705 53 20 work

568 1737 22 19 of
601 1737 34 19 the
646 1737 42 19 late
698 1736 34 19 Mr
742 1736 26 19 A.
778 1735 24 20 L.
814 1733 83 26 Wright
917 1732 40 20 Will
976 1733 24 19 be

569 1763 86 20 adhered
666 1764 28 22 to,
703 1763 37 19 and
752 1768 38 18 any
802 1761 39 19 left
851 1759 114 21 unfinished
974 1759 25 25 by

570 1791 43 19 that
625 1789 114 26 gentleman
752 1789 40 18 will
810 1788 25 19 be
851 1786 111 26 completed
975 1786 24 25 by

662 1817 34 18 the
706 1822 43 13 new
761 1817 147 22 management.

575 1842 110 26 Telephone
695 1842 45 20 657.

619 1894 164 36 Rotorua
798 1891 159 43 Library.

573 1974 41 27 \J
630 1983 12 18 G
651 1982 26 19 30
686 1984 19 16 to
716 1982 24 18 10
750 1988 14 18 p.
771 1987 24 12 m.
807 1980 93 24 Sundays
909 1978 31 20 till
949 1979 54 25 9p.m

573 2012 192 23 Subscription:
774 2011 52 19 SOs
839 2015 49 19 per
900 2014 99 13 annum

597 2044 88 20 Visitors
705 2050 44 17 may
768 2049 85 20 procure
869 2041 67 19 Books
951 2041 52 19 from

573 2071 33 19 the
622 2071 86 24 Library
726 2076 25 12 on
769 2069 82 25 making
869 2076 11 12 a
893 2067 79 25 deposit
983 2067 20 19 of

573 2098 36 18 not
623 2096 40 20 less
682 2096 48 19 than
749 2097 29 21 ss,
796 2095 39 20 and
851 2093 120 27 purchasing
982 2095 21 18 Is

573 2129 77 20 coupon
662 2123 31 19 for
703 2129 61 18 evpry
776 2123 55 19 Four
841 2121 70 20 books.

599 2155 41 20 The
659 2155 87 25 Library
764 2154 18 19 is
806 2159 51 21 open
881 2153 71 24 during
971 2152 33 19 the

574 2182 89 24 evening.

597 2243 44 39 M
646 2242 17 15 R
689 2241 49 35 W
771 2241 40 37 J.
842 2240 37 36 N
889 2239 73 16 APIER
964 2239 4 43 '

623 2284 152 19 BAREISTEE,
787 2284 16 18 &
813 2283 139 18 SOLICITOR.

575 2307 145 17 Commissioner
729 2306 20 17 of
758 2306 32 18 the
806 2304 90 24 Supreme
912 2305 58 16 Court
983 2304 20 17 of

766 2329 54 22 Fiji-)

575 2353 87 17 Solicitor
674 2354 20 16 to
703 2352 31 18 the
743 2353 24 17 N.
778 2351 19 19 Z.
808 2352 127 17 Government
949 2351 55 16 under

682 2376 96 18 Advances
786 2377 20 15 to
815 2375 75 17 Settlers

575 2412 96 18 Victoria
681 2412 89 22 Arcade,
779 2412 114 19 Queen-.st.,
902 2409 102 19 Auckland.

597 2448 70 23 Money
677 2450 18 15 to
705 2448 50 17 lend
765 2452 24 14 on
799 2446 82 18 freehold
895 2446 80 23 security
987 2450 17 14 lit

575 2471 35 19 low
620 2473 48 15 rates
675 2471 20 17 of
698 2472 83 16 interest.
807 2471 70 22 Money
886 2471 85 16 invested
978 2470 26 17 foi

568 2493 1 22 I
576 2495 67 18 clients
653 2495 38 17 free
700 2495 20 17 of
730 2495 73 20 charge.

582 2576 270 46 PHOENIX
875 2576 131 44 FIRE

679 2622 223 39 OFFIHF.

578 2728 80 19 Losses
682 2727 54 19 Paid
870 2726 137 25 £20,000,000

578 2780 51 20 Fine
639 2780 105 20 PitEJuruM
755 2779 98 20 Exceeds
895 2779 58 25 I,s'h
963 2780 44 19 100

577 2833 161 21 Accumulated
785 2831 70 20 Fund?

577 2860 87 19 Exceed
896 2859 111 20 £IOOOOOO

577 2911 23 22 W.
616 2912 59 21 WARD
684 2911 98 24 BAKER'),
811 2910 23 22 W,
851 2911 16 21 A.
881 2911 101 24 WiLIfAMS

611 2937 71 22 District
698 2937 57 24 Mange
849 2936 48 22 Local
907 2935 50 27 Ifent

662 2959 102 24 Aucklaand,
899 2961 77 21 Rotorua.

599 3029 45 39 W.
665 3028 314 47 Blomfield&Co.,

575 3087 207 21 TOTALISATOR
996 3087 3 21 ■

601 3121 40 18 Are
648 3119 98 25 prepared
755 3121 20 16 to
789 3118 55 19 make
852 3119 153 21 arrangements

575 3151 24 13 on
618 3144 99 21 favourab
721 3144 2 21 !
726 3152 11 13 e
756 3146 63 19 terms
842 3144 32 20 for
889 3144 36 19 the
935 3150 38 13 use
984 3144 21 19 of

575 3171 52 20 their
637 3172 106 19 machines.

745 3206 101 19 AdDIIKSS

575 3245 44 39 W,
657 3245 185 35 BlomfiGld
877 3245 37 35 &
949 3244 55 40 Go.

641 3316 106 35 QUEEN
809 3315 129 34 STREET,

704 3361 171 29 AUCKIs/cND.

1047 1898 72 21 Under
1134 1898 34 19 the
1185 1897 150 27 distinguished
1352 1898 115 24 Patronage
1484 1897 21 19 of
1520 1897 32 18 his
1561 1896 121 25 Excellency
1693 1896 34 20 the
1738 1896 104 20 Governor
1853 1896 35 19 the

1377 1924 49 19 Earl
1441 1924 21 19 of
1472 1923 86 20 Onslow.

1081 1987 141 64 HOT
1254 1984 299 67 SPRINGS
1602 1980 246 78 HOTEL,

1256 2081 38 28 T
1309 2081 39 28 e
1404 2081 40 27 7X
1462 2079 149 30 ROH
1629 2080 51 27 K,

1090 2141 53 24 The
1156 2140 58 24 Lest
1238 2138 129 30 Situated,
1390 2140 45 23 the
1449 2140 67 23 most
1529 2138 185 29 Comfortable,
1728 2138 45 24 the
1786 2138 58 23 best

1255 2172 140 31 appointed
1410 2172 77 24 Hotel
1497 2171 28 25 in
1537 2172 34 24 Te
1590 2172 96 24 Aroha.

1058 2211 108 32 Adjoins
1192 2209 73 34 (with
1289 2209 104 25 Private
1420 2208 139 33 Entrance)
1587 2209 45 25 the
1663 2209 119 25 Thermal
1807 2208 108 33 Springs

1024 2245 121 32 Domain,
1156 2244 94 25 Tennis
1264 2243 82 25 Court
1356 2243 28 24 in
1397 2243 118 24 Domain.

1209 2330 94 22 Terms
1304 2330 63 22 —Gs
1385 2337 45 23 per
1449 2328 56 32 day,
1525 2329 45 23 30s
1588 2335 45 24 per
1647 2326 81 31 week.

1027 2398 46 38 W.
1101 2397 40 39 E,
1171 2396 159 47 K^NOGK,,

1051 2483 41 19 The
1110 2481 60 20 baths
1189 2481 39 20 and
1248 2480 97 23 drinking
1365 2483 63 16 water
1447 2486 33 12 are
1496 2477 109 27 especially
1624 2479 116 20 eilicacious
1759 2479 21 19 in
1804 2478 57 20 Gout
1877 2477 37 20 and

1025 2509 121 19 .Rheumatic
1158 2507 114 23 affections,
1282 2506 89 20 Chronic
1380 2505 121 26 Dyspepsia,
1512 2502 108 23 Disorders
1640 2506 21 19 of
1671 2506 36 19 the
1716 2505 91 26 Urinery
1829 2505 87 25 Organs,

1026 2537 103 18 Cutanous
1140 2535 99 22 Diseases,
1255 2533 80 26 Splenic
1346 2533 40 19 and
1404 2533 87 24 Hepahc
1505 2532 115 24 Disorders,
1639 2532 94 20 Diseases
1748 2532 38 19 due
1804 2533 20 17 to
1841 2531 75 19 Exeess

1028 2562 87 25 Acidity,
1125 2561 119 25 Neuralgia,
1254 2559 96 21 Sciatica.

1460 2596 3 14 :
1466 2598 16 12 0;

1132 2628 73 20 Public
1220 2627 50 21 Hall
1280 2627 39 20 and
1330 2626 81 25 Sample
1421 2626 78 20 Booms
1514 2626 111 20 connected
1640 2625 45 21 .vitli
1695 2626 35 20 the
1740 2625 71 25 Hotel,

1030 2793 454 62 GEYSER
1508 2792 382 59 HOUSE

1072 2868 329 49 Hydropathic
1432 2867 154 41 Hotel,
1604 2867 258 39 Wairakei.

1222 2915 36 19 Six
1268 2914 58 19 miles
1335 2915 53 18 from
1398 2914 56 19 Lake
1464 2913 70 26 Xaupo
1545 2912 100 26 (Rotorua
1656 2913 59 25 side).

1152 2946 217 32 SUPERIOR
1402 2945 385 31 ACCOMMODATION

1219 2985 54 20 ALL
1282 2985 59 19 THE
1350 2984 145 20 COMFOETS
1505 2984 35 19 OF
1550 2984 17 19 A
1576 2983 83 20 lIOME
1668 2984 56 19 EOE

1257 3045 156 26 Tourists
1432 3043 68 28 and
1529 3043 165 28 Invalids.

176 2629 156 52 Sieele
371 2629 137 52 Bros.

129 2717 191 42 MARAEROA
378 2716 175 43 SAWMILL.

128 2770 132 50 DESIRE
271 2772 20 17 to
300 2769 63 21 thank
385 2769 34 20 the
437 2771 68 25 public
525 2771 32 18 for

206 2799 46 23 past
260 2796 67 20 favors
335 2797 38 19 and
382 2797 38 20 bee
427 2799 19 16 to
454 2804 103 13 announce

128 2824 44 19 that
190 2823 73 24 having
282 2830 11 12 a
315 2823 56 26 large
390 2825 24 17 st.
423 2823 24 20 ck
467 2824 21 19 of
506 2824 40 19 well-

127 2851 94 19 seasoned
242 2850 105 19 first-class
366 2849 74 20 timber
458 2856 23 13 on
502 2850 53 19 hand

127 2876 48 27 they
185 2884 33 12 are
228 2876 96 26 prepared
344 2882 20 13 to
381 2876 53 19 fulfil
453 2877 68 19 orders
533 2880 21 16 at

129 2903 84 20 reduced
225 2905 57 17 rates.

128 2952 39 25 HP
207 2950 52 27 T\/T
301 2950 184 27 TJARRISOtf,
498 2950 58 25 8.A.,

139 3010 159 20 BARRISTER
320 3010 53 19 VXD
387 3008 153 26 SOLICITOR,

139 3044 44 23 118,
195 3043 106 20 Victohia.
314 3043 92 24 Arca.be,
419 3043 124 19 Auckland.

315 3078 56 19 Also

128 3108 100 21 Barrister
239 3109 37 19 and
288 3107 92 20 Solicitor
391 3107 22 19 of
420 3110 33 16 the
460 3108 96 24 Supreme

205 3135 68 23 Court,
286 3134 93 22 Ontario,
390 3134 87 19 Canada.

127 3273 63 20 LAND,
203 3271 4 22 1
216 3272 63 15 STATE
289 3273 39 13 AND
340 3271 129 16 COMMISSION
477 3271 78 17 AGENT,

127 3300 39 20 No.
176 3301 31 23 82,
220 3298 149 27 Queen-Strcrt
378 3298 89 26 (Arcade
486 3298 58 21 Build-

310 3324 63 27 ings,)

279 3361 127 18 Auckland.

130 3439 508 48 SFIEai-A-ILi
697 3438 305 46 SALE

544 3509 50 27 OF

175 3568 189 44 Cutlery,
390 3566 255 40 Hardware,
671 3566 286 40 Brasswares,

263 3620 149 35 House
430 3617 276 43 Furnishing
722 3617 142 35 Goods

406 3664 54 33 (in
471 3664 98 33 great
581 3663 145 32 variety)

130 3702 152 36 Nickle
308 3702 87 35 and
420 3702 97 35 E.P.
544 3702 164 44 Spoons
744 3700 87 35 and
864 3699 138 36 Forks

426 3747 94 39 E.P,
548 3747 155 35 Cruets

266 3799 86 34 Tea
377 3798 115 41 Pots,
517 3798 153 35 Butter
699 3796 158 35 Dishes

130 3851 101 35 Jam
250 3850 162 44 Spoons
664 3849 157 34 Butter
838 3847 164 36 Knives

384 3902 143 44 Sugar
577 3901 147 45 Tongs

306 3949 79 33 etc.
525 3949 77 36 etc.
746 3948 79 33 etc.

160 4090 277 52 jr.&cT-
471 4088 504 61 DICKEY,

336 4148 94 43 234,
463 4147 146 45 Queen
645 4148 151 42 street.

1026 3131 68 27 Hot
1114 3129 203 32 Swimming
1331 3128 120 31 Baths,
1467 3126 195 28 Kiri-o-Kai
1677 3133 40 20 or
1731 3126 84 26 New
1829 3125 83 27 Skin

1075 3163 100 32 Bath,
1195 3163 71 26 Hot
1285 3161 140 27 Douche
1449 3160 116 32 Baths,
1581 3159 120 28 Grand
1715 3158 151 31 Climate,

1123 3199 312 33 Elevation—l,3so
1446 3199 67 27 feet
1526 3199 110 26 above
1650 3205 59 20 sea
1724 3197 94 28 level.

1025 3278 255 29 COMPETENT
1296 3277 161 27 GUIDES
1469 3285 155 24 accompany
1636 3276 107 24 tourists
1755 3276 25 23 to
1789 3275 45 24 the
1845 3275 54 24 vari-

1124 3321 45 16 ous
1181 3312 85 32 places
1279 3311 26 24 of
1317 3311 116 30 interest,
1447 3311 86 24 which
1541 3310 75 24 bailie
1629 3310 46 23 the
1687 3311 66 22 most
1765 3309 77 24 facile
1852 3316 59 24 pen,

1123 3346 51 24 and
1186 3353 45 17 can
1244 3345 60 32 only
1317 3344 32 24 he
1361 3344 110 24 realized
1482 3344 77 24 when
1576 3351 68 17 seen.

1268 3386 4 20 ■
1357 3386 212 20 ~-*T-iK£^fcL2s!nrs
1569 3392 27 7 —
1666 3391 23 6 ■—

1026 3445 192 26 GEYSER
1231 3444 193 24 VALLEY
1435 3443 92 21 contains
1534 3443 35 19 the
1577 3442 107 26 following
1692 3439 126 28 unequalled
1828 3439 82 20 Natura

1103 3472 92 19 wonders
1204 3466 155 28 :—Tuhuatahi,
1380 3478 22 12 or
1423 3471 64 19 Great
1506 3470 132 23 Champagne
1658 3467 104 21 Cauldron
1773 3466 3 28 ;
1792 3466 35 19 the
1845 3466 65 19 Groat

1102 3497 103 21 Wairakei
1215 3498 78 25 Geyser
1301 3492 4 31 ;
1315 3497 34 19 the
1360 3497 88 25 Donkey
1457 3497 80 24 Engine
1546 3492 4 31 ;
1562 3495 34 19 the
1607 3494 84 20 dairies'
1701 3493 53 20 Bath
1764 3501 5 15 ;
1780 3492 34 19 the
1825 3492 73 24 Lightn-

1103 3524 38 25 ing
1152 3518 60 31 Pool;
1225 3523 34 19 the
1270 3523 49 19 Case
1333 3523 25 19 de
1369 3523 84 26 Geyser,
1468 3529 22 13 or
1501 3521 102 26 Dragon's
1615 3521 70 19 mouth
1696 3518 4 31 ;
1711 3519 36 20 the
1754 3518 59 20 black
1825 3518 85 25 Geyser;

1103 3550 33 20 the
1145 3550 49 20 Mud
1207 3550 91 23 Geyser;
1316 3549 34 19 the
1362 3549 51 19 Blue
1424 3549 54 19 Lake
1489 3544 4 29 ;
1501 3548 35 20 the
1556 3547 34 20 Oil
1601 3547 53 19 Bath
1663 3544 4 29 ;
1686 3546 36 19 the
1745 3544 78 26 Eagle's
1843 3544 67 26 West;

1103 3577 36 19 the
1150 3575 76 21 Devil's
1237 3575 69 20 Bunch
1319 3575 54 19 Bowl
1385 3570 3 30 ;
1400 3575 33 20 the
1446 3575 71 19 Prince
1531 3573 22 20 of
1563 3573 76 20 "Wales'
1651 3570 111 30 Feathers;
1771 3572 33 18 the
1820 3570 89 30 Mirror;

1103 3603 33 20 the
1145 3603 56 19 Twin
1211 3603 77 24 Geyser
1299 3597 4 30 ;
1314 3601 35 20 the
1360 3602 59 19 Coral
1430 3602 78 20 Gevser
1518 3597 4 30 ;
1534 3600 35 19 the
1579 3599 67 20 Green
1662 3598 48 19 Pool
1721 3597 3 30 ;
1743 3597 132 24 Terekerehe,
1888 3606 22 12 or

1103 3629 47 20 Hell
1162 3623 90 30 Geyser;
1263 3628 35 19 the
1308 3628 69 19 Sieam
1388 3629 103 18 Hammer.
1519 3624 86 21 Guide's
1616 3626 31 19 fee
1659 3626 21 17 to
1691 3624 80 25 Geyser
1793 3623 75 25 Valley,
1881 3627 27 22 ss;

1103 3656 92 19 distance
1205 3655 51 19 from
1268 3654 33 19 the
1312 3654 61 24 hotel,
1383 3662 38 12 ouo
1432 3653 51 20 mile.

1508 3711 21 13 or
1541 3704 80 19 Ladder
1632 3703 83 25 Rapids.
1745 3702 41 20 The
1804 3704 104 20 Grandest

1095 3730 84 28 !Ta.pidß
1191 3733 20 19 in
1222 3730 34 22 the
1268 3732 101 19 Southern
1381 3731 148 25 Hemisphere;
1540 3730 73 24 falling
1623 3730 21 19 in
1664 3730 30 19 six
1712 3728 87 21 distinct
1815 3727 98 24 cascades'

1103 3762 93 22 amongst
1212 3759 60 20 weird
1285 3758 38 19 and
1335 3758 75 24 rugged
1426 3763 88 18 scenery.
1542 3756 98 19 Distance
1651 3756 51 19 from
1715 3755 35 20 the
1769 3756 63 24 hotel,
1851 3757 56 20 three

1104 3786 62 20 miles.
1195 3785 75 20 Saddle
1279 3784 69 19 horses
1363 3786 22 17 to
1396 3784 46 19 visit
1453 3784 33 18 the
1494 3782 82 26 Rapids,
1587 3782 22 20 7s
1621 3782 25 20 6d
1656 3782 54 19 each.

1365 3814 39 11 ...—.
1443 3814 30 11 -:o:

1063 3834 24 24 £T
1162 3833 26 24 pa
1194 3833 5 23 I
1240 3830 4 28 |
1273 3838 22 12 or
1305 3831 34 19 the
1350 3831 76 19 Devil's
1436 3831 97 24 Trumpet
1544 3830 16 20 is
1577 3831 42 19 said
1639 3833 21 17 to
1681 3831 50 19 emit
1750 3838 12 12 a
1783 3838 93 17 pressure
1885 3832 22 19 of

1102 3859 70 20 ISOlbs
1183 3859 20 19 of
1218 3860 63 17 steam
1292 3859 21 17 to
1324 3857 34 19 the
1364 3857 54 23 inch,
1432 3857 53 19 from
1495 3863 25 13 an
1536 3859 96 22 aperture
1642 3857 21 19 of
1682 3857 65 19 about
1765 3859 25 17 12
1806 3857 69 20 inches
1885 3859 20 19 in

1101 3886 103 19 diameter.
1231 3884 98 20 Distance
1343 3883 51 19 from
1406 3883 54 20 hotel
1468 3883 55 19 three
1535 3884 38 18 and
1587 3890 10 12 a
1608 3883 42 19 balf
1660 3883 69 24 miles;
1750 3883 70 21 saddle
1835 3883 70 21 horses

1101 3913 21 17 to
1134 3911 47 20 visit
1191 3910 34 20 the
1235 3910 68 24 above,
1315 3910 56 19 2s(3d
1381 3909 54 20 each.

1432 3942 52 13 ALSO

1026 3963 94 26 THE
1140 3962 132 25 HUKA
1291 3962 168 31 FALLS,
1477 3960 35 21 the
1643 3961 57 21 falls
1708 3963 21 19 in
1750 3961 33 20 the
1804 3962 99 20 Southern

1100 3994 139 24 ITemisplice.
1268 3993 42 19 The
1320 3993 55 19 Falls
1386 4000 44 18 may
1445 3993 24 19 ho
1479 3992 70 20 visited
1558 3998 25 12 on
1593 3993 34 19 Ihe
1637 4000 54 12 same
1698 3993 114 24 expedition
1827 4000 20 12 as
1869 3993 35 21 the

1101 4020 76 20 Devil's
1184 4021 103 24 Trumpet.
1316 4019 97 20 Distance
1423 4018 51 20 from
1487 4018 51 20 hotel
1549 4018 58 20 throe
1616 4019 38 19 and
1667 4026 10 12 a
1687 4018 44 22 half
1741 4019 62 19 miles.
1829 4020 74 20 Saddle

1102 4047 58 20 horse
1177 4053 21 12 or
1208 4046 68 25 buggy
1291 4045 48 20 2t9d
1350 4045 55 20 each.

1155 4085 86 28 MRS
1254 4085 38 27 R.
1310 4083 194 33 GRAHAM,
1524 4083 241 35 Proprietress.

1021 342 57 27 HIGH
1097 343 34 26 ST.
1151 342 39 26 and
1208 342 110 27 VICTORIA
1340 342 34 27 ST.
1397 340 64 31 EAST,

1046 451 42 19 The
1103 451 64 20 above
1185 450 108 22 Favourite
1308 451 40 19 and
1358 449 91 21 Commod-

1021 477 43 19 ious
1096 477 63 19 Hotel
1191 477 75 20 affords
1297 475 168 21 EXCELLENT

1021 503 240 20 ACCOMMODATION
1275 503 32 19 for
1322 501 141 23 TOURISTS,

1020 529 182 20 TRAVELLERS
1230 531 15 18 &
1272 528 130 22 VISITORS
1419 527 45 19 who

1021 555 40 19 will
1070 556 77 18 receive
1157 562 59 19 every
1232 556 90 20 Comfort
1338 555 40 19 and
1394 553 69 20 Attcn-

1047 682 106 19 Exccllent
1176 682 87 19 Cuisine.
1305 679 96 27 Spacious
1426 676 40 20 and

1023 716 181 20 Well-Ventilated
1221 716 116 19 Bodrooins.
1379 710 88 22 Billiard

1022 751 64 19 Room
1096 751 50 20 with
1156 753 39 18 two
1205 750 103 19 first-class
1322 748 73 19 tables.
1422 746 45 19 Hot

1023 851 16 17 &
1050 850 50 19 Cold
1114 849 79 25 Plunge
1203 849 15 19 &
1230 847 81 19 Shower
1321 846 71 20 Baths.

1023 876 77 24 Wines,
1129 875 72 26 Spirits
1217 873 40 20 and
1272 873 48 20 Ales
1338 873 23 20 of
1378 872 35 20 the
1421 872 46 19 best

1174 900 79 20 Brands
1260 899 54 25 only.

1563 772 28 23 m

2386 450 81 26 Sample
2486 450 76 19 Rooms
2576 449 32 19 for
2617 445 188 22 COMMERCIAL

2360 487 183 21 TRAVELLERS
2559 486 101 20 available
2680 486 20 19 at
2711 485 27 19 all
2747 484 50 19 time

2298 582 16 30 J
2385 590 90 25 Charges
2524 590 112 21 Moderate.
2697 588 115 21 SPECIAL

2272 619 42 42 nij!
2360 628 90 20 RATES
2465 628 33 20 TO
2524 629 177 20 PERMANENT
2726 628 35 20 BO
2763 628 47 19 ATI-

2429 766 27 38 S
2486 766 40 38 C.
2563 765 223 45 CAULTOIM,

1499 1104 167 74 HOT
1692 1100 297 76 SPRING

1903 988 780 77 SANATORIUM,

1862 1055 123 34 AND

1860 1102 7 33 I
1885 1100 122 35 M/0<

1023 1209 87 33 Only
1137 1209 44 26 30
1212 1207 100 28 miles
1345 1206 113 28 North,
1488 1206 36 27 of
1550 1204 194 32 Auckland,
1759 1203 104 33 |with
1892 1203 96 32 daily
2020 1204 295 29 communication
2345 1207 87 28 with
2461 1207 113 27 Coach
2606 1214 39 19 or
2665 1206 134 27 steame

1351 1248 54 21 See
1420 1247 165 21 advertised
1597 1247 84 20 Time
1696 1246 79 21 table
1787 1245 29 20 of
1825 1251 45 14 s.s.
1886 1245 78 20 Rose
1975 1245 99 27 Casey
2085 1245 58 20 and
2160 1246 128 22 Butler's
2298 1248 33 21 R.
2345 1249 38 20 M.
2401 1249 106 21 Coach.

1020 1286 106 24 MHE
1150 1286 118 24 ABOVE
1283 1282 298 26 ESTABLISHMENT
1591 1282 140 25 STANDS
1745 1280 231 26 UNRIVALLED
1990 1289 26 15 as
2036 1289 13 15 a
2061 1280 91 24 Health
2163 1290 26 15 or
2201 1282 111 32 pleasure
2326 1285 97 27 Resort,
2436 1285 48 23 and
2497 1284 43 24 has
2553 1284 90 31 special
2665 1284 154 31 advantages

1036 1310 21 33 It
1108 1319 37 24 for
1158 1319 77 24 either
1258 1318 113 23 Tourists
1387 1326 26 15 cr
1428 1316 115 25 Invalids,

1387 1415 173 29 Beautiful
1579 1415 158 33 Scenery,
1759 1415 240 32 Sea-Batnmg,
2018 1415 158 33 Boating,
2196 1415 152 39 Fishing,
2363 1416 55 32 &c.

1575 1449 125 28 Cusine
1714 1448 70 27 and
1797 1448 208 29 attendance
2025 1447 37 27 of
2081 1448 60 27 the
2163 1449 83 32 best.

1023 1493 94 24 Famed
1127 1493 37 24 for
1177 1493 30 24 its
1220 1492 109 25 curative
1341 1491 94 25 natural
1449 1491 103 25 medical
1566 1491 53 25 Hot
1631 1491 103 33 Springs
1747 1491 50 26 and
1810 1491 83 25 Baths.
1929 1490 36 25 As
1978 1489 42 25 the
2036 1489 101 34 Springs
2149 1491 47 24 and
2210 1491 75 25 Baths
2297 1500 42 17 are
2349 1491 41 25 the
2403 1496 115 29 property
2531 1491 25 25 of
2568 1491 40 25 the
2623 1490 85 30 Hotel,
2721 1489 86 26 visitor
2809 1488 8 17 5

1055 1535 41 17 are
1106 1526 110 35 supplied
1226 1526 57 25 with
1293 1525 104 30 Towels,
1411 1525 47 25 and
1471 1533 43 17 can
1523 1524 57 26 take
1589 1533 30 17 an
1633 1524 128 26 unlimited
1774 1525 103 25 number
1891 1524 25 25 of
1928 1523 75 26 Baths
2015 1528 25 20 at
2052 1531 46 26 any
2111 1524 59 25 time
2184 1525 24 25 of
2217 1524 41 26 the
2271 1525 48 33 day
2333 1525 79 29 FREE
2424 1524 63 27 from
2500 1533 47 25 any
2555 1524 88 35 charge
2655 1524 131 26 whatever.

1207 1568 35 19 m
1256 1568 20 19 a
1450 1567 114 23 TVOT>
1747 1566 51 27 *7cf
1819 1568 65 24 Qe<.
2068 1566 84 27 WE
2152 1567 9 17 1
2288 1566 41 27 X?
2349 1566 21 27 1
2390 1566 20 27 1
2491 1568 49 25 +/•»
2574 1568 64 25 4?0
2657 1568 54 25 Oa

1213 1589 23 19 j.
1246 1589 137 19 mxjck/jlj?
1396 1588 26 20 jf
1450 1579 120 29 jtauXl
1583 1579 121 29 UJXX
1717 1599 9 16 9
1756 1579 43 30 i@
1818 1579 66 36 OS,
1933 1579 121 27 JrHiiX
2078 1579 182 37 vyjajiiijx,
2282 1579 64 29 eti
2396 1579 77 29 IDS
2492 1579 48 29 10
2567 1579 71 29 ct-.<-
2657 1579 67 29 <cS.

1430 1623 159 34 Cottages
1601 1623 35 28 to
1650 1622 48 28 let
1710 1623 47 33 by
1770 1622 59 29 the
1847 1622 105 32 week,
1965 1622 132 34 month,
2112 1629 40 21 or
2170 1622 58 29 the
2246 1630 133 22 season.

1021 1675 48 27 For
1086 1684 46 25 any
1145 1674 156 28 information
1314 1674 113 33 required
1441 1673 80 34 please
1534 1672 71 35 apply
1619 1679 24 20 to
1657 1672 145 35 Proprietor.

1577 1716 59 46 A.
1665 1716 52 40 A.
1747 1716 202 47 SMITH,
2072 1713 279 50 Proprietor.

2266 1998 29 21 m

2744 2201 35 24 m

2167 2240 27 23 ■

2291 2413 33 67 i

2071 2491 42 21 very
2119 2489 44 23 Old
2172 2489 67 23 Spechi

2067 2674 165 39 ID.(£I\BRAW

2270 2536 101 44 £&'
2424 2533 71 41 Otb
2517 2548 73 28 and
2613 2535 162 42 MEILOW

2728 2576 56 40 Tit

2242 2751 9 51 •|
2286 2753 207 45 Proprietors:-

2251 2807 42 61 *
2315 2802 283 66 DISTILLERS
2636 2806 45 61 C°
2711 2804 51 69 Ip

2221 2948 183 38 AGENTS,

2224 2990 50 38 L.
2303 2990 53 40 D.
2385 2990 260 40 NATHAN
2672 2991 115 41 &Co,

2116 3368 533 47 BETWEEN

2044 3480 187 52 Rotor
2234 3498 36 34 u
2276 3497 34 35 a
2347 3481 115 52 and
2495 3483 213 65 Taupo.

2197 3733 347 30 TKURHNGH

1926 3768 81 40 Smith
2037 3769 49 39 and
2103 3768 113 51 Carriage
2238 3770 104 44 Works,
2373 3768 80 40 Coach
2479 3769 49 39 and
2558 3769 111 53 Wagon
2704 3771 102 49 Factory

2131 3831 212 21 ESTABLISHED
2359 3829 80 21 OVER
2455 3829 26 21 !0
2496 3830 107 22 YEARS.

2002 3878 103 20 udersigned
2113 3883 29 11 are
2150 3878 138 16 manufacturers
2295 3883 18 11 or
2321 3878 22 16 all
2353 3877 60 17 classes
2422 3878 18 15 of
2449 3876 80 18 Vehicles
2538 3879 13 15 &
2560 3878 121 23 Agricultural
2690 3881 9 15 I

1945 3909 33 5 «.«.
1991 3899 109 17 well-known
2110 3899 96 21 reputation
2215 3904 18 12 as
2242 3899 83 17 Praotioal
2340 3898 101 17 Mcohanioa
2456 3899 34 15 and
2505 3899 59 17 W.P'a
2575 3902 20 16 27
2611 3907 51 16 years
2674 3906 97 17 njwn'iw

1924 3919 27 17 the
1955 3920 119 17 Australasian
2083 3920 84 20 Colonies,
2176 3920 64 22 justify
2249 3925 19 12 us
2277 3920 16 17 in
2311 3920 81 20 claiming
2405 3920 38 16 that
2459 3925 25 11 we
2501 3925 32 12 can
2547 3921 69 18 furnish
2632 3929 9 10 a
2657 3923 55 16 better
2727 3921 43 16 class
2789 3921 17 16 of

1924 3941 74 16 vehicles
2006 3941 94 17 consistent
2109 3941 41 17 with
2158 3942 62 16 honest
2228 3942 46 16 work
2283 3943 18 14 at
2310 3947 9 10 a
2328 3941 74 20 cheaper
2413 3942 36 15 rate
2458 3941 42 16 than
2510 3947 33 14 any
2552 3943 18 16 of
2579 3949 32 11 nur
2619 3944 115 18 competitors.

1943 3961 36 18 The
1987 3962 61 16 Public
2056 3963 35 15 will
2103 3963 34 15 find
2147 3963 13 16 it
2171 3964 17 15 to
2202 3962 46 17 their
2262 3963 98 19 advantage
2376 3962 17 15 to
2409 3961 150 20 ENCOURAGE
2578 3965 80 16 LOCAL
2677 3963 127 20 INDUSTKY,

1923 3983 54 16 whoro
1985 3984 41 20 they
2044 3988 31 12 can
2082 3983 45 17 have
2131 3983 30 17 the
2166 3983 80 22 pleasure
2252 3984 19 16 of
2278 3983 59 21 seeing
2352 3982 90 18 ftrst-olnss
2458 3984 79 16 matorinl
2549 3986 36 15 au-i
2600 3985 126 22 workmanship
2742 3985 31 20 put
2787 3984 18 16 in

1942 4004 40 16 cles'i
1990 4005 50 16 made
2048 4006 17 15 to
2074 4005 43 16 their
2124 4005 61 16 valued
2192 4005 63 16 orders.

1941 4026 46 18 N,B.
1990 4026 100 16 —Vehicles
2098 4027 17 14 of
2122 4026 23 15 all
2152 4026 113 21 descriptions
2274 4026 84 21 repaired,
2369 4026 77 21 painted,
2456 4028 94 16 renovated
2560 4029 33 16 nud
2603 4029 49 16 made
2668 4030 16 15 to
2700 4028 38 15 look
2755 4027 49 20 equal

1921 4047 17 15 to
1946 4052 45 12 new.

1920 4094 201 27 WILLIAM
2344 4094 252 31 Coachbuilder

2270 4132 140 26 JAMES
2429 4134 136 33 HAUA,
2585 4132 216 31 Blacksmith

2181 4165 16 17 D
2209 4163 129 21 EVONFORT
2350 4163 73 24 ROAD,
2443 4166 126 20 TAUIIAGA-
