3456 4376
452 423 2832 56 THE

452 479 708 49 OXFORD
1278 479 354 49 AND
1750 479 472 49 CUST
2340 479 944 49 OBSERVER

452 528 354 49 AND
924 528 1180 49 CANTERBURY
2222 528 1062 49 DEMOCRAT,

452 577 1416 49 CIRCULATING
1997 577 1287 49 THROUGHOUT

452 626 833 49 NORTH
1452 626 1832 49 CANTERBURY.

1700 709 229 29 Established
1973 710 90 28 1889.

1252 851 107 33 BAST
1391 851 187 36 OXFORD,
1601 850 244 38 SATURDAY,
1904 851 109 31 JUNE
2038 853 50 35 16,
2112 854 89 30 1894

38 859 138 29 Volumn
198 859 28 29 Y
236 876 41 5 —
277 858 60 30 No.

2915 859 136 33 Price—
3053 862 85 31 ONE
3175 862 154 32 PENNY.

2884 1010 51 38 G.
2961 1011 49 37 E.
3040 1012 345 44 WEYLANDT,

2996 1073 111 27 FAMILY
3124 1074 148 27 BUTCHER.

2906 1119 158 37 EAST
3094 1121 265 37 OXFORD,

2945 1180 119 27 Families
3075 1182 90 25 waited
3173 1191 66 22 upon
3250 1182 76 32 daily.

2972 1299 301 31 ASTOUNDING!

2930 1353 69 25 CAN
3035 1354 83 25 THIS
3146 1354 46 25 BE
3222 1355 111 25 TRUE?

2924 1452 4 7 .
2962 1438 62 25 YES,
3038 1439 19 20 A
3072 1439 135 22 DECIDED
3217 1440 84 21 FACT.

2864 1513 99 31 NEW
2972 1513 140 33 YEAKS
3126 1513 274 33 CONCESSION.

2891 1593 51 79 C.
2985 1593 61 79 H.
3086 1593 287 82 MANNING

2865 1759 50 15 and
2971 1739 340 45 e=^\^^^^^^^^^J=
3324 1755 85 19 Regal.

2957 1805 357 31 PHOTOGRAPHER.

2867 1885 42 21 BY
2946 1884 125 22 SPECIAL
3108 1883 220 22 APPOINTMENT
3365 1883 40 23 TO

3001 1916 123 21 EARLOP
3133 1916 134 21 ONSLOW.

2869 1981 104 23 TT7TLL,
2989 1981 90 25 During
3095 1980 42 21 the
3159 1981 85 20 Mouth,
3261 1980 24 21 of
3303 1981 103 25 January

2879 2010 25 18 If
2943 2008 60 25 only,
3009 2008 60 22 J.894
3077 2007 65 20 Issue
3151 2007 27 19 to
3186 2007 41 20 the
3236 2007 87 19 Public.

3014 2039 86 31 ONE
3120 2040 146 30 DOZEN

2868 2087 30 21 Of
2905 2087 38 22 his
2957 2087 188 27 Widely-known,
3163 2085 245 29 Superiorly-finished,

3061 2119 47 20 and
3125 2119 90 26 Highly

2868 2152 190 22 ENAMELLED
3113 2152 136 21 CABINET
3293 2151 113 22 PHOTO-

2870 2185 120 20 GRAPHS
3003 2184 40 21 AT
3051 2184 63 20 THE
3124 2184 141 20 NOMINAL
3279 2183 126 20 CHARGE

3123 2221 29 15 OF

3107 2254 65 29 15s.
3239 2266 7 8 •

2870 2336 173 23 DUPLICATE
3057 2336 120 21 ORDERS
3192 2335 39 20 AT
3249 2334 63 21 THE
3329 2332 84 20 SAME

3100 2368 87 21 RATE.
3250 2383 3 12 ,

2898 2436 48 20 The
2956 2434 80 21 Public
3046 2439 38 15 are
3100 2432 94 22 advised
3211 2432 25 20 to
3254 2430 62 22 avail
3333 2430 77 20 them-

2871 2468 73 21 selves
2962 2466 23 21 of
3003 2466 49 21 this
3069 2464 148 28 opportunity
3235 2462 25 21 of
3288 2461 121 26 obtaining

2869 2501 125 28 high-class
3003 2501 62 20 work
3074 2501 25 20 at
3108 2499 56 21 such
3171 2504 14 15 a
3194 2497 114 21 moderate
3318 2496 93 26 charge.

2868 2576 176 21 REMEMBER
3054 2576 60 19 FOR
3124 2574 61 21 ONE
3194 2572 111 21 MONTH
3318 2570 94 21 ONLY-

2896 2635 49 21 The
2951 2635 53 21 vast
3013 2633 131 27 experience
3159 2630 109 22 obtained
3279 2630 32 26 by
3324 2628 51 22 C.H
3376 2628 37 21 J£

2868 2670 27 21 in
2902 2670 41 21 the
2951 2668 156 22 innumerable
3116 2666 112 21 branches
3241 2666 24 20 of
3274 2665 41 20 the
3325 2664 84 26 photo-

2869 2704 95 25 graphic
2973 2703 38 20 art
3020 2702 85 25 during
3115 2701 37 19 his
3161 2700 85 20 Indian
3255 2697 46 21 and
3310 2694 98 23 Austral-

2869 2737 40 20 ian
2926 2735 93 23 travels,
3033 2734 46 21 and
3098 2734 39 19 the
3158 2732 116 25 thorough,
3292 2731 120 24 apprecia-

2869 2771 50 20 tion
2928 2769 29 28 by
2965 2769 40 21 the
3015 2767 93 28 general
3125 2765 78 28 public
3215 2764 24 20 of
3254 2764 41 20 the
3307 2769 70 17 same,
3385 2762 23 20 ia

2869 2804 111 20 sufficient
2996 2802 124 27 guarantee
3128 2800 54 21 that
3200 2799 32 20 all
3250 2798 62 20 work
3329 2795 80 23 issued

2869 2838 61 20 from
2935 2837 36 20 his
2980 2836 87 20 Atelier
3072 2834 46 21 will
3123 2834 30 20 be
3162 2832 23 22 of
3192 2832 40 21 the
3238 2831 95 25 highest
3338 2829 70 22 order

2895 2952 81 22 WILL
2986 2951 42 21 DO
3037 2950 53 21 HIS
3100 2949 71 20 OWN
3181 2944 198 25 OPERATIONS.

2869 3016 81 22 Studio
2950 3026 28 4 —
2978 3016 42 19 150
3027 3012 105 23 Colombo
3141 3011 78 24 street,
3238 3006 173 24 Christchurciu

3032 3042 198 33 Telephone-pNb.
3240 3043 47 20 592.

2911 3148 48 33 R.
3005 3140 64 43 HV
3105 3138 260 38 PARISH,

2998 3205 102 30 Easfe
3121 3197 162 36 Oxford

2871 3268 47 17 one
2929 3258 28 26 of
2967 3258 43 25 the
3020 3256 93 31 largest
3123 3254 147 28 purchasers
3285 3250 29 23 in
3325 3246 86 27 North.

3048 3292 153 28 Canterbury
3217 3288 26 25 of

2871 3332 186 30 EDWARDS,
3081 3327 191 29 BENNETTS
3285 3327 20 27 &
3326 3324 87 25 CO.'S

3071 3373 75 27 Slock
3161 3371 28 25 of

2875 3503 62 26 Will
2957 3502 32 25 be
3011 3500 56 26 sold
3078 3499 89 25 -below
3190 3495 133 26 wholesale
3347 3493 66 24 cost.

2906 3585 213 43 BTIREELIi
3135 3578 249 48 BROTHERS..

2954 3630 376 38 PHOTOGRAPHERS

2875 3690 68 21 Have
2945 3687 108 24 remored
3055 3688 26 20 to
3084 3692 61 16 more
3150 3682 150 24 commodious
3304 3678 114 29 premises

2987 3719 167 29 VICTORIA
3171 3713 135 30 STREET

2877 3770 119 35 Opposite
3018 3770 130 27 Salvation
3175 3768 79 29 Army
3284 3761 135 27 Baraaekß.

2911 3805 57 25 And
2979 3813 44 17 are
3034 3803 78 32 doing
3129 3797 150 30 EnameUed
3280 3795 139 32 J3abinete

2877 3846 39 24 for
2926 3845 44 33 8/6
2980 3853 44 24 per
3034 3844 89 24 dozen.
3146 3841 49 26 Grf
3196 3840 31 25 at
3233 3834 187 33 Photograpbia

2879 3884 127 31 Surprise-
3051 3881 56 26 One
3133 3879 26 24 oi
3180 3877 44 26 the
3245 3876 94 29 largest
3361 3879 61 19 ever

2878 3922 157 26 introduced.
3078 3921 76 24 From
3172 3917 66 26 Jtee.
3260 3914 71 24 11th-
3352 3913 68 25 «&*>*

2880 3962 116 26 the-New
3007 3961 76 25 Year.
3116 3959 55 25 One
3180 3957 91 24 Dozen
3287 3954 69 30 large
3366 3952 55 25 size

2881 4001 148 27 Enamelled
3044 3999 95 26 Photop
3143 3997 46 33 jor
3203 3995 61 33 15/4;
3268 3993 76 26 usual
3354 3992 70 33 priea

2883 4042 37 24 £1
2933 4043 55 23 10s.
3024 4041 92 24 Secure
3128 4046 17 15 a
3159 4028 101 39 deposit
3281 4033 79 25 ticket
3381 4034 44 24 for

2883 4079 43 33 2/6
2937 4086 59 17 now
3008 4077 85 32 ready.
3125 4074 65 26 This
3208 4073 24 25 is
3250 4071 43 25 the
3314 4071 115 30 greatesi

2883 4118 101 26 wonder
2994 4118 27 24 of
3038 4117 45 25 the
3104 4122 55 26 age.
3194 4113 79 25 Don't
3289 4110 64 24 miss
3373 4108 56 30 thjis

2883 4157 103 26 chance.
3131 4173 15 7 ■■■
3302 4161 54 17 ■■-'•■'••

2919 4195 167 31 BURRjBLL
3097 4194 190 29 BRQTHERB

2975 4240 64 18 ..■■-.
3161 4234 206 33 Photographers

3007 4278 217 37 Victorlia^reeti
3241 4284 194 29 Cbrißtchureh»

2464 994 116 25 GREAT
2611 996 86 26 SALE

2570 1040 30 18 OF

2319 1066 209 34 TEWELLRY,
2564 1071 178 29 WATCHES,
2777 1073 71 26 DIA-

2313 1099 22 25 O
2477 1103 99 25 MOND
2594 1104 122 30 GOODS,

2316 1137 127 25 SILVER
2462 1138 71 25 AND
2556 1140 284 27 ELECTEO-PLATE

2313 1173 48 25 AT
2378 1175 23 24 A
2418 1175 173 26 DISCOUNT
2617 1179 43 23 OF
2677 1180 29 24 4s
2723 1180 38 25 IN
2778 1180 72 25 THE

2413 1215 125 31 POUND,
2551 1217 69 24 FOR
2632 1218 23 25 A
2671 1219 80 26 FEW

2464 1255 125 26 WEEKS
2599 1257 101 26 ONLY.

2350 1297 114 28 £10,000
2483 1299 73 24 value
2567 1300 27 24 to
2606 1300 77 25 select
2704 1302 67 25 from
2791 1304 27 24 at

2316 1354 67 46 M.
2445 1357 405 51 SANDSTEIN

2326 1431 110 21 DIRECT
2449 1433 154 26 IMPOBTER,
2631 1436 206 23 WATCHMAKER

2462 1469 59 21 AND
2536 1471 165 25 JEWELLER,

2314 1504 114 23 CASHEL
2444 1506 40 22 ST.
2504 1507 88 26 WEST,
2615 1508 231 24 OHRISTCHUBOH

2456 1606 166 26 Established
2635 1609 74 25 1862.

2338 1680 31 21 M.
2382 1680 162 24 SANDSTEIN
2554 1683 41 21 has
2610 1685 116 25 appointed
2735 1685 44 21 Mb.
2788 1686 25 21 B.
2824 1686 28 21 H.

2310 1713 82 21 Parish
2408 1720 24 14 as
2449 1715 35 20 his
2500 1716 80 20 Oxford
2594 1716 104 26 AGENT,
2712 1718 49 21 who
2829 1720 25 21 at

2311 1749 43 19 any
2364 1745 52 20 time
2425 1751 96 19 procure,
2535 1753 28 13 on
2580 1748 148 27 approbation,
2747 1749 106 25 Watches,

2313 1776 82 26 Clocks,
2406 1778 43 20 and
2458 1779 117 26 Jewellery,
2594 1786 24 14 or
2634 1780 36 21 his
2683 1781 80 22 Oxford
2778 1782 76 21 clients

2314 1811 22 19 to
2347 1811 65 20 select
2425 1812 65 24 from,
2501 1813 23 19 at
2535 1813 36 20 the
2589 1819 60 16 same
2657 1815 59 25 price
2731 1821 25 15 as
2763 1816 91 26 charged

2312 1842 23 19 at
2345 1841 37 21 the
2392 1842 154 22 Christchnrch
2556 1844 179 23 Establishment.

2357 1894 59 41 M,
2462 1895 336 43 SANDSTEIN

2462 1954 112 21 OASHEL
2588 1955 119 26 STREET,

2404 1995 360 29 CHRISTCHURCH.

2336 2207 261 47 WALTER
2657 2210 179 47 EYDE.

2422 2303 118 20 TIMBER
2564 2304 178 24 MERCHANT.

2397 2369 119 31 WEST
2589 2370 184 40 OXFOKD.

2319 2563 78 56 A.
2416 2564 83 55 O.
2528 2564 325 59 Hassall

2438 2654 295 38 SADDLER

2554 2715 61 19 AND

2317 2760 279 41 HARDWARE
2614 2762 230 40 IMPORTER

2460 2823 96 24 HIGH
2572 2823 145 29 STREET,

2399 2872 235 56 GUS
2671 2873 95 55 T.

2320 2967 169 58 DESIRES
2507 2969 26 24 to
2544 2976 132 17 announce
2688 2969 57 24 that
2755 2969 29 24 in
2794 2970 60 23 view

2394 3001 28 24 of
2434 3000 45 26 the
2501 3001 170 32 approaching
2691 3002 110 29 harvest,
2824 3002 30 24 he

2319 3039 47 25 has
2388 3038 74 25 made
2485 3046 34 17 an
2541 3038 126 26 extensive
2689 3040 123 31 purchase
2832 3040 22 24 of

2319 3077 136 25 BINDER
2477 3077 116 26 TWINE
2618 3077 51 25 and
2691 3077 163 28 MACHINE

2321 3115 79 25 OILS
2417 3115 83 25 which
2510 3115 33 25 he
2554 3115 22 24 is
2587 3115 118 32 prepared
2717 3117 27 23 to
2767 3116 87 30 supply

2321 3155 27 23 at
2359 3153 44 26 the
2413 3154 87 25 lowest
2511 3154 184 24 remunerative
2716 3153 88 32 prices.

2322 3225 55 26 The
2388 3225 126 31 following
2520 3224 97 27 brands,
2622 3232 42 18 are
2671 3224 59 32 kept
2740 3225 28 24 in
2777 3224 71 26 stock
2851 3233 3 15 :
2853 3244 2 11 (

2356 3268 133 31 Donaghy,
2507 3267 114 29 Manilla,
2633 3267 86 25 Mixed
2730 3266 52 26 and
2793 3266 61 25 Flax

2324 3306 106 28 Twines,
2449 3305 135 26 Auckland
2596 3305 75 25 Fibre
2683 3306 55 28 Cos,
2752 3306 102 24 Manilla

2324 3343 60 27 Star
2392 3343 51 25 and
2453 3343 72 29 Flax,
2546 3343 51 25 and
2616 3342 91 40 Masog
2728 3342 126 27 Struthers

2323 3381 58 26 well
2392 3381 91 26 known
2494 3381 106 25 Lurline
2611 3380 86 33 Hemp
2714 3381 95 25 Twine.

2358 3419 54 25 The
2422 3418 77 27 Stock
2509 3419 29 25 of
2547 3419 63 25 Oils
2620 3418 24 26 is
2655 3419 123 32 complete
2800 3426 54 18 con-

2325 3458 91 31 sisting
2437 3457 28 25 of
2491 3457 77 30 Lard,
2592 3456 94 30 Castor,
2719 3456 135 30 Valvoiine,

2325 3495 99 25 Golden
2441 3494 158 32 Machinery,
2622 3494 85 30 Colza,
2728 3494 52 25 Pea
2800 3495 54 29 Nut,

2325 3534 137 28 Neatsfoot,
2479 3534 63 25 Raw
2563 3534 52 25 and
2637 3533 89 26 Boiled
2744 3533 110 26 Linseed.

2325 3572 118 32 Aprons,,
2448 3571 50 25 and
2514 3571 130 25 Elevators
2660 3571 74 24 made
2754 3570 50 25 and
2825 3578 29 17 re-

2325 3611 87 31 paired
2430 3613 28 22 at
2496 3606 111 29 shortest
2639 3611 92 24 notice.
2768 3610 86 24 Binder

2326 3648 80 31 whips
2417 3647 99 26 Canvas
2527 3647 100 29 batons,
2638 3647 77 25 rivets
2725 3647 52 25 and
2789 3644 65 29 Pole-

2326 3689 90 30 straps,
2429 3686 60 32 kept
2495 3686 29 25 in
2543 3687 105 31 variety.

2343 3736 23 26 A
2376 3737 68 31 large
2455 3736 117 31 quantity
2582 3736 29 25 of
2620 3736 91 24 House
2719 3735 135 25 Medicines

2326 3775 94 32 always
2430 3783 34 17 on
2486 3774 71 26 hand
2577 3774 131 32 including
2729 3774 121 25 Elliman'
2853 3784 1 16 j

2328 3814 127 32 Slesinger
2476 3814 51 25 and
2549 3814 149 32 Abilgaards
2726 3814 128 26 Embroca-

2326 3852 63 28 tion,
2413 3851 149 33 Slesingers'
2590 3851 145 33 Leemings,
2770 3851 84 26 James

2326 3891 52 25 and
2387 3891 115 26 Stevens'
2514 3891 157 32 Blisterings,
2689 3892 96 31 Fryer's
2805 3891 49 26 Bal

2328 3937 62 21 sam,
2415 3928 83 26 Sweet
2509 3929 80 28 Nitre,
2604 3929 96 32 Spavin
2710 3928 85 26 bruis«
2805 3937 49 18 con-

2326 3968 90 30 dition,
2435 3967 51 25 and
2509 3968 92 28 Worm
2621 3968 127 30 Powders,
2767 3967 55 27 also

2328 4006 85 26 varied
2436 4006 71 25 stock
2528 4006 29 26 of
2578 4006 124 33 Saddlery
2717 4006 30 26 in
2768 4006 37 26 all
2833 4007 21 27 iti

2328 4043 133 24 branches.

2362 4079 152 26 Horse-hair
2521 4079 53 25 and
2584 4080 123 25 Baeswax
2717 4080 137 31 purchased

2331 4119 98 26 Second
2439 4119 70 25 hand
2517 4119 100 25 saddles
2634 4119 97 32 bought
2753 4121 52 25 and
2828 4129 26 18 ex

2329 4158 115 32 changed
2474 4158 40 25 foi
2544 4166 66 17 new.
2644 4159 83 31 Agent
2756 4159 40 26 for
2829 4161 25 26 th

2331 4196 127 33 Lyttelton
2469 4197 85 24 Times
2564 4197 138 32 Company,
2719 4198 52 25 and
2789 4199 65 26 Sout]

2331 4234 98 26 British
2439 4234 141 26 Insurance
2587 4234 45 26 Co.
2667 4235 94 26 Orders
2771 4236 35 33 by
2815 4238 39 31 pds

2331 4279 29 18 or
2370 4272 123 32 telegram
2499 4272 127 34 promptly
2637 4274 120 26 attended
2769 4276 35 26 to.

1804 987 451 42 SADDLEEY.

1761 1066 81 53 H.
1869 1067 62 53 J.
1949 1067 350 55 LAMING

1997 1188 63 21 AND

1764 1225 289 39 HARNESS
2088 1227 211 38 MAKER

1910 1276 72 24 Neap.
2000 1277 150 29 Saleyabds,

1797 1319 46 40 O
1867 1319 66 40 X
1957 1320 47 39 F
2028 1320 46 39 O
2101 1320 54 39 B,
2180 1320 45 39 D
2252 1348 14 13 .

1760 1391 89 24 Orders
1861 1392 51 24 and
1929 1392 104 30 Eepairs
2044 1393 127 30 promptly
2183 1394 116 23 executed

1925 1435 26 23 at
1962 1434 87 25 lowest
2060 1437 75 22 rates.

1865 1500 145 40 HORSE
2033 1500 164 41 COVERS

1762 1552 100 38 made
1875 1553 37 37 to
1929 1552 102 38 Order
2046 1553 69 37 and
2130 1553 169 48 Repaired

1778 1612 22 25 A
1813 1612 77 26 Stock
1901 1611 28 26 of
1939 1613 81 25 Horse
2033 1612 122 26 Medicine
2168 1620 33 18 on
2209 1613 76 29 hand,

1838 1655 161 22 SOLOMON'S
2016 1656 151 21 SOLUTION
2181 1656 36 22 <fcc.

1782 1719 56 42 E.
1861 1719 58 42 R.
1936 1719 344 44 ALLPRESS

1873 1788 136 25 Consulting
2017 1789 46 20 and
2070 1789 90 26 Family
2165 1789 106 26 Chemist,

1954 1821 57 24 239.
2025 1820 91 24 Gashel
2126 1820 82 25 Street
2222 1821 77 28 West,

2021 1857 278 27 CHRISTOHUBOH.

1872 1896 9 33 (
1889 1895 66 26 Next
1964 1895 108 25 Zetland
2083 1896 75 25 Arms
2170 1896 78 26 Hotel
2254 1898 12 33 )

1766 1947 41 26 (34
1815 1952 66 21 years
1896 1946 132 26 experience
2042 1947 25 19 at
2076 1947 74 20 Home
2159 1947 46 20 and
2220 1950 25 17 In
2260 1947 39 20 the

1976 1978 115 25 Colonies)

1791 2009 39 20 Mr
1838 2009 102 25 Allpress
1949 2008 57 27 begs
2021 2009 25 20 to
2054 2010 82 19 tender
2148 2010 37 19 his
2200 2009 99 26 grateful

1766 2041 82 21 thanks
1858 2041 24 20 to
1891 2041 36 19 his
1940 2046 120 14 numerous
2070 2041 82 20 clients
2160 2040 139 26 throughout

1765 2073 142 27 Canterbury
1915 2072 37 22 for
1960 2072 40 21 the
2010 2073 94 27 support
2112 2072 75 22 which
2192 2072 43 22 has
2244 2073 55 21 been

1765 2106 138 22 vouchsafed
1919 2107 26 20 to
1964 2106 49 20 him
2028 2106 84 27 during
2131 2107 42 20 the
2194 2107 105 20 nineteen

1764 2147 67 21 years
1839 2140 30 21 he
1877 2140 43 21 has
1929 2140 105 22 followed
2042 2141 37 20 his
2094 2140 126 28 profession
2228 2141 26 20 in
2262 2141 37 21 the

1766 2175 115 24 Province,
1907 2173 46 21 and
1966 2174 90 26 finding
2078 2175 21 19 ifc
2122 2175 121 20 incumben
2253 2175 46 20 tto

1766 2207 120 22 centralize
1903 2207 38 20 his
1953 2207 105 21 business
2072 2208 25 20 in
2120 2208 65 20 order
2198 2208 34 22 to,,
2245 2207 54 27 keep

1765 2242 49 21 him
1826 2242 27 20 in
1865 2241 71 22 touch
1949 2242 55 21 with
2020 2242 36 20 his
2075 2243 129 25 supporters
2218 2241 26 21 in
2261 2242 38 20 the

1766 2274 153 26 surrounding
1927 2274 97 26 country
2030 2274 109 23 districts,
2146 2274 30 20 he
2182 2273 43 21 has
2231 2273 68 21 taken

1766 2307 40 21 the
1816 2307 71 21 above
1894 2307 110 26 premises
2014 2307 73 21 where
2105 2307 30 21 he
2143 2307 50 21 will
2200 2307 30 21 be
2247 2307 52 26 glad

1766 2342 25 20 to
1799 2341 87 21 receive
1896 2341 37 20 his
1942 2341 88 21 friends
2037 2340 130 26 personally
2180 2347 26 14 or
2214 2341 85 20 receive

1766 2373 61 20 their
1835 2373 78 20 orders
1927 2378 42 20 per
1981 2372 58 27 post.
2066 2372 44 20 His
2129 2371 61 21 Well
2207 2372 92 23 Known,

1766 2404 69 21 Tried
1858 2403 46 22 and
1925 2404 122 26 Approved
2069 2403 118 21 Remedies
2214 2403 37 21 for
2270 2403 29 21 all

1766 2432 83 21 classes
1858 2431 25 21 of
1900 2430 106 21 Diseases
2014 2436 39 15 are
2062 2436 50 15 now
2121 2436 25 14 so
2155 2429 52 21 well
2219 2431 80 19 known

1766 2465 26 14 as
1809 2459 26 20 to
1848 2458 59 21 need
1926 2464 31 14 no
1974 2457 91 21 further
2086 2457 102 20 mention
2211 2457 26 20 in
2254 2457 45 20 this

1766 2486 137 26 necessarily
1912 2484 66 23 short
1987 2483 185 23 advertisement.

1793 2513 21 21 A
1822 2513 45 20 full
1875 2513 63 26 price
1946 2512 51 21 List
2006 2512 22 21 of
2037 2512 32 21 all
2077 2511 36 20 his
2123 2511 91 21 various
2232 2511 67 21 Kem-

1766 2540 62 22 edies
1837 2547 42 14 can
1888 2540 29 21 be
1926 2539 48 22 had
1982 2539 56 21 Post
2049 2538 58 21 Free
2116 2544 29 15 on
2157 2538 142 26 application,

1766 2567 47 20 and
1825 2573 83 19 among
1922 2567 64 21 them
1994 2566 90 21 besides
2093 2566 66 19 those
2167 2565 25 20 of
2200 2571 14 14 a
2222 2565 77 26 purely

1767 2594 98 21 Medical
1883 2593 123 21 Character
2023 2592 48 21 will
2086 2592 29 21 be
2133 2591 73 21 found
2220 2591 79 25 Horse,

1767 2621 73 21 Cattle
1855 2620 48 21 and
1917 2621 52 25 Dog
1984 2619 131 22 Medicines,
2131 2618 22 21 of
2171 2618 128 21 undoubted

1766 2648 90 25 efficacy
1865 2648 104 24 together
1981 2646 57 21 with
2051 2646 21 20 A
2087 2646 61 20 Host
2155 2645 25 21 of
2189 2646 110 20 Domestic

1767 2674 105 21 Utilities
1880 2674 75 21 Toilet
1967 2672 160 26 Preparations
2137 2672 18 21 &
2164 2672 135 26 Perfumery.

1793 2701 39 19 Mr
1839 2700 102 26 Allpress
1952 2700 85 20 invites
2051 2699 151 25 applications
2216 2698 38 20 for
2267 2698 32 20 his

1766 2726 52 22 List
1825 2726 48 21 and
1887 2726 47 21 will
1947 2726 57 20 send
2012 2725 58 20 Free
2078 2724 24 21 of
2111 2730 96 21 expence
2216 2730 31 14 on
2255 2730 44 14 rec-

1767 2753 49 27 eipt
1825 2753 24 22 of
1857 2753 57 20 Five
1923 2752 107 26 shillings
2039 2751 47 21 and
2095 2751 104 27 upwards
2210 2751 24 20 in
2243 2751 56 26 post-

1767 2781 23 20 al
1799 2781 66 20 notes
1875 2787 26 14 or
1908 2780 66 21 order
1984 2785 46 20 any
2035 2778 80 22 article
2123 2778 83 21 named
2214 2777 85 22 therein

1767 2808 57 20 such
1833 2807 67 21 order
1913 2813 54 20 may
1976 2806 105 21 emanate
2094 2806 58 19 from
2162 2811 42 14 one
2213 2810 86 21 person,

1766 2841 26 14 or
1800 2834 29 21 be
1839 2834 64 20 made
1912 2839 32 20 up
1952 2839 83 19 among
2044 2832 137 25 neighbours
2190 2832 50 20 who
2253 2838 46 18 may

1768 2860 84 26 depute
1869 2865 43 15 one
1925 2860 24 19 of
1964 2859 61 20 their
2037 2858 96 20 number
2144 2858 25 20 to
2183 2858 66 20 make
2265 2857 34 21 the

1767 2886 141 25 remittance,
1916 2885 88 22 receive
2007 2885 40 22 the
2056 2884 70 28 goods
2129 2884 47 21 and
2184 2884 115 21 distribute

1767 2914 42 21 the
1818 2920 61 14 same
1887 2919 31 15 on
1927 2912 92 21 arrival.

1767 2947 79 26 Agent
1854 2946 37 21 for
1899 2946 88 20 Oxford
1995 2945 148 21 and'District
2148 2945 37 20 Mr
2192 2944 26 21 B.
2227 2944 72 21 Keats.

1776 3022 12 11 •
1817 3005 190 56 Money
2021 3006 54 43 to
2097 3004 154 44 Lend.

1825 3095 19 30 I
1858 3094 79 29 have
1966 3103 113 29 money
2107 3097 33 26 to
2168 3093 72 30 lend
2275 3093 24 28 in

1770 3135 86 40 large
1880 3144 37 20 or
1943 3133 93 31 small
2064 3143 86 20 sums
2187 3142 31 21 to
2247 3133 52 30 suii

1770 3177 180 29 Borrowers
1980 3179 34 26 at
2040 3174 111 31 lowest
2183 3179 116 25 current

1770 3220 93 26 rates.

1853 3253 193 33 WILLIAM
2067 3253 157 38 HOBAN,

1946 3294 191 27 SOLICITOB,

1806 3333 48 25 204
1866 3332 123 26 Hereford
1999 3330 40 27 St.
2052 3330 197 26 Christchubbh
2261 3339 38 17 anc

1983 3370 111 25 Kaiapoi.

1774 3465 13 20 '
1798 3468 128 38 THE
1948 3467 129 37 RED
2089 3465 207 40 HOUSE

1913 3518 74 22 under
1995 3519 42 20 the
2046 3518 123 21 Yerardah

1774 3558 41 21 109
1833 3556 107 22 Colombo
1959 3556 64 22 greet
2051 3554 243 22 CHEISTCHUECH.

1823 3593 158 38 JOHN
2020 3589 236 40 WILSON

1772 3645 101 22 General
1880 3644 89 23 Dealer,
1985 3643 125 21 Furniture
2120 3642 90 25 Broker,
2220 3642 79 22 &Hote

1828 3681 119 23 Valuator.
1985 3679 149 23 Established
2143 3680 29 21 20
2179 3679 79 22 Years.

1774 3736 62 21 John
1844 3734 90 21 Wilson
1938 3734 116 21 embraces
2063 3734 39 20 the
2112 3732 92 26 present
2209 3732 90 27 opportu

1775 3762 51 26 nity
1835 3761 25 21 to
1872 3761 76 20 thank
1957 3760 38 20 his
2005 3760 137 25 supporters-
2145 3759 36 20 for
2189 3759 63 22 their
2260 3765 39 14 cus-

1775 3789 48 20 tom
1831 3788 48 20 and
1886 3788 127 26 patronage
2023 3785 49 22 and
2086 3791 91 16 assures
2188 3782 69 23 them'
2261 3784 38 21 tha

1775 3821 26 15 as
1809 3815 26 21 in
1843 3814 42 21 the
1891 3814 54 26 past
1952 3813 31 21 he
1997 3812 22 21 is
2030 3811 110 28 prepared
2148 3812 25 21 to
2182 3811 83 27 supply
2273 3811 26 21 th<

1776 3843 53 20 best
1837 3840 125 22 Furniture
1971 3840 45 24 ftc,
2030 3840 38 19 ftc.
2083 3839 27 20 at
2124 3838 73 27 priceß
2211 3838 61 27 fully
2287 3839 12 19 21

1776 3875 41 21 per
1825 3868 55 21 cent
1887 3868 46 20 less
1940 3866 59 22 than
2007 3866 112 21 hitherto.

1831 3905 62 22 John
1914 3903 90 22 Wilson
2030 3902 47 21 will
2100 3901 92 22 furnish
2210 3908 16 14 a
2244 3902 55 20 hous

1777 3932 138 24 throughout
1920 3930 38 21 for
1966 3931 54 22 .£2O,
2049 3930 63 20 John
2119 3928 90 21 Wilson
2216 3928 50 21 will
2272 3928 27 21 «el

1778 3965 45 21 you
1836 3965 15 14 a
1873 3957 117 22 Ducheise
2012 3956 72 21 Chest
2091 3956 114 21 Drawsers
2214 3955 37 20 for
2263 3954 36 28 50/<

1805 3985 61 22 John
1873 3984 90 21 Wilson
1981 3982 47 22 will
2046 3982 50 21 sell,
2107 3988 46 20 you
2168 3988 16 15 a
2201 3982 72 21 Chest
2292 3988 7 15 o

1778 4013 105 20 Drawers
1891 4010 36 22 fot
1936 4010 51 25 20/-.
2028 4009 61 22 John
2098 4008 91 22 Wilson
2210 4008 47 21 will
2275 4008 24 21 sal

1778 4045 47 20 you
1853 4037 89 20 Double
1968 4036 54 20 Iron
2046 4035 127 20 Bednteads
2204 4035 38 19 for
2257 4036 42 25 -85/.

1780 4064 84 26 Spring
1873 4063 132 21 MattrMses
2013 4061 47 27 25/-
2069 4061 123 21 Palliasses
2200 4066 50 21 any.
2254 4066 45 21 pnc

1780 4097 47 21 you
1839 4090 52 21 lice.
1929 4088 145 26 Everything
2087 4087 81 26 cheap,.
2173 4087 126 27 Everythinj

1782 4116 58 28 good
1848 4115 48 22 and
1903 4122 47 19 you
1957 4121 44 15 can
2014 4115 42 26 get
2064 4114 138 26 everything
2210 4114 60 20 from
2277 4114 22 21 th

1781 4143 75 23 awful
1865 4142 61 22 little
1934 4141 81 22 needle
2028 4141 26 21 to
2071 4141 41 21 the
2129 4140 128 27 proverbial
2278 4146 21 16 ax

1781 4170 61 23 chor.

1780 4197 65 22 THB
1862 4196 63 22 BED
1938 4195 111 22 HOUSE.
2071 4195 41 19 109
2120 4193 105 22 Colombo
2234 4194 65 21 Streel

1945 4221 81 22 JOHN
2041 4220 128 22 WILSON.

1810 4250 123 23 Furniture
1936 4248 106 27 taught,,
2056 4247 51 21 sold
2128 4252 26 15 or
2180 4246 119 30 exchange

1783 4278 65 23 Balea
1863 4275 111 24 attended
1981 4273 188 24 onicommission.
2209 4276 4 6 '
2298 4278 2 6 :

1210 992 175 45 JOHN
1457 991 290 54 INGBAM,

1239 1066 51 32 .A
1298 1064 426 35 TJCTIOISrEEiR

1212 1123 105 24 LICENCED
1338 1122 57 24 LAND
1406 1121 93 29 BROKER,
1514 1121 125 28 VALUATOR,
1655 1121 94 28 ESTATE,

1225 1153 132 29 INSURANCE,
1368 1153 15 25 £
1393 1153 101 25 GENERAL
1503 1152 140 26 COMMISSION
1654 1152 80 26 AGENT.

1210 1188 67 25 Agent
1282 1188 37 25 for
1329 1189 34 19 the
1371 1185 105 23 National
1484 1189 113 19 Insurance
1608 1188 104 25 Company
1727 1191 22 20 of

1386 1220 51 19 New
1451 1220 102 20 Zealand.

1233 1251 171 32 OXFORD
1427 1253 28 28 &
1479 1251 254 31 SHEFFIELD.

1378 1311 8 10 j
1462 1309 41 18 «»-

1210 1345 148 26 Fortnightly
1368 1345 98 21 Auction
1477 1345 63 20 Sales
1549 1345 56 20 held
1613 1345 25 19 in
1642 1344 41 21 the
1690 1344 57 20 Mar-

1210 1380 40 20 ket
1260 1379 74 20 Yards
1343 1379 131 24 OXFORD,
1484 1385 70 19 every
1563 1378 83 21 second
1665 1378 84 20 Thurs-

1211 1411 50 26 day.
1276 1411 108 25 Monthly
1395 1410 64 21 Sales
1468 1410 56 21 held
1533 1411 26 20 at
1567 1410 90 21 Market
1665 1410 83 24 Yards,

1211 1442 179 21 SHEFFIELD.
1453 1442 94 21 Private
1565 1442 101 20 Auction
1685 1441 64 21 Sales

1210 1474 143 22 undertaken
1363 1481 46 19 any
1417 1474 54 26 part
1481 1474 24 21 of
1514 1474 40 21 the
1565 1474 103 26 country.
1695 1473 54 21 Pro-

1210 1508 65 27 perty
1286 1507 101 27 Bought,
1396 1507 59 24 Sold,
1466 1513 25 15 or
1500 1507 49 21 Let.
1561 1506 47 21 and
1614 1506 134 21 Valuations

1211 1542 110 26 carefully
1329 1542 74 21 made.
1434 1542 65 20 Land
1508 1542 105 25 Brought
1622 1542 73 19 under
1709 1542 40 19 the

1211 1577 106 19 Transfer
1326 1576 50 23 Act,
1406 1575 127 23 Transfers,
1547 1575 90 24 Leases,
1651 1575 18 19 &
1674 1575 75 19 Deeds

1211 1608 22 21 of
1242 1607 133 27 Mortgages
1390 1606 78 21 drawn
1476 1613 38 21 up.
1552 1605 84 28 Money
1644 1606 106 21 invested

1211 1639 47 21 and
1267 1639 108 21 obtained
1384 1640 34 19 for
1428 1639 86 20 Clients
1524 1645 29 14 on
1563 1639 128 25 Mortgage.
1711 1638 38 20 In-

1244 1678 95 14 surance
1357 1671 97 20 effected
1470 1677 29 14 on
1508 1670 126 27 Buildings
1643 1670 24 21 of
1676 1676 45 21 any

1287 1703 143 25 description,
1441 1702 47 21 and
1496 1702 63 21 their
1568 1703 111 20 contents.

1213 1779 59 21 HAS
1286 1779 57 20 FOR
1357 1778 72 21 SALE
1446 1778 38 20 BY
1500 1778 125 20 PRIVATE
1638 1778 112 21 TREATI

1240 1816 21 20 A
1269 1816 57 25 good
1343 1815 158 26 Agricultural
1509 1815 46 20 and
1563 1815 104 20 Pastoral
1683 1815 68 20 Farm

1214 1847 129 25 containing
1354 1848 40 19 522
1404 1853 63 14 acres
1476 1846 113 21 Freehold
1596 1846 17 20 &
1619 1848 41 20 240
1672 1847 79 21 Lease-

1213 1881 54 22 hold
1276 1883 26 20 at
1310 1881 65 21 View
1383 1881 51 21 Hill
1444 1881 153 21 devidedinto
1607 1883 26 19 12
1638 1881 113 28 paddocks

1214 1916 51 21 well
1274 1916 99 21 watered
1381 1915 80 21 within
1471 1915 29 27 4J
1509 1916 65 21 miles
1583 1915 60 21 from
1651 1915 100 27 Railway

1215 1949 97 23 Station,
1328 1947 141 21 substantial
1488 1949 13 19 5
1510 1948 93 20 roomed
1620 1948 75 20 House
1713 1954 38 14 sur

1215 1982 102 21 rounded
1329 1982 32 25 by
1368 1988 15 13 a
1392 1981 51 20 nice
1451 1981 138 25 plantation,
1599 1982 65 24 large
1674 1981 77 20 Stable

1215 2015 45 21 and
1269 2014 109 22 outsheds
1386 2014 96 21 thereon
1482 2025 27 4 —
1509 2014 62 26 price
1580 2020 57 20 very
1644 2013 49 22 low.

1311 2103 35 21 On
1356 2102 91 21 account
1456 2102 23 20 of
1490 2102 35 20 Mr
1540 2102 124 21 Allpkess.

1243 2146 41 20 His
1294 2153 51 20 very
1354 2146 174 20 nice'residence
1537 2145 98 26 opposite
1646 2146 38 19 the
1693 2144 58 23 .Par-

1216 2184 81 19 sonage
1304 2179 58 19 East
1366 2177 85 22 Oxford
1456 2177 37 21 for
1499 2177 47 21 sale
1554 2183 57 20 vary
1618 2177 77 26 cheap;
1705 2175 46 21 half

1216 2217 51 15 acre
1276 2210 24 21 of
1309 2210 61 24 land,
1380 2210 58 26 good
1447 2209 93 27 garden.

1279 2248 36 20 On
1325 2248 97 20 account
1432 2247 22 20 of
1462 2247 43 20 Mb
1514 2247 77 20 James
1604 2246 96 21 Fisher.

1242 2283 16 18 4
1261 2288 63 14 acres
1334 2281 23 21 of
1374 2281 57 21 land
1449 2280 107 27 dwelling
1575 2280 71 21 house
1658 2280 93 21 thereon

1216 2314 65 26 quite
1289 2320 15 14 a
1314 2314 104 25 bargain.

1307 2401 36 21 On
1353 2400 98 21 account
1460 2399 23 21 of
1491 2400 39 20 Mr
1538 2400 35 20 W.
1583 2400 80 21 Munn.

1244 2443 44 21 His
1307 2442 61 27 Shop
1386 2443 46 21 and
1449 2443 128 26 Dewelling
1596 2441 78 23 House
1698 2442 53 22 with

1216 2480 50 21 half
1274 2487 50 15 acre
1334 2481 22 20 of
1364 2480 56 22 land
1429 2487 29 15 on
1477 2481 40 21 the
1528 2480 95 22 Terrace
1632 2480 67 22 West
1709 2480 42 21 Ox-

1217 2518 59 21 ford.
1303 2518 21 21 A
1334 2519 49 20 real
1390 2518 105 27 bargain.

1281 2601 36 21 On
1326 2601 96 21 account
1432 2600 25 22 of
1465 2601 38 20 Mr
1512 2601 29 21 D.
1554 2600 136 27 Thompson.

1246 2643 10 20 1
1266 2649 51 15 acre
1327 2643 24 21 of
1359 2643 66 21 Land
1434 2643 56 20 with
1509 2643 98 26 Cottage
1616 2642 96 22 thereon
1730 2641 21 21 in

1218 2680 91 21 Church
1319 2680 74 21 Street
1401 2686 51 15 now
1460 2680 26 21 in
1495 2680 134 26 occupation
1639 2680 23 21 of
1670 2680 39 20 Mr
1717 2679 34 21 W.

1217 2715 106 22 Osborne.

1242 2796 134 21 WANTED
1390 2796 26 20 to
1425 2796 71 21 Lease
1505 2801 16 15 a
1530 2796 66 21 small
1604 2796 73 26 Dairy
1686 2796 65 21 Farm

1215 2830 61 20 from
1284 2830 28 18 40
1320 2829 25 19 to
1359 2828 40 19 100
1403 2834 70 14 acres.

1246 2861 47 20 For
1305 2859 137 28 particulars
1456 2859 72 27 apply
1542 2861 25 19 to

1217 2914 194 33 JOHN
1443 2911 308 35 INGMRA.M

1274 3002 262 28 CALEDONIAN
1552 3002 148 27 HOUSE.

1216 3066 221 46 JAMES

1298 3122 84 27 BOOT,
1400 3120 86 28 SHOE.
1502 3122 26 26 &
1542 3120 132 28 SLIPPER-

1350 3154 266 30 Manufacturer.

1319 3198 119 33 WEST
1472 3197 183 33 OXFORD.

1217 3251 50 21 Has
1276 3257 30 14 on
1314 3250 64 21 hand
1386 3256 13 14 a
1409 3249 105 28 splendid
1521 3249 134 21 assortment
1660 3248 26 21 of
1690 3248 61 21 Boots

1218 3283 45 20 and
1273 3282 71 20 Shoes
1353 3281 67 21 made
1439 3287 30 14 on
1478 3282 40 19 the
1526 3280 109 26 premises
1653 3281 26 20 at
1688 3279 63 26 priceE

1218 3313 54 21 that
1281 3313 52 27 defy
1342 3311 154 28 competition.
1524 3311 62 26 Boys
1593 3310 82 23 School
1683 3311 68 25 Boots,

1218 3346 59 21 back
1286 3351 73 15 seams
1368 3344 47 22 and
1423 3344 65 21 front
1495 3343 65 21 hand
1566 3348 68 19 sewn,
1641 3343 85 21 cannot
1731 3343 20 20 be

1219 3377 128 27 surpassed.
1378 3376 70 22 Men's
1456 3376 51 22 best
1512 3376 152 26 watertight*,
1673 3374 78 28 pegged

1220 3410 50 27 15/-.
1309 3409 100 27 Bespoke
1432 3407 144 28 department
1597 3407 107 25 carefully
1727 3406 24 22 at

1218 3442 71 22 tonde
1319 3442 31 22 to.
1378 3441 41 22 Fit
1436 3440 48 23 and
1501 3438 173 29 Workmanship
1691 3439 60 21 Guar-

1218 3475 89 21 anteed.
1335 3474 94 25 Repairs
1437 3473 80 24 neatly
1525 3471 48 22 and
1580 3471 116 28 promptly
1703 3471 48 21 don<

1218 3506 27 21 at
1252 3505 133 22 reasonable
1392 3505 75 26 prices

1230 3558 92 23 Branch
1335 3556 195 24 Establishment:
1545 3556 61 21 Near
1623 3555 70 22 Town
1702 3554 49 22 Hall

1409 3584 58 21 Enit
1475 3583 95 22 Oxford.

1272 3663 77 38 GK
1402 3657 318 49 SLOTTEC,

1223 3724 89 43 ZINC,
1335 3722 70 40 TIN,
1429 3722 66 38 AND
1517 3715 234 45 SHEEiVSTEEI

1431 3785 140 23 WORKER

1260 3824 90 42 High
1372 3823 114 40 Street,
1508 3823 81 30 East
1610 3821 129 32 Oxford.

1227 3926 42 25 All
1279 3926 74 24 kinds
1364 3925 33 28 of.
1406 3926 98 31 Pumps
1515 3924 79 25 Fixed
1604 3925 25 23 &
1644 3923 107 31 Repaira

1343 3970 28 24 at
1382 3968 45 26 the
1439 3967 111 26 shortest
1561 3966 93 26 notice.

1228 4049 225 59 ROBERT
1535 4047 216 62 FISHER

1264 4125 183 28 GENERAL
1468 4122 267 30 STOREKEEPER

1229 4174 98 45 Teas,
1367 4171 134 45 Coffees,
1538 4169 131 45 Cocoas,
1700 4178 51 29 ant

1335 4216 145 52 General
1501 4217 220 44 Grpcenes^:-

1282 4269 149 35 WEST
1493 4266 227 34 OXFORD,

80 93 26 24 r>
136 92 19 19 h
171 101 3 2 ■

80 128 35 19 n.
135 125 24 20 p.

73 298 26 28 H
132 299 19 33 d
186 296 25 30 55
249 305 25 19 «

73 317 78 54 »g
202 362 7 6 .
247 327 27 41 3

72 373 79 48 T°
185 370 24 45 I
247 370 26 22 H

72 431 137 85 oil
246 437 27 82 I

67 533 83 50 VS
185 560 22 13 «
247 542 25 20 *

72 681 25 18 n

212 1371 104 79 J.
413 1361 617 89 LOUGH,

178 1490 163 30 BUILDER,
387 1486 245 30 UNDERTAKEE,
681 1481 273 30 WHEELWRIGHT
988 1479 75 27 ETC.

277 1566 24 20 to
325 1562 75 30 notify
423 1562 26 23 to
472 1561 40 23 the
528 1560 82 31 public
625 1560 54 23 that
702 1558 32 24 he
755 1558 20 23 is
787 1556 131 31 appointed
937 1556 82 29 Agent
1035 1554 39 24 for
1091 1554 40 23 the

47 1652 258 45 WALTER
325 1651 55 52 A.
403 1646 229 48 WOOD'S
654 1649 241 44 Reapers
913 1644 34 43 &
967 1643 230 46 Binders

276 1747 218 44 Mowers
526 1746 100 44 and
654 1743 185 46 Rakes.

169 1845 59 20 ALL
256 1843 118 21 EXTRAS
402 1841 58 21 FOR
487 1839 98 22 THESE
611 1836 158 23 MACHINES
797 1834 81 21 KEPT
905 1834 35 21 IN
970 1831 100 22 STOCK.

48 1927 51 24 also
113 1925 38 24 W.
165 1925 30 23 A.
209 1923 100 25 Wood's
322 1921 92 25 Binder
425 1921 83 24 Twine
520 1919 50 25 and
581 1919 42 29 oil,
636 1918 138 27 Valvoline,
788 1915 94 29 Castor,
895 1914 88 25 Boiled
991 1913 20 24 &
1021 1912 62 25 Raw
1091 1909 109 26 Linseed

49 1969 47 29 Oil,
113 1968 120 29 Building
249 1965 129 25 Materials
400 1964 51 24 and
472 1963 179 29 Ironmongery
671 1960 26 25 of
714 1967 72 23 every
804 1957 151 31 description
967 1958 27 22 at
1015 1956 95 24 Lowest
1121 1954 78 24 Rates

46 2005 12 22 h
545 2004 80 30 Agent
641 2003 38 25 for

291 2061 62 21 THE
381 2059 206 22 MANCHESTER
613 2055 176 24 INSURANCE
817 2052 153 23 COMPANY.

138 2193 426 90 Infant's
653 2185 458 89 Powders

250 2317 86 33 FOR
355 2313 228 36 CHILDREN
616 2309 201 36 CUTTING
847 2307 154 34 TEETH

93 2365 89 29 Have
197 2362 115 36 proved
327 2371 58 20 one
400 2360 33 30 of
446 2360 54 29 the
515 2360 138 38 greatest
667 2356 98 29 boons
788 2363 73 21 ever
875 2351 186 31 introduced
1089 2354 33 26 to
1149 2349 53 30 the

50 2415 119 41 public
216 2413 88 40 They
318 2422 52 20 are
386 2410 136 40 charged
536 2409 96 39 solely
653 2407 76 31 with
744 2415 20 19 a
790 2404 117 40 special
941 2401 203 42 preparation
1172 2399 30 31 of

48 2468 83 29 mine
146 2476 69 21 own
237 2465 61 30 and
314 2474 53 20 are
381 2460 190 42 guaranteed
586 2457 152 43 perfectly
762 2455 163 32 harmless.
985 2453 130 32 Fathers
1144 2451 58 32 and

49 2518 139 30 Mothers
204 2516 35 32 of
249 2515 158 31 hundreds
421 2515 30 29 of
466 2513 134 30 families
614 2507 195 34 recommend
823 2507 87 30 them
933 2506 79 31 with
1027 2505 175 32 confidence

49 2581 34 20 as
98 2570 92 39 being
206 2568 100 40 apple
317 2570 33 26 to
365 2575 122 21 remove
499 2563 42 31 all
552 2563 51 30 the
614 2561 147 38 ordinary
773 2560 238 38 derangements
1026 2557 72 29 that
1113 2565 89 21 occur

51 2612 115 39 during
179 2609 161 31 dentition.
1091 2647 33 6 ___

49 2695 125 40 THEY
190 2694 97 38 COOL
301 2692 89 38 THE
411 2690 126 43 GUMS,

137 2743 196 42 COMPORT
353 2741 89 40 THE
480 2739 139 40 CHILD.
666 2734 143 41 CHECK
834 2729 284 45 COKVULSOHS,
1187 2769 6 3 .

378 2799 94 38 AND
486 2795 184 41 RENDER
691 2790 222 43 TEETHING
926 2789 129 51 QUITE
1069 2786 132 40 EASY.

91 2867 101 31 These
207 2862 143 32 Genuine
366 2859 147 31 Powders
529 2868 52 20 are
595 2857 33 30 in
642 2866 56 21 use
712 2855 43 39 by
769 2852 43 31 all
827 2852 111 30 classes
953 2849 33 31 of
1000 2848 126 41 society,
1143 2847 59 30 and

50 2912 32 27 in
97 2908 43 30 all
154 2909 87 37 parts
256 2904 34 30 of
298 2902 75 30 New
389 2899 147 31 Zealand.

351 2951 61 26 Sold
423 2950 28 24 in
462 2949 81 25 Boxes
555 2946 147 30 containing
714 2944 32 24 12
757 2942 113 32 powders
882 2941 38 32 1/-

131 3029 363 31 GKUJLIR^STTEIEID
511 3022 307 28 PEBFEOTIY
840 3017 347 48 HASlffißSa^

47 3073 61 24 Post
120 3071 51 23 free
183 3072 26 22 to
220 3076 50 23 any
280 3069 56 29 part
348 3065 27 25 of
384 3064 62 25 New
458 3061 109 26 Zealand
574 3068 33 17 on
618 3059 148 25 remittance
774 3055 28 26 of
813 3055 46 33 1/-.
917 3050 125 34 Prepared
1053 3050 48 26 and
1110 3050 55 25 sold
1171 3050 31 32 by

449 3105 115 32 JOHN
588 3103 28 32 S.
642 3101 148 36 COOKE,

399 3156 147 33 Registered
578 3150 213 29 Pharmacentical
808 3148 121 29 Chemist,

741 3189 113 27 Cashel
881 3188 116 31 Street,

874 3220 281 29 OHRISTOHURCH.

221 3269 614 49 coTsrsTjx,TATioisrs
875 3266 195 35 fr^is

204 3334 275 117 aTj.
555 3349 505 105 .white,

197 3489 391 52 FURNISHING
696 3482 392 49 WAREHOUSE

429 3582 488 52 CHRISTCHURCH.

58 3675 27 26 Is
101 3675 47 26 the
173 3672 81 36 depot
272 3670 90 27 where
383 3676 56 27 you
463 3675 51 17 can
536 3672 44 19 Bee
599 3663 48 27 the
668 3662 112 34 largest
806 3658 85 29 Stock
917 3657 30 28 in
979 3656 70 27 New
1093 3654 109 28 Zealand

465 3710 29 28 of
513 3710 39 27 all
571 3709 82 28 kinds
663 3708 29 26 of
700 3714 6 18 :
707 3720 38 7 —

56 3767 284 57 CARPETS,
383 3757 445 55 FLOORCLOTHS,
848 3751 354 49 LINOLEUMS

143 3861 210 54 CHINA,
385 3855 204 55 GLASS,
628 3846 498 56 EARTHENWARE,

406 3949 360 56 FURNITURE
797 3949 83 58 &p.

58 4056 56 44 at
155 4052 54 46 A.
249 4051 44 45 J.
321 4045 132 49 W.'S
507 4057 107 34 TOU
665 4053 104 34 CAN
816 4049 215 37 DEPEND
1079 4045 123 35 UPOK

61 4141 108 37 THE
199 4136 131 39 BEST
359 4136 168 35 GOODS
556 4133 69 34 AT
655 4128 109 36 THE
796 4125 215 35 LOWEST
1028 4123 174 37 PRICES

118 4207 170 45 Steam
307 4202 213 47 Cabinet
541 4194 103 51 and
660 4193 308 58 Upholstery
985 4189 192 44 Works

312 4289 4 4 ■
383 4282 80 42 St.
500 4277 179 47 Asaph
703 4268 287 52 -Street.-'
999 4278 73 29 ■■■:'-
1073 4263 123 61 ■■■>;!■
