3453 4484
116 162 64 27 bltfe,
192 161 39 24 his
243 162 52 30 legs
318 160 61 25 with
392 159 92 33 muddy
495 161 77 24 mole-

3 190 92 35 H&kin
107 199 48 24 and
172 199 32 23 oh
223 198 41 25 his
292 199 50 24 feet
356 206 62 17 were
434 199 55 24 iron
490 199 83 31 tipped
581 200 2 8 :

3 233 135 28 ■bandies
150 237 49 23 and
215 237 43 24 the
285 244 88 18 names
396 237 97 24 thereof
514 245 61 17 were

3 267 156 31 Hrcaokham
169 273 71 26 boots
260 275 50 23 and
321 275 40 24 the
374 282 58 16 man
453 274 56 24 who
532 275 43 24 did

3 304 95 38 Biarge
111 312 73 31 along
201 312 70 24 these
283 313 80 24 beasts
380 312 28 25 of
417 312 96 24 burden
524 320 50 18 was

129 358 32 16 an
174 359 63 15 oxen
249 350 132 25 conductor
392 351 50 23 and
453 351 78 32 verily
542 351 33 25 he

3 398 87 17 was
105 391 82 24 armed
211 391 59 25 with
293 399 16 17 a
331 399 58 24 very
411 391 60 32 long
488 391 86 32 thong,

3 422 116 38 BJvhich
131 431 72 31 being
215 431 110 25 fastened
338 433 25 23 to
375 439 15 17 a
402 432 58 31 long
478 431 98 26 slender

106 471 50 24 and
167 472 72 23 when
262 471 93 24 shaken
374 471 32 32 by
424 479 15 17 a
465 471 112 32 cunning

3 501 106 42 &Li4
119 511 41 25 did
169 511 60 24 send
241 511 66 25 forth
319 519 77 24 many
416 511 86 26 cracks
525 511 52 25 and

187 549 42 24 the
241 550 72 23 crack
324 550 28 24 of
360 557 76 24 many
448 550 66 24 rifles
527 550 50 24 and

3 578 12 32 I
41 586 76 32 verily
126 587 41 24 the
176 595 60 16 man
248 588 54 24 who
321 587 42 24 did
373 595 60 24 urge
445 587 44 25 the
511 595 65 17 oxen

3 619 8 32 f
42 633 49 18 was
103 628 44 24 not
159 635 57 17 over
228 628 105 25 anxious
344 629 26 24 to
381 628 31 25 be
432 627 107 33 thought
562 635 15 18 a

3 660 11 30 t
43 666 71 25 Saint
142 667 38 24 for
204 668 77 31 verily
309 668 43 25 the
369 668 131 32 adjectives
524 668 52 25 and

203 707 80 24 which
293 708 42 24 did
346 708 91 31 mostly
460 707 63 25 refer
550 708 26 23 to

3 736 25 32 W
43 745 42 23 the
97 752 55 23 eyas
164 745 26 24 of
198 745 41 24 his
251 747 64 23 team
327 754 42 16 are
380 748 45 22 not
448 745 128 24 contained

3 788 3 13 »
41 782 27 23 in
80 782 84 24 sacred
177 783 76 24 books
264 783 97 24 neither
373 792 42 16 are
426 784 58 30 they
506 785 27 21 to
545 782 30 25 be

41 820 76 23 found
126 820 26 23 in
161 827 50 24 any
220 820 27 24 of
255 821 40 24 the
304 821 163 28 dictionaries.
503 820 72 24 Then

42 865 68 16 came
119 857 68 24 there
199 858 85 24 horses
297 859 49 23 and
358 859 106 24 chariots
473 858 50 24 and
534 858 42 23 did

41 896 57 23 bear
109 896 69 23 down
192 896 42 24 the
246 896 90 25 timber
348 897 24 24 of
388 897 43 25 the
443 896 76 24 forest
526 896 50 24 and

34 936 49 23 iiid
95 935 71 31 bring
189 935 62 26 back
273 937 27 24 in
323 936 125 31 exchange
470 936 104 30 thereof,

43 974 107 25 wheaten
160 975 65 25 flour
233 977 48 24 and
292 976 100 31 general
404 976 172 25 merchandise

104 1016 41 24 the
156 1016 92 25 drivers
260 1016 96 25 thereof
367 1016 81 25 feared
457 1016 42 25 the
509 1016 68 25 Lord

43 1054 48 24 and
109 1054 74 30 spoke
196 1054 84 31 kiudly
292 1056 26 23 to
330 1055 64 24 their
417 1055 85 25 horses
526 1054 50 25 and

43 1093 73 29 urged
130 1091 67 24 them
210 1100 33 15 on
257 1093 59 24 with
328 1093 85 31 gentle
435 1093 79 24 words
526 1092 51 25 and

42 1128 47 28 ,s4lk
98 1131 108 25 crackers
218 1133 48 23 and
276 1133 59 31 they
346 1140 64 17 were
428 1133 96 24 clothed
548 1132 27 23 in

44 1169 107 31 Kaifipoi
159 1170 89 25 tweeds
257 1170 49 24 and
313 1170 120 32 imported
443 1169 132 32 billycocks

44 1209 46 23 ami
104 1216 64 16 none
180 1209 26 23 of
214 1209 63 23 their
286 1208 133 31 adjectives
429 1216 64 17 were
502 1208 73 24 much

44 1248 83 31 bigger
140 1248 60 24 than
218 1248 134 31 blooming.
392 1249 58 23 And
465 1249 21 23 it
506 1255 70 16 came

43 1290 24 20 to
79 1295 57 22 pass
149 1288 54 23 that
215 1289 42 21 the
277 1291 69 27 great
366 1288 79 24 Lords
463 1287 27 25 of
508 1286 66 25 Wel-

41 1327 96 30 lington
157 1327 59 27 s:\id,
246 1327 47 24 Let
315 1328 69 23 there
406 1328 31 22 be
465 1335 33 15 an
520 1326 56 24 iron

42 1365 56 23 road
111 1365 46 23 ami
171 1365 35 24 let
217 1364 87 25 horses
315 1365 25 23 of
350 1366 53 23 iron
412 1372 48 16 run
471 1364 104 24 thereon

42 1403 48 23 and
103 1404 19 23 it
135 1411 49 16 was
197 1411 34 20 so,
256 1402 59 25 And
326 1404 25 24 lo
371 1403 73 24 when
457 1403 43 24 the
521 1402 53 24 iron

42 1443 72 24 horse
127 1442 104 32 brought
244 1451 33 23 up
288 1442 56 25 food
356 1444 26 23 to
398 1442 42 25 the
451 1442 85 31 people
548 1449 27 16 as

29 1484 66 23 ~^ell
108 1491 27 16 as
147 1483 57 31 fiery
216 1491 55 16 rum
284 1483 48 26 and
354 1482 54 25 also
420 1482 84 30 swipes
515 1481 58 23 flav-

43 1522 76 24 oured
132 1522 58 24 with
207 1522 49 24 salt
267 1522 47 24 and
337 1522 111 24 cocculus
467 1521 106 24 indicus.

43 1560 71 25 Then
126 1569 13 15 a
151 1562 90 30 tongue
253 1559 75 32 spake
340 1563 58 21 unto
410 1559 43 25 the
462 1561 112 23 servants

43 1599 26 24 of
90 1600 40 22 the
142 1600 68 29 great
221 1599 53 24 iron
286 1599 77 27 horse,
377 1597 94 32 saying.
502 1596 71 24 Thou

42 1639 67 24 shalt
120 1638 53 25 bow
183 1639 72 23 down
271 1637 50 25 and
332 1637 106 30 worship
450 1636 44 24 the
505 1637 69 30 great

41 1676 52 24 iron
118 1676 73 24 horse
219 1676 50 24 and
279 1676 53 23 him
361 1676 57 30 only
435 1674 67 25 shalt
513 1674 60 23 thou

41 1722 77 16 serve.
166 1714 39 24 He
218 1714 65 24 shall
305 1713 58 25 bear
377 1712 46 32 thy
445 1712 55 24 food
524 1711 51 24 and

41 1753 44 29 thy
98 1761 60 22 grog
170 1752 48 24 and
231 1753 59 23 thou
302 1751 64 24 shall
378 1752 40 23 eat
430 1750 49 25 and
499 1750 74 24 drink

41 1790 96 23 thereof
163 1789 57 24 And
232 1789 76 31 verily
319 1789 21 23 if
349 1789 62 24 thou
422 1796 26 16 or
460 1787 45 31 thy
515 1795 58 16 sons

40 1840 27 16 o-
79 1831 44 32 thy
134 1831 133 32 daughters
280 1832 39 24 eat
338 1838 28 18 or
387 1830 73 24 drink
483 1830 27 24 of
530 1830 44 24 the

39 1869 115 26 accursed
164 1869 84 32 things
260 1870 62 23 born
333 1877 31 17 on
382 1869 43 24 the
445 1867 91 25 wheels
548 1867 25 25 of

40 1911 42 23 the
95 1910 58 24 road
166 1917 125 23 waggons,
304 1910 59 24 thou
386 1908 67 25 shalt
474 1908 101 25 become

41 1951 115 23 oominon
167 1949 124 24 labourers
303 1949 27 24 in
342 1948 43 25 the
396 1947 69 30 land,
478 1947 97 25 neither

7 1978 101 47 J^Lalt
133 1987 62 25 thou
223 1995 63 16 wear
316 1987 78 24 smart
414 1987 161 31 government

40 2026 121 24 uniforms
172 2034 49 23 any
232 2033 68 17 more
327 2024 98 26 neither
443 2023 66 25 shall
531 2023 44 32 thy

39 2065 72 25 boots
125 2069 28 20 be
164 2065 132 31 pollished,
307 2064 99 25 neither
429 2064 66 24 shalt
515 2065 60 23 thou

41 2102 64 24 work
116 2102 76 31 lazily
204 2103 50 23 and
264 2103 45 23 live
320 2102 161 31 luxuriously.
518 2102 58 23 And

10 2142 18 11 *
39 2142 44 24 the
95 2144 92 29 tongue
199 2143 51 24 said
264 2143 48 24 wilt
322 2142 61 25 thou
395 2144 40 22 eat
446 2141 50 25 and
504 2141 72 25 drink

40 2180 60 30 only
112 2180 27 23 of
149 2180 56 23 that
217 2180 82 24 which
311 2180 22 24 is
341 2180 63 24 born
415 2180 32 31 by
457 2180 41 24 the
508 2182 68 28 great

39 2218 54 25 iron
106 2218 84 26 horse.
225 2218 56 25 And
292 2219 36 25 all
345 2218 44 26 the
418 2220 111 24 servants
552 2219 27 25 of

40 2260 71 28 great
123 2258 53 25 iron
192 2259 70 25 horse
291 2259 128 25 answered
436 2259 50 25 and
514 2259 60 26 said.

41 2299 34 23 As
88 2299 59 24 thou
159 2299 58 25 hast
229 2300 54 24 said
294 2309 27 15 so
332 2300 52 26 will
392 2309 37 16 we
436 2300 40 30 do,

138 2479 94 26 VIEW
248 2481 86 24 HILL
354 2481 111 26 NOTES.

236 2520 138 25 ByDemos.

73 2607 32 24 At
117 2607 42 24 the
172 2610 126 30 quarterly
309 2611 100 30 general
421 2613 110 31 meeting
551 2614 27 24 of

40 2646 42 24 the
91 2647 121 25 members
225 2648 27 25 of
258 2649 42 24 the
310 2649 155 34 Canterbury
473 2652 103 25 Branch

39 2685 26 24 of
75 2685 43 24 the
131 2685 189 33 Amalgamated
333 2687 99 33 Society
459 2689 28 25 of
507 2690 67 24 Hall-

37 2731 52 23 way
104 2722 118 27 Servants
244 2724 59 25 held
325 2727 27 24 at
376 2726 143 32 Sydenham
541 2737 33 16 on

40 2763 42 23 the
92 2765 14 22 5
118 2763 53 25 inst
190 2766 55 27 part
257 2765 28 24 of
301 2774 48 15 one
372 2768 26 21 of
418 2767 43 24 the
483 2768 91 25 resolu-

38 2801 67 23 tions
117 2800 95 25 carried
228 2809 59 17 was:
289 2817 34 4 —
354 2803 66 25 That
448 2805 43 24 the
507 2805 66 26 Gov-

41 2841 138 23 ernment's
191 2841 125 25 attention
327 2841 30 25 be
379 2843 82 25 drawn
489 2846 26 23 to
532 2845 42 24 the

38 2878 88 28 urgent
134 2878 122 31 necessity
265 2878 27 25 of
293 2881 170 30 permanently
472 2882 103 31 settling

38 2916 40 22 the
89 2917 162 31 unemployed
268 2918 128 32 difficulty,
409 2919 33 32 by
453 2928 85 17 means
550 2921 27 25 of
583 2922 2 12 '•

41 2955 71 24 State
124 2955 76 26 farms
211 2957 50 24 and
271 2957 70 25 State
352 2958 114 27 factories
475 2960 27 25 in
526 2961 48 25 and

38 2994 94 24 around
145 2995 41 24 the

74 3033 52 24 One
138 3034 80 25 wovld
231 3035 71 25 think
314 3036 43 25 the
368 3036 108 26 Leaders
488 3038 27 25 of
524 3039 50 24 this

40 3072 50 23 and
102 3072 102 25 kindred
229 3074 117 25 Societies
370 3077 82 24 would
468 3078 30 24 be
524 3078 50 24 suf-

39 3111 111 31 ficiently
167 3117 146 21 conversant
333 3115 58 24 with
415 3115 112 27 business
550 3120 24 22 to

42 3149 68 25 kno.v
134 3151 54 23 that
199 3151 21 24 if
230 3152 40 24 the
292 3152 166 27 Government
481 3156 93 24 started

42 3195 49 24 any
103 3189 101 24 number
226 3189 25 24 of
269 3190 120 31 factories,
413 3200 32 17 no
466 3192 108 27 Govern-

10 3247 5 12 K
41 3228 70 22 inent
124 3235 43 16 nor
179 3226 113 33 anybody
305 3228 49 25 else
366 3229 72 25 could
451 3233 80 24 create
542 3241 33 16 an

10 3282 8 12 v
40 3264 126 25 increased
178 3265 108 25 demand
298 3266 38 25 for
347 3267 43 25 the
400 3269 76 30 goods
487 3277 87 18 manu-

41 3305 120 24 factured.
196 3306 25 23 If
233 3306 67 25 there
308 3314 50 17 was
371 3315 14 16 a
396 3309 65 30 good
469 3309 107 25 demand

42 3342 37 25 for
108 3344 171 25 commodities
308 3344 35 25 of-
360 3346 36 24 all
418 3348 64 24 sorts
506 3347 70 26 there

43 3383 75 23 would
131 3382 31 24 be
184 3391 33 16 no
246 3384 164 31 unemployed
437 3393 59 17 men
521 3388 55 23 who

44 3430 61 15 vrere
118 3422 92 32 willing
221 3424 25 23 to
255 3423 71 29 work,
339 3424 51 24 and
398 3426 20 23 it
430 3425 21 25 is
463 3427 43 23 not
519 3434 58 24 easy

45 3466 24 19 to
82 3469 39 16 see
133 3461 53 24 how
205 3462 42 24 the
268 3464 104 30 starting
384 3464 27 25 of
419 3464 114 26 factories
545 3466 31 31 by

45 3508 6 15 t
56 3501 31 24 lie
100 3501 168 25 Government
285 3503 22 24 is
324 3504 74 31 going
420 3506 26 23 to
467 3505 111 26 increase

45 3539 43 23 the
101 3539 103 23 demand
214 3539 39 24 for
264 3540 83 30 goods.
383 3542 52 24 The
449 3543 51 24 fact
510 3544 22 24 is
543 3553 34 16 we

48 3579 58 21 have
118 3585 58 16 over
186 3578 145 30 production
342 3579 26 24 in
392 3581 90 24 almost
505 3591 72 23 every

46 3617 113 31 industry
172 3625 26 17 as
210 3617 20 25 it
241 3617 30 29 is,

47 3656 113 30 entering
186 3655 54 25 into
274 3657 166 31 competition.
476 3659 34 25 As
540 3661 38 24 for

50 3694 69 24 SLate
131 3694 84 29 farms,
229 3695 19 23 it
259 3695 19 23 is
291 3695 70 31 quite-
368 3703 13 17 a
393 3696 121 26 mistaken
523 3698 55 25 idea

49 3736 24 22 to
86 3741 102 24 suppose
200 3734 56 24 that
267 3734 58 32 they
338 3736 72 24 could
416 3736 36 26 -be
472 3739 69 24 made
553 3740 25 23 to

49 3772 87 25 relieve
148 3773 41 23 the
201 3772 86 25 labour
299 3774 96 24 market
405 3774 27 25 in
460 3776 72 25 times
555 3777 26 24 of

31 3809 7 5 *
51 3810 102 30 scarcity
165 3810 27 24 of
200 3810 168 30 employment
380 3814 25 22 to
417 3820 49 24 any
489 3816 89 28 apreci-

49 3848 52 23 able
119 3850 92 22 extent.
246 3848 41 24 No
309 3857 90 22 person
415 3850 57 25 who
494 3851 85 25 knows

50 3889 120 30 anything
182 3889 27 24 of
217 3888 108 32 farming
333 3890 82 25 would
421 3892 157 25 recommend

51 3929 59 23 such
124 3937 31 16 an
167 3929 136 30 expedient.
338 3929 117 33 Farming
470 3931 111 25 whether

51 3967 87 23 carried
149 3975 30 15 on
192 3967 31 31 by
233 3966 169 25 Government
411 3976 26 16 or
446 3968 31 31 by
486 3969 95 31 private

49 4006 148 23 individuals
205 4008 68 22 must
282 4006 29 24 be
319 4006 63 24 done
391 4008 189 30 systematically

50 4044 21 22 if
82 4044 18 22 it
111 4043 21 23 is
160 4044 26 24 to
210 4043 28 24 be
261 4043 131 30 profitable
401 4051 5 21 ;
420 4044 43 24 the
472 4059 5 4 •
486 4044 95 25 various

53 4080 76 25 works
141 4083 66 21 must
218 4080 30 25 be
259 4081 64 24 done
335 4084 25 20 at
370 4082 42 24 the
423 4090 89 23 proper
523 4084 59 23 time

52 4119 49 24 and
112 4120 23 22 in
148 4119 40 24 the
200 4125 86 25 proper
294 4118 70 25 order
372 4127 6 20 ;
392 4120 130 24 seed-time
532 4120 51 24 and

52 4157 97 24 harvest
160 4164 66 18 come
235 4157 27 24 in
272 4156 60 25 their
343 4158 130 30 respective
482 4165 101 19 seasons

52 4194 21 24 if
83 4195 57 30 they
152 4202 69 17 come
233 4196 26 22 at
270 4195 42 27 all,
326 4195 56 26 and.
385 4195 26 24 it:
418 4197 80 22 would
508 4204 75 17 never

56 4233 29 24 do
97 4233 35 24 for
145 4233 41 25 the
198 4233 169 25 Government
379 4242 47 24 any
440 4243 69 17 more
521 4237 63 23 than

56 4271 92 30 private
158 4279 101 24 persons
270 4273 26 23 to
314 4273 63 23 start
386 4272 115 33 /farming
523 4273 59 26 with

58 4310 40 24 the
108 4310 53 25 idea
171 4310 27 24 of
207 4310 75 31 doing
293 4310 41 24 the
353 4312 65 24 work
416 4338 8 5 v
434 4312 59 31 only
515 4312 68 26 when

57 4351 42 23 the
110 4351 122 23 labourers
243 4358 62 16 were
317 4351 43 24 out
372 4353 30 23 of
418 4352 166 31 employment

57 4390 138 24 elsewhere.
228 4389 70 24 Time
308 4397 51 17 was
371 4390 37 25 -in
431 4390 153 33 Canterbury

57 4432 26 21 at
103 4428 31 24 all
146 4430 95 22 events-
264 4429 72 23 when
346 4437 33 17 no
406 4432 114 28 previous
543 4439 41 16 ex-

601 160 114 30 perience
726 169 52 17 was
794 169 138 26 necessary,
957 164 39 24 for
1015 171 49 23 any
1092 169 48 19 one

602 199 96 33 willing
709 202 26 24 to
747 201 68 25 work
826 202 103 32 making
939 203 109 32 farming
1059 211 15 16 a
1086 210 55 18 suc-

603 245 61 23 cess,
677 247 27 17 as
716 240 64 31 good
791 247 64 24 open
866 240 61 25 land
956 241 74 25 could
1052 240 31 25 be
1093 239 49 25 had

603 275 27 23 in
640 277 94 31 plenty,
747 277 50 24 and
808 277 71 31 grain
894 286 47 16 was
954 279 70 24 twice
1032 286 28 17 or
1071 278 70 24 three

603 313 74 25 times
689 314 44 25 the
750 313 71 26 value
832 315 21 24 it
864 315 22 24 is
897 323 65 21 now,
975 315 45 25 but
1032 315 35 24 all
1089 314 51 25 this

603 351 22 24 is
638 352 112 31 changed
770 352 50 24 and
843 353 59 31 only
923 352 34 33 by
977 352 93 26 careful
1092 352 57 25 and'

605 391 121 25 scientific
737 392 112 32 farming
860 400 48 17 can
919 393 52 25 this
987 392 114 33 industry
1111 391 31 25 be

605 431 95 25 carried
711 440 33 16 on
759 432 134 33 profitably
904 439 26 19 to
953 433 55 32 day.

639 468 71 26 State
722 470 78 24 farms
812 478 33 16 no
857 470 77 25 doubt
957 479 42 16 are
1021 470 122 25 desirable

605 507 38 25 for
654 507 45 26 the
711 508 135 25 assistance
869 508 26 25 of
916 509 64 32 aged
1001 508 50 25 and
1073 508 71 25 other

605 555 100 23 persons
718 548 54 25 who
784 555 42 17 are
838 550 46 23 not
894 548 140 32 physically
1045 548 53 25 able
1117 550 27 22 to

595 607 2 7 ,
605 588 113 30 compete
728 586 63 25 with
802 587 44 24 the
859 587 152 29 ablebodied,
1029 588 44 23 but
1090 586 53 26 who

605 633 41 16 are
658 624 55 25 able
725 625 50 24 and
786 624 93 33 willing
899 626 26 24 to
937 633 59 17 earn
1008 633 14 16 a
1038 626 57 30 part
1117 625 27 23 at

595 670 2 9 1
605 664 63 24 least
690 663 27 25 of
737 663 66 24 their
826 664 174 24 maintenance
1009 671 6 21 ;
1038 663 28 24 in
1087 662 57 25 that

607 708 51 23 way
669 701 59 30 they
740 701 80 30 might-
832 700 30 25 be
874 701 73 23 made
958 708 15 16 a
996 701 111 29 blessing
1118 701 26 23 to

605 746 74 22 many
687 738 22 24 if
718 738 113 31 properly
854 738 128 31 managed,
1006 737 51 25 and
1084 737 60 31 they

604 778 81 24 would
697 777 120 32 certainly
829 778 57 24 take
896 786 72 21 many
977 778 28 24 of
1015 777 52 25 this
1079 776 64 25 class

605 818 33 23 off
650 818 41 24 the
703 817 84 25 labour
798 817 106 28 market,
916 817 47 24 but
975 825 28 17 as
1024 825 15 16 a
1055 823 89 17 means
1150 816 2 25 !

605 855 27 24 of
884 854 103 32 settling
1026 853 44 26 the
1097 861 48 16 un-

606 893 129 31 employed
752 891 119 32 difficulty
909 891 59 32 they
991 899 48 18 can
1066 891 31 25 be
1119 890 28 25 of

605 933 64 24 little
690 940 43 17 use
745 932 86 25 unless
841 932 21 24 it
873 933 22 24 is
911 932 64 25 done
998 933 25 23 at
1045 939 16 17 a
1083 930 62 25 dead

605 970 59 30 loss,
677 970 82 24 which
770 969 45 25 the
825 970 100 24 settlers
944 969 28 25 of
980 969 43 25 the
1039 973 105 26 country

606 1010 82 24 would
700 1016 76 19 never
787 1010 104 24 tolerate
902 1009 38 25 for
956 1018 14 15 a
993 1010 117 23 moment.

638 1047 51 25 Oar
706 1047 172 26 Government
907 1054 42 18 are
978 1046 76 32 doing
1077 1046 67 26 their

604 1093 58 23 very
675 1085 54 24 best
740 1085 62 25 with
820 1085 43 24 the
875 1092 86 17 means
973 1086 26 22 at
1016 1084 67 24 their
1094 1084 48 24 dis-
1150 1086 2 25 j

604 1122 70 32 posal
686 1126 25 21 to
723 1123 115 30 mitigate
850 1122 43 25 the
904 1122 131 31 hardships
1052 1121 28 25 of
1099 1121 44 24 the

603 1162 172 32 unemployed,
789 1161 51 24 and
867 1161 31 24 if.
914 1162 60 30 they
1001 1161 49 24 had
1073 1168 70 16 more

603 1209 88 22 money
699 1199 81 26 would
791 1199 54 25 find
852 1199 85 31 plenty
946 1199 27 24 of
984 1198 66 25 work
1059 1198 83 25 which

603 1239 82 23 would
713 1238 31 24 be
772 1238 174 30 reproductive.
982 1237 70 30 They
1083 1244 59 23 very

603 1276 84 31 wisely
699 1278 37 22 set
747 1275 66 25 their
830 1275 66 24 faces
919 1275 99 30 against
1039 1274 104 31 making

603 1314 68 25 work
683 1314 40 24 for
734 1313 44 25 the
790 1313 59 25 sake
866 1313 26 24 of
913 1312 98 31 finding
1033 1312 108 31 employ-

603 1354 71 23 ment
686 1354 66 29 only.

636 1390 26 24 If
671 1390 85 31 people
768 1397 41 16 are
821 1389 76 31 really
909 1388 63 25 hard
983 1396 34 24 up
1038 1388 50 25 and
1100 1395 41 17 are

603 1430 104 24 anxious
720 1431 26 22 to
758 1428 57 25 take
827 1428 68 25 work
907 1428 59 31 they
979 1428 90 25 should
1096 1429 44 22 not

603 1469 29 25 be
645 1469 110 31 sqemish
766 1469 75 24 about
853 1469 44 23 the
907 1468 59 23 kind
984 1467 27 26 of
1031 1468 109 31 employ-

605 1511 71 22 ment
693 1508 100 25 offered.
829 1507 80 25 There
931 1508 22 23 is
975 1515 33 16 no
1031 1507 110 31 disgrace

602 1548 112 31 working
726 1547 61 26 with
797 1547 67 31 pich,
878 1547 94 29 shovel,
985 1554 28 17 or
1024 1554 54 21 axe,
1091 1554 48 23 any

602 1597 69 16 more
692 1590 60 23 than
770 1589 24 24 in
823 1587 178 33 quill-driving,
1026 1587 113 25 counter-

599 1627 124 31 jumping,
736 1634 27 17 or
786 1625 76 31 doing
883 1625 155 24 mechanical
1063 1625 74 28 work,

602 1665 51 23 and
681 1672 49 24 any
758 1671 90 23 person
876 1663 60 25 with
975 1662 87 25 health
1090 1662 49 24 and

603 1703 113 30 strength
727 1709 46 17 can
785 1701 77 31 easily
874 1703 40 27 get
926 1701 54 23 into
1003 1701 44 23 the
1059 1708 45 16 use
1115 1701 27 23 of

602 1740 43 24 the
657 1740 64 24 tools
732 1739 22 25 if
776 1739 98 31 willing.
910 1738 81 25 There
1011 1739 21 24 is
1054 1738 85 31 plenty

601 1780 28 24 of
639 1780 55 30 pick
707 1778 49 25 and
774 1778 82 25 shovel
876 1778 71 25 work,
964 1778 127 31 requiring
1113 1780 26 22 to

602 1818 30 25 be
645 1819 64 23 done
720 1818 49 23 and
792 1825 28 16 as
831 1817 50 24 this
899 1816 58 25 kind
979 1816 27 25 of
1026 1816 68 25 work
1116 1817 22 24 is

602 1855 44 24 tha
657 1857 67 23 most
747 1854 127 32 profitable
897 1855 42 23 the
964 1855 105 29 country
1092 1862 45 15 can

601 1895 110 32 possibly
722 1895 138 25 undertake
872 1893 99 26 -indeed
980 1895 21 23 it
1012 1894 22 24 is
1055 1893 84 33 crying

603 1938 44 22 out
658 1936 37 24 for
707 1935 71 25 roads
789 1936 66 23 from
867 1935 49 24 end
928 1936 26 23 to
977 1935 49 24 end
1048 1935 91 24 where-

603 1983 55 16 ever
671 1976 143 24 settlement
825 1975 22 24 is
859 1975 74 31 going
942 1982 44 17 on-
997 1974 70 25 there
1073 1975 22 24 is
1107 1982 32 17 no

603 2016 121 31 necessity
747 2017 26 22 to
796 2015 45 24 ask
863 2015 43 24 the
932 2013 165 25 Government
1114 2015 26 23 to

603 2055 62 22 ftart
677 2061 48 23 any
737 2052 71 25 other
819 2052 114 31 industry
940 2051 39 25 for
991 2051 42 25 the
1045 2051 59 25 sake
1116 2051 26 25 of

603 2092 132 31 absorbing
752 2091 42 25 the
822 2090 175 31 unemployed,
1020 2098 47 17 nor
1089 2091 52 24 will

603 2130 71 24 there
685 2130 30 24 be
726 2137 49 22 any
803 2129 38 23 for
864 2135 70 24 years
954 2130 26 22 to
1004 2136 77 20 come,
1104 2128 36 24 for

604 2168 69 23 there
684 2168 22 23 is
718 2174 33 16 no
763 2166 52 24 fear
827 2166 26 24 of
863 2166 34 23 all
914 2167 42 22 the
979 2166 67 30 realy
1057 2173 82 16 neces-
1147 2188 4 5 .

604 2211 57 24 sary
672 2204 72 23 roads
758 2204 71 29 being
839 2203 73 23 made
923 2203 26 24 in
959 2203 61 24 New
1031 2203 109 24 Zealand

604 2243 89 30 during
721 2241 44 24 the
793 2241 99 31 present
920 2241 104 30 century
1052 2241 26 24 at
1107 2239 33 26 all

604 2283 93 24 events.

637 2320 42 24 All
691 2320 56 23 that
758 2319 22 23 is
792 2318 100 25 wanted
910 2319 22 24 is
955 2326 88 23 proper
1064 2317 76 25 facili-
1149 2317 2 33 \

603 2360 47 25 ties
662 2359 38 26 for
711 2358 87 33 people
811 2359 24 24 to
848 2357 57 25 take
923 2365 33 25 up
978 2357 60 25 land
1061 2357 80 25 under
1149 2353 2 38 \

603 2400 87 24 liberal
700 2399 59 25 land
771 2398 68 30 laws,
870 2398 49 25 and
945 2398 44 25 the
1010 2405 130 25 necessary
1149 2397 2 31 j

603 2440 73 25 roads
688 2439 75 31 being
780 2438 157 25 constructed
960 2438 38 25 for
1020 2438 44 24 the
1086 2446 54 23 pro-
1149 2439 2 10 '

603 2478 84 24 fitable
699 2476 148 31 occupation
864 2476 27 24 of
897 2476 44 23 the
964 2476 139 28 selections,
1115 2478 27 22 to
1150 2480 1 31 j

604 2515 86 25 absorb
702 2515 43 24 the
763 2513 166 32 unemployed
951 2513 38 24 for
1011 2521 72 24 years
1117 2517 24 19 to

603 2563 69 17 come
694 2554 106 26 without
830 2553 171 25 Government
1029 2552 113 32 entering

602 2594 52 23 into
677 2592 160 31 competition
856 2591 62 24 with
937 2591 95 30 private
1052 2598 89 17 manu-

601 2632 117 28 factures,
730 2629 83 25 which
835 2628 81 25 would
938 2627 121 32 probably
1080 2627 57 32 only

603 2668 75 25 result
685 2667 28 25 in
723 2667 52 25 loss
787 2668 26 23 to
825 2666 42 24 the
879 2665 97 31 colony.

669 3031 71 23 THE
754 3029 152 25 WEEKLY
926 3028 149 26 LETTER.

861 3111 138 33 Longdale,
1011 3111 68 25 June
1089 3111 53 24 9th.

635 3165 86 24 When
732 3163 155 25 Parliament
898 3162 137 25 assembles
1054 3161 23 25 it
1094 3161 50 25 will

602 3203 64 25 have
677 3211 33 17 no
722 3202 75 25 small
808 3202 102 24 amount
921 3200 27 25 of
969 3200 69 26 work
1060 3200 27 24 to
1110 3198 32 25 do

602 3242 28 24 in
641 3241 72 25 order
725 3242 27 23 to
768 3247 70 24 carry
851 3240 43 24 out
905 3238 43 25 the
960 3238 101 31 pledges
1074 3236 26 26 of
1109 3236 34 25 its

602 3279 175 25 constituents.
795 3292 4 2 •
813 3277 51 25 Not
876 3278 42 23 the
929 3276 61 25 least
1009 3283 58 23 easy
1090 3275 51 24 will

603 3318 30 24 be
644 3317 72 25 those
727 3316 102 31 pledges
839 3318 28 21 in
883 3316 97 29 respect
1007 3313 28 24 of
1055 3313 88 24 labour

604 3355 48 24 and
663 3355 42 24 the
716 3353 133 30 labouring
866 3351 100 25 classes.
1001 3350 53 25 The
1077 3350 65 24 Min-

603 3393 60 24 ister
674 3392 38 24 for
719 3390 90 25 labour
820 3390 47 24 has
879 3389 76 24 about
969 3388 57 24 half
1036 3396 15 16 a
1074 3395 69 17 score

604 3431 28 26 of
639 3431 64 25 Bills
713 3431 27 24 to
751 3429 128 26 introduce
886 3428 102 31 dealing
996 3427 62 26 with
1070 3427 70 24 these

604 3469 126 32 questions
736 3476 5 20 ;
766 3467 50 24 and
837 3466 74 25 when
933 3466 33 24 he
986 3464 116 26 succeeds
1114 3464 28 25 in

604 3508 115 33 carrying
730 3507 70 25 them
809 3506 111 31 through
929 3506 43 24 the
981 3506 49 24 two
1039 3503 101 26 chamb-

605 3556 46 20 ers,
663 3548 43 24 the
718 3547 114 30 question
844 3545 50 25 will
905 3545 39 29 be,
973 3545 66 24 what
1061 3547 60 21 next
1131 3544 11 23 ?

605 3584 119 25 There-is
733 3583 53 31 just
796 3591 15 16 a
823 3582 123 30 tendency
963 3583 26 22 to
1012 3580 130 30 overlegis-

604 3623 173 26 lation-which
788 3622 51 24 will
851 3621 79 24 result
941 3621 27 23 in
975 3619 44 26 the
1031 3619 76 31 decay
1119 3618 27 25 of

605 3662 153 25 selfreliance
776 3659 50 25 and
837 3661 54 22 true
900 3657 137 26 manhood-
1049 3657 28 24 in
1100 3656 44 24 the

606 3703 114 24 workers.
756 3699 34 25 At
801 3699 43 24 the
861 3699 99 31 present
982 3697 62 25 time
1066 3703 77 24 many

606 3741 27 24 of
642 3741 72 24 those
726 3737 150 31 clamouring
887 3736 37 25 for
941 3736 75 29 work,
1030 3734 50 25 and
1102 3734 41 24 de-

606 3776 186 32 manding.that
812 3776 42 24 the
873 3774 171 25 Government
1068 3772 75 28 shall,

597 3819 2 6 :
606 3819 45 21 not
663 3816 59 29 only
746 3813 52 24 find
815 3813 21 24 it
847 3812 39 24 for
911 3812 79 28 them,
1019 3810 46 25 but
1087 3810 58 24 take

607 3852 70 25 them
696 3854 26 22 to
744 3850 27 28 it,
796 3849 48 24 and
875 3848 120 25 establish
1023 3847 68 25 them
1119 3847 25 24 in

608 3892 93 29 home?,
714 3898 42 17 are
768 3889 43 24 the
823 3888 110 32 unlucky
950 3886 195 26 ne'er-do-weels

608 3932 27 25 of
644 3932 42 23 the
698 3930 93 30 colony.
827 3929 67 27 Men,
911 3929 54 23 who
990 3927 71 25 when
1086 3927 59 33 they

609 3977 57 16 earn
679 3969 92 29 twenty
793 3966 116 31 shillings
922 3967 49 30 bay
994 3969 26 20 to
1042 3964 43 24 the
1105 3972 40 15 ex-

609 4010 54 22 tent
675 4006 26 24 of
711 4007 91 29 twenty
883 4014 5 20 ;
912 4012 59 16 men
992 4003 56 25 who
1071 4009 76 17 never

609 4045 49 25 live
669 4042 89 26 within
786 4042 67 24 their
880 4047 86 18 means
985 4040 46 24 but
1054 4039 93 31 always

611 4082 104 33 beyond.
1067 4080 7 31 '.
1094 4108 6 3 .

644 4122 80 24 There
735 4120 63 24 have
809 4119 63 24 been
884 4118 91 31 during
986 4117 50 25 this
1050 4117 95 27 winter,

611 4162 125 24 instances
750 4158 28 23 of
786 4162 61 19 men'
856 4155 86 32 giving
954 4163 33 23 up
1000 4164 15 15 a
1025 4153 62 33 good
1096 4153 51 32 job,

612 4195 108 32 through
732 4194 132 27 laborious,
886 4194 50 23 and
960 4193 64 23 with:

613 4239 59 29 long
683 4236 77 23 hours
762 4242 6 20 }
778 4244 5 13 i
790 4232 56 24 and-
868 4233 76 30 going
971 4231 57 26 into,
1045 4232 66 22 town
1123 4231 25 23 to

611 4278 50 25 live
672 4275 71 25 clean
750 4271 50 27 and
807 4271 162 32 comfortably
978 4278 33 16 on
1022 4270 42 24 the
1072 4270 76 30 cheap

613 4322 25 21 at
658 4315 42 25 the
712 4313 90 32 public,
807 4318 113 25 expense.
956 4310 54 25 The
1032 4308 83 26 writer
1126 4309 26 24 of

613 4357 54 24 that
676 4352 148 25 wellknown
835 4350 74 31 letter
920 4350 27 23 to
965 4348 42 24 the
1036 4346 115 25 Minister

613 4395 38 24 for
661 4389 92 28 Lands,
766 4396 14 15 a
800 4386 67 25 week
879 4394 26 16 or
917 4388 49 22 two
994 4392 54 23 ago,
1076 4384 75 30 spoke

613 4432 70 26 truth
695 4429 72 24 when
778 4427 32 23 he
821 4425 53 24 said
902 4425 43 24 the
967 4431 60 16 men
1051 4431 63 16 were
1126 4424 26 23 to

1168 163 84 25 blame
1262 164 38 25 for
1311 164 75 33 being
1408 167 44 23 out
1474 168 28 23 of
1521 166 74 29 work,
1614 167 50 25 and
1674 167 33 25 he

1169 200 76 25 asked
1255 202 114 32 cogently
1396 203 69 25 what
1492 204 69 31 right
1589 204 51 24 had
1663 205 45 24 the
1716 200 2 35 j

1168 240 164 29 government
1340 242 26 22 to
1373 240 58 32 help
1438 241 63 25 such
1509 242 12 23 ?
1555 241 73 32 They,
1633 242 74 24 could

1168 275 58 31 help
1238 277 157 29 themselves,
1408 280 48 22 and
1468 278 122 25 therefore
1619 279 90 25 should

1170 312 32 25 do
1210 320 35 17 so.

1203 350 54 24 The
1269 351 87 32 supply
1372 351 27 25 of
1433 352 137 25 nutritious

1171 390 25 22 to
1208 395 119 24 swaggers
1361 389 127 32 freegratis
1516 390 38 26 for
1575 390 110 31 nothing

1169 426 22 24 is
1200 434 15 17 a
1233 426 81 32 heavy
1325 428 44 24 tax
1380 435 34 17 on
1426 427 43 26 the
1480 427 93 32 people.,
1585 428 58 25 who
1666 436 42 17 are

1170 465 91 24 settled
1281 472 33 17 on
1326 465 64 25 their
1401 473 56 18 own
1469 465 164 29 homesteads,
1657 465 51 26 and

1172 503 141 33 something
1325 504 89 25 should
1426 505 30 24 be
1467 505 63 24 done
1547 506 27 23 to
1586 505 81 25 lessen
1678 505 28 24 it.

1172 542 32 24 At
1215 543 101 30 present
1325 550 15 17 a
1351 550 59 17 man
1423 542 53 25 who
1499 542 47 25 has
1568 542 51 32 just
1641 550 67 17 corn-
1714 555 3 12 i

1171 581 81 31 pleted
1264 588 15 17 a
1284 581 52 32 job,
1349 581 51 24 and
1420 581 60 25 with
1501 581 40 25 his
1565 582 96 31 cheque
1683 581 28 25 in

1171 618 40 24 his
1222 618 94 31 pocket,
1329 618 53 26 will
1393 620 45 30 beg
1447 618 41 26 his
1501 626 50 24 way
1562 620 76 31 along
1666 619 44 25 the

1172 656 60 26 road
1240 658 27 24 to
1279 658 75 28 town,
1366 665 75 17 never
1453 657 101 32 offering
1565 665 16 17 a
1605 656 104 34 shilling

1171 694 39 23 for
1221 694 41 24 his
1300 694 50 25 bite
1362 694 27 25 of
1399 694 87 25 tucker
1524 703 28 17 or
1563 694 41 25 his
1617 713 7 11 ,
1634 695 76 25 shake

1172 731 85 31 down,'
1267 731 50 24 and
1324 732 68 24 there
1401 731 80 26 throw
1490 732 71 24 down
1569 732 41 25 his
1619 740 91 24 money

1171 770 27 23 at
1209 769 42 24 the
1261 769 83 31 public
1366 769 86 25 house.
1488 769 81 26 When
1593 769 44 25 the
1660 769 49 25 last

1172 809 113 30 sixpence
1307 809 23 23 is
1358 816 72 24 gone,
1454 809 33 25 he
1511 809 130 25 shoulders
1667 809 43 25 the

1171 846 110 24 national
1293 846 58 24 debt
1363 846 51 24 and
1425 854 58 24 goes
1501 854 33 16 on
1545 846 44 25 the
1607 846 104 33 wallaby

1172 893 60 17 once
1243 893 78 21 more,
1332 886 109 31 begging
1455 893 28 17 as
1506 894 64 17 ever.
1605 888 23 22 A
1650 889 61 22 inan

1173 925 54 25 who
1238 925 46 25 has
1296 926 100 31 regular
1407 925 168 32 employment
1598 926 38 24 for
1657 926 54 24 four

1172 964 99 24 months
1281 964 27 23 of
1317 964 44 23 the
1372 971 57 23 year
1441 964 91 24 should
1544 971 57 17 save
1612 964 98 31 enough

1172 1007 23 20 to
1205 1004 61 31 keep
1285 1003 54 25 him
1365 1003 92 32 during
1467 1004 44 24 the
1522 1003 142 25 remainder
1686 1004 27 25 of

1173 1041 42 25 the
1226 1049 57 24 year
1294 1041 105 26 without
1406 1041 116 33 begging.
1541 1042 81 25 These
1632 1049 79 25 swag-

1171 1089 55 23 gers
1238 1090 41 16 are
1287 1082 27 23 in
1325 1090 78 24 many
1414 1082 132 30 instances,
1556 1090 14 16 a
1581 1082 93 32 species
1685 1082 28 25 of

1173 1124 14 11 '•
1198 1121 88 31 spieler
1318 1121 57 25 who
1382 1121 107 24 demand
1497 1125 6 10 '
1511 1121 57 25 food
1575 1122 7 10 '
1591 1121 44 25 but
1643 1129 66 17 rare-

1170 1158 26 30 ly
1208 1159 43 24 ask
1262 1159 38 24 for
1311 1159 68 24 work
1391 1159 50 24 and
1452 1159 21 24 if
1483 1159 43 24 the
1538 1159 58 24 food
1618 1159 32 25 be
1672 1167 37 17 re-

1170 1196 78 31 fused,
1262 1196 51 25 will
1333 1196 74 25 make
1419 1204 15 17 a
1457 1196 84 25 threat
1561 1196 75 25 about
1665 1197 44 24 the

1170 1234 91 25 farmer
1267 1235 103 31 looking
1379 1234 63 25 after
1449 1235 39 24 his
1499 1234 90 26 stacks.
1624 1235 17 25 I
1645 1235 64 25 have

1170 1272 50 24 had
1231 1280 15 16 a
1257 1272 63 31 good
1332 1272 54 24 deal
1407 1272 27 24 of
1455 1273 140 30 experience
1618 1273 28 23 of
1666 1274 43 23 the

1170 1312 59 24 evils
1241 1312 27 24 of
1278 1311 43 24 the
1333 1311 109 31 beggary
1460 1312 27 23 of
1513 1319 124 24 swaggers
1660 1312 49 24 and

1170 1351 82 24 would
1262 1350 50 24 like
1320 1352 25 23 to
1358 1358 40 17 see
1412 1351 64 24 them
1487 1351 121 24 lessened.

1203 1388 33 25 Of
1242 1396 85 17 course
1339 1387 69 26 there
1420 1388 21 24 is
1454 1388 106 25 another
1567 1388 53 25 side
1628 1390 25 23 to
1665 1388 43 25 the

1168 1426 122 31 question.
1325 1425 26 24 If
1360 1426 33 23 all
1406 1426 44 25 the
1467 1426 166 32 unemployed
1648 1427 60 24 took

1168 1464 44 25 the
1224 1472 67 23 swag
1311 1463 49 25 and
1382 1464 94 31 begged
1498 1464 63 25 from
1584 1465 78 24 house
1682 1466 26 23 to

1168 1505 85 28 house,
1267 1504 43 24 the
1322 1506 78 22 towns
1415 1504 82 24 would
1510 1505 29 23 be
1561 1504 75 25 eased
1658 1505 49 23 and

1169 1542 69 24 there
1250 1542 79 24 would
1341 1542 30 24 be
1380 1542 49 24 less
1439 1542 130 31 agitation.
1605 1542 52 24 But
1666 1542 42 24 the

1168 1582 164 31 unemployed
1340 1581 82 25 would
1430 1582 64 24 exist
1504 1582 93 25 withal.
1627 1582 81 25 There

1167 1630 43 16 are
1221 1623 54 23 also
1284 1630 76 23 many
1372 1630 59 16 men
1444 1630 32 16 on
1486 1622 44 24 the
1539 1622 105 32 wallaby
1653 1623 55 25 who

1167 1669 42 17 are
1221 1663 41 23 too
1274 1661 153 25 honourable
1440 1663 26 23 to
1478 1662 94 31 agitate
1584 1662 38 24 for
1629 1662 77 29 work,

1167 1701 45 25 but
1224 1701 49 25 will
1285 1702 78 23 travel
1376 1701 38 24 till
1426 1701 58 31 they
1492 1703 42 29 get
1545 1702 29 23 it.
1611 1701 97 25 Should

1168 1740 58 33 they
1238 1740 31 26 be
1280 1740 137 31 compelled
1434 1741 30 30 by
1485 1740 44 25 the
1541 1740 64 26 force
1624 1740 27 26 of
1661 1742 45 24 cir-

1167 1783 156 21 cumstances
1335 1783 26 21 to
1372 1780 46 24 ask
1430 1780 38 24 for
1486 1780 65 29 food,
1582 1789 41 15 are
1641 1782 67 24 most

1166 1820 106 30 grateful
1293 1820 74 24 when
1389 1819 61 31 they
1473 1820 94 24 receive
1590 1820 21 24 it
1620 1827 6 21 ;
1657 1821 50 23 and

1167 1856 59 24 offer
1238 1858 26 23 to
1276 1856 31 25 do
1323 1864 33 17 an
1368 1856 76 25 hours
1456 1856 68 25 work
1536 1858 26 23 to
1570 1863 49 25 pay
1628 1856 38 25 for
1677 1857 29 24 it.

1168 1894 68 26 Such
1248 1902 43 17 are
1303 1896 43 23 not
1357 1895 61 31 long
1429 1895 43 23 out
1484 1894 27 25 of
1520 1894 76 29 work,
1619 1895 50 24 and
1680 1895 27 24 in

1168 1935 58 22 time
1237 1933 102 24 become
1360 1933 126 24 honoured
1513 1933 108 24 settlers.
1656 1933 53 24 But

1168 1973 42 24 the
1227 1973 94 28 others,
1323 1987 33 3 —
1356 1980 84 17 never.

1468 2010 64 25 Paul
1550 2010 124 32 Fleming.

1170 2162 130 25 SCRAPS
1334 2162 98 25 FROM

1202 2243 53 25 The
1266 2243 43 25 list
1320 2244 28 24 of
1357 2243 118 32 birthday
1525 2243 112 25 honours
1685 2244 22 24 is

1168 2286 52 26 out,
1233 2284 49 24 and
1292 2283 75 25 while
1379 2283 60 25 New
1464 2283 81 26 South
1562 2283 83 25 Wales
1656 2283 51 25 arid

1167 2322 112 25 Victoria
1288 2323 63 23 have
1367 2322 64 24 been
1459 2321 153 32 recognized,
1642 2321 21 25 it
1685 2322 22 24 is

1169 2361 142 34 significant
1323 2363 25 23 to
1360 2361 82 25 notice
1452 2360 56 26 that
1518 2360 61 25 New
1595 2360 112 25 Zealand

1168 2401 47 24 has
1226 2400 61 25 been
1299 2402 73 30 given
1390 2400 44 24 the
1457 2400 83 31 go-by.
1576 2398 51 26 Not
1650 2398 56 25 that

1169 2441 20 24 it
1201 2441 99 24 matters
1307 2440 49 25 two
1367 2439 66 32 pins,
1440 2439 45 25 but
1492 2439 85 32 public
1588 2439 119 31 curiosity

1169 2479 45 24 has
1226 2479 61 23 bsen
1295 2485 63 23 agog
1369 2485 29 16 as
1409 2479 25 22 to
1446 2477 112 24 whether
1581 2477 45 24 the
1647 2477 61 24 offer

1169 2517 26 23 of
1206 2515 43 24 the
1261 2515 88 24 bauble
1366 2513 81 26 would
1475 2513 136 25 transform
1639 2513 67 32 plain

1169 2552 64 26 Dick
1243 2552 99 26 Seddon
1352 2552 55 24 into
1421 2552 40 24 bir
1473 2550 110 26 Richard
1597 2550 108 26 Seddon.

1170 2592 46 24 We
1226 2590 85 26 should
1324 2590 64 24 have
1406 2590 60 24 been
1487 2597 70 24 sorry
1585 2589 51 25 had
1664 2589 44 25 the

1170 2630 148 32 temptation
1338 2629 63 25 been
1412 2630 46 30 put
1468 2630 26 23 in
1507 2628 43 25 the
1572 2628 136 25 Premier's

1170 2676 62 24 way.
1267 2667 49 25 His
1325 2668 148 30 acceptance
1484 2666 28 24 of
1516 2674 16 16 a
1542 2665 165 32 Knighthood

1169 2707 83 27 would
1262 2707 63 26 have
1348 2705 93 26 carried
1452 2707 70 31 great
1531 2705 43 33 joy
1592 2705 55 24 into
1664 2705 43 24 the

1170 2755 72 24 camp
1252 2747 25 25 of
1284 2747 43 24 the
1346 2746 128 26 Stoutites.

1249 2788 14 14 *
1338 2787 15 14 *
1433 2786 15 15 *
1527 2785 14 16 *
1628 2785 14 15 #

1203 2825 54 25 The
1268 2824 159 31 Picturesque
1440 2822 72 25 Atlas
1525 2821 43 26 Co.
1581 2829 43 18 are
1636 2821 72 26 offer-

1169 2864 45 30 ing
1224 2863 66 25 their
1308 2863 137 31 properties
1457 2861 50 25 and
1518 2860 71 26 debts
1604 2860 40 26 for
1666 2860 41 25 be-

1170 2904 81 21 tween
1275 2901 118 28 £50,000,
1424 2900 49 24 and
1496 2900 120 28 £60,000.
1651 2898 57 25 Vic-

1169 2938 64 24 toria
1245 2945 64 17 owes
1321 2936 44 25 the
1376 2944 123 24 company
1513 2936 124 29 £53,393,
1650 2936 58 23 New

1171 2977 81 27 South
1275 2976 85 26 Wales
1383 2977 118 28 £22,560,
1514 2976 51 24 and
1576 2975 59 24 New
1647 2975 61 25 Zea-

1169 3018 61 24 land
1240 3018 59 30 only
1310 3018 94 24 £1253.
1439 3015 62 26 New
1513 3014 113 26 Zealand
1640 3016 79 24 must'

1170 3063 63 17 nave
1245 3055 62 24 been
1326 3054 57 24 well

1244 3094 15 14 #
1338 3093 15 14 #
1432 3093 15 14 #
1528 3091 15 15 #
1628 3091 15 14 #

1204 3131 54 24 The
1285 3130 113 31 Railway
1430 3128 203 26 Commissioners
1668 3136 41 17 are

1171 3168 101 31 making
1284 3176 15 16 a
1310 3168 127 30 desperate
1449 3166 73 26 effort
1538 3168 27 23 to
1583 3168 43 22 cut
1637 3166 71 24 down

1169 3206 108 31 working
1289 3213 127 24 expenses,
1429 3204 62 26 with
1519 3204 68 25 what
1611 3211 98 18 success

1170 3245 109 25 remains
1296 3245 27 24 to
1345 3244 31 24 be
1399 3251 67 17 seen.
1502 3243 53 25 The
1577 3240 131 34 workshop

1170 3282 126 32 employes
1314 3281 154 32 throughout
1480 3281 44 24 the
1546 3282 89 30 colony
1646 3281 64 24 have

1169 3323 64 24 been
1255 3324 45 29 put
1328 3329 33 18 on
1385 3320 78 26 short'
1477 3321 69 28 time,
1567 3317 42 28 old
1629 3321 80 24 hands

1169 3362 64 25 have
1241 3362 64 25 been
1327 3361 209 32 superannuated,
1560 3360 51 25 and
1632 3368 78 24 many

1169 3401 57 25 able
1237 3401 103 25 officials
1363 3401 63 23 have
1453 3400 62 24 been
1572 3400 107 24 shunted

1169 3441 148 31 altogether.
1352 3439 53 25 The
1412 3439 112 31 Railway
1533 3438 173 25 Commission-

1170 3486 38 17 ers
1219 3479 114 24 estimate
1345 3485 15 17 a
1367 3502 4 15 (
1372 3477 88 31 saving
1472 3477 27 25 of
1509 3477 89 25 £4000
1612 3484 16 17 a
1639 3484 68 23 year.

1169 3516 103 31 Having
1282 3516 89 31 regard
1381 3512 25 28 to
1429 3515 52 24 the-
1494 3522 122 24 sweeping
1639 3514 70 24 char-

1170 3557 67 23 acter
1247 3555 27 24 of
1284 3555 43 23 the
1338 3554 117 30 changes,
1475 3554 146 30 amounting
1645 3556 26 22 to
1694 3561 16 17 a

1163 3592 202 31 'reorganisation
1376 3590 28 24 of
1412 3590 44 25 the
1466 3591 102 31 system,
1579 3597 37 18 we
1622 3597 86 24 'grave-
1713 3592 4 9 ;

1163 3631 32 32 jly
1207 3632 73 23 doubt
1292 3630 111 25 whether
1414 3630 44 24 the
1471 3629 88 31 saving
1570 3629 28 24 of
1621 3629 87 24 £4000

1163 3676 3 15 i
1170 3676 16 17 a
1196 3676 67 24 year,
1275 3667 22 25 if
1306 3668 112 28 effected,
1431 3667 49 24 will
1501 3667 28 24 be
1541 3668 178 23 commensur-'

1163 3711 53 29 ;atej
1228 3707 62 26 with
1318 3707 44 24 the
1389 3706 110 25 sacrifice
1527 3705 26 25 of
1574 3705 134 31 efficiency.

1163 3759 2 9 •
1171 3749 85 24 £4000
1268 3755 15 16 a
1293 3754 60 24 year
1364 3747 22 23 is
1398 3754 13 16 a
1423 3753 66 17 mere
1506 3744 112 26 flea-bite
1629 3745 27 24 in
1666 3747 44 23 the

1163 3795 1 6 •
1171 3785 161 32 expenditure
1343 3784 27 24 of
1385 3792 15 16 a
1417 3783 110 32 gigantic
1546 3782 164 32 undertaking

1163 3839 1 12 i
1172 3825 47 23 like
1231 3825 44 23 the
1288 3823 173 25 Government
1477 3822 134 31 Railways.

1174 3965 170 26 ARTHUR'S
1382 3963 86 26 PASS
1504 3964 69 25 AND
1608 3964 105 24 OTIRA

1372 4001 134 26 GORGE.

1207 4079 25 23 It
1243 4078 22 24 is
1277 4079 56 29 past
1352 4084 68 17 noon
1432 4085 33 15 on
1478 4085 14 15 a
1504 4075 122 25 beautiful
1647 4076 66 24 clear

1175 4119 48 30 day
1234 4117 51 24 and
1307 4124 72 23 every
1402 4114 90 26 breatE
1519 4115 70 29 one^
1589 4116 79 25 draws
1690 4116 22 25 is

1176 4158 66 24 most
1275 4163 61 24 pure
1369 4156 50 23 and
1452 4154 172 32 exhilarating.
1659 4155 54 24 The

1176 4196 38 23 air
1225 4201 80 18 seems
1317 4194 75 24 sweet
1403 4201 28 16 as
1441 4193 22 24 if
1472 4193 20 24 it
1503 4192 51 25 bad
1574 4194 61 23 been
1646 4193 67 31 puri-

1176 4231 50 26 fied
1236 4231 33 30 by
1280 4231 40 23 the
1332 4230 42 24 aid
1385 4229 27 26 of
1423 4229 42 25 the
1479 4230 131 25 mountain
1621 4237 91 18 snows.

1178 4271 65 24 How
1256 4270 38 24 far
1306 4277 42 17 are
1359 4277 37 17 we
1407 4276 58 18 now
1475 4269 127 30 from^the
1625 4270 42 23 toD
1669 4290 17 9 VJ
1689 4269 26 25 of

1178 4311 43 26 the
1237 4309 76 25 Pass?
1336 4308 76 26 about
1434 4308 57 25 half
1511 4316 15 16 a
1548 4308 69 25 mile.
1654 4308 61 33 Stay

1178 4348 50 26 and
1239 4347 56 32 give
1306 4346 44 26 the
1361 4348 84 23 horses
1458 4354 15 17 a
1484 4346 64 25 blow
1567 4346 37 24 for
1624 4346 21 25 it
1656 4347 22 24 is
1701 4355 14 15 a

1178 4388 60 29 long
1249 4385 54 31 pull
1313 4393 34 23 up
1358 4384 65 25 from
1440 4385 42 24 the
1505 4384 92 31 Bealey
1620 4384 93 31 bridge.

1275 4424 43 24 the
1337 4424 86 24 horses
1445 4425 42 29 get
1504 4423 66 26 their
1592 4424 66 24 wind
1680 4432 35 17 we

1737 169 51 26 will
1799 171 72 32 enjoy
1883 172 44 25 the
1939 172 68 25 view.
2042 172 62 26 Now
2115 172 58 26 look
2183 174 29 24 in
2231 174 45 25 the

1738 209 121 26 direction
1869 211 65 25 from
1946 212 99 25 whence
2056 220 38 17 we
2102 220 77 18 came.
2196 213 80 26 There

1737 249 23 25 is
1772 249 43 25 the
1833 251 180 25 Waimakariri
2029 259 70 24 away
2121 252 28 25 in
2171 252 45 26 the
2238 252 40 26 far

1737 288 120 29 distance,
1866 290 50 23 and
1928 291 43 23 the
1980 291 92 31 Bealey
2083 292 110 30 winding
2204 292 73 25 down

1739 329 25 23 to
1775 327 30 26 it.
1839 328 55 25 The
1905 328 64 25 hills'
1976 336 34 18 on
2030 331 61 23 each
2113 329 52 26 side
2182 331 31 24 'of
2235 331 42 24 the

1738 366 91 33 Bealey
1841 367 64 26 have
1925 366 66 27 their
2008 368 72 25 bases
2103 369 103 24 covered
2220 369 58 25 with

1739 410 98 30 timber,
1850 411 51 25 and
1913 411 43 26 the
1968 413 56 31 tops
2036 412 63 25 with
2109 420 77 25 green
2198 421 79 18 moss-

1739 458 33 22 es,
1785 451 74 25 lillies
1868 451 50 24 and
1926 459 105 23 grasses.
2067 453 53 24 The
2131 454 43 30 top
2182 453 98 32 valleys,

1738 487 70 25 filled
1819 489 61 24 with
1902 496 68 17 snow
1980 493 9 20 ':
2009 490 50 23 and
2082 492 45 22 out
2149 491 26 24 of
2197 492 80 28 these,

1738 535 137 18 numerous
1887 528 124 31 cascades,
2025 536 71 17 come
2109 529 99 32 leaping
2220 538 60 17 over

1737 567 56 25 into
1803 567 63 25 dark
1877 567 98 26 chasms
1987 564 117 29 beneath'.
2140 570 70 23 Turn
2227 570 51 24 and

1738 606 57 24 look
1806 606 44 25 the
1861 607 73 25 other
1944 615 63 24 way,
2020 607 73 26 while
2113 616 37 17 we
2172 609 68 24 walk
2251 611 27 24 to

1739 646 42 25 the
1793 647 43 32 top
1848 646 28 26 of
1896 646 44 26 the
1951 654 66 25 pass.
2052 647 100 26 Behind
2163 656 36 17 we
2210 647 70 27 leave

1739 686 44 25 the
1793 686 61 25 dark
1864 687 70 25 birch
1946 688 71 29 traes,
2029 695 59 18 now
2099 688 35 25 all
2146 687 83 26 before
2250 696 28 17 us

1739 726 45 24 has
1801 733 16 17 a
1839 726 115 24 different
1977 734 160 23 appearance,
2162 735 33 17 on
2217 728 62 24 each

1740 762 52 25 side
1803 763 27 25 of
1839 764 43 24 the
1892 764 62 24 road
1965 771 41 17 are
2018 764 59 25 beds
2089 764 27 25 of
2125 764 44 25 the
2177 766 101 23 mount-

1739 802 40 24 ain
1791 802 53 32 lily.
1879 802 46 26 We
1944 804 82 24 arrive
2054 805 26 23 at
2109 804 44 24 the
2181 806 43 29 top
2253 804 27 25 of

1739 839 116 25 Arthur's
1866 839 71 26 Pass.
1974 840 52 25 The
2038 840 62 26 view
2110 840 22 25 is
2155 849 76 18 never
2253 842 27 25 to

1739 876 30 25 be
1787 877 133 31 forgotten,
1948 877 48 27 the.
2020 880 70 29 great
2118 877 60 27 hills
2206 879 74 25 tower

1739 914 76 26 above
1826 922 31 18 us
1868 922 34 18 on
1925 916 61 24 each
2009 915 62 30 side,
2094 917 26 24 to
2144 917 44 24 the
2210 917 70 31 right

1738 952 69 25 hand
1819 952 51 25 and
1881 954 26 24 to
1919 953 44 25 the
1974 953 55 25 left.
2065 954 53 24 The
2130 962 48 18 one
2189 962 37 18 we
2238 962 42 18 are

1738 990 103 32 looking
1852 998 33 24 up
1902 992 27 23 at
1952 999 34 16 on
2009 999 45 16 our
2075 991 47 25 left
2143 992 23 24 is
2189 992 91 24 Mount

1739 1030 139 24 Rolleston.
1913 1030 61 24 This
1986 1030 82 32 lovely
2080 1031 37 24 bit
2129 1032 27 24 of
2176 1035 102 21 mount-

1740 1068 43 25 ain
1796 1075 103 26 scenery
1909 1068 75 25 holds
2004 1076 31 18 us
2057 1069 136 25 entranced
2201 1077 6 23 ;
2236 1070 44 25 the

1739 1116 69 16 more
1819 1116 38 17 we
1867 1108 58 25 look
1937 1110 26 23 at
1974 1108 29 29 it,
2016 1109 44 24 the
2075 1117 70 17 more
2167 1110 113 30 pleasure

1738 1155 37 17 we
1786 1147 54 24 find
1852 1147 28 24 in
1892 1147 42 24 the
1946 1147 115 32 majestic
2072 1148 93 32 beauty
2188 1148 27 25 of
2236 1149 44 25 the

1739 1194 81 24 scene.
1855 1187 54 24 The
1922 1188 132 23 mountain
2071 1195 81 18 seems
2163 1196 28 17 so
2213 1188 67 25 close

1738 1226 25 23 to
1775 1232 39 22 us,
1830 1232 34 17 we
1876 1225 93 24 almost
1986 1224 48 26 feel
2057 1233 28 17 as
2107 1225 20 24 if
2148 1234 38 17 we
2209 1225 70 26 could

1739 1264 77 24 touch
1828 1264 20 24 it
1866 1264 60 24 with
1949 1272 47 16 our
2017 1265 76 24 hand.
2129 1265 53 24 The
2204 1265 76 26 whit9

1737 1301 84 25 reliefs
1833 1301 28 25 of
1869 1301 44 25 the
1925 1302 104 31 glaciers
2041 1302 51 25 and
2102 1303 45 25 the
2158 1303 84 25 cobalt
2254 1305 26 23 of

1737 1341 44 24 the
1793 1340 52 32 sky,
1858 1340 74 25 make
1943 1341 45 25 the
2004 1342 90 31 jagged
2115 1342 125 31 pinnicles
2252 1343 28 25 of

1738 1380 43 24 the
1793 1379 72 25 rocks
1877 1380 75 24 stand
1963 1382 45 22 out
2024 1380 63 25 with
2109 1383 71 29 great
2202 1382 78 24 clear-

1739 1427 66 17 ness.
1842 1419 48 25 Oh!
1908 1420 58 24 how
1991 1428 37 17 we
2056 1420 91 25 should
2174 1421 51 25 like
2253 1423 27 23 to

1737 1457 75 25 climb
1824 1465 77 24 away,
1912 1465 79 24 away,
2001 1465 34 25 up
2046 1458 72 24 there
2129 1460 148 31 everything

1736 1497 71 25 looks
1819 1505 27 17 so
1857 1505 70 23 pure.
1963 1498 79 31 Away
2053 1499 27 23 in
2092 1498 68 26 front
2171 1499 27 25 of
2208 1506 28 18 us
2253 1500 23 24 is

1737 1536 42 23 the
1789 1535 39 25 far
1840 1535 83 25 famed
1941 1535 72 26 Otira
2036 1536 89 32 Gorge,
2150 1536 26 25 of
2198 1536 81 26 which

1736 1583 36 16 we
1781 1583 48 16 can
1841 1575 87 24 obtain
1939 1583 16 16 a
1977 1575 80 25 better
2086 1576 62 25 view
2176 1584 16 17 a
2214 1576 65 25 little

1736 1614 96 25 farther
1852 1622 42 17 on.
1930 1613 33 27 So
1986 1622 38 17 we
2040 1614 109 25 descend
2171 1622 15 17 a
2209 1615 70 26 short

1738 1651 112 26 distance
1861 1660 6 21 ;
1879 1652 46 25 but
1936 1652 66 25 what
2024 1661 15 15 a
2062 1653 95 31 change
2179 1653 28 24 in
2235 1653 44 24 the

1737 1691 90 31 foliage
1840 1702 6 20 ;
1859 1693 46 24 not
1916 1700 15 16 a
1942 1691 72 25 birch
2026 1695 52 22 tree
2094 1694 27 23 to
2132 1692 30 25 be
2174 1700 59 17 seen
2244 1693 34 24 all

1737 1737 55 17 new
1804 1729 99 25 timber,
1916 1731 63 23 most
1989 1730 25 24 of
2026 1731 44 23 the
2081 1732 65 23 trees
2155 1738 41 16 are
2203 1738 76 18 never

1737 1776 59 18 seen
1808 1777 32 16 on
1852 1769 43 25 the
1906 1771 99 23 eastern
2017 1769 52 25 side
2080 1769 28 25 of
2127 1769 44 25 the
2193 1778 83 23 range.

1740 1806 53 24 The
1805 1814 47 17 one
1864 1806 71 31 thing
1947 1808 55 23 that
2014 1807 89 25 strikes
2114 1815 56 24 you,
2188 1807 58 25 how
2256 1808 22 24 is

1739 1843 52 24 this
1803 1844 70 30 great
1897 1844 95 30 change
2014 1844 26 23 in
2062 1844 44 24 the
2130 1844 146 31 vegetation.

1737 1882 77 25 What
1824 1883 23 24 is
1869 1882 44 25 the
1930 1890 75 17 cause
2033 1883 28 24 of
2087 1883 21 24 it
2117 1885 10 23 ?
2155 1883 50 24 and
2234 1883 43 25 the

1737 1922 60 32 only
1809 1922 145 25 conclusion
1963 1930 52 24 you
2026 1923 81 26 arrive
2118 1924 36 30 at,
2177 1923 31 31 is,
2220 1923 58 26 that

1738 1961 41 23 the
1791 1962 101 23 western
1904 1960 52 25 side
1972 1961 47 24 has
2041 1961 44 24 the
2107 1969 79 17 warm
2209 1961 68 24 rains

1737 2001 51 23 and
1800 2000 79 25 winds
1890 2008 6 22 ;
1909 2001 75 24 while
1995 2001 42 24 the
2049 2002 94 23 eastern
2155 2002 55 30 gets
2233 2001 44 24 the

1737 2040 58 25 cold
1806 2040 80 25 winds
1899 2041 51 24 and
1962 2048 89 17 snows.
2086 2041 67 24 Here
2164 2041 44 24 the
2220 2040 58 25 mail

1737 2079 77 24 coach
1825 2079 90 30 passed
1925 2086 38 21 us,
1976 2079 21 25 it
2009 2086 70 17 came
2090 2087 35 23 up
2143 2081 45 23 out
2199 2079 27 24 of
2235 2079 43 24 the

1737 2123 75 24 gorge
1824 2123 28 17 as
1863 2116 22 23 if
1894 2116 32 31 by
1937 2116 82 31 magic
2029 2123 7 22 ;
2049 2117 20 23 it
2080 2116 52 24 had
2142 2117 46 23 nofc
2200 2116 77 30 wings

1737 2155 58 25 how
1805 2154 42 24 did
1858 2154 21 25 it
1891 2162 69 17 come
1969 2156 12 23 ?
1993 2155 38 24 for
2042 2162 37 18 we
2091 2154 74 25 could
2181 2162 42 17 see
2244 2162 34 16 no

1737 2194 70 24 road.
1842 2193 71 25 After
1923 2194 148 31 proceeding
2094 2202 15 15 a
2130 2194 73 28 little,
2228 2192 50 25 and

1739 2232 120 32 standing
1870 2236 26 20 at
1908 2232 43 24 the
1963 2232 61 31 edge
2036 2233 26 23 of
2084 2232 43 24 the
2145 2232 62 24 road
2228 2232 50 23 and

1738 2270 102 31 looking
1851 2269 73 25 down
1941 2269 54 25 into
2015 2269 44 25 the
2070 2277 73 24 gorge
2160 2269 116 30 beneath^

1738 2316 37 17 we
1788 2316 50 17 saw
1850 2316 16 15 a
1877 2309 97 30 cottage
1988 2307 106 33 directly
2104 2307 106 25 beneath
2232 2315 46 17 our

1736 2346 50 24 feet
1798 2352 27 18 as
1837 2345 21 24 it
1866 2352 73 18 were.
1975 2345 73 24 Then
2059 2353 37 16 we
2107 2353 67 16 came
2184 2347 28 23 to
2233 2345 45 25 the

1738 2384 147 26 conclusion
1897 2384 58 26 that
1965 2384 70 26 there
2057 2385 70 25 must
2138 2384 31 26 be
2181 2392 14 17 a
2217 2384 61 26 road

1737 2425 75 25 down
1824 2425 27 24 to
1871 2424 57 25 that
1950 2425 106 30 cottage,
2085 2424 46 25 but
2148 2432 36 18 we
2205 2424 73 25 could

1737 2464 44 23 not
1793 2462 43 25 tell
1848 2462 57 26 how
1916 2470 16 16 a
1949 2462 61 24 road
2021 2462 73 24 could
2116 2462 110 31 possibly
2247 2461 31 25 be

1737 2499 71 24 made
1826 2500 26 24 to
1864 2500 30 23 it.
1928 2499 53 24 But
1993 2501 26 22 at
2031 2500 48 23 last
2092 2507 35 16 we
2137 2499 74 24 made
2233 2500 45 23 out

1737 2546 14 15 a
1763 2538 53 24 sort
1828 2536 27 25 of
1886 2535 100 26 Jacob's
1995 2536 86 24 ladder
2092 2537 71 23 made
2175 2536 40 31 zig
2231 2543 47 24 zag

1736 2575 99 26 fashion
1846 2575 69 32 right
1928 2575 72 25 down
2012 2577 26 24 to
2050 2575 43 25 the
2104 2575 66 25 river
2189 2575 87 25 below.

1804 2724 31 26 W
1837 2724 115 25 AIMAK
1954 2724 109 26 ARIRI-
2066 2724 41 26 AS
2112 2724 73 25 HLE
2188 2724 21 25 Y

1872 2764 275 25 WATER-SUPPLY

1771 2845 22 26 A
1805 2845 110 32 meeting
1926 2845 26 26 o*
1963 2846 51 24 this
2027 2845 83 25 Board
2118 2853 51 17 was
2180 2845 59 25 held
2251 2847 26 24 at

1737 2889 42 25 the
1790 2889 125 32 Kangiora
1926 2889 71 25 Boad
2008 2889 81 25 Board
2109 2889 71 25 office
2200 2890 75 25 Tues-

1738 2933 55 29 day.
1848 2931 106 25 Present
1954 2945 33 4 —
1987 2931 94 24 Messrs
2123 2931 152 25 O'Halloran

1739 2968 163 34 (Chairman),
1937 2968 93 29 Dixon,
2065 2968 56 32 Hey
2122 2969 71 25 wood
2227 2969 50 25 and

1739 3010 153 25 Dickenson.
1910 3019 5 14 ;
1927 3010 93 26 Messrs
2061 3011 129 26 'Meredith
2227 3012 50 25 and

1739 3054 96 29 Buddo,
1860 3054 136 30 M.H.R.'s,
2009 3062 61 17 were
2082 3056 98 29 present
2192 3056 24 23 to
2228 3055 48 24 dis-

1738 3104 56 17 cuss
1806 3096 60 25 with
1879 3096 43 25 the
1943 3096 84 25 Board
2050 3097 42 24 tbe
2116 3098 114 30 question
2251 3098 27 24 of

1738 3138 130 33 obtaining
1879 3147 55 17 new
1944 3138 142 32 legislation
2098 3141 26 23 to
2137 3139 75 25 assist
2234 3139 43 25 the

1739 3182 92 24 Board.
1867 3182 42 24 Mr
1929 3182 124 24 Meredith
2082 3182 129 31 explained
2233 3182 44 24 the

1737 3225 112 31 position
1860 3224 27 25 of
1897 3227 102 22 matters
2018 3225 108 24 between
2140 3225 43 25 the
2194 3225 83 25 Board

1740 3268 50 25 and
1801 3268 44 25 the
1857 3268 171 25 Government
2041 3268 97 26 arrived
2149 3270 26 23 at
2187 3269 91 31 during

1738 3311 50 25 last
1799 3311 102 29 session,
1915 3311 49 25 and
1976 3310 53 26 said
2040 3311 34 25 he
2097 3311 73 25 could
2189 3313 87 30 expect

1738 3354 50 24 this
1801 3354 95 24 session
1908 3354 26 24 to
1954 3361 40 17 see
2002 3378 2 2 .
2023 3361 33 16 an
2080 3354 159 25 amendment
2251 3354 27 24 of

1738 3397 43 24 the
1793 3396 89 25 Duties
1903 3396 48 25 Act
1973 3396 88 32 passed
2078 3397 134 32 legalising
2234 3399 43 23 the

1738 3439 82 25 action
1832 3439 26 24 of
1877 3440 106 24 trustees
1994 3439 25 24 in
2032 3439 104 32 lending
2148 3447 91 25 money
2251 3443 27 21 to

1738 3483 43 24 the
1794 3482 89 25 Board.
1893 3504 4 3 .
1918 3483 40 24 He
1981 3483 136 34 suggested
2147 3483 56 24 that
2233 3483 44 24 the

1738 3526 81 23 Board
1832 3525 88 24 should
1981 3522 5 12 l
1986 3533 33 16 an
2028 3524 54 25 'Act
2094 3525 84 24 diawn
2190 3525 33 32 by
2232 3525 43 25 the

1738 3568 105 24 Board's
1880 3567 110 24 solicitor
2035 3567 153 32 embodying
2234 3568 44 24 the

1738 3610 170 23 amendments
1920 3609 44 23 the
1977 3609 83 24 Board
2068 3610 115 29 required
2195 3611 25 23 to
2234 3609 41 24 the

1740 3650 280 32 Waiinakariri-Ashley
2056 3651 85 24 Water
2183 3652 94 31 Supply

1740 3694 46 24 Act
1804 3695 64 23 1891
1882 3693 165 25 Amendment
2059 3693 47 25 Act
2126 3695 73 24 1892.
2235 3695 40 24 He

1739 3737 53 24 said
1805 3737 44 24 the
1860 3737 65 24 local
1937 3737 53 24 Bill
2001 3737 81 24 would
2094 3738 42 23 not
2147 3736 31 25 be
2201 3737 76 29 likely

1738 3780 27 24 to
1777 3781 53 23 cost
1842 3780 44 24 the
1904 3779 98 25 district
2022 3787 50 23 any
2092 3780 93 30 outlay.
2222 3780 53 24 The

1739 3823 51 23 Bill
1800 3822 89 24 woulds
1893 3822 121 31 probably
2028 3822 29 23 be
2069 3822 88 30 passed
2169 3823 27 23 in
2208 3824 70 29 eight

1739 3872 28 16 or
1778 3865 59 23 nine
1849 3863 89 25 weeks.
1973 3863 26 24 If
2008 3863 43 25 the
2063 3864 51 23 Bill
2133 3864 106 24 referred
2253 3867 25 21 to

1740 3914 48 16 was
1800 3905 82 25 drawn
1892 3905 32 32 by
1936 3905 91 25 Messrs
2045 3905 167 26 Garrick-and
2224 3907 53 28 Co;-,
2285 3919 3 4 •

1740 3949 49 24 and
1800 3949 107 31 printed,
1919 3949 21 24 it
1952 3949 74 24 could
2037 3949 247 32 be-fully-discussed-

1740 3993 26 22 at
1777 3991 44 24 the
1832 3992 60 23 next
1920 3992 119 30 meeting.
2074 3993 43 22 Mr
2145 3992 83 25 Dixon
2248 4001 30 16 an

1740 4033 139 30 discussing
1890 4033 42 24 the
1941 4034 115 29 question
2068 4034 39 24 of'
2116 4034 40 24 his
2168 4034 111 31 wbrkihg

1740 4074 60 25 with
1813 4075 41 24 the
1865 4075 92 28 Board,
1971 4076 53 23 said
2035 4076 56 24 that
2106 4076 23 24 if
2138 4076 150 26 his'ebunti'

1740 4126 27 23 ry
1779 4119 43 23 did
1832 4121 45 21 not
1889 4118 63 24 have
1964 4118 42 24 the
2019 4118 93 26 benefit
2124 4118 27 25 of
2177 4128 33 16 an
2222 4118 64 26 irri-

1740 4161 86 31 gation
1837 4161 64 24 from
1913 4161 115 24 Brown's'
2036 4161 126 25 Roeks-he
2170 4183 4 9 :
2188 4162 91 25 should

1743 4205 28 23 be
1781 4204 79 24 found
1870 4203 26 25 in
1908 4211 15 17 a
1941 4204 55 24 firm
2025 4205 108 30 position
2157 4205 27 25 of
2206 4205 73 33 being

1741 4246 165 31 antagonistic
1924 4250 26 20 to
1959 4246 43 24 the
2014 4245 92 26 Board.
2142 4247 41 24 He
2195 4248 54 24 said
2258 4248 21 24 if

1741 4289 16 23 h
1759 4289 193 32 jf^ate^jracej
1965 4286 120 37 wfyrejnbt
2096 4290 80 24 under
2188 4298 15 16 a
2214 4291 65 32 legal

1742 4333 81 24 status
1835 4332 32 24 he
1878 4332 42 24 did
1930 4333 46 24 not
1987 4331 43 25 aRk
2041 4332 38 25 for
2090 4333 29 30 it,
2133 4333 45 25 but
2190 4333 89 26 should

1743 4376 87 30 expect
1841 4375 44 24 the
1893 4374 84 25 Board
1988 4377 27 23 to
2027 4378 84 30 accept
2122 4376 40 25 his
2172 4385 68 16 races
2252 4385 15 16 a
2273 4387 7 15 i

1743 4425 16 18 a
1766 4425 92 27 seryjee
1868 4418 39 25 for
1919 4418 42 25 the
1973 4419 75 25 lower
2058 4420 54 31 part
2121 4419 28 26 of
2166 4420 41 24 the
2229 4420 49 25 dis-

2306 176 67 25 trict.
2407 177 54 26 The
2471 179 137 26 Chairman
2619 180 54 25 said
2683 182 42 23 Mr
2741 181 102 26 Gordon

2309 219 134 33 (Engineer
2466 222 27 25 of
2513 223 92 33 Mines)
2627 223 53 26 had
2702 224 58 33 only
2781 224 62 26 been

2306 261 136 27 instructed
2467 266 26 23 to
2509 267 84 30 report
2612 275 34 16 on
2669 267 44 24 the
2735 268 106 29 intakes,

2306 305 51 24 and
2363 308 45 21 not
2416 313 32 17 on
2455 306 41 24 Mr
2503 308 105 24 Dixon's
2619 309 112 29 services,
2746 310 95 24 aecord-

2306 346 43 31 ing
2360 348 26 24 to
2395 348 42 24 the
2455 348 162 26 instructions
2640 350 27 26 of
2686 351 44 25 the
2749 351 92 26 Board.

2306 390 33 23 In
2349 397 16 17 a
2376 390 139 26 discussion
2525 393 21 24 it
2558 400 49 17 was
2631 393 82 25 stated
2735 394 55 25 that
2812 396 28 24 at

2306 434 59 24 next
2374 434 111 32 meeting
2494 435 21 25 it
2523 443 52 18 was
2585 436 122 32 proposed
2715 438 27 24 to
2751 437 89 25 extend

2306 475 44 26 the
2361 476 96 27 district
2511 478 99 25 include
2622 479 117 32 Cooper's
2762 479 79 26 Creek

2306 520 26 23 at
2344 518 101 32 Oxford,
2458 521 50 23 and
2520 521 39 24 Mr
2567 521 83 25 Dixon
2660 529 50 17 was
2718 522 126 26 favorable

2307 563 26 23 to
2345 560 88 33 taking
2448 564 27 23 in
2497 564 57 30 part
2572 564 27 24 of
2619 564 106 32 Kaiapoi
2744 565 96 25 Island.

2307 604 51 24 The
2370 604 82 24 Board
2464 605 100 25 decided
2572 607 40 28 rto
2629 607 65 24 have
2705 615 15 16 a
2731 607 65 24 draft
2819 608 26 23 of

2307 646 44 25 the
2361 647 122 31 proposed
2506 647 51 26 Bill
2579 648 140 31 circulated;
2741 650 50 24 and
2801 649 44 25 the

2306 685 85 25 Board
2402 685 135 32 adjourned
2548 685 64 26 after
2624 694 69 17 some
2704 687 71 25 other
2798 688 47 25 dis-

2308 728 102 24 cussion
2421 729 40 23 till
2472 729 128 30 Thursday
2609 731 27 22 at
2646 729 101 25 Oxford.

2308 840 246 24 MAGISTRATES
2566 840 113 24 COURT
2697 841 147 23 OXFORD.

2301 950 3 2 .
2342 924 89 26 Before
2453 925 96 31 Bishop
2568 926 76 31 Esqr.
2666 926 32 25 R.
2722 926 45 29 M.,
2787 948 3 6 :
2797 926 49 24 and

2309 968 92 26 Messrs
2412 968 91 25 Parish
2514 968 49 26 and
2576 968 93 33 Whyte
2681 969 24 25 J.
2716 969 28 25 P.

2342 1008 84 32 Harry
2444 1008 117 32 Simpson
2582 1015 48 18 was
2648 1009 106 31 charged
2764 1009 79 24 under

2309 1051 43 25 the
2364 1051 165 31 Cumpulsory
2541 1051 90 26 Clause
2654 1051 27 26 of
2701 1051 143 26 Education

2310 1094 54 28 Act,
2376 1094 61 25 with
2448 1094 142 32 neglecting
2600 1096 26 24 to
2636 1095 62 25 send
2708 1095 41 25 his
2765 1095 78 25 child-

2308 1145 46 16 ren
2373 1138 27 24 to
2427 1137 99 26 School.
2561 1138 55 24 The
2641 1138 135 24 Chairman
2801 1145 42 24 ap-

2307 1179 90 31 peared
2408 1181 27 23 to
2446 1182 129 29 prosecute
2597 1180 50 24 and
2665 1188 30 16 an
2708 1180 72 25 order
2791 1188 50 18 was

2307 1222 73 25 made
2389 1223 96 32 against
2494 1222 149 26 Defendent.

2341 1267 107 24 Thomas
2467 1266 119 31 Lynskey
2609 1275 24 16 v.
2656 1267 56 24 Pat.
2737 1267 107 24 Golden.

2308 1309 81 25 Claim
2401 1309 38 24 £3
2451 1310 30 24 8s
2492 1309 34 26 6d
2536 1309 154 31 Judgement
2699 1309 31 31 by
2739 1309 102 26 default.

2340 1351 42 26 W.
2399 1352 83 24 Munn
2509 1360 25 16 v.
2557 1352 25 24 J.
2606 1352 141 31 M'Carthy,
2768 1352 75 26 Claim

2308 1394 37 24 £1
2359 1395 28 23 5s
2399 1394 151 31 Judgement
2561 1394 33 31 by
2606 1394 103 24 default.

2342 1436 38 27 W,
2394 1437 80 25 Munn
2491 1445 25 17 v.
2543 1437 96 32 George
2651 1437 65 30 Nell,
2734 1437 113 25 Plaintiff

2306 1479 52 26 had
2374 1480 109 25 received
2506 1481 31 31 by
2560 1481 92 31 cheque
2674 1480 45 25 the
2737 1482 106 23 amount

2307 1523 106 25 claimed
2435 1523 49 25 less
2513 1523 44 25 the
2585 1531 128 23 expenses.
2749 1523 94 31 Judge-

2307 1567 70 23 ment
2385 1566 37 24 for
2435 1573 119 24 expenses
2563 1567 33 23 £1
2607 1567 37 23 2s.

2336 1609 30 25 F.
2379 1608 30 26 A.
2422 1608 148 27 Waterman
2579 1617 24 18 v.
2618 1608 110 26 Herbert
2747 1609 89 25 Brown

2308 1653 134 25 Summons
2451 1655 45 23 not
2506 1653 95 31 having
2606 1653 64 24 been
2677 1653 86 24 served
2772 1653 71 24 three

2305 1696 67 25 clear
2381 1696 61 31 days
2451 1696 83 25 before
2543 1697 110 31 hearing,
2667 1696 49 25 His
2726 1695 118 31 Worship

2306 1738 49 25 had
2362 1746 32 17 no
2405 1746 86 24 power
2503 1740 26 24 to
2540 1738 56 25 deal
2606 1738 62 25 with
2678 1738 44 25 the
2729 1746 64 17 case.

2340 1782 66 25 John
2418 1782 89 24 Fisher
2514 1790 28 17 v.
2554 1782 40 25 W.
2607 1782 25 24 J.
2653 1782 85 29 Jones,
2763 1781 81 25 Claim

2307 1824 37 24 £3
2357 1826 28 22 Is
2402 1823 141 25 Defendent
2554 1824 92 24 offered
2657 1823 52 25 Ten
2724 1823 119 31 Shillings

2305 1873 16 17 a
2331 1866 66 25 week
2408 1865 83 25 which
2502 1865 112 25 Plaintiff
2624 1865 106 30 refused,
2748 1865 93 31 Judge-

2306 1916 72 17 mens
2389 1909 38 25 for
2438 1908 121 25 Plaintiff.

2340 1952 54 25 The
2416 1952 77 25 Court
2516 1952 60 25 then
2603 1951 137 32 adjourned
2762 1951 41 25 for
2830 1959 16 16 a

2307 1996 98 24 month.

2305 2169 192 59 LOCAL
2532 2169 3 59 and
2570 2169 270 57 GENERAL

2338 2251 137 25 Football.
2479 2265 31 3 —
2511 2251 22 24 A
2545 2249 115 26 Football
2671 2250 88 24 Match
2782 2249 59 24 Am-

2305 2294 81 32 berley
2396 2302 17 17 v
2425 2293 93 26 Oxford
2529 2301 50 18 was
2590 2293 89 33 played
2686 2293 28 24 in
2726 2291 48 26 the'
2777 2292 66 25 Park

2303 2335 50 24 last
2366 2333 123 32 Saturday
2501 2333 51 25 and
2562 2333 62 24 after
2635 2341 16 16 a
2660 2340 59 24 very
2727 2333 114 24 interest-

2303 2377 45 30 ing
2359 2383 73 25 game
2444 2375 109 25 resulted
2563 2376 27 23 in
2602 2383 16 17 a
2628 2375 51 25 win
2700 2374 39 25 for
2748 2374 95 25 Oxford

2304 2420 34 33 by
2347 2419 31 25 IB
2390 2420 83 31 points
2481 2422 25 21 to
2515 2418 46 25 nil.
2596 2418 41 25 Mr
2648 2418 24 24 J.
2682 2418 102 32 Hooper
2790 2420 51 23 act-

2305 2463 31 24 ed
2352 2470 28 17 as
2392 2462 93 26 referee
2496 2462 51 25 and
2557 2461 21 26 it
2586 2462 22 25 is
2618 2461 114 26 needless
2752 2463 26 24 to
2797 2469 45 24 say

2304 2505 137 31 performed
2470 2505 56 23 that
2547 2504 62 31 duty
2623 2505 26 22 in
2661 2512 15 15 a
2687 2512 60 22 very
2769 2505 72 22 satis-

2303 2547 96 32 factory
2419 2554 112 17 manner.
2566 2546 132 31 Amberley
2719 2553 57 17 won
2797 2546 44 23 the

2303 2592 53 24 toss
2368 2589 50 26 and
2428 2588 103 26 decided
2542 2590 26 23 to
2587 2588 89 25 defend
2699 2588 44 25 the
2766 2588 75 25 south

2303 2634 66 31 goal.
2387 2634 53 23 The
2448 2633 57 23 kick
2514 2632 36 25 off
2554 2632 33 31 by
2597 2631 93 25 Oxford
2696 2639 51 17 was
2756 2631 84 30 quick-

2303 2676 27 32 ly
2346 2675 114 25 followed
2479 2682 35 24 up
2530 2674 33 31 by
2581 2674 67 24 their
2655 2674 118 24 forwards
2790 2673 51 24 and

2305 2726 61 17 soon
2373 2717 87 33 placed
2471 2718 44 24 the
2526 2717 98 26 visitors
2636 2724 34 17 on
2691 2716 44 25 the
2756 2715 83 25 defen-

2305 2762 60 28 sive,
2377 2761 49 26 and
2437 2770 14 15 a
2472 2761 37 25 lot
2531 2761 28 24 of
2584 2759 184 32 scrummaging
2790 2758 51 25 and

2304 2806 65 24 close
2387 2804 59 31 play
2473 2803 60 25 took
2560 2804 70 30 place
2657 2802 29 25 in
2709 2802 132 31 Amberley

2304 2846 162 33 twenty-five.
2500 2846 76 24 From
2588 2853 15 16 a
2609 2844 55 25 heel
2672 2846 44 22 out
2722 2844 28 25 of
2756 2851 84 18 scrum

2303 2890 26 25 J.
2349 2889 175 27 Summerfield
2552 2891 42 30 got
2622 2889 140 31 possession
2790 2887 51 25 and

2305 2933 103 30 cleverly
2417 2933 107 29 evading
2538 2932 41 23 his
2595 2933 140 29 opponents
2745 2930 93 25 scored.

2305 2975 28 26 0.
2345 2974 118 32 Aldridge
2474 2974 60 24 took
2545 2975 42 22 the
2599 2973 57 24 kick
2668 2973 51 24 and
2726 2971 88 32 placed
2825 2979 16 17 a

2303 3019 60 24 neat
2371 3018 57 31 goal
2440 3017 45 25 but
2496 3023 51 19 was
2561 3015 145 26 disallowed
2729 3015 9 32 (
2749 3015 92 24 Oxford

2305 3063 15 22 3
2333 3061 130 30 Amberley
2474 3060 38 24 nil
2520 3060 12 32 )
2567 3058 77 25 From
2655 3058 45 25 the
2695 3056 7 11 7
2716 3058 61 30 drop
2797 3059 44 23 out

2305 3103 43 25 the
2359 3103 52 24 ball
2434 3109 50 17 was
2510 3103 57 23 sent
2584 3102 57 24 well
2651 3102 55 23 into
2723 3100 44 24 the
2778 3100 63 24 local

2305 3145 151 32 twenty-five
2465 3146 45 23 but
2517 3152 51 17 was
2576 3142 225 33 quickly-returned
2809 3143 33 30 by
2851 3163 2 3 .

2305 3189 33 24 D.
2352 3189 49 24 Me.
2413 3187 89 25 Grath.
2521 3187 52 24 The
2582 3185 132 32 Amberley
2724 3185 117 24 forwards

2305 3233 59 24 here
2375 3233 43 30 got
2430 3239 33 23 up
2475 3239 16 16 a
2502 3229 126 33 dribbling
2638 3229 62 24 rush
2722 3229 51 24 and
2783 3227 59 26 took

2305 3277 42 24 the
2355 3274 54 26 ball
2420 3274 54 25 into
2486 3273 130 30 mid-field,
2628 3272 82 26 where
2722 3272 30 24 T.
2764 3272 78 26 Harle

2305 3321 43 29 got
2368 3317 141 33 possession
2526 3317 50 25 and
2588 3316 86 32 passed
2702 3317 26 24 to
2749 3316 31 24 G.
2799 3315 42 25 Al-

2305 3361 85 31 dridge
2402 3361 56 24 who
2470 3360 58 25 took
2536 3360 41 24 the
2587 3359 96 24 leather
2689 3357 64 26 back
2764 3360 26 23 to
2799 3359 43 24 the

2305 3406 99 24 visitors
2430 3406 92 30 twenty
2524 3403 66 29 -five,
2623 3402 60 26 then
2706 3402 89 32 passed
2816 3403 27 24 to

2307 3447 78 25 Sirett
2396 3446 56 25 who
2464 3446 99 25 crossed
2575 3446 43 24 the
2630 3445 51 24 line
2689 3446 49 23 and
2750 3445 91 24 scored.

2307 3489 52 25 The
2373 3489 57 25 shot
2441 3491 27 23 at
2479 3489 56 31 goal
2555 3488 75 24 failed
2642 3489 25 23 to
2678 3488 111 24 increase
2799 3488 44 24 the

2306 3540 75 16 score.
2434 3531 113 33 (Oxford
2576 3533 40 29 (3/
2620 3531 133 31 Amberley
2780 3531 62 33 nil.)

2306 3575 70 23 After
2388 3575 40 23 the
2435 3575 61 29 drop
2508 3577 45 21 out
2561 3583 14 15 a
2584 3574 36 24 lot
2627 3574 27 24 of
2660 3574 184 31 scrummaging

2306 3617 58 24 took
2373 3618 69 28 place
2453 3616 26 23 in
2500 3616 45 24 tbe
2556 3616 98 24 visitors
2672 3616 115 31 territory
2798 3616 46 23 but

2305 3667 34 17 no
2350 3658 98 25 further
2459 3658 98 32 scoring
2576 3658 110 25 resulted
2713 3658 50 24 and
2790 3658 57 24 half

2378 3703 48 23 Wafe
2439 3701 81 25 called
2533 3701 58 23 with
2603 3701 44 23 the
2649 3708 3 5 1
2667 3701 52 25 ball
2737 3700 57 26 well
2816 3700 39 24 in:

2307 3745 130 30 Amberley
2460 3746 91 29 twenty
2553 3744 67 25 -five.
2655 3744 40 24 On
2708 3744 136 34 .resuming

2305 3787 57 32 play
2386 3787 42 24 the
2453 3786 58 25 kick
2534 3787 37 25 off
2590 3788 33 30 by
2639 3786 132 32 Amberley
2793 3794 51 18 was

2305 3830 101 31 quickly
2425 3830 118 24 returned
2562 3829 33 32 by
2607 3829 41 26 C
2666 3829 117 31 Aldridge
2794 3830 50 23 and

2306 3869 43 24 the
2360 3868 64 24 local
2444 3868 120 24 forwards
2587 3876 93 22 among
2701 3868 82 24 whom
2803 3869 41 23 Me

2306 3910 81 26 Grath
2396 3911 24 29 2,
2435 3909 178 27 Summerfield
2623 3910 51 25 and
2688 3910 73 32 Syret
2780 3918 64 18 were

2305 3957 143 28 IDvommcnt
2460 3954 57 24 took
2540 3954 42 24 the
2599 3954 50 24 ball
2660 3954 57 24 will
2738 3954 54 24 into
2804 3955 40 23 the

2305 3997 101 24 visitors
2417 3998 114 29 quarters
2543 4004 16 16 a
2569 3996 37 24 lot
2616 3996 29 24 of
2662 3997 184 32 scrummaging

2307 4041 56 22 here
2375 4038 59 24 took
2450 4039 69 30 place
2547 4036 51 26 and
2621 4036 104 26 Cleaver
2747 4039 99 32 getting

2305 4080 141 31 possession
2457 4079 65 26 from
2536 4088 16 16 a
2567 4079 58 25 heel
2637 4082 44 23 out
2708 4083 88 28 passed
2819 4083 27 24 to

2306 4123 32 24 G.
2351 4123 119 31 Aldridge
2481 4123 56 24 who
2664 4124 43 24 the
2731 4124 52 25 line
2795 4125 51 24 and

2307 4166 92 29 scored,
2412 4165 44 24 the
2468 4165 100 31 captain
2579 4165 60 25 took
2651 4166 44 24 the
2712 4166 66 32 kick,
2801 4168 45 24 but

2306 4210 63 24 frotn
2382 4208 43 24 the
2436 4208 104 25 difficult
2552 4209 75 31 angle
2649 4209 76 25 failed
2753 4213 26 23 to
2807 4211 38 25 in-

2306 4258 82 18 crease
2401 4251 43 24 the
2460 4257 70 18 score
2559 4250 114 34 (Oxford
2684 4253 16 24 9
2713 4253 131 33 Amberley

2307 4293 61 32 nil.)
2414 4292 133 33 Amberley
2558 4293 60 25 here
2631 4295 102 25 'worked
2746 4296 63 25 haid
2820 4299 27 24 to
2852 4310 6 13 -.

2307 4336 103 26 retrieve
2422 4336 64 25 their
2505 4335 50 27 lost
2566 4336 100 27 fortune
2678 4339 50 24 and
2750 4341 98 32 getting

2307 4388 36 24 up
2353 4387 18 20 a.
2380 4379 126 33 dribbling
2517 4380 61 25 rush
2589 4389 64 17 were
2673 4382 60 33 only
2745 4385 103 32 stopped

2308 4423 31 30 by
2348 4422 33 24 D.
2394 4422 50 25 Me.
2458 4422 80 25 Grath
2550 4424 69 24 when
2632 4424 85 26 within
2730 4435 31 16 an
2771 4436 43 17 act
2823 4429 28 24 of

2876 189 105 32 sco-ing.
3015 191 78 25 From
3104 198 16 17 a
3130 191 52 25 line
3193 193 45 24 out
3247 191 25 25 J.
3284 193 78 25 Harle
3371 195 44 30 got

2874 232 142 29 possession
3027 233 49 24 and
3087 233 33 31 by
3132 241 16 17 a
3158 234 61 32 long
3236 242 49 17 run
3308 235 108 26 relieved

2867 287 2 7 ;
2877 270 92 26 Oxford
2981 272 48 24 and
3041 273 100 24 crossed
3152 275 43 24 out
3207 273 28 26 of
3242 275 74 25 touch
3327 275 28 25 in
3374 276 44 25 the

2881 314 101 24 visitors
3001 316 162 30 twenty-five.
3210 317 40 24 On
3261 318 44 23 the
3315 318 52 24 ball
3379 319 42 24 be-

2873 355 46 31 ing
2930 355 108 33 brought
3048 357 55 25 into
3114 358 66 32 play,
3210 358 138 33 Amberley
3369 362 45 29 got

2875 398 140 30 possession
3026 398 45 26 but
3083 408 61 18 were
3156 402 112 31 stopped,
3289 402 48 26 and
3349 412 16 16 a
3375 403 39 26 lot;

2875 441 26 25 of
2913 443 184 32 scrummaging
3108 444 59 26 took
3177 445 71 32 place
3259 447 77 24 under
3346 447 68 25 their

2875 485 63 30 goal,
2948 485 66 25 from
3033 494 15 17 a
3056 487 56 24 heel
3123 489 44 23 out
3184 489 28 24 of
3221 497 84 17 scrum
3317 489 100 26 Gorton

2878 528 43 29 got
2928 527 44 24 the
2977 527 52 25 ball
3040 529 51 24 and
3099 530 89 30 passed
3196 532 26 24 to
3231 532 30 24 T.
3271 532 80 25 Harle
3358 534 59 24 who

2876 570 86 30 potted
2973 579 16 16 a
2999 577 60 20 neat
3070 573 65 31 goal.
3149 573 10 32 (
3169 574 93 25 Oxford
3271 574 31 25 13
3311 576 107 26 Amber-

2876 613 40 31 ley
2928 613 37 24 nil
2974 614 9 31 )
3019 614 22 23 A
3057 614 35 25 lot
3104 615 28 24 of
3149 616 56 31 give
3228 617 50 24 and
3289 618 58 24 take
3357 619 60 32 play

2878 663 56 17 now
2947 656 56 24 took
3012 657 71 31 place
3091 658 49 25 but
3148 665 34 19 no
3193 659 97 25 further
3302 661 100 31 scoring
3410 669 8 22 ;

2878 697 52 25 and
2941 699 62 25 time
3015 708 50 17 was
3076 701 81 25 called
3168 702 62 25 with
3246 703 43 24 the
3300 703 53 26 ball
3363 704 58 25 well

2880 740 28 24 in
2920 741 43 23 the
2974 742 100 24 visitors
3090 744 163 31 twenty-five.
3288 746 23 23 A
3329 746 92 25 dinner

2878 790 52 17 was
2946 783 115 31 provided
3072 784 39 25 for
3127 785 44 24 the
3198 786 99 26 visitors
3324 788 29 24 in
3375 789 44 25 the

2880 824 95 26 Oxford
2984 826 85 31 Hotel,
3081 828 63 25 after
3158 830 134 31 partaking
3300 831 29 25 of
3334 831 86 27 which

2879 868 55 30 they
2946 869 117 24 returned
3081 870 76 24 home
3184 871 32 32 by
3243 872 58 24 the-
3310 874 111 32 evening

2878 910 64 24 train
2966 910 153 34 thoroughly
3130 914 136 25 convineed
3294 915 57 26 that
3371 917 50 25 the.

2879 953 93 25 Gxford
2983 953 60 33 toys
3062 963 65 17 were
3138 957 124 33 thorough
3272 958 145 28 footballers

2877 997 51 23 and
2934 997 64 31 jolly
3009 998 64 30 good
3080 998 102 27 fellows.

2921 1068 72 24 Bano
3021 1077 30 17 of
3079 1070 117 25 Hope.—
3197 1072 52 25 The
3266 1073 151 34 fortnightly

2876 1112 112 31 meeting
3015 1113 26 24 of
3064 1113 45 25 the
3131 1115 138 26 Methodist
3291 1117 74 26 Band
3387 1120 26 23 of

2876 1153 81 32 Hope,
2979 1163 50 16 was
3041 1156 60 25 held
3111 1157 28 25 in
3162 1158 43 25 the
3229 1159 70 26 West
3322 1161 92 25 Oxford

2877 1196 101 25 Church
2989 1206 33 17 on
3034 1199 110 33 Monday
3155 1202 103 31 evening
3265 1204 57 24 last.
3358 1205 56 25 The

2876 1239 61 26 Rev.
2958 1241 35 25 E.
3015 1242 106 34 Mayson
3143 1245 128 30 presided;*.
3310 1247 21 25 A
3353 1256 61 24 very

2875 1283 424 37 interestingprpgraramewaigone
3305 1292 110 32 through

2876 1326 66 24 consi
2946 1327 66 32 sting
3033 1327 28 25 of
3081 1329 143 27 recitations
3250 1341 27 16 as
3305 1334 105 30 follows,

2876 1368 89 26 Misses
2974 1371 95 29 Ancall,
3078 1371 123 31 Knbwles,
3212 1374 100 33 Greigg,
3327 1377 90 25 Sneet-

2876 1411 80 29 hurst,
2970 1413 26 24 C.
3008 1413 122 31 Knowies,
3143 1416 31 24 R.
3188 1417 99 32 Whyte,
3302 1419 49 25 Roi
3362 1422 52 24 and

2876 1454 63 25 Miss
2950 1455 114 32 Mayson.
3108 1458 58 26 Two
3177 1461 115 32 readings
3315 1463 31 31 by
3358 1464 54 25 Mrs

2876 1496 96 33 Dalley,
3002 1500 130 26 recitation
3160 1502 31 29 by
3231 1503 104 33 George,
3363 1508 52 24 and

2877 1540 94 25 Arthur
2999 1541 88 26 Munn.
3123 1545 22 24 A
3174 1549 65 22 most
3266 1548 151 34 interesting;

2876 1582 121 32 Dialogue
3010 1585 30 31 by
3060 1586 67 25 three
3139 1595 84 25 young
3245 1598 56 18 men
3321 1592 93 27 Messrs

2876 1625 25 24 J.
2916 1626 101 32 Whyte,
3029 1628 70 26 John
3110 1630 100 33 Whyte,
3224 1633 48 25 and
3283 1635 30 25 P.
3326 1635 86 33 Jones,

2876 1667 45 26 but
2940 1670 44 24 the
3003 1679 57 23 gem
3081 1673 26 23 of
3130 1674 40 24 the
3195 1677 107 33 evening
3327 1687 51 18 was
3397 1689 17 17 a

2875 1710 120 33 Dialogue
3024 1714 73 31 given
3125 1718 32 30 by
3185 1718 42 25 the
3255 1720 71 26 three
3348 1723 64 26 Miss

2876 1754 122 32 Whyte's.
3034 1757 71 25 After
3127 1760 43 25 the
3188 1769 158 25 programme
3361 1774 53 18 was

2875 1805 63 23 gone
2948 1798 116 33 through,
3078 1809 47 17 one
3142 1805 107 31 perhaps
3259 1815 67 17 more
3337 1809 76 25 inter-

2876 1840 82 30 esting
2968 1842 25 23 to
3006 1850 69 17 some
3085 1845 82 24 would
3190 1846 31 25 be
3238 1849 44 24 the
3303 1851 110 26 eatables

2876 1881 50 24 and
2935 1882 75 26 coffee
3019 1884 99 26 handed
3130 1889 81 23 round
3222 1889 33 31 by
3266 1891 43 24 the
3332 1893 80 26 ladies

2876 1926 26 22 to
2920 1932 15 16 a
2946 1933 59 24 very
3025 1934 70 25 eager
3123 1930 118 26 audience
3268 1934 80 25 which
3370 1936 44 25 did

2874 1967 90 30 justice
2975 1971 26 22 to
3013 1969 42 25 the
3066 1973 65 29 good
3142 1974 85 31 things
3249 1984 26 16 so
3297 1977 116 35 liberally

2876 2011 127 30 provided.

2910 2083 105 27 Chtjbch
3024 2086 132 32 Social,—
3158 2091 50 24 The
3220 2091 101 27 Church
3332 2094 84 28 Social

2875 2126 50 24 will
2937 2128 29 23 be
2988 2128 59 25 held
3074 2133 60 22 next
3163 2133 162 33 Wednesday.
3360 2138 55 25 The

2876 2167 128 33 following
3014 2171 52 24 will
3076 2171 31 24 be
3118 2173 55 24 sold
3184 2174 92 32 during
3287 2177 46 23 the
3342 2186 75 17 even-

2874 2210 53 30 ing.
2963 2211 99 31 Wheat,
3108 2214 134 32 Oat-chaff,
3287 2219 128 32 Potatoes,

2876 2252 117 32 Turnips,
3037 2256 89 32 Sheep,
3167 2258 102 32 Lambs,
3299 2262 116 34 Poultry,

2874 2294 108 32 Pickles,
2997 2297 99 34 Sewing
3120 2301 118 26 Machine
3250 2304 41 25 &e.
3305 2306 42 24 &c.

2907 2355 122 26 Impebial
3041 2358 95 29 Tea,—
3137 2360 52 25 Ask
3207 2370 63 23 your
3282 2363 92 27 Grocer
3385 2374 33 18 or-

2876 2392 161 34 Storekeeper
3048 2395 39 25 for
3299 2402 58 25 Tea.
3392 2406 25 22 A

2874 2433 78 25 ticket
2962 2435 26 23 in
3000 2437 58 23 each
3072 2439 13 22 1
3110 2439 53 24 and
3177 2441 41 29 £lb
3239 2442 88 31 packet
3349 2444 39 25 for
3398 2439 22 31 a'

2875 2471 113 26 valuable
3020 2477 108 28 present.
3163 2477 70 26 Dont
3266 2480 62 26 mips
3362 2482 53 26 this

2874 2510 94 25 chance
2977 2512 29 24 of
3025 2515 114 31 securing
3152 2524 15 16 a
3184 2519 65 28 good
3271 2520 51 23 and
3331 2522 85 25 useful

2873 2552 109 28 present.
3018 2552 53 24 The
3094 2555 95 32 quality
3206 2557 28 23 of
3260 2558 62 25 Teas
3346 2560 69 25 Gua-

2873 2589 111 25 ranteed.
3047 2591 61 32 May
3141 2594 28 24 be
3205 2597 139 29 purchased
3384 2601 28 23 at

2873 2631 120 25 Hunter's
3001 2634 51 24 and
3061 2635 167 26 Waterman's
3236 2639 65 25 East
3310 2640 95 26 Oxford

2873 2670 49 24 and
2934 2674 26 21 at
2972 2672 41 24 Mr
3024 2673 22 24 A
3054 2674 73 26 Lee's
3151 2675 71 26 Store
3242 2678 102 27 Oxford.

2906 2727 246 30 INFLUENZA.i-Now
3171 2733 50 25 this
3249 2736 120 30 epidemic
3388 2739 26 24 is

2872 2770 131 34 becoming
3012 2774 129 30 prevalent
3149 2784 37 17 we
3198 2778 113 33 strongly
3318 2788 94 18 recom-

2873 2814 72 23 mend
2957 2814 43 25 the
3010 2816 51 25 free
3071 2825 45 16 use
3127 2818 28 23 of
3163 2818 122 33 Platypus
3292 2821 85 25 Brand
3384 2823 32 25 of

2872 2854 154 34 Eucalyptus
3041 2856 123 29 Globulus
3193 2861 111 31 Extract,
3333 2865 81 24 taken

2874 2907 65 24 upon
2962 2908 75 24 sagar
3064 2900 74 27 or'in
3161 2905 70 24 milk.
3267 2906 53 25 The
3342 2910 72 23 most

2871 2941 115 30 pleasant
2997 2951 54 23 way
3062 2946 25 22 to
3096 2946 58 23 take
3165 2947 155 31 Eucalyptus
3341 2950 22 23 is
3381 2951 31 23 in

2873 2983 43 25 the
2947 2983 116 33 Platypus
3090 2987 87 24 Brand
3205 2989 28 24 of
3254 2989 156 34 Eucalyptus

2873 3027 115 31 Jujubes.
3023 3028 70 32 They
3104 3037 42 18 are
3156 3031 26 24 in
3198 3032 62 25 such
3272 3041 15 16 a
3297 3034 115 31 portable

2872 3065 71 29 form,
2954 3067 115 31 pleasant
3080 3070 26 23 to
3117 3071 74 28 taste;
3208 3070 133 34 antiseptic
3358 3076 54 24 and

2873 3109 140 25 stimulant.
3048 3111 117 31 Sprinkle
3199 3114 43 25 the
3275 3116 34 24 oil
3342 3125 70 23 upon

2873 3152 182 26 handkerchief
3076 3155 52 24 and
3155 3157 76 24 about
3253 3158 44 25 the
3316 3166 96 19 rooms.

2907 3205 108 25 Health
3038 3207 60 25 Tea.
3100 3222 32 5 —
3135 3208 34 26 As
3181 3210 50 25 will
3245 3212 30 23 be
3298 3220 58 17 seen
3381 3214 32 31 by

2873 3243 181 27 advertisment
3064 3247 133 32 appearing
3214 3248 29 25 in
3264 3249 52 26 this
3332 3251 78 31 issue,

2876 3284 40 23 Mr
2927 3284 32 26 F,
2976 3284 39 26 W.
3034 3286 140 25 Waterman
3184 3289 26 23 of
3221 3289 52 25 this
3283 3291 68 24 town
3362 3291 50 25 has

2874 3321 62 26 been
2945 3322 133 32 appointed
3085 3324 66 26 local
3160 3325 75 32 agerit
3243 3327 39 25 for
3290 3331 7 11 '
3302 3328 95 26 Healih
3403 3331 8 10 *

2875 3361 59 29 Tea,
2946 3371 14 14 a
2970 3369 56 18 new
3038 3363 78 25 brand
3128 3365 28 23 of
3165 3365 103 25 blended
3282 3368 38 23 tea
3329 3369 83 25 which

2874 3399 48 24 has
2933 3400 77 32 lately
3022 3400 61 25 been
3094 3404 46 28 put
3151 3409 33 18 on
3207 3403 43 26 the
3268 3404 61 26 New
3348 3408 64 23 Zea-

2874 3439 61 23 land
2951 3440 106 24 market.
3092 3441 69 24 This,
3172 3444 42 22 tea
3235 3444 54 28 has,
3310 3452 37 17 we
3370 3453 44 17 are

2874 3476 131 29 informed,
3019 3479 50 23 met
3081 3478 61 25 wifch
3153 3487 15 16 a
3180 3481 160 27 tremendous
3360 3484 54 25 sale

2874 3514 29 24 in
2914 3515 130 25 Australia
3052 3516 51 24 and
3113 3517 129 26 wherever'
3247 3519 21 24 it
3279 3519 47 26 has
3348 3521 66 24 been

2875 3552 148 25 introduced
3055 3554 55 24 into
3143 3556 50 24 this
3227 3558 98 31 colony.
3360 3559 54 24 The

2876 3599 99 17 success
2986 3593 45 23 has
3042 3593 63 24 been
3118 3602 33 16 an
3163 3597 166 28 unparalleled
3349 3605 47 17 one
3405 3605 8 16 :

2874 3628 34 24 its
2920 3629 139 24 wonderful
3069 3631 51 23 and
3129 3632 82 23 varied
3222 3633 114 30 qualities
3348 3635 66 24 have

2876 3666 72 24 made
2960 3667 44 23 the
3016 3671 7 10 *
3033 3667 95 25 Health
3137 3670 6 10 '
3165 3669 49 24 Tea
3237 3677 15 16 a
3273 3670 141 27 household

2877 3703 66 25 word
2954 3704 28 24 in
2999 3707 41 23 tea
3048 3705 117 32 drinking
3176 3709 175 24 communities
3363 3710 52 24 and

2876 3751 37 17 we
2923 3743 64 26 have
2998 3752 34 18 no
3043 3745 77 25 doubt
3130 3747 21 24 it
3162 3747 51 24 will
3224 3750 66 23 meet
3298 3749 116 26 withihe

2876 3784 57 23 aine
3067 3784 70 26 here.
3142 3785 5 7 1
3177 3781 6 9 '

2931 3890 220 26 GRADUATED
3174 3893 183 26 TAXATION.

2910 3986 56 25 Tlie
2978 3988 85 25 House
3074 3989 27 24 of
3110 3989 135 26 Commons
3257 3990 31 32 by
3297 3999 16 16 a
3324 3992 93 32 major-

2877 4024 39 31 ity!
2924 4025 28 24 of
2959 4026 49 24 104
3015 4026 104 32 adopted
3127 4027 44 24 tlie
3178 4027 121 32 principle
3310 4029 28 24 of
3342 4031 76 30 grad-

2877 4057 76 28 uated
2964 4064 110 24 taxation
3086 4072 28 16 as
3125 4065 120 29 proposed
3255 4065 29 24 in
3295 4065 44 25 the
3361 4076 57 17 new

2877 4098 14 24 I
2893 4106 85 24 r^oine
3001 4100 54 24 Tax
3083 4101 50 24 and
3163 4103 142 25 succession
3326 4104 92 27 Duties

2877 4134 73 29 Bfils.
3070 4148 7 4 -
3152 4144 45 19 •:.;

1126 18 174 32 OXFORD
1344 21 228 32 OBSERVER
1616 22 236 40 SATURDAY,
1935 26 112 32 JUNE
2106 26 52 37 16,
2201 28 81 30 1894

2910 4227 3 37 !
2978 4227 349 46 si^&iNgjLAss;

2879 4280 124 28 EVERY
3033 4307 3 2 .
3050 4283 180 32 TITES^AX,
3254 4284 166 35 JEVE^INa

2908 4361 4 42 \
2964 4373 136 33 YOIOE
3116 4375 222 36 TRAININGS
3341 4365 8 45 .'
3351 4397 4 13 f
3359 4388 30 19 v

3065 4428 79 30 7.30.
3161 4438 75 30 p.m.

700 2814 180 36 SINGING
903 2813 141 33 CLASS.

786 2857 80 32 7.30.
887 2867 75 30 p.m.

606 2902 120 26 EVERY
761 2902 163 26 TUESDAY
972 2899 160 26 EVENING
