3570 4540
1236 69 172 33 OXFORD
1453 64 227 35 OBSERVER
1725 59 241 36 SATURDAY,
2010 52 109 35 JUNE
2134 51 53 36 16,
2209 49 91 30 1894.

2947 4275 103 47 r^ea
3062 4277 62 25 .ana
3137 4297 5 5 ,
3162 4278 138 26 Published
3311 4281 32 31 ty
3369 4280 118 25 Bichatuj

2944 4313 5 12 :
2961 4315 7 10 s
3109 4312 102 34 Piaa^Hj
3224 4318 38 24 «at
3269 4314 9 11 r
3280 4318 204 32 his-lSegisterecl

2955 4379 4 3 .
2978 4355 117 34 Printing
3106 4357 86 31 Office,
3215 4359 69 32 Higb
3309 4360 91 27 Street,
3422 4361 65 27 East

2978 4390 101 35 Oxford.
3088 4398 165 37 Canterbuiy.

2977 4438 130 27 Satubday
3139 4440 69 27 June
3226 4443 73 29 16th,
3320 4443 73 28 16194,

3003 181 402 47 A.P.TUTTON
3432 215 35 6 ...
3509 189 31 31 *

2979 253 231 32 AUCTIONEER,
3255 254 195 29 VALUATOR,
3466 258 12 24 ;
3538 254 2 37 j

2947 291 108 27 GRAIN
3095 296 71 24 AND
3202 296 162 25 PRODUCE
3401 294 96 25 MEE"'

2963 331 123 31 CHANT,
3100 336 70 23 AND
3188 336 135 24 ESTATE
3337 335 128 24 AGENT.

3044 412 193 32 AUCTION
3253 413 130 31 SALES

3206 470 31 17 OF

2948 496 87 27 LIVE
3053 499 109 26 STOCK
3175 503 42 24 AT
3231 503 70 23 THE
3311 501 178 26 RANGIORA
3537 511 3 27 j

2984 538 146 29 MARKET
3141 541 119 26 EVERY
3282 543 170 25 TUESDAY.

2947 612 100 28 Private
3058 616 67 26 Sales
3135 622 63 21 most
3207 619 130 33 efficiently
3345 621 167 37 conducted^
3534 630 6 14 a

2948 689 81 33 Agent
3042 693 40 24 for
3093 694 42 25 the
3153 695 78 25 South
3248 697 92 25 British
3357 698 131 25 Insurance

2949 722 133 35 Company.

3093 766 232 32 A.P.TUTTON,

3132 805 153 31 Auctioneer,
3298 809 51 30 <fcc.,
3357 809 131 32 Rangbia.
3518 821 22 7 —

2990 894 87 31 TRY
3090 896 88 33 MRS.
3193 898 251 36 McINTOSH'S

3088 952 258 27 NEW-ZEALAND

2950 986 179 54 HAIR
3140 993 346 51 RESTORER

2950 1076 51 25 For
3014 1082 142 30 promoting
3173 1084 44 23 the
3228 1087 93 26 growth
3334 1087 27 23 of
3370 1088 42 24 the
3424 1090 65 23 Hair

2949 1114 50 24 and
3010 1119 146 31 preventing
3170 1120 21 24 it
3210 1120 89 33 falling
3318 1123 42 30 off,
3372 1128 114 27 prevent-
3513 1141 27 19 >,

2948 1152 46 32 ing
3008 1155 43 24 the
3070 1156 133 27 formation
3216 1159 28 25 of
3259 1160 60 28 bald
3336 1165 98 28 patches
3453 1174 33 16 on

2949 1192 42 24 the
3012 1194 71 30 head,
3104 1197 50 24 and
3177 1201 129 31 removing
3337 1203 74 25 Scurf
3436 1207 50 23 and
3525 1193 15 14 *

2949 1228 137 35 Dandruff;
3100 1234 51 25 also
3172 1237 25 23 to
3218 1236 100 27 Relieve
3330 1239 155 28 Headaches.

2984 1295 53 25 The
3048 1298 127 34 following
3185 1310 42 17 are
3245 1311 15 16 a
3280 1306 93 30 sample
3396 1307 26 25 of
3444 1308 43 26 the

2949 1340 77 25 many
3038 1334 173 30 Testimonials
3222 1342 110 24 received
3339 1350 5 16 :
3347 1357 33 5 —

3074 1376 186 34 Christchurch,
3274 1381 57 25 Jan.
3342 1384 23 29 3,
3380 1385 72 24 1892.

2966 1410 53 26 Mrs
3026 1413 141 31 Mclntosh,
3180 1417 66 25 Dear
3252 1419 235 37 Madam,-Having

2951 1451 58 24 used
3018 1460 62 24 your
3100 1455 65 26 Hair
3176 1457 124 32 R^storer,
3313 1460 13 24 I
3338 1460 63 27 have
3411 1463 76 26 found

2950 1498 15 16 a
2976 1494 72 28 great
3059 1493 179 33 improvement
3248 1499 27 24 in
3285 1508 43 23 my
3337 1500 63 31 hair,
3410 1503 47 24 nnd
3467 1505 21 24 it

2948 1527 23 26 is
2982 1538 57 17 now
3049 1539 29 17 as
3097 1533 70 25 thick
3179 1543 27 17 as
3218 1544 56 17 ever
3285 1538 21 23 it
3323 1546 57 22 was,
3401 1541 50 24 and
3474 1543 14 24 I

2949 1567 73 27 know
3033 1571 28 25 of
3069 1573 84 25 others
3165 1575 55 26 that
3238 1576 63 26 have
3313 1579 61 25 used
3387 1580 21 25 it
3426 1581 61 26 with
3514 1607 10 10 y
3518 1602 22 6 _

2948 1611 65 29 good
3024 1613 97 24 results.

3133 1658 82 26 Yours
3227 1661 76 30 truly,

3207 1696 104 26 Robert
3323 1698 97 31 Young,

3116 1735 181 33 Colombo-st.,
3308 1739 183 29 Christchurch

3046 1812 127 31 Dunedin,
3187 1818 56 23 31st
3255 1818 113 31 October,
3379 1822 73 24 1892.

2981 1853 69 27 Dear
3062 1856 97 31 Sir,-r-I
3166 1859 65 26 have
3252 1862 70 24 much
3335 1862 114 31 pleasure
3459 1866 28 24 in

2948 1892 133 33 certifying
3092 1895 57 25 that
3159 1896 65 26 from
3236 1900 115 29 personal
3362 1901 125 27 observat-

2947 1928 45 26 ion
3020 1931 26 24 of
3078 1933 70 26 those
3173 1935 57 25 who
3258 1944 42 17 are
3328 1938 74 33 using
3434 1940 54 25 Mrs

2949 1966 153 29 Mclntosh's
3113 1972 64 25 Hair
3182 1973 125 33 Restorer,
3317 1976 20 24 it
3344 1976 45 26 has
3396 1979 92 30 proved

2949 2013 33 17 an
3001 2008 145 27 undoubted
3167 2019 107 23 success,
3295 2015 51 24 and
3363 2015 65 32 hope
3448 2025 40 17 ere

2949 2045 61 32 long
3019 2047 22 24 it
3052 2048 51 24 will
3113 2049 53 25 find
3177 2058 16 17 a
3212 2053 141 29 prominent
3363 2055 69 30 place
3455 2063 33 18 on
3523 2072 9 3 -

2951 2082 51 26 the.
3008 2084 70 26 toilet
3100 2086 66 26 table
3189 2089 29 25 of
3237 2090 36 25 all
3292 2091 64 29 who,
3380 2081 160 45 through^

2951 2122 108 28 sickness
3071 2134 27 16 or
3109 2128 137 31 otherwise,
3264 2131 61 25 have
3335 2131 59 31 lost,
3407 2142 29 17 or
3447 2142 41 17 are
3536 2130 4 8 '

2950 2164 89 33 losing,
3053 2174 47 17 one
3115 2168 28 24 of
3158 2170 144 26 mankind's
3320 2171 64 26 chief
3402 2173 86 25 adorn-

2950 2205 91 22 ments.
3075 2205 103 32 Having
3194 2208 61 24 been
3278 2210 115 31 sceptical
3412 2219 28 17 as
3463 2214 25 23 to

2951 2239 44 25 the
3006 2241 81 24 virtue
3098 2244 28 23 of
3132 2246 67 23 most
3209 2247 127 25 nostrums
3347 2248 37 24 for
3394 2256 93 20 renew-
3532 2256 8 11 •

2950 2278 45 34 ing
3013 2289 28 17 or
3060 2281 141 36 improving
3224 2286 43 25 the
3285 2288 97 30 growth
3401 2289 28 26 of
3444 2290 43 26 the

2951 2320 62 29 hair,
3026 2322 14 26 I
3050 2322 32 25 do
3093 2331 57 18 now
3169 2326 62 24 with
3241 2327 141 25 confidence
3393 2337 94 18 recom-

2951 2359 75 24 mend
3038 2359 48 26 this
3098 2363 93 27 article,
3211 2364 77 24 which
3306 2373 59 24 may
3374 2374 76 23 prove
3473 2376 15 16 a

2951 2396 66 26 boon
3043 2401 26 22 to
3098 2401 41 29 all,
3168 2402 24 23 if
3216 2400 65 27 used'
3302 2406 133 31 according
3462 2408 40 23 to-

2951 2436 140 27 directions.

3135 2479 81 26 Yours
3231 2483 73 31 truly,

3194 2521 28 24 C.
3232 2521 31 24 B.
3276 2522 111 31 Miller,

3001 2556 126 27 Water^of
3134 2557 76 26 Leith
3224 2559 80 31 Store,
3318 2561 45 26 Gt.
3375 2563 110 33 King-st.

2952 2634 35 24 To
3007 2634 32 24 be
3055 2635 50 24 had
3129 2636 65 24 from
3222 2637 35 24 all
3285 2639 125 26 Chemists
3439 2643 50 23 and

3003 2672 193 33 Store-keepers,
3207 2675 49 25 and
3264 2676 141 28 Wholesale
3413 2678 28 26 of

3085 2711 71 26 MRS
3173 2712 181 32 McINTOSH,

3111 2749 109 26 Haddon
3234 2750 88 30 Street,
3336 2752 152 32 Sydenham,

2952 2787 65 25 Who
3026 2788 22 25 is
3060 2787 44 26 the
3114 2789 58 25 Sole
3178 2789 119 33 Preparer
3304 2792 28 25 of
3335 2792 44 25 the
3387 2793 104 27 Article.

2986 2827 78 24 Local
3092 2828 83 31 Agent
3213 2829 55 25 Mrs
3288 2830 30 25 A.
3342 2831 29 24 0.
3394 2832 96 30 White,

2952 2866 72 25 West
3036 2867 98 32 Oxford,.

2952 3586 39 64 1
2995 3587 62 24 wish
3069 3589 26 23 to
3105 3589 86 24 inform
3215 3599 42 23 my
3277 3591 91 25 Oxford
3394 3591 93 24 friends

3006 3620 51 24 and
3078 3617 44 29 £he
3142 3624 102 29 general
3260 3624 90 24 Public
3375 3624 58 25 that
3443 3631 44 24 my

2950 3657 126 34 Rangiora
3099 3661 114 27 business
3235 3663 46 26 has
3303 3664 128 26 increased

2951 3700 62 24 such
3024 3709 33 18 an
3069 3704 149 35 exten^that
3228 3705 15 25 I
3254 3705 66 25 shall
3339 3705 31 25 be
3398 3705 89 25 unable

2950 3740 27 23 to
2998 3740 59 26 visit
3069 3741 89 26 Oxford
3183 3744 76 25 untill
3269 3770 4 7 x
3280 3745 97 25 further
3395 3745 91 25 notice.

2949 3776 43 26 All
3008 3779 68 25 work
3099 3782 57 23 sent
3172 3782 33 32 by
3346 3782 66 30 Bro.,
3425 3782 58 26 Car-

2949 3817 70 29 riers,
3044 3819 49 25 will
3115 3822 95 24 receive
3231 3826 101 28 prompt
3351 3824 133 24 attention.

2940 3855 39 33 'A;
3007 3857 69 33 liarge
3111 3860 78 25 Stock
3203 3873 3 5 •
3220 3862 33 25 -of
3273 3862 119 25 Watches
3434 3862 51 25 and
3503 3880 15 10 .-

2950 3893 129 35 Jewellery
3107 3895 40 28 on^
3169 3897 78 27 hand.
3264 3897 6 4 *
3282 3897 126 29 Traveller
3446 3900 39 25 for
3493 3923 11 8 ,

2949 3932 82 27 North
3040 3934 156 36 Canterbury
3208 3938 98 26 district
3318 3939 40 24 Mr
3370 3939 24 25 J.
3409 3939 74 25 Gent.

2970 3975 3 8 '
3050 3994 3 3 .
3065 3963 199 42 (^US*JONESi
3284 3977 133 31 Rangiora.

2950 4041 57 52 fi.
3045 4048 51 46 N.
3144 4050 309 49 €EDERHAN

2962 4139 7 7 .
2982 4134 18 6 ...
3009 4118 131 23 PAniTER
3151 4121 59 20 AND
3224 4122 177 26 DECORA.TOB,

2947 4147 127 28 WRITER,
3094 4146 142 35 GB4JNER,-'
3249 4153 111 35 QILD^R
3378 4155 103 25 &0./AC.

3048 4186 114 32 EAST
3199 4188 180 30 OXFORD.

2439 181 425 48 EUCALYPTUS

2565 259 4 4 .
2569 257 76 5 —
2645 252 11 14 ♦
2656 256 78 5 —

2438 282 59 21 THE
2513 280 71 21 BEST
2600 278 86 21 HOME
2702 276 140 33 BEMEpIE

2497 320 35 13 are
2547 313 36 19 the
2593 311 135 26 preparation
2737 310 26 21 of
2770 309 36 20 the

2382 350 170 21 TASMANIAN
2571 346 185 21 EUCALYPTUS
2771 346 47 20 OIL
2833 344 81 20 COMP.

2411 385 135 25 Universally
2557 383 103 22 admitted
2669 383 37 19 the
2714 382 79 24 BEST,
2805 380 113 22 PUREST

2382 424 44 22 and
2436 426 56 17 most
2502 422 94 20 effective
2607 420 133 25 Eucalyptus
2763 419 104 20 Globulus
2883 417 35 20 Oil

2382 456 33 21 for
2436 452 170 26 INFLUENZA,
2629 451 91 26 Coughs,
2740 450 63 22 Colds
2828 449 43 22 and
2888 449 30 21 all

2383 488 64 20 Chest
2464 487 43 20 and
2516 487 62 23 Lung
2595 485 112 20 affections
2721 483 77 26 speedy
2807 483 60 20 relief
2876 482 43 19 and

2382 520 56 21 Cure
2456 520 33 19 for
2505 517 157 24 Rheumatism,
2683 515 121 25 Neuralgia,
2819 515 99 26 BprainE-

2382 546 71 21 Burns
2474 546 33 20 &c.

2398 590 3 5 ■
2409 579 133 25 Eucalyptus
2561 577 103 21 Globulus
2682 576 92 21 Extract
2784 575 89 27 sprayed
2887 576 31 20 in-

2382 612 64 20 haled
2462 611 43 20 and
2519 611 65 20 taken
2594 609 115 25 internally
2727 609 34 19 for
2775 608 37 20 the
2829 608 87 25 Throat,

2383 648 97 25 Catarrh,
2497 647 59 24 Hay,
2580 645 99 26 Typhoid
2695 645 43 19 and
2752 645 81 20 Scarlet
2843 645 77 19 Fevers

2384 678 129 21 MEASLES
2524 678 36 20 the
2566 679 55 18 most
2631 677 136 24 satisfactory
2776 676 143 25 preventative

2384 710 43 20 and
2440 710 62 21 Cure.
2529 708 57 21 Send
2599 708 51 20 Post
2666 708 55 19 Card
2731 709 23 19 to
2764 707 36 20 the
2810 707 63 20 Office
2885 706 37 20 for.

2384 741 95 21 Circular
2492 740 120 25 describing
2631 740 122 20 treatment.
2779 739 139 25 Eucalyptus,

2383 773 111 21 Ointment
2504 774 36 20 the
2550 774 70 24 Magic
2629 773 79 20 Healer
2721 772 23 20 of
2758 772 75 23 Sores,.
2841 772 77 23 Burns,

2385 804 101 25 Wounds,
2502 805 60 20 Boils
2580 805 45 23 &c,
2648 804 134 25 Eucalyptus
2800 803 58 25 Soap
2871 802 43 20 Era

2382 837 63 24 grant
2455 836 42 20 and
2507 836 124 25 refreshing.
2655 835 132 26 Eucalyptus
2796 834 89 26 Jujubes
2895 840 24 14 or

2382 866 102 21 Pastilles
2493 867 34 20 for
2537 867 36 20 the
2598 868 80 19 Throat
2688 866 44 20 and
2740 866 64 20 Voice
2820 871 29 15 an
2863 866 55 19 anti-

2383 898 67 26 septic
2460 899 42 19 and
2513 899 121 19 stimulant.

2382 931 127 26 Veterinary
2525 932 36 20 Oil
2570 932 43 20 and
2623 932 112 20 Ointment
2744 931 33 20 for
2787 930 37 20 the
2833 930 85 21 stables.

2410 965 29 20 Be
2449 971 49 14 sure
2507 971 43 19 you
2559 965 109 20 Purchase
2682 964 39 21 the
2731 964 104 24 Platypus
2852 963 68 19 brand

2383 996 50 25 only
2443 997 23 19 of
2473 997 29 19 all
2511 997 113 24 Chemists,
2629 997 89 19 Grocers
2724 995 43 20 and
2773 995 147 24 Storekeepers

2383 1028 43 20 and
2439 1029 23 20 at
2476 1027 37 21 the
2524 1028 63 21 Office
2597 1030 12 19 9
2619 1028 114 21 Cathedral
2742 1032 76 20 square
2827 1026 93 21 between

2382 1059 101 21 Morten's
2497 1060 113 25 Buildings
2618 1061 41 20 and
2671 1060 36 20 the
2716 1060 51 20 Post
2777 1059 70 21 Office.

2518 1102 3 4 •
2547 1091 89 23 Oxford
2646 1094 80 25 Agent

2437 1128 27 22 R,
2474 1129 29 21 H.
2518 1129 119 25 PARISH,
2660 1128 77 22 EAST
2750 1127 120 23 OXFORD

2463 1167 142 26 Eucalyptus
2614 1167 38 20 Oil
2666 1166 30 27 1/-
2709 1172 42 21 per
2760 1166 77 20 bottle.

2382 1249 102 21 RONGO
2521 1250 53 20 PAI
2596 1250 94 20 TENEI
2704 1249 56 20 KEI
2773 1248 125 21 KOTJTOTJ

2597 1284 111 21 KATOA.
2733 1301 6 4 ,

2379 1339 17 14 <-
2424 1321 191 39 MACBEAN
2659 1319 219 41 STEWART'S

2382 1376 75 21 NEW
2472 1377 79 20 CURE
2566 1377 59 20 FOR
2639 1377 127 20 ASTHMA

2436 1412 75 21 NEW
2525 1413 79 20 CURE
2618 1413 58 20 FOR
2691 1413 97 20 CROUP

2496 1447 73 22 NEW
2584 1448 80 21 CURE
2678 1448 58 21 FOR
2749 1448 172 21 DIPHTERIA

2437 1479 74 21 NEW
2525 1479 80 22 CURE
2619 1480 58 21 FOR
2692 1479 134 22 CHRONIC

2560 1516 188 22 BRONCHITIS.

2397 1554 115 27 Prepared
2520 1554 60 21 from
2588 1554 42 20 the
2639 1555 121 20 Mountain
2770 1555 47 21 and
2826 1556 81 21 Forest

2503 1582 81 20 Plants
2598 1581 24 21 of
2635 1582 55 20 New
2705 1582 106 20 Zealand.

2382 1616 29 20 In
2420 1616 98 20 Asthma
2528 1616 42 20 the
2579 1616 55 19 New
2643 1616 59 20 Cure
2711 1616 42 20 has
2763 1616 85 26 proved
2856 1616 65 22 itself

2423 1643 26 19 to
2457 1643 29 20 be
2497 1642 64 20 Head
2570 1642 46 20 and
2626 1642 124 20 Shoulders
2760 1643 71 20 above
2841 1643 32 20 all

2565 1668 72 20 Other
2651 1668 77 20 Cures.

2409 1707 29 19 In
2446 1712 31 14 no
2486 1705 102 21 instance
2597 1705 42 21 has
2648 1712 15 14 a
2669 1706 70 20 death
2748 1707 106 21 occurred
2860 1707 60 21 from

2382 1733 132 27 diphtheria
2531 1733 67 21 when
2615 1733 42 21 the
2878 1735 42 20 has

2382 1762 58 19 been
2449 1760 73 27 freely
2531 1760 58 21 used
2596 1760 60 21 from
2662 1760 40 21 the
2711 1760 52 21 first
2768 1762 77 20 outset
2850 1762 24 20 of
2880 1762 40 21 the

2383 1788 92 26 disease,
2493 1787 47 20 and
2558 1793 26 15 so
2602 1788 67 26 great
2687 1794 38 14 are
2743 1788 32 21 its
2794 1789 126 25 protective

2381 1821 92 20 powers,
2485 1814 54 21 that
2547 1814 40 21 the
2597 1814 124 26 complaint
2730 1815 43 20 has
2783 1821 71 15 never
2863 1816 57 20 been

2382 1843 82 19 known
2472 1842 25 21 to
2506 1840 83 28 spread
2597 1841 25 21 to
2631 1841 68 21 other
2714 1842 111 21 members
2841 1842 25 21 of
2879 1843 41 21 the

2381 1869 88 25 family.

2410 1902 47 21 The
2465 1902 54 21 New
2530 1903 65 24 Cure,
2605 1904 25 19 3s
2640 1903 39 24 6d;
2692 1903 117 21 Grindelia
2817 1904 104 21 Robusta

2446 1929 136 27 Cigarettes,
2593 1931 24 19 2s
2624 1938 7 16 ;
2641 1930 98 20 Asthma
2751 1931 108 24 Tobacco,

2552 1958 25 20 2s
2591 1957 30 20 6d
2634 1956 47 22 and
2694 1958 31 20 Is.

2410 2016 186 38 HEALTH
2619 2016 41 38 IS
2681 1997 235 58 WEALTH?

2383 2065 38 21 TO
2429 2065 61 21 THE
2500 2065 171 21 SUFFERING
2678 2066 243 21 &UNFORTUNATE

2779 2092 5 16 »

2385 2128 87 57 ALL
2591 2128 111 26 Nervous
2719 2129 47 24 and
2778 2128 143 25 Debilitated

2439 2161 117 25 Sufferers
2565 2161 55 25 who
2629 2162 61 25 have
2698 2162 88 24 wasted
2794 2162 66 26 their,
2865 2162 57 23 time

2384 2194 49 22 and
2443 2201 94 19 means,
2550 2194 103 29 sending
2661 2197 26 19 to
2694 2195 70 23 other
2773 2194 112 24 Colonies
2892 2194 29 23 P.

2385 2225 28 24 0.
2424 2225 80 24 Boxes
2515 2225 50 26 &c,
2572 2225 39 24 for
2619 2225 118 24 so-called
2743 2225 104 24 Electric
2855 2220 67 29 ilelts

2384 2257 49 24 and
2453 2256 98 25 Useless
2570 2257 137 30 Nostrums,
2721 2258 86 24 should
2819 2260 43 23 not
2874 2258 47 24 dis-

2384 2289 59 33 pair,
2455 2290 45 25 but
2512 2291 96 25 consult
2619 2291 138 32 personally
2768 2299 25 17 or.
2806 2290 32 32 by
2849 2295 64 28 post.

2385 2336 133 47 FREE.
2547 2347 32 20 w
2580 2362 5 6 -
2600 2338 195 47 *otman*,ji
2819 2338 31 47 e
2853 2338 59 52 ,C

2384 2397 53 25 The
2448 2399 57 30 only
2516 2398 100 24 Electro
2633 2399 104 24 Medical
2746 2399 125 31 Specialist
2881 2401 40 23 ad-

2384 2430 118 31 vertising
2521 2430 69 32 [with
2607 2432 93 30 twenty
2709 2439 68 24 years
2790 2431 131 32 European

2384 2463 146 31 experience,
2552 2463 50 24 and
2619 2465 66 23 three
2704 2472 68 23 years
2787 2463 81 26 before
2880 2465 42 24 the

2383 2495 60 25 New
2454 2495 107 26 Zealand
2572 2496 95 32 public]
2684 2496 54 25 who
2749 2498 45 23 has
2805 2498 72 24 made
2888 2498 34 24 all

2384 2528 94 24 chronic
2489 2536 67 17 cases
2565 2528 26 25 of
2601 2536 55 17 men
2673 2530 47 22 and
2731 2538 95 16 women
2838 2539 14 15 a
2869 2530 52 26 life-

2384 2561 59 24 time
2455 2561 80 32 study,
2548 2562 48 24 and
2612 2562 28 25 to
2666 2562 113 25 convince
2796 2563 43 25 the
2856 2566 66 22 mo.st

2384 2594 122 31 sceptical,
2519 2594 14 24 I
2544 2595 50 24 will
2604 2595 98 23 forward
2715 2596 120 24 electrical
2845 2597 76 31 appli-

2384 2634 73 17 ances
2476 2627 47 23 and
2542 2627 171 24 consentrated
2740 2630 129 23 treatment
2889 2637 32 16 on

2385 2666 58 23 easy
2455 2660 77 23 terms
2544 2659 28 24 of
2577 2662 123 28 payment.

2538 2699 192 27 [testimontai.._'

2610 2731 115 25 Dunedin,
2734 2731 57 26 July
2800 2733 34 23 28,
2845 2733 61 21 1893.

2411 2762 25 21 It
2446 2762 65 26 gives
2526 2768 37 15 me
2573 2763 67 26 great
2647 2763 105 26 pleasure
2767 2764 25 19 to
2805 2764 78 26 report
2898 2771 24 14 so

2384 2789 135 27 favourably
2527 2789 25 21 in
2561 2790 57 20 such
2627 2796 15 14 a
2652 2790 64 20 short
2723 2790 63 25 time,
2801 2792 121 26 especially

2384 2815 62 22 after
2453 2816 70 27 being
2532 2816 92 21 treated
2638 2816 32 27 by
2689 2823 69 16 seven
2773 2818 149 26 professional

2384 2850 53 13 men
2446 2843 37 20 for
2491 2850 30 13 no
2529 2843 88 26 benifit,
2627 2844 47 20 and
2692 2844 13 20 I
2723 2844 60 21 have
2801 2846 121 26 gradually

2385 2876 96 27 gaining
2490 2876 106 26 strength
2610 2877 47 20 and
2666 2883 86 20 energy
2761 2878 61 21 since
2831 2879 91 26 placing

2384 2909 40 20 my
2433 2909 50 15 case
2501 2902 26 21 in
2539 2909 57 20 your
2613 2909 66 19 care,-
2690 2905 46 19 and
2753 2905 14 20 I
2776 2905 60 21 shall
2846 2906 76 27 gladly

2384 2930 142 20 recommend
2533 2937 59 19 your
2600 2930 52 20 able
2659 2931 125 21 treatment
2792 2932 25 20 to
2826 2933 84 20 others.

2707 2957 22 21 J.
2739 2958 39 20 Me
2787 2958 110 22 Donald.

2417 2989 62 25 Free
2490 2989 58 26 trial
2560 2989 64 31 daily
2633 2990 60 25 from
2706 2992 30 24 11
2747 3000 58 17 a.m.
2814 2992 40 26 till
2866 2994 56 24 9.30

2384 3030 59 24 p.m.
2452 3023 27 23 of
2487 3023 41 23 the
2539 3024 73 23 latest
2623 3024 57 31 only
2691 3024 109 25 Eeliable
2810 3025 49 25 and
2866 3025 56 25 Per-

2386 3057 97 22 manent
2502 3055 63 24 Cure
2584 3055 38 24 for
2639 3057 162 28 rheumatism,
2819 3058 103 30 sciatica,

2384 3087 130 32 neuralgia,
2518 3087 61 25 liver
2586 3087 183 32 derangement,
2779 3089 143 32 indigestion

2385 3121 104 30 buzzing
2499 3121 27 23 in
2537 3121 42 23 the
2587 3120 61 25 head
2660 3121 49 24 and
2718 3130 61 19 ears,
2794 3123 128 28 dizziness,

2384 3152 70 25 weak
2459 3152 69 30 back,
2534 3152 63 25 tired
2601 3152 95 32 feeling,
2704 3154 85 30 specks
2797 3154 80 26 before
2883 3156 39 24 the

2384 3192 62 24 eyes,
2469 3185 116 25 nervious
2605 3185 146 32 irritability,
2772 3187 150 30 exhaustion,

2384 3218 54 25 lack
2450 3218 26 25 of
2486 3225 97 25 energy,
2595 3218 97 26 bladder
2700 3220 48 24 and
2756 3220 91 33 kidney
2855 3222 66 24 trou-

2384 3251 59 30 bles,
2466 3251 106 27 varicose
2594 3251 75 32 veins,
2692 3253 48 24 and
2751 3253 33 25 all
2803 3255 119 24 weakness

2384 3284 98 32 pecular
2490 3285 26 24 to
2527 3292 66 17 men.

2417 3321 136 24 Numerous
2575 3322 106 30 grateful
2691 3323 84 23 letters
2787 3323 65 25 from
2864 3324 58 24 both

2384 3361 68 17 sexes
2464 3361 44 17 can
2517 3352 31 26 be
2564 3354 132 31 inspected.

2425 3391 63 39 W.
2512 3391 228 48 NOTMAOT,
2773 3393 131 40 M.E.C.

2406 3456 37 11 ».,.-
2462 3438 99 26 Market
2577 3439 82 30 Place,
2692 3440 179 26 Christchurch.

2433 3515 189 57 Money
2640 3518 54 43 to
2716 3517 156 46 Lend.

2424 3578 19 30 I
2477 3579 80 31 have
2577 3590 114 30 money
2725 3584 35 27 to
2780 3582 74 30 lend
2888 3582 33 30 in

2382 3620 87 39 large
2498 3630 35 18 or
2554 3621 90 29 small
2679 3631 84 20 sums
2789 3625 35 27 to
2859 3624 63 29 suit

2382 3659 177 32 Borrowers
2596 3664 33 27 at
2657 3662 109 31 lowest
2794 3667 128 27 current

2441 3741 62 39 W.
2528 3741 45 39 H.
2600 3742 260 43 SPACEMAN,

2557 3788 192 31 SOLICITOR,
2801 3806 29 9 ,

2360 3836 4 9 >
2451 3828 191 24 Chbistohusch
2653 3829 51 24 and
2714 3829 137 26 Bangioba.

2384 3897 215 44 MQNEY
2628 3899 87 41 TO.
2733 3899 183 43 LEND.

2401 3950 18 30 I
2434 3962 79 21 nave
2525 3950 120 34 several
2659 3964 87 21 sums
2761 3955 33 30 of
2807 3966 113 31 money

2384 3997 31 24 to
2429 3993 83 36 lend,
2527 3997 34 26 at
2588 3994 109 31 lowest
2711 3999 84 27 rates
2810 3998 33 29 of
2869 3998 51 29 in-

2380 4035 102 27 terest.
2574 4045 27 17 ..•.,
2688 4059 2 1 .
2783 4034 126 28 ''■.-.■■•

2464 4071 62 40 W.
2545 4073 38 41 E,
2601 4073 40 39 D.
2664 4074 169 42 BISHOP.

2379 4133 45 18 Mf
2434 4118 98 40 ----.^.
2539 4140 15 14 v
2554 4116 193 40 spi,ioid;oß,

2413 4161 49 25 205
2481 4161 123 26 Hereford
2625 4161 39 27 St.
2683 4163 201 28 Chbistohubch.

2377 4236 96 47 \W.
2516 4231 366 43 WOODWARD

2371 4285 161 35 'PAIN3&R
2535 4290 86 28 >AN!D
2627 4294 288 34 rPAPEBHANGEfk

2479 4342 113 32 EAST
2636 4345 183 39 OXFORD,

2425 4435 42 27 AU
2478 4436 81 26 orders
2570 4440 121 32 promptly
2702 4441 115 30 attended
2828 4445 36 28 to,

1318 209 166 57 H.E.
1515 199 444 65 BOARDMAN
1999 195 53 57 &
2083 190 146 62 CO.,

1224 287 141 22 BAILIFFS
1380 287 64 20 AND
1460 281 183 25 COMMISSION
1661 271 128 30 AGENTS.'
1834 276 101 23 HOTEL
1949 270 137 25 BROKERS
2100 268 63 21 AND
2177 263 149 23 VALUERS.

1321 335 61 28 222
1404 331 234 31 HEEEFORD
1662 327 171 33 STEEET,
1877 313 341 41 CHEISTCHURCH.

1510 394 418 21 »♦♦♦♦♦♦♦♦♦♦♦♦♦♦♦♦♦♦♦♦♦♦♦♦♦♦»♦*
1934 392 93 15 »»**»•*
2032 391 61 14 •♦«'»•

1267 437 42 24 We
1327 438 150 33 respectfully
1489 437 40 30 beg
1547 440 22 19 to
1581 435 73 23 thank
1663 442 43 16 our
1718 431 89 25 Clients
1815 431 48 23 and
1872 429 37 23 the
1921 428 88 24 Public
2019 422 123 36 generally
2146 421 45 30 for
2201 418 37 24 the
2255 417 98 30 support

1197 482 116 24 accorded
1324 489 36 20 us,
1373 482 49 23 and
1434 489 45 16 can
1490 487 82 16 assure
1583 487 43 15 our
1630 477 99 33 friends
1741 475 52 24 that
1801 482 45 16 our
1855 473 104 25 business
1970 471 50 23 still
2025 468 103 25 remains
2144 464 76 24 under
2238 460 36 25 the
2292 465 61 17 same

1199 529 161 27 management
1378 532 28 16 as
1415 524 106 27 hitherto,
1532 523 49 23 and
1590 522 49 23 that
1648 519 134 31 everything
1793 516 120 25 entrusted
1922 518 21 20 to
1953 522 27 16 us
1992 512 52 24 will
2052 511 25 24 be
2084 509 80 25 under
2175 506 36 24 the
2223 503 130 24 immediate

1197 569 147 29 supervision
1355 569 31 29 of
1393 575 44 16 our

1397 609 124 32 MR.
1552 607 67 33 H.
1644 606 55 32 E.
1726 594 426 43 BOAEDMAN

1432 725 268 37 -LOCAL

1315 778 402 46 BARLO¥
1760 775 166 41 A3STD
1973 767 276 45 PRICE

1502 829 193 42 Coventry
1732 826 114 44 Cycle
1888 821 135 37 Works

1366 886 37 28 88
1427 881 199 33 COLOMBO
1651 879 174 34 STREET,
1869 870 346 36 CHRISTOHURCH.

1199 946 57 30 We
1272 947 118 36 having
1405 946 94 28 taken
1514 953 74 20 over
1601 943 53 28 the
1667 940 72 31 well
1752 939 115 29 known
1876 936 113 33 works,
2004 934 181 36 machinery
2194 930 61 30 and
2265 929 88 31 stock

1197 988 33 28 in
1244 986 90 30 trade
1348 986 77 28 wish
1439 988 34 26 to
1487 983 112 30 inform
1615 981 54 30 the
1690 979 105 40 public
1809 978 70 30 that
1893 986 46 21 we
1954 985 53 21 are
2021 972 152 41 prepared
2187 974 33 27 to
2239 971 114 29 under-

1197 1028 73 30 take
1285 1026 103 31 orders
1402 1026 49 30 for
1464 1035 69 19 new
1547 1021 157 32 machines
1720 1020 62 31 and
1796 1021 128 28 execute
1943 1025 119 31 repairs
2083 1016 34 27 at
2138 1013 54 28 the
2217 1013 136 27 shortest

1331 1068 101 30 notice
1447 1066 48 30 for
1517 1065 41 30 all
1573 1064 92 29 kinds
1681 1061 35 31 of
1725 1059 214 41 Engineering
1953 1058 62 29 and
2027 1054 94 41 Cycle
2133 1053 96 31 work.

1361 1119 127 21 SPECIAL
1502 1115 177 23 ATTENTION
1695 1114 94 22 GIVtiN
1804 1112 38 21 TO
1856 1110 141 22 COUNTRY
2013 1108 123 21 ORDERS.

1199 1159 120 39 Racing
1333 1157 160 29 Machines
1517 1155 61 29 and
1601 1154 98 38 Light
1722 1151 166 30 Roadsters
1904 1160 19 18 a
1937 1147 156 39 specialty.
2137 1144 48 30 No
2199 1143 154 39 imported

1198 1200 157 30 machines
1369 1198 75 38 kept
1458 1198 33 29 in
1506 1195 98 32 stock,
1621 1195 43 30 all
1678 1193 87 31 work
1779 1193 80 29 done
1873 1200 41 20 on
1927 1189 55 29 the
2004 1186 157 42 premises.
2213 1184 31 30 A
2267 1184 86 39 large

1228 1239 89 31 stock
1331 1238 35 30 of
1376 1239 125 37 Lamps,
1513 1235 95 33 Bells,
1624 1235 62 29 and
1702 1233 128 32 Saddles
1844 1241 40 20 on
1898 1229 85 31 hand
1997 1231 33 27 at
2043 1236 114 22 reduce
2168 1227 130 37 dpnces.

1331 1318 111 86 R,
1514 1318 132 84 H.
1704 1308 516 91 PARISH

1475 1445 196 58 EAST
1719 1440 328 61 OXFORD

1423 1535 77 30 has
1516 1531 189 34 received
1725 1540 25 22 a
1766 1529 293 40 consignment
2076 1526 43 31 of

1199 1586 301 56 Messa's
1558 1583 418 58 Johnsons
2028 1577 69 57 &
2151 1577 202 56 Sons

1373 1663 266 56 GREAT
1700 1656 449 61 YARMOUTH

1262 1757 226 89 OIL
1571 1754 694 90 CLOTHING

1376 1889 338 47 ENORMOUS
1775 1889 390 45 REDUCTIONS

1185 2007 92 25 .THEE
1296 2005 115 34 question
1422 2004 22 25 is
1455 2002 100 26 natural
1555 2016 34 4 —
1613 2001 68 31 Why
1691 2000 61 27 send
1767 2002 27 24 to
1806 2000 177 26 Christchurch
2003 2001 39 25 for
2058 2008 63 24 your
2138 2001 110 33 Drapery
2256 2002 12 25 ?
2302 2002 51 25 The

1204 2037 19 28 1
1261 2041 102 29 drapery
1376 2037 53 25 sold
1438 2037 26 23 in
1473 2036 56 24 that
1541 2035 50 31 city
1603 2042 72 23 every
1686 2042 47 16 one
1744 2034 95 29 knows,
1851 2033 23 25 is
1884 2035 46 23 not
1940 2034 73 24 made
2024 2034 77 29 there,
2119 2033 47 26 but
2177 2035 130 30 imported.
2342 2036 11 24 I

1198 2074 94 31 import
1302 2072 66 24 from
1379 2070 44 25 the
1434 2069 54 24 best
1499 2067 107 32 English
1618 2067 50 24 and
1685 2066 88 25 Scotch
1785 2066 100 25 houses.
1931 2066 72 25 lam
2015 2067 104 24 enabled
2130 2068 26 23 to
2166 2068 124 30 purchase
2307 2067 46 26 low

1197 2107 50 24 and
1256 2105 46 26 sell
1314 2106 27 23 at
1350 2112 14 16 a
1375 2104 54 23 rate
1441 2101 27 25 of
1476 2100 74 32 profit
1564 2100 53 33 (my
1628 2107 120 23 expences
1759 2098 73 32 being
1843 2098 81 33 small)
1936 2099 58 25 that
2005 2100 83 24 would
2098 2100 31 24 be
2147 2100 145 25 considered
2312 2100 41 25 ab-

1197 2140 58 26 surd
1267 2138 32 31 by
1314 2145 48 24 any
1383 2133 179 28 Christchurch
1585 2132 199 25 establishment.
1837 2131 44 32 My
1902 2131 77 26 Stock
1997 2132 21 25 is
2037 2132 45 25 the
2101 2133 95 32 largest
2214 2133 51 25 and
2286 2136 67 23 most

1194 2173 97 28 tvaried
1300 2172 57 25 that
1367 2170 45 25 has
1424 2176 57 18 ever
1490 2168 64 24 been
1565 2166 88 25 shown
1663 2165 28 25 in
1701 2165 44 25 the
1756 2165 104 30 district,
1873 2165 50 25 and
1934 2165 39 25 for
1983 2165 93 32 quality
2095 2166 50 25 and
2164 2167 72 24 value
2253 2169 59 30 puts
2329 2168 24 24 in

1197 2209 32 22 he
1241 2206 78 24 shade
1336 2203 76 31 goods
1424 2201 91 23 offered
1526 2200 33 30 by
1571 2199 103 29 visiting
1684 2197 117 25 hawkere
1813 2199 63 22 from
1887 2197 45 25 the
1950 2198 181 24 Christchurch
2143 2207 46 23 rag
2200 2201 88 22 marts.

1230 2258 96 24 Dress
1338 2255 165 29 Materials,
1515 2253 89 24 Plain
1615 2253 60 23 and
1685 2251 104 31 Fancy
1800 2252 80 24 from
1893 2251 49 25 3d,
1956 2257 54 25 per
2018 2252 85 29 yard.

1230 2319 27 25 A
1274 2317 109 28 Strong
1400 2316 88 26 Stout
1503 2314 134 25 Durable
1654 2312 126 31 Kaiapoi
1797 2312 113 26 Tweed
1926 2312 52 32 2/6
1990 2319 56 24 per
2056 2314 76 29 yard

1827 2355 109 25 Makes
1947 2356 156 25 first-class
2121 2356 90 31 Boys'
2230 2356 91 26 Suits.

1230 2412 59 24 Art
1305 2410 141 29 Muslins,
1465 2407 156 31 Cretones,
1640 2406 79 26 Lace
1738 2406 138 26 Curtains
1894 2406 54 25 &c.

1230 2477 26 30 A
1274 2472 109 29 Chfcice
1402 2474 167 25 Collection
1587 2473 33 24 of
1634 2472 122 30 Gloves,
1782 2472 78 30 Ties,
1890 2471 129 32 Aprons,
2049 2472 166 26 Insertions
2232 2474 55 25 &c.

1231 2530 120 31 Striped
1369 2528 124 25 Galatea
1509 2526 55 33 4/6
1576 2532 54 25 per
1641 2526 107 30 dozen,
1778 2526 103 24 worth
1892 2526 49 24 9d.
1959 2531 56 26 per
2030 2527 86 29 yard.

1230 2594 104 26 Prints
1346 2594 79 24 from
1437 2592 52 25 4d.
1502 2597 55 25 per
1568 2591 85 30 yard.
1665 2590 140 31 Muslins,
1818 2590 139 31 Selesias,
1971 2590 126 32 Calicos,
2110 2591 56 26 &c.

1816 2632 88 26 With
1921 2634 87 24 other
2025 2634 193 26 Manchester
2234 2637 87 29 lines.

1230 2690 89 31 Hats,
1337 2689 104 30 Fancy
1458 2688 60 24 and
1535 2686 106 32 Sailor,
1660 2686 31 25 in
1707 2684 104 28 White
1829 2686 60 25 and
1906 2685 116 27 Colors.

1775 2730 126 24 Newest
1917 2729 124 32 Shapes.
2076 2730 97 30 Large
2190 2731 132 33 Variety,

1230 2785 148 30 Flowers,
1396 2783 156 30 Feathers,
1569 2781 150 31 Ribbons,
1737 2780 106 31 Laces,
1861 2780 75 33 Jets,
1956 2782 55 25 &c.

1703 2821 88 26 With
1808 2822 41 24 all
1865 2823 185 25 necessaries
2067 2822 48 26 for
2131 2822 190 33 Trimmings.

1230 2876 104 29 Fancy
1349 2874 141 29 Frillings
1508 2873 78 31 3yds
1597 2873 47 24 for
1653 2871 37 34 1/-
1707 2873 103 24 worth
1821 2872 50 30 9d,
1889 2877 56 26 per
1955 2873 84 30 yard,

1768 2914 182 31 Umbrellas,
1968 2916 152 32 Parasols,
2139 2916 183 34 Sunshades,

1347 3029 332 43 SPECIAL
1766 3029 423 44 PURCHASE

1199 3102 110 33 BOYS
1341 3100 89 32 AND
1461 3098 174 32 YOUTHS
1673 3097 217 32 COLONIAL
1923 3097 154 33 TWEED
2103 3101 250 37 OVERCOATS

1682 3159 78 32 with
1782 3158 97 41 Capes

1474 3221 95 31 From
1578 3222 79 31 ,17s.
1702 3220 50 32 6d.
1797 3220 101 32 worth
1941 3221 66 31 255.
2055 3222 49 30 6d.

1351 3288 196 33 Men's
1590 3288 227 32 Tweed
1860 3288 350 37 Overcoats

1389 3352 82 16 ■.-*•■•
1674 3339 95 29 From
1792 3339 65 31 15s.
2055 3358 2 5 ■

1197 3539 134 41 English
1345 3539 129 41 Witney
1482 3538 150 32 Blankets
1646 3541 34 27 to
1696 3539 37 31 be
1748 3539 68 31 sold
1830 3542 33 27 at
1873 3540 60 30 less
1940 3540 78 30 than
2032 3539 181 34 Melbourne
2227 3542 126 32 Whole-

1198 3596 63 31 sale
1282 3591 128 40 price—
1409 3591 121 31 Double
1545 3590 68 30 Bed
1630 3589 68 33 Size
1722 3591 64 29 12s.
1812 3590 49 31 6d.
1912 3592 101 30 worth
2029 3592 65 30 16s.
2133 3593 49 30 6d.
2203 3603 57 30 per
2272 3595 79 40 pair.

1366 3662 130 41 cheaper
1509 3662 78 30 than
1602 3661 222 32 Chriitchurch
1844 3662 113 33 houses
1970 3663 66 32 will
2050 3663 57 32 sell
2121 3664 94 33 them.

1199 3962 645 239 |||ardigan
1928 4023 345 104 jackets

1448 4342 2 2 ■
1467 4341 35 11 '■'■■■
1514 4348 3 5 •
1532 4347 4 5 ■
1556 4344 60 13 *'./'.
1675 4355 4 1 _
1687 4343 10 13 >
1708 4338 44 19 mtmi
1763 4344 10 13 9
1795 4355 2 1 .
1824 4349 2 2 ■
1862 4334 64 26 '■■'",
1960 4335 70 23 ;■■■••'
2058 4337 79 23 ■''•;'
2159 4345 2 3 ■

1187 4377 4 21 :
1244 4384 73 31 R.
1342 4382 79 32 XX.
1458 4375 312 47 PJBLRISipX,
1827 4380 156 33 East
2028 4380 259 39 Oxford.

627 214 208 43 BURKE
877 216 130 41 AJSTD
1049 213 115 44 SON

764 292 134 23 INQUIRY
934 291 125 20 AGENCY
1148 293 5 10 •

687 336 131 19 Chancekt
832 335 71 22 Lane.,
918 335 187 18 Christchubch.

632 368 71 46 Next
720 367 23 21 of
760 367 54 24 Kin,
825 367 98 24 Missing
933 366 116 20 Relatives
1059 365 44 26 &q,j
1122 365 43 20 Ad-

689 393 113 26 vertising
813 393 24 19 in
847 399 45 20 any
901 394 53 24 parb
964 392 23 21 of
997 392 40 20 the
1047 391 76 21 world.

657 426 89 21 100.000
755 426 84 19 Names
849 425 99 20 indexed
957 431 38 20 up,
1012 430 62 19 upon
1094 423 71 21 whicli

630 457 148 21 information
789 458 76 26 given,
886 458 121 21 Solicitors,
1027 456 88 24 Courts,
1134 456 31 21 in-

630 492 88 25 quirers
724 492 108 19 relatives
841 491 45 24 &c,
894 491 108 20 Searches
1009 491 25 19 in
1041 491 73 19 Home
1124 491 41 19 and

630 524 66 19 other
705 524 135 23 Directions,
853 524 76 26 Army,
940 524 73 25 Navy,
1020 523 59 24 Law,
1086 522 79 26 Clergy

631 556 105 23 Medical,
743 555 59 21 Civil
809 555 98 24 Service,
915 555 134 25 University
1054 554 46 20 and
1105 555 60 19 other

631 588 62 20 Lists
715 587 44 20 Old
765 587 98 20 Records
870 587 24 20 in
899 587 154 20 Government
1063 586 102 21 Gazettes

630 621 56 20 N.Z.
698 621 46 20 and
753 621 67 20 other
833 627 94 20 papers;
946 621 101 25 Country
1062 620 103 23 families,

631 655 128 25 Pedigrees,
781 654 91 20 Letters
881 654 98 23 written,
999 653 106 25 Register
1114 653 51 25 kept

631 687 23 20 of
673 687 98 21 Medical
796 686 46 20 and
867 686 65 20 other
947 685 153 27 professional
1128 691 37 14 nie

632 719 90 20 wanted
731 720 26 18 in
766 719 32 19 all
806 718 40 20 the
855 718 111 20 Colonies.

658 753 72 26 Forty
738 758 67 20 years
814 752 138 26 experience,
959 750 96 27 enquiry
1064 750 37 21 fee
1119 750 36 27 2/6

815 788 79 25 Stamp
907 788 70 24 reply.

654 939 221 23 OXPOED

735 982 213 30 Established
974 980 87 30 1862.

680 1047 124 28 FLOUR,
816 1046 56 26 best
882 1046 81 25 brand
974 1045 60 32 only
1044 1045 68 31 kept.

633 1090 144 28 SHARPS,
813 1089 206 27 OATMEAL,
1053 1087 109 25 BRAN

722 1131 291 28 OHIOKENWHEAT,
1032 1131 33 24 &c
1068 1147 23 22 r<

639 1183 3 3 ■
657 1174 41 21 AT
725 1173 123 21 LOWEST
877 1172 141 21 CURRENT
1045 1171 104 24 RATES,

721 1284 52 43 F.
807 1281 50 45 B.
879 1280 189 54 LANE.

737 1356 90 39 (Late
842 1356 38 29 E.
901 1354 160 39 Butcher.)

633 1415 251 34 Watchmaker,
913 1413 183 34 Jeweller,
1114 1411 51 30 &c.

632 1465 123 31 Importer
788 1465 28 23 of
856 1463 107 24 Musical
997 1462 168 25 Instruments

731 1502 111 26 Victoria
864 1501 37 26 St.
933 1501 134 30 Rangiora.

634 1592 99 31 Special
744 1592 71 23 value
837 1590 28 24 in
887 1589 81 24 Extra
991 1589 86 31 strong
1089 1587 76 24 Cased

632 1635 88 30 highly
728 1633 109 25 finished
850 1632 109 31 English
977 1632 79 24 Lever
1065 1630 100 25 Watch-

633 1684 35 16 es.
714 1674 191 26 Manufactured
921 1675 27 23 to
970 1681 43 22 my
1041 1672 72 25 order
1134 1672 31 30 by

633 1715 55 24 best
700 1714 103 24 London
823 1712 106 24 makers.
964 1710 157 33 Unequalled
1129 1710 36 25 for

633 1758 122 25 excellent
769 1756 178 31 Timekeeping
962 1755 50 25 and
1023 1754 142 31 durability.

665 1801 29 24 F.
713 1801 31 24 B.
757 1799 95 25 LANE
864 1798 141 32 personally
1027 1797 71 26 visits
1119 1797 46 24 Ox-

633 1844 54 25 ford
706 1842 126 32 monthly,
856 1842 114 31 carrying
989 1849 16 16 a
1027 1841 68 31 large
1118 1840 47 25 and

632 1886 85 25 choice
751 1884 70 26 stock
849 1885 28 24 of
908 1884 127 28 Watches,
1063 1883 102 28 Chains,

632 1928 134 27 Brooches,
776 1928 88 30 Rings,
875 1927 86 28 Studs,
978 1926 129 24 Pendants
1119 1927 46 27 etc,

634 1971 141 31 Spectacles
796 1969 124 33 (Pebbles,
937 1969 168 26 Pantoscopsc
1117 1968 48 25 and

633 2015 108 33 Crystal)
754 2013 96 29 Clocks,
870 2012 107 34 (Marble
997 2012 51 24 and
1066 2011 99 33 Wood,)

731 2056 157 25 Accordeons
900 2056 50 23 and
961 2055 106 24 Violins.

665 2100 82 24 Exact
758 2100 57 24 date
828 2099 27 25 of
865 2098 61 26 each
938 2098 59 25 visit
1019 2098 23 24 is
1053 2096 106 26 notified

780 2143 27 25 in

631 2187 115 24 Repairs.
748 2201 32 3 —
782 2186 41 24 All
834 2185 95 31 repairs
946 2193 42 16 are
1005 2184 119 25 executed
1134 2184 31 31 by

631 2229 92 31 myself
744 2236 28 16 or
788 2227 80 24 under
884 2234 43 23 my
947 2226 218 32 superintendence

632 2278 27 17 so
681 2271 57 24 that
756 2271 103 31 patrons
871 2276 48 18 can
940 2270 52 31 rely
1015 2276 33 17 on
1070 2268 95 32 getting

633 2314 154 25 satisfaction
797 2314 26 24 at
834 2313 45 25 the
889 2321 59 23 very
959 2312 87 25 lowest
1054 2312 111 31 charges.

665 2357 104 32 Repairs
781 2364 28 17 or
818 2356 84 24 orders
910 2363 59 24 may
980 2356 31 23 be
1019 2355 44 24 left
1075 2356 26 23 at
1101 2369 34 4 —

632 2404 27 25 J.
676 2404 135 28 Weeber's,
846 2403 65 24 East
934 2403 101 24 Oxford,

632 2448 27 23 at
681 2446 41 26 W.
746 2446 36 24 M.
806 2445 38 28 0.,
867 2446 65 24 East
956 2444 101 26 Oxford.

632 2490 25 24 J.
674 2490 100 28 Brown,
787 2488 160 29 Bootmaker,
971 2488 71 24 West
1065 2486 100 26 Oxford.

633 2533 39 24 W.
686 2533 24 24 J.
724 2531 118 26 Crothers
852 2532 18 23 &
883 2530 44 25 Co.
936 2549 6 5 .
964 2530 70 26 Cust.

665 2575 50 24 and
731 2574 52 26 will
790 2574 30 25 be
832 2573 126 32 promptly
969 2573 118 25 attended
1098 2574 35 24 to.

635 2618 54 30 All
811 2618 77 30 done
900 2628 40 19 on
953 2618 54 29 the
1018 2617 147 30 Premises

756 2669 62 29 and
833 2667 199 40 guaranteed.

672 2810 92 42 ¥.
811 2808 313 45 STOCKS,

630 2869 343 32 MONUMENTAL
995 2868 170 37 MASON,

753 2921 133 30 Madras
910 2920 126 36 Street,

671 2971 455 34 CHRISTCHURCH.

631 3065 162 27 TTTISHES
810 3067 27 22 to
853 3065 90 25 inform
954 3072 100 24 persons
1072 3065 26 23 in
1106 3067 59 21 want

643 3105 28 21 TT
720 3098 27 25 of
761 3098 168 24 Monumental
952 3098 76 24 Work
1056 3098 55 22 that
1138 3097 27 23 he

628 3133 96 23 intends
744 3134 26 21 to
792 3130 90 26 SELL
910 3130 62 26 HIS
1007 3129 158 26 PRESENT

628 3163 118 26 LARGE
767 3162 119 30 STOCK,
903 3162 134 32 consisting
1054 3162 25 23 of
1092 3161 73 24 Gran-

628 3198 34 24 ite
679 3196 103 31 Marblej
808 3196 48 24 and
882 3196 68 23 other
977 3195 76 26 Stone
1081 3194 84 25 Monu-

629 3232 86 27 ments,
745 3231 26 23 at
799 3229 163 31 considerably
997 3227 168 26 REDUCED

629 3262 133 27 PRICES.
796 3262 58 25 Iron
871 3262 101 29 Fences,
992 3260 113 26 Concrete
1122 3261 43 24 and

631 3297 74 25 Stone
722 3295 125 31 Kerbings,
866 3295 101 24 reduced
977 3295 27 23 in
1020 3294 72 31 price.
1127 3293 38 25 In-

629 3330 127 29 scriptions
774 3328 49 23 and
840 3327 34 24 all
890 3326 67 25 work
973 3327 26 23 in
1027 3326 138 23 connection

630 3361 57 23 with
705 3360 42 24 the
762 3359 70 25 trade
844 3359 61 25 done
915 3358 26 24 in
952 3358 134 25 firat-class
1098 3358 67 31 style.

630 3393 76 31 Early
723 3392 134 31 inspection
875 3392 99 24 invited.
999 3410 3 3 .
1012 3391 96 26 Several
1117 3399 48 16 new

630 3427 61 23 lines
708 3426 75 29 lately
812 3425 101 24 arrived.
948 3424 59 31 Any:
1021 3423 144 25 .reasonable

632 3459 59 24 offer
700 3458 45 29 .for
760 3459 41 23 the
818 3460 95 27 present
926 3457 73 24 stock
1016 3456 50 25 will
1091 3455 74 26 result

630 3492 25 24 in
672 3500 14 16 a
705 3492 58 24 sale.
798 3490 77 25 Want
898 3490 27 24 to
941 3490 93 24 realise.

633 3603 92 38 MR
744 3601 66 42 W.
835 3601 51 41 N.
910 3596 255 50 CATHRO,

675 3673 181 24 BARRISTER
870 3672 68 22 AND
954 3670 175 23 SOLICITOR.

676 3704 4 9 '
783 3706 234 47 KANGiQRAi
1058 3699 5 20 :
1075 3705 5 9 '

630 3768 133 32 Attends
778 3766 123 32 Oxford
915 3775 40 20 on
966 3765 97 31 Court
1071 3763 94 40 Days.

624 3836 174 35 .instructions
806 3838 34 32 by
849 3840 58 29 post
918 3837 53 25 will
981 3836 93 24 receive
1074 3838 4 6 1
1085 3842 80 24 prom-

779 3869 44 38 'pt
851 3874 146 26 attentions
1056 3879 4 3 '
1148 3872 17 23 V

711 3935 4 3 •
752 3923 108 23 MONEY
887 3921 39 23 TO
954 3908 90 34 LEfcD.
1058 3915 4 6 '
1073 3918 4 6 '

626 4024 10 42 :
646 4021 92 69 '■'■■&•'
758 4047 49 43 B.
830 4041 335 56 SEYMOUR,:;

829 4109 139 28 DENTIST,
994 4097 18 35 7
1069 4094 7 21 f
1119 4099 29 29 '.'••

640 4172 9 11 „
671 4156 41 21 215
727 4153 105 24 Colombo
847 4152 82 25 Street,
952 4149 170 23 Christchurch.
1138 4172 3 3 .

635 4247 4 4 .
679 4210 19 41 .'
799 4225 179 24 CHARGES:—

687 4269 159 26 ,Fjlling,>ssj
880 4267 134 21 Extraction
1022 4266 25 19 2s
1061 4264 38 21 6d.

623 4332 3 6 '
654 4335 96 21 Nitrous
760 4331 60 22 Oxid
828 4329 47 22 Gas
884 4328 169 24 Administered
1057 4328 37 21 for
1100 4327 65 21 Pain-

627 4375 47 22 less
683 4373 135 23 Extraction
827 4371 24 22 of
859 4372 81 21 Teeth.
974 4371 46 22 Pee
1028 4369 37 22 for
1074 4368 91 21 Admin-

628 4412 110 23 istration
748 4412 32 21 ss.

114 218 108 26 CHILD
234 216 109 24 BIRTH
357 214 95 30 SAFE,
466 214 73 24 AND

167 259 138 25 ALMOST
314 257 173 25 PAINLESS

57 304 95 66 BY
198 303 74 31 using
308 301 48 24 DR
402 299 197 25 FAWCETT'S

162 337 132 23 Medicine.

96 379 71 25 MRS
192 376 165 26 BUKRELL
378 375 61 30 begs
461 376 28 21 to
510 374 89 23 inform

61 418 45 24 the
118 417 91 24 Ladies
221 415 57 25 that
286 414 44 24 she
339 414 46 23 has
396 412 62 25 been
467 411 131 31 appointed

61 458 59 25 Sole
141 458 73 29 agent
236 456 27 22 in
287 452 178 26 Christchurch
493 451 37 24 for
557 451 43 24 the

61 497 79 23 above
152 494 123 24 Medicine
288 494 25 22 to
329 491 117 24 facilitate
461 489 139 24 Accouche-

62 538 89 22 ments.
186 533 91 25 Ladies
288 539 46 18 can
357 531 31 24 be
409 529 113 31 supplied
541 528 60 24 with

63 576 43 22 the
129 574 75 23 above
226 572 32 30 by
283 569 105 30 sending
411 576 28 16 or
461 567 92 30 calling
576 568 25 22 at

65 614 40 24 Mr
127 612 122 26 BurrelPs
271 607 182 33 Photographic
476 607 70 31 place
578 606 23 24 of

64 654 123 24 business.
201 651 105 24 Gould's
328 649 140 29 BuildingSj
491 646 110 24 Victoria

66 692 89 27 Street,
169 687 181 27 Cbristclmrch,
370 685 82 24 where
472 684 34 23 all
525 684 76 22 infor-

64 731 98 24 mation
190 737 45 15 can
263 727 31 23 be
322 724 117 26 obtained
466 723 57 26 free,
553 722 48 23 and

66 767 117 33 perfectly
226 765 155 28 satisfactory
413 761 49 25 and
496 760 105 31 genuine

66 804 166 26 testimonials
244 811 47 15 can
301 802 31 23 be
344 808 66 16 seen.

67 847 74 63 r7
168 864 79 42 W.
264 856 337 53 ENGLAND,

66 931 140 38 Timber
221 927 70 39 and
313 926 77 38 Coal
418 922 183 40 Merchant

66 1011 162 68 LAEGE
249 1008 108 26 STOCK
374 1007 44 24 OF
430 1004 171 25 BUILDING

243 1038 208 28 MATBEIALS.

136 1088 33 25 Of
190 1094 71 23 every
293 1083 158 31 description,
484 1079 117 26 seasoned

169 1124 74 30 ready
250 1123 38 23 for
295 1129 52 20 use,
356 1120 90 30 always
454 1126 30 16 on
491 1117 68 24 hand
563 1134 6 6 .

105 1169 67 25 Also,
204 1163 151 27 Galvanised
385 1162 67 27 Iron,
483 1159 117 24 Portland

70 1208 104 25 Cement
184 1206 48 23 and
244 1204 123 24 Builders'
381 1202 187 28 Ironmongery.

104 1257 110 29 Country
230 1253 90 24 Orders
344 1250 125 30 Carefully
491 1247 110 26 Selected

235 1292 49 24 and
292 1290 144 25 forwarded.

68 1332 99 26 TUAM
176 1329 142 28 STREET,
332 1324 269 28 CHEISTCHUECH

101 1397 259 81 SMITH
388 1394 59 79 &
472 1394 107 92 Co.,

77 1498 72 25 THE
160 1494 155 27 LEADING
324 1492 118 26 FEAME
451 1490 141 25 MAKEES

68 1538 121 21 CORNER
209 1533 141 24 COLOMBO
371 1533 17 19 &
407 1529 194 23 GLOUCESTER

123 1567 140 23 STREETS.
308 1562 241 25 CHRISTCHURCH.

153 1606 53 24 The
213 1605 116 30 cheapest
337 1602 62 31 shop
406 1602 26 23 in
440 1601 86 24 Town.

102 1649 136 30 Importers
251 1646 26 24 of
286 1644 150 30 Mouldings,
456 1643 82 24 Glass.
550 1641 51 24 En-

168 1686 115 31 gravings
305 1684 50 23 and
385 1683 120 23 Pictures.

67 1765 80 43 W.
169 1759 349 48 JOHNSON&
532 1756 69 45 Co

178 1830 56 26 (late
244 1829 87 20 Hamill
341 1828 17 19 &
367 1826 112 24 Johnson)

121 1873 84 20 LAND
219 1871 64 20 AND
292 1868 115 22 ESTATE
421 1866 127 25 AGENTS,

212 1912 27 21 71
249 1909 122 22 Cathedral
381 1909 91 25 Square,

110 1944 451 37 CHRISTCHURCH.

93 2018 49 20 The
152 2016 103 21 Farmers
261 2015 24 20 of
292 2013 91 26 Oxford,
395 2012 57 22 Cust
461 2011 45 21 and
516 2016 85 15 surrou-

65 2056 74 24 nding
149 2054 108 19 Districts
264 2053 50 19 who
323 2051 56 20 wish
388 2051 24 19 to
419 2049 89 25 dispose
517 2048 23 20 of
544 2048 57 19 their

66 2091 72 20 farms
152 2090 48 20 will
208 2088 48 21 find
272 2088 20 21 it
308 2089 24 19 to
352 2087 62 20 their
432 2086 129 24 advantage
579 2084 22 20 to

65 2129 66 27 place
139 2128 64 21 them
212 2127 25 20 in
246 2132 41 14 our
299 2124 82 21 hands.
417 2122 44 21 We
479 2122 66 20 make
562 2121 39 20 the

68 2167 52 20 Sale
134 2164 24 23 of
176 2164 65 21 Land
258 2163 41 20 the
317 2161 93 26 leading
425 2159 87 23 branch
525 2158 24 22 of
562 2165 39 14 our

67 2203 111 19 Business
188 2202 45 19 and
243 2207 32 13 we
284 2206 66 19 spare
357 2199 91 19 neither
452 2198 56 20 time
514 2196 87 21 trouble

67 2244 43 13 nor
120 2243 96 19 expence
226 2237 25 18 in
255 2236 109 24 bringing
366 2233 108 26 property
480 2232 77 20 before
563 2232 38 19 the

66 2274 75 20 notice
155 2272 24 21 of
188 2272 40 20 the
240 2271 83 27 public.

162 2309 57 20 FOR
234 2308 76 22 SALE
323 2307 41 21 AT
378 2305 119 22 OXFORD

93 2354 21 18 A
123 2353 69 19 Farm
201 2350 24 21 of
233 2351 28 19 40
272 2355 60 15 acres
338 2348 59 25 good
404 2347 56 20 land
467 2346 53 20 well
524 2345 77 20 fenced

65 2389 49 20 and
123 2385 141 24 subdivided,
273 2385 54 21 Two
337 2384 107 25 dwelling
462 2382 83 21 houses
558 2381 43 21 and

64 2427 44 19 out
117 2424 123 25 buildings,
275 2422 65 21 Price
353 2421 54 25 only
416 2420 61 21 .£SOO
491 2425 45 19 any
545 2424 56 15 reas-

66 2462 82 21 onable
157 2462 70 19 terms
237 2459 76 27 given.

96 2509 48 20 Our
153 2508 51 20 List
218 2507 24 21 of
252 2506 80 20 Farms
342 2504 36 21 for
387 2503 52 21 Sale
454 2503 52 21 sent
513 2502 49 21 free
576 2507 25 14 on

67 2545 146 28 application.

70 2631 28 36 0
125 2620 476 76 MANNIND|nOMPANY

266 2709 138 24 LIMITED.

90 2768 272 30 CHRISTCHUECH
382 2765 185 26 BEEWEEY.

295 2829 62 20 THE

213 2870 114 32 AL
345 2867 95 33 JES

197 2911 130 22 BREWED
338 2911 39 20 BY
391 2908 72 22 THIS

150 2949 309 37 COMPAISr
465 2948 54 32 Y

252 3004 84 21 FROM
345 3003 62 21 THE

63 3046 221 44 CttOIOEST
301 3042 268 44 tyTALT#ttOf
574 3041 23 37 0

178 3099 46 20 Are
233 3095 175 26 acknowledged
416 3095 25 20 to
449 3094 30 20 be

61 3138 150 21 SUPERIOR
220 3137 35 19 IN
266 3134 136 24 QUALITY
412 3133 38 21 TO
457 3133 65 19 ANY
528 3131 73 20 PRO-

129 3167 101 20 DUCED
244 3166 36 20 IN
294 3165 73 20 NEW
381 3163 150 21 ZEALAND.

89 3204 109 28 Supplied
203 3205 25 20 to
232 3203 81 21 Hotels
319 3201 47 22 and
372 3194 93 27 Private
471 3199 129 21 Customers

61 3234 24 19 in
95 3231 142 28 Hogsheads,
249 3231 98 24 Barrels,
359 3227 139 25 Kilderkins,
509 3225 45 23 and
564 3227 36 19 10-

61 3261 90 25 --gallons
161 3259 63 26 Kegs
233 3258 61 25 only.

62 3311 121 41 FALE
205 3309 91 41 ALE
319 3308 93 41 AND
443 3305 157 42 EXTRA

256 3358 134 43 STOUT

160 3412 93 22 Bottled
261 3412 26 20 in
296 3410 85 26 Quarts
391 3409 47 22 and
446 3409 73 20 Pints.

216 3508 231 48 DRINK

63 3611 3 4 ,
100 3580 182 41 HYSLOP'
296 3579 124 39 PURE
441 3577 102 39 TEA.

64 3640 68 35 The,
146 3638 106 38 finest;
251 3637 54 29 the
313 3642 9 10 >
319 3634 105 39 Wprl<3
441 3633 160 40 produces..

68 3692 75 31 Sold
153 3692 44 39 by
226 3688 101 32 MrF.
343 3687 39 31 A.
411 3686 190 35 Waterman,

108 3727 311 53 EastOxforj..'.-'^'.
431 3735 34 24 ■'"■
510 3744 3 5 '

65 3789 59 30 Mr;
137 3769 278 56 R..Eisher,,,,Sy;e^
428 3782 148 43 Oxford;;

65 3835 52 29 Mr
130 3834 110 30 Alfred
254 3834 71 33 iJee;
339 3819 138 41 ,6xford.
487 3856 4 3 .

66 3883 49 28 Mr
263 3878 134 40 Cooper,'
422 3875 88 37 Cust,
539 3875 62 32 and

108 3939 93 26 many
220 3927 114 32 others'.'
351 3930 6 7 '
458 3934 6 7 *
595 3930 6 19 r

178 4113 5 8 _.
190 4085 3 2 '
192 4107 5 10 ;
215 4087 68 25 Coim
295 4086 147 27 Exchange.
452 4081 4 13 '

168 4160 4 2 -
204 4146 4 8 '
278 4123 295 54 ,CHEisTci|uECH;
579 4129 8 15 ?

101 4228 80 29 Land,
193 4228 96 29 Estate,
298 4235 4 5 •
322 4225 149 29 Havtse^nd
492 4224 108 25 General

68 4271 171 25 Commission-
268 4271 89 31 Agent.
419 4263 112 31 LOAtfS
548 4274 53 26 ..$&,

68 4313 124 26 Freehold
195 4321 6 11 *
204 4311 282 33 Setevmiyu^egotiated.
532 4309 69 27 ALL.

67 4356 114 25 business
193 4355 127 25 entrusted
330 4356 27 24 to
378 4362 43 24 my
439 4361 57 17 care
506 4352 53 25 will
569 4353 31 24 be

66 4398 139 26 conducted
214 4398 61 26 -with
287 4398 44 24 the
341 4398 96 24 utmost
447 4396 96 32 fidelity
550 4395 50 25 and

66 4441 124 31 dispatch.
