3590 4590
1214 92 172 33 OXFORD
1431 90 226 32 OBSERVER
1701 91 240 34 SATURDAY,
1991 87 233 31 DECEMBER
2268 86 30 35 8,
2336 84 90 31 1894.

2970 4252 105 28 Printed
3098 4257 51 25 ana
3188 4259 140 29 Published
3356 4265 33 33 Ly
3424 4267 89 27 Laura

3003 4291 83 27 Ankie
3107 4295 105 32 Pabish,
3236 4301 28 24 at
3281 4300 53 29 .her
3365 4304 147 33 Registered

3002 4334 119 36 Printing
3132 4339 87 31 Office,
3241 4342 70 33 High
3336 4346 93 30 Street.
3452 4350 64 27 East

3003 4377 102 31 Oxford,
3115 4380 166 38 CaDterbury.

3013 4429 131 29 Sattbday
3160 4433 141 31 December
3318 4440 24 30 8,
3374 4442 66 27 1894

2958 250 172 52 WATCH
3173 235 179 106 |^|.
3360 254 150 52 CLOCK

3083 410 302 38 FITTED

2951 476 4 14 :
3225 471 30 16 AT

2982 507 183 35 Parish's
3193 510 104 35 East
3320 512 162 43 Oxford,.

3014 773 3 3 '
3145 760 249 46 SINfiEE'S

3007 961 205 43 MACHINE
3259 964 201 43 NEEELEE

3134 1049 72 58 if-
3235 1063 73 48 por
3334 1047 160 56 4®zm

2957 1766 36 38 '■''.
3036 1778 29 28 "'.
3080 1768 37 15 ';
3117 1785 4 17 :
3132 1778 33 14 ■■■■■
3228 1780 43 23 AT

2972 1932 188 41 EAST
3175 1921 329 71 i^IQBD

2969 2078 523 61 &w;ti$&LATm
3491 2131 14 19 9

2968 2160 140 41 Timber
3122 2164 70 39 and
3214 2166 77 40 Coal
3320 2168 186 43 Merchant

2970 2246 43 24 T
3149 2248 109 27 STOCK
3276 2251 44 25 OF
3332 2250 172 31 BUILDING

2963 2273 70 38 XjL
3088 2284 6 5 *
3143 2281 217 33 MATEEIALSi

3035 2321 35 26 Of
3090 2330 72 26 every
3186 2326 166 33 .description,
3384 2331 120 26 seasoned

3068 2361 76 33 ready
3149 2362 40 26 for
3195 2371 53 24 use,
3256 2364 92 34 always
3355 2375 31 17 on
3393 2368 78 26 hand.

3002 2402 69 30 Also,
3102 2404 154 28 Galvanised
3285 2408 69 31 Iron,
3384 2411 121 26 Portland

2970 2440 104 28 Cement
3082 2444 50 24 and
3142 2444 118 28 Builders
3262 2450 6 8 1
3280 2448 192 35 Ironmongery.

3003 2490 112 36 Country
3130 2494 96 27 Orders.
3245 2496 128 37 Carefully
3393 2500 113 28 Selected

3136 2535 51 24 and
3194 2535 145 29 forwarded.

2970 2579 251 34 TUAMSTEEET,
3234 2585 274 31 CHRISTCHUECH

3033 2705 213 45 HOLLAND
3280 2712 156 44 FINISH

3151 2764 165 45 CAUCII

3083 2824 65 35 3d.
3182 2835 74 31 per
3275 2833 114 36 yard.

3227 2904 34 28 at
3269 2919 5 7 '

3084 2948 39 31 R.
3140 2949 42 31 H.
3203 2951 196 36 PARISH'S

2971 3256 144 44 YOUNG
3201 3261 292 46 CHANCELLOR

3183 3328 52 26 will
3249 3330 59 24 visit
3492 3333 57 24 MM

3129 3381 213 36 OXFORD

2970 3464 73 26 every
3068 3458 198 32 THURSDAY,
3290 3462 39 26 for
3359 3463 146 33 particulara

3184 3509 75 31 apply
3272 3511 27 23 to

3123 3550 33 26 G.
3168 3551 34 26 E.
3217 3552 142 34 Weylandt,

3256 3595 64 28 East
3337 3597 98 28 Oxford.

3072 3662 5 2 .
3102 3634 36 25 Or
3145 3642 86 25 groom
3243 3636 29 26 m
3288 3638 89 32 charge

3036 3694 93 27 JOHN
3146 3695 144 33 MERRINj
3302 3699 136 33 Propritor.

3002 3862 219 49 PUBLIC
3269 3868 238 50 NOTICE.

3003 3964 174 38 Telegraphic
3189 3968 132 39 Messages
3341 3981 50 19 can
3403 3983 62 18 now
3476 3975 33 27 be

2970 4012 60 24 sent
3053 4012 54 26 and
3126 4015 121 27 receired
3267 4020 29 23 at
3321 4018 66 27 East
3409 4019 103 29 Oxford

2970 4052 115 36 Station,
3102 4059 54 25 and
3174 4059 92 30 Postal
3286 4062 87 28 Notes
3393 4074 61 27 may
3476 4067 34 26 be

2969 4100 156 33 purchased.

228 243 254 46 NOTICE,
584 278 11 13 ,

76 339 99 46 Job
193 340 235 55 Printing
440 341 10 42 !

250 407 101 45 Job
374 406 247 55 Printing

120 469 174 32 OXFOED
350 467 230 32 OBSEKYEE

162 520 160 39 Machine
352 519 181 48 Printing-

240 604 4 3 .
259 570 168 39 WOUKS

147 632 90 24 MAIN
250 630 143 29 STEEET,
405 627 150 27 OXFORD.

150 709 65 43 T^
217 707 61 24 INE
329 706 64 35 X>
396 702 154 26 RINTI]sTG

125 779 39 30 In
179 779 73 38 Any
280 776 127 39 Variety
423 785 35 19 or
484 773 96 37 Style.

83 871 72 23 THE
186 868 113 24 CHEAP
329 866 122 24 MONEY
470 862 151 27 SCHEME.

120 957 120 26 Whether
252 964 89 22 money
352 955 22 24 is
386 955 26 23 to
430 953 31 25 be
478 951 145 26 considered

84 1009 27 17 as
124 1001 94 30 having
230 1007 32 16 an
273 998 111 24 intrinsic
407 997 81 26 value,
501 1002 28 17 or
541 1002 28 16 as
579 994 42 24 be-

87 1045 45 29 ing
141 1051 14 16 a
167 1041 156 31 commodity,
332 1049 14 15 a
355 1038 123 28 standard,
488 1045 14 17 a
512 1044 109 17 measure

89 1094 27 16 or
134 1093 14 16 a
160 1084 115 31 pledge—
278 1091 27 16 as
318 1083 21 24 is
351 1082 123 30 variously
491 1079 131 32 suggested

91 1134 38 25 by.
133 1129 90 23 writers
228 1126 80 24 —and
319 1125 109 25 whether
440 1124 42 24 the
503 1124 54 23 true
567 1122 54 24 idea

90 1171 27 24 of
126 1178 87 23 money
216 1184 29 3 —
248 1177 27 16 as
287 1169 60 24 sueh
349 1182 31 3 —
382 1167 29 25 be
423 1168 44 24 not
487 1162 136 35 altogether

90 1213 56 24 that
158 1213 25 22 of
195 1220 14 15 a
221 1211 74 24 ticket
304 1210 153 24 or-counter?

124 1254 120 24 Whether
256 1254 19 23 it
283 1253 61 24 doth
355 1254 44 22 not
411 1253 62 22 have
485 1250 77 24 much
576 1250 44 23 im-

89 1299 54 29 port
158 1298 25 22 to
205 1296 63 23 have
291 1303 15 16 a
333 1294 67 31 right
430 1293 145 29 conception
597 1291 27 24 of

89 1347 89 24 money
187 1339 10 24 ?
210 1339 49 24 and
268 1337 111 25 whether
390 1336 32 24 its
435 1337 54 22 true
510 1334 48 25 and
567 1334 54 32 just

89 1383 55 23 idea
155 1382 29 23 be
197 1383 43 22 not
258 1381 55 23 that
325 1380 26 24 of
360 1387 15 16 a
392 1379 78 25 ticket
482 1386 27 16 or
520 1380 101 22 counter

89 1424 115 31 entitling
213 1426 25 22 to
250 1430 87 24 power,
357 1420 50 25 and
418 1420 73 24 fitted
503 1421 24 23 to
539 1419 82 25 record

89 1468 48 23 and
150 1466 105 24 transfer
268 1466 91 30 power?

123 1508 118 26 Whether
258 1515 79 23 power
348 1508 25 23 to
386 1505 132 26 command
529 1504 43 24 the
583 1503 38 25 in-

91 1553 85 30 dustry
188 1552 26 23 of
224 1552 84 23 others
330 1551 30 23 be
379 1551 46 23 not
435 1548 52 25 real
509 1547 91 25 wealth
610 1548 11 23 ?

90 1595 50 24 and
151 1594 110 25 whether
277 1601 85 22 money
386 1592 30 24 be
436 1592 44 23 not
502 1591 28 24 m
552 1589 71 25 truth

89 1638 88 24 tickets
190 1645 26 16 or
225 1637 86 24 tokens
332 1635 36 25 for
379 1634 136 31 conveying
525 1633 49 24 and
585 1641 36 15 re-

89 1679 101 30 cording
203 1679 59 23 such
275 1679 101 30 power?
400 1677 49 23 and
468 1675 113 25 whether
602 1675 21 23 it

89 1722 30 24 be
131 1721 27 24 of
167 1722 70 30 great
248 1726 167 24 consequence
422 1719 68 23 what
497 1716 125 25 materials

90 1765 43 25 the
145 1765 88 24 tickets
245 1771 40 17 are
296 1762 80 26 made,
381 1762 26 25 of
413 1764 12 22 ?

124 1808 120 24 Whether
256 1807 76 27 trade,
346 1806 80 23 either
436 1804 94 31 foreign
542 1811 28 16 or
581 1804 42 23 de-

89 1849 93 29 mestic,
194 1848 29 24 be
235 1849 26 23 m
275 1849 66 23 truth
354 1855 48 20 any
413 1853 68 17 more
499 1846 63 23 than
573 1845 50 24 this

89 1896 133 18 commerce
235 1888 25 25 of
266 1888 133 31 industry?

124 1932 120 24 Whether
252 1935 26 20 to
296 1931 118 30 promote,
439 1928 111 30 transfer,
573 1928 48 24 and

89 1982 84 15 secure
183 1973 49 23 this
242 1980 136 16 commerce
390 1972 48 22 and
447 1970 51 24 this
506 1970 116 29 property

88 2016 26 23 m
130 2015 95 24 human
237 2014 93 29 latour,
343 2021 35 21 or,
390 2013 28 24 m
438 2011 72 26 other
532 2011 87 32 words,

87 2059 51 25 this
150 2067 80 23 power
242 2058 29 25 ba
283 2058 43 25 not
338 2058 43 25 the
389 2058 51 25 sole
452 2064 86 18 means
546 2056 26 25 of
578 2063 42 17 en-

87 2102 97 29 riching
196 2109 15 15 a
222 2100 85 31 people
326 2101 48 23 and
386 2100 56 24 how
453 2100 38 23 far
502 2100 49 23 this
562 2106 59 24 may

86 2143 31 25 be
129 2143 61 25 done
202 2143 191 31 independently
405 2142 25 25 of
439 2142 59 31 gold
517 2141 49 25 and
578 2140 41 26 sil-

87 2195 41 16 ver
138 2189 11 21 ?

122 2229 122 24 Whether
255 2236 15 15 a
280 2229 112 23 national
412 2235 119 23 currency
542 2227 80 24 would

89 2273 44 23 not
144 2272 31 24 be
188 2279 69 16 more
279 2270 130 25 beneficial
431 2270 63 24 than
517 2277 62 17 even
607 2277 14 16 a

88 2314 143 33 gold-mine,
245 2313 50 25 and
306 2313 112 25 whether
426 2312 55 25 that
489 2312 31 24 be
527 2314 42 22 not
578 2311 44 25 the

87 2361 56 21 true
153 2357 179 32 philosopher's
348 2359 71 22 stone
441 2357 26 23 m
496 2364 16 15 a
536 2355 69 24 State
614 2364 6 21 ;

85 2401 51 24 and
158 2399 110 25 whether
295 2407 91 24 money
414 2399 84 25 would
519 2406 58 17 ever
592 2399 30 23 be

85 2443 112 31 wanting
207 2444 27 23 to
245 2443 42 24 the
299 2441 119 25 demands
430 2441 26 24 of
473 2441 117 31 Industry
601 2441 22 24 if

84 2494 37 17 we
132 2486 64 25 have
208 2494 15 16 a
233 2486 114 24 national
358 2485 68 24 bank
435 2486 12 23 ?

381 2528 97 24 Bishop
492 2527 128 24 Bekkley.

140 2643 108 24 CHILD
259 2642 108 25 BIETH
381 2641 94 30 SAFE,
489 2641 74 24 AND

191 2684 136 26 ALMOST
336 2683 172 26 PAINLESS

80 2727 94 65 BY
219 2727 75 32 using
328 2726 49 25 DX
421 2725 197 27 FAWCETT'S

183 2759 132 25 Medicine.

115 2802 71 25 MRS
209 2802 165 25 BUREELL
396 2801 60 32 begs
478 2803 28 23 to
527 2801 91 24 inform

81 2841 44 24 the
137 2839 91 26 Ladies
239 2840 57 25 that
304 2840 44 25 she
357 2840 47 25 has
412 2839 64 25 been
484 2839 132 32 appointed

80 2881 57 24 Sole
158 2882 73 29 agent
253 2881 28 24 m
304 2879 178 26 Christchurch
508 2878 38 26 for
572 2878 46 26 the

80 2918 77 24 above
169 2918 123 24 Medicine
304 2919 27 23 to
345 2917 118 25 facilitate
476 2916 140 25 Accouche-

78 2958 88 22 ments.
201 2956 91 24 Ladies
303 2964 47 16 can
371 2956 32 24 be
424 2956 113 30 supplied
556 2955 60 25 with

77 2994 43 24 the
143 2994 76 23 above
240 2992 33 32 by
298 2992 105 32 sending
425 3000 29 17 or
475 2992 92 32 calling
590 2994 26 23 at

78 3033 51 25 Mr.
142 3033 121 25 Burrell's
285 3032 182 32 Photographic
489 3032 71 32 place
591 3032 28 25 of

76 3072 124 27 business,
214 3071 105 26 Gould's
341 3071 134 33 Buildings
477 3089 5 13 s
504 3071 112 26 Victoria

79 3111 89 29 Street,
182 3109 182 31 Christchurch,
383 3109 83 26 where
485 3109 34 26 all
538 3109 76 26 infor-

76 3151 98 24 mation
202 3158 46 17 can
276 3151 31 24 be
334 3149 118 26 obtained
478 3150 58 29 free,
565 3150 51 24 and

76 3189 118 31 perfectly
237 3188 157 31 satisfactory
425 3187 50 26 and
508 3187 108 32 genuine

77 3227 168 25 testimonials
256 3234 48 17 can
315 3226 31 25 be
356 3233 68 18 seen.

80 3353 175 29 OXFORD
299 3354 188 31 LIBBAEY
527 3355 89 31 AND

174 3403 196 32 READING
390 3405 131 31 ROOM.

82 3502 53 25 The
165 3502 92 25 Oxford
283 3502 105 33 Library
414 3504 24 25 is
463 3512 63 24 open
548 3513 70 25 every

83 3544 114 32 Tuesday
207 3545 50 25 and
278 3545 122 33 Saturday
428 3547 96 32 nights,
553 3548 65 26 from

84 3589 13 23 6
111 3589 32 23 30
155 3596 68 23 p.m.,
245 3590 26 23 to
291 3590 15 23 8
318 3597 70 23 p.m.,
412 3590 51 25 and
492 3598 34 18 on
548 3600 71 24 every

83 3630 120 25 alternate
215 3631 131 32 Thursday
370 3633 139 29 afternoon,
539 3634 80 32 (Sale-

81 3673 72 33 days)
176 3673 64 26 from
252 3674 61 25 230
324 3682 65 24 p.m..
405 3676 27 25 to
444 3677 15 24 5
470 3684 59 23 p.m.
567 3678 52 24 The

81 3717 113 32 Beading
207 3718 78 25 Eoom
296 3718 21 25 is
330 3726 64 24 open
416 3720 27 24 to
465 3719 45 25 the
535 3720 85 31 public

80 3760 59 33 free)
146 3761 65 32 daily
223 3761 65 25 fvom
295 3762 29 23 11
338 3769 71 22 a.m.,
431 3767 26 20 to
482 3762 136 30 Sundown,

82 3803 127 33 (Sundays
238 3805 127 33 excepted)
400 3806 49 24 and
489 3806 71 25 when
576 3806 44 25 the

80 3846 106 31 Library
221 3847 23 24 is
278 3855 72 23 open,
385 3848 43 25 the
464 3849 155 32 circulating,

80 3888 107 31 Library
198 3890 112 23 contains
322 3891 75 27 1,700
407 3890 121 30 volumes,
553 3900 66 16 coin-

81 3930 111 31 prising:
195 3946 32 3 —
228 3931 111 32 History,
360 3932 109 29 Science,
503 3933 116 33 Theoogy

79 3973 151 32 Biography,
271 3975 86 24 Travel
389 3975 50 25 and
466 3976 152 33 Adventure,

79 4015 84 24 Books
174 4015 38 25 for
223 4017 43 23 the
286 4017 92 31 Young
390 4019 41 23 &c.
467 4017 58 25 This
548 4019 23 23 is
593 4027 27 15 a-

79 4059 102 31 mongst
204 4058 43 25 the
259 4059 91 31 largest
372 4060 51 25 and
433 4061 58 24 best
514 4061 104 25 selected

79 4101 107 33 Library
198 4102 26 24 m
253 4102 62 26 New
327 4102 118 26 Zealand.
480 4104 23 24 A
511 4104 108 25 number

79 4144 28 25 cf
113 4153 55 17 new
190 4146 76 24 books
289 4146 49 24 will
360 4146 96 32 shortly
475 4148 31 24 be
528 4148 88 24 added.

79 4187 53 25 Tlie
145 4187 151 26 Committee
318 4188 49 25 will
379 4189 29 24 be
419 4189 56 32 glad
486 4191 27 23 to
524 4189 94 26 receive

79 4230 181 25 contributions
284 4231 27 25 of
338 4231 104 26 suitable
468 4233 77 24 books
567 4233 51 25 and

77 4274 144 32 periodicals
244 4275 38 24 for
293 4275 41 24 the
346 4275 107 33 Library
473 4276 51 25 and
534 4276 81 25 Bead-

76 4317 47 32 ing
150 4325 76 16 room.

269 4356 25 22 L.
311 4356 126 33 REEVES,

359 4395 68 26 Hon.
439 4395 142 26 Librarian.

129 4438 178 26 SUBSCRIPTION
318 4438 38 33 2j-
368 4447 50 16 PER
437 4439 127 30 QUARTER.

652 574 266 47 GEORGE
950 569 235 47 KEATS.

675 650 158 27 BUILDER
842 648 70 25 AND
925 644 237 28 UNDERTAKER

753 703 105 31 EAST
899 699 180 32 OXFORD.

684 792 121 26 Funerals
814 788 150 28 Conducted,
977 786 88 26 Adults
1072 786 12 24 f
1085 786 54 25 roni
1149 785 37 24 £3

651 837 115 25 Children
785 835 64 23 from
868 832 68 32 22/6.
1037 856 3 2 .

753 1072 214 29 Established
992 1067 88 29 1862.

699 1137 124 28 FLOUR,
835 1135 56 25 best
902 1132 80 26 brand
993 1131 60 31 only
1063 1130 68 31 kept.

652 1180 143 27 SHARPS,
831 1174 205 30 OATMEAL,
1072 1171 110 25 BRAN

741 1219 152 28 CHICKEN
895 1217 83 25 WHE
980 1216 61 28 AT,.
1051 1217 42 22 &c.

677 1265 40 20 AT
744 1262 122 22 LOWEST
895 1259 141 22 CURRENT
1063 1256 105 24 RATES,

739 1364 53 44 F.
825 1360 50 44 B.
898 1356 189 56 LANE.

755 1436 91 40 (Late
859 1428 47 36 E.
919 1430 176 47 Butcher.)^

652 1496 249 32 Watchmaker,
931 1491 182 33 Jeweller,
1131 1488 51 29 &c.

650 1547 123 31 Importer
807 1545 26 24 of
872 1540 108 28 Musical
1014 1538 171 25 Instruments

748 1581 112 27 Victoria
881 1580 38 25 St.
950 1578 134 31 Rangiora.

652 1672 99 30 Special
762 1671 71 24 value
855 1669 28 23 m
905 1667 80 24 Extra
1008 1667 86 28 strong
1106 1662 79 25 Cased

650 1714 88 31 highly
746 1710 109 27 finished
868 1709 109 31 English
995 1708 79 24 Lever
1082 1705 103 26 Watch-

651 1765 34 18 es.
731 1752 192 29 Manufactured
939 1753 27 24 to
988 1759 43 23 my
1059 1749 72 26 order
1151 1747 34 32 by

651 1798 55 24 best
717 1796 105 24 London
840 1793 107 25 makers.
981 1789 159 33 Unequalled
1147 1788 39 25 for

651 1839 122 25 excellent
786 1835 178 31 Timekeeping
979 1834 51 24 and
1041 1832 143 30 durability.

683 1881 30 25 F.
731 1881 31 24 B.
774 1878 96 26 LANE
882 1876 141 34 personally
1044 1875 72 26 visits
1136 1874 49 25 Ox-

651 1926 54 24 ford
724 1923 125 33 monthly,
873 1921 115 33 carrying
1007 1928 16 17 a
1044 1919 69 32 large
1136 1918 50 25 and

649 1968 86 24 choice
769 1966 71 25 stock
868 1964 27 25 of
926 1963 128 27 Watches,
1082 1961 103 28 Chains,

649 2008 134 28 Brooches,
793 2008 89 29 Rings,
894 2005 85 28 Studs,
997 2004 129 25 Pendants
1138 2004 47 27 etc,

652 2051 141 33 Spectacles
814 2048 124 35 (Pebbles,
955 2048 169 30 Pantoscopsc
1136 2044 50 26 and

650 2095 109 32 Crystal)
772 2093 96 28 Clocks,
887 2091 109 33 (Marble
1016 2090 50 25 and
1084 2089 102 32 Wood,)

749 2135 156 26 Accordeons
917 2134 50 25 and
978 2133 107 25 Violins.

683 2181 81 25 Exact
776 2180 57 24 date
845 2178 28 26 of
882 2177 62 26 each
955 2177 60 25 visit
1037 2175 23 26 is
1071 2173 107 27 notified

799 2223 27 24 m

651 2267 148 24 Repairs.—
801 2263 42 26 All
853 2263 95 32 repairs
964 2269 43 18 are
1024 2260 119 26 executed
1153 2259 32 32 by

649 2309 92 33 myself
762 2317 28 18 or
806 2307 80 26 under
902 2314 43 24 my
965 2304 221 33 superintendence

651 2362 27 16 so
699 2353 58 25 that
775 2354 104 30 patrons
890 2357 47 19 can
959 2350 52 30 rely
1033 2356 34 17 on
1089 2347 98 33 getting

651 2396 155 25 satisfaction
815 2396 27 24 at
852 2394 45 24 the
907 2401 59 23 very
977 2392 87 25 lowest
1072 2390 113 32 charges.

683 2438 105 32 Repairs
800 2444 28 19 or
836 2436 84 26 orders
929 2443 58 24 may
998 2434 31 24 be
1036 2434 46 24 left
1093 2434 60 24 at—

650 2487 27 24 J.
694 2486 135 28 Weeber's,
863 2484 66 25 East
952 2482 101 26 Oxford.

649 2531 27 23 at
698 2530 41 24 W.
762 2529 38 25 M.
824 2527 38 28 C,
885 2527 65 24 East
974 2525 102 26 Oxiord.

649 2573 24 25 J.
691 2572 101 29 Brown,
804 2569 160 30 Bootmaker,
988 2568 72 26 West
1083 2565 102 27 Oxford.

649 2616 40 25 W.
702 2615 25 25 J.
741 2614 118 26 Crothers
868 2614 19 24 &
899 2612 46 26 Co.
953 2630 6 7 .
981 2611 71 25 Oust.

681 2658 51 24 and
748 2657 52 25 will
806 2657 31 24 be
848 2654 127 32 promptly
986 2653 119 25 attended
1116 2653 36 24 to.

649 2700 56 31 All
715 2700 100 31 Work
826 2698 78 30 done
915 2708 41 20 on
970 2697 54 30 the
1035 2696 152 30 Premises

772 2750 62 30 and
849 2747 200 42 guaranteed.

687 2880 94 42 W.
826 2874 315 47 STOCKS,

645 2938 345 34 MONUMENTAL
1011 2935 174 37 MASON,

769 2990 132 30 Madras
925 2988 128 34 Street,

687 3038 456 37 CHRISTCHURCH.

647 3135 162 62 WISHES
826 3137 27 22 to
868 3134 91 25 inform
969 3139 101 26 persons
1087 3131 26 25 m
1122 3131 65 25 want

736 3170 28 24 of
777 3168 168 26 Monumental
967 3166 78 25 Work
1072 3165 55 24 that
1153 3163 33 24 he

643 3203 98 25 intends
760 3204 26 22 to
807 3199 91 27 SELL
925 3199 63 25 HIS
1022 3195 163 28 PRESENT

644 3234 118 26 LARGE
782 3233 120 29 STOCK,
919 3231 134 32 consisting
1069 3229 26 26 of
1106 3229 79 26 Gran-

644 3270 34 23 ite
695 3267 104 31 Marble,
823 3266 49 25 and
897 3266 70 25 other
993 3264 77 27 Stone
1097 3262 90 26 Monu-

645 3304 87 26 ments,
760 3303 28 22 at
815 3299 163 31 considerably
1013 3295 172 27 REDUCED

644 3333 134 26 PRICES.
811 3332 59 25 Iron
886 3331 102 29 Fences,
1007 3329 114 25 Concrete
1138 3328 48 24 and

647 3366 75 26 Stone
737 3365 128 30 Kerbings,
881 3363 103 25 reduced
992 3363 28 23 m
1035 3361 74 32 price.
1143 3360 42 25 In-

645 3400 127 31 scriptions
790 3398 49 25 and
856 3396 35 26 all
906 3394 68 27 work
989 3394 27 26 m
1044 3393 141 26 connection

645 3433 58 23 with
720 3433 42 23 the
778 3430 69 25 trade
859 3430 61 24 done
931 3429 26 23 m
968 3427 134 26 first-class
1115 3427 69 32 style.

645 3464 78 30 Early
739 3462 134 31 inspection
891 3461 101 25 invited.
1028 3459 98 27 Several
1133 3467 54 16 new

646 3496 62 24 lines
724 3496 75 30 lately
828 3493 102 26 arrived.
964 3492 56 31 Any
1047 3490 139 26 reasonable

647 3528 60 25 offer
722 3528 38 25 for
776 3528 42 25 the
834 3530 95 28 present
946 3525 70 25 stock
1032 3523 51 26 will
1108 3523 79 26 result

646 3563 27 23 m
689 3570 14 16 a
721 3561 59 26 sale.
814 3560 78 25 Want
914 3560 27 24 to
958 3558 93 26 realise.

651 3670 90 38 MR
762 3664 142 48 Wa-H.
927 3665 259 48 CATKRO,

691 3740 182 23 BARRISTER
887 3739 68 22 AND
971 3737 176 24 SOLICITOR.

800 3781 234 33 RANGIORA.

647 3833 134 32 Attends
795 3833 124 31 Oxford
932 3843 42 20 on
983 3832 98 31 Court
1089 3829 96 42 Days.

647 3905 169 25 Instructions
823 3904 35 32 by
867 3906 57 29 post
998 3902 94 25 receive
1102 3908 84 25 promr

812 3943 29 31 pt
869 3941 133 26 attention.

769 3989 108 21 MONEY
905 3988 38 20 TO
971 3987 90 21 LEND.

697 4098 33 44 S
731 4139 10 14 v
776 4098 50 46 B.
849 4094 306 55 SEYMOUR,

846 4163 139 26 DENTIST,

687 4206 42 22 215
743 4203 106 24 Colombo
864 4204 82 24 Street,
969 4202 171 22 Christchurch.

816 4276 179 23 CHAEaES:—
1178 4293 13 6 

713 4318 94 26 Pilling,
823 4317 40 24 se;
896 4316 134 21 Extraction
1039 4316 26 20 2s
1079 4314 38 22 6d.

671 4382 96 23 Nitrous
776 4379 61 23 Orid
845 4369 47 33 4as
901 4377 169 24 Administered
1073 4377 39 22 for
1117 4377 68 22 Pain-

642 4426 48 21 less
699 4422 135 23 Extraction
843 4421 25 22 of
875 4421 82 22 Teeth.
990 4421 47 21 Pee
1046 4420 36 22 for
1091 4417 94 23 Admin-

643 4463 110 22 istration
763 4461 36 22 5sV

1331 231 76 56 H:
1434 230 64 55 E.
1524 226 447 60 BOARDMAN
2011 224 54 57 &
2095 217 147 63 CO.,

1237 307 140 20 BAILIFFS
1391 306 65 21 AND
1471 301 184 24 COMMISSION
1672 302 128 21 AGENTS.
1846 300 101 22 HOTEL
1960 294 137 24 BROKERS
2112 291 63 21 AND
2188 287 149 25 YALUEES.

1334 353 61 29 222
1417 347 234 33 HEEEFORP
1675 345 171 35 STEEET,
1889 339 153 33 CHEIST
2046 334 185 35 CHURCH.
2250 346 7 3 -

1361 420 3 17 ;
1523 416 79 22 i^^f
1604 412 310 20 **********************
1919 412 108 16 ♦♦«»*>»*

1282 456 42 24 We
1341 456 150 30 respectfully
1504 454 39 30 beg
1562 458 21 18 to
1595 452 74 24 thank
1678 460 44 15 our
1733 450 89 25 Clients
1830 449 49 24 and
1888 447 36 24 the
1936 445 89 25 Public
2034 440 125 36 generally
2161 440 45 30 for
2215 437 39 26 the
2270 436 98 30 support

1212 498 163 27 accorded^,
1388 498 49 22 and
1448 504 45 16 can
1505 502 82 17 assure
1598 502 43 16 our
1644 493 101 32 friends
1755 492 53 23 that
1816 499 44 16 our
1869 491 105 22 business
1985 487 49 23 still
2040 484 103 25 remains
2159 482 75 23 under
2252 479 37 23 the
2307 484 61 17 same

1213 548 161 29 management
1393 550 28 17 as
1429 543 107 26 hitherto,
1547 541 48 24 and
1605 538 49 24 that
1663 536 136 31 everything
1809 532 121 26 entrusted
1939 534 22 20 to
1969 537 28 16 us
2009 527 86 25 iMVhe
2101 525 79 26 under
2190 523 37 24 the
2239 520 130 25 immediate

1214 588 146 31 supervision
1371 587 30 29 of
1408 593 44 16 our

1413 626 123 33 MR-
1568 624 67 33 H.
1660 623 55 31 -E.
1741 609 428 43 EOABDMAN

1449 747 268 38 -LOCAL

1333 795 402 52 BARLOW
1778 790 167 45 AJSTD
1990 778 276 50 PRICE

1519 849 202 42 Coventry
1748 844 113 44 Cycle
1909 838 131 42 Works

1383 908 38 28 88
1444 902 200 33 COLOMBO
1668 897 174 33 STEEET,
1865 892 3 6 '
1887 883 345 39 CHRISTCHURCH.

1216 968 56 31 We
1287 967 119 38 haying
1421 964 94 30 taken
1530 971 74 21 over
1617 959 54 29 tlie
1684 956 72 32 well
1769 955 116 29 known
1893 949 114 34 works,
2022 944 142 32 macWne
2164 938 109 67 7,^
2267 990 9 15 i
2279 942 41 63 f.
2313 948 17 19 O
2324 989 17 16 p
2333 947 8 19 <
2341 959 11 46 ;
2349 937 23 29 k

1215 1011 34 28 m
1261 1009 91 29 trade
1366 992 78 43 wish
1458 1009 33 26 to
1505 1004 113 29 inform
1633 999 54 29 the
1709 996 105 41 public
1827 993 71 30 that
1911 1000 47 21 wo
1973 999 52 19 are
2039 993 113 34 prepar
2152 983 42 33 e
2171 983 65 33 4
2204 984 33 32 *

1215 1050 73 30 take
1303 1048 104 30 orders
1421 1047 49 29 for
1483 1054 69 20 new
1566 1039 158 33 machines
1739 1037 62 30 and
1816 1035 127 30 execute
2103 1024 111 67 »*^
2215 1062 20 29 k
2235 1022 114 32 ßhOrt?l
2352 1023 27 54 *,

1348 1088 103 31 notice
1465 1084 48 31 for
1535 1084 43 29 all
1590 1080 94 31 kinds
1699 1077 34 31 of
1742 1077 215 38 Engineering
1971 1070 62 30 and
2045 1066 93 41 Cycle
2150 1065 101 30 work..

1296 1127 3 4 '
1380 1139 127 24 SPECIAL
1520 1133 177 26 ATTENTION
1712 1130 95 23 GMN
1822 1128 38 21 TO
1874 1122 141 25 COUNTRY
2030 1119 123 24 ORDERS.

1218 1183 119 37 Racing
1351 1178 160 32 Machines
1535 1175 62 30 and
1618 1173 99 38 Light
1738 1167 168 32 Roadsters
1922 1174 19 20 a
1955 1160 156 41 specialty.
2153 1157 49 30 No

1216 1223 157 30 machines
1386 1220 76 38 kept
1475 1218 33 28 m
1524 1215 98 31 stock,
1639 1213 43 29 all
1695 1210 88 32 work
1797 1209 79 28 done
1891 1216 40 19 on
1945 1204 54 29 the
2021 1208 147 32 premises
2230 1197 42 62 A^
2284 1195 87 38 large

1247 1263 89 30 stock
1350 1260 34 31 of
1394 1261 126 36 Lamps,
1531 1254 95 35 Bells,
1642 1252 62 30 and
1720 1249 128 33 Saddles
1862 1256 41 21 on
1916 1243 85 32 hand
2015 1245 33 27 at
2061 1249 114 21 reauce
2186 1238 129 39 dprices.

1349 1339 114 86 E.
1532 1334 132 86 H.
1722 1319 516 96 PARISH

1491 1463 198 64 EAST
1738 1456 325 63 OXFORD

1439 1553 78 30 lias
1532 1545 190 37 received
1742 1554 25 22 a
1782 1540 293 41 consignment
2092 1536 44 32 of

1214 1606 300 57 Messrs
1573 1598 417 58 Johnsons
2042 1588 69 57 &
2169 1587 202 55 Sons

1388 1681 267 58 GREAT
1716 1668 451 65 YARMOUTH

1279 1769 228 92 OIL
1587 1755 694 98 CLOTHING

1395 1899 338 53 ENORMOUS
1794 1893 387 50 REDUCTIONS

1213 2018 81 30 THE
1313 2016 115 30 question
1439 2015 22 24 is
1472 2013 135 26 natural—
1709 2010 62 26 send
1785 2011 26 23 to
1823 2007 179 27 Christchurcli
2020 2006 39 25 for
2076 2011 62 25 your
2155 2002 131 32 Drapery?
2319 2000 52 25 The

1219 2037 22 40 I
1278 2051 103 28 drapery
1392 2048 55 26 sold
1454 2048 27 24 m
1489 2047 58 25 that
1558 2045 50 32 city
1620 2051 72 25 every
1704 2050 46 19 one
1761 2040 95 31 knows,
1868 2041 23 24 is
1902 2041 45 24 not
1957 2039 73 26 made
2041 2038 78 29 there,
2137 2037 46 24 but
2193 2037 131 31 imported.
2359 2037 20 21 l-

1214 2087 95 27 import
1319 2085 66 24 from
1395 2082 45 25 the
1450 2081 55 26 best
1515 2078 108 32 English
1635 2077 50 26 and
1702 2076 89 27 Scotch
1801 2075 101 25 houses.
1948 2072 72 26 lam
2032 2070 104 26 enabled
2147 2071 26 24 to
2184 2069 123 33 purchase
2324 2069 49 25 low

1214 2119 51 24 and
1274 2117 46 25 sell
1332 2118 27 24 at
1367 2124 16 16 a
1393 2116 54 24 rate
1459 2114 26 24 of
1494 2112 74 32 profit
1581 2112 53 32 (my
1646 2117 120 24 expences
1776 2109 73 30 being
1860 2105 83 33 small)
1955 2106 57 25 that
2023 2104 83 25 would
2116 2103 31 26 be
2165 2102 145 26 considered
2329 2102 43 25 ab-

1214 2151 59 25 surd
1284 2150 32 28 by
1333 2157 47 21 any
1400 2144 181 29 Christchurch
1603 2142 200 26 establishment.
1855 2140 45 30 My
1921 2138 77 26 Stock
2016 2138 22 23 is
2056 2137 45 24 the
2119 2136 96 31 largest
2232 2136 51 23 and
2304 2136 69 23 most

1212 2184 97 27 tvaried
1318 2182 57 27 that
1385 2181 46 25 has
1442 2187 58 18 ever
1508 2179 64 25 been
1583 2176 88 27 shown
1680 2175 29 25 m
1719 2173 45 27 the
1774 2173 105 30 district,
1892 2170 50 27 and
1952 2170 40 26 for
2002 2169 93 33 quality
2114 2169 50 25 and
2182 2168 73 25 value
2271 2168 60 31 puts
2346 2175 28 17 m

1214 2220 31 24 he
1257 2218 78 26 shade
1352 2215 76 33 goods
1440 2213 92 25 offered
1543 2212 33 32 by
1588 2210 103 31 visiting
1702 2208 118 26 hawkere
1830 2207 64 24 from
1905 2204 45 26 the
1967 2203 182 27 Christchurch
2160 2210 46 24 rag
2217 2203 89 24 marts.

1246 2270 95 25 Dress
1353 2267 166 30 Materials,
1531 2264 89 26 Plain
1630 2263 61 24 and
1701 2262 105 29 Fancy
1816 2260 81 24 from
1910 2258 51 24 3d.
1973 2262 55 26 per
2035 2257 86 29 yard.

1247 2331 27 26 A
1291 2330 110 29 Strong
1418 2328 89 26 Stout
1520 2324 135 26 Durable
1672 2321 127 31 Kaiapoi
1814 2317 115 28 Tweed
1945 2316 52 33 2/6
2008 2321 55 27 per
2074 2315 76 31 yard

1846 2363 109 26 Makes
1966 2361 156 25 first-class
2138 2358 92 32 Boys'
2248 2357 91 26 Suits.
2377 2369 2 4 •

1247 2427 59 24 Art
1321 2425 141 28 Muslins,
1481 2421 158 29 Cretones,
1657 2418 80 25 Lace
1755 2415 139 26 Curtains
1913 2413 54 24 &c.

1247 2496 26 30 A
1291 2493 111 26 Choice
1420 2488 167 28 Collection
1604 2486 33 25 of
1651 2484 122 29 Gloves,
1799 2481 79 30 Ties,
1907 2478 130 32 Aprons,
2067 2475 167 26 Insertions
2251 2474 55 26 &c.

1248 2544 121 31 Striped
1386 2541 124 25 Galatea
1527 2537 54 33 4/6
1593 2542 54 26 per
1658 2535 108 29 dozen,
1795 2531 104 26 worth
1909 2530 50 25 9d.
1976 2533 56 26 per
2048 2527 85 31 yard.

1247 2607 104 25 Prints
1362 2605 80 25 from
1454 2603 53 25 4d.
1518 2606 56 26 per
1584 2599 86 32 yard.
1682 2596 140 31 Muslins,
1835 2593 139 30 Selesias,
1987 2591 127 30 Calicos,
2128 2589 55 26 &c.

1834 2637 88 27 With
1938 2636 88 25 other
2042 2634 195 25 Manchester
2252 2633 88 29 lines.

1247 2701 89 32 Hats,
1354 2700 104 28 Fancy
1475 2696 61 25 and
1552 2695 107 29 Sailor,
1676 2693 33 24 ih
1724 2691 105 26 White
1846 2690 61 23 and
1924 2687 116 25 Colors.

1792 2732 126 27 Newest
1934 2730 124 31 Shapes.
2093 2728 97 30 Large
2206 2728 133 31 Variety,

1247 2798 150 28 Flowers,
1414 2794 155 28 Feathers,
1587 2789 149 29 Ribbons,
1754 2785 106 31 Laces,
1878 2784 76 31 Jets,
1973 2782 55 26 &c.

1719 2826 88 27 With
1823 2826 42 24 all
1882 2822 185 27 necessaries
2083 2821 48 26 for
2147 2820 193 30 Trimmings.

1247 2888 104 30 Fancy
1366 2885 141 29 Frillings
1525 2881 77 33 3yds
1613 2880 48 26 for
1669 2879 38 33 1/-
1723 2877 104 27 worth
1837 2875 51 32 9d,
1905 2879 56 28 per
1971 2872 84 33 yard,

1782 2920 184 29 Umbrellas,
1984 2918 152 29 Parasols,
2154 2915 183 30 Sunshades,

1392 2989 51 13 i^^
1465 2988 41 13 •»
1526 2986 38 13 <••'
1586 2985 39 13 *•
1644 2998 2 1 .
1651 2984 24 12 m<
1673 2984 18 12 *
1734 2982 78 14 wwm
1837 2982 15 12 m
1859 2982 14 12 *
2082 2978 40 13 '**

1362 3022 332 48 SPECIAL
1781 3015 424 46 PTTROH^SB

1214 3098 112 37 BOYS
1356 3097 90 33 AND
1475 3092 174 34 YOUTHS
1687 3088 218 36 COLONIAL
1937 3085 156 33 TWEED
2118 3084 253 34 OVERCOATS

1697 3154 79 32 with
1797 3151 97 41 Capes

1489 3218 96 31 From
1606 3216 67 31 17s.
1717 3213 52 32 6d.
1812 3212 103 31 worth
1957 3210 66 30 255.
2070 3206 50 31 6d.

1366 3283 198 36 Men's
1606 3278 228 36 Tweed
1875 3274 350 36 Overcoats

1689 3332 96 30 From
1807 3330 66 31 15s.

1212 3506 134 41 English
1360 3508 129 41 Witney
1498 3507 149 31 Blankets
1661 3509 35 27 to
1710 3506 38 29 be
1763 3504 68 31 sold
1846 3507 32 27 at
1887 3504 61 30 less
1955 3504 79 28 than
2047 3502 182 30 Melbourne
2241 3500 132 32 Whole-

1213 3560 64 30 sale
1298 3561 128 40 price—
1425 3560 121 33 Double
1560 3559 69 31 Bed
1646 3557 68 33 Size
1736 3557 66 30 12s.
1827 3556 49 30 6d.
1926 3554 103 33 worth
2044 3554 66 31 16s.
2148 3553 50 30 6d.
2220 3562 56 31 per
2289 3553 79 41 pair.

1381 3630 132 40 cheaper
1526 3628 78 31 than
1620 3622 225 35 Christchurch
1857 3622 115 32 houses
1985 3621 66 32 will
2065 3621 58 31 sell
2136 3622 96 30 them.

1214 3719 300 84 MISSES'
1575 3714 252 84 CAPES
1888 3716 58 82 a
2007 3714 361 81 JACKETS

1272 3831 269 49 T&iHmst
1571 3829 156 59 B&sp
1745 3829 109 47 frw
1874 3826 85 57 3/8
1983 3827 143 49 w«rtb
2142 3826 170 51 Ms.

1217 3953 526 91 PRINTS!
1786 3953 493 94 PRINTS
2304 3953 61 88 !!

1296 4090 139 51 talow
1453 4086 153 54 fettfcft
1625 4092 105 49 cost,
1750 4085 184 50 Edward
1952 4085 205 52 ßmmtU
2176 4087 117 49 $tsck

1217 4163 325 102 ROLLER
1606 4161 500 101 TOWELLING
2192 4163 137 87 M.

1560 4305 143 48 worth
1721 4303 62 50 8d
1807 4315 73 47 psr
1898 4302 121 60 yard,

1261 4427 73 32 R.
1360 4426 79 32 H.
1475 4422 313 41 PARISH,
1846 4422 155 34 JSa.st
2016 4419 12 36 /
2049 4423 258 42 Oxford.
2365 4454 10 14 ,

2451 219 426 47 EUCALYPTUS

2415 306 3 2 ■
2439 308 2 3 ■
2635 291 34 15 ~~*
2669 296 33 3 —
2702 297 2 13 :
2704 296 29 3 —
2733 296 13 3 ~

2451 317 61 21 THE
2526 317 73 21 BEST
2612 317 87 22 HOME
2714 316 143 22 REMEDIE

2472 356 4 9 '
2510 354 36 15 are
2560 348 36 21 the
2605 350 135 24 preparation
2750 349 25 21 of
2782 348 42 20 the'
2901 355 2 12 :
2935 347 2 2 '

2395 384 171 23 TASMANIAN
2583 383 186 22 EUCALYPTUS
2783 384 48 21 OIL
2845 383 91 21 COMP,:

2399 419 19 22 .1
2424 421 136 26 Universally
2570 421 103 21 admitted
2681 422 37 22 the
2726 419 206 27 BEST.-PUKEST

2397 459 44 23 and
2449 459 58 19 most
2517 458 99 21 effeotive-
2620 458 134 26 Eucalyptus
2776 458 105 24 Glpbulus
2897 456 34 21 Oil

2397 491 33 19 for
2449 489 172 24 INFLUENZA,
2642 489 91 24 Coughs,
2754 489 63 20 Colds
2841 488 44 20 and
2902 488 31 20 all

2398 520 65 21 Chest
2479 519 44 20 and
2531 519 62 24 Lung
2610 519 112 21 affections
2736 519 76 26 speedy
2821 519 60 20 relief
2890 518 44 21 and

2397 553 57 21 Cure
2471 552 34 20 for
2520 550 157 25 Rheumatism,
2696 550 123 26 Neuralgia,
2834 550 100 27 Sprains-

2397 581 72 19 Burns
2489 579 34 20 &c.

2425 611 133 25 Eucalyptus
2576 610 103 22 Globulus
2697 611 93 21 Extract
2799 611 89 26 sprayed
2902 611 33 19 in-

2398 642 64 21 haled
2478 642 43 21 and
2535 643 66 20 taken
2609 642 117 25 internally
2743 642 34 20 for
2790 642 38 19 the
2844 642 89 24 Throat,

2399 678 97 27 Catarrh,
2513 677 59 26 Hay,
2596 677 98 27 Typhoid
2710 678 44 21 and
2768 677 82 22 Scarlet
2858 678 78 20 Fevers

2399 710 130 22 MEASLES
2540 710 36 21 the
2582 712 55 19 most
2647 710 136 26 satisfactory
2792 710 144 26 preventative

2399 741 50 21 and'
2456 741 66 21 Cure.-
2545 741 57 21 Send
2615 741 50 21 Post
2681 742 56 20 Card
2746 743 23 19 to
2779 741 37 21 the
2825 741 64 20 Office
2902 742 33 19 for

2400 772 96 20 Circular
2509 772 120 25 describing
2647 773 121 19 treatment.
2796 772 139 25 Eucalyptus,

2400 804 111 21 Ointment
2521 805 36 21 the
2566 805 70 25 Magic
2646 806 78 20 Healer
2738 804 23 21 of
2775 805 69 23 Sores,
2857 806 79 24 Burns,

2400 836 103 25 Wounds,
2519 837 59 21 Boils
2597 838 44 23 &c,
2664 837 134 25 Eucalyptus
2817 837 57 25 Soap
2888 836 43 22 Fra

2399 869 63 24 grant
2472 868 44 21 and
2521 869 127 25 refreshing,
2672 869 132 25 Eucalyptus
2813 868 90 26 Jujubes
2912 875 24 14 or

2399 899 108 21 Pastilles.
2510 900 34 19 for
2553 900 37 19 the
2615 900 81 20 Throat
2705 899 44 20 arid
2757 899 65 21 Voice
2837 905 30 14 an
2880 900 55 19 anti-

2401 935 36 19 Eep
2439 929 29 20 tie
2478 929 42 21 and
2530 929 121 21 stimulant.

2400 962 126 26 Veterinary
2542 962 36 21 Oil
2587 963 43 20 and
2640 963 112 21 Ointment
2761 963 33 20 for
2804 962 37 21 the
2850 962 86 21 stables.

2427 996 31 20 Be
2467 1002 49 14 sure
2525 1002 43 20 you
2577 997 109 21 Purchase
2700 996 39 21 the
2749 996 104 26 Platypus
2869 996 69 21 brand

2401 1027 50 25 only
2460 1028 22 19 of
2490 1027 29 20 all
2528 1028 114 25 Chemists,
2647 1028 88 20 Grocers
2742 1028 43 19 and
2791 1028 146 25 Storekeepers

2401 1058 43 21 and
2457 1060 23 19 at
2494 1058 36 21 the
2541 1058 64 21 Office
2615 1060 12 20 9
2636 1058 114 21 Cathedral
2760 1064 76 19 square
2845 1059 93 21 between

2400 1089 102 21 Morten's
2514 1091 114 25 Buildings
2636 1091 42 21 and
2688 1091 37 20 the
2734 1091 51 20 Post
2796 1090 70 21 Office.

2565 1124 88 21 Oxford
2663 1124 80 27 Agent

2454 1160 27 21 E.
2491 1160 30 21 H.
2535 1159 120 28 PARISH,
2677 1161 77 20 EAST
2768 1160 120 22 OXFORD
2912 1171 4 5 >
2939 1171 2 5 ■

2481 1198 141 27 Eucalyptus
2632 1199 38 19 Oil
2683 1198 31 27 1/-
2727 1205 41 20 per
2777 1199 78 21 bottle.

2399 1281 102 20 KONGO
2538 1281 54 20 PAI
2613 1281 95 20 TENEI
2721 1280 57 20 KEI
2792 1280 124 21 KOUTOTJ
2939 1282 2 21 ;

2614 1314 111 22 KATOA.
2939 1308 2 28 i

2441 1351 191 39 MACBEAN
2642 1347 4 20 :
2676 1350 219 39 STEWART'S
2939 1369 2 7 ■

2399 1406 75 21 NEW
2489 1407 79 20 CURE
2583 1407 59 20 FOR
2656 1404 127 23 ASTHMA

2454 1441 74 21 NEW
2543 1441 79 21 CURE
2636 1441 58 20 FOR
2708 1441 97 22 CROUP

2433 1475 53 16 ■■-•■■■.:■
2503 1468 6 9 r
2514 1475 73 21 KEW
2602 1476 79 20 CURE
2695 1476 59 20 FOR
2767 1475 172 21 DIPHTERIA

2427 1507 5 5 1
2441 1508 6 21 1
2454 1507 77 24 NEW,
2543 1507 79 21 CURE
2636 1507 58 21 FOR
2703 1507 139 21 'CHRONIC
2890 1512 33 24 ;-_;

2446 1553 3 5 ■
2578 1543 188 21 BRONCHITIS.

2415 1581 115 27 Prepared
2538 1581 60 21 from
2606 1581 42 20 the
2656 1581 124 20 Mouhtaiu
2788 1576 54 26 and'
2842 1576 83 26 Forest

2521 1608 82 20 Plants
2616 1608 24 20 of
2653 1608 56 20 New
2714 1609 3 2 '
2723 1608 107 26 Zealand^;
2844 1607 5 4 '
2857 1630 3 3 .
2866 1606 4 4 '
2877 1608 3 4 '
2896 1630 3 2 .

2399 1643 30 20 In
2437 1642 99 21 Asthma
2546 1642 41 20 the
2596 1642 55 20 New
2659 1638 112 25 CiireVhas
2780 1641 86 26 proved
2874 1642 66 21 itself

2441 1670 26 20 to
2476 1669 28 20 be
2514 1668 65 21 Head
2588 1668 46 21 and
2644 1668 127 28 Shoulders,
2777 1669 75 23 above;
2858 1669 33 20 pII

2582 1696 73 19 Other
2669 1696 77 20 Cures.
2759 1716 7 4 ,
2780 1715 5 3 .
2801 1691 3 6 '
2876 1709 7 3 -
2902 1717 3 2 .
2927 1699 11 21 J

2427 1735 29 19 In
2465 1740 30 14 no
2503 1733 104 21 instance
2615 1733 45 20 haa
2667 1740 14 14 a
2688 1733 69 21 death
2766 1733 107 21 occurred
2879 1730 60 24 froni

2401 1760 132 27 diphtheria
2550 1760 66 20 when
2634 1760 41 20 the
2795 1761 87 20 Citre"'
2896 1757 41 28 has!

2400 1788 58 21 been
2467 1787 74 26 freely
2549 1787 58 21 used
2615 1787 59 21 from
2679 1787 41 21 the
2729 1787 51 21 first
2787 1788 79 21 outset
2869 1787 24 22 of
2898 1787 40 22 th\e

2401 1815 94 26 disease,
2512 1815 47 20 and
2576 1821 27 14 so
2620 1815 67 26 great
2705 1821 39 14 are
2762 1815 32 20 its
2812 1816 126 25 protective

2399 1848 92 20 powers,
2503 1842 54 20 that
2565 1842 41 20 the
2615 1842 125 26 complaint
2747 1842 44 20 has
2801 1846 72 17 never'
2881 1843 57 20 been

2401 1870 81 19 known
2490 1869 25 19 to
2524 1869 83 25 spread
2615 1868 24 20 to
2649 1869 68 20 other
2732 1869 111 20 members
2860 1869 26 20 of
2897 1870 41 19 the

2399 1895 89 25 family.

2429 1927 62 23 The'
2491 1927 47 23 New
2549 1929 64 26 Cure,
2623 1931 25 19 3s
2658 1929 39 25 6d;
2710 1929 117 21 Grindelia
2835 1930 104 21 Robusta

2465 1957 135 26 Cigarettes,
2610 1958 25 20 2s
2643 1966 7 16 ;
2659 1957 98 21 Asthma
2770 1957 107 26 Tobacco,

2569 1985 27 20 2s
2609 1985 30 19 6d

2426 2093 185 41 HEALTH
2633 2092 306 41 GUARANTEED

2405 2176 184 30 QUFFERERS
2625 2176 59 21 from
2726 2175 212 26 RHEUMATISM,

2404 2204 24 23 |J
2457 2204 156 25 LUMBAGO,
2631 2203 187 25 NEURALGIA,
2836 2203 103 21 Nervous

2402 2231 141 24 exhaustion,
2553 2231 99 27 wasting
2658 2231 99 26 dibility,
2767 2231 48 20 lost
2823 2230 80 26 vigour
2914 2230 25 21 of

2401 2258 68 26 body,
2477 2263 159 19 nervousness,
2645 2258 46 20 loss
2700 2258 23 20 of
2740 2258 59 20 flesh
2816 2258 47 21 and
2879 2258 60 21 vital

2401 2290 81 20 power,
2505 2284 92 21 restless
2630 2284 68 26 sleep,
2721 2284 97 25 dreams,
2836 2284 102 27 pimples,

2402 2311 64 21 weak
2475 2311 61 25 back,
2549 2311 61 21 want
2628 2311 25 21 of
2662 2311 163 26 development,
2841 2312 97 21 varicose

2402 2339 72 24 veins,
2482 2338 135 27 incapacity,
2635 2338 95 27 urinary
2750 2338 119 26 disorders,
2888 2339 51 20 skin

2403 2365 47 22 and
2457 2365 70 22 blood
2535 2366 97 21 diseases
2641 2366 47 21 and
2696 2366 33 20 all
2737 2366 106 21 ailments
2853 2366 87 27 arising

2402 2394 58 20 from
2469 2393 63 25 early
2540 2399 25 14 or
2573 2392 60 21 later
2651 2394 45 26 day
2708 2399 74 14 errors
2792 2394 51 24 etc.,
2867 2393 72 21 CON-

2403 2419 75 21 SULT
2486 2418 80 22 FREE
2590 2419 83 22 PROF.
2695 2419 152 21 NOTMANN
2865 2420 32 21 M.
2906 2420 34 25 E.,

2402 2446 28 21 E.
2460 2446 29 20 M.
2505 2446 28 20 G.
2555 2445 129 21 MARKET
2702 2446 94 21 PLACE
2816 2446 124 21 CHRIST-

2403 2472 126 21 CHURCH
2568 2472 120 27 (Opposite
2730 2472 107 22 Colombo
2864 2473 76 22 Street

2402 2498 85 28 Bride)
2603 2517 3 2 .
2910 2510 5 3 -

2430 2536 49 21 The
2488 2536 54 27 only
2557 2535 89 28 Expert
2665 2537 143 26 advertising
2823 2537 54 21 that

2411 2564 125 26 guarantee
2544 2570 15 14 a
2567 2563 117 27 thorough
2689 2570 61 15 cure.

2429 2604 252 23 MANUFACTURER
2690 2606 24 20 of
2722 2606 42 21 the
2773 2606 54 26 only
2845 2612 95 20 guaran-

2402 2633 54 21 teed
2465 2632 98 21 Electric
2571 2632 49 22 belt
2638 2632 46 21 and
2696 2633 67 22 other
2780 2633 85 27 special
2883 2634 57 21 elec-

2401 2660 70 20 trical
2479 2659 129 27 appliances
2616 2659 27 20 m
2650 2660 40 19 the
2700 2660 110 21 Colonies.
2840 2660 100 21 Medical

2402 2683 115 24 Batteries
2526 2686 43 21 etc.
2597 2686 139 27 Discriptive
2745 2686 134 27 Pamphlets
2888 2688 52 25 post

2402 2712 64 21 Free.

2481 2854 365 47 IMPORTANT

2401 2960 85 32 ALL
2516 2961 120 32 WOOL
2660 2961 172 33 ROSLYN
2851 2963 88 31 AND

2437 3034 298 33 WELLINGTON
2757 3034 154 33 TWEED

2548 3102 258 42 SUITS

2443 3169 69 40 35/-
2529 3170 87 32 Suits
2630 3170 147 32 Reduced
2784 3173 35 28 to
2842 3170 68 40 25/-

2442 3229 70 42 --4-
2553 3253 22 17 „
2660 3254 19 15 „
2763 3253 20 16 „
2850 3230 69 41 35/-

2442 3278 149 34 Trbusers
2606 3279 63 32 and
2681 3278 76 33 Vest
2822 3278 77 42 13/6

2636 3339 54 21 AT

2428 3390 198 33 PARISH'S
2651 3392 91 29 East
2764 3391 146 31 Oxfobd.

2449 3543 190 59 Money
2656 3547 56 43 to
2733 3545 157 46 Lend.

2442 3608 18 30 I
2495 3609 80 31 have
2595 3620 114 30 money
2743 3613 34 27 to
2798 3610 74 31 lend
2905 3610 35 31 m

2399 3650 87 39 large
2515 3660 35 20 or
2571 3651 91 30 small
2696 3660 86 21 sums
2808 3654 34 27 to
2877 3652 63 30 suit

2399 3688 177 33 Borrowers
2613 3694 34 27 at
2674 3692 111 31 lowest
2813 3695 127 28 current

2458 3771 63 39 W.
2546 3772 46 38 H.
2618 3772 262 42 SPACEMAN.

2575 3819 193 29 SOLICITOB,

2469 3857 192 26 Chbistchtjroh
2672 3859 51 24 and
2733 3859 138 26 Eangiora.

2429 3981 46 45 S.
2516 3982 80 44 W.
2632 3982 278 48 TURPIN.

2400 4047 244 38 WATCHMAKER.
2678 4049 176 39 JEWELLER
2879 4046 59 38 ic.

2477 4106 88 27 MAIN
2580 4107 136 27 STREET
2734 4109 140 27 OXFORD

2585 4158 71 18 .near
2667 4150 83 27 Bank.

2396 4261 97 35 cW.

2397 4316 156 26 PAINTER
2570 4316 70 26 AND
2657 4316 142 28 PAPERH
2801 4321 130 34 ANGER,

2392 4368 3 9 1
2500 4365 114 32 EAST
2658 4366 182 36 OXFORD.

2447 4460 44 28 AU
2500 4460 82 27 orders
2592 4462 122 31 promptly
2724 4464 115 29 attended
2851 4470 28 23 to
