2569 4039
125 122 140 33 accomplish
277 130 29 17 an
318 123 74 32 object
400 132 26 16 so
433 123 119 30 desirable,
565 132 26 16 so
603 133 79 16 essen-

90 162 47 29 tial,
164 163 71 32 ought
246 169 23 18 to
282 164 28 23 be
323 163 68 25 taken
405 169 23 19 at
440 165 38 23 the
497 165 91 23 earliest
607 167 74 29 possi-

89 202 37 23 ble
138 209 110 22 moment,
265 200 38 27 for
315 205 19 22 it
350 205 19 21 is
382 204 26 23 of
424 204 54 24 vital
497 205 139 31 importance
658 210 22 19 to

90 241 58 25 Port
162 243 134 23 Nicholson.
335 243 72 24 Make
421 244 38 23 the
475 250 103 25 country,
590 245 44 23 and
643 245 37 24 the

89 287 59 19 town
162 283 45 23 will
219 283 28 23 be
259 290 92 21 secure;
365 283 42 23 but
424 283 69 25 much
511 292 52 23 may
582 285 29 23 be
623 285 56 24 done

88 321 54 25 here
155 322 73 24 which
241 322 74 24 would
327 323 28 23 be
374 331 30 16 no
416 332 68 16 cause
496 325 25 23 of
534 325 77 23 future
625 333 53 23 pro-

87 363 88 30 sperity
188 367 22 18 to
227 362 38 23 the
277 367 68 19 town.
382 363 79 32 Large
477 365 102 31 portions
590 365 26 23 of
630 365 48 23 that

87 406 97 26 country
197 402 65 23 could
271 402 30 24 be
313 403 112 32 surveyed
442 405 24 23 in
485 412 13 15 a
516 405 42 23 few
577 405 100 28 months,

86 440 45 24 and
143 441 31 23 all
187 442 49 22 who
249 441 83 24 choose
344 443 68 23 could
423 443 28 24 be
464 444 22 23 in
499 443 73 25 actual
585 452 92 23 posses-

85 480 51 23 sion
150 481 25 23 of
190 481 38 23 the
239 482 69 22 finest
320 482 43 23 soil
374 482 46 24 and
431 488 60 18 most
503 483 111 24 available
625 483 52 25 land

85 522 25 23 in
120 521 40 23 the
173 522 131 24 settlement
310 532 7 19 ;
337 523 77 24 others
433 524 117 31 prefering
567 525 18 22 it
604 525 73 30 might

84 562 69 22 await
164 562 38 24 the
214 570 108 23 progress
338 563 27 23 of
379 563 39 24 the
438 572 94 23 surveys
551 564 70 24 about
639 565 38 24 the

83 605 70 20 town.
190 602 85 23 Secure
287 607 23 18 to
323 603 56 23 Port
391 603 126 24 Nicholson
534 612 14 14 a
566 604 109 24 lucrative

83 641 72 29 trade,
168 642 46 23 and
225 643 30 22 its
266 643 82 30 profits
359 643 47 23 will
419 643 59 23 clear
490 644 37 22 the
538 644 76 24 fertile
622 644 53 25 hills

81 687 23 18 to
116 682 61 24 their
189 690 53 23 very
255 684 107 22 summits
372 684 33 30 by
412 684 72 23 which
493 691 32 16 we
534 692 37 15 are
579 684 55 24 shut
640 686 33 24 in.

80 722 78 24 Trade
170 722 74 24 would
255 722 29 23 be
296 723 94 23 secured
402 724 30 30 by
444 723 94 32 settling
555 724 38 24 the
612 727 61 30 agri-

80 762 120 24 culturists
216 764 98 22 towards
332 763 131 32 Wanganui
482 765 45 23 and
546 765 126 25 Taranaki.

79 802 53 24 The
144 802 102 32 supplies
262 803 106 30 required
388 804 36 23 for
444 804 64 24 those
528 806 145 24 settlements

78 842 78 24 would
174 843 28 23 be
220 842 63 31 large
303 843 45 23 and
367 844 76 24 would
460 845 29 23 be
507 846 86 30 sought
609 846 62 24 here.

78 882 35 24 At
125 883 39 23 the
176 891 62 15 same
251 884 55 22 time
325 884 39 24 the
387 884 183 31 agriculturalist
589 887 83 23 should

77 922 22 23 if
112 923 102 30 possible
225 923 29 23 be
266 924 97 23 secured
376 925 22 23 in
412 933 13 15 a
444 925 59 24 local
521 926 98 24 demand
637 927 35 24 for

76 962 37 24 his
125 963 108 31 produce.
271 963 52 23 The
334 964 52 24 best
402 965 67 23 mode
488 966 25 23 of
528 966 71 31 doing
618 967 52 28 this,

78 1002 73 24 which
162 1002 42 24 has
216 1003 125 30 suggested
353 1004 65 23 itself
433 1009 23 19 to
470 1013 33 20 us,
517 1006 21 22 is
546 1013 42 16 one
598 1007 72 23 which

78 1042 73 23 would
165 1042 28 23 be
205 1042 84 24 double
301 1044 22 22 in
338 1044 38 22 the
388 1044 59 31 good
456 1045 17 22 it
481 1045 72 23 would
564 1046 105 30 produce,

76 1083 18 22 it
104 1082 76 23 would
191 1082 28 23 be
231 1082 62 23 alike
306 1083 118 23 beneficial
438 1089 23 18 to
480 1085 45 23 this
542 1085 65 32 place
626 1087 44 23 and

76 1122 38 23 the
127 1122 57 24 local
196 1122 187 31 agriculturalist.
421 1124 51 24 The
485 1125 65 25 mode
564 1127 24 23 in
600 1135 70 22 ques-

77 1164 49 22 tion
139 1164 20 22 is
171 1164 95 31 causing
278 1172 14 15 a
310 1164 64 32 large
393 1167 147 31 importation
559 1167 27 24 of
600 1168 70 32 sheep

75 1204 47 24 and
130 1205 74 23 cattle.
226 1205 147 31 Experience
380 1215 82 23 proves
468 1207 49 24 that
522 1208 47 24 this
575 1216 95 25 country

75 1244 20 24 is
107 1245 82 31 highly
200 1245 94 32 capable
313 1247 26 23 of
360 1248 137 31 supporting
515 1248 64 32 large
597 1250 73 23 flocks

75 1285 47 23 and
133 1285 76 30 herds,
223 1285 87 32 though
324 1287 45 23 this
381 1287 42 23 has
435 1288 57 24 been
504 1288 107 30 doubted,
628 1290 42 23 but

75 1332 33 16 we
120 1332 71 17 never
202 1325 67 24 could
281 1326 141 27 understand
435 1336 60 23 upon
507 1328 61 24 what
576 1330 92 24 author-

74 1366 33 30 ity
120 1374 26 15 or
157 1366 109 31 grounds.
309 1366 51 24 The
379 1367 70 32 sheep
473 1376 29 16 on
521 1369 81 30 Mana,
625 1371 43 23 im-

73 1406 83 31 ported
166 1406 58 23 from
237 1406 94 31 Sydney
351 1415 62 16 some
433 1416 66 23 years
519 1410 73 29 since,
612 1411 56 23 have

73 1446 91 31 greatly
185 1447 119 24 increased
327 1449 23 23 in
371 1450 97 24 number
490 1451 45 23 and
555 1452 56 28 size,
630 1452 38 24 the

74 1486 39 24 the
132 1487 73 31 staple
228 1488 8 22 i
268 1496 52 16 now
338 1491 66 22 twice
423 1491 38 23 the
479 1491 79 31 length
579 1494 25 22 of
619 1494 49 23 that

73 1527 56 23 with
141 1527 74 24 which
226 1528 39 24 the
277 1530 113 30 imported
403 1531 70 32 sheep
485 1539 59 17 were
563 1534 103 28 covered,

72 1567 46 23 and
137 1567 38 24 the
193 1568 71 24 fleece
283 1569 25 23 of
330 1578 63 16 some
415 1571 41 24 has
477 1573 103 31 weighed
594 1574 71 29 9lbs.,

70 1607 69 24 while
150 1609 19 23 it
176 1609 19 23 is
209 1616 48 16 rare
270 1609 49 24 that
331 1618 13 15 a
356 1611 69 24 fleece
435 1613 96 24 exceeds
544 1613 78 33 4^lbs.
644 1616 22 22 in

71 1647 60 24 New
144 1648 73 24 South
229 1649 89 29 Wales,
361 1651 78 24 These
458 1653 70 32 sheep
548 1663 38 15 are
605 1663 61 24 upon

70 1690 119 25 the_most
207 1693 101 30 exposed
331 1694 64 30 piece
419 1696 26 23 of
468 1697 89 30 ground
581 1698 23 23 in
627 1700 39 22 the

70 1731 94 30 Straits,
177 1732 45 23 and
233 1740 39 16 are
285 1734 89 32 subject
386 1740 23 19 to
419 1736 36 23 the
466 1736 43 24 full
518 1737 61 25 force
586 1738 26 23 of
627 1739 38 23 the

70 1771 68 29 wind,
151 1772 73 23 which
236 1773 20 23 is
276 1774 39 23 the
334 1775 75 31 single
427 1784 133 23 annoyance
580 1778 83 25 known

67 1811 25 24 in
106 1812 56 23 New
176 1813 109 29 Zealand,
299 1814 46 25 and
357 1816 19 23 is
395 1816 54 32 only
470 1820 151 29 experienced
641 1821 22 23 in

66 1860 31 15 an
110 1853 137 31 unpleasent
258 1853 83 33 degree
360 1865 62 22 upon
441 1858 37 24 the
498 1863 71 20 coast.
613 1860 51 24 The

68 1893 70 23 cattle
150 1901 61 23 upon
224 1893 82 33 Kapiti
319 1895 59 24 have
390 1897 117 25 increased
515 1900 96 31 rapidly,
619 1901 46 23 and

66 1940 36 15 we
113 1932 59 25 have
183 1933 71 24 heard
265 1936 19 22 it
295 1936 51 23 said
358 1937 49 23 that
419 1939 18 22 it
449 1939 20 22 is
485 1939 134 31 impossible
639 1947 24 18 to

168 1974 67 23 fatter
254 1983 26 15 or
303 1984 64 17 more
379 1978 110 24 delicious
512 1985 70 18 meat.
638 1981 23 24 A

66 2016 131 26 competent
212 2012 73 31 judge
303 2013 43 24 has
365 2018 124 29 expressed
507 2019 37 22 his
561 2021 101 30 surprise

65 2055 24 19 at
103 2051 38 23 the
152 2052 100 31 rapidity
263 2053 55 24 with
331 2054 74 24 which
413 2064 65 23 grass
487 2057 41 24 has
536 2059 124 28 increased,

64 2091 47 23 and
124 2092 18 22 is
161 2091 27 24 of
202 2093 94 30 opinion
309 2094 50 24 that
371 2096 67 24 cattle
447 2097 74 24 would
531 2106 67 16 cause
612 2100 17 23 it
639 2105 22 18 to

64 2131 103 24 increase
179 2140 62 16 more
254 2134 89 31 rapidly
356 2135 55 24 than
423 2136 54 32 they
489 2138 76 24 would
576 2139 69 24 breed
654 2149 5 15 :

64 2172 46 23 and
122 2172 41 23 has
174 2173 75 24 stated
261 2174 50 24 that
322 2180 24 19 at
358 2184 13 15 a
383 2177 88 32 trifling
487 2187 108 23 expense,
616 2181 43 23 im-

63 2220 80 16 mense
154 2214 103 30 portions
270 2215 26 24 of
310 2216 55 24 land
377 2218 67 24 could
456 2219 28 23 be
497 2221 96 23 covered
605 2223 54 24 with

63 2253 40 23 the
114 2253 69 24 finest
193 2255 127 32 European
332 2265 101 24 grasses.

97 2300 123 26 Introduce
229 2303 63 32 large
299 2306 110 24 numbers
418 2307 26 24 of
452 2308 69 24 cattle
529 2309 44 24 and
581 2312 77 31 -sheep,

61 2343 115 23 surround
188 2343 38 25 the
238 2344 86 25 farmer
336 2347 54 23 with
404 2348 66 24 stock
489 2350 105 30 stations,
612 2352 46 24 and

59 2380 31 25 he
101 2383 47 24 will
167 2383 28 25 be
213 2385 109 32 supplied
338 2395 28 15 on
387 2388 116 25 moderate
524 2395 70 20 terms
613 2394 45 22 and

58 2423 70 24 make
146 2424 37 24 his
200 2432 110 24 payment
329 2428 24 23 in
372 2428 57 25 farm
449 2430 108 31 produce.
606 2433 51 25 The

58 2463 150 34 interchange
219 2467 75 24 would
311 2467 29 25 be
358 2468 26 25 of
458 2476 60 19 most
538 2473 116 25 beneficial

58 2503 126 27 character.

93 2552 51 24 The
155 2553 88 32 largest
254 2556 87 24 vessels
353 2565 38 17 are
402 2558 52 25 best
461 2561 77 23 suited
547 2566 22 19 to
577 2569 77 25 carry-

56 2592 43 32 ing
117 2594 74 29 cattle,
212 2596 45 24 and
275 2596 56 33 they
356 2606 39 16 are
415 2599 37 24 the
471 2602 87 23 vessels
580 2602 73 25 which

56 2634 77 23 would
143 2635 29 23 be
184 2636 91 32 obliged
289 2642 21 19 to
324 2646 64 16 come
402 2641 48 22 into
470 2649 41 16 our
531 2648 58 26 port,
610 2644 44 24 and

56 2672 74 26 which
143 2675 66 24 could
221 2684 89 25 convey
321 2679 66 24 stock
399 2684 24 19 at
440 2681 38 23 the
496 2687 62 19 most
574 2684 79 24 mode-

55 2718 50 19 rate
117 2714 90 33 charge.
245 2717 24 23 It
280 2718 21 23 is
315 2718 44 24 this
372 2720 59 24 class
444 2721 26 24 of
484 2723 87 24 vessels
579 2724 73 25 which

54 2761 55 24 pass
124 2756 22 22 in
164 2756 85 24 ballast
266 2765 56 17 near
341 2764 24 19 at
384 2761 60 24 hand
464 2762 61 33 daily
545 2764 59 25 from
623 2766 29 24 all

52 2799 66 26 parts
139 2796 26 23 of
185 2797 122 25 Australia
326 2804 23 18 to
367 2800 69 24 India
457 2803 45 23 and
522 2804 82 30 China,
628 2807 37 23 iiT

52 2836 82 23 search
146 2837 25 22 of
185 2836 131 26 homeward
326 2848 103 23 cargoes.
465 2843 110 33 Landing
582 2846 70 32 she.p

52 2876 47 23 and
111 2876 67 24 cattle
186 2877 55 24 here
249 2879 73 23 would
331 2881 27 22 of
372 2881 65 24 itself
445 2883 30 23 be
482 2885 107 24 attended
598 2887 53 23 with

45 2916 76 31 .profit
142 2921 23 19 to
187 2917 40 23 the
250 2918 72 32 place.
371 2921 52 25 The
446 2924 69 23 cattle
534 2926 67 23 could
623 2927 28 23 be
663 2916 2 36 !

52 2956 82 24 driven
144 2957 107 30 forward,
263 2959 47 24 and
322 2960 38 24 the
371 2961 100 26 furthest
483 2964 102 25 distance
597 2966 53 32 they

51 2997 77 24 would
139 2997 57 25 have
209 3003 22 19 to
245 3001 72 23 travel
329 3002 20 23 is
361 3003 98 32 nothing
467 3006 121 30 compared
597 3007 52 24 with

51 3036 41 24 the
103 3038 106 24 overland
217 3039 114 33 journeys
343 3043 66 24 made
422 3044 23 23 in
453 3044 121 25 Australia
583 3055 5 20 ;
609 3046 42 24 but

52 3075 41 23 the
103 3077 57 23 road
171 3078 104 25 between
293 3081 47 24 this
358 3083 46 24 and
423 3084 101 25 Porirua
540 3091 64 19 must
621 3087 28 24 be

52 3116 67 23 made
130 3117 107 30 passable
248 3124 23 18 at
283 3121 30 23 all
326 3123 67 24 times
404 3124 78 25 before
496 3125 47 25 this
558 3127 46 23 will
621 3128 28 24 be

52 3154 68 25 done.
157 3156 78 26 These
246 3159 74 25 flocks
332 3163 46 23 and
391 3163 68 25 herds
479 3166 74 24 would
570 3168 77 24 enrich

29 3216 3 5 ,
52 3194 40 24 the
104 3195 101 25 districts
221 3201 23 20 to
263 3199 73 25 which
355 3202 54 32 they
426 3211 59 18 were
505 3206 80 25 driven
602 3208 45 23 and

52 3235 59 24 Port
124 3236 127 25 Nicholson
264 3244 24 18 at
301 3239 37 25 the
353 3242 44 23 end
414 3244 26 23 of
460 3252 15 16 a
492 3253 82 18 season
592 3248 54 24 with

52 3276 40 24 the
104 3277 56 23 wool
178 3277 76 25 which
271 3280 76 24 would
366 3283 71 24 arrive
456 3284 54 25 here
529 3286 35 25 for
582 3288 64 33 ship-

50 3321 65 20 ment
126 3322 24 19 to
162 3317 103 33 Europe.

85 3364 51 26 The
148 3366 81 25 settler
239 3375 55 24 may
304 3372 48 20 rest
362 3371 95 24 assured
465 3372 49 25 that
520 3375 73 24 flocks
601 3377 45 24 and

49 3404 69 25 herds
137 3407 77 24 would
233 3406 40 26 riot
292 3409 60 30 yield
371 3418 15 16 a
403 3412 92 24 smaller
508 3416 69 30 profit
590 3417 55 24 than

50 3445 49 24 that
111 3446 108 25 obtained
230 3448 59 24 from
302 3449 64 25 these
378 3458 92 19 sources
483 3453 23 24 in
518 3455 126 31 Australia,

50 3486 44 24 and
104 3495 34 16 we
151 3495 39 16 are
202 3490 126 25 convinced
339 3491 19 23 it
369 3492 74 24 would
454 3493 29 24 be
494 3500 98 25 greater,
600 3498 44 24 and

49 3528 138 24 unattended
198 3530 54 23 with
268 3530 42 29 the
327 3533 145 32 uncertainty
491 3535 46 23 and
553 3537 90 24 vicissi-

49 3566 64 25 tudes
132 3568 85 24 known
240 3568 72 26 there.
357 3571 82 25 Under
458 3573 64 25 these
545 3576 98 25 circum-

48 3610 97 27 stances,
158 3617 34 15 we
204 3610 75 24 would
291 3618 57 24 urge
360 3612 39 24 the
411 3615 118 31 propriety
540 3616 27 23 of
581 3621 61 20 esta-

46 3646 102 33 blishing
159 3658 13 15 a
186 3650 75 25 Cattle
275 3652 127 32 Company.
438 3653 25 25 A
475 3655 88 24 similar
571 3657 70 24 Com-

45 3694 62 25 pany
117 3696 46 16 was
175 3690 141 25 established
334 3697 24 19 at
376 3693 112 25 Adelaide
508 3695 76 24 before
603 3697 37 24 the

44 3728 77 31 public
139 3737 59 16 were
217 3730 54 24 bold
290 3733 91 31 enough
400 3738 23 20 to
442 3739 65 20 enter
526 3735 38 24 the
587 3737 53 24 field

44 3768 149 33 individually
202 3779 7 20 ;
228 3771 19 23 it
257 3772 48 24 still
318 3774 127 30 continues,
461 3776 46 23 and
518 3777 30 22 its
560 3777 79 24 shares

43 3815 39 17 are
101 3810 99 24 saleable
219 3815 24 19 at
261 3812 82 25 double
362 3814 38 24 the
418 3821 96 19 amount
531 3818 54 31 paid
604 3819 34 23 for

43 3848 70 25 them.
150 3850 64 24 That
224 3852 31 23 all
268 3853 76 31 might
360 3855 98 31 partake
476 3857 27 24 of
522 3857 38 25 the
579 3860 59 30 good

43 3893 23 19 to
77 3889 29 24 be
117 3890 92 25 derived
219 3892 62 24 from
291 3893 71 33 being
373 3903 13 15 a
394 3895 147 26 shareholder
548 3899 24 24 in
580 3900 57 25 such

42 3937 14 14 a
68 3929 127 32 Company,
206 3931 38 24 the
256 3933 80 25 shares
348 3935 71 30 ought
431 3940 23 20 to
466 3937 29 24 be
505 3938 35 24 for
550 3947 13 16 a
570 3940 67 25 small

902 2457 163 24 ABSTRACT
1082 2473 10 6 -

685 2489 32 16 OF
724 2490 35 16 AN
846 2492 48 17 FOR
902 2493 52 17 THE
964 2495 102 17 BETTER
1074 2496 165 20 REGULATION
1248 2501 29 16 OF

684 2522 141 25 SERVANTS,
836 2526 158 23 LABOURERS,
1004 2529 54 16 AND
1068 2530 76 18 WORK

712 2575 29 21 So
751 2576 68 22 much
829 2577 27 22 of
866 2578 47 21 Act
922 2578 27 21 of
960 2579 58 22 Geo.
1028 2580 48 28 IV.,
1089 2589 48 21 cap.
1145 2585 21 24 9,
1174 2585 102 27 repealed

683 2609 25 14 as
718 2604 80 21 relates
816 2608 21 17 to
855 2609 100 19 servants
973 2607 107 29 refusing,
1100 2610 135 28 neglecting,
1253 2621 24 14 or

682 2630 120 27 absenting
812 2630 134 24 themselves
955 2633 58 22 from
1025 2634 59 22 their
1094 2637 67 23 work.

718 2656 39 21 All
777 2658 113 26 artificers,
912 2661 187 28 manufacturers,
1116 2664 151 29 journeymen

683 2684 122 27 workmen,
823 2686 130 28 shepherds,
972 2688 103 23 labourer
1088 2707 5 9 ,
1112 2698 27 14 or
1152 2693 65 22 other
1232 2701 44 14 ser-

682 2715 67 17 vants
760 2711 99 29 refusing
868 2720 26 14 or
905 2714 128 28 neglecting
1044 2720 22 18 to
1084 2724 63 16 serve
1166 2719 36 23 the
1220 2724 53 18 term

682 2743 24 15 or
721 2740 58 19 their
789 2745 167 23 engagements,
969 2750 26 13 or
1011 2745 118 27 returning
1145 2754 26 14 or
1186 2747 91 27 leaving

682 2765 62 21 work
762 2766 167 28 uncompleted,
957 2776 25 14 or
1002 2769 120 30 absenting
1141 2773 134 23 themselves

682 2793 122 21 therefrom
816 2801 24 14 or
849 2794 100 28 refusing
960 2799 23 18 to
993 2797 60 21 work
1065 2797 81 29 during
1163 2801 37 21 the
1217 2801 58 22 ordi-

681 2825 57 21 nary
749 2818 66 23 hours
825 2820 26 21 of
862 2821 68 27 work,
949 2830 53 20 may
1013 2823 27 22 be
1051 2827 131 22 committed
1193 2831 22 18 to
1225 2829 48 25 gaol

682 2851 25 14 or
722 2853 61 14 some
802 2847 64 22 other
885 2847 72 23 house
975 2850 26 20 of
1019 2854 133 26 correction,
1173 2854 63 22 there
1252 2859 21 18 to

680 2877 86 16 remain
778 2873 34 21 for
820 2881 45 20 any
877 2878 56 18 term
945 2880 40 17 not
995 2878 125 29 exceeding
1127 2880 63 22 three
1200 2882 73 21 calen-

681 2900 41 19 dar
731 2900 97 26 months,
840 2900 45 22 and
896 2905 22 18 to
929 2902 27 22 be
967 2903 54 27 kept
1031 2908 23 17 to
1072 2905 56 23 bard
1146 2907 79 24 labour
1240 2909 33 22 for

681 2926 38 20 the
730 2926 70 21 whole
811 2934 25 14 or
845 2935 44 20 any
900 2933 49 22 part
957 2930 26 21 of
995 2930 38 22 the
1040 2932 49 22 said
1096 2936 56 20 term
1160 2943 6 13 :
1176 2936 47 21 and
1230 2943 42 18 any

680 2959 81 15 person
772 2954 117 22 convicted
901 2963 23 14 as
935 2956 111 23 aforesaid
1062 2959 65 28 shall,
1146 2969 117 16 moreover

680 2978 113 23 lorfeitall
805 2988 25 14 or
839 2980 54 23 such
904 2987 49 23 part
971 2983 26 21 of
1008 2983 34 23 his
1060 2992 73 21 wages
1150 2996 25 14 or
1189 2997 44 20 pay
1249 2997 23 15 as

680 3008 56 19 shall
748 3008 26 20 be
785 3008 43 21 due
839 3011 21 18 to
871 3008 45 22 him
929 3010 56 22 from
997 3011 38 22 the
1046 3018 64 23 party
1122 3017 151 25 coim.Jaining

680 3039 24 14 as
715 3034 56 21 shall
785 3041 60 15 seem
862 3037 132 22 reasonable
1011 3038 22 22 in
1054 3039 37 22 the
1110 3041 121 24 discretion
1251 3044 25 21 of

680 3061 37 20 the
741 3061 86 22 Justice
850 3062 78 23 before
952 3064 72 24 whom
1050 3066 36 22 the
1106 3076 51 14 case
1176 3077 53 18 may
1245 3070 26 23 be

682 3089 102 25 brought.

715 3114 54 22 And
790 3114 99 24 whereas
908 3116 132 25 differences
1059 3121 59 23 arise
1137 3123 93 23 relative
1249 3127 21 20 to

679 3147 74 21 wages
763 3142 100 22 between
872 3142 37 23 the
920 3149 83 18 master
1013 3147 46 22 and
1076 3155 98 22 servant,
1192 3151 45 22 and
1254 3152 17 21 it

677 3174 19 14 is
707 3169 110 21 desirable
828 3170 47 21 that
884 3171 55 21 such
950 3171 132 25 differences
1092 3175 81 24 should
1183 3178 28 22 be
1228 3182 42 18 set-

677 3196 47 20 tled
734 3196 52 21 with
797 3203 24 15 as
831 3196 56 23 httle
894 3197 65 28 delay
970 3206 25 14 as
1002 3201 103 28 possible,
1115 3203 28 21 be
1151 3204 16 21 it
1176 3205 94 22 enacted

677 3222 55 26 that,
745 3229 21 15 in
778 3230 62 15 cases
857 3231 58 15 were
932 3232 30 15 m>
982 3228 91 26 specific
1088 3235 133 22 agreement
1236 3232 34 22 for

677 3255 72 21 wages
760 3249 40 23 has
807 3250 56 22 been
874 3252 66 22 made
950 3252 101 24 between
1063 3261 84 18 master
1162 3259 46 22 and
1225 3267 44 14 ser-

676 3279 61 33 vant,
749 3277 73 21 where
833 3277 35 23 the
880 3285 49 15 sum
938 3279 127 24 demanded
1074 3282 56 23 shall
1140 3289 40 17 not
1186 3286 82 22 exceed

676 3304 37 20 the
724 3310 48 15 sum
783 3304 26 21 of
821 3304 69 29 thirty
900 3307 95 26 pounds,
1006 3308 17 21 it
1033 3308 56 23 shall
1101 3310 27 23 be
1144 3312 74 23 lawful
1235 3313 35 21 for

675 3336 45 20 any
729 3333 43 18 two
783 3338 25 14 or
816 3338 61 15 more
889 3333 99 23 Justices
996 3338 22 19 to
1028 3343 105 16 summon
1141 3338 37 22 the
1187 3340 81 26 parties

675 3358 127 21 concerned
812 3358 44 22 and
868 3359 71 23 direct
949 3361 38 22 the
997 3368 109 22 payment
1117 3365 26 21 of
1152 3366 57 22 such
1219 3373 48 15 sum

674 3389 24 15 as
708 3385 58 21 shall
776 3391 82 22 appear
868 3390 23 18 to
901 3386 61 24 them
969 3388 49 27 just
1023 3390 46 21 and
1075 3392 141 27 reasonable,
1223 3393 44 22 and

674 3416 22 15 in
708 3417 51 15 case
775 3412 26 21 of
812 3420 166 27 non-payment
995 3416 91 22 thereof
1096 3418 38 23 the
1150 3420 49 21 said
1216 3420 51 22 Jus-

675 3440 54 18 tices
740 3445 52 20 may
802 3439 70 23 direct
892 3443 37 19 the
949 3450 68 19 same,
1040 3444 53 22 with
1113 3450 65 22 costs,
1197 3450 23 18 to
1239 3448 27 21 be

673 3466 120 21 recovered
803 3467 29 26 by
842 3466 92 24 distress
948 3469 45 22 and
1009 3470 47 22 sale
1073 3472 27 21 of
1112 3472 36 23 the
1166 3474 101 22 master's

672 3491 71 25 goods
754 3492 44 22 and
809 3493 85 23 effects.

712 3518 93 23 Persons
828 3520 155 31 fraudulently
1006 3523 76 29 hiring
1108 3533 26 15 or
1153 3527 113 28 engaging

673 3546 141 26 themselves,
826 3547 45 22 and
881 3549 117 28 obtaining
1009 3558 82 21 money
1101 3552 24 23 in
1136 3553 99 23 advance
1243 3555 26 21 of

672 3576 80 22 wages,
763 3573 45 22 and
824 3574 129 23 afterwards
968 3577 141 29 absconding
1126 3587 24 14 or

672 3599 23 18 to
705 3599 95 25 perform
812 3600 37 22 the
859 3602 60 22 work
931 3602 54 29 they
1000 3604 45 22 had
1060 3606 102 28 engaged
1178 3612 23 17 to
1216 3615 49 18 per-

671 3626 65 26 form,
748 3632 24 15 or
783 3631 22 17 to
815 3628 97 26 proceed
921 3632 22 18 to
964 3630 37 22 the
1021 3631 77 27 places
1117 3633 73 22 where
1211 3636 52 24 they

672 3657 57 15 were
750 3655 101 25 engaged
862 3660 23 16 to
894 3655 28 23 be
940 3657 125 28 employed,
1087 3667 52 19 may
1158 3660 28 22 be
1204 3668 60 15 com-

671 3681 79 19 mitted
760 3683 22 17 to
791 3681 51 26 gaol
852 3688 27 14 or
887 3689 45 20 any
942 3682 70 23 house
1029 3685 27 21 of
1066 3687 125 22 correction
1209 3688 33 22 for
1251 3696 13 15 a

670 3707 57 19 term
737 3709 39 18 not
786 3707 124 28 exceeding
966 3710 104 23 calendar
1082 3713 98 27 months,
1197 3718 23 17 to
1236 3715 13 21 b

670 3733 54 25 kept
732 3734 23 18 to
764 3733 57 21 hard
829 3733 81 23 labour
917 3735 36 22 for
964 3736 37 22 the
1011 3737 73 23 whole
1094 3746 26 14 or
1130 3744 50 22 part
1188 3741 26 21 of
1227 3742 35 22 the

670 3758 47 21 said
728 3761 62 23 term,
802 3764 24 17 at
834 3760 39 22 the
881 3761 119 24 discretion
1009 3764 27 21 of
1052 3765 38 22 the
1103 3766 47 22 said
1157 3766 97 25 Justices

697 3786 99 21 Justices
805 3792 52 21 may
867 3794 60 20 upon
939 3789 39 21 the
988 3790 52 22 oath
1053 3792 25 20 of
1090 3794 102 21 master's
1202 3802 60 15 com-

670 3813 106 25 plaining,
786 3813 83 26 punish
880 3814 180 25 misdemeanour
1070 3825 26 15 or
1106 3819 24 22 ill
1140 3820 122 25 behaviour

668 3839 23 20 oi
712 3843 100 17 servants
826 3839 26 23 in
872 3841 97 28 employ,
990 3843 31 28 by
1039 3847 167 28 commmitting
1225 3849 36 23 the

668 3866 115 26 oftendmg
793 3871 65 23 party
868 3871 21 18 to
899 3869 52 26 gaol
969 3877 24 15 or
1011 3870 69 24 house
1098 3873 28 22 of
1136 3876 124 23 correction

667 3894 35 18 tor
712 3899 13 14 a
734 3895 57 19 term
799 3897 40 19 not
846 3895 125 29 exceeding
978 3897 62 23 three
1048 3899 107 23 calendar
1161 3903 97 25 months,

666 3920 23 20 to
699 3918 29 23 be
738 3919 54 28 kept
800 3920 35 22 for
845 3921 38 23 the
893 3922 72 24 whole
976 3931 24 15 or
1008 3928 52 28 part
1070 3927 27 22 of
1107 3927 48 24 said
1171 3932 56 20 term
1238 3934 22 19 to

666 3947 56 21 hard
732 3947 84 28 labour,
827 3951 24 19 at
860 3948 121 25 discretion
991 3952 28 22 of
1028 3952 104 25 Justices.

555 42 103 32 THE
678 42 114 36 NEJV
809 45 229 33 ZEALAND
1059 47 230 35 GAZETTE
1310 51 101 32 AND
1430 52 330 35 WELLINGTON
1781 57 289 35 SPECTATOR.

1357 132 53 23 Two
1421 142 25 14 or
1456 142 60 15 more
1532 136 96 22 Justices
1645 144 53 21 may
1715 138 54 22 hear
1786 139 45 22 and
1847 140 71 22 deter-

1331 166 60 16 mine
1401 162 28 20 nil
1441 162 99 27 disputes
1550 170 25 14 or
1584 163 131 23 differences
1724 165 103 23 between
1837 171 82 17 nvister

1331 186 43 21 und
1384 193 97 21 servant,
1491 189 46 21 and
1546 189 65 21 make
1621 191 75 21 award
1712 191 22 21 in
1752 192 54 22 such
1818 200 62 15 cases
1896 198 23 18 at

1330 211 57 23 Jheir
1398 214 125 22 discretion.
1553 216 58 21 Such
1622 217 74 21 award
1708 221 21 17 to
1740 218 28 22 be
1776 219 105 23 enforced
1891 221 27 27 by

1331 241 116 21 execution
1460 242 86 26 against
1554 242 76 26 {roods,
1649 243 82 26 effects,
1753 244 46 22 and
1815 251 103 22 property

1331 266 24 21 of
1368 267 79 25 parties
1458 268 86 26 against
1554 268 72 22 whom
1637 270 74 21 award
1721 271 19 21 is
1755 271 75 26 given,
1848 280 24 14 or
1889 274 28 27 by

1330 294 119 21 arrestand
1458 294 168 26 imprisonment
1633 296 26 20 of
1664 296 54 22 such
1726 301 72 24 party,
1808 299 19 21 if
1834 306 12 14 <
1853 300 63 26 male,

1330 318 34 21 for
1387 327 44 20 any
1456 320 52 22 time
1531 325 38 18 not
1587 323 125 27 exceeding
1731 323 63 23 three
1813 325 101 23 calendei

1331 345 95 22 months.

1356 372 53 22 And
1420 372 97 23 whereas
1527 374 14 21 i(
1554 374 17 21 is
1578 374 49 27 just
1635 375 45 22 and
1692 376 121 27 expedient
1823 377 46 23 that
1879 379 38 22 the

1329 400 117 21 attendant
1468 407 110 20 expences
1604 401 80 23 should
1707 402 28 22 be
1755 403 55 21 born
1833 405 28 27 by
1880 406 37 21 tlip

1329 425 80 22 parties
1424 426 126 27 interested,
1567 428 44 21 and
1628 434 40 16 not
1682 430 30 27 by
1722 429 39 22 the
1771 431 82 27 public,
1863 432 28 22 he
1901 433 17 22 it

1327 451 84 29 hereby
1421 453 94 22 enacted
1526 454 47 21 that
1587 455 17 21 it
1620 454 55 23 shall
1695 457 26 21 be
1738 457 76 21 lawful
1831 458 33 22 for
1879 459 38 22 the

1327 477 97 24 Justices
1435 483 22 18 to
1467 487 69 15 assess
1547 480 36 22 the
1601 482 47 21 said
1664 483 118 22 attendant
1799 490 116 23 expences,

1327 506 44 19 and
1381 505 47 22 that
1439 506 36 21 the
1486 511 92 18 amount
1588 515 24 14 so
1623 509 98 21 assessed
1733 510 26 22 be
1769 510 52 28 paid
1836 511 27 28 by
1879 512 37 22 the

1327 532 152 28 complaining
1489 538 63 23 party
1563 534 20 21 if
1595 534 27 21 he
1633 534 54 23 does
1698 541 40 16 not
1748 543 115 20 prosecute,
1879 539 36 21 the

1327 564 58 21 case,
1396 566 31 18 or,
1440 560 122 26 otherwise,
1574 560 30 26 by
1615 561 37 21 the
1662 567 65 23 party
1738 563 87 26 against
1844 565 70 22 whom

1327 585 73 22 iiwaul
1415 586 18 21 is
1451 587 71 26 made,
1565 587 117 28 Provided,
1703 588 111 29 however,
1833 590 48 23 that
1900 593 20 21 if

1326 610 71 23 either
1407 613 26 21 of
1444 613 37 22 the
1491 614 82 27 parties
1585 614 26 21 be
1621 615 82 22 unable
1714 620 24 17 to
1755 624 50 20 pay,
1823 618 37 21 the
1877 626 38 14 ex-

1326 644 80 19 penses
1415 640 27 21 be
1460 640 68 22 borne
1545 641 28 27 by
1592 640 36 23 the
1646 641 63 23 other
1728 647 71 24 party,
1820 644 52 27 and,
1892 645 23 23 in

1326 664 85 32 default
1420 666 27 21 of
1462 671 112 23 payment,
1592 673 93 17 amount
1694 670 27 20 of
1733 677 112 20 expences
1855 677 22 16 to
1888 672 27 22 be

1326 690 79 28 levied,
1426 693 70 22 under
1516 699 95 16 warrant
1630 694 26 21 of
1673 695 105 27 Justices,
1799 705 59 19 upon
1877 699 37 21 the

1324 718 70 25 goods
1413 727 25 14 or
1457 720 76 22 effects
1550 720 26 22 of
1596 728 40 20 par
1646 729 15 19 y
1681 729 22 14 so
1724 723 80 28 failing
1822 730 22 16 to
1863 733 51 20 pay.

1327 744 109 23 Provided
1448 753 27 15 no
1482 747 113 22 sufficient
1602 748 76 22 effects
1684 749 26 22 be
1719 750 78 27 found,
1807 751 37 21 the
1851 757 63 23 party

1325 771 78 28 failing
1413 778 21 16 to
1447 781 40 19 pay
1498 774 28 21 be
1536 774 131 22 committed
1677 781 22 16 to
1708 777 51 26 gaol
1771 777 35 22 for
1816 786 12 14 a
1837 780 76 25 pvnod

1326 802 40 17 not
1376 800 122 28 exceeding
1509 800 60 23 three
1581 802 105 21 calender
1695 804 99 21 months.

1352 824 101 24 Females
1463 831 38 18 not
1512 831 21 18 to
1544 828 27 21 be
1582 829 130 22 committed
1722 833 23 19 to
1752 831 51 27 gaol
1812 839 25 15 or
1844 832 68 22 house

1325 851 25 21 of
1360 854 122 21 correction
1494 854 71 21 under
1574 855 43 22 this
1627 856 53 21 Act.

1352 878 87 28 Appeal
1450 880 100 22 allowed.

1351 904 35 23 No
1397 907 125 22 conviction
1534 908 72 22 under
1616 908 44 22 this
1670 910 45 21 Act
1730 914 22 17 to
1768 911 28 22 be
1813 913 99 27 quashed

1323 931 132 24 forwiintof
1467 934 55 21 form
1531 941 24 14 or
1561 936 106 21 removed
1677 936 27 28 by
1711 938 81 21 writof
1799 940 111 22 certiorari

1323 959 47 21 into
1380 960 37 21 the
1428 960 105 28 Supreme
1544 962 69 21 Court
1623 962 26 21 of
1660 963 36 22 the
1708 964 93 28 Colony.

1352 985 33 22 No
1397 988 125 21 conviction
1534 992 23 17 to
1567 988 51 22 take
1635 989 63 27 place
1717 991 71 22 under
1806 992 43 22 this
1867 994 43 22 Act

1322 1012 75 21 unless
1407 1013 37 22 the
1455 1014 122 27 complaint
1585 1015 26 21 be
1620 1016 64 22 made
1694 1018 76 22 within
1780 1019 33 21 six
1821 1021 89 21 months

1322 1038 56 22 from
1390 1039 37 22 the
1439 1041 52 21 time
1502 1040 36 23 the
1550 1042 86 23 offence
1646 1042 55 23 shall
1713 1044 58 22 havn
1781 1046 57 22 been
1850 1054 60 15 com-

1322 1066 85 21 mitted.

1348 1092 46 22 Act
1403 1098 23 17 to
1437 1094 82 23 extend
1529 1098 22 19 to
1562 1096 56 22 New
1628 1096 122 24 Zealeand.

710 133 101 25 amount,
825 137 40 23 say
878 135 35 18 ten
926 130 90 32 pounds
1028 132 54 23 each
1092 141 6 16 :
1118 132 46 24 and
1176 133 38 24 the
1226 134 75 24 work-

710 169 40 29 ing
761 176 53 16 man
826 170 73 24 would
911 170 28 24 be
950 172 108 30 provided
1077 172 54 24 with
1151 181 13 15 a
1183 174 119 30 profitable

710 215 78 16 means
811 209 26 22 of
863 210 113 30 investing
999 210 36 24 his
1058 212 92 31 surplus
1171 221 83 24 wages,
1279 216 25 21 of

710 248 70 23 which
794 249 29 22 he
838 250 19 23 is
876 255 39 18 not
934 258 49 15 now
1002 253 128 30 possessed.
1168 254 77 24 There
1263 263 38 15 are

708 295 68 23 many
788 296 94 24 persons
896 290 52 23 here
962 297 129 25 competent
1105 297 22 19 to
1145 293 54 24 take
1218 295 83 30 charge

708 327 25 23 of
753 329 57 23 such
830 337 29 16 an
877 330 181 30 establishment,
1079 332 44 24 and
1141 341 33 15 we
1193 334 30 23 do
1242 334 58 32 hope

707 375 63 16 some
788 370 131 29 gentleman
939 370 47 23 will
1119 373 45 23 and
1182 374 88 24 submit
1288 383 12 15 a

708 414 134 25 prospectus
854 414 22 19 to
892 410 37 23 the
946 410 86 32 public,
1053 412 56 28 who,
1129 420 35 16 we
1181 421 40 16 are
1239 423 59 20 sure,

708 454 59 24 upon
781 449 124 28 reflection,
923 450 73 24 would
1015 456 40 18 not
1075 452 37 23 fail
1133 458 22 18 to
1174 454 69 31 adopt
1262 454 38 24 the

706 487 155 33 undertaking
872 489 53 23 with
936 490 123 32 becoming
1071 492 73 30 spirit.

739 526 78 24 There
828 536 38 15 are
877 529 79 30 plenry
969 529 25 24 of
1010 537 117 18 resources
1146 532 55 25 here
1221 534 77 24 within

706 567 66 23 reach
783 568 26 22 of
824 569 37 22 the
874 569 124 29 Colonists,
1008 570 20 23 if
1037 571 53 31 they
1098 572 45 24 will
1152 574 54 31 only
1214 576 84 23 stretch

705 610 39 19 out
755 606 59 24 their
827 607 72 24 hands
911 609 44 23 and
975 614 44 26 try.
1056 610 45 25 Let
1120 612 63 25 them
1204 614 39 24 but
1263 616 35 22 aid

705 645 144 31 themselves,
869 649 44 23 and
931 649 59 24 their
1007 651 139 31 neighbours
1166 654 47 24 will
1230 657 70 22 assist

704 685 70 25 them.
811 687 43 24 We
866 696 56 23 urge
929 697 13 14 a
952 689 75 24 Cattle
1035 690 121 34 Company
1168 701 62 24 upon
1240 696 57 23 their

703 727 174 30 consideration,
887 729 97 23 because
996 737 33 16 we
1040 731 44 23 feel
1097 732 18 23 it
1127 734 75 23 would
1214 734 28 24 be
1256 743 41 15 one

703 766 24 22 of
743 767 39 23 the
795 767 51 24 best
858 776 79 15 means
956 769 26 24 of
1004 772 102 30 exciting
1126 773 22 23 in
1166 782 14 15 a
1199 776 97 31 wealthy-

702 809 67 29 class,
783 811 23 22 in
819 811 38 23 the
870 812 168 32 neighbouring
1050 814 116 31 Colonies,
1182 826 15 14 a
1214 826 84 24 proper

701 849 81 32 degree
791 852 26 23 of
826 852 94 24 interest
932 853 23 23 in
968 854 45 23 this
1023 859 50 26 part
1081 856 25 22 of
1120 856 55 24 New
1184 858 111 33 Zealand.

707 906 16 19 N
745 909 44 24 We
811 911 43 23 call
877 912 110 24 attention
1011 917 23 19 to
1059 913 37 24 the
1121 915 176 26 advertisement

701 943 24 22 of
740 943 39 22 the
792 943 141 33 Wellington
946 945 148 25 Academical
1116 947 136 27 Institution
1272 952 22 22 in

701 975 100 31 to-day's
814 985 77 23 paper.
928 979 64 23 Such
1005 988 27 14 an
1054 981 129 24 institution
1204 985 19 21 is
1235 991 60 17 most

706 1008 113 30 lesirable,
832 1018 25 15 as>
871 1010 62 24 there
945 1019 39 16 are
997 1021 12 14 a
1021 1018 65 25 great
1106 1022 68 23 many
1193 1016 100 25 children

701 1042 117 31 requiring
841 1044 80 23 tuition
941 1045 28 23 of
982 1053 15 15 a
1016 1046 80 31 higher
1110 1047 56 24 kind
1178 1049 54 24 than
1246 1051 48 26 that

700 1080 22 16 to
736 1075 27 23 be
776 1076 105 23 obtained
894 1078 22 22 in
931 1077 38 24 the
981 1078 65 25 other
1059 1080 91 24 schools
1164 1083 22 23 in
1200 1083 37 23 the
1247 1090 46 18 set-

700 1108 102 24 tlement.
840 1109 42 24 We
896 1110 55 24 have
964 1119 53 17 seen
1028 1113 46 24 Mr.
1086 1113 95 25 Grace's
1191 1118 102 23 testimo-

699 1141 66 28 nials,
784 1143 44 22 and
841 1143 66 24 know
926 1145 58 24 from
1004 1146 66 23 othr
1087 1155 94 17 sources
1199 1150 48 23 that
1264 1150 29 24 he

699 1174 42 23 has
753 1183 12 14 a
778 1175 78 32 highly
870 1178 124 24 instructed
1002 1179 71 30 mind,
1082 1180 82 31 which,
1174 1183 118 24 combined

699 1207 54 24 with
765 1217 14 14 a
791 1210 143 32 remarkably
944 1212 96 24 amiable
1052 1219 94 25 temper,
1155 1216 45 23 and
1209 1216 83 32 having

699 1240 55 32 long
764 1242 57 23 been
834 1244 97 23 familiar
944 1245 53 23 with
1007 1245 37 24 the
1054 1246 106 25 business
1174 1249 25 23 of
1214 1250 77 23 teach-

699 1275 46 30 ing,
765 1276 81 23 render
859 1277 46 24 him
917 1279 126 31 peculiarly
1062 1280 96 32 adapted
1172 1288 22 17 to
1207 1284 32 22 fill
1253 1284 38 23 the

698 1308 107 29 arduous,
826 1309 78 32 highly
924 1312 131 29 honorable,
1075 1314 44 23 and
1133 1316 73 23 useful
1225 1317 66 23 office

698 1340 27 23 he
739 1341 41 24 has
793 1343 150 24 undertaken.
981 1345 44 24 We
1045 1346 27 23 do
1092 1352 60 19 trust
1164 1357 41 15 our
1217 1350 73 23 fellow

698 1374 109 24 colonists
819 1376 44 23 will
876 1383 95 26 support
985 1378 33 24 his
1031 1379 109 33 academy
1152 1382 55 24 with
1223 1391 15 15 a
1249 1383 40 24 be-

697 1408 92 31 coming
800 1409 82 31 decree
894 1411 25 22 of
935 1412 74 30 spirit,
1022 1420 25 16 as
1056 1414 17 22 it
1081 1414 20 23 is
1113 1414 81 32 highly
1206 1417 82 23 credit-

696 1440 52 23 able
759 1447 24 18 to
795 1442 38 23 the
846 1444 139 24 settlement.

699 1508 12 7 -
730 1499 34 23 At
776 1499 99 25 Messrs.
890 1501 92 24 Wades'
994 1504 102 24 Auction
1115 1514 29 15 on
1158 1507 129 33 Thursday,

696 1533 67 28 26th,
784 1533 38 23 the
842 1539 71 18 cutter
1068 1538 99 32 brought
1180 1541 57 24 from
1252 1543 36 23 the

696 1566 115 24 Chatham
822 1567 96 29 Islands,
932 1576 46 16 was
990 1571 50 22 sold
1053 1571 34 24 for
1105 1574 53 23 95
1167 1584 6 18 ;
1194 1576 43 23 and
1252 1576 35 23 the

694 1604 111 25 potatoes,
819 1608 67 24 cargo
898 1602 26 23 of
939 1602 39 23 the
1169 1608 47 24 also
1232 1610 54 23 from

695 1632 115 25 Chatham
818 1633 99 30 Islands,
926 1642 59 18 were
997 1637 50 24 sold
1058 1644 24 18 at
1095 1640 58 24 from
1164 1643 39 23 4
1214 1647 23 19 to
1250 1644 36 26 7

694 1673 40 23 per
746 1672 48 18 ton.

728 1717 51 24 The
799 1720 110 23 attention
929 1721 26 22 of
969 1729 41 16 our
1029 1723 91 25 readers
1132 1726 20 22 is
1165 1726 85 25 invited
1264 1733 21 19 to

694 1750 38 24 the
751 1751 176 25 advertisement
938 1754 21 23 in
980 1755 93 32 to-days
1085 1766 79 23 paper,
1177 1760 84 32 calling
1273 1769 12 16 a

693 1785 103 29 meeting
814 1790 22 19 at
858 1788 27 22 11
906 1787 89 24 o'clock
1007 1797 30 16 on
1056 1790 110 34 Tuesday
1263 1799 22 19 at

694 1817 113 25 Barrett's
821 1818 79 25 Hotel.

727 1875 52 25 The
801 1878 147 32 anniversary
968 1880 25 23 of
1015 1882 36 23 St.
1066 1882 102 25 Andrew
1189 1886 45 23 will
1256 1886 28 24 be

692 1912 190 22 commemorated
890 1912 30 32 by
927 1920 14 16 a
953 1914 80 24 dinner
1045 1920 23 18 at
1076 1916 115 25 Barrett's
1204 1919 78 29 Hotel,

692 1950 28 16 on
734 1943 111 31 Monday,
859 1945 131 25 November
1002 1948 38 23 the
1053 1950 68 23 30th.
1160 1952 73 31 Many
1246 1961 38 16 are

691 1975 73 24 under
776 1976 38 24 the
826 1978 51 23 idea
887 1979 51 23 that
949 1980 39 24 the
1005 1981 82 25 dinner
1105 1984 19 22 is
1145 1986 104 24 confined
1261 1992 22 18 to

691 2008 149 29 Scotchmen,
855 2011 43 22 this
911 2011 105 26 however
1027 2015 19 22 is
1059 2023 13 14 a
1086 2018 106 28 mistake,
1210 2020 43 21 and
1266 2020 18 23 it

691 2040 20 22 is
723 2041 109 31 expected
844 2047 23 18 to
879 2043 27 24 be
924 2050 61 18 most
996 2048 149 31 numerously
1165 2051 116 24 attended.

691 2073 47 23 Mr.
757 2074 99 30 Hui.ter,
875 2081 22 18 at
909 2077 38 24 the
967 2085 92 25 request
1072 2081 25 23 of
1113 2089 13 15 a
1136 2088 66 25 great
1214 2092 68 23 many

689 2107 138 30 gentlemen,
838 2109 43 24 will
892 2110 30 24 be
936 2111 36 23 the
985 2112 126 26 chairman.

724 2165 38 23 An
776 2166 174 27 advertisement
962 2171 30 30 by
1005 2171 37 24 the
1051 2173 231 32 Surveyor-General

689 2206 29 15 on
735 2199 39 23 the
791 2200 88 32 subject
892 2202 27 23 of
932 2204 81 31 giving
1025 2211 38 18 out
1077 2206 104 33 Country
1194 2209 86 30 Lands,

689 2232 45 23 will
746 2232 29 24 be
786 2234 70 23 found
875 2235 23 23 in
917 2237 95 24 auother
1031 2239 99 26 column.
1169 2242 22 23 It
1210 2249 71 18 meets

688 2273 41 15 our
753 2268 107 30 approval
882 2272 147 31 necessarily,
1059 2278 24 18 at
1106 2275 17 22 it
1147 2277 133 30 anticipates

687 2299 70 23 much
769 2308 32 16 we
812 2301 58 24 have
880 2303 73 32 urged
966 2312 28 16 on
1006 2306 38 23 the
1051 2307 90 32 subject
1149 2309 22 23 in
1181 2310 99 30 to-day's

686 2340 79 24 paper.

798 2394 79 26 NEW
895 2397 119 26 SOUTH
1033 2400 131 26 WALES.

1354 1155 38 23 On
1406 1155 37 24 the
1455 1158 97 30 evening
1563 1158 25 23 of
1604 1158 102 32 Monday
1719 1160 52 30 last,
1785 1171 14 14 a
1811 1165 98 30 meeting

1319 1186 26 25 of
1360 1188 37 24 the
1417 1189 93 32 Paisley
1523 1192 116 24 Canadian
1653 1193 144 32 Emigration
1818 1197 90 32 Society

1319 1228 45 16 was
1377 1222 52 24 held
1448 1224 22 22 in
1491 1225 36 22 the
1551 1225 171 32 Philosophical
1736 1227 66 30 Hall,
1827 1230 80 33 Abbey

1319 1254 88 28 Street;
1428 1257 44 23 ami
1486 1257 99 24 William
1601 1258 66 29 Barr,
1679 1259 69 33 Esq.,
1771 1263 26 22 of
1813 1263 94 30 Drums,

1319 1287 83 32 having
1414 1289 55 24 been
1482 1292 162 31 unanimously
1656 1293 72 24 called
1746 1300 21 18 to
1788 1296 37 23 the
1837 1298 69 29 chair,

1319 1320 17 23 it
1354 1329 45 16 was
1418 1324 87 28 moved,
1530 1324 50 24 that
1755 1329 39 23 the
1816 1330 91 32 Society

1317 1360 82 18 cannot
1416 1357 136 31 accomplish
1574 1358 58 24 their
1651 1367 99 25 purpose
1769 1362 25 23 of
1810 1364 97 31 emigra-

1317 1388 49 30 ting
1378 1394 22 17 to
1414 1390 93 22 Canada
1519 1390 45 24 this
1583 1399 89 22 season,
1698 1393 38 24 the
1756 1395 92 32 Society
1862 1398 45 23 still

1317 1422 106 24 continue
1440 1423 116 24 embodied
1576 1433 25 14 as
1621 1425 38 24 the
1684 1426 93 33 Paisley
1790 1429 116 25 Canadian

1317 1452 144 34 Emigration
1472 1457 100 31 Society,
1585 1459 45 22 and
1643 1461 105 23 continue
1762 1461 59 25 their
1839 1472 66 15 exer-

1317 1488 59 23 tions
1389 1494 22 18 to
1423 1494 38 25 get
1473 1494 39 19 out
1524 1491 23 22 in
1561 1491 36 23 the
1609 1493 80 31 spring
1702 1494 24 23 of
1871 1497 35 23 To

1317 1520 44 23 this
1374 1523 83 23 motion
1471 1525 85 22 certain
1569 1526 136 23 resolutions
1719 1534 57 17 were
1790 1530 78 23 moved
1877 1531 28 31 by

1317 1561 45 24 way
1376 1557 26 21 of
1418 1557 151 28 amendment,
1590 1563 23 18 to
1633 1559 37 24 the
1689 1560 68 24 effect
1770 1562 48 23 that
1831 1571 25 15 as
1868 1564 37 23 the

1315 1587 85 24 islands
1425 1589 25 23 of
1466 1590 55 23 New
1535 1591 102 23 Zealand
1660 1600 59 16 were
1743 1602 49 16 now
1817 1598 88 23 erected

1315 1621 47 23 into
1375 1630 13 14 a
1400 1622 87 24 British
1500 1624 87 30 colony,
1600 1625 46 24 and
1658 1626 61 24 Lord
1732 1628 60 24 John
1811 1629 93 25 Russell

1316 1653 43 24 had
1383 1655 103 24 declared
1509 1657 36 23 his
1563 1659 111 23 intention
1694 1661 27 22 of
1735 1662 109 32 applying
1867 1664 37 23 the

1317 1687 134 30 Wakefield,
1470 1698 26 15 or
1513 1690 74 24 South
1599 1693 135 24 Austialian
1746 1696 124 31 principles
1882 1704 21 17 to

1314 1720 38 24 the
1364 1721 150 26 colonization
1526 1725 26 22 of
1568 1725 55 23 New
1633 1726 109 29 Zealand,
1757 1729 71 24 which
1843 1731 60 31 Cap-

1314 1755 46 23 tain
1375 1755 96 24 Hobsou
1482 1756 43 24 had
1534 1759 118 23 intimated
1660 1759 158 27 Government
1827 1764 77 24 intend

1313 1788 116 23 forthwith
1447 1794 23 19 to
1490 1790 34 28 do,
1550 1791 38 23 the
1609 1792 92 31 Society
1717 1795 84 24 should
1818 1804 85 17 memo-

1313 1821 78 24 rialize
1414 1822 61 24 Lord
1487 1824 60 23 John
1561 1825 94 24 Russell
1679 1828 35 22 for
1738 1828 45 24 free
1796 1837 107 25 passages

1313 1854 35 23 for
1360 1854 61 25 them
1434 1856 45 23 and
1491 1856 58 25 their
1562 1858 96 24 families
1679 1865 22 18 to
1722 1861 57 24 New
1794 1863 108 26 Zealand.

1314 1887 50 25 The
1376 1891 144 23 amendment
1533 1899 44 15 was
1585 1893 86 22 carried
1679 1893 31 31 by
1717 1902 29 16 an
1755 1898 147 24 overwhelm-

1313 1922 39 30 ing
1370 1922 114 32 majority,
1507 1924 44 23 and
1571 1933 12 15 a
1604 1927 117 23 memorial
1740 1936 45 16 was
1807 1931 96 31 adopted

1312 1957 168 30 unanimously.
1517 1957 127 24 Glasgow
1656 1960 99 25 Argus.

1347 2002 23 24 It
1382 2004 19 22 is
1413 2005 120 23 rumoured
1541 2006 49 23 that
1603 2007 48 23 Mr.
1661 2007 102 26 Thomas
1773 2011 129 32 Babington

1314 2035 121 31 Macaulay
1458 2037 20 23 is
1501 2038 72 30 likely
1594 2044 22 17 to
1629 2042 26 21 be
1667 2043 107 23 removed
1788 2044 55 24 from
1865 2047 38 23 the

1313 2067 54 24 War
1380 2068 74 25 Office
1468 2075 21 18 to
1503 2070 100 26 Ireland.
1641 2073 62 25 Lord
1718 2075 140 34 Normauby,
1876 2087 26 16 as

1312 2108 31 16 we
1363 2102 74 23 stated
1454 2111 14 15 a
1481 2104 62 23 week
1563 2112 24 16 or
1609 2111 41 18 two
1670 2108 71 28 since,
1766 2110 21 23 is
1803 2115 23 19 to
1838 2120 29 22 go
1879 2119 23 17 to

1312 2134 75 27 Paris,
1411 2143 24 16 as
1460 2136 156 26 Ambassador
1640 2146 21 17 to
1686 2141 39 24 the
1738 2143 73 25 Court
1823 2146 25 22 of
1863 2146 38 24 the

1312 2167 66 32 King
1389 2169 25 23 of
1430 2169 38 25 the
1481 2170 97 30 French,
1592 2173 45 23 and
1649 2174 27 23 be
1689 2176 124 25 succeeded
1828 2184 23 18 at
1864 2180 37 23 the

1312 2201 76 24 Home
1401 2202 74 25 Office
1487 2204 29 31 by
1529 2204 65 24 Lord
1607 2206 116 32 Morpeth.
1769 2211 55 24 Had
1839 2212 61 25 Lord

1312 2234 99 25 Howick
1434 2238 116 22 remained
1569 2239 51 24 firm
1639 2241 22 22 in
1682 2241 36 24 his
1735 2242 126 27 adherence
1878 2252 22 18 to

1312 2268 118 24 Ministers
1442 2270 58 24 after
1512 2270 35 24 his
1559 2273 79 28 revolt,
1658 2275 38 23 the
1715 2284 100 25 vacancy
1828 2284 22 18 at
1862 2280 38 23 the

1310 2301 77 24 Home
1407 2303 74 24 Office
1501 2312 45 16 was
1564 2305 106 26 intended
1684 2308 33 24 for
1731 2310 47 24 him
1787 2321 5 18 ;
1811 2312 42 24 but
1865 2314 35 23 his

1310 2335 120 33 Lordship-
1449 2336 84 33 having
1561 2340 67 29 again
1653 2343 109 28 revolted,
1794 2346 44 23 and
1862 2348 37 23 the

1550 2372 70 30 being
1637 2382 58 20 now,
1717 2382 22 17 to
1759 2378 30 23 all
1803 2387 96 24 appear-

1308 2409 63 20 ance,
1392 2404 175 30 irreconcilable,
1590 2407 47 24 Mr.
1658 2408 123 34 Macaulay
1798 2413 20 22 is
1838 2419 22 18 to
1872 2415 28 23 be

1308 2435 37 24 the
1357 2444 61 16 man.
1456 2438 124 25 Scottish
1594 2441 153 26 Standard.

1341 2486 51 24 The
1404 2493 107 19 accounts
1526 2491 101 23 received
1639 2499 14 15 a
1672 2492 45 32 day
1736 2502 26 15 or
1781 2499 43 20 two
1836 2497 62 24 since

1307 2519 24 24 of
1347 2520 39 23 the
1397 2521 111 32 alarming
1520 2524 97 31 scarcity
1629 2525 45 24 and
1684 2525 108 27 dearness
1804 2529 26 23 of
1844 2538 53 17 corn

1307 2554 21 22 in
1353 2554 38 23 the
1409 2555 94 23 interior
1520 2557 25 22 of
1560 2556 95 31 Russia,
1677 2561 105 29 together
1794 2563 52 23 with
1860 2565 38 23 the

1305 2587 163 24 unfavourable
1496 2595 118 26 prospects
1637 2592 26 23 of
1684 2592 37 24 the
1745 2594 153 35 forthcoming

1304 2619 99 31 harvest,
1428 2630 37 15 are
1490 2623 56 31 fully
1566 2625 123 24 confirmed
1708 2627 31 31 by
1751 2629 90 24 advices
1860 2639 36 16 re-

1305 2654 78 23 ceivesl
1404 2656 37 22 via
1465 2655 132 33 Hamburg.
1634 2658 43 24 We
1698 2660 56 24 have
1771 2670 13 15 a
1796 2663 101 33 striking

1305 2688 102 24 instance
1420 2689 25 23 of
1461 2689 36 24 the
1509 2692 155 30 promptitude
1674 2693 45 24 and
1731 2695 74 24 desire
1818 2697 26 23 of
1858 2698 38 23 the

1305 2720 108 32 Imperial
1446 2722 156 25 Government
1626 2731 22 18 to
1679 2727 68 32 apply
1778 2737 28 15 an
1834 2731 62 32 early

1303 2755 92 31 remedy
1408 2760 22 18 to
1444 2756 56 24 local
1514 2757 132 29 calamities,
1668 2759 28 31 by
1718 2760 38 24 the
1769 2763 46 23 fact
1827 2764 24 23 of
1867 2773 28 16 an

1304 2787 79 29 ukass,
1396 2797 25 15 or
1433 2789 88 29 decree,
1546 2790 84 32 having
1648 2792 57 24 beeu
1725 2796 121 29 published
1866 2799 29 30 by

1303 2820 38 23 the
1353 2821 114 32 Emperor
1478 2823 118 30 Nicholas,
1616 2825 108 33 allowing
1736 2828 38 24 the
1785 2830 108 31 importa'-

1303 2855 24 22 of
1343 2855 86 31 foreign
1444 2864 60 21 corn,
1519 2857 55 32 duty
1586 2858 55 29 free,
1654 2860 47 23 into
1711 2861 29 23 all
1750 2862 37 24 the
1795 2863 98 25 Eastern

1303 2893 62 26 parts
1378 2890 24 22 of
1417 2890 37 23 his
1466 2891 132 25 territories.
1637 2893 131 26 Courier.

1336 2934 23 24 It
1372 2936 19 22 is
1401 2936 107 25 manifest
1520 2938 58 23 from
1590 2947 14 15 a
1614 2939 94 33 leading
1724 2943 80 24 article
1820 2944 22 24 in
1856 2945 37 24 the

1438 2970 44 23 this
1493 2973 115 30 morning,
1621 2973 50 24 that
1682 2975 39 23 the
1732 2976 161 27 Conservative

1300 3006 66 26 party
1379 3003 74 23 would
1465 3003 27 24 be
1502 3004 69 24 much
1585 3006 156 26 disconcerted
1762 3009 29 32 by
1804 3010 38 24 the
1855 3019 37 16 re-

1297 3034 86 31 jection
1397 3036 24 23 of
1437 3036 37 24 the
1496 3037 94 25 Canada
1603 3039 158 26 Government
1775 3044 53 29 Bill,
1848 3046 45 23 and

1301 3067 49 24 that
1362 3068 37 24 the
1411 3070 130 24 settlement
1553 3072 27 23 of
1594 3072 38 23 the
1650 3076 106 29 question
1768 3077 19 22 is
1800 3083 23 17 at
1835 3077 57 25 least

1300 3109 24 15 as
1337 3101 112 24 desirable
1461 3104 33 22 for
1506 3104 60 24 them
1580 3113 24 15 as
1613 3106 35 23 for
1656 3107 37 23 the
1701 3115 92 24 present
1806 3110 85 25 Minis-

1300 3138 54 20 ters.
1390 3136 68 23 After
1476 3137 103 31 alluding
1597 3144 22 18 to
1638 3139 38 25 the
1696 3142 129 32 possibility
1837 3145 26 23 of
1877 3154 13 15 a

1300 3168 139 24 Ministerial
1451 3171 148 30 resignation,
1623 3173 45 23 and
1688 3175 38 23 the
1746 3176 109 33 difficulty
1868 3179 26 23 of

1299 3200 98 33 forming
1404 3211 13 14 a
1426 3203 161 26 Conservative
1597 3206 104 30 Cabinet,
1715 3208 38 25 the

1298 3241 52 24 says
1387 3237 15 11 **
1410 3236 28 23 In
1451 3244 29 16 no
1492 3238 84 31 degree
1592 3241 125 23 connected
1737 3243 51 24 with
1809 3253 25 15 or
1846 3246 43 23 im-

1298 3269 95 29 plicated
1412 3270 23 22 iv
1456 3271 38 23 the
1513 3279 62 16 mere
1594 3278 66 27 party
1672 3276 103 31 struggle
1788 3277 52 25 here
1853 3286 36 16 re-

1297 3302 75 24 ferred
1384 3308 30 23 to,
1427 3302 41 24 but
1479 3305 114 32 speaking
1604 3307 84 31 simply
1697 3309 53 24 with
1759 3310 38 24 the
1809 3312 79 23 frank-

1297 3343 52 15 ness
1362 3336 43 23 and
1430 3337 102 24 coolness
1545 3339 26 22 of
1585 3339 143 32 lookers-on,
1750 3351 33 16 we
1807 3345 82 24 shonld

1296 3372 84 20 esteem
1392 3370 19 22 it
1430 3378 28 15 an
1477 3371 131 25 indifferent
1628 3376 118 29 specimen
1764 3377 26 23 of
1805 3385 83 18 party

1296 3403 79 22 tactics
1387 3403 20 22 if
1423 3403 37 23 the
1474 3404 83 24 House
1569 3406 26 23 of
1609 3406 77 25 Lords
1698 3417 59 15 were
1775 3410 76 32 bodily
1865 3417 23 19 to

1295 3434 57 31 fling
1371 3441 39 18 out
1428 3437 46 23 this
1494 3438 53 29 bill;
1568 3438 105 31 because,
1696 3450 56 15 even
1772 3451 58 16 were

1297 3468 119 24 Ministers
1439 3475 22 18 to
1485 3471 28 23 be
1543 3472 65 31 flung
1631 3479 41 18 out
1693 3475 68 32 along
1784 3478 53 23 with
1861 3479 24 28 it,

1295 3500 38 25 the
1345 3504 103 29 question
1461 3504 19 22 is
1494 3504 119 33 obviously
1625 3515 14 15 a
1656 3515 55 23 very
1728 3510 93 23 ticklish
1834 3519 50 21 one,

1294 3533 51 25 how
1357 3536 33 23 far
1402 3536 38 23 the
1465 3537 175 26 Conservatives
1663 3541 68 24 could
1750 3542 28 24 be
1795 3548 23 19 at
1829 3552 57 17 once

1293 3569 110 30 prepared
1416 3575 22 18 to
1449 3571 97 23 succeed
1559 3572 69 25 them.
1666 3574 159 27 Spectator.

1327 3618 47 24 For
1397 3620 89 24 several
1507 3621 57 31 days
1587 3627 60 26 past,
1672 3624 38 24 ihe
1728 3626 69 24 coach
1814 3627 71 25 direct

1293 3650 58 25 from
1370 3652 67 24 Paris
1455 3653 42 24 has
1509 3654 100 32 brought
1628 3664 26 15 us
1668 3657 73 25 whole
1753 3659 96 25 families
1862 3661 25 24 of

1293 3683 114 26 Germans
1419 3694 27 16 on
1460 3686 59 25 their
1531 3695 49 24 way
1593 3694 22 18 to
1628 3689 87 30 Havre,
1736 3692 75 25 where
1830 3694 52 32 they

1291 3725 38 16 are
1343 3723 22 19 to
1378 3719 93 24 embark
1484 3720 34 24 for
1529 3721 117 26 America.
1684 3724 32 23 So
1729 3726 154 25 considerable

1291 3751 20 22 is
1328 3751 38 24 the
1378 3752 96 24 number
1493 3754 25 23 of
1533 3754 63 25 these
1614 3758 134 29 emigrants,
1773 3759 48 25 that
1845 3761 37 24 the

1291 3784 106 33 ordinary
1409 3786 99 24 vehicles
1519 3787 59 25 from
1596 3789 69 24 Paris
1682 3796 23 18 to
1726 3791 78 25 Havre
1823 3801 58 16 were

1290 3817 70 24 found
1378 3819 139 25 insufficient
1536 3826 23 18 to
1578 3829 87 24 convey
1685 3824 71 29 them,
1780 3826 44 24 and
1844 3827 37 24 the

1289 3851 134 25 authorities
1435 3853 25 24 of
1477 3853 37 25 the
1533 3854 156 32 Messageries
1708 3857 103 33 Royales
1830 3866 51 19 sent

1289 3892 63 17 some
1364 3885 25 24 of
1405 3886 62 25 them
1479 3887 30 31 by
1521 3895 41 16 our
1575 3888 112 32 diligence
1696 3899 25 15 as
1734 3892 61 24 often
1804 3900 24 16 as
1835 3901 45 24 any

1287 3918 78 31 places
1376 3920 24 23 in
1413 3921 17 23 it
1441 3920 101 25 chanced
1558 3926 23 20 to
1603 3923 29 24 be
1653 3928 89 21 vacant.
1779 3926 100 25 Dieppe

1289 3951 99 26 Paper.

1972 143 140 25 REPORT
2131 146 44 23 OF
2194 146 72 24 THE
2286 148 221 26 EXPEDITION

1947 184 85 16 WHICH
2046 185 153 18 PROCEEDED
2213 187 31 16 TO
2260 187 134 18 TARANAKI
2411 190 32 17 BY
2456 191 79 16 LAND.

2081 215 141 27 [Concluded
2233 217 56 23 from
2302 218 42 23 No.
2354 220 46 27 32.]

1945 268 47 20 (The
2003 268 67 22 Report
2081 274 37 13 was
2129 271 59 16 stated
2200 271 18 17 in
2231 276 49 13 error
2292 275 20 14 to
2323 274 22 16 be
2359 273 98 19 concluded
2468 275 19 17 in
2499 279 34 13 our

2172 292 36 16 lsst
2218 294 91 19 number.)

1939 344 9 8 N
1981 337 22 24 It
2021 339 21 23 ia
2059 346 51 16 now
2122 347 41 16 our
2182 341 54 31 duty
2253 342 23 23 in
2290 342 130 24 conclusion
2432 348 23 19 to
2465 343 43 25 add
2521 352 14 16 a

1946 370 42 23 few
1998 372 91 30 general
2103 374 103 22 remarks
2218 381 28 15 on
2260 374 38 24 the
2311 381 43 17 two
2366 376 108 29 districts,
2489 377 44 24 and

1945 403 38 23 the
2006 412 79 16 means
2109 406 25 23 of
2149 407 189 24 communication
2371 409 98 24 between
2493 410 37 23 the

1945 441 94 26 country
2055 437 51 31 just
2124 438 116 25 described
2260 442 44 22 and
2328 442 56 23 Port
2396 442 135 26 Nicholson.

1947 468 80 25 Before
2039 470 70 31 doing
2121 479 32 21 so,
2171 472 111 30 however,
2303 474 16 23 it
2339 475 18 22 is
2371 482 119 24 necessary
2510 481 22 18 to

1945 502 57 23 refer
2016 508 22 17 to
2051 503 38 24 the
2100 504 47 24 line
2159 506 24 22 of
2200 511 62 18 coast
2274 515 25 14 as
2310 507 128 24 delineated
2448 510 21 22 in
2484 509 49 24 Mr-

1946 534 83 24 Park's
2041 536 89 29 sketch,
2143 538 44 23 and
2199 546 25 15 as
2236 539 46 23 laid
2295 539 64 24 down
2372 541 23 22 in
2413 541 37 24 the
2466 549 67 24 maps

1944 568 118 30 published
2077 577 28 16 on
2119 571 37 23 the
2173 571 50 24 best
2242 572 141 25 authorities-.
2422 574 45 23 For
2485 574 48 25 this

1944 609 97 22 purpose
2054 610 34 16 we
2099 604 44 22 will
2156 605 69 23 select
2238 605 39 23 the
2300 614 51 23 map
2370 607 119 30 published
2502 608 29 32 by

1943 633 38 24 the
1995 634 176 33 Hydrogiaphic
2184 637 82 29 Office,
2280 638 56 24 from
2350 640 73 23 which
2436 646 59 18 most
2509 642 25 22 of

1943 666 38 24 the
1993 668 63 23 other
2069 677 64 23 maps
2144 678 37 15 are
2200 671 88 30 copied,
2305 671 45 24 and
2369 672 39 24 the
2426 673 106 31 slightest

1943 702 141 30 comparison
2109 703 45 23 will
2177 703 27 23 be
2228 705 115 23 sufficient
2362 706 101 23 tojTshew
2465 730 11 9 y
2481 707 49 23 how

1942 732 57 25 little
2012 735 19 22 is
2041 739 24 18 at
2076 742 92 24 present
2184 736 84 24 known
2281 738 24 22 of
2321 738 45 23 this
2383 744 52 25 part,
2452 740 26 23 of
2493 740 38 24 the

1942 772 69 18 coast.
2049 767 29 24 In
2103 769 46 23 this
2171 777 52 23 map
2236 769 38 24 the
2288 771 70 24 whole
2370 772 46 23 line
2429 772 24 23 of
2468 779 63 18 coast

1942 798 55 25 from
2012 800 57 23 Port
2082 801 126 24 Nicholson
2218 809 22 17 to
2259 803 69 24 Kafia
2342 805 18 23 is
2379 805 76 23 drawn
2474 806 54 24 with

1942 840 12 14 a
1966 832 48 24 thin
2034 833 45 25 line
2098 843 25 15 as
2142 835 20 23 if
2177 836 58 23 from
2255 837 144 31 description,
2423 839 42 23 and
2490 845 40 18 not

1942 864 55 25 from
2010 867 74 24 actual
2097 875 81 24 survey
2215 874 40 18 not
2265 878 14 15 a
2291 871 59 22 river
2361 871 19 23 is
2392 871 85 30 shewti,
2490 878 40 19 not

1941 906 13 14 a
1966 906 64 16 name
2043 900 20 23 is
2081 901 66 30 given
2168 902 25 23 of
2208 910 45 23 any
2273 903 24 23 of
2313 903 38 23 the
2370 904 100 25 districts
2489 906 41 24 be-

1941 936 68 19 tween
2035 933 58 24 Port
2117 934 125 24 Nicholson
2267 936 44 24 and
2335 937 53 31 Nga
2413 938 78 25 Wotu:
2514 948 16 16 a

1942 964 59 31 large
2013 965 43 32 bay
2070 967 71 24 called
2161 968 115 24 Taranaki
2292 970 55 30 Bay,
2371 971 46 23 and
2435 972 93 24 another

1940 998 69 24 called
2025 999 102 30 Kgmont
2141 1001 56 30 Bay.
2211 1009 80 17 uearer
2304 1008 22 18 to
2340 1003 36 24 the
2385 1004 77 31 Sugar
2470 1005 61 24 Loaf

1942 1031 95 29 Islands,
2050 1041 38 15 are
2098 1034 45 24 laid
2156 1035 73 26 down,
2243 1035 73 24 which
2323 1037 60 22 exist
2392 1038 52 30 only
2452 1046 28 16 on
2490 1039 37 24 the

1939 1072 58 24 map.
2034 1066 106 24 Another
2152 1068 125 32 imaginary
2291 1070 43 30 bay
2347 1071 18 22 is
2382 1070 49 24 also
2450 1071 77 25 shewn

1939 1098 87 31 beyond
2039 1099 90 32 Kapiti,
2142 1101 66 23 while
2220 1101 39 24 the
2271 1102 45 24 line
2329 1103 26 22 of
2370 1110 63 17 coast
2440 1105 88 30 beyond

1939 1131 121 31 Rangitiki
2074 1133 40 24 has
2126 1141 13 16 a
2152 1141 77 24 wrong
2241 1136 116 28 direction,
2371 1136 68 31 being
2450 1138 77 24 drawn

1938 1164 43 24 due
1994 1165 66 23 north
2072 1167 89 23 instead
2173 1168 26 23 of
2213 1169 145 24 north-west.
2396 1170 50 24 The
2465 1172 62 30 posi-

1938 1198 45 23 tion
1997 1198 25 23 of
2038 1198 84 25 Mount
2135 1200 103 31 Egmont
2251 1203 18 22 is
2281 1202 48 23 also
2348 1204 141 29 inaccurate;
2509 1207 17 22 it

1938 1231 19 23 is
1979 1231 46 24 laid
2048 1232 64 24 down
2136 1239 38 18 too
2198 1242 54 16 near
2276 1235 37 24 the
2330 1241 76 22 coast;
2426 1237 43 24 and
2490 1239 36 24 the

1938 1264 73 30 Sugar
2034 1265 62 24 Loaf
2118 1266 90 25 Islands
2232 1276 38 15 are
2293 1270 112 23 incorrect
2427 1270 23 24 in
2468 1272 58 24 their

1937 1298 102 29 number,
2054 1299 58 23 their
2125 1300 92 24 relative
2229 1303 98 28 position
2342 1308 21 18 to
2379 1303 54 24 each
2453 1305 74 29 othery

1936 1331 43 23 and
1992 1331 59 24 their
2063 1332 101 25 distance
2176 1334 60 24 from
2249 1334 37 24 the
2300 1341 68 22 coast,
2383 1336 37 24 the
2427 1337 98 25 furthest

1936 1364 72 24 island
2022 1365 69 32 being
2104 1372 38 18 not
2153 1374 63 17 more
2229 1367 54 24 than
2296 1377 14 15 a
2321 1369 52 23 mile
2387 1370 42 23 and
2447 1379 13 15 a
2479 1371 50 24 half

1936 1397 56 24 from
2014 1398 39 23 the
2076 1399 74 24 shore.
2194 1400 52 24 The
2265 1402 74 23 actual
2358 1403 46 23 line
2422 1404 26 22 of
2463 1409 63 19 coast

1936 1439 54 15 runs
2001 1432 58 23 from
2074 1433 97 23 Porirua
2184 1439 20 18 to
2221 1434 120 29 llatyitiki
2355 1437 22 22 in
2390 1445 14 15 a
2416 1437 108 24 direction

1936 1465 77 31 nearly
2025 1465 44 23 due
2082 1466 74 28 north,
2181 1468 57 23 from
2253 1468 122 31 Rangitiki
2395 1475 22 18 to
2436 1479 14 15 a
2462 1471 63 24 shoit

1935 1498 101 23 distance
2048 1498 88 32 beyond
2150 1500 126 24 Otumatua
2298 1503 18 21 it
2335 1502 66 24 takes
2418 1511 12 15 a
2449 1506 76 23 consi-

1935 1531 90 23 derable
2043 1532 59 23 bend
2119 1534 23 22 in
2161 1542 13 15 a
2197 1535 185 32 north-westerly
2397 1536 124 30 direction;

1935 1564 76 31 nearly
2025 1566 23 22 in
2061 1566 38 23 the
2112 1572 75 18 centre
2200 1567 27 23 of
2242 1567 45 24 thh
2385 1570 23 23 in
2428 1578 13 15 a
2460 1571 65 31 bight

1934 1605 25 15 or
1970 1606 57 22 open
2041 1599 43 31 bay
2098 1600 18 22 is
2128 1600 38 23 the
2178 1607 108 18 entrance
2299 1607 22 18 to
2339 1602 38 24 the
2394 1603 130 32 Wangauui

1934 1632 70 26 river;
2024 1632 88 31 beyon.l
2138 1633 128 25 Otumatua
2288 1639 23 19 to
2331 1635 54 31 Nga
2398 1637 66 23 Motu
2485 1638 39 25 the

1934 1664 107 23 direction
2055 1666 25 22 of
2096 1666 37 24 the
2145 1666 45 24 line
2203 1668 27 23 of
2244 1675 63 16 coast
2314 1670 20 21 is
2343 1670 66 23 north
2416 1672 107 31 easter'y.

1934 1697 49 23 The
1994 1699 113 31 principal
2120 1700 110 24 harbours
2253 1703 33 22 ibr
2305 1701 63 32 large
2388 1704 85 23 vessels
2484 1713 39 16 are

1933 1737 21 16 at
1973 1731 88 32 Kapiti,
2082 1733 73 23 where
2175 1734 64 23 there
2259 1736 18 22 is
2296 1743 14 16 a
2329 1737 47 23 safe
2396 1737 125 32 anchorage

1933 1764 113 24 sheltered
2058 1766 57 24 from
2128 1767 29 23 all
2169 1768 73 23 winds
2256 1769 33 23 for
2299 1769 64 31 ships
2376 1771 25 22 of
2415 1778 43 24 any
2467 1772 55 23 bur-

1933 1797 59 28 then,
2006 1799 45 23 and
2065 1799 37 24 the
2121 1800 128 32 anchorage
2267 1807 24 18 at
2314 1802 38 23 the
2376 1805 75 30 Sugar
2463 1805 63 24 Loaf

1935 1830 97 30 Islands,
2046 1832 72 24 which
2132 1835 19 22 is
2163 1834 114 25 sheltered
2289 1836 58 24 from
2359 1837 31 23 all
2403 1837 71 24 winds
2482 1839 41 24 but

1933 1865 36 22 the
1981 1866 145 25 north-west.

1965 1898 76 24 There
2054 1908 37 15 are
2104 1901 86 23 several
2203 1902 66 23 small
2283 1903 111 24 harbours
2405 1904 69 32 along
2483 1905 39 25 the

1932 1937 62 18 coast
2005 1933 124 24 accessible
2142 1940 22 17 to
2178 1936 85 23 vessels
2276 1937 71 23 under
2359 1945 44 15 one
2418 1938 104 25 hundred

1933 1969 49 19 tons
1990 1975 6 19 ;
2016 1966 51 24 that
2079 1972 23 18 at
2114 1967 61 24 Titai
2188 1969 20 22 is
2221 1969 117 24 described
2350 1979 26 15 as
2393 1971 49 24 well
2460 1972 61 24 shel-

1932 1999 60 23 tered
2006 2000 44 23 and
2063 2001 146 27 convenient;
2232 2002 97 25 Porirua
2341 2004 20 23 is
2373 2004 47 24 also
2433 2013 14 15 a
2463 2006 60 31 good

1931 2031 98 23 harbour
2042 2034 33 21 for
2089 2035 102 30 coasting
2204 2037 95 26 vessels,
2321 2037 17 23 it
2350 2038 21 22 is
2383 2039 101 29 opposite
2498 2044 23 19 to

1933 2065 76 28 Mana,
2023 2065 45 24 and
2080 2066 41 23 has
2129 2075 13 14 a
2154 2067 40 23 bar
2206 2072 24 19 at
2243 2068 28 23 its
2284 2070 78 23 mouth
2375 2070 55 24 with
2443 2072 80 24 twelve

1932 2098 43 23 feet
1997 2103 25 18 at
2046 2099 54 31 high
2119 2106 78 18 water.
2246 2101 51 23 The
2320 2103 91 23 mouths
2436 2105 25 23 of
2482 2105 41 24 the

1932 2131 130 24 Manewatu
2074 2133 45 23 and
2131 2133 129 30 Wanganui
2279 2136 70 23 rivers
2366 2136 85 31 (which
2464 2138 58 24 have

1930 2164 55 23 been
1999 2165 90 32 already
2102 2166 130 31 described)
2255 2176 38 16 are
2317 2169 48 24 also
2387 2173 136 23 convenient

1931 2197 108 24 harbours
2053 2199 34 24 for
2100 2201 84 23 vessels
2197 2202 26 23 of
2239 2202 37 23 the
2289 2210 62 17 same
2368 2203 135 32 description
2512 2214 7 16 :

1930 2231 79 24 indeed
2023 2233 83 31 during
2118 2233 38 24 the
2173 2234 45 24 last
2235 2236 80 23 winter
2333 2237 39 23 the
2391 2237 132 33 Wanganui

1930 2264 39 24 has
1982 2265 60 23 often
2055 2266 57 23 been
2125 2268 83 23 visited
2225 2268 28 32 by
2277 2270 66 23 small
2363 2271 86 24 vessels
2460 2272 59 24 from

1932 2298 55 23 Port
1999 2298 125 26 Nicholson
2136 2301 35 23 for
2183 2301 40 24 the
2240 2310 98 24 purpose
2357 2303 26 24 of
2396 2307 125 31 procuring

1928 2333 127 29 provisions
2068 2333 34 23 for
2114 2334 38 23 the
2171 2335 118 24 colonists.
2337 2336 52 25 The
2411 2343 108 21 entrance

1929 2371 21 17 to
1963 2365 38 23 the
2014 2366 72 24 Patea
2096 2368 27 27 is,
2140 2368 7 22 I
2164 2368 93 30 believe,
2270 2370 137 31 sufficiently
2420 2371 56 32 deep
2496 2378 23 19 to

1928 2398 69 24 admit
2010 2401 86 22 vessels
2108 2401 26 22 of
2148 2401 51 31 tffty
2211 2407 60 20 tons.
2308 2403 77 24 There
2403 2405 20 23 is
2439 2413 14 15 a
2464 2406 54 24 har-

1928 2432 55 23 bour
1995 2433 48 23 also
2056 2439 23 17 at
2090 2434 98 29 Mukou,
2202 2435 63 25 three
2277 2437 63 30 days'
2351 2437 99 33 journey
2459 2439 58 24 from

1929 2465 51 31 Nga
1993 2466 76 29 Motu,
2093 2468 48 23 said
2161 2474 22 17 to
2204 2468 27 25 be
2250 2477 53 24 vey
2320 2472 135 24 convenient
2472 2473 47 25 and

1927 2507 53 22 easy
1992 2500 26 22 of
2033 2508 76 16 access
2122 2502 34 22 for
2168 2503 106 31 coasting
2293 2504 86 24 vessels
2397 2505 56 24 such
2465 2514 26 15 as
2505 2507 12 24 I

1928 2532 55 23 have
1994 2533 92 32 already
2098 2535 127 24 described.
2262 2536 50 24 The
2329 2538 92 24 mouths
2437 2540 26 22 of
2478 2540 39 24 the

1928 2565 120 31 Rangitiki
2072 2568 44 23 and
2140 2568 103 24 Waitera
2265 2570 71 24 rivers
2357 2578 52 25 may
2427 2573 48 24 also
2488 2574 28 24 be

1926 2600 131 24 considered
2070 2601 59 31 good
2141 2601 54 24 boat
2207 2603 119 25 harbours.

1959 2632 51 24 The
2034 2636 189 24 communication
2247 2637 30 31 by
2300 2637 54 24 land
2378 2638 57 25 from
2458 2639 58 25 Port

1928 2665 123 25 Nicholson
2075 2668 74 23 would
2171 2669 30 24 be
2225 2670 97 31 through
2353 2672 37 23 the
2418 2673 98 25 Porirua

1925 2699 81 32 valley,
2018 2701 45 23 and
2075 2702 56 22 from
2147 2702 36 24 the
2197 2703 144 25 information
2355 2713 32 16 we
2396 2714 57 16 were
2465 2707 51 24 able

1926 2737 21 19 to
1959 2741 96 23 procure
2069 2735 11 22 I
2092 2735 65 24 think
2171 2743 33 16 we
2216 2745 51 23 may
2280 2743 74 18 assert
2373 2740 53 23 with
2444 2741 72 23 confi-

1924 2765 70 24 dence
2007 2767 49 23 that
2067 2776 13 14 a
2090 2769 135 24 convenient
2236 2770 43 24 and
2293 2780 53 23 easy
2360 2772 53 24 road
2425 2782 51 24 may
2488 2775 28 24 be

1924 2799 63 24 made
2002 2801 56 23 from
2072 2801 57 24 Port
2144 2802 133 30 Nicholson,
2291 2808 157 29 commencing
2460 2815 55 17 near

1922 2832 150 32 Wellington,
2091 2843 26 15 or
2136 2836 38 23 the
2193 2837 74 32 valley
2285 2838 25 23 of
2325 2839 39 23 the
2376 2839 46 24 Kai
2436 2841 77 30 Wera,

1923 2872 22 16 to
1959 2866 97 24 Porirua
2074 2869 69 30 along
2161 2869 40 24 the
2214 2870 79 32 valley,
2306 2872 107 31 avoiding
2425 2875 89 32 equally

1922 2898 38 24 the
1973 2899 53 24 hills
2037 2902 44 22 and
2092 2901 38 24 the
2143 2902 68 25 river.
2248 2904 43 24 We
2310 2913 39 16 are
2368 2912 39 18 not
2423 2907 50 24 able
2491 2914 23 18 to

1922 2937 57 19 state
1993 2935 29 22 its
2038 2936 87 29 precise
2145 2935 118 31 direction,
2288 2938 47 24 this
2355 2947 41 17 can
2413 2942 52 30 only
2486 2942 28 24 be

1921 2965 58 25 done
2003 2967 58 24 after
2082 2977 18 15 a-
2117 2970 126 30 particular
2261 2973 154 24 examination
2434 2975 26 23 of
2474 2975 39 24 the

1922 2999 71 32 valley
2013 3001 141 25 undertaken
2175 3004 35 23 for
2229 3002 45 26 the'
2289 3013 107 24 purpose.
2444 3008 69 24 After

1921 3032 90 33 leaving
2028 3034 98 25 Porirua
2142 3036 40 24 the
2198 3038 54 23 road
2265 3039 75 30 might
2352 3040 26 23 be
2390 3042 123 23 continued

1920 3065 99 33 through
2032 3067 38 24 the
2084 3069 72 31 valley
2169 3070 94 30 parallel
2276 3077 22 18 to
2319 3072 49 24 that
2387 3074 72 24 which
2479 3083 33 16 we

1921 3101 114 23 traversed
2048 3107 22 17 to
2082 3102 127 29 Puki-rua,
2229 3104 45 24 and
2293 3105 80 25 thence
2393 3108 69 31 along
2474 3109 38 24 the

1919 3132 71 24 beach
1999 3138 22 19 to
2034 3134 133 25 Pari-Pari.
2204 3137 51 24 The
2263 3139 136 31 application
2410 3142 26 22 of
2450 3150 61 22 gun-

1918 3166 91 31 powder
2022 3168 73 24 would
2107 3169 28 23 be
2147 3171 105 30 required
2265 3177 23 18 to
2300 3172 39 24 the
2352 3178 42 19 two
2411 3175 100 31 project-

1919 3200 39 31 ing
1981 3201 75 30 points
2080 3203 27 22 of
2125 3203 57 24 rock
2206 3205 118 24 described
2349 3206 99 26 between
2472 3209 39 24 the

1917 3234 77 30 places
2007 3234 42 24 last
2062 3236 88 27 named,
2164 3237 75 24 which
2251 3243 23 19 at
2286 3246 92 25 present
2390 3246 82 19 cannot
2483 3243 27 23 be

1919 3267 79 30 passed
2011 3272 24 19 at
2055 3268 53 32 high
2122 3274 70 20 wuter
2194 3288 9 16 ;
2248 3272 70 24 From
2339 3274 71 24 Para-
2415 3274 61 25 Para
2488 3281 22 17 to

1917 3299 105 25 Wai-nui
2043 3302 38 23 the
2100 3303 54 23 road
2175 3305 72 23 would
2264 3305 29 25 be
2310 3308 120 23 continued
2441 3309 69 31 along

1917 3333 38 24 the
1967 3333 79 29 beach,
2059 3337 57 22 after
2128 3337 75 24 which
2210 3339 19 23 it
2236 3340 74 29 might
2317 3340 28 23 be
2353 3341 65 23 made
2425 3342 85 24 behind

1917 3366 37 24 the
1990 3368 57 23 sand
2079 3369 53 23 hills
2164 3376 23 18 to
2222 3371 132 26 Waikanai.
2401 3374 107 25 Between

1916 3399 122 25 Waikanai
2051 3402 44 23 and
2107 3403 133 32 Wanganui
2257 3406 38 23 the
2316 3406 53 24 road
2387 3408 74 24 would
2481 3408 27 25 be

1915 3432 70 32 along
1997 3434 38 24 the
2047 3435 70 25 beach
2131 3436 73 25 which
2217 3439 20 23 is
2249 3447 53 23 very
2321 3439 55 25 hard
2394 3441 44 24 and
2455 3442 52 23 firm

1915 3466 44 23 and
1972 3474 25 16 as
2008 3469 58 27 good
2080 3477 25 16 as
2119 3478 40 15 can
2173 3472 28 23 be
2212 3472 88 24 desired
2314 3473 33 24 for
2358 3474 30 23 all
2401 3474 38 23 the
2450 3483 57 23 pur-

1915 3507 67 23 poses
1994 3500 26 24 of
2034 3504 93 28 general
2139 3506 200 24 communication.
2375 3506 86 25 Indeed
2469 3508 38 23 the

1915 3538 59 18 most
1997 3534 98 25 difficult
2116 3543 52 25 part
2191 3538 25 23 of
2232 3538 38 24 the
2292 3539 55 24 road
2358 3540 27 31 _is
2404 3540 101 25 between

1915 3565 58 24 Port
1992 3567 125 26 Nicholson
2135 3571 46 23 and
2201 3571 104 28 Porirua,
2325 3573 45 23 and
2388 3573 93 33 already
2492 3583 13 15 a

1914 3598 56 25 herd
1987 3601 26 23 of
2028 3603 68 22 cattle
2119 3603 58 24 have
2200 3605 56 23 been
2281 3605 78 24 driven
2382 3606 57 25 from
2465 3608 38 24 the

1912 3632 85 25 former
2015 3639 24 19 to
2058 3636 38 23 the
2118 3636 70 24 latter
2209 3638 72 31 place,
2307 3639 43 23 and
2370 3639 38 24 the
2417 3642 88 23 natives

1913 3665 58 25 from
1996 3667 98 25 Porirua
2116 3670 46 23 and
2180 3670 37 24 the
2236 3676 63 18 coast
2312 3679 52 24 very
2377 3672 128 33 frequently

1912 3698 63 25 drive
1995 3700 58 25 their
2071 3703 51 30 pigs
2142 3707 24 19 to
2189 3703 57 24 Port
2268 3704 125 25 Nicholson
2416 3707 30 31 by
2466 3707 37 25 the

1912 3737 66 19 tract.
2016 3734 26 24 If
2057 3735 113 24 therefore
2189 3744 13 15 a
2221 3737 54 23 road
2287 3745 26 15 or
2332 3739 55 23 wide
2399 3740 104 32 pathway

1897 3765 1 20 I
1911 3766 98 31 through
2023 3767 38 24 the
2074 3768 58 24 bush
2145 3777 59 15 were
2216 3770 66 23 made
2293 3771 57 23 from
2359 3772 143 33 Wellington

1910 3803 23 19 to
1946 3799 105 30 Porirua,
2077 3801 18 23 it
2112 3802 76 23 would
2204 3803 27 24 be
2249 3803 115 25 sufficient
2375 3806 35 23 fox
2420 3806 32 25 all
2464 3807 38 24 the

1909 3838 93 24 present
2014 3841 109 25 purposes
2136 3835 27 23 of
2178 3835 38 24 the
2235 3836 91 32 colony.
2362 3838 35 24 To
2420 3847 82 17 ensure

1909 3864 38 24 the
1961 3873 78 17 means
2059 3867 27 23 of
2100 3872 107 21 constant
2225 3871 204 26 communication.
2434 3873 69 32 along

1908 3897 39 24 the
1960 3904 65 19 route
2037 3897 37 33 (as
2086 3908 33 17 we
2130 3900 71 25 found
2219 3906 23 20 at
2261 3903 132 26 Manewatu
2411 3914 30 16 on
2461 3915 41 16 our

1907 3930 131 26 homeward
2046 3933 113 33 journey)
2178 3935 18 24 it
2207 3936 75 24 would
2300 3937 29 23 be
2347 3937 113 26 desirable
2478 3946 24 18 to

1907 3965 112 25 establish
2030 3966 84 26 ferries,
2131 3973 24 19 at
2179 3968 37 25 the
2238 3970 112 32 principal
2373 3972 80 30 rivers,
2479 3977 24 20 at
