2550 4020
578 496 220 41 PUBUSHED
844 495 132 43 EVERY
1021 482 256 57 WEPNISDit
1323 489 88 40 AND
1453 485 233 44 SATURDAY
1731 485 205 37 MORNING.

607 612 129 33 PORT
759 611 291 41 NICHOLSON^
1069 604 306 38 WEDNESDAY
1396 603 369 38 MORNING^MAY
1792 606 50 34 11,
1868 605 87 28 1842.

2254 597 97 43 [Vol.
2374 595 66 32 111.

68 630 64 30 Nd.
150 626 84 40 140.]

38 251 2416 39 THE

38 290 382 55 NEW
547 290 890 55 ZEALAND
1564 290 890 55 GAZETTE

38 345 2416 55 AND

38 400 1151 55 WELLINGTON
1304 400 1150 55 SPECTATOR.

1282 689 167 27 TO'HNSON'
1458 692 44 23 and
1516 691 113 24 MOORE
1641 691 59 22 have
1715 691 48 27 just
1774 689 88 28 opened

1274 713 29 29 «l
1339 723 44 19 tne'
1387 720 113 27 following
1508 719 82 28 goods:
1592 729 30 5 —

1303 746 87 23 Ladies
1406 746 64 23 drab:
1480 754 45 14 and
1540 753 81 14 brown
1636 752 52 14 silk
1702 750 120 19 parasols,
1837 753 6 4 -

1304 773 126 22 Children's
1440 776 75 19 cotton
1525 772 43 27 do.,
1579 769 106 30 gingham
1693 769 127 27 umbrellas,
1817 771 7 12 1

1271 818 6 3 ,
1304 799 108 29 Chenille,
1423 799 101 27 damask,
1533 799 42 22 and
1587 798 63 21 other
1660 797 85 26 shawls,
1787 802 3 7 '
1845 807 5 16 ;

1304 826 65 22 India
1384 827 83 22 rubber
1480 826 83 27 braces,
1580 823 144 24 Mackintosh
1741 830 64 20 capes
1818 822 44 22 and

1276 856 67 24 coats,

1305 880 64 21 Camp
1384 887 72 15 ovens
1467 879 38 27 (all
1514 879 75 26 sizes),
1601 884 63 24 camp
1672 876 89 27 kettles,

1295 906 59 22 'Rat
1368 913 47 16 and
1429 907 80 21 'mouse
1524 912 78 20 traps,
1621 903 111 28 -weighing
1749 901 114 23 machines

1276 933 46 22 and
1331 933 137 27 steel-yards,

1305 959 118 27 Japanned
1434 958 151 27 candlesticks,
1594 957 59 28 spice
1657 956 46 23 and
1713 962 67 21 sugar
1785 955 77 27 boxes,

1277 986 53 21 cash
1340 988 75 26 boxes,
1426 986 113 28 spittoons,
1551 985 40 22 &c.
1602 985 40 21 &c.

1305 1013 74 21 Brass
1395 1020 71 15 flush
1482 1020 75 19 bolts,
1571 1011 44 22 rim
1630 1011 43 22 and
1684 1009 96 24 .mortice
1792 1008 70 27 locks,

1277 1039 54 22 door
1344 1039 116 27 knockers,
1478 1039 52 21 door
1547 1038 83 26 chains,
1644 1037 44 26 dog
1705 1036 83 27 chains,
1805 1042 60 15 mea-

1277 1073 86 15 suring
1387 1073 76 20 tapes,
1488 1065 92 22 bracket
1601 1064 63 27 globe
1684 1064 78 26 lamps,
1782 1061 47 23 and
1851 1069 14 14 a

1277 1093 86 27 variety
1373 1093 26 21 of
1406 1093 71 22 useful
1486 1092 121 26 hardware,

1307 1119 57 22 Loaf
1378 1119 79 22 cheese
1472 1119 23 21 in
1510 1118 42 27 tin,
1563 1117 102 26 oatmeal,
1679 1124 61 20 peas,
1753 1115 110 28 saltpetre,

1279 1146 61 27 soda,
1350 1146 61 27 blue,
1422 1145 80 26 starch,
1514 1152 59 20 soap,
1585 1145 40 21 &c.
1637 1143 40 22 &c.

1306 1173 71 27 Pitch,
1389 1172 128 22 Stockholm
1526 1174 40 24 tar,
1577 1171 68 27 paint,
1656 1169 48 28 oils,
1715 1169 45 21 and
1775 1171 92 24 turpen-

1279 1199 54 28 tine,

1308 1226 49 21 Felt
1366 1226 35 21 for
1409 1225 92 26 roofing,
1513 1225 41 21 &c.

1299 1247 31 27 'A
1338 1253 44 21 few
1391 1255 50 19 cwt.
1452 1252 25 22 of
1485 1251 59 22 Hutt
1553 1253 100 25 potatoes
1662 1249 36 22 for
1707 1249 54 21 sale.

1283 1297 70 48 ON
1368 1296 87 24 SALE,
1465 1299 23 18 at
1496 1295 39 21 the
1546 1295 74 21 Stores
1630 1293 25 21 of
1659 1293 38 22 the
1706 1291 159 27 undersigned,

1375 1322 153 23 WHALING
1545 1320 87 23 GEAR
1645 1319 46 22 and
1705 1319 120 26 STORES,

1472 1348 101 26 recently
1584 1347 95 22 arrived.

1639 1373 89 22 Willis
1743 1371 45 23 and
1802 1371 41 22 Co.

1310 1404 144 26 Wellington,
1465 1402 108 26 March!,
1584 1402 62 20 1842.

1463 1447 82 21 Clerk
1558 1444 126 22 Wanted.

1282 1481 178 50 WANTED
1476 1488 13 13 a
1502 1479 67 22 Clerk
1585 1481 22 19 at
1623 1478 37 22 the
1675 1477 75 22 Union
1850 1475 24 22 of

1369 1507 118 27 Australia,
1498 1506 143 25 Wellington.
1677 1504 77 27 Apply
1767 1503 29 28 by
1806 1503 65 21 letter

1284 1536 54 26 only,
1355 1534 121 23 addressed
1490 1536 23 18 to
1528 1533 37 21 the
1582 1533 116 25 Manager,
1709 1531 82 26 stating
1806 1536 67 21 expe-

1284 1562 81 26 rience,
1384 1562 131 25 references,
1535 1560 40 21 &c.
1615 1559 100 26 Security
1730 1557 45 22 will
1792 1557 27 21 be
1839 1563 34 14 re-

1285 1588 85 25 quired.

1314 1616 54 26 May
1375 1616 21 26 4,
1408 1615 61 21 1842.

1285 1659 178 51 WANTED
1481 1658 33 21 for
1528 1658 37 21 the
1582 1656 138 22 Mechanic's
1735 1655 112 26 Institute,
1862 1661 13 14 a

1382 1693 81 21 person
1467 1689 28 17 .to
1505 1689 36 17 act
1551 1691 23 14 as
1591 1682 118 23 Librarian
1724 1682 44 21 and
1785 1681 91 22 School-

1287 1717 92 19 master.
1416 1711 155 23 Testimonials
1589 1711 25 20 of
1625 1709 163 28 qualifications
1802 1708 41 22 &c.
1854 1711 22 18 to

1287 1741 29 21 be
1332 1744 48 18 sent
1395 1740 23 21 in
1429 1746 29 15 on
1467 1746 25 14 or
1501 1738 75 22 before
1588 1738 37 20 the
1637 1736 51 22 14th
1698 1736 89 21 instant.

1594 1771 63 22 John
1673 1770 121 25 Kkowles,

1728 1797 122 25 Secretary.

1292 1827 128 23 Institution
1436 1827 89 24 Rooms,
1536 1824 116 27 adjoining
1662 1822 186 27 Barrett's-hotel,

1496 1853 56 26 May
1561 1854 20 24 3,
1593 1852 59 20 1842.
1662 1859 4 3 -

1287 1898 187 51 WANTED,
1490 1904 14 14 a
1523 1896 76 26 steady
1617 1896 158 20 man-servant.
1804 1893 74 28 Apply

1385 1928 24 19 to
1417 1925 39 21 the
1467 1922 153 23 Freemason's
1630 1922 95 21 Tavern.
1732 1931 8 4 -

1282 1968 232 29 ;;TTr4Naasj>..A
1542 1965 87 23 good
1662 1964 91 23 cook.

1294 1989 57 28 ~y\
1386 1991 339 25 totHeTFreemason'slave'rn.

1319 2027 188 27 Lambton-quay,
1524 2025 63 28 April
1598 2027 20 24 8,
1629 2026 61 20 1842.

1291 2072 178 49 WANTED
1481 2078 27 14 an
1519 2070 71 22 active
1604 2077 75 20 young
1695 2076 59 19 man,
1773 2068 68 21 about
1856 2068 25 20 15

1387 2105 66 21 years
1472 2098 25 21 of
1518 2105 47 19 age,
1584 2100 22 19 to
1626 2100 36 18 act
1679 2103 23 14 as
1723 2095 99 22 assistant
1833 2095 24 21 in
1869 2101 12 15 a

1292 2125 90 27 general
1392 2129 66 18 store.
1487 2125 74 27 Apply
1572 2127 23 18 to

1552 2152 127 20 Anderson
1689 2149 46 21 and
1744 2149 110 21 Rovand.

1321 2183 159 26 Willis-atreet,
1496 2182 190 27 Lambton-quay,
1703 2180 64 28 April
1775 2182 34 25 30,
1821 2180 60 21 1842.

1486 2227 67 21 Coal
1573 2225 119 27 Alining.

1296 2262 65 47 AS
1385 2258 199 25 ABUNDANCE
1608 2258 38 21 OF
1667 2257 82 22 COAL
1767 2256 41 22 has
1829 2256 52 21 been

1375 2286 128 23 discovered
1512 2286 23 21 in
1547 2285 56 22 New
1618 2283 107 28 Zealand,
1737 2290 44 20 any
1792 2282 89 23 Gentle-

1296 2322 52 14 man
1359 2322 26 14 or
1394 2314 115 26 Company
1517 2312 48 22 who
1570 2312 41 21 has
1620 2319 13 14 a
1641 2314 103 24 prospect
1750 2310 25 22 of
1783 2309 98 26 entering

1295 2342 48 21 into
1353 2342 39 21 the
1406 2340 71 27 trade,
1488 2347 52 20 may
1550 2340 56 21 have
1617 2338 37 21 the
1663 2337 96 22 services
1770 2336 24 22 of
1806 2344 14 14 a
1836 2343 45 20 per-

1296 2376 41 14 son
1347 2368 50 22 who
1406 2367 42 22 has
1457 2366 45 23 had
1510 2366 54 27 long
1575 2365 131 27 experience
1716 2364 24 21 in
1749 2363 132 26 conducting

1297 2396 89 26 mining
1403 2394 125 29 operations
1543 2393 23 21 in
1577 2392 32 22 all
1622 2391 28 22 its
1661 2391 152 27 departments
1819 2397 5 20 ;
1842 2389 39 22 and

1297 2422 41 22 has
1356 2422 46 22 also
1416 2429 15 14 a
1444 2420 106 28 practical
1564 2418 132 27 knowledge
1715 2418 26 21 of
1755 2417 126 27 machinerj

1297 2449 104 24 requisite
1411 2449 35 21 for
1455 2447 37 22 the
1502 2446 99 26 working
1610 2445 38 22 the
1659 2452 67 14 same.

1326 2476 88 22 Letters
1423 2473 119 23 addressed
1551 2473 59 27 (post
1619 2471 61 28 paid)
1692 2472 36 21 for
1736 2472 21 21 S.
1765 2470 34 28 T.,
1811 2473 24 18 to
1845 2470 36 22 this

1300 2502 76 28 Office,
1387 2502 46 22 will
1441 2502 28 21 be
1479 2500 130 28 punctually
1618 2498 108 23 attended
1736 2501 28 18 to.

1328 2537 141 26 Wellington,
1481 2535 55 26 May
1547 2535 19 26 5,
1575 2535 62 21 1842.

1545 2588 14 13 A
1576 2586 67 15 CARD.

1302 2616 91 49 MR.
1419 2613 144 23 CHARLES
1593 2611 170 26 ABRAHAM,
1792 2610 89 21 Artist

1394 2641 189 27 Lambton-quay,
1603 2643 23 18 at
1646 2638 38 22 the
1700 2638 54 26 shop
1768 2636 71 28 lately
1854 2644 25 13 oc

1301 2669 81 28 cupied
1390 2669 30 28 by
1431 2669 45 22 Mr.
1488 2667 129 23 Mounsher.
1646 2665 114 26 Portraits,
1767 2664 74 26 views,
1850 2664 31 20 &c

1302 2697 74 22 taken.

1433 2722 54 22 Part
1495 2720 27 22 of
1528 2719 40 23 the
1576 2726 107 21 premises
1692 2721 23 18 to
1723 2719 39 19 let.
1767 2738 4 3 .

1550 2772 13 14 A
1579 2771 66 14 CARD.

1306 2794 107 50 MRS.
1424 2794 31 21 A.
1469 2792 114 23 LOWE'S
1600 2796 137 19 MILLINERY,
1755 2796 75 19 DRESS,
1848 2795 29 15 AN

1383 2827 77 16 STRAW
1471 2827 46 14 HAT
1528 2824 196 19 ESTABLISHMENT,
1737 2820 22 17 at
1768 2815 45 22 Mr.
1822 2815 58 21 Jabe

1306 2848 92 26 Allen's,
1411 2854 53 15 near
1478 2845 125 23 Wakefield
1618 2844 55 21 Club
1690 2843 84 26 House,
1786 2841 93 23 Lambto

1305 2876 72 26 Quay.

1500 2918 27 20 J.
1541 2918 39 20 M.
1596 2916 109 26 Taylor,

1321 2952 152 23 LICENSED
1497 2949 243 24 CUSTOM-HOUSE
1763 2946 116 28 AGENT,

1556 2984 27 15 TE
1597 2984 53 14 ARO.

1309 3030 107 50 JOHN
1440 3027 159 26 HARDING,
1625 3026 103 22 Cabinet
1749 3024 45 22 and
1817 3023 62 21 Fane

1371 3057 114 26 Turner,,
1498 3055 54 26 begs
1565 3052 144 29 respectfully
1723 3055 22 18 to
1759 3050 80 22 inform
1858 3052 23 19 tn

1309 3084 139 22 inhabitants
1465 3082 26 22 of
1507 3081 141 26 Wellington,
1668 3078 49 22 that
1735 3078 28 21 he
1778 3077 40 21 has
1836 3083 45 14 com

1309 3111 95 22 menced
1413 3109 101 23 business
1524 3108 24 22 in
1560 3109 37 20 the
1614 3107 70 21 above
1693 3105 54 27 line,
1760 3106 24 20 at
1798 3103 36 22 his
1843 3109 38 15 res

1311 3138 77 27 dence,
1406 3137 157 24 Willis-street,
1579 3140 55 16 near
1651 3132 195 26 Ghuzney-street,
1865 3130 16 21 T

1311 3165 58 27 Aro;
1385 3164 47 22 and
1436 3163 75 28 hopes,
1523 3162 29 27 by
1558 3160 62 22 strict
1626 3158 110 23 attention
1746 3161 22 18 to
1777 3157 29 22 all
1815 3157 66 21 order;

1312 3196 21 17 to
1343 3192 68 21 merit
1418 3191 59 21 their
1485 3192 120 25 patronage
1616 3185 45 23 and
1670 3187 104 25 support.-

1314 3237 43 24 rv
1367 3234 108 24 EORGE
1484 3232 129 23 WATERS
1623 3231 54 26 begs
1687 3232 22 19 to
1719 3229 81 21 inform
1811 3227 39 21 the
1860 3226 21 22 It

1314 3253 53 32 \JC
1379 3262 112 23 habitants
1509 3260 25 21 of
1546 3259 54 22 P6rt
1616 3256 129 27 Nicholson,
1756 3255 48 21 that
1818 3253 30 22 he
1860 3253 21 21 hi

1310 3290 47 28 just
1372 3287 145 24 commenced
1526 3286 101 22 business
1641 3291 25 15 as
1681 3290 80 19 house,
1778 3288 60 19 sign,
1856 3286 25 15 an

1314 3323 156 16 ORNAMENTAL
1481 3320 108 19 PAINTER,
1599 3311 45 22 aild
1655 3316 106 16 GLAZIER.
1789 3308 39 22 All
1834 3308 47 20 klll(

1314 3344 24 21 of
1352 3343 77 22 woods
1446 3341 44 22 and
1503 3339 97 23 marbles
1615 3336 108 27 imitated,
1742 3336 40 22 &c.
1789 3342 6 20 ;
1814 3335 46 21 and
1872 3335 9 19 1

1314 3370 54 22 feels
1385 3368 113 23 confident
1507 3366 49 23 that
1565 3365 38 22 the
1618 3365 72 26 prices
1702 3362 45 23 and
1762 3361 119 30 punctuah]

1314 3396 53 23 with
1382 3396 74 23 wJiich
1471 3394 101 22 business
1587 3388 45 26 will
1644 3391 29 22 be
1688 3388 107 24 attended
1811 3390 31 24 tq,
1858 3393 23 15 w

1315 3431 80 15 ensure
1403 3423 49 22 him
1461 3429 15 14 a
1483 3419 83 24 second
1575 3419 50 22 trial
1633 3418 30 28 by
1673 3417 30 22 all
1710 3416 49 22 who
1768 3416 79 21 favour
1856 3415 23 19 hi

1314 3450 54 23 with
1377 3450 39 21 the
1425 3450 58 21 first.
1865 3466 4 4 .

1330 3477 74 22 -Near
1414 3476 44 23 Mr.
1476 3472 144 29 Catchpool's,
1637 3471 161 25 Dixon^street,
1809 3469 33 20 le
1857 3469 24 19 A:

1317 3504 59 22 Flat.
1651 3527 3 3 .

1316 3550 35 48 J
1399 3546 129 26 MILLER,
1557 3544 120 24 Plumber,
1703 3541 49 26 &c,
1777 3537 104 28 Mulgrav

1356 3586 12 12 •
1413 3576 75 24 street,
1507 3574 56 19 Dext
1581 3570 60 23 door,
1653 3572 24 17 to
1697 3567 40 22 Dr.
1754 3565 125 27 Fitzgerald

1316 3603 53 25 begs
1379 3604 24 18 to
1412 3600 72 22 thank
1493 3598 38 22 the
1542 3596 75 30 public
1625 3596 35 21 for
1669 3593 38 22 the
1724 3596 92 24 support
1828 3593 29 20 he
1866 3593 15 19 h

1316 3629 98 21 hitherto
1422 3625 103 23 received
1537 3625 24 21 in
1571 3623 34 22 his
1614 3621 108 26 business,
1734 3620 44 21 and
1789 3622 22 18 to
1823 3620 58 20 lnlor

1316 3655 63 23 them
1395 3654 51 22 that
1459 3653 29 22 he
1502 3652 40 21 has
1559 3657 30 15 on
1607 3648 62 23 hand
1686 3655 14 14 a
1714 3647 42 21 few
1775 3646 106 22 substanti

1503 3683 86 24 LEAD
1610 3680 111 27 PUMPS,

1348 3729 2 5 .
1371 3713 75 24 -which
1454 3712 30 22 he
1492 3711 45 22 will
1550 3710 33 22 fix
1592 3716 30 14 on
1636 3706 130 24 reasonable
1777 3708 76 20 terms.

1345 3747 82 24 March
1437 3747 32 26 15,
1481 3746 60 21 1842.
1554 3762 2 4 .

1557 3787 108 23 Notice.

1319 3826 92 50 ALL
1430 3822 137 25 PERSONS
1591 3821 88 27 having
1693 3820 96 27 Agency
1806 3826 25 15 or
1847 3818 34 22 otl

1385 3852 101 22 business
1500 3849 56 23 with
1570 3848 47 23 Mr.
1633 3848 22 21 J.
1671 3847 27 22 T.
1713 3845 137 26 Wicksteed,
1871 3852 10 14 a

1319 3878 119 29 requested
1443 3881 22 19 to
1472 3876 66 29 apply
1543 3878 23 19 to
1573 3876 46 21 Mr.
1626 3874 81 23 Alfred
1712 3873 103 26 Ludlam,
1827 3872 53 21 Will

1321 3909 76 21 street.

1348 3932 144 27 Wellington,
1504 3930 55 27 May
1569 3930 20 25 2,
1604 3930 61 21 1842.

656 701 199 25 T7IXPECTED,
873 694 32 35 by
925 700 37 22 the
985 700 51 27 brig
1055 699 71 26 Agms
1146 698 40 25 (on
1204 690 49 30 her!

655 724 47 28 Sid
736 736 94 21 passage
846 728 57 22 from
924 727 108 28 Sydney),
1049 726 44 22 and
1107 724 45 22 will
1171 724 28 21 be
1216 729 39 18 on-,

654 756 46 22 sale
717 759 23 19 at
757 755 44 22 this
816 755 89 27 Offices,
925 753 65 23 ruled
996 757 79 22 'paper
1091 752 35 21 for
1142 752 114 26 accounts;,

655 783 64 26 sales,
731 785 104 19 accounts
846 783 95 25 current,
952 778 45 24 arid
1009 779 59 22 bills.
1148 782 3 4 '
1207 788 49 16 <,-.*>

683 817 88 24 Gazette
786 815 79 23 Office.
1077 835 4 4 .
1198 808 7 31 ;'
1214 815 19 22 -!'
1244 805 12 22 '•

710 862 54 20 For
783 860 59 21 Sale
863 860 32 20 at
914 858 45 21 the
985 856 104 22 Nelson
1109 855 84 25 Dairy

812 891 2 5 •
834 888 3 7 '
870 896 4 2 -
938 886 29 19 at
980 891 3 4 •
1070 891 2 5 '
1221 896 6 11 t
1246 890 9 4 •■

837 911 106 22 Nelson
957 911 105 20 Haven.

661 952 67 24 qa
743 946 84 22 COWS
842 944 36 22 IN
893 943 88 27 CALF,
1225 944 13 27 ;

656 967 72 33 OvF
756 974 27 20 30
794 970 88 25 lieifers.
886 970 26 21 in
922 969 50 27 calf,
1218 975 31 28 ;-y

757 1000 27 20 50
798 1004 76 21 young
884 996 88 27 heifers,
1247 1017 3 6 ,

710 1027 16 20 4
738 1023 115 24 half-bred
862 1023 104 22 Durham
975 1021 66 28 bulls,

713 1053 24 21 11
754 1055 74 23 steers,
906 1054 3 5 '
1209 1065 5 8 ,
1242 1049 11 20 ''.

713 1080 13 20 6
740 1077 101 27 working
848 1075 110 28 bullocks,

712 1107 16 20 4
740 1105 64 21 stock
812 1104 83 25 horses,
902 1124 3 3 .

715 1134 39 19 100
769 1138 65 20 ewes,
851 1138 3 3 •

715 1159 26 22 50
755 1157 103 23 wethers.'
1235 1158 7 11 v

686 1185 48 23 The
749 1185 71 22 above
834 1190 38 15 are
886 1183 58 22 from
959 1183 41 22 Dr.
1012 1181 92 28 Imlay's
1122 1180 127 24 celebrated
1250 1204 6 6 r

660 1213 64 22 stock
733 1216 22 18 at
764 1211 101 23 Twofold
877 1210 58 26 Bay.
962 1209 49 23 The
1023 1209 66 21 tattle
1104 1216 37 14 are
1152 1208 37 22 the

661 1239 61 27 bred,
733 1239 57 21 have
802 1239 58 20 been
869 1235 85 23 landed
962 1237 25 21 in
999 1236 39 21 the
1049 1235 65 22 finest
1124 1235 71 26 order,
1207 1232 49 24 aiid-

661 1268 58 20 from
729 1265 37 22 the
781 1265 50 22 best
841 1263 106 23 selection
954 1263 26 21 of
987 1269 43 20 any
1037 1262 31 22 lot
1076 1265 39 24 yet
1122 1261 100 27 brought
1228 1265 22 18 to

661 1293 58 22 New
729 1291 106 23 Zealand.
865 1291 45 22 For
915 1289 138 29 particulars,
1065 1288 70 28 apply-
1140 1291 22 19 to

853 1319 22 21 S.
891 1317 110 26 Hevans,-
1009 1315 144 27 Wellington,
1164 1322 26 14 or
1238 1317 15 8 ''

854 1344 30 22 D.
894 1343 147 26 Drummond,
1053 1341 85 23 Nelson
1149 1341 94 22 Haven:'

849 1388 44 21 Ex
1236 1380 20 13 "'

666 1416 72 51 ON
761 1415 85 27 SALE,
866 1417 24 20 at
908 1414 37 21 the
966 1414 74 21 Stores
1064 1413 25 21 of
1110 1413 39 22 the
1167 1412 87 22 .under-

717 1454 2 3 -
743 1442 85 26 signed,

665 1470 99 23 SEVEN
790 1468 68 23 AND
883 1468 22 21 A
929 1467 87 22 HALF
1040 1466 77 22 TONS
1143 1465 111 23 SHING-

728 1513 6 3 .
774 1496 79 22 LING
868 1493 67 23 AND
950 1493 80 22 ROSE
1043 1493 101 27 NAILS,

693 1525 41 21 200
743 1523 56 27 kegs
807 1523 49 21 best
865 1521 68 22 white
941 1521 59 26 lead,

694 1550 98 23 Linseed
802 1549 36 26 oil,
851 1547 134 28 turpentine,
996 1547 46 21 and
1051 1546 80 28 pairits,

694 1576 103 23 Window
807 1576 65 26 glass,
883 1574 31 22 all
922 1575 65 26 sizes,
997 1574 40 21 &c.
1049 1575 39 20 &c.

1011 1601 23 21 J.
1049 1601 34 21 M.
1095 1600 105 27 Taylor,
1218 1613 4 5 ■
1243 1617 13 9 „.

941 1645 5 8 ,
1126 1627 33 21 Te
1173 1627 55 22 Aro.
1246 1628 8 22 :

783 1673 135 27 Landing,
935 1678 35 15 ex

670 1708 117 50 FIRST
801 1706 140 25 QUALITY
956 1705 112 27 FLOUR,
1082 1705 61 21 fresh
1152 1705 58 22 from
1219 1704 36 22 tFe

743 1735 91 27 Sydney
845 1733 69 26 Mills,
1095 1738 3 3 ■

696 1762 56 22 Rice
762 1762 23 21 in
795 1761 61 27 bags,

698 1790 70 26 Sugar
778 1788 23 21 in
811 1788 61 27 bags,

700 1816 73 21 Coffee
782 1816 24 20 in
815 1815 61 26 bags,

698 1843 47 22 Tea
754 1842 23 21 in
788 1842 78 24 chests,

698 1870 78 21 Butter
784 1869 24 21 in
818 1868 85 26 firkins,

699 1896 59 21 Pork
767 1896 24 21 in
802 1894 89 26 barrels,
914 1904 3 3 ■

766 1922 25 21 in
802 1924 87 26 quarter
899 1920 70 27 casks,
1175 1930 3 3 ■
1227 1942 9 5 
1252 1933 4 3 ■

700 1950 99 25 Battens,
881 1958 4 3 •
1049 1959 2 4 ■
1227 1950 29 30 '^

699 1976 83 27 Cigars,
1120 1992 22 4 —
1171 1992 8 5 
1190 1991 18 5 .

701 1998 169 30 Guriney~6ags-
893 2018 3 4 .

991 2025 84 21 Waitt
1089 2024 43 21 and
1147 2024 84 22 Tyser.

752 2073 90 20 Steam
856 2071 84 21 Flour
955 2070 56 20 and
1026 2069 60 20 Saw
1098 2069 89 23 Mills,

810 2104 97 16 DICKSON
923 2103 93 20 STREET,
1031 2103 27 14 TE
1073 2103 51 14 ARO.

677 2126 91 50 THE
782 2123 151 28 undersigned
948 2123 39 21 has
997 2123 35 20 for
1041 2121 44 22 sale
1100 2129 14 13 a
1122 2121 103 28 quantity
1241 2128 15 14 o:

766 2159 92 14 ground
883 2157 79 19 maize,
983 2149 93 22 suitable
1095 2148 35 21 for
1151 2147 105 28 fattening

675 2180 56 28 pigs,
741 2178 94 28 poultry,
848 2178 40 21 &c.
916 2176 55 23 Also
982 2174 125 29 a'quantity
1115 2175 27 21 of
1147 2182 109 19 ungrount

676 2207 79 22 maize.

704 2232 83 23 Parties
802 2238 53 20 may
863 2230 59 22 have
936 2229 59 22 their
1009 2236 48 15 own
1074 2235 57 15 corn,
1140 2229 88 26 ground
1242 2235 13 15 a

679 2263 30 20 Is.
719 2267 40 21 per
769 2258 87 23 bushel.
1004 2256 7 7 *

707 2287 26 22 A.
741 2285 64 23 small
814 2286 102 27 quantity
926 2283 26 22 of
962 2290 98 20 superior
1075 2283 53 20 seed
1143 2283 73 20 wheat
1232 2283 23 20 fo

678 2314 53 26 sale,
747 2319 75 19 grown
836 2312 25 21 in
876 2310 38 22 the
930 2309 74 28 valley
1025 2309 24 22 of
1060 2309 36 21 the
1115 2309 67 21 Hutt.
1210 2309 46 21 Alsi

679 2342 85 21 several
774 2343 49 18 tons
833 2338 25 22 of
864 2340 107 25 potatoes.

1051 2363 26 22 E.
1093 2362 145 21 Catchpool.

705 2392 65 29 April
780 2392 33 27 27,
825 2392 61 21 1842.

681 2439 72 49 ON
768 2437 107 23 SALE—
875 2435 112 26 MAIZE,

745 2465 111 26 Potatoes,
866 2463 59 22 from
934 2465 37 18 tne
981 2462 51 21 best
1039 2461 107 22 Derwent
1155 2460 59 21 seed.

946 2497 3 3 '
957 2494 26 22 F.
994 2493 30 22 V.
1035 2493 99 22 Martin
1145 2491 45 23 and
1201 2492 39 26 Co,

1172 2519 32 21 Te
1215 2519 41 21 Arc

867 2567 44 21 Ex

683 2596 91 49 THE
788 2592 154 28 undersigned
956 2592 41 21 has
1010 2592 49 27 just
1073 2590 107 23 received
1194 2597 13 14 a
1216 2597 40 14 con

757 2623 113 26 signment
888 2620 27 22 of
930 2626 64 20 maps
1013 2618 47 22 and
1078 2615 86 26 charts,,
1170 2617 58 22 from
1248 2617 8 20 J

683 2649 93 28 Wyld's,
801 2648 96 26 Charing
921 2646 72 27 Cross,
1020 2644 146 28 Geographer,
1188 2647 22 18 to
1234 2643 22 22 th

684 2677 85 26 Queen,
781 2676 35 22 viz
823 2683 5 14 :
829 2686 30 4 —

711 2703 72 27 Large
793 2706 43 18 two
838 2712 3 4 1
846 2702 64 22 sheet
920 2707 51 20 map
982 2700 26 21 of
1016 2700 55 20 New
1080 2700 109 24 Zealand,

668 2731 2 27 |
712 2730 50 22 One
773 2729 63 22 sheet
845 2735 51 20 map
907 2727 25 22 of
939 2726 57 22 New
1006 2724 106 32 Zealand,

713 2756 105 22 Chaffers'
836 2756 63 21 chart
915 2754 30 28 of,
955 2752 82 23 Cook's
1056 2752 87 27 Straits,
1162 2751 54 23 with
1235 2751 21 21 tli

684 2784 68 21 latest
761 2783 118 26 additions,

714 2809 106 23 Chaffers'
830 2810 63 21 chart
902 2808 26 21 of
935 2808 54 21 Port
998 2805 131 27 Nicholson,
1139 2813 3 5 -

714 2835 132 24 Merbator's
856 2836 63 21 chart
928 2834 26 21 of
965 2833 38 22 the
1015 2832 75 28 world,
1102 2832 41 22 &c.
1155 2832 40 21 &c.
1206 2832 40 21 &c.

1047 2866 112 21 William
1174 2865 72 21 Lyon.

687 2897 84 22 Corner
781 2896 26 22 of
812 2895 153 22 Willis-street
975 2893 46 22 and
1031 2893 189 26 Lambton-quay.

862 2921 81 23 March
952 2922 19 25 8,
983 2921 63 21 1842.

689 2968 73 49 ON
787 2966 78 23 SALE
888 2965 30 27 by
941 2965 39 21 the
999 2963 157 28 undersigned^
1181 2970 14 15 a
1215 2963 41 27 larf

766 2993 103 29 quantity
879 2992 26 22 of
912 2992 76 22 Maize
997 2991 47 22 and
1056 2991 112 22 Potatoes.

961 3042 3 4 .
985 3025 38 23 W.
1037 3025 89 27 Allen,
1143 3024 105 23 Butcher.

717 3063 196 25 Manners-street,
924 3061 33 22 Te
967 3060 49 22 Aro
1027 3059 57 22 Flat.

947 3105 75 21 Beef.

691 3142 52 50 IN
753 3139 161 25 ADDITION
922 3142 24 19 to
955 3139 36 22 his
995 3138 67 22 usual
1070 3137 70 28 stock,
1152 3137 38 22 the
1199 3137 57 22 unde

749 3168 79 28 signed
837 3174 42 15 can
889 3166 54 23 offer
953 3173 13 15 a
981 3165 44 22 few
1038 3165 79 22 tierces
1134 3164 46 23 and
1197 3164 59 22 barre

691 3196 72 28 prime
774 3195 42 22 salt
825 3195 59 22 beef.

1093 3218 65 23 John
1173 3218 82 21 Wade.

719 3249 32 22 Te
762 3248 54 27 Aro,
828 3246 66 29 April
903 3248 34 26 19,
948 3247 62 22 1842.

762 3293 54 21 For
827 3292 69 24 Sale,
907 3297 37 15 ex
976 3290 91 22 Maria

695 3327 52 48 A
761 3325 134 22 NUMBER
905 3324 26 22 of
940 3323 72 23 useful
1030 3323 85 22 articles
1126 3322 26 22 of
1163 3321 93 23 Furnitu

775 3352 46 22 and
830 3351 65 22 other
903 3351 74 27 goods,
988 3353 51 24 part
1049 3350 25 21 of
1084 3347 46 28 the.
1133 3356 66 19 cargo
1209 3348 26 22 of
1245 3351 10 18 t

695 3380 72 21 Maria
783 3380 95 23 Theresa.
910 3377 52 22 Will
978 3377 28 21 be
1022 3375 81 23 landed
1117 3376 57 22 here
1187 3375 35 22 for
1238 3382 18 14 S£

696 3406 80 23 should
784 3406 83 27 buyers
877 3404 54 22 offer
938 3412 9 19 ;,
961 3403 62 28 early
1032 3403 130 28 application
1176 3402 20 22 is
1206 3409 50 15 nec<

697 3441 57 20 sary.
783 3432 78 29 Apply,
868 3434 35 19 to'

1096 3455 64 23 John
1175 3455 81 22 Wade.

698 3486 146 27 Wellington,
855 3484 80 23 March
946 3485 32 25 18,
990 3484 62 20 1842.

801 3532 43 20 Ex
882 3530 60 24 ..The
956 3529 76 25 Rory
1046 3527 133 27 O'Mpre,"

867 3558 64 20 From
938 3556 116 20 Massacre,
1056 3555 53 25 Bay,

696 3585 137 51 ABOUT
847 3586 27 20 10
887 3586 51 19 tons
948 3582 31 24 of.
985 3580 194 27 LIMESTONE,-
1189 3580 36 22 for
1239 3587 17 15 s«

776 3613 31 27 by
816 3612 39 21 the
862 3609 168 28 undersigned-;
1046 3607 61 29 early
1115 3607 136 28 application

696 3641 29 21 be
734 3640 66 22 made
809 3642 24 18 to

827 3665 123 25 Wallace,
964 3662 94 27 White,
1074 3662 44 23 and
1132 3662 124 21 Wallace.

724 3693 155 27 Wellington,.
882 3690 65 28 April
955 3691 35 26 19,
1000 3690 61 21 1842.

699 3732 16 8 '"
919 3735 142 21 Potatoes.

705 3765 87 22 TUST
814 3758 168 30 RECEIVED)
1008 3761 64 27 from,
1089 3760 138 24 Manewatu,
1246 3765 10 21 i

697 3783 29 34 tl
748 3791 109 25 schooner
865 3790 83 28 Henry,
959 3795 14 15 a
982 3787 44 23 few
1034 3790 57 20 tons,
1094 3786 26 22 of
1131 3786 49 22 first
1189 3789 67 23 rate^

698 3822 78 23 tatoes..
808 3817 105 28 Ajjplyto
997 3840 30 7 „„
1137 3837 53 10 ,__

707 3843 22 7 •'
773 3841 3 9 '
861 3843 28 22 W
891 3849 44 16 all
937 3848 50 21 acEj
995 3840 96 26 White,
1102 3838 47 25 and
1161 3837 95 22 Wallac

698 3868 65 29 April
772 3868 40 29 1&;
816 3871 62 21 1842.
989 3870 3 4 '
1023 3864 4 5 '
1046 3864 7 5 '
1148 3877 4 4 •

705 3915 89 24 TPUST;
806 3910 285 29 OPENEDjandoniSale
1100 3914 23 17 at
1133 3909 38 24 the
1182 3908 71 26 Office

697 3933 31 32 %J
762 3942 45 23 th»
815 3941 80 29 Paper,
905 3938 39 23 ink
955 3937 77 24 stsndt
1041 3937 26 22 of
1073 3937 89 23 vkn'ous
1171 3935 63 22 lim.

1984 691 24 20 -!'
2015 689 68 21 New
2095 688 122 21 Zealand

1891 724 44 21 nn
1938 722 46 23 HE
1991 722 73 23 whole
2075 722 25 22 of
2107 722 37 21 the
2154 721 76 22 shares
2234 722 24 21 in
2269 722 42 22 this
2316 729 69 19 paper
2392 720 82 27 having

1898 743 30 29 X
1942 750 68 21 -been
2018 749 73 27 taken,
2107 755 23 16 a.
2136 748 136 27 Meeting'of
2284 748 137 21 Subscribers
2429 747 46 22 will

1890 776 36 26 be,
1934 776 53 23 held
2004 779 23 19 at
2044 775 105 25 Barrett's
2168 774 77 27 Hotel,
2266 781 28 15 on
2314 774 81 26 Friday
2413 777 60 23 next,

1890 803 59 27 May,
1955 800 41 25 the~
2012 802 59 27 13th,
2083 805 24 18 at
2119 803 19 20 8>
2148 801 89 22 o'clock
2242 800 24 23 In
2284 800 37 22 the
2338 800 102 26 evening,
2452 803 34 21 to:

1892 830 56 21 elect
1954 830 38 22 the
2000 829 103 22 Trustees
2110 828 35 23 for,
2151 828 37 22 the
2196 828 94 26 ensiling
2297 826 76 22 twelve
2381 826 93 26 months,
2483 843 3 6 ,

1892 856 43 22 and
1944 858 23 19 to
1984 856 101 21 consider
2099 855 39 22 the
2142 854 135 28 -provisions
2291 854 25 21 of
2326 853 39 22 the
2382 853 56 21 deed
2453 853 25 20 of

1892 882 135 23 settlement.

1918 909 48 22 The
1975 909 49 22 first
2032 908 96 22 number
2137 908 26 21 of
2173 906 38 23 the
2219 908 54 19 New
2281 906 92 21 Zealand
2384 906 88 21 Colonist

1891 935 45 23 will
1945 943 81 20 appear
2036 942 28 15 on
2072 934 82 22 the'lst
2165 934 25 22 of
2201 934 61 28 July.

2215 968 33 22 R..
2254 968 92 25 Stokes,
2359 967 117 25 Secretary.

1902 1014 101 23 TOHN
2025 1012 141 23 EDWARD
2186 1009 180 25 BRADSHAW
2385 1011 54 26 begs
2455 1014 24 18 to

1894 1047 26 17 «/
1956 1041 84 22 inform
2050 1040 37 22 the
2098 1039 144 26 inhabitants.,
2247 1039 26 21 of
2283 1039 53 21 Port
2351 1037 127 26 Nicholson,

1895 1069 47 21 that
1956 1068 31 21 he
2004 1068 40 21 has
2064 1063 146 26 commenced
2227 1065 100 22 business
2345 1072 25 14 as
2389 1065 89 21 Basket

1895 1096 95 26 Maker,
2006 1093 45 22 and
2063 1093 43 22 will
2121 1091 44 24 feel
2177 1091 105 24 thankful
2298 1092 34 21 for
2349 1098 45 20 any
2405 1090 74 22 orders

1894 1122 28 21 he
1935 1129 52 23 may
1996 1120 88 22 receive
2093 1120 58 21 from
2160 1119 69 27 them,
2241 1119 42 21 and
2292 1118 91 27 pledges
2392 1117 91 22 himself

1895 1152 22 18 to
1927 1148 114 26 discharge
2050 1147 37 21 the
2097 1153 67 20 same,
2171 1146 59 27 with,
2236 1145 136 22 satisfaction
2380 1148 21 18 to
2410 1143 68 27 them,

1895 1179 22 18 to
1928 1174 37 22 the
1975 1176 85 20 utmost
2069 1173 66 22 ofhis
2143 1180 82 20 power-

2032 1208 46 14 N.B.
2081 1211 26 3 —
2108 1206 97 15 REPAIIIS
2220 1205 124 15 EXECUTED.

1923 1228 43 21 No.
1977 1229 21 25 3,
2010 1226 162 28 Lutton-place,
2183 1225 185 22 Dickson-street.

2088 1272 92 19 James
2195 1270 99 26 Spiers,

1898 1305 192 24 PROSPECT
2112 1303 212 23 BOARDING
2347 1301 135 27 HOUSE,

1980 1339 130 15 GUILDFORD
2124 1338 110 19 TERRACE,
2246 1337 54 14 HILL
2316 1336 91 19 STREET,

1952 1365 28 20 In
2001 1365 35 19 the
2055 1369 47 15 rear
2120 1363 27 25 of
2161 1364 42 19 Dr.
2222 1361 88 22 Evans's
2324 1361 109 20 residence.

2083 1397 73 15 TERMS
2171 1396 130 15 MODERATE.

2123 1434 31 22 H.
2168 1434 94 26 READ,

2038 1471 118 21 Tinman
2168 1470 55 21 and
2232 1469 117 25 Brazier,

1979 1506 62 22 Near
2050 1505 38 21 the
2098 1504 155 25 Court-house,
2265 1503 144 26 Wellington.

1905 1552 38 20 To
1965 1552 46 19 the
2032 1549 168 24 Merchants,
2221 1547 195 26 Ship-owners,
2432 1547 53 23 &c,

2057 1576 31 21 of
2098 1576 68 20 Port
2178 1574 160 21 Nicholson.

1905 1609 44 18 ril
1980 1609 30 21 D.
2020 1623 4 4 •
2035 1608 102 22 PRATT
2229 1609 59 19 most
2303 1604 143 28 respectfully
2464 1606 22 19 to

1916 1639 22 17 M.
1952 1646 11 9 •
1994 1639 77 17 return
2088 1635 33 21 his
2133 1634 80 21 thanks
2230 1634 34 21 for
2282 1632 37 22 the
2332 1632 89 22 favours
2436 1637 52 15 con-

1966 1662 76 22 ferred
2057 1669 29 15 on
2102 1661 54 26 him,
2166 1660 66 21 while
2247 1660 24 21 in
2288 1658 138 28 partnership
2436 1656 52 23 with

1907 1689 42 21 Mr.
1959 1689 26 22 T.
1998 1689 85 26 Bevan,
2093 1688 45 21 and
2147 1688 54 26 begs
2211 1690 22 18 to
2243 1686 81 22 inform
2334 1685 62 21 them
2405 1682 47 23 that
2460 1683 28 22 he

1907 1717 17 21 is
1934 1723 55 14 now-
1994 1714 179 27 manufacturing
2182 1721 73 19 ropes,
2265 1713 63 26 lines,
2338 1712 74 26 twine,
2422 1710 26 22 of
2460 1710 30 21 all

1908 1743 159 27 descriptions;
2083 1744 57 19 mats
2154 1741 24 21 of
2192 1740 31 22 all
2238 1740 63 26 sizes,
2322 1740 39 21 &c.
2399 1737 91 26 Fishing

1907 1773 49 18 nets
1975 1769 66 21 made
2058 1768 44 22 and
2120 1767 109 28 repaired,
2247 1766 45 22 and
2310 1772 67 20 every
2395 1764 54 22 kind
2469 1764 25 21 of

1908 1796 76 22 article
1999 1796 23 21 in
2040 1795 38 21 the
2092 1795 71 21 above
2178 1794 54 26 line,
2249 1793 30 22 all
2294 1792 57 22 from
2368 1791 54 22 New
2436 1791 56 21 Zea-

1907 1823 54 21 land
1976 1823 53 26 flax,
2042 1822 44 22 and
2099 1829 31 14 on
2139 1821 38 21 the
2186 1823 60 19 most
2253 1818 130 24 reasonable
2393 1818 98 26 charges.

1911 1857 40 22 No.
1970 1858 19 26 1,
2015 1855 230 26 Molesworth-street,
2272 1853 144 26 Wellington,
2439 1851 54 22 Port

1900 1890 2 20 ;
2137 1881 131 22 Nicholson.
2463 1893 29 19 -__

1911 1928 38 21 To
1959 1928 47 21 the
2016 1926 161 22 Mercantile
2188 1925 55 21 and
2259 1923 132 27 Shipping
2406 1923 88 20 Inter-

2032 1955 57 19 ests
2100 1952 30 21 of
2141 1953 67 20 Fort
2216 1950 160 22 Nicholson.

1912 1987 157 30 rpHOarAS
2086 1979 266 36 BEV'ANT%I"SONS,
2363 1982 131 32 New^Zea-

1918 2006 29 30 X
1972 2021 60 14 LAND
2053 2020 56 14 ROPE
2291 2015 202 21 MANUFACTURERS,

1912 2041 41 26 beg
1969 2043 22 18 to
2001 2041 81 20 inform
2093 2039 58 21 their
2158 2037 86 22 friends
2255 2036 45 22 and
2309 2036 37 21 the
2446 2035 50 22 that

1912 2067 52 27 they
1973 2067 58 21 have
2047 2065 105 22 removed
2168 2068 23 17 to
2206 2063 58 22 their
2279 2070 51 14 new
2344 2063 105 26 premises
2466 2069 29 14 on

1912 2094 188 25 Lambton-quay,
2116 2098 78 15 corner
2210 2091 26 21 of
2252 2089 155 27 Willis-street,
2422 2089 76 21 where

1912 2128 66 19 every
1989 2120 77 22 article
2076 2120 22 20 in
2107 2118 37 21 the
2154 2118 70 21 above
2234 2117 73 21 trades
2316 2124 52 19 may
2377 2116 28 21 be
2413 2115 44 22 had
2467 2123 30 13 on

1912 2147 37 22 the
1959 2147 97 22 shortest
2064 2145 82 22 notice.

1940 2174 93 27 Fishing
2041 2176 56 23 nets,
2108 2175 63 23 mats,
2183 2171 49 26 &c,
2243 2169 64 23 made
2318 2169 44 22 and
2371 2169 107 28 repaired.

1939 2201 26 22 T.
1974 2201 27 21 B.
2013 2200 44 22 and
2069 2200 55 21 Sons
2134 2206 36 14 are
2178 2197 70 28 ready
2257 2201 22 18 to
2288 2196 124 22 undertake
2420 2199 77 24 export

1914 2228 75 22 orders
2000 2231 22 18 to
2032 2234 45 19 any
2087 2229 82 22 extent,
2180 2232 30 14 on
2219 2223 130 23 reasonable
2359 2227 74 17 terms.

1940 2254 130 23 November
2078 2255 33 24 30,
2123 2253 59 20 1841.

1914 2298 201 51 WNEAL,
2135 2298 89 21 Watch
2245 2296 45 22 and
2311 2296 76 21 Clock
2402 2295 96 26 Maker,

1987 2338 11 10 •
2043 2326 53 26 begs
2115 2323 142 28 respectfully
2275 2326 22 18 to
2316 2323 82 20 inform
2413 2321 37 22 the
2464 2321 35 22 in-

1915 2354 113 22 habitants
2046 2352 26 22 of
2089 2352 52 21 Port
2147 2350 131 26 Nicholson,
2296 2350 48 27 &c,
2361 2349 49 22 that
2417 2349 28 21 he
2459 2348 40 22 has

1916 2380 106 23 removed
2034 2380 35 21 his
2083 2378 100 22 business
2200 2377 50 21 S.E.
2261 2377 25 20 of
2297 2377 91 20 Messrs.
2398 2375 101 22 Bethune

1917 2408 44 21 and
1971 2406 117 26 Hunter's,
2098 2405 46 21 and
2153 2404 76 27 hopes,
2239 2404 31 26 by
2279 2403 61 21 strict
2350 2403 115 26 attention,
2477 2405 22 18 to

1917 2434 67 23 merit
1999 2441 12 14 a
2028 2433 147 22 continuance
2192 2430 26 22 of
2232 2429 58 22 their
2304 2429 96 27 favours,
2417 2429 82 26 having

1917 2462 45 21 had
1971 2462 27 20 20
2009 2460 70 28 years'
2090 2458 131 28 experience
2231 2457 23 21 in
2264 2456 101 21 London.

1945 2488 40 22 All
2004 2487 67 22 kinds
2086 2486 24 21 of
2122 2485 93 27 foreign,
2233 2483 89 27 British,
2338 2481 99 28 musical,
2456 2481 46 22 and

1917 2515 117 27 repeating
2041 2512 95 23 watches
2141 2512 46 21 and
2196 2510 82 27 clocks,
2285 2510 45 21 and
2337 2509 164 22 chronometers

1919 2541 95 23 cleaned
2023 2540 45 23 and
2077 2538 107 28 repaired.

2029 2567 58 22 N.B.
2088 2577 28 5 —
2117 2564 96 24 Musical
2222 2564 69 22 boxes
2299 2563 109 28 repaired.

2064 2610 142 23 CHARLES
2222 2608 139 28 HARVEY,

2128 2637 102 25 Tailor,
2244 2637 54 24 &c,

2050 2672 113 26 Adjoining
2175 2673 73 20 Kumu
2263 2671 50 20 Toto
2327 2670 55 26 Pah,

2137 2705 158 19 WELLINGTON,

1923 2727 108 51 BEGS
2046 2730 23 18 to
2085 2729 76 18 return
2177 2725 82 22 thanks
2276 2728 22 18 to
2315 2724 37 21 the
2368 2725 78 26 gentry
2461 2721 45 22 and

2000 2754 76 28 public
2085 2752 23 23 of
2118 2752 55 22 New
2184 2751 100 22 Zealand
2293 2751 34 22 for
2334 2751 38 21 the
2379 2752 90 25 support
2478 2748 28 21 he

1924 2783 39 21 has
1978 2780 105 23 received
2095 2779 59 22 from
2170 2779 62 22 them
2247 2779 60 21 since
2321 2777 28 22 he
2364 2774 143 25 commenced

1924 2809 108 26 business,
2051 2807 43 22 and
2114 2806 27 21 he
2159 2813 87 14 assures
2261 2804 61 22 them
2337 2804 50 21 that
2401 2803 18 21 it
2436 2802 18 21 is
2472 2801 35 21 his

1924 2835 112 23 intention
2046 2838 23 18 to
2079 2834 104 21 continue
2192 2832 35 21 his
2243 2834 59 19 most
2316 2834 115 18 strenuous
2445 2835 63 15 exer-

1925 2864 59 21 tions
1994 2865 23 18 to
2027 2861 66 22 merit
2101 2868 15 15 a
2125 2860 147 21 continuance
2282 2858 25 21 of
2313 2858 59 21 their
2379 2859 128 24 patronage.

1952 2890 25 21 C.
1989 2890 28 21 H.
2028 2888 62 22 takes
2106 2887 43 22 this
2170 2885 142 28 opportunity
2327 2884 25 21 of
2363 2882 82 26 stating
2461 2881 48 21 that

1925 2916 34 22 his
1970 2916 63 22 stock
2043 2914 93 23 consists
2145 2912 25 23 of
2182 2919 14 15 a
2204 2911 59 27 good
2271 2911 85 26 variety
2366 2909 26 22 of
2398 2911 110 24 superhne

1926 2943 78 27 cloths,
2016 2940 109 27 doeskins,
2141 2939 90 25 tweeds,
2246 2937 127 26 moleskins,
2384 2935 123 26 velveteen,

1925 2970 57 28 pilot
1996 2968 67 27 cloth,
2075 2968 39 21 &c.
2125 2967 46 26 &c,
2187 2965 46 22 and
2247 2965 34 20 his
2293 2964 92 26 charges
2397 2963 44 25 (for
2460 2962 49 20 cash

1925 2997 59 25 only)
1995 2995 121 22 moderate.
2455 2996 3 3 '

2184 3037 76 22 Urul,

1929 3077 42 20 One
1978 3074 49 21 mile
2036 3079 27 14 on
2073 3073 34 20 the
2116 3072 54 20 Port
2179 3070 114 21 Nicholson
2302 3069 43 21 side
2354 3068 28 25 of
2393 3067 118 22 Waikanai.

1930 3108 90 50 MR.
2036 3105 132 23 JENKINS
2184 3104 55 26 begs
2254 3106 22 19 to
2290 3109 125 19 announce,
2425 3101 49 22 that
2481 3101 30 22 he

2019 3133 41 22 has
2070 3132 86 28 opened
2166 3139 12 14 a
2187 3131 79 21 House
2272 3130 35 21 for
2316 3129 38 22 the
2361 3128 151 23 convenience

1929 3163 25 21 of
1967 3162 39 21 the
2022 3159 82 28 public,
2121 3158 45 22 and
2182 3160 67 19 trusts
2266 3156 48 22 that
2329 3156 38 21 the
2382 3155 70 22 board
2468 3154 44 22 and

1928 3189 92 27 lodging
2041 3187 34 21 he'
2090 3185 102 28 provides
2211 3184 46 21 will
2275 3190 76 15 secure
2369 3182 48 22 him
2435 3180 77 24 liberal

1956 3243 46 21 Mr.
2013 3239 94 23 Jenkins
2123 3246 42 14 can
2173 3241 24 18 at
2210 3237 31 22 all
2251 3237 64 22 times
2324 3235 100 29 provide;
2429 3234 85 28 gentle-

1930 3276 52 15 men
1992 3267 54 23 with
2055 3266 36 22 the
2100 3272 78 16 means
2186 3264 25 22 of
2218 3264 99 27 crossing
2324 3267 23 18 to
2356 3261 85 29 Kapiti.

1956 3295 65 26 Urui,
2033 3293 107 26 January,
2152 3293 61 20 1842.

2177 3335 91 22 Otaki.

1934 3373 91 50 MR.
2048 3370 127 24 TAYLOR
2197 3370 55 26 begs
2275 3371 23 19 to
2321 3367 99 22 intimate
2439 3367 23 19 to
2480 3363 36 22 his

2010 3399 84 22 friends
2103 3397 46 22 and
2158 3397 38 22 the
2205 3396 75 28 public
2286 3394 48 22 that
2342 3394 29 21 he
2380 3393 40 20 has
2429 3391 88 26 opened

1933 3436 13 14 a
1955 3427 79 23 House
2044 3426 27 22 of
2083 3424 181 22 Entertainment
2272 3425 23 18 at
2312 3419 65 23 Otaki
2378 3435 6 15 ?
2395 3418 43 22 and
2447 3418 69 27 hopes

1933 3455 49 22 that
1989 3453 38 23 the
2035 3452 133 23 cleanliness
2174 3450 46 22 and
2230 3448 93 23 comfort
2330 3446 25 22 of
2361 3446 35 21 his
2403 3446 115 20 establish-

1934 3485 64 19 ment
2015 3480 46 22 will
2076 3485 76 16 secure
2168 3478 47 21 him
2232 3484 14 14 a
2263 3474 77 23 liberal
2356 3474 64 19 share
2438 3474 23 18 oi
2478 3474 39 18 the

1919 3517 2 16 !
1934 3507 76 26 public
2019 3509 132 24 patronage;

1962 3534 76 27 Otaki,
2050 3534 99 25 January
2159 3532 33 26 21,
2204 3530 61 21 1842.
2406 3542 2 4 •

2175 3574 105 23 Bricks,

1937 3606 88 50 FOR
2041 3603 84 28 SALE,
2137 3605 22 19 at
2173 3603 45 20 60s.
2236 3607 40 20 per
2292 3595 117 24 thousand.
2442 3594 77 27 Apply

1996 3636 23 19 to
2036 3632 22 21 J.
2076 3629 93 26 Pimble,
2180 3631 23 19 at
2216 3626 37 22 the
2271 3624 168 28 Sydney-street
2453 3620 68 23 Brick

1937 3660 45 23 and
1991 3659 49 23 Tile
2057 3657 86 23 Works,
2154 3659 23 18 at
2186 3655 38 21 the
2239 3659 49 15 rear
2298 3651 25 22 of
2334 3648 93 23 Colonel
2440 3648 81 21 Wake-

2128 3681 70 24 field's
2211 3678 121 24 residence.

2005 3713 105 22 Ttrmi—
2111 3709 54 22 caih
2173 3715 30 14 on
2213 3706 99 25 delivery
2321 3706 26 19 at
2356 3704 38 19 the
2403 3704 54 19 tain.

2154 3748 162 29 Wanganui.

1940 3785 88 51 FOR
2043 3781 111 24 SALE.—
2154 3778 66 23 Land
2237 3778 98 20 between
2417 3774 57 31 and;
2478 3776 45 18 two

2013 3810 63 23 miles
2092 3808 26 22 of
2128 3807 37 22 the
2178 3803 111 26 township
2298 3801 42 23 ~af
2347 3801 129 26 Wanganui
2488 3799 36 22 for

1940 3840 52 24 sale,
2003 3838 23 21 in
2036 3834 112 24 blocksxof
2158 3832 43 22 five
2210 3837 62 15 acres
2286 3828 42 22 and
2342 3827 109 28 upwards,
2463 3833 24 15 or
2501 3829 24 18 to

1939 3866 32 22 let
1980 3871 31 15 on
2023 3869 54 20 very
2088 3859 78 24 liberal
2174 3862 76 18 terms,
2260 3855 54 25 with
2323 3855 42 22 the.
2373 3854 62 27 right
2442 3854 84 26 of-pur-

1940 3892 75 22 ch.se.
2043 3888 75 28 Apply
2127 3874 208 37 «.R.Parl,Es,.,
2335 3888 35 43 i?
2379 3884 24 19 to
2464 3913 26 17 dc

239 725 55 21 For
307 720 114 23 Nelson,

195 761 28 20 To
230 759 76 26 follow
320 756 35 20 the
367 754 101 22 Blossom,

54 794 105 26 -s^glsi-
181 794 103 23 'FIIHE
296 793 45 21 fine
361 790 107 22 schooner
481 787 99 25 Look-in,
598 786 27 21 82

66 819 102 27 ~M&m*
200 812 31 33 _L
266 824 57 21 tons,
340 818 36 21 W.
393 816 68 23 Stobo
477 817 89 23 master,
580 812 45 22 will

43 837 222 38 Jtf&mXk>.m?ct
277 846 55 22 with
341 844 66 29 quick
541 840 35 22 for
587 839 38 21 the

207 877 70 22 above
294 875 58 26 port.
381 871 43 22 For
439 867 84 29 freight
538 875 23 14 or
576 873 50 21 pas-

40 894 148 40 WBESm
202 900 75 31 'sage,'
291 899 67 29 apply
381 901 21 18 to
427 896 37 23 the
491 897 83 20 master
596 899 30 15 on

206 929 79 27 hoard,
296 934 26 15 or
331 930 22 18 to
387 935 3 4 -

134 968 3 7 <
169 964 4 5 '
347 960 69 22 John-
424 957 83 26 Wade,
517 955 82 26 Agent.

67 996 34 22 Te
112 995 52 26 Aro,
176 993 55 23 May
240 993 21 21 6.
272 990 62 22 1841.

190 1037 53 21 For
257 1033 106 23 Nelson
378 1030 104 23 Haven,

40 1072 111 26 Expected
164 1061 61 30 here!
229 1070 22 19 in
261 1074 13 13 a
281 1067 44 24 few
340 1066 56 23 days,
406 1062 43 20 and
461 1060 44 20 will
513 1060 54 19 meet
576 1058 51 20 with

215 1094 118 24 immediate
349 1091 100 26 dispatch.

97 1135 56 19 «*r
207 1127 116 23 mHAT
341 1132 49 15 new
413 1123 46 21 fine
469 1134 6 4 -
482 1121 44 21 fast
549 1119 79 26 sailing

214 1144 30 34 X
273 1153 108 22 schooner
389 1151 79 20 Nelson
475 1148 87 25 Packet,
569 1145 61 22 .built

72 1183 129 26 KesSWk'
220 1182 25 22 in
275 1181 78 23 Queen
383 1175 132 25 Charlottes
546 1172 81 27 Sound,

65 1204 137 31 JUSSESt-
223 1209 77 21 James
329 1205 98 23 Jackson
454 1205 91 19 master.
587 1199 43 23 For

48 1228 159 46 (ftEn«ffifikft
222 1234 83 27 freight
314 1229 29 26 or'
347 1238 97 22 passage,
457 1228 66 30 apply
532 1231 23 18 to

128 1257 194 40 '^^Wallacb,
338 1270 92 25 White,
445 1267 47 22 and
505 1265 123 22 Wallace.

171 1326 53 21 For
238 1320 157 28 Wanganui
409 1319 94 21 direct.
524 1327 2 5 ■

201 1361 91 22 FTIHE
320 1356 109 25 beautiful
437 1359 65 18 'new
525 1353 108 22 schooner

80 1379 98 35 JfiF^S*
208 1379 29 32 X.
251 1400 4 3 ■
287 1387 108 24 Industry,
424 1383 25 21 25
477 1385 56 22 tons,
572 1379 60 22 John

51 1404 149 38 >jsP#g^
214 1414 124 27 M'Gregor
345 1414 87 22 master,
440 1409 47 22 will
495 1409 29 21 be
533 1406 101 23 immedi-

49 1435 152 34 i&tS&gSS&b
215 1441 60 27 ately
294 1437 135 30 despatched
447 1436 35 22 for
503 1435 38 21 the
565 1437 68 18 above

49 1461 152 36 fIBJSIIiP
214 1471 56 26 port,
275 1467 148 22 hasfirst-rate
428 1461 205 25 accommodations,

219 1496 44 23 and
281 1495 38 22 the
337 1494 53 25 long
409 1490 130 27 experience
557 1488 26 20 of
597 1488 37 20 the

49 1525 150 24 Commander
206 1524 24 22 in
240 1522 38 23 the
285 1518 127 30 Wanganui
420 1517 69 25 trade,
498 1516 90 21 renders
597 1516 37 18 the

49 1555 90 23 present
149 1550 140 28 opportunity
303 1547 85 27 worthy
397 1545 25 22 of
432 1545 76 26 public
518 1544 116 20 attention.

50 1582 46 22 For
104 1579 84 27 freight
202 1585 24 15 or
239 1582 101 22 passage,
352 1573 64 28 apply
425 1574 22 18 to
456 1570 40 22 the
511 1571 82 20 master
606 1574 29 14 on

49 1607 77 27 board,
138 1613 25 15 or
172 1608 23 19 to
353 1627 11 3 .
428 1625 28 10 m
533 1623 7 6 .
594 1624 5 4 .

351 1627 63 22 John
428 1625 81 25 Wade,
526 1624 83 26 Agent.

78 1661 33 22 Te
121 1661 55 24 Aro,
185 1658 57 27 May
251 1659 20 24 6,
282 1656 61 22 1842.
616 1660 4 4 '
642 1660 4 3 '

228 1710 54 21 For
295 1705 168 24 Manewatu,

218 1743 29 20 To
256 1741 42 20 sail
306 1741 23 19 in
340 1745 12 14 a
354 1738 46 26 few
414 1737 57 25 days,

71 1775 89 28 -^aUi
213 1775 114 28 rpHAT
358 1771 51 24 well
435 1771 84 21 known
552 1768 88 28 regular

87 1800 97 30 JBBffiL
220 1794 29 31 A.
274 1801 75 22 trader
358 1799 108 23 schooner
471 1798 84 24 Henry,
565 1795 75 22 James

59 1820 147 42 ■*tfßM§|k
226 1828 123 28 Daymond
358 1829 88 20 master.
475 1824 44 22 For
526 1823 81 26 freight
616 1829 25 14 or

54 1849 154 40 jS/RBb&kL
225 1863 101 21 passage,
338 1853 65 29 apply
412 1856 22 18 to

195 1894 12 12 7
223 1910 125 25 Wallace,
359 1907 91 26 White,
461 1905 46 22 and
516 1905 124 21 Wallace.

281 1962 55 20 For
345 1960 69 23 Sale,

179 1994 98 22 fTTHE
306 1991 50 22 well
366 2001 14 11 ,v
385 1990 102 25 known,-
501 1988 138 25 fast-sailing,

78 2011 89 38 GjQSk
190 2019 24 22 X
248 2022 74 19 cutter
339 2018 67 25 Royal
425 2016 101 23 William,
545 2016 28 20 43
591 2017 50 19 tons

73 2044 96 32 IWgCTjg
225 2046 100 27 register,
342 2044 52 22 with
410 2043 28 22 all
455 2042 43 22 her
513 2045 76 23 stores,
601 2041 40 22 &c.

61 2065 114 37 t^gUlP
196 2074 39 21 &c.
252 2074 40 21 &c.
322 2072 69 21 Stows
407 2077 14 14 a
431 2070 63 26 large
510 2076 73 19 cargo,
599 2067 44 22 and

197 2100 76 22 makes
289 2106 31 20 up
334 2098 50 21 four
398 2096 76 23 berths
489 2096 23 21 in
524 2095 37 22 the
571 2094 71 22 cabin.

58 2128 46 23 She
118 2127 41 22 has
167 2126 82 28 proved
260 2124 86 23 herself
357 2132 12 13 a
381 2123 58 27 good
449 2130 39 14 sea
501 2123 60 26 boat,
573 2121 43 22 and
625 2121 19 21 is

58 2155 50 21 well
122 2154 96 27 adapted
232 2154 35 21 for
281 2152 90 26 trading
385 2151 102 21 between
503 2149 38 21 the
557 2148 87 21 various

59 2182 139 22 settlements
208 2188 28 14 on
247 2179 37 22 the
296 2181 62 19 coast
366 2177 26 22 of
402 2177 58 21 New
469 2175 109 22 Zealand.

86 2209 45 21 For
139 2208 86 22 further
232 2205 139 29 particulars,
383 2204 66 27 apply
460 2206 23 18 to

272 2239 21 23 J.
305 2239 34 23 M.
348 2239 101 25 Taylor,
461 2236 157 27 Ship-Broker,

385 2272 32 22 Te
428 2272 57 21 Aro.

88 2323 70 31 •-gejj*.
200 2322 165 32 /CAPTAIN
387 2321 89 22 WEBB
494 2320 46 22 will
560 2323 41 18 not
619 2319 27 21 be

80 2351 93 29 JJfWM
201 2354 41 21 Kj
257 2349 136 24 answerable
409 2348 34 22 for
461 2354 45 20 any
516 2347 62 22 debts
594 2353 53 15 con-

62 2371 111 36 iii^TtT
179 2390 3 9 1
188 2389 9 15 ?
212 2377 86 24 tracted
312 2377 30 27 by
351 2375 37 22 the
406 2382 55 15 crew
476 2374 27 22 of
512 2374 38 22 the
559 2374 88 20 Martha

61 2409 109 25 Ridgway.

87 2441 146 27 Wellington,
244 2437 89 29 April!
337 2439 19 24 6,
368 2437 61 21 1842.

89 2488 71 30 -^abk
204 2486 219 26 /CONSIGNEES
439 2484 40 23 OF
494 2484 112 26 GOODS,
621 2490 28 15 ex

91 2507 84 38 /sjft&
204 2520 40 17 v^
273 2515 94 23 London,
383 2519 37 15 are
433 2510 119 29 requested
561 2514 23 18 to
598 2517 50 21 pass

62 2533 137 40 agSSStb
215 2542 59 22 their
288 2540 83 23 entries
390 2542 23 18 at
426 2538 38 22 the
479 2537 170 22 Custom-house

214 2569 46 22 and
270 2568 56 22 send
335 2565 112 27 alongside
453 2566 36 21 for
498 2564 57 22 their
567 2564 81 27 Goods,

63 2597 118 24 otherwise
199 2596 53 28 they
266 2594 46 23 will
328 2594 29 22 be
376 2592 96 28 charged
489 2591 37 22 the
539 2591 68 22 usual
613 2591 37 21 de-

63 2631 111 20 murrage.

357 2647 82 22 Waitt
454 2646 45 21 and
512 2646 83 25 Tyser,

540 2679 83 26 Agent.

66 2730 90 51 FOE
165 2729 85 26 SALE,
260 2730 23 19 at
291 2727 38 22 the
337 2727 74 22 Stores
418 2725 25 22 of
449 2724 40 21 the
495 2723 156 27 undersigned,

141 2756 45 22 Gin
201 2756 24 21 in
240 2762 62 15 cases
312 2753 46 22 and
369 2752 71 26 casks,
449 2751 91 27 brandy
550 2750 44 22 and
603 2757 50 14 rum

66 2786 26 21 in
101 2783 75 27 hhds.,
323 2795 4 4 •
430 2791 3 3 •

94 2811 64 26 Rice,
169 2811 58 20 mats
237 2808 25 22 of
273 2808 79 22 brown
367 2813 72 19 sugar,
449 2806 47 20 fine
510 2806 68 20 white
593 2806 61 19 biam

94 2863 63 23 Loaf
162 2869 65 21 sugar
235 2862 25 21 in
266 2860 76 26 hhds.,
353 2859 58 22 Java
421 2858 77 25 coffee,

96 2889 71 24 Black
175 2888 44 23 and
227 2895 67 21 green
300 2890 38 18 tea
345 2886 24 21 in
377 2885 79 26 chests,
464 2883 97 22 colonial
569 2883 84 26 cheese,

96 2916 107 24 Blankets
220 2916 39 21 9-4
272 2914 22 22 in
310 2912 62 22 bales
387 2911 26 22 of
427 2912 27 21 50
469 2910 65 28 pairs,
552 2909 104 22 coloured

69 2947 160 23 counterpanes
244 2941 24 22 in
282 2939 69 23 bales'
359 2938 25 22 of
393 2939 28 21 50
433 2937 67 29 pairs,
516 2936 78 23 twill'd
611 2936 45 22 and

70 2978 63 20 serge
144 2969 71 27 shirts,

98 2996 114 24 Moleskin
227 2998 107 21 trowsers,
350 2999 53 20 grey
413 2991 43 22 and
470 2991 66 21 white
547 2991 107 26 sheeting,

71 3025 102 25 calicoes,
196 3021 96 23 merinos
320 3018 44 23 and
388 3017 137 23 mouselaine
548 3017 28 21 de
597 3017 59 21 lame

72 3052 93 26 dresses,
176 3049 48 27 slop
234 3046 102 27 clothing
344 3046 23 21 in
376 3047 61 25 great
445 3044 93 26 variety,

98 3079 60 22 Boat
164 3076 66 26 nails,
239 3074 34 28 pit
282 3072 46 23 and
338 3074 106 20 cross-cut
453 3078 45 14 saw
507 3071 55 26 files,

97 3104 62 24 Pork
159 3114 28 6 —
187 3101 127 27 American,
326 3099 64 27 Irish,
402 3097 44 23 and
458 3097 57 22 New
524 3096 105 28 Zealand,

97 3132 60 26 Sole,
166 3130 47 28 kip,
225 3128 46 23 and
278 3127 114 27 kangaroo
401 3124 94 27 leather,

98 3159 39 21 An
146 3158 134 22 assortment
289 3153 27 22 of
322 3152 49 28 grin
374 3152 59 27 dery,

100 3185 55 23 Port
160 3184 58 22 wine
226 3183 23 22 in
254 3182 68 29 .pipes
331 3179 45 22 and
385 3180 89 26 quarter
482 3184 69 21 pipes,

99 3212 61 27 Cape
168 3211 57 22 wine
233 3209 25 22 in
266 3207 53 23 half,
324 3206 45 23 and
378 3208 90 25 quarter
476 3211 70 20 pipes,
592 3222 4 5 ,

100 3238 91 22 Bottled
200 3237 42 27 ale,
251 3235 80 26 sherry,
339 3233 23 22 in
366 3233 67 24 .three
444 3231 71 22 dozen
525 3237 67 20 cases,

103 3264 101 24 Twofold
212 3264 49 26 Bay
269 3261 62 23 fresh
340 3260 81 26 butter,

104 3291 58 22 Irish
170 3292 81 24 butter,
262 3288 60 23 flour
329 3288 24 21 in
361 3285 92 27 barrels,

103 3318 103 22 Tobacco
213 3318 24 21 in
246 3315 71 24 200lb.
328 3314 60 27 kegs;
400 3311 97 24 Manilla
507 3316 76 21 cigars,

106 3344 22 22 A
133 3344 88 27 general
227 3344 133 21 assortment
369 3340 26 23 of
399 3339 116 26 furniture,
527 3336 46 23 and
581 3344 14 14 a
602 3338 62 25 great

79 3370 83 28 variety
174 3371 24 22 of
204 3368 155 25 merchandize
367 3369 40 20 not
417 3364 152 24 enumerated.

333 3401 36 22 W.
385 3401 26 22 B.
427 3400 97 22 Rhodes
539 3396 48 23 and
598 3397 38 22 Co.

258 3448 47 21 E»
315 3448 17 15 ««

79 3481 97 52 JUST
189 3481 144 22 ARRIVED
347 3481 31 27 by
387 3480 37 22 the
438 3478 50 28 ship
496 3478 93 24 London,
601 3476 62 27 Capt.

146 3507 101 27 Atwood,
258 3507 45 22 and
312 3508 35 22 for
356 3507 44 22 sale
409 3514 25 14 :—
435 3517 9 11 r

163 3533 79 28 Prints,

163 3560 112 27 Blankets,

165 3587 75 23 Shoes.

83 3621 76 28 Apply
171 3622 25 20 to
214 3620 23 22 S.
251 3619 101 28 Revans,
371 3628 24 14 er
413 3620 85 23 Waitt
517 3619 46 22 and
579 3618 85 22 Tyser.

110 3654 143 27 Wellington,
265 3653 56 27 May
331 3654 19 26 5,
361 3655 59 21 1842.
526 3647 5 5 '

288 3697 168 23 Parchment.

79 3732 97 50 JUST
190 3730 133 24 LANDED
338 3730 55 23 from
402 3731 38 22 the
452 3732 51 27 brig
512 3732 85 26 Skerne,
608 3730 57 22 from

146 3758 97 29 Sydney,
258 3757 50 22 and.
319 3765 28 14 on
356 3757 44 23 sale
409 3761 23 19 at
440 3758 137 28 this.Offic.e,
588 3757 78 29 parch-

79 3784 69 25 ment'
151 3786 35 22 for
195 3784 75 23 deeds.

110 3821 87 20 Gazette
204 3819 79 22 Office.

82 3857 193 61 EXPECTED
298 3862 33 27 by
350 3861 36 22 the
409 3854 48 34 brig
474 3863 72 25 Agnes
564 3862 44 26 (on,
625 3861 43 22 her

141 3894 2 4 '
163 3897 92 22 passage
270 3890 59 21 from
344 3888 107 28 Sydney),
471 3888 44 22 and
533 3888 45 23 will
591 3886 30 24 be
638 3894 29 15 on

78 3918 48 22 sale
136 3920 23 20 at
166 3918 45 22 this
221 3916 84 28 Office,,
310 3923 14 15 a
333 3917 63 25 great
406 3914 85 28 variety
501 3914 26 25 of
533 3916 132 26 Stationery.

109 3953 86 21 Gazette
207 3951 78 23 Office.
452 3967 5 3 .
464 3954 4 3 '
