2550 4020
705 1718 51 24 The
767 1716 141 33 Hamalaya,
920 1719 77 24 bound
1007 1724 21 19 to
1042 1720 84 28 Guam,
1139 1720 45 23 had
1195 1724 64 27 great

671 1751 110 31 difficulty
800 1752 120 31 yesterday
943 1752 24 23 in
988 1752 101 32 keeping
1107 1753 41 23 her
1171 1752 88 32 ground

672 1785 83 31 during
765 1785 39 23 the
812 1785 59 31 gale.
882 1793 4 4 '
908 1786 47 23 She
964 1786 43 23 had
1021 1786 42 23 five
1076 1786 96 23 anchors
1185 1786 73 28 down,

671 1818 73 23 which
756 1818 64 24 alone
831 1819 70 23 saved
911 1818 42 24 her
965 1819 57 23 from
1036 1819 94 30 drifting
1142 1818 88 25 ashore.

706 1852 100 23 Cattle
830 1852 193 23 Slaughtered
1047 1860 27 15 in
1105 1852 118 24 Sydney.
1226 1865 35 3 —

672 1885 69 23 From
755 1884 36 24 the
809 1890 89 18 returns
908 1885 111 31 prepared
1035 1885 30 31 by
1078 1885 39 23 the
1129 1885 129 31 Inspector,

671 1918 18 23 it
701 1925 94 23 appears
813 1918 49 23 that
877 1918 37 23 the
932 1918 96 23 number
1040 1918 24 23 of
1080 1918 67 23 cattle
1165 1918 93 31 slaugh-

671 1951 63 23 tered
746 1951 23 22 in
779 1951 94 30 Sydney
879 1951 24 23 in
915 1952 38 22 the
966 1959 53 23 year
1031 1953 62 21 1841
1108 1959 45 15 was
1162 1952 96 22 thirteen

671 1983 112 23 thousand
795 1983 43 23 and
849 1984 71 30 eight.
957 1984 51 22 The
1025 1985 109 21 numbers
1151 1984 73 22 killed
1235 1985 24 21 in

671 2016 39 23 the
720 2016 104 23 different
833 2016 92 24 months
932 2024 46 16 was
986 2024 25 15 as
1019 2016 88 23 follows
1117 2025 5 15 :
1124 2029 34 3 —
1158 2016 101 30 January

672 2051 57 26 844,
740 2049 125 31 February,
879 2051 57 27 872,
956 2049 83 24 March
1051 2051 59 26 853,
1120 2049 69 31 April
1200 2051 58 27 9-13,

673 2082 56 31 May
743 2084 80 27 1,131,
837 2083 67 29 June,
919 2084 73 28 1,722
1003 2082 53 31 July
1070 2084 81 27 1,341,
1165 2082 94 31 August

674 2117 81 27 1,029,
788 2115 134 31 September
951 2117 83 28 1,165,
1070 2115 101 23 October
1200 2117 58 27 908,

674 2148 127 24 November
823 2150 59 28 871,
900 2148 129 24 December
1052 2150 83 27 1,329.
1172 2148 28 24 In
1221 2149 38 22 the

671 2186 93 26 present
781 2189 55 23 year
854 2182 39 23 the
905 2182 67 23 cattle
985 2181 146 31 slaughtered
1148 2189 65 22 were,
1235 2183 24 21 in

671 2215 103 31 January
783 2216 55 28 894,
852 2215 118 30 February
981 2216 56 28 819,
1050 2215 44 23 and
1105 2214 83 24 March
1199 2216 59 23 9.83.

672 2248 25 23 It
709 2248 45 24 will
772 2249 27 22 be
811 2256 55 16 seen
878 2248 58 24 from
948 2249 46 23 this
1013 2248 48 24 that
1078 2248 39 24 the
1129 2248 96 24 number
1237 2249 24 23 of

673 2281 67 24 cattle
758 2281 145 31 slaughtered
920 2282 25 23 in
963 2281 39 24 the
1012 2282 51 23 first
1075 2286 92 26 quarter
1179 2282 25 23 of
1221 2282 38 23 the

671 2319 94 26 present
781 2322 56 23 year
854 2315 113 23 exceeded
987 2315 64 23 those
1070 2315 146 30 slaughtered
1235 2315 23 23 in

672 2348 39 23 the
724 2348 175 31 corresponding
913 2352 80 27 quater
1005 2348 26 23 of
1044 2348 46 23 last
1107 2355 54 23 year
1173 2348 31 30 by
1216 2355 43 24 up-

672 2381 73 23 wards
753 2381 25 23 of
784 2385 44 19 two
836 2381 103 24 hundred
946 2381 66 24 head.
1042 2381 59 23 This
1108 2382 20 22 is
1136 2381 125 24 accounted

671 2414 36 23 for
719 2414 31 31 by
761 2414 37 23 the
816 2422 106 16 encrease
934 2414 75 24 which
1017 2414 42 23 has
1077 2414 71 23 taken
1160 2414 64 31 place
1236 2415 25 23 in

673 2447 37 23 the
722 2447 131 32 population
865 2448 82 31 during
958 2448 50 23 that
1018 2448 87 31 period.
1108 2460 33 4 —
1141 2447 100 24 Herald.

706 2480 44 24 We
767 2480 139 24 understand
925 2482 49 23 that
993 2481 38 23 the
1042 2481 54 24 fleet
1109 2480 25 25 of
1150 2480 63 32 ships
1225 2481 35 23 for

673 2513 75 30 India,
771 2514 38 24 via
831 2514 91 24 Torres'
945 2515 92 28 Straits,
1059 2514 49 24 will
1127 2519 38 26 get
1187 2514 73 24 under

671 2547 75 31 weigh
757 2555 29 16 on
798 2547 94 31 Sunday
900 2549 114 29 morning.
1050 2547 78 24 There
1139 2547 53 29 will,
1205 2555 55 23 pro-

671 2580 77 32 bably,
768 2581 30 23 be
809 2586 40 18 not
860 2581 45 23 less
918 2581 53 24 than
990 2583 30 23 15
1033 2581 65 32 ships
1116 2581 98 30 starting
1237 2586 23 18 at

671 2614 39 24 the
728 2621 62 17 same
802 2615 61 24 time.
901 2614 59 24 This
971 2614 46 24 will
1037 2614 50 24 thin
1100 2621 40 16 our
1160 2614 100 23 harbour

671 2647 164 32 considerably,
853 2647 163 30 nevertheless,
1036 2655 33 15 we
1080 2647 56 24 wish
1156 2647 62 24 them
1230 2647 30 24 all

671 2689 14 15 a
697 2680 48 24 safe
757 2680 43 24 and
814 2681 101 31 pleasant
927 2689 104 24 passage,
1046 2680 46 24 and
1104 2689 13 15 a
1128 2680 84 32 speedy
1223 2689 36 15 re-

672 2719 53 18 turn
734 2719 23 18 to
769 2722 40 16 our
821 2714 87 24 shores.
909 2727 34 4 —
943 2714 62 24 Ibid.

717 2747 123 25 Burning
870 2756 29 15 of
929 2755 52 16 the
1012 2748 110 25 Barque

819 2793 35 4 —
854 2781 79 24 About
955 2781 112 31 half-past
1085 2788 70 16 seven
1173 2780 88 24 o'clock

671 2814 119 30 yesterday
801 2815 107 31 morning
918 2822 25 16 as
956 2815 108 23 assistant
1082 2814 178 24 harbour-mas-

671 2851 35 18 ter
725 2846 84 29 Crook,
822 2854 48 16 was
880 2848 70 23 about
958 2847 81 31 taking
1048 2847 40 23 the
1096 2847 66 30 Lady
1174 2846 87 32 Raffles

671 2879 60 23 from
753 2880 38 23 the
810 2880 63 23 Cove
892 2881 47 23 into
958 2880 39 23 the
1014 2885 92 25 stream,
1118 2881 107 31 previous
1237 2886 23 19 to

671 2912 84 31 sailing
765 2913 35 23 for
811 2912 132 33 Liverpool,
960 2914 79 22 smoke
1061 2921 49 16 was
1129 2914 132 25 discovered

672 2946 91 30 coming
774 2954 31 24 up
815 2946 61 24 from
887 2947 38 23 the
932 2947 63 23 main
1002 2946 76 30 hatch,
1088 2947 44 24 and
1142 2947 46 24 also
1201 2948 60 23 from

671 2978 39 24 the
722 2979 109 23 betweeff
835 2979 70 24 decks
917 2980 26 23 of
957 2980 40 23 the
1016 2980 73 31 cuddy
1108 2980 45 24 and
1172 2981 87 24 cabins.

673 3011 97 32 Captain
783 3013 106 24 Osborne
898 3021 46 16 was
958 3018 42 19 not
1016 3021 29 16 on
1062 3013 79 29 board,
1161 3014 43 23 but
1223 3014 38 24 the

671 3044 72 25 alarm
753 3046 69 31 being
832 3047 67 30 given
912 3051 23 19 to
948 3046 39 24 the
1007 3046 158 32 Woodbridge,
1186 3047 75 24 which

671 3086 46 16 was
738 3079 38 24 the
792 3084 92 19 nearest
899 3079 82 30 vessel,
1000 3080 99 32 Captain
1116 3080 99 24 Dobson
1224 3082 35 22 in-

671 3112 85 31 stantly
766 3112 96 24 ordered
869 3113 35 23 his
917 3121 59 15 crew
993 3117 22 19 to
1033 3114 39 22 the
1094 3114 125 23 assistance
1238 3114 25 24 of

671 3144 39 24 the
720 3144 66 32 Lady
798 3145 95 32 Riffles,
906 3154 25 16 as
943 3147 39 24 did
997 3147 47 23 also
1058 3147 96 31 Captain
1167 3147 92 29 Bolton,

671 3178 25 23 of
719 3178 39 23 the
774 3176 75 33 Mary
866 3180 62 24 Ann.
971 3180 52 24 The
1041 3180 218 30 Harbour-master,

672 3211 97 31 Captain
781 3211 104 31 Watson,
897 3213 120 31 perceived
1028 3213 40 24 the
1079 3213 81 24 smoke
1171 3214 90 31 issuing

670 3244 60 23 from
741 3244 38 24 the
790 3246 83 28 vessel,
878 3246 53 23 .and
939 3246 155 31 immediately
1105 3255 63 15 came
1180 3255 79 16 across

671 3276 39 24 the
721 3284 54 17 cove
786 3278 45 23 and
843 3279 55 23 took
905 3279 120 24 command
1031 3280 26 23 of
1071 3280 50 24 her.
1158 3280 41 24 He
1210 3281 51 23 first

670 3310 92 24 moored
780 3310 42 24 her
829 3327 2 7 ,
838 3315 24 20 to
878 3312 39 24 the
934 3317 90 19 eastern
1035 3313 50 23 side
1097 3314 25 22 of
1138 3313 53 30 the;
1191 3313 68 30 Cove,

671 3343 61 23 close
743 3343 24 23 in
777 3347 23 20 to
810 3344 41 23 the
861 3345 68 23 rocks
947 3352 31 17 on
993 3345 76 24 which
1087 3347 39 23 the
1143 3347 117 31 prisoners

671 3376 106 24 stockade
795 3377 21 23 is
837 3378 88 23 erected
936 3387 6 20 ;
968 3378 43 23 but
1031 3387 31 15 on
1077 3378 40 24 the
1137 3380 84 23 arrival
1238 3380 25 24 of

673 3409 96 32 Captain
790 3410 111 30 Sullivan,
925 3411 25 24 of
974 3411 73 25 H.M.
1069 3412 53 31 ship
1141 3412 118 30 Favorite,

671 3443 54 23 with
747 3442 36 24 his
806 3444 100 28 officers,
927 3444 45 24 and
993 3445 49 23 also
1065 3445 39 24 the
1125 3446 89 23 officers
1238 3446 25 24 o£

672 3476 73 24 H.M.
758 3476 58 31 Ship
828 3476 93 32 Beagle,
933 3477 18 23 it
963 3485 46 16 was
1019 3477 140 25 determined
1171 3482 24 20 to
1205 3479 54 24 take

670 3509 41 24 her
721 3509 24 24 in
755 3514 45 19 tow
811 3509 27 24 of
851 3510 38 23 the
900 3511 91 23 various
1003 3510 64 32 ships
1085 3511 72 30 boats,
1179 3511 81 25 which

670 3542 45 24 had
725 3542 30 31 by
766 3542 46 24 this
823 3543 55 23 time
890 3543 127 24 assembled
1025 3544 26 24 in
1062 3549 66 26 great
1135 3552 56 17 num.
1195 3543 15 25 A
1214 3553 45 17 ers.

671 3575 58 24 This
740 3583 46 16 was
797 3575 97 25 affected
911 3577 25 22 in
954 3576 69 25 about
1042 3585 22 17 a,
1074 3582 91 27 quarter
1181 3578 27 24 of
1232 3586 29 16 an

670 3608 65 30 hour,
748 3609 43 23 and
803 3608 39 24 the
854 3609 75 24 vessel
939 3618 46 15 was
997 3610 99 31 brought
1110 3616 22 18 to
1148 3615 24 19 at
1184 3611 75 24 Cara-

670 3641 60 24 bella
741 3642 76 28 Point,
828 3643 28 22 in
866 3643 38 23 the
916 3648 105 19 entrance
1040 3648 23 19 to
1082 3644 104 24 Neutral'
1198 3644 60 31 Bay.

672 3675 97 31 Captain
790 3675 93 30 Brown,
902 3676 39 24 the
960 3669 195 39 Sup'erintendant
1172 3677 26 23 of
1221 3677 38 25 the

670 3708 80 23 Water
758 3708 87 30 Police,
858 3709 89 24 arrived
958 3710 70 23 about
1037 3709 48 24 this
1095 3711 55 22 time
1159 3719 6 21 ;
1183 3717 27 16 as
1221 3710 39 24 did

671 3741 48 23 also
732 3742 98 31 Captain
841 3742 70 30 Sims,
924 3743 23 23 of
964 3743 39 23 the
1014 3742 127 30 Palestine,
1162 3742 54 29 and,
1235 3743 24 23 in

670 3773 54 30 fact,
737 3774 37 23 the
788 3779 98 20 masters
904 3776 44 23 and
966 3776 72 23 boats'
1061 3783 70 16 crews
1149 3776 25 23 of
1192 3776 71 31 every'

671 3807 51 31 ship
732 3808 24 23 in
767 3807 107 25 harbour.
911 3808 52 24 The
980 3808 64 24 work
1056 3809 26 23 of
1097 3809 111 30 scuttling
1218 3808 41 24 the

670 3841 73 23 vessel
754 3848 46 16 was
812 3841 146 24 commenced
969 3841 76 24 before
1058 3841 41 24 she
1110 3849 48 16 was
1176 3841 83 24 moved

670 3874 59 23 from
741 3872 38 25 the
791 3873 70 30 Cove,
873 3874 45 23 and
929 3874 69 23 about
1005 3873 120 32 half-past'
1130 3874 55 24 nine
1197 3874 63 24 three

671 3914 25 16 or
707 3906 51 24 four
769 3905 64 25 holes
845 3914 58 16 were
915 3905 105 25 knocked
1031 3907 25 23 in
1068 3907 41 23 her
1127 3907 79 28 sides,'
1216 3907 45 23 and

671 3938 39 24 the
722 3943 66 20 water
804 3939 118 31 gradually
935 3939 116 25 admitted.
1085 3938 4 6 v
1101 3940 46 24 For
1159 3948 13 16 a
1185 3947 73 17 const-

566 42 104 48 Cdr
688 43 121 44 Wrtn
833 42 428 50 «*alanu<s«!<tt«
1284 45 90 39 a4«j
1398 43 301 50 CWcJUngton
1724 43 252 51 amatol.

671 132 103 28 number,
778 132 26 24 of
817 132 46 23 free
880 132 82 24 labour
972 132 103 31 .granted
1093 137 24 19 to
1129 127 127 38 employers

666 165 35 31 ■by
708 164 43 27 ,the
764 165 125 28 Governor,
901 165 50 23 that
962 172 54 24 very
1027 165 44 22 few
1081 172 54 16 men
1153 163 103 34 (compa-
1263 188 2 6 ,

671 196 107 33 ratively)
796 205 38 15 are
848 198 121 30 required;
988 197 45 23 and
1051 205 25 15 so
1092 205 71 24 many
1180 199 76 23 immi-

671 236 87 25 grants,
771 230 49 24 that
831 238 13 15 a
852 235 66 25 great
929 238 68 22 many
1004 238 42 16 can
1057 231 48 23 find
1117 238 31 16 no
1158 231 62 24 work
1233 236 23 19 at

673 264 57 23 their
743 270 49 17 own
808 262 69 29 trade,
891 262 45 25 and
946 268 38 18 are
996 262 89 32 obliged
1096 267 24 20 to
1133 271 88 24 engage
1232 272 26 15 as

673 295 124 32 shepherds
816 295 43 24 and
877 303 90 15 remove
986 295 65 24 miles
1071 304 63 23 away
1144 297 60 23 from
1218 295 39 25 sd-

673 330 76 23 cieties
760 333 23 19 to
795 328 72 23 which
885 328 55 31 they
950 328 58 25 have
1024 328 68 25 been,
1102 330 153 24 accustomed,
1264 332 2 27 j

673 362 12 24 I
704 361 47 25 will
773 361 50 30 give
842 368 46 23 you
906 368 30 16 an
957 362 103 23 instance
1078 362 27 23 of
1129 362 47 24 this
1198 363 26 23 in
1244 371 14 15 a

671 402 77 24 young
755 400 57 17 man
829 394 50 23 who
897 393 100 32 paraded
1016 394 38 24 the
1070 394 73 25 beach
1160 396 26 23 of
1200 396 58 23 Port

672 427 133 28 Nicholson,
817 426 44 24 and
873 431 66 25 spent
949 427 37 23 his
995 427 45 27 .six
1054 427 104 25 hundred
1168 428 89 28 pounds

673 461 81 30 during
772 461 44 22 his,
828 464 50 26 stay
895 461 72 22 there.
1015 461 38 22 On
1073 461 53 24 hia»,
1130 462 83 24 arrival
1233 467 25 18 at

673 494 92 30 Sydney
776 492 29 23 he
816 492 54 23 took
887 492 115 32 lodgings,
1012 494 42 22 but
1069 501 47 16 was
1128 486 129 39 so'lncapa-

671 526 37 23 ble
719 527 25 23 of
752 525 85 32 paying
847 525 35 24 for
891 526 19 23 it
922 534 24 15 or
953 527 26 22 of
988 527 117 31 obtaining
1116 535 14 15 a
1141 528 115 28 situation,

672 559 49 23 that
742 559 37 23 his
799 558 86 24 clothes
907 566 58 16 were
987 559 105 25 detained
1113 564 25 19 to
1158 568 47 24 pay
1221 561 43 23 his.

671 592 106 31 lodgings
788 600 5 20 ;
812 591 44 24 and
862 615 4 4 .
873 591 30 24 he
918 592 87 27 .visited
1023 593 38 24 his
1075 593 125 31 shipmates
1207 594 51 30 just

672 629 24 19 at
706 626 59 22 meal
777 625 74 29 times,
861 625 36 23 till
908 625 36 23 his
960 626 108 23 welcome
1077 634 47 15 was
1136 634 62 16 worn
1209 631 47 19 out.

671 657 34 24 At
715 658 47 23 last
772 657 29 24 he
812 658 108 30 accepted
937 659 25 22 of
976 666 15 15 a
1007 659 109 24 situation
1127 664 24 19 to
1158 659 101 31 .proceed

673 695 22 19 to
707 691 109 24 Clarence
828 690 73 25 River
920 695 21 20 to
961 691 54 24 take
1021 693 3 4 '
1033 692 82 31 charge
1131 693 32 23 of.
1171 693 69 30 sheep
1249 701 6 20 ;

671 724 42 24 but
723 724 22 24 if
759 724 14 24 1
780 722 77 33 might
865 723 72 33 judge
946 725 58 23 from
1015 725 36 23 his
1063 733 140 23 appearance
1214 725 45 24 and

672 757 149 32 deportment,
833 756 30 25 he
881 765 46 16 was
943 758 75 23 better
1035 758 108 31 qualified
1157 762 23 19 to
1193 758 30 23 sit
1233 759 26 23 in

672 798 13 16 a
697 791 176 31 drawing-room
885 790 54 24 with
951 791 37 23 his
998 798 46 24 pen
1052 791 93 31 writing
1154 791 103 31 zoology,

672 823 56 24 than
747 827 24 20 to
790 824 27 23 be
822 835 2 5 '
824 849 6 10 %
836 823 100 31 exposed
953 828 23 19 to
995 824 38 23 the
1052 824 91 23 climate
1160 825 99 30 nursing

672 856 59 24 their
741 849 89 31 bodies'
863 856 210 31 Notwithstanding
1090 864 34 15 we
1142 861 62 19 must
1218 862 41 19 not

672 890 71 23 select
754 898 13 15 a
777 889 48 24 few'
829 890 122 28 instances,
964 889 50 26 and.
1027 889 67 24 make
1112 889 63 24 them
1187 890 72 31 speak

671 922 35 24 for
718 923 46 28 all;
783 923 34 23 for
835 930 62 15 some
917 922 57 23 have
995 922 58 22 done
1069 930 59 22 very.
1136 922 51 24 well
1204 923 54 24 here

672 955 45 23 and
729 963 67 23 many
806 962 63 16 more
879 954 74 30 might
964 955 20 22 if
998 955 54 31 they
1062 955 75 24 would
1146 956 64 23 leave
1221 957 37 22 in-

673 988 131 23 toxication.
841 987 120 29 However,
978 987 19 23 if
1013 987 13 23 I
1044 990 61 21 were'
1120 993 24 19 to
1164 989 62 23 write
1245 997 14 15 a

671 1021 127 30 paragraph
809 1021 24 22 in
853 1028 59 22 your
929 1028 77 23 paper,
1019 1021 19 22 it
1049 1021 82 24 should
1144 1026 41 19 not
1193 1022 29 23 be
1234 1027 24 19 to

670 1053 111 31 persuade
802 1054 38 22 the
857 1053 80 31 people
1007 1054 58 24 Port
1076 1076 4 2 .
1087 1054 128 25 Nicholson
1234 1060 24 19 to

671 1086 117 30 exchange
806 1087 18 22 it
844 1087 36 22 for
899 1087 99 31 Sydney,
1021 1092 80 26 except
1120 1088 66 23 those
1209 1088 49 24 who

671 1123 83 20 cannot
772 1123 38 27 get
833 1127 12 16 a
867 1119 74 32 living
962 1120 78 30 there;
1063 1120 64 31 'they
1148 1122 111 30 certainly

670 1152 58 24 have
739 1160 30 16 an
780 1152 131 24 undoubted
922 1153 62 31 right
1002 1158 23 19 to
1043 1153 56 24 seek
1111 1155 96 23 further.
1244 1155 14 22 I

671 1193 46 16 saw
729 1186 47 23 Mr.
791 1186 20 23 T
878 1186 26 29 11,
915 1186 29 24 he
962 1187 21 23 is
996 1187 59 29 well,
1067 1187 44 23 and
1124 1188 48 22 still
1183 1189 24 21 in
1218 1188 39 23 the

671 1220 123 29 surveying
805 1219 148 31 department,
964 1220 44 23 and
1018 1220 83 23 offered
1110 1228 36 15 me
1156 1221 102 31 employ-

670 1256 64 19 ment
751 1252 21 23 if
793 1252 13 23 I
815 1254 4 3 '
826 1252 47 23 like
892 1257 23 18 to
933 1261 29 22 go
973 1252 56 24 with
1045 1252 55 30 him,
1120 1254 42 22 but
1181 1254 12 23 I
1211 1261 47 16 was

670 1284 95 32 loolcing
777 1290 39 18 out
828 1285 36 24 for
884 1286 78 23 indoor
980 1286 64 24 work
1051 1287 2 5 '
1062 1290 22 19 to
1103 1287 29 23 be
1151 1287 108 23 screened

670 1317 58 24 from
741 1319 39 22 the
791 1319 121 30 scorching
923 1327 53 22 rays
995 1318 26 24 of
1035 1319 38 23 the
1085 1327 45 16 sun
1139 1328 6 20 ;
1165 1320 44 23 and
1221 1328 38 15 am

670 1351 105 31 working
786 1356 23 18 at
820 1360 15 14 a
849 1352 59 23 flour
928 1352 50 23 mill
997 1352 71 23 which
1089 1353 170 23 manufactures

670 1390 64 25 great
753 1386 121 30 quantities
892 1385 25 23 of
931 1385 58 23 flour
1008 1385 34 23 for
1063 1385 58 24 New
1141 1386 101 23 Zealand
1251 1395 5 20 ;

671 1425 23 16 so
708 1417 49 24 that
767 1417 66 24 when
842 1426 47 23 you
897 1418 46 31 buy
953 1418 94 31 Sydney
1055 1419 59 23 flour
1125 1427 49 22 you
1185 1419 74 31 might

670 1450 98 32 perhaps
779 1455 38 27 get
829 1459 63 16 some
904 1452 49 23 that
964 1451 13 24 I
989 1451 58 24 have
1059 1452 102 24 dressed.

703 1484 90 31 Accept
804 1492 41 15 our
864 1485 52 23 best
933 1484 83 24 wishes
1035 1485 35 23 for
1083 1485 40 23 the
1139 1486 115 31 improve-

670 1522 71 19 ment,
759 1518 25 22 of
798 1525 79 23 .yours
899 1518 44 23 and
966 1518 39 23 the
1028 1518 113 30 colony's:
1158 1518 98 24 welfare.

939 1556 79 23 Yours
1030 1557 120 30 sincerely,

981 1597 22 22 J.
1018 1596 42 23 and
1071 1597 40 22 W.
1126 1597 20 22 L
1216 1614 7 5 .

874 1660 187 23 SYDNEY.

65 138 84 25 Native
159 133 175 36 Protector-^-or
343 128 72 27 udder
424 132 85 24 Native
523 132 128 26 Protector,

65 165 142 31 see'Ciarke,
219 160 80 30 in'faciS
310 165 38 23 the
360 161 75 28 words
445 165 46 24 will
501 165 31 24 be
543 163 102 34 synony-

63 210 68 17 mous
141 203 77 22 in-our
227 198 117 31 language.
374 197 45 24 We
426 198 58 24 have
494 198 71 24 heard
574 197 71 25 much

64 237 29 23 of
104 235 39 24 the
154 231 133 33 complaints
297 230 96 31 'against
403 231 44 23 the'
452 231 79 31 family
542 235 110 28 compact

62 268 171 24 Governments
255 264 25 23 of
403 261 198 32 Canadsf'^and"
607 264 38 24 the

62 299 84 26 hostile
156 299 85 29 feeling
252 296 118 31 generated
380 296 32 31 by
420 296 59 25 their
487 295 158 26 rdal-acdnini-

62 334 97 24 stration
169 331 45 24 aud
221 329 165 29 malversation,
393 330 90 24 waathe
492 329 153 32 groundwork

64 367 27 24 of
103 365 39 24 the
156 363 119 25 rebellion.
294 369 4 12 <
308 363 106 28 Further,
431 364 20 22 it
466 363 136 24 wasribund
612 367 33 19 !so

63 402 81 30 potent
149 396 33 25 'at'
193 397 109 27 Toronto,
318 396 37 23 the
373 400 50 19 seat
440 396 25 24 of
480 396 164 28 Government^

63 433 53 24 that
123 432 19 23 it
151 432 21 22 is
182 429 52 25 said
244 428 63 24 Lord
324 429 149 30 Sydenham's
487 429 63 23 chief
562 435 84 17 reason

53 466 46 24 /for
118 464 119 30 removing
258 462 38 23 the
318 466 47 19 seat
390 462 24 23 of
442 462 156 24 Government
623 465 22 19 to

64 498 122 30 Kingston,
200 504 47 16 was
258 499 22 20 to
291 499 38 28 get
344 495 91 32 beyond
453 497 29 22 its
492 494 153 24 mischievous

64 530 117 24 influence.
217 528 77 24 While
313 527 43 24 this
376 533 86 26 system
478 528 42 23 has
535 527 58 24 been
605 527 40 23 de-

64 563 103 25 nounced
186 561 47 25 and
255 562 20 23 is
297 561 67 31 being
388 561 117 31 destroyed
527 561 25 23 in
582 560 63 23 other

63 597 106 28 colonies,
178 617 3 4 ,
197 595 98 32 Captain
305 612 4 3 .
316 594 98 24 Hobson
436 594 41 24 has
504 593 141 24 determined

61 635 24 19 to
97 629 106 32 develope
213 629 31 24 its
252 627 75 25 fullest
333 635 75 24 power
414 628 71 23 under
491 626 39 26 his.
539 626 106 23 Govern-

61 667 72 20 ment.
177 662 40 25 He
235 662 21 23 is
273 665 38 19 not
327 664 99 20 content,
438 659 54 24 with
510 659 39 24 the
565 658 81 31 family

64 700 103 27 compact
184 699 94 28 system,
296 695 40 23 but
353 702 75 16 seems
452 694 29 31 by
499 693 38 23 his
556 692 56 31 plan
623 692 24 23 of

64 730 132 30 appointing
207 728 72 25 whole
285 727 94 24 families
391 732 23 19 to
424 727 123 31 particular
558 725 86 29 offices,

50 766 37 20 \to
97 770 98 24 purpose
208 761 103 30 entitling
322 760 37 24 the
369 782 3 5 .
379 760 155 24 Government
546 759 26 23 of
588 758 57 24 New

43 797 4 6 '
63 795 101 24 Zealand
182 800 33 19 to.
222 795 39 22 the
278 793 134 31 appellation
435 793 24 23 of
484 793 40 23 the
543 795 103 29 compact

61 828 89 31 family.

86 869 4 9 1
97 861 89 31 Troops
198 868 33 17 we
249 860 55 23 have
315 867 66 22 none,
391 868 44 15 nor
445 868 37 15 are
494 867 34 16 we
538 858 73 31 likely
622 862 23 19 to

61 894 59 24 have
131 902 52 23 any.
219 892 63 25 Lord
292 893 58 23 John
362 892 102 30 Russell,
473 892 63 24 if*we
547 899 98 16 remem-

61 927 41 24 ber
114 928 116 30 correctly,
238 927 120 30 suggested
369 927 38 22 the
417 927 117 31 propriety
541 925 25 23 of
574 925 71 23 form-

61 961 42 30 ing
120 969 14 15 a
151 960 88 28 militia,
254 960 43 22 and
316 964 22 19 to
358 960 46 24 this
423 959 133 31 suggestion
574 958 18 23 it
603 958 42 22 has

62 998 40 19 not
113 994 90 31 pleased
217 992 93 30 Captain
323 993 98 23 Hobson
433 996 22 20 to
467 991 86 24 attend.
583 990 62 24 That

62 1027 19 23 it
92 1025 125 25 demanded
228 1026 106 23 attention
345 1026 32 23 all
395 1026 23 23 in
429 1024 142 30 Wellington
583 1028 61 18 must

35 1066 4 10 '
61 1060 29 23 be
101 1057 130 28 convinced,
243 1057 44 23 and
298 1057 61 24 there
370 1058 20 23 is
407 1066 30 15 no
454 1064 83 16 reason
547 1056 53 30 why
612 1063 31 16 we

62 1091 80 25 should
161 1096 41 19 not
222 1097 64 23 carry
304 1091 18 22 it
337 1090 49 23 into
408 1090 72 24 effect.
529 1089 77 24 There
623 1090 20 22 is

61 1124 95 31 nothing
165 1123 80 30 illegal
255 1123 23 23 in
290 1123 36 24 the
338 1130 79 17 course
425 1127 23 19 to
459 1123 29 23 be
499 1122 110 32 pursued,
618 1130 25 15 or

61 1166 33 15 we
105 1157 73 24 would
189 1160 41 20 not
241 1160 90 27 suggest
341 1157 27 23 it.
403 1156 41 25 All
462 1156 49 24 that
527 1156 21 23 is
558 1155 86 24 needed

61 1192 21 22 is
92 1190 49 24 that
151 1198 13 16 a
174 1189 61 30 body
247 1189 24 23 of
280 1189 36 23 the
329 1189 90 25 settlers
426 1189 82 25 should
519 1189 124 23 determine

62 1229 22 19 to
96 1224 88 31 subject
201 1222 131 24 themselves
344 1227 26 19 to
386 1223 59 29 drill,
459 1223 44 23 and
518 1223 71 22 invite
602 1230 41 15 one

62 1257 25 24 of
101 1257 38 23 the
150 1255 88 25 several
254 1255 96 31 military
366 1256 130 30 gentlemen
515 1263 84 22 among
615 1263 28 16 us

61 1296 23 17 to
95 1290 63 23 teach
168 1289 64 24 them
238 1289 59 23 what
305 1296 65 24 every
381 1289 86 24 British
476 1289 91 31 subject
574 1289 69 30 ought

62 1328 22 18 to
102 1323 66 23 know
168 1336 34 4 —
202 1322 51 22 how
272 1326 22 19 to
306 1322 52 24 take
369 1330 60 17 .care
448 1323 24 23 of
487 1322 100 31 hjjnself,
600 1322 44 23 and

59 1357 25 22 in
96 1363 50 16 case
157 1357 26 22 of
197 1355 57 24 need
266 1359 22 19 to
299 1355 87 31 help-to
398 1356 81 24 defend
491 1364 14 15 a
516 1355 127 31 neighbour

62 1397 25 15 or
97 1389 35 23 his
144 1393 102 26 country.
282 1388 95 31 Having
388 1389 44 23 this
450 1389 141 30 knowledge,
605 1389 37 23 the

61 1427 66 26 party
140 1421 74 25 would
233 1422 27 22 be
278 1426 126 27 competent
425 1427 22 19 to
466 1427 37 19 act
522 1423 54 22 with
593 1423 49 23 effi-

52 1456 94 35 ciency.
183 1454 87 24 Should
283 1463 42 22 any
336 1456 85 28 attack,
436 1457 56 22 such
504 1464 26 15 as
543 1456 37 23 the
597 1461 45 18 set-

54 1480 62 43 tlers
128 1494 22 17 at
162 1488 97 24 Porirua
275 1489 109 30 complain
402 1489 26 24 of
441 1489 90 31 happen
543 1490 74 30 again,
631 1498 12 14 a

61 1529 130 23 messenger
203 1520 80 24 should
294 1522 26 22 be
331 1527 52 18 sent
391 1523 47 22 into
446 1522 142 31 Wellington
600 1523 43 23 im-

62 1555 126 30 mediately,
201 1553 65 24 when
277 1555 60 23 these
356 1556 129 30 gentlemen
502 1555 83 24 should
596 1556 47 23 ride

63 1588 64 23 down
144 1588 45 23 and
205 1587 52 32 help
278 1588 56 24 their
355 1589 138 30 neighbours
513 1593 30 19 to-
557 1594 86 26 protect

62 1621 58 23 their
132 1624 108 28 property
256 1621 29 30 by
298 1623 118 29 capturing
432 1623 36 22 the
481 1622 161 24 troublesome.

64 1653 93 32 Having
167 1654 82 30 lodged
261 1654 59 23 them
337 1655 26 22 in
381 1655 52 30 gaol
450 1663 33 15 we
496 1655 82 23 should
591 1656 52 22 then

62 1695 38 15 see
111 1687 99 24 whether
228 1687 37 23 the
282 1687 153 24 Government
447 1689 74 22 would
533 1696 25 15 or
570 1689 73 23 would

62 1725 39 19 not
112 1720 27 24 do
156 1720 58 23 their
230 1720 60 31 duty.
325 1720 48 24 Till
394 1722 64 22 when
478 1729 33 16 we
532 1722 59 23 shall
603 1730 40 23 say

62 1762 28 15 no
103 1762 59 15 more
175 1761 34 16 on.
217 1753 37 23 the
265 1753 93 32 subject,
371 1754 41 24 but
430 1762 55 22 urge
497 1763 42 15 our
550 1755 53 31 plan
616 1763 27 15 on

63 1786 37 24 the
109 1788 86 22 serious
215 1786 162 25 consideration
398 1788 25 23 of
437 1788 70 23 about
525 1788 49 31 fifty
587 1796 56 23 gen-

63 1820 81 24 tlemen
155 1820 51 23 able
217 1823 21 19 to
249 1820 89 30 provide
347 1821 135 23 themselves
490 1822 54 22 with
555 1821 86 24 horses.

95 1876 56 23 The
165 1883 73 17 first
253 1876 143 24 Whale.—
399 1877 41 23 We
458 1877 58 24 have
534 1878 70 23 heard
623 1878 22 24 of

62 1910 84 23 several
165 1909 82 23 whales
265 1910 83 30 having
367 1910 56 24 been
440 1911 87 28 struck,
545 1911 42 23 but
607 1911 36 23 the

62 1943 49 23 first
134 1951 45 15 was
203 1943 67 22 taken
292 1943 42 23 last
359 1943 119 31 Saturday,
499 1945 30 29 by
548 1944 94 23 Thorns'

61 1981 72 24 party,
145 1977 24 21 in
181 1976 38 22 the
231 1976 83 22 Sound.

96 2032 132 24 Uegatta.
231 2045 33 4 —
264 2032 42 23 We
326 2041 39 15 are
382 2033 75 32 happy
479 2037 23 19 to
522 2033 55 24 hear
595 2034 18 22 it
624 2035 19 22 is

61 2066 111 31 proposed
182 2071 23 18 to
217 2065 56 23 have
284 2074 13 15 a
313 2066 111 30 Whaling
439 2066 102 31 Regatta
552 2067 23 22 in
588 2067 55 23 Port

61 2099 134 28 Nicholson,
214 2103 22 19 to
254 2098 51 24 take
325 2099 65 31 place
411 2099 56 23 after
487 2099 39 23 the
546 2099 97 32 whaling

61 2139 80 17 season
152 2139 67 23 every
230 2139 60 23 year,
302 2136 23 19 at
336 2132 74 23 which
421 2133 55 22 time
494 2132 39 24 the
545 2133 98 31 whaling

61 2173 68 15 crews
139 2165 47 24 will
198 2165 26 23 be
236 2165 25 23 in
271 2165 36 23 the
318 2165 52 23 best
381 2165 99 32 possible
494 2165 115 25 condition
620 2171 22 18 to

61 2199 94 23 contend
167 2199 35 23 for
214 2198 37 23 the
261 2199 60 29 prize
332 2207 7 19 ;
360 2199 73 22 which
449 2207 33 15 we
500 2207 37 16 are
551 2199 92 24 assured

60 2232 18 23 it
90 2232 18 23 is
129 2231 106 24 intended
246 2232 19 22 is
276 2237 21 18 to
313 2232 29 22 be
362 2232 109 23 rendered
487 2232 89 31 worthy
588 2233 55 23 their

61 2265 136 30 contending
208 2265 42 23 for.

1890 136 95 28 beacon,
1998 143 25 16 or
2034 136 50 24 that
2094 136 73 24 which
2183 137 21 23 is
2221 145 30 16 on
2270 138 38 23 the
2383 133 51 30 'side
2444 140 34 23 'of

1892 168 39 23 the
1940 173 65 26 port,,
2013 176 43 16 can
2065 164 29 28 be'
2105 177 54 16 seen
2170 168 119 33 distinctly;
2301 171 37 31 by'
2350 172 38 23 the
2401 172 76 24 naked

1893 208 48 23 eye,
1953 202 26 22 in
1997 200 60 24 dear
2075 201 105 29 weather,
2202 203 71 23 from.
2279 203 62 31 Cape
2359 197 148 37 TerawitiV-

1885 247 4 4 •
1893 233 74 24 which
1985 235 19 22 is
2023 234 84 23 distant
2126 242 40 19 on;
2171 234 38 23 the
2225 234 85 25 Cook's
2329 236 84 24 Straits
2428 228 80 38 sidjs/.i.

1893 266 26 23 of
1933 266 39 24 the
1984 271 58 26 port,
2054 267 116 23 fourteeen
2181 267 67 23 miles
2266 267 58 24 from
2343 269 133 24 Pencarrow
2486 279 7 12 •.
2505 279 5 6 '

1884 304 2 23 i
1895 299 76 24 Head.
2007 299 75 24 There
2093 300 21 22 is
2126 307 13 16 a
2152 299 130 29 head-land,
2300 300 104 25 between
2416 302 61 32 Cape
2485 312 3 4 ■

1894 331 108 24 Terawiti
2013 332 45 23 and
2069 332 46 25 the.
2122 337 105 19 entrance
2246 337 22 19 to
2286 331 38 25 the'
2329 331 68 33 'port;
2408 335 69 23 called
2487 358 23 8 ,

1894 364 99 24 Sinclair
2005 364 75 30 Head,
2093 365 44 23 and
2150 365 38 23 the
2201 373 78 15 course
2289 365 89 24 fr'omit
2428 365 55 26 'thy
2487 360 23 17 '"**

1893 397 126 31 triangular
2036 398 86 23 beacon
2138 398 31 23 E.
2183 398 44 23 and
2239 398 30 31 by
2281 398 31 23 N.
2354 398 54 24 N.-,.
2427 399 62 25 The'

1894 429 101 25 distance
2002 431 19 23 is
2028 431 45 23 five
2085 431 65 23 miles
2162 431 45 23 and
2218 438 14 16 a
2242 431 50 23 half
2300 431 109 24 between'
2415 432 69 24 these'
2506 440 5 5 '

1894 464 75 29 points
1990 471 24 16 or
2031 463 144 24 head-lands.
2221 463 66 24 With
2306 464 39 23 the
2355 464 126 31 triangular
2494 473 3 4 ■
2507 469 7 19 I

1894 495 85 23 beacon
1988 496 94 31 bearing
2093 501 49 19 east
2152 496 45 24 and
2210 496 30 31 by
2256 496 67 24 south
2334 496 51 24 half
2404 495 87 32 soiitH^,

1895 528 43 23 and
1955 528 39 23 the
2013 529 94 23 circular
2127 530 86 23 beacon
2232 530 96 31 bearing
2345 529 136 25 north-west

1895 561 50 23 half
1958 561 77 28 north,
2054 561 39 24 the
2107 567 51 26 port
2174 563 21 23 is
2214 570 65 23 open,
2300 562 45 24 and
2355 563 40 23 the
2407 563 73 24 vessel
2509 582 3 4 .

1894 595 20 22 is
1932 595 25 22 in
1976 595 163 29 mid-channel,
2161 595 44 23 and
2214 595 48 24 free
2273 595 59 24 from
2344 595 37 25 all,
2385 596 93 32 danger.

1896 627 90 23 Recent
2003 627 79 23 letters
2099 628 59 23 from
2178 627 108 32 England
2304 633 59 19 state
2373 629 62 23 -that-
2442 629 38 23 the

1896 659 56 24 New
1972 660 100 23 Zealand
2087 660 118 32 Company
2220 668 58 15 were
2294 669 32 15 on
2343 661 38 24 the
2385 664 4 16 ;
2400 669 39 16 eve
2459 662 32 24 of
2503 657 4 7 '

1896 692 96 32 sending
2003 697 39 19 out
2053 693 71 31 lights
2134 694 36 22 for
2181 701 14 15 a
2206 693 141 30 light-house
2359 695 87 23 erected
2456 701 24 17 at

1896 725 37 24 the
1957 730 106 19 entrance
2079 732 22 17 to
2119 726 59 24 Port
2195 726 134 24 Nicholson.
2341 744 4 7 ,
2377 727 24 23 It
2418 728 21 23 is
2446 743 3 5 .
2457 733 24 18 at
2507 742 7 7 r

1895 763 93 26 present
1999 760 118 22 uncertain
2127 758 101 24 whether
2236 759 38 23 the
2281 759 68 30 light?
2352 760 69 23 house
2430 776 5 8 :
2435 756 46 28 will

1895 792 29 23 be
1935 792 90 23 erected
2035 800 55 15 near
2101 793 38 22 the
2152 792 127 30 triangular
2295 793 93 28 beacon,
2408 800 35 16 ot.
2453 802 37 15 on-
2510 802 2 6 '

1896 824 37 24 the
1943 833 63 16 more
2016 826 137 30 promiment
2171 825 122 24 head-land
2307 825 71 24 called
2396 825 88 32 Baring-

1897 857 76 30 Head,
1987 858 72 24 which
2069 859 71 23 forms
2151 858 37 23 the
2198 858 103 30 westerly
2311 866 26 15 or
2348 858 136 24 north-west
2509 862 3 7 '

1895 890 58 24 head
1978 891 25 23 of
2033 891 90 24 Paliser
2151 891 58 31 Bay.
2267 891 162 24 Commanders
2458 892 26 23 of
2510 909 4 6 .

1895 923 87 24 vessels
1992 929 62 18 must
2069 923 53 24 take
2132 931 49 17 care
2199 929 40 19 not
2251 929 21 18 to
2290 923 100 25 mistake
2408 925 74 23 native

1895 956 54 24 fires
1959 956 35 24 for
2006 965 14 15 a
2036 957 66 30 light,
2121 956 45 24 and
2183 957 82 24 should
2278 958 65 22 await
2355 965 14 16 a
2380 958 102 23 notifica-

1896 990 48 23 tion
1957 990 25 23 of
1997 989 38 24 the
2047 991 99 30 position
2158 990 25 23 of
2199 990 38 24 the
2248 990 141 31 light-house
2407 991 76 23 before

1895 1022 90 32 relying
2002 1030 61 24 upon
2080 1024 17 22 it
2115 1031 25 16 as
2159 1031 14 16 a
2192 1024 83 23 certain
2292 1023 69 30 guide
2381 1029 22 18 to
2427 1024 59 23 Port

1896 1056 135 24 Nicholson.
2195 1056 92 31 beating
2310 1057 48 23 into
2373 1057 38 23 the
2430 1062 52 26 port

1896 1089 83 23 should
1996 1094 41 18 not
2188 1094 37 19 too
2248 1089 69 24 much
2334 1097 62 23 upon
2412 1090 72 23 either
2507 1099 3 4 •

2013 1130 24 16 as
2055 1122 38 24 the
2108 1123 60 23 wind
2184 1122 72 24 under
2274 1123 38 23 the
2329 1123 56 30 high
2395 1122 55 24 land
2463 1124 20 22 is

1895 1155 131 31 frequently
2037 1163 54 23 very
2101 1156 104 30 baffling.
2241 1156 76 23 When
2332 1156 37 23 the
2380 1156 104 23 barome-

1896 1192 35 19 ter
1949 1189 20 22 is
1987 1188 43 23 low
2049 1196 26 15 or
2084 1188 100 31 falling,
2195 1189 54 23 with
2261 1196 23 16 or
2296 1188 96 24 without
2400 1189 56 28 rain,
2470 1197 13 15 a

1897 1221 86 23 sudden
1996 1221 86 31 change
2094 1222 25 23 of
2133 1223 61 22 wind
2213 1222 57 23 from
2289 1221 40 24 the
2347 1222 137 23 north-west

1897 1257 22 19 to
1932 1254 39 22 the
1982 1254 130 24 south-east
2123 1254 81 24 should
2216 1255 125 30 invariably
2353 1255 28 23 be
2393 1259 92 26 expect-

1898 1287 35 28 ed,
1945 1287 45 23 and
2005 1287 85 23 vessels
2108 1287 93 31 beating
2220 1289 24 21 in
2259 1287 81 24 should
2360 1287 52 24 take
2433 1296 51 15 care

1898 1323 22 20 to
1941 1320 59 31 keep
2021 1320 37 23 the
2077 1325 51 26 port
2150 1329 66 22 open.
2270 1320 162 24 Commanders
2462 1321 26 23 of

1897 1353 86 23 vessels
1995 1353 82 24 should
2087 1354 52 30 give
2151 1353 73 24 Point
2240 1353 155 31 Jerningham,
2412 1354 74 23 which

1897 1385 71 24 forms
1980 1385 38 24 the
2032 1391 47 18 east
2091 1387 48 23 side
2149 1387 25 23 of
2189 1386 113 24 Lambton
2314 1395 23 15 or
2345 1387 142 31 Wellington

1898 1418 118 30 Harbour,
2029 1428 13 14 a
2053 1420 57 30 good
2119 1420 75 29 berth,
2207 1428 25 15 as
2242 1420 61 23 there
2323 1421 19 22 is
2364 1429 13 14 a
2394 1421 92 23 sunken

1897 1451 56 24 rock
1967 1452 33 24 off
2013 1453 26 28 it,
2051 1461 61 23 upon
2123 1453 72 24 which
2208 1453 38 24 the
2256 1452 91 32 Bailey,
2368 1453 118 29 schooner,

1897 1492 41 16 ran
1951 1485 46 23 last
2006 1493 62 23 year.

1932 1518 65 23 New
2023 1519 156 24 Plymouth.
2185 1532 35 5 —
2225 1519 56 24 New
2305 1519 132 31 Plymouth,
2461 1528 27 15 or

1898 1551 125 30 Taranaki,
2032 1553 19 22 is
2065 1560 28 16 an
2105 1560 58 23 open
2173 1553 118 23 roadstead
2299 1562 6 18 ;
2326 1560 62 16 some
2400 1553 85 23 shelter

1888 1582 2 39 |
1898 1584 20 23 is
1935 1584 104 24 however
2051 1586 99 23 afforded
2171 1586 30 30 by
2223 1594 13 15 a
2254 1593 74 23 group
2349 1586 25 23 of
2388 1586 98 28 islands,

1898 1617 81 30 which,
1999 1618 57 23 from
2081 1619 59 23 their
2159 1619 100 31 peculiar
2282 1626 146 23 appearance,
2448 1627 39 15 are

1899 1651 72 23 called
1995 1651 37 24 the
2051 1651 76 31 Sugar
2148 1651 97 24 Loaves.
2281 1652 144 30 Experience
2442 1652 44 23 has

1900 1684 92 23 decided
2012 1684 48 24 that
2072 1685 85 23 vessels
2170 1693 53 22 may
2234 1685 87 23 remain
2332 1689 24 19 at
2368 1685 83 23 anchor
2461 1686 26 22 in

1899 1717 38 23 the
1957 1718 119 23 roadstead
2097 1718 37 23 the
2154 1723 90 25 greater
2260 1723 52 25 part
2329 1718 24 23 of
2369 1718 37 23 the
2423 1726 63 23 year*

1900 1750 94 23 without
2006 1751 36 23 the
2055 1751 106 31 slightest
2179 1751 164 31 apprehension
2355 1751 25 23 of
2390 1751 94 31 danger.

1900 1783 24 23 It
1934 1784 21 22 is
1967 1784 37 23 the
2017 1785 90 29 opinion
2122 1784 25 23 of
2156 1793 14 14 a
2181 1784 129 31 gentleman
2325 1784 93 31 holding
2429 1784 57 32 high

1900 1817 58 22 rank
1969 1818 25 22 in
2011 1817 37 23 the
2061 1825 65 23 navy,
2141 1818 44 23 and
2204 1818 49 22 who
2265 1817 42 23 has
2319 1818 89 23 resided
2424 1825 64 16 some

1899 1850 91 23 months
2009 1856 23 17 at
2051 1851 38 23 the
2102 1851 130 23 settlement
2244 1851 22 23 of
2276 1850 57 24 New
2354 1850 133 30 Plymouth,

1900 1882 48 23 that
1961 1884 37 22 the
2010 1884 118 23 roadstead
2138 1884 24 23 of
2171 1884 116 23 Taranaki
2300 1885 19 21 is
2331 1884 31 31 by
2371 1891 29 16 no
2408 1891 79 16 means

1900 1924 24 14 so
1933 1916 127 30 dangerous
2067 1925 25 15 as
2101 1918 19 21 it
2129 1917 40 23 has
2180 1918 59 23 been
2249 1917 153 31 represented.
2439 1917 47 23 For

1900 1949 38 23 the
1950 1949 73 23 better
2032 1950 97 31 security
2139 1950 23 23 of
2173 1950 85 24 vessels
2268 1950 138 31 proceeding
2415 1950 71 29 there,

1900 1986 43 18 two
1957 1987 45 18 sets
2015 1983 24 22 of
2047 1984 125 29 moorings,
2185 1983 25 22 of
2219 1983 83 30 weight
2310 1983 27 22 fit
2348 1983 35 22 for
2395 1983 39 23 the
2444 1990 42 16 use

1900 2014 26 23 of
1943 2016 92 30 80-gun
2054 2016 71 30 ships,
2143 2016 58 23 have
2219 2016 68 30 lately
2304 2016 58 22 been
2380 2020 51 19 sent
2448 2021 40 18 out

1900 2047 59 24 from
1968 2048 107 31 England
2087 2049 30 30 by
2127 2049 38 23 the
2177 2049 57 23 New
2244 2049 101 23 Zealand
2359 2049 125 31 Company.

1889 2080 162 25 ..Information
2064 2082 25 23 of
2098 2090 42 15 one
2153 2087 35 18 set
2196 2082 25 23 of
2230 2082 37 23 the
2276 2082 115 31 moorings
2402 2082 86 31 having

1900 2113 58 24 been
1976 2114 46 24 laid
2042 2115 65 23 down
2119 2115 42 23 has
2173 2115 55 23 been
2246 2115 110 28 received,
2370 2115 44 23 and
2429 2115 59 24 their

1899 2146 107 32 bearings
2019 2156 39 15 are
2070 2148 118 24 furnished
2206 2148 78 24 below.
2322 2148 35 23 To
2375 2148 36 24 the
2423 2153 65 19 outer

1901 2180 75 31 Sugar
1994 2181 62 23 Loaf
2070 2181 82 30 island,
2173 2181 66 24 S.W.
2255 2182 31 30 by
2297 2181 67 23 West
2376 2180 14 33 |
2403 2181 66 24 West
2477 2190 6 20 ;

1900 2218 22 19 to
1933 2214 38 23 the
1978 2214 116 31 flag-staff
2102 2216 22 22 in
2135 2215 38 23 the
2181 2215 58 29 Pah,
2248 2219 23 19 at
2283 2214 57 23 New
2353 2214 135 31 Plymouth,

1901 2247 74 23 South
1994 2250 43 22 53°
2058 2247 59 25 East
2124 2257 6 20 ;
2150 2253 23 19 to
2191 2248 38 24 the
2247 2252 39 27 top
2299 2247 25 24 of
2341 2247 84 24 Mount
2435 2247 53 32 Eg-

1900 2285 71 24 mont,
1986 2280 74 25 South
2079 2283 42 22 16°
2140 2281 74 29 East;
2234 2281 44 25 and
2290 2282 29 22 'to
2334 2281 77 24 White
2425 2281 62 29 Cliff,

1901 2313 75 23 North
1988 2315 44 23 49°
2046 2314 66 24 East.
2148 2314 51 24 The
2211 2314 96 24 latitude
2318 2314 26 23 of
2359 2314 57 24 New
2428 2314 58 31 Ply-

1900 2346 80 24 mouth
2000 2347 20 23 is
2040 2350 46 21 38°
2105 2350 40 21 45'
2157 2348 82 24 South.
2277 2347 52 24 The
2347 2347 53 31 only
2416 2347 73 24 winds

1900 2380 116 31 requiring
2034 2381 110 23 attention
2161 2381 59 23 blow
2232 2381 59 23 from
2303 2380 38 23 the
2360 2380 67 24 north
2442 2381 46 23 and

1901 2413 143 24 north-west.
2082 2413 70 24 Their
2175 2421 139 24 appearance
2336 2414 21 22 is
2375 2414 114 23 indicated

1901 2446 30 30 by
1949 2446 64 24 thick
2030 2447 45 23 and
2093 2447 59 30 hazy
2170 2447 98 23 weather
2287 2447 60 23 from
2366 2446 38 24 the
2424 2454 63 17 same

1901 2479 122 24 directions
2032 2489 6 19 ;
2058 2480 49 29 but,
2121 2480 83 31 during
2215 2489 13 14 a
2239 2480 117 24 residence
2375 2480 26 23 of
2409 2480 80 23 twelve
2508 2489 4 5 ■

1901 2513 99 28 months,
2025 2513 54 31 they
2101 2521 60 16 were
2182 2522 68 15 never
2273 2513 84 23 known
2380 2517 22 19 to
2430 2513 60 24 blow

1901 2546 112 32 suddenly
2021 2547 42 23 and
2076 2547 53 23 with
2141 2547 109 23 violence.
2288 2546 67 31 They
2362 2546 57 24 have
2430 2546 59 24 been

1902 2578 85 32 always
2007 2580 70 23 found
2096 2585 21 18 to
2136 2581 101 23 increase
2254 2588 27 15 so
2299 2580 124 31 gradually,
2439 2580 50 23 that

1902 2613 74 30 ample
1988 2614 103 30 warning
2107 2614 20 22 is
2145 2614 76 30 given,
2234 2613 43 24 and
2298 2613 56 23 time
2371 2618 23 19 to
2415 2613 73 31 weigh

1902 2646 85 23 anchor
1998 2646 44 23 and
2051 2646 97 31 proceed
2161 2651 22 19 to
2196 2654 38 16 sea
2246 2646 102 23 allowed.

95 2315 124 24 Caution.
221 2327 35 4 —
256 2315 40 23 We
314 2315 67 25 have,
395 2315 58 24 been
476 2315 122 31 requested
620 2319 22 19 to

61 2349 87 23 caution
161 2348 38 24 the
210 2348 75 31 public
300 2349 90 30 against
409 2348 76 31 eating
497 2348 39 24 the
553 2348 59 24 liver
623 2348 23 24 of

60 2381 52 29 fish,
130 2381 120 32 especially
268 2381 24 23 of
306 2381 45 23 the-
360 2381 73 32 justly
445 2381 129 24 celebrated
592 2381 51 24 Ha-

60 2414 69 24 buka.
173 2414 47 24 Mr.
245 2414 98 24 Butler's
365 2414 78 32 family
466 2415 59 23 have
548 2414 97 25 suffered

62 2448 101 29 severely
172 2447 59 24 from
245 2448 73 31 eating
330 2449 39 21 the
388 2447 124 24 Habuka's
523 2449 65 28 liver,
602 2448 43 24 and

61 2480 59 25 Mrs.
133 2480 82 25 Butler
229 2481 19 22 is
266 2480 45 24 still
332 2480 150 32 dangerously
494 2481 26 23 ill
539 2481 59 24 from
614 2482 29 23 its

59 2515 122 30 poisonous
194 2513 83 24 effects.
310 2514 46 23 We
376 2519 60 19 must
456 2515 94 23 observe
568 2519 22 19 at
607 2515 36 23 the

60 2555 62 16 same
141 2549 56 22 time
214 2554 33 16 we
264 2546 56 25 have
344 2552 65 19 eaten
431 2555 54 23 very
506 2548 72 31 freely
598 2548 45 23 fre-

60 2581 92 31 quently
164 2580 27 24 of
205 2580 37 23 the
255 2580 119 24 Habuka's
393 2580 63 29 liver,
470 2580 45 24 and
531 2581 111 23 therefore

61 2614 106 24 conclude
179 2614 19 22 it
209 2614 20 23 is
241 2613 50 31 only
302 2614 134 23 deleterious
448 2618 24 19 at
491 2615 87 22 certain
593 2623 50 15 sea-

60 2655 61 19 sons,
157 2646 104 31 Perhaps
276 2654 61 16 some
356 2647 25 23 of
396 2648 37 23 the
445 2647 97 24 medical
554 2647 88 32 gentle-

59 2688 52 15 men
129 2680 47 24 will
192 2680 29 23 be
237 2680 55 31 good
311 2680 91 32 enough
422 2686 21 18 to
468 2689 95 23 express
585 2680 58 25 their

60 2714 103 30 opinions
175 2720 30 16 on
216 2713 37 23 the
264 2714 94 31 subject,
370 2714 35 23 for
417 2714 38 23 the
466 2714 87 24 benefit
564 2715 26 23 of
605 2715 37 23 the

59 2747 83 30 public,
155 2745 100 31 through
266 2754 38 15 our
316 2747 111 24 columns.

1937 2712 83 24 Light
2031 2712 72 24 Gold
2112 2712 75 24 Coin.
2189 2725 34 4 —
2223 2712 36 31 By
2271 2712 112 31 appendix
2397 2712 45 24 No.
2458 2714 30 22 12

1903 2750 23 19 to
1940 2746 38 23 the
1990 2745 84 24 second
2086 2750 78 27 report
2174 2746 26 23 of
2215 2745 37 24 the
2265 2746 77 23 Select
2354 2745 135 24 Committee

1903 2786 30 16 on
1943 2779 75 23 banks
2030 2779 25 23 of
2066 2780 70 28 issue,
2157 2787 33 15 we
2202 2779 46 23 find
2268 2779 51 23 that
2330 2778 38 24 the
2387 2778 69 24 Bank
2468 2778 25 24 of

1903 2811 116 31 England,
2037 2813 25 22 in
2080 2813 39 22 the
2129 2812 52 23 four
2200 2820 65 24 years
2285 2811 83 31 ending
2385 2811 38 24 the
2435 2813 56 22 31st

1903 2845 138 29 December,
2056 2847 73 27 1840,
2141 2846 46 22 had
2195 2845 106 23 tendered
2310 2849 24 19 at
2345 2844 37 23 the
2394 2844 62 24 bank
2465 2844 24 23 in
2492 2854 2 5 1
2505 2859 2 4 •

1902 2878 98 24 London
2009 2879 173 28 £36,007,808
2192 2879 24 22 in
2225 2878 53 30 gold
2286 2886 8 21 ;
2307 2877 26 24 of
2340 2877 74 24 which
2420 2878 19 22 it
2449 2884 38 16 re-

1900 2912 85 31 jected,
2009 2919 25 15 as
2056 2912 60 30 light
2145 2912 69 28 coins,
2244 2915 23 19 to
2291 2910 38 24 the
2352 2914 93 19 amount
2468 2910 26 24 of

1902 2945 168 28 £7,435,274.
2105 2944 34 24 At
2148 2944 39 24 the
2194 2943 111 25 branches
2312 2944 24 22 in
2349 2943 38 24 the
2394 2947 97 27 country

1902 2978 64 23 there
1989 2985 58 16 were
2069 2977 117 29 tendered,
2213 2978 24 22 in
2267 2976 38 23 the
2333 2976 51 23 four
2412 2984 77 23 years,

1901 3011 174 28 £27,153,669
2085 3011 24 23 in
2116 3009 53 32 gold
2178 3019 5 20 ;
2199 3011 24 22 of
2231 3009 74 25 which
2312 3016 59 16 were
2381 3009 108 32 rejected,

1902 3052 25 15 as
1937 3041 60 33 light
2008 3044 70 27 coins,
2096 3047 23 19 to
2131 3043 38 23 the
2181 3047 93 19 amount
2286 3042 26 24 of
2320 3043 167 28 £2,085,383.

1902 3076 72 31 Light
1989 3076 54 31 gold
2055 3077 50 22 coin
2119 3083 81 22 seems,
2211 3075 59 24 from
2282 3075 46 23 this
2341 3075 67 29 table,
2423 3080 23 19 to
2460 3076 28 24 be

1903 3117 30 16 on
1944 3109 39 24 the
1999 3110 101 23 increase
2110 3117 5 16 :
2134 3109 43 29 for,
2199 3110 24 22 in
2234 3108 39 24 the
2291 3116 55 24 year
2358 3110 73 28 1840,
2453 3108 38 25 the
2497 3115 5 5 '

1901 3147 105 19 amounts
2012 3141 109 25 tendered
2126 3150 57 16 were
2184 3154 34 5 —
2218 3141 106 30 London,
2333 3142 158 29 £9,588,144

1901 3176 118 28 branches,
2032 3176 166 28 £8,039,355.
2233 3175 112 31 Rejected
2359 3183 26 16 as
2395 3175 61 31 light
2456 3187 33 5 —

1902 3209 107 28 London,
2014 3209 171 28 £2,679,080;
2195 3208 121 29 branches,
2324 3209 165 28 £1,119,555.

1901 3242 25 23 It
1934 3241 75 24 would
2020 3249 83 23 appear
2112 3242 61 23 from
2190 3242 45 23 this
2246 3242 50 23 that
2307 3249 62 16 more
2381 3241 56 24 than
2451 3242 34 23 £1

1901 3276 25 22 in
1937 3282 69 23 every
2016 3275 46 28 £4,
2082 3274 108 24 tendered
2209 3279 22 19 at
2242 3274 40 24 the
2297 3274 70 24 Bank
2378 3275 26 23 of
2421 3274 67 30 Eng-
2496 3288 7 5 -

1901 3308 61 28 land,
1974 3308 21 23 is
2006 3307 67 32 light.

1934 3341 160 24 Departure
2108 3349 32 16 of
2152 3349 52 16 the
2223 3342 14 12 m
2244 3341 132 24 Clifford
2418 3347 68 16 with
2497 3342 5 4 '

1901 3374 166 23 Emigrants.
2068 3387 34 5 —
2103 3374 51 24 The
2169 3375 56 23 New
2237 3373 103 25 Zealand
2350 3373 138 31 Company's

1900 3407 52 31 ship
1982 3406 106 31 Clifford,
2119 3408 98 31 Captain
2245 3408 84 30 Sharp,
2357 3408 48 22 460
2435 3409 53 20 tons

1899 3440 107 29 burthen,
2018 3441 85 31 having
2114 3449 31 16 on
2153 3441 70 24 board
2235 3442 32 23 81
2279 3440 63 23 adult
2352 3446 135 23 passengers

1900 3473 45 23 and
1959 3475 33 25 67
2010 3473 110 29 children,
2142 3474 113 24 exclusive
2275 3473 25 23 of
2315 3471 171 31 cabin-passen-

1899 3514 61 23 gers,
1973 3506 73 24 sailed
2059 3507 59 24 from
2130 3507 98 24 London
2238 3506 36 24 for
2285 3504 140 31 Wellington
2442 3504 46 24 and

1900 3539 89 24 Nelson
2001 3547 30 16 on
2041 3540 39 24 the
2093 3540 66 29 16th,
2181 3540 44 23 and
2241 3539 60 23 from
2310 3538 37 23 the
2359 3537 88 24 Downs
2458 3545 30 16 on

1894 3573 101 31 .Sunday
2006 3573 40 24 the
2063 3573 58 24 19th
2140 3574 93 23 instant.
2277 3571 47 24 She
2344 3570 44 24 had
2406 3571 26 22 in
2449 3569 39 24 the

1900 3606 66 24 cabin
1978 3607 47 24 Mr.
2040 3607 45 23 and
2096 3606 61 24 Mrs.
2169 3605 58 24 John
2239 3604 90 24 Saxton
2345 3603 43 24 and
2399 3603 89 30 family,

1900 3639 39 24 the
1950 3640 59 24 Rev.
2024 3639 96 24 Charles
2140 3639 86 24 Saxton
2246 3637 44 23 and
2308 3636 61 24 Mrs.
2388 3636 98 28 Saxton,

1900 3672 61 24 Mrs.
1975 3674 134 30 Crumpton,
2122 3672 45 23 and
2178 3671 59 24 Miss
2249 3669 136 29 Wakefield,
2398 3668 98 32 daugh-'

1900 3710 35 20 ter
1947 3706 26 24 of
1988 3706 95 24 Colonel
2095 3703 136 30 Wakefield,.
2249 3702 110 32 principal
2378 3706 69 26 agent
2466 3701 26 24 of

1900 3740 26 23 of
1940 3740 39 23 the
1991 3739 58 24 New
2061 3737 104 25 Zealand
2174 3736 118 31 Company
2304 3735 25 23 in
2345 3735 59 23 New
2425 3734 70 40 Zea^

1899 3772 64 24 land.
1964 3785 33 4 —
1997 3771 59 25 New
2067 3770 106 24 Zealand
2182 3768 106 24 Journal.
2430 3763 67 27 '-tj:-

1935 3805 109 24 Church
2063 3804 92 24 Bells.
2157 3815 35 5 —
2192 3802 23 23 A
2232 3801 87 24 Bristol
2337 3808 71 24 paper
2425 3808 61 24 says,

1900 3838 50 24 that
1961 3846 13 16 a
1994 3837 46 24 bell
2051 3844 45 16 was
2115 3836 72 31 being
2196 3839 48 19 cast
2254 3834 60 23 from
2331 3834 38 23 the
2383 3834 72 23 metal
2465 3834 27 24 of

1900 3871 39 23 the
1950 3871 45 23 late
2008 3870 101 24 Minster
2127 3869 64 24 Bells
2202 3871 22 20 to
2236 3867 29 23 be
2275 3866 129 32 presented'
2413 3871 26 19 to
2449 3866 40 24 the

1901 3903 87 31 Bishop
2007 3903 25 23 of
2049 3902 57 24 New
2129 3900 99 25 Zealand
2246 3900 36 24 for
2301 3900 39 24 the
2358 3907 42 18 use
2411 3900 28 23 of
2453 3897 42 34 his,'

1903 3937 94 23 church.
2080 3963 4 1 .
2109 3954 7 10 \
2202 3963 4 1 .

1284 132 88 23 derable
1477 131 110 31 however^
1611 134 46 24 this
1675 134 45 24 had
1737 142 29 16 no
1785 135 81 23 visible

1359 173 6 20 ;
1385 165 130 24 thesmoke
1526 167 121 23 continued
1659 172 24 18 to
1690 166 59 25 rusft
1756 167 59 24 from
1827 168 39 23 the

1284 202 62 18 stern
1357 198 65 24 cabin
1431 199 115 29 windows,
1558 200 39 22 the
1609 199 67 24 doors'
1689 200 25 23 of
1727 200 39 22 the
1783 200 82 31 cuddy,

1284 230 45 24 and
1339 238 43 23 any
1393 232 69 23 crack
1473 240 26 15 or
1510 237 103 26 aperture
1626 233 73 22 where
1711 241 14 14 a
1734 237 54 18 vent
1801 233 66 23 could

1276 264 36 28 ;be
1324 262 112 26 obtained.
1478 265 41 23 All
1533 265 37 23 the
1585 266 73 28 doors,
1673 265 112 29 windows,
1798 266 68 23 dead-

1284 295 76 39 lights,
1371 297 61 29 '.&0.,
1451 305 58 16 were
1519 298 71 23 made,
1595 305 26 16 as
1632 304 80 17 secure
1722 306 25 15 as
1757 298 109 30 possible,

1285 336 25 15 so
1330 336 30 15 as-
1372 333 25 20 to
1402 335 108 26 -prevent
1527 338 44 23 any
1588 330 112 24 outbreak
1719 331 24 23 of
1765 331 40 23 the
1816 331 49 24 fire.

1282 354 53 31 •Tiie
1345 361 127 25 Favorite's
1482 363 45 24 and
1541 362 106 32 Beagle's
1661 370 61 22 men,
1735 371 25 15 as
1780 363 51 24 well
1841 372 25 15 as

1284 393 38 24 the
1339 394 79 24 'crews'
1436 396 26 23 of
1487 396 63 24 other
1572 395 95 30 vessels,
1691 397 134 30 amounting
1844 400 23 20 to

1285 426 138 38 abou^OO,-
1438 436 63 21 were,
1516 428 124 33 employed,
1665 436 62 16 some
1743 429 25 23 in
1786 429 82 32 taking

1285 455 122 32 dowtfjrttie
1429 462 63 28 sails,
1514 462 100 32 gearing,
1645 462 74 30 yards,
1747 462 63 29 &c.,.
1823 462 44 23 and

1285 493 74 23 others
1371 494 99 32 clearing
1482 495 38 23 the
1531 494 70 24 decks
1613 495 26 23 of
1658 502 43 23 any
1720 495 79 23 article
1820 495 48 23 that

1285 522 185 42 was|moveable,
1487 528 107 30 lowering
1606 527 63 24 them
1680 528 47 22 into
1737 528 74 28 boats,
1824 528 44 23 and

1284 558 92 32 landing
1386 560 64 24 them
1461 568 30 16 on
1502 560 73 24 shore.
1618 560 40 24 An
1677 565 94 26 attempt
1790 565 24 19 to
1830 565 38 26 get

1286 596 39 19 out
1341 591 50 28 the.
1397 601 66 23 cargo
1482 601 45 17 was
1545 594 66 23 made
1628 594 68 23 about
1713 599 38 17 ten
1769 593 96 25 o'clock.

1286 624 51 24 The
1354 626 63 22 main
1433 626 94 24 hatches
1543 635 59 15 were
1625 626 94 31 opened,
1740 626 45 24 and
1800 627 68 23 about

1285 659 60 30 sixty
1351 658 67 25 .bales
1431 659 26 23 of
1470 660 57 23 wool
1533 668 59 15 were
1603 660 88 23 thrown
1703 666 52 17 over
1765 659 41 24 the
1818 659 50 24 side

1285 692 47 22 into
1342 691 54 31 long
1405 692 75 24 boats.
1520 693 70 23 From
1601 693 39 23 the
1649 692 64 24 bows
1726 701 13 14 a
1749 697 65 26 stage
1822 700 45 16 was

1286 725 142 23 constructed
1439 729 22 19 to
1470 725 40 24 the
1527 725 68 24 rocks
1609 726 33 30 by
1659 733 78 16 means
1756 725 27 24 of
1804 734 64 22 spars

1276 764 3 3 '
1285 756 45 25 and
1339 757 73 31 yards,
1426 758 44 23 and
1482 767 14 15 a
1505 759 43 23 few
1558 758 72 31 goods
1641 767 59 15 were
1711 758 53 24 thus
1774 758 91 24 landed.

1286 790 47 24 But
1343 789 45 24 the.
1396 791 81 24 smoke
1494 791 115 24 increased
1626 800 27 15 so
1672 791 74 30 much,
1763 791 50 24 that
1830 792 38 23 the

1285 831 52 16 men
1348 823 66 24 could
1424 829 40 19 not
1475 831 51 24 stay
1539 824 73 25 below
1630 825 95 23 without
1742 824 86 31 danger
1846 825 25 24 of

1286 855 130 25 suffocation
1423 867 9 18 ;
1451 857 38 24 the
1505 857 93 25 hatches
1614 865 59 16 were
1684 858 65 31 again
1761 857 107 24 battened

1285 889 63 24 down
1359 890 44 23 and
1415 890 93 25 covered
1520 897 52 17 over
1583 890 56 24 with
1649 890 138 31 tarpauling.
1818 890 50 24 The

1285 927 67 19 water
1364 923 122 24 continued
1496 928 23 19 to
1531 924 54 31 gain
1597 931 61 24 upon
1675 923 38 24 the
1729 923 83 29 vessel,
1825 923 43 24 and

1285 955 67 24 about
1362 955 113 32 half-past
1484 961 38 19 ten
1532 957 41 23 she
1585 964 46 16 was
1642 957 52 23 well
1706 957 94 23 secured
1811 956 58 24 from

1285 989 40 23 her
1334 989 60 23 bows
1402 989 32 32 by
1445 997 14 15 a
1470 990 66 24 chain
1545 995 23 19 to
1579 990 40 23 the
1630 990 68 23 rocks
1706 999 6 20 ;
1731 998 14 15 a
1763 990 105 32 westerly

1285 1021 60 24 wind
1354 1029 93 25 sprung-
1457 1031 32 23 up
1507 1028 22 19 at
1546 1023 39 24 the
1607 1024 65 28 time,
1684 1023 43 23 and
1745 1022 42 25 her
1807 1027 62 20 stern

1285 1054 77 31 gently
1372 1056 82 23 veered
1465 1057 47 22 into
1520 1056 56 31 deep
1584 1061 77 19 water.
1697 1056 41 24 All
1745 1056 38 24 the
1792 1056 76 31 yards,

1285 1088 39 23 the
1334 1088 62 23 cable
1408 1089 44 23 and
1469 1097 14 15 a
1499 1094 65 26 great
1580 1090 91 30 portion
1689 1089 24 23 of
1738 1089 38 23 the
1793 1097 74 24 ropes,

1284 1120 87 30 blocks,
1394 1122 53 29 &c,
1470 1122 84 31 having
1572 1122 59 24 been
1651 1122 101 28 secured,
1776 1130 14 15 a
1811 1122 58 24 little

1284 1154 76 23 before
1371 1155 78 23 eleven
1468 1155 39 23 the
1525 1163 39 23 cry
1583 1155 30 26 of',
1702 1163 56 23 your

1285 1195 45 15 was
1419 1188 59 23 from
1486 1188 107 31 Captains
1602 1188 97 23 Browne
1708 1188 45 23 and
1760 1188 107 29 Watson;

1285 1220 39 23 the
1344 1225 69 19 water
1432 1221 80 31 gained
1529 1221 80 23 fast—
1610 1221 46 23 and
1676 1221 25 22 in
1719 1221 69 23 about
1807 1221 62 24 three

1284 1254 97 23 minutes
1397 1254 42 24 she
1456 1254 68 29 sunk,
1543 1254 91 31 leaving
1652 1254 68 23 above
1741 1254 39 23 the
1802 1258 68 20 water

1286 1286 51 31 only
1349 1286 39 24 the
1399 1287 48 23 fore
1458 1291 52 27 part
1522 1287 25 23 of
1555 1287 38 23 the
1600 1287 77 23 vessel
1687 1286 44 24 and
1738 1287 40 23 the
1788 1291 80 20 masts.

1318 1320 24 23 A
1350 1320 59 30 good
1418 1320 51 23 deal
1476 1320 24 24 of
1507 1320 119 23 confusion
1634 1320 121 31 prevailed,
1766 1320 43 23 but
1816 1328 53 15 con-

1286 1353 99 31 sidering
1402 1353 39 24 the
1459 1354 103 30 quantity
1574 1353 25 23 of
1614 1361 53 16 men
1680 1361 28 15 on
1726 1353 78 29 board,
1826 1354 44 23 and

1285 1386 43 23 the-
1336 1387 94 23 number
1442 1387 25 23 of
1482 1386 64 24 naval
1559 1387 89 23 officers
1660 1386 44 24 and
1716 1386 109 31 captains,
1840 1386 30 23 all

1286 1419 26 24 of
1320 1419 73 24 whom
1404 1427 58 16 were
1473 1420 25 23 in
1668 1432 30 4 —
1698 1420 22 22 -it
1727 1421 19 22 is
1757 1419 112 24 astonish-

1285 1453 40 30 ing
1333 1452 49 24 that
1388 1461 30 15 no
1428 1453 99 24 accident
1536 1453 116 23 occurred.
1677 1452 66 32 Capt.
1755 1452 113 30 Osborne,

1287 1486 37 23 the
1334 1490 84 19 master
1432 1487 23 23 of
1470 1487 38 22 the
1522 1485 146 25 unfortunate
1679 1485 82 30 vessel,
1780 1485 38 25 did
1830 1490 40 20 not

1286 1519 71 23 arrive
1368 1519 35 23 till
1416 1520 70 23 about
1501 1522 38 21 ten
1552 1518 95 24 o'clock.
1685 1519 61 23 Soon
1759 1519 57 23 after
1832 1519 38 23 the

1286 1551 73 24 vessel
1369 1558 61 18 went
1440 1552 73 29 down,
1524 1552 40 23 the
1572 1553 89 22 surface
1671 1551 25 24 of
1705 1552 36 23 the
1750 1557 68 19 water
1825 1560 45 15 was

1287 1585 92 24 covered
1398 1585 53 24 with
1471 1586 36 28 oil,
1529 1585 44 23 and
1590 1585 38 23 the
1649 1586 34 22 air
1702 1592 45 16 was
1767 1586 103 30 strongly

1287 1619 155 30 impregnated
1453 1619 54 23 with
1519 1619 37 23 the
1569 1618 66 24 smell
1649 1618 24 23 of
1682 1626 58 16 rum.

1320 1652 49 23 The
1381 1652 115 31 following
1506 1653 20 22 is
1536 1660 13 15 a
1560 1652 40 23 list
1608 1651 26 24 of
1644 1651 38 23 the
1694 1659 66 23 cargo
1771 1651 54 24 with
1833 1651 37 24 the

1287 1685 110 30 shippers,
1411 1686 43 22 viz.
1468 1694 5 14 :—:
1476 1697 32 4 —

1298 1729 2 4 ■
1315 1718 24 20 88
1355 1717 56 20 bales
1426 1717 25 21 of
1465 1717 59 24 wool,
1539 1717 36 20 W.-
1586 1717 61 21 Hirst
1663 1717 42 20 and
1714 1717 48 24 Co.,
1780 1718 12 20 8
1809 1717 61 24 ditto,

1287 1744 64 20 Lamb
1360 1745 42 19 and
1412 1744 100 27 Parbury,
1522 1745 27 20 56
1559 1744 62 25 ditto,
1633 1744 23 21 F.
1670 1744 118 24 Ebsworth,
1800 1744 26 20 96
1837 1744 33 20 do.

1287 1772 26 19 A.
1324 1772 40 19 and
1376 1772 21 19 S.
1409 1772 78 26 Lyons,
1498 1772 34 23 50,
1544 1772 62 21 ditto.
1619 1771 81 27 Cooper
1707 1772 41 19 and
1759 1771 60 25 Holt,
1832 1772 38 20 118

1287 1800 59 23 ditto,
1357 1800 22 19 J.
1390 1800 42 19 and
1440 1800 26 19 T.
1477 1799 113 25 Armitage.
1619 1799 70 20 Total.
1691 1809 29 5 —
1720 1799 40 20 416
1769 1799 68 20 bales.

1315 1837 93 21 also,—
1411 1833 38 19 l4o
1461 1832 64 24 hides,
1536 1831 21 20 J.
1570 1831 69 24 Drew,
1651 1832 26 19 50
1688 1831 121 27 puncheons
1817 1838 53 17 rum,

1287 1859 58 19 Betts
1360 1859 107 25 Brothers,
1486 1859 24 21 70
1526 1859 124 25 puncheons
1666 1865 54 17 rum,
1736 1858 23 20 J.
1777 1859 93 26 Stirling.

1286 1887 27 20 29
1322 1887 61 19 casks
1398 1887 62 20 black
1472 1887 34 23 oil,
1517 1887 27 19 48
1557 1886 89 20 bundles
1656 1886 127 24 whalebone,
1795 1886 75 24 Willis,

1287 1914 124 24 Sandeman,
1423 1915 42 19 and
1475 1914 37 20 Co.

1320 1947 33 23 As
1366 1951 22 20 to
1401 1947 39 24 the
1453 1948 70 30 origin
1534 1947 25 24 of
1569 1946 37 23 die
1618 1947 49 29 fire,
1682 1954 30 15 we
1725 1947 86 22 believe
1823 1947 18 22 it
1852 1948 19 21 is

1347 1985 22 17 to
1381 1980 28 22 be
1421 1979 121 23 attributed
1555 1985 22 17 to
1584 1981 44 21 -the
1640 1979 60 23 wool-
1705 1980 70 29 being
1785 1979 87 31 packed

1287 2012 23 22 in
1330 2020 13 15 a
1362 2012 77 30 damp-
1448 2016 65 19 state.
1550 2012 37 23 !No
1605 2012 68 23 flame
1691 2020 43 15 was
1753 2012 117 31 j>received

1285 2045 56 23 from
1362 2045 38 23 the
1420 2045 116 31 discovery
1548 2053 30 24 up
1599 2050 21 18 to
1640 2045 37 23 the
1693 2046 79 30 period
1792 2046 25 22 of
1833 2046 39 22 the

1285 2077 67 31 Lady
1360 2077 88 31 Raffles
1458 2079 69 30 going
1539 2078 68 23 down
1615 2087 5 20 ;
1636 2078 44 23 and
1690 2079 43 23 this
1746 2079 46 23 fact
1800 2078 72 24 would

1287 2112 131 30 strenghten
1435 2112 39 22 the
1486 2112 90 31 opinion
1589 2112 50 22 that
1656 2112 38 24 the
1706 2112 40 23 fire
1760 2112 44 23 had
1815 2112 57 23 been

1286 2144 102 23 confined
1405 2149 23 18 to
1440 2145 82 30 simply
1540 2145 154 31 smouldering
1712 2150 106 26 amongst
1834 2146 37 22 the

1287 2178 61 22 wool.
1386 2178 75 23 When
1479 2178 36 23 the
1529 2183 50 26 part
1593 2178 25 23 of
1634 2178 38 24 the
1684 2186 66 22 cargo
1765 2183 23 19 to
1800 2178 72 24 which

1286 2218 31 15 we
1329 2211 57 23 have
1397 2211 77 23 before
1491 2211 90 23 alluded
1594 2219 45 16 was
1657 2212 67 30 being
1734 2212 137 30 unshipped,

1286 2251 32 15 we
1328 2251 58 16 were
1399 2245 115 30 surprised
1526 2249 22 18 to
1560 2245 49 23 find
1626 2245 50 23 that
1687 2245 37 23 the
1736 2246 73 30 major
1821 2249 51 26 part

1287 2277 24 22 of
1327 2276 40 24 the
1377 2277 63 24 bales
1459 2277 44 24 had
1515 2282 40 19 not
1570 2278 60 23 been
1644 2278 99 30 pressed,
1763 2279 41 22 but
1816 2286 56 15 were

1285 2310 24 22 in
1321 2310 38 24 the
1376 2318 63 16 same
1457 2315 57 19 state
1533 2319 25 15 as
1569 2311 66 23 when
1656 2312 98 30 brought
1766 2311 64 24 down
1849 2312 23 23 in

1286 2343 37 23 the
1346 2343 68 31 drays
1435 2345 59 22 from
1517 2343 38 24 the
1574 2345 103 23 interior.
1725 2345 53 23 The
1806 2344 66 31 Lady

1285 2376 86 31 Raffles
1390 2385 45 15 was
1454 2381 23 19 to
1489 2378 56 22 have
1562 2383 43 26 put
1622 2382 24 18 to
1664 2385 38 16 sea
1713 2386 30 15 on
1762 2378 94 31 Sunday
1864 2387 6 20 ;

1286 2410 39 23 she
1337 2409 44 24 had
1393 2411 87 23 several
1491 2418 143 24 passengers,
1647 2411 54 23 both
1714 2412 24 22 in
1749 2411 66 23 cabin
1827 2411 45 24 and

1287 2447 108 26 steerage.
1440 2444 51 23 Her
1508 2445 99 30 position
1628 2444 35 24 for
1682 2444 71 31 being
1767 2444 75 24 raised
1853 2445 19 23 is

1285 2484 54 23 very
1350 2477 138 29 favourable,
1501 2477 44 24 and
1557 2478 64 23 there
1633 2478 19 22 is
1665 2477 56 24 little
1734 2477 70 24 doubt
1815 2478 57 29 that,

1286 2510 29 31 by
1325 2511 95 30 passing
1431 2519 14 15 a
1458 2510 64 24 chain
1541 2510 72 24 under
1634 2510 40 24 her
1686 2515 70 25 stern,
1769 2511 54 23 with
1835 2512 37 23 the

1287 2544 124 23 assistance
1423 2544 26 23 of
1463 2543 61 32 large
1542 2545 91 29 barges,
1652 2545 18 22 it
1687 2552 53 23 may
1757 2545 28 22 be
1804 2545 68 30 easily

1287 2576 99 24 effected.
1388 2589 33 5 —
1423 2574 91 33 Sydney
1525 2576 102 24 Hearld.

1319 2619 51 23 The
1529 2620 147 24 information
1694 2620 21 23 is
1727 2620 71 24 taken
1816 2620 57 24 from

1287 2660 37 23 the
1335 2658 91 33 Sydney
1439 2657 95 27 Herald
1551 2660 25 23 of
1595 2660 38 24 the
1653 2660 57 24 26th
1726 2660 92 29 March,
1830 2660 43 24 and

1287 2708 31 16 we
1336 2700 97 24 believe
1445 2702 20 22 is
1485 2700 111 31 tolerably
1607 2705 94 19 correct.
1740 2700 24 24 It
1781 2709 51 22 may
1841 2701 32 23 -be

1288 2740 47 24 well
1347 2745 22 19 to
1388 2741 94 24 observe
1493 2741 49 23 that
1554 2741 39 23 the
1604 2741 127 30 triangular
1742 2741 95 28 beacon,
1852 2745 21 19 to

1287 2780 73 24 which
1370 2781 115 24 reference
1502 2781 20 23 is
1540 2781 75 29 made,
1628 2781 42 23 has
1684 2781 59 23 been
1753 2781 83 28 blown,
1850 2789 25 16 or

1287 2821 40 23 has
1334 2821 103 24 tumbled
1449 2821 71 29 down,
1531 2821 45 23 and
1588 2829 25 15 as
1625 2825 39 27 yet
1674 2828 30 16 no
1716 2825 159 26 arrangement

1289 2861 41 23 has
1347 2861 60 23 been
1418 2861 66 24 made
1493 2861 36 23 for
1545 2861 31 23 its
1587 2861 137 23 re-erection
1724 2874 35 5 —
1760 2861 86 31 though
1856 2861 19 23 it

1287 2901 19 23 is
1313 2901 65 30 sadly
1385 2901 94 24 needed.
1497 2901 146 32 Experience
1650 2901 41 23 has
1703 2901 80 31 taught
1790 2909 26 15 us
1826 2901 49 23 that

1288 2939 37 23 the
1343 2940 96 22 circular
1455 2940 84 23 beacon
1555 2940 26 23 in
1599 2940 84 23 certain
1699 2940 119 30 positions,
1831 2939 44 24 and

1289 2988 31 16 we
1331 2984 92 27 suspect
1444 2980 46 24 also
1509 2984 23 19 at
1553 2980 67 24 dawn
1632 2980 25 23 of
1666 2980 43 31 day
1720 2987 44 16 can
1778 2980 29 23 be
1821 2987 53 16 seen

1287 3021 73 23 better
1371 3020 56 24 than
1437 3020 38 24 the
1486 3020 127 31 triangular
1623 3021 84 23 beacon
1716 3028 43 15 can
1770 3020 29 22 be
1811 3027 61 16 seen.

1288 3061 48 24 The
1348 3068 82 16 reason
1443 3061 25 24 of
1477 3061 76 23 which
1564 3061 29 29 is,
1606 3060 50 24 that
1666 3060 63 24 there
1742 3061 21 22 is
1774 3067 29 15 no
1814 3059 60 24 back

1287 3100 94 33 ground,
1402 3101 66 23 while
1486 3109 14 15 a
1518 3100 87 24 beacon
1628 3108 30 15 on
1677 3100 38 23 the
1736 3099 136 24 Pencarrow

1289 3141 66 24 Head
1367 3145 61 20 must
1440 3148 51 16 ever
1507 3140 70 24 suffer
1588 3140 59 24 from
1659 3140 37 22 the
1708 3140 164 22 circumstance

1288 3181 24 24 of
1324 3180 38 24 the
1373 3180 58 31 high
1444 3188 70 24 range
1526 3180 25 24 of
1564 3180 54 23 hills
1635 3178 154 32 immediately
1799 3180 24 22 in
1840 3180 33 22 its

1287 3228 48 17 rear
1344 3230 6 19 ;
1364 3221 25 23 in
1400 3228 153 24 consequence
1568 3220 25 23 of
1610 3219 72 24 which
1699 3227 35 15 we
1752 3219 81 24 should
1845 3219 28 24 be

1287 3260 98 25 inclined
1403 3265 23 19 to
1437 3262 100 22 increase
1549 3260 39 24 the
1593 3260 54 23 'size
1666 3259 44 23 and
1728 3260 110 22 elevation
1851 3259 24 23 of

1287 3301 37 24 the
1337 3301 96 23 circular
1445 3301 91 29 beacon,
1549 3300 44 24 and
1605 3299 68 25 make
1683 3300 18 22 it
1712 3307 15 15 a
1739 3299 70 31 really
1818 3307 54 15 con-

1287 3342 106 31 spicuous
1405 3342 82 31 object.

1328 3382 73 24 Port
1429 3382 196 24 Nicholson.—
1625 3380 54 24 Two
1712 3380 55 23 land
1795 3380 77 23 marks

1287 3415 56 24 have
1361 3415 102 30 recently
1479 3415 59 23 been
1557 3414 90 23 erected
1666 3418 25 19 at
1709 3413 46 24 and
1771 3420 55 16 near
1834 3413 38 22 the

1287 3453 106 19 entrance
1404 3448 26 23 of
1445 3448 37 23 the
1490 3452 60 27 port.
1592 3447 52 23 The
1661 3454 43 16 one
1715 3447 21 22 is
1748 3446 132 30 triangular'

1287 3481 44 24 and
1339 3481 70 23 about
1426 3483 33 22 50
1475 3481 47 23 feet
1539 3480 72 31 high;
1633 3480 39 23 the
1690 3479 65 24 other
1772 3479 20 23 is
1810 3486 62 16 com-

1286 3514 70 32 posed
1368 3514 27 24 of
1408 3514 68 23 oasks
1494 3518 37 19 set
1548 3521 31 16 on.
1597 3512 52 29 end,
1670 3513 19 22 is
1707 3512 71 23 about
1792 3511 80 24 fifteen

1286 3549 46 22 feet
1341 3547 64 31 high,
1419 3546 44 25 and
1473 3547 42 23 has
1526 3554 15 15 a
1550 3545 104 32 flagstaff
1661 3545 94 23 thereon
1764 3543 26 25 of
1804 3544 69 24 about

1286 3585 84 26 twenty
1381 3580 46 24 feet
1437 3580 63 31 high.
1546 3579 63 24 Both
1627 3586 46 22 are,
1685 3577 92 31 painted
1795 3577 74 24 white.

1287 3614 50 23 The
1346 3613 86 24 former
1449 3613 21 23 is
1483 3621 30 15 on
1524 3612 38 24 the
1579 3616 56 24 east,
1653 3611 44 23 and
1712 3610 40 24 the
1764 3610 68 24 latter
1842 3618 30 16 on

1286 3646 38 24 the
1341 3651 58 18 west
1413 3646 48 23 side
1480 3646 25 23 of
1520 3646 40 23 the
1674 3643 53 24 The
1746 3643 125 31 triangluar

1285 3680 87 23 beacon
1382 3680 20 22 is
1415 3679 88 23 erected
1512 3685 62 24 upon
1591 3685 15 15 a
1621 3677 63 32 point
1693 3677 27 23 of
1733 3676 55 24 land
1800 3677 72 23 called

1287 3713 136 23 Pencarrow
1445 3711 75 28 Head,
1542 3710 75 24 which
1635 3710 21 23 is
1674 3710 69 23 about
1760 3712 53 21 200-
1826 3710 46 24 feet

1286 3746 71 24 above
1368 3745 39 24 the
1415 3744 58 24 level
1484 3743 26 25 of
1517 3743 40 25 the
1567 3751 40 16 sea
1615 3752 6 20 ;
1633 3743 40 23 the
1684 3742 97 24 circular
1787 3743 85 24 beacon

1285 3779 21 23 is
1318 3785 30 17 on
1359 3778 38 24 the
1408 3777 86 24 loftiest
1499 3777 66 31 point
1577 3783 30 17 on
1618 3776 38 23 the
1666 3775 65 25 other
1740 3776 48 24 side
1799 3776 26 24 of
1834 3776 38 25 the

1286 3815 107 20 entrance
1403 3815 25 19 to
1445 3810 37 23 the
1499 3814 61 27 port,
1581 3810 45 23 and
1644 3810 19 22 is
1682 3809 70 24 about
1769 3811 48 23 500
1826 3810 47 24 feet

1285 3844 72 23 above
1364 3844 38 23 the
1412 3843 58 24 level
1481 3843 27 23 of
1521 3842 39 24 the
1569 3850 48 17 sea.
1663 3843 52 23 The
1730 3843 51 23 first
1792 3843 80 23 named

1285 3878 28 28 is,
1325 3876 112 29 however,
1449 3876 31 31 by
1491 3876 35 24 far
1537 3876 39 23 the
1586 3876 40 23 the
1640 3879 59 20 most
1719 3880 109 27 apparent
1849 3880 23 18 at

1286 3916 46 23 sea,
1353 3909 45 25 and
1418 3908 81 25 shonld
1516 3909 164 31 consequently
1698 3909 31 22 be
1751 3908 82 31 sought
1847 3909 25 22 in

1287 3943 129 31 preference
1428 3943 29 30 by
1469 3943 36 23 the
1527 3943 105 23 mariner.
1666 3959 3 4 -
1679 3941 50 23 The
1750 3942 122 30 triangular

94 2816 98 25 Extract
210 2816 57 23 from
283 2816 39 24 the
341 2816 66 24 letter
425 2816 25 24 of
464 2825 14 16 a
490 2825 85 23 person
594 2818 48 23 who

64 2856 33 24 eft
109 2856 47 23 this
167 2855 65 32 place
249 2855 33 24 for
301 2855 102 31 Sydney,
416 2856 23 23 in
460 2856 40 24 the
518 2856 124 25 American

60 2895 51 32 ship
122 2894 75 25 Black
211 2894 112 25 Warrior.

60 2936 174 32 George-street
244 2935 158 30 Parramatta,.
406 2936 57 23 New
471 2936 75 24 South
558 2936 84 30 Wales,

242 2968 82 24 March
336 2971 39 26 23,
390 2971 73 23 1842.

93 3009 152 25 Respected
253 3008 146 29 Friend,—
430 3009 16 15 *
480 3010 16 15 *
531 3009 15 16 *
579 3011 16 15 *
628 3010 15 17 *

60 3042 44 25 We
115 3043 45 32 beg
170 3042 39 23 the
220 3046 130 27 acceptance
362 3042 26 23 of
402 3042 64 24 these
483 3043 44 24 few
537 3043 59 24 lines
607 3044 35 23 in-

60 3075 99 33 forming
178 3083 44 24 you
241 3075 24 23 of
285 3082 42 16 our
347 3075 96 30 welfare,
464 3083 25 16 as
510 3076 65 24 those
594 3077 48 23 who

35 3122 10 22 I
61 3108 40 24 left
120 3109 59 24 New
200 3108 97 24 Zealand
315 3112 25 19 at
358 3108 38 24 the
417 3116 63 16 same
500 3110 70 28 time;
590 3117 24 16 as
628 3110 14 24 I

61 3141 65 25 know
139 3143 24 23 of
172 3149 30 16 no
213 3142 71 23 better
294 3142 108 23 criterion
412 3141 35 24 for
456 3141 77 25 others
540 3147 23 19 to
572 3143 71 32 judge

62 3174 25 23 of
101 3175 37 24 the
151 3179 56 20 state
226 3175 24 23 of
264 3183 13 15 a
289 3175 76 31 -place,
379 3175 54 24 than
452 3175 31 31 by
489 3188 6 14 r
496 3175 108 31 knowing
621 3177 24 23 of

62 3208 37 23 the
111 3216 90 16 success
211 3208 26 24 of
250 3208 65 24 those
328 3208 51 24 who
397 3208 125 30 emigrated
540 3209 83 24 thither
633 3218 7 20 ;

62 3241 44 23 and
122 3242 26 23 of
171 3241 38 24 the
229 3242 76 23 twelve
332 3241 97 24 families
450 3241 51 24 that
524 3241 43 24 left
586 3242 56 23 Port

62 3273 126 25 Nicholson
205 3274 63 24 three
287 3282 38 16 are
343 3274 106 25 returned
466 3278 25 20 to
511 3274 130 31 Auckland,

64 3314 42 16 one
115 3308 21 22 is
147 3315 58 24 gone
216 3312 22 19 to
249 3308 52 24 Van
316 3308 120 24 Dieraan's
448 3308 77 30 Land,
537 3308 45 24 and
593 3308 50 24 four

53 3351 4 8 •
64 3347 38 15 are
118 3347 59 24 gone
193 3341 47 23 into
259 3342 36 23 the
317 3342 95 24 interior
433 3342 28 23 of
481 3342 40 23 the
539 3345 101 28 country.

65 3371 50 23 The
123 3380 78 23 young
215 3374 21 23 T
313 3375 14 23 I
346 3375 58 24 have
420 3379 42 20 not
476 3374 71 25 heard
560 3375 30 29 of,
602 3383 40 16 nor

65 3404 24 24 N
173 3405 37 24 the
228 3412 121 27 carpenter.
391 3408 44 24 We
456 3416 40 16 are
517 3408 76 24 where
609 3416 33 16 we

64 3436 45 25 had
118 3438 57 30 long
184 3438 85 25 desired
278 3445 23 19 to
320 3441 35 29 he,
368 3441 55 24 with
441 3441 39 24 the
491 3441 67 24 other
569 3449 72 16 mem-

64 3470 51 24 bers
127 3471 26 23 of
169 3470 20 23 L
254 3472 18 24 's
287 3473 88 32 family,
388 3475 43 23 and
442 3482 44 16 one
504 3475 21 24 is
543 3482 59 24 gone
618 3479 23 20 to

65 3511 46 16 sea.
155 3502 15 25 I
189 3509 79 19 cannot
282 3514 40 23 say
341 3507 51 24 how
412 3508 38 23 the
469 3508 79 23 others
569 3508 73 32 might

65 3543 98 25 approve
174 3536 25 23 of
212 3536 37 25 the
264 3538 92 32 change,
367 3541 42 23 but
423 3542 37 23 for
470 3549 41 24 my
522 3545 58 28 part,
590 3542 21 24 if
623 3542 19 23 it

64 3577 57 17 were
140 3568 164 33 onlypersonal
322 3575 191 23 accommodation
531 3575 15 24 I
557 3574 45 24 had
618 3579 23 20 to

64 3603 75 32 study,
151 3602 15 25 I
176 3602 46 23 had
231 3603 66 24 much
316 3604 76 26 rather
410 3607 45 24 live
473 3608 25 23 in
514 3608 58 24 New
583 3608 59 24 Zea-

63 3636 53 24 land
124 3645 7 20 ;
149 3636 37 24 for
196 3636 38 23 the
245 3641 98 19 extreme
358 3638 52 25 heat
423 3640 25 23 of
463 3640 47 24 this
522 3641 88 24 climate
621 3641 21 24 is

63 3669 31 31 by
101 3677 30 16 no
142 3676 79 17 means
233 3670 115 30 congenial
367 3675 22 19 to
408 3672 65 24 those
489 3674 51 23 who
550 3674 58 24 have
618 3678 24 20 to

64 3702 62 24 work
145 3703 36 23 for
198 3702 58 23 their
273 3702 87 31 living;
385 3705 44 23 and
448 3714 26 15 as
493 3711 24 19 to
538 3716 15 15 a
570 3708 72 23 better

64 3735 82 32 supply
156 3735 26 23 of
195 3735 127 30 vegetables
334 3735 12 24 I
358 3744 37 17 am
405 3738 62 31 quite
478 3739 163 32 disappointed,

63 3768 35 23 for
109 3768 86 31 though
203 3775 33 17 we
246 3768 56 24 have
309 3769 105 30 gardens,
424 3772 101 32 scarcely
533 3773 110 32 anything

64 3801 43 23 will
125 3808 63 24 grow
204 3802 25 23 in
247 3801 61 24 them
329 3801 38 25 the
389 3809 95 27 country
501 3806 21 23 is
545 3814 25 15 so
592 3806 48 31 dry.

65 3832 72 33 Many
147 3842 15 16 a
173 3834 53 24 time
238 3834 56 24 have
305 3834 15 25 I
339 3835 85 24 wished
440 3837 36 23 for
494 3846 14 15 a
527 3839 82 31 supply
620 3840 24 23 of

66 3865 36 25 the
112 3871 102 27 potatoes
226 3867 42 24 and
278 3869 91 30 turnips
380 3869 25 23 of
419 3869 59 24 Port
489 3870 54 25 Nic.
578 3872 64 24 Meat

63 3898 21 23 is
95 3900 154 31 considerably
258 3900 102 32 cheaper,
372 3902 43 24 and
428 3910 36 22 sp,,
465 3910 46 23 are.
515 3903 38 25 the
563 3912 78 17 means

64 3931 26 24 of
108 3932 177 32 purchasing.it,
308 3935 33 23 for
360 3935 54 24 her*
431 3943 39 16 are
485 3937 61 33 sucl^
561 3945 14 16 a
595 3943 48 18 vast
