2550 4020
868 43 794 77 SUPPLEMENT

1180 161 62 34 TO
1268 160 110 35 THE

70 231 215 61 NEW
311 232 429 56 ZEALAND
769 228 411 60 GAZETTE
1210 227 55 56 &
1284 225 631 57 WELLINGTON
1936 225 538 58 SPECTATOR.

2015 357 393 44 [Non-Subscribers,
2427 362 47 31 Is.

67 366 145 34 Gratis
231 376 47 23 to
297 364 290 44 Subscribers.]

713 361 138 36 PORT
877 359 315 40 NICHOLSON,
1217 358 346 42 WEDNESDAY,
1589 359 117 34 MAY
1732 360 55 39 11,
1815 359 100 33 1842.

1286 472 127 29 Nicholson,
1432 481 59 21 upon
1512 474 38 21 the
1569 473 131 22 south-west
1717 473 47 22 side
1783 473 27 21 of
1830 472 38 22 the

1284 499 60 22 river
1361 500 109 22 Porerooa
1479 503 28 23 to.
1517 500 65 22 Teeti
1599 500 55 27 Bay,
1664 500 59 22 from
1741 500 63 22 Teeti
1820 499 49 27 Bay

1284 526 123 24 south-east
1418 527 31 27 by
1458 531 48 17 east
1521 531 24 17 to
1561 527 38 21 the
1614 526 66 22 south
1693 526 87 22 branch
1794 526 26 22 of
1831 526 37 21 the

1285 552 109 22 Porerooa
1403 554 65 21 river.
1498 554 118 26 (Contents
1625 556 40 18 not
1674 553 89 26 stated.)

1311 579 96 28 Alleged
1415 583 22 19 to
1446 580 58 22 have
1518 580 58 22 been
1590 579 126 28 purchased
1724 580 23 21 in
1764 578 102 28 October,

1285 606 60 26 1839,
1364 605 57 23 from
1441 607 74 27 Rangi
1533 606 59 27 Ako,
1609 606 78 27 Rungi
1705 606 70 25 Hero,
1795 606 74 26 Rangi

1285 632 70 26 Hitei,
1364 632 115 28 Rupterra,
1488 633 52 27 Aki,
1549 632 92 27 Arangi,
1651 632 63 26 Eovi,
1723 632 46 22 and
1776 632 91 27 Epokie,

1286 658 68 23 chiefs
1368 660 25 21 of
1403 660 38 22 the
1456 659 117 23 Natti-ava
1588 659 44 22 and
1648 659 74 22 Caffea
1737 658 86 26 Tribes,
1840 658 29 28 by

1285 685 152 23 Mr.'William
1446 686 61 27 Hay,
1518 686 50 22 who
1582 686 49 21 sold
1644 693 14 14 a
1666 685 64 22 tenth
1738 689 51 24 part
1798 686 25 21 of
1832 684 35 23 his

1284 712 89 21 interest
1382 715 22 19 to
1415 713 113 21 claimant.

1312 739 165 22 Consideration
1486 739 24 22 in
1519 738 38 23 the
1566 738 49 23 first
1623 738 106 28 instance,
1738 738 89 22 various
1834 745 34 15 ar-

1284 764 63 23 ticles
1364 766 25 21 of
1399 765 155 22 merchandize
1569 768 23 19 to
1608 768 38 19 the
1660 768 91 19 amount
1768 766 25 21 of
1808 765 60 22 £378

1285 792 96 26 sterling,
1397 792 35 22 for
1447 792 37 22 the
1500 792 69 22 entire
1585 792 117 28 purchase,
1717 792 46 22 and
1778 792 50 22 £40
1843 792 24 21 in

1286 818 59 27 cash,
1356 818 44 22 and
1408 818 68 27 goods
1486 818 72 23 stated
1567 821 22 19 to
1599 818 56 22 have
1663 819 59 22 been
1732 819 61 22 since
1803 818 65 27 given

1285 848 23 18 to
1317 844 38 22 the
1365 845 84 22 natives
1458 846 30 26 by
1498 845 38 22 the
1546 845 114 22 claimant.

1312 871 85 22 Nature
1413 872 26 21 of
1449 879 141 19 conveyance
1591 882 29 5 —
1620 872 121 22 Indenture
1756 870 27 23 of
1798 871 71 22 Feoff-

1286 901 62 19 ment
1357 901 21 19 to
1389 898 43 23 Mr.
1443 898 60 27 Hay,
1515 898 68 22 dated
1591 898 38 22 the
1643 898 39 23 9th
1692 898 104 27 October,
1808 900 59 20 1839.

1312 925 55 21 Case
1377 925 43 22 No.
1431 925 46 27 187,
1489 925 40 27 (6).
1549 924 62 23 John
1622 925 95 22 Jenkins
1728 924 107 28 Peacock,
1846 924 25 22 of

1286 951 96 27 Sydney,
1392 951 123 28 Merchant,
1527 952 102 21 claimnnt
1639 953 21 19 in
1665 954 61 24 part.

1312 978 40 22 All
1361 978 46 22 that
1418 978 62 28 land,
1491 979 82 22 known
1589 978 31 28 by
1629 978 38 22 the
1682 985 66 15 name
1764 978 26 21 of
1801 978 67 21 Pore-

1286 1012 60 16 rooa,
1356 1004 56 23 from
1422 1005 38 22 the
1474 1005 73 27 rocks,
1557 1012 63 20 upon
1635 1005 37 22 the
1686 1005 124 22 north-east
1821 1004 46 22 side

1285 1031 26 22 of
1321 1028 37 25 tHe
1368 1032 59 21 river
1439 1032 118 27 Porerooa,
1568 1032 72 22 called
1656 1032 119 26 Kicketoa,
1791 1031 76 22 north-

1286 1062 46 17 east
1346 1058 38 26 by,
1388 1060 66 20 north
1470 1059 27 22 30
1511 1058 75 28 miles;
1608 1058 43 23 and
1665 1058 106 23 bounded
1788 1062 23 18 to
1830 1058 37 21 the

1285 1088 48 19 east
1345 1084 31 27 by
1389 1093 13 14 a
1411 1092 68 20 range
1495 1085 31 25 of.
1536 1092 76 20 snowy
1629 1086 128 31 mountains
1764 1093 6 19 ;
1791 1088 23 19 to
1831 1084 37 23 the

1285 1111 65 22 south
1357 1112 31 27 by
1398 1119 14 14 a
1420 1119 67 19 range
1498 1112 25 21 of
1533 1112 51 22 hills
1601 1112 62 22 three
1676 1112 64 22 miles
1749 1112 57 21 from
1816 1112 53 21 Port

1285 1138 129 27 Nicholson,
1421 1145 60 19 upon
1491 1138 37 21 the
1538 1138 130 23 south-west
1676 1138 47 23 side
1733 1138 26 22 of
1766 1138 38 22 the
1810 1138 59 22 river

1285 1165 110 22 Porerooa
1404 1168 23 19 to
1434 1165 62 22 Teeti
1510 1165 49 27 Bay
1566 1173 5 19 ;
1586 1165 58 22 from
1658 1165 63 22 Teeti
1735 1166 48 26 Bay
1793 1165 76 22 south-

1286 1195 46 18 east
1341 1192 30 26 by
1380 1194 52 25 east,
1443 1195 24 18 to
1481 1191 38 22 the
1535 1191 64 22 south
1614 1192 84 22 branch
1712 1192 26 21 of
1748 1192 38 21 the
1802 1192 67 21 Pore-

1284 1225 54 15 rooa
1347 1218 64 22 river.
1440 1218 117 27 (Contents
1566 1222 42 18 not
1617 1218 88 28 stated).

1312 1245 96 27 Alleged
1416 1248 23 19 to
1457 1244 57 22 have
1529 1244 57 22 been
1594 1244 125 28 purchased
1728 1245 23 21 in
1764 1244 103 26 October,

1285 1273 61 25 1839,
1361 1272 57 21 from
1439 1271 73 27 Rangi
1527 1271 59 27 Ako,
1609 1271 75 28 Rangi
1703 1271 70 27 Hero,
1796 1272 73 26 Rangi

1285 1298 70 27 Hitei,
1373 1299 117 27 Rupterra,
1511 1297 46 22 Aki
1573 1298 92 27 Arangi,
1686 1298 63 26 Eovi,
1775 1298 92 26 Epokie,

1285 1325 74 22 Chiefs
1375 1326 26 21 of
1415 1325 38 22 the
1471 1323 118 23 Natti-ava
1606 1326 43 20 and
1661 1324 74 22 Caffea
1750 1324 74 26 tribes,
1839 1325 29 26 by

1286 1352 44 22 Mr.
1347 1351 98 23 William
1464 1350 60 28 Hay,
1542 1350 49 23 who
1605 1351 48 22 sold
1672 1359 14 14 a
1703 1351 64 22 tenth
1783 1354 52 24 part
1847 1351 26 21 of

1285 1379 34 22 his
1329 1379 91 22 interest
1429 1381 22 19 to
1462 1377 113 22 claimant.

1312 1405 166 22 Consideration
1496 1404 23 21 in
1539 1404 37 22 the
1592 1403 47 23 first
1655 1404 108 26 instance,
1782 1404 88 21 various

1285 1432 86 22 articles
1381 1432 25 21 of
1417 1430 160 28 merchandise,
1589 1434 23 19 to
1622 1431 39 22 the
1669 1434 90 19 amount
1769 1431 26 21 of
1809 1431 60 23 £378

1284 1459 98 27 sterling,
1392 1459 35 22 for
1442 1458 38 21 the
1496 1457 72 22 entire
1582 1458 108 26 purchase
1696 1466 6 19 ;
1723 1458 44 21 and
1785 1458 49 23 £40
1847 1458 23 21 in

1286 1486 52 21 cash
1348 1486 43 21 and
1399 1486 25 21 in
1437 1484 76 28 goods,
1531 1484 72 22 stated
1618 1488 22 18 to
1657 1484 57 23 have
1734 1485 58 22 been
1811 1485 59 21 since

1284 1513 66 27 given
1357 1516 23 19 to
1388 1512 39 22 the
1436 1512 93 21 Natives
1538 1511 31 27 by
1578 1510 111 23 claimant.

1312 1540 83 21 Nature
1406 1540 25 21 of
1441 1545 143 20 conveyance
1585 1549 28 4 —
1615 1538 123 22 Indenture
1754 1538 26 21 of
1799 1537 71 22 FeofF-

1285 1569 63 19 ment
1357 1570 21 18 to
1388 1566 45 22 Mr.
1444 1566 59 26 Hay,
1515 1564 67 22 dated
1592 1565 39 22 the
1643 1566 39 23 6th
1698 1565 97 22 October
1809 1566 61 20 1839.

1313 1594 56 21 Case
1378 1593 44 22 No.
1432 1594 46 21 191.
1479 1603 28 3 —
1508 1591 117 22 Frederic
1637 1592 127 26 Peterson,
1776 1591 25 22 of
1815 1591 56 27 Syd-

1286 1628 50 20 ney,
1348 1620 123 26 Merchant,
1484 1620 105 20 claimant.

1312 1648 82 26 23,040,
1421 1645 165 28 Twenty-three
1611 1644 111 23 thousand
1745 1645 46 21 and
1812 1644 60 27 forty

1286 1682 69 18 acres,
1366 1681 60 15 more
1435 1681 25 14 or
1468 1672 49 27 less,
1529 1672 66 26 being
1605 1672 30 21 all
1645 1671 48 22 that
1700 1672 63 27 piece
1768 1679 26 14 or
1798 1671 73 28 parcel

1287 1702 25 21 of
1323 1701 53 22 land
1390 1700 80 22 situate
1533 1699 38 21 the
1588 1698 72 22 North
1680 1698 76 22 Island
1770 1698 26 22 of
1815 1698 55 22 New

1286 1728 106 26 Zealand,
1402 1727 23 22 in
1437 1726 79 23 Cook's
1527 1726 84 26 Straits,
1622 1726 64 26 lying
1692 1724 180 23 east-south-east

1285 1755 58 21 from
1361 1755 37 21 the
1417 1753 104 22 southern
1536 1753 63 25 point
1613 1752 26 21 of
1655 1752 82 28 Kapiti,
1758 1759 25 14 or
1802 1752 69 26 Entry

1287 1781 82 27 Island,
1381 1780 45 23 and
1439 1780 82 22 known
1536 1779 32 27 by
1583 1779 37 22 the
1637 1786 65 15 name
1717 1780 25 21 of
1763 1778 107 27 Wainuri,

1286 1816 14 14 a
1309 1808 64 22 small
1382 1808 57 21 river
1449 1807 26 21 of
1486 1806 59 22 fresh
1557 1809 66 18 water
1630 1806 98 26 running
1733 1806 47 21 into
1791 1806 80 21 Cook's

1287 1835 82 27 Straits,
1381 1834 37 22 the
1427 1833 48 22 said
1489 1832 75 28 parcel
1581 1833 26 21 of
1622 1832 54 22 land
1691 1832 123 28 extending
1829 1839 41 15 one

1286 1862 53 22 mile
1348 1862 100 26 frontage
1458 1865 22 16 to
1489 1860 38 21 the
1536 1860 66 21 north
1612 1859 25 22 of
1648 1860 37 21 the
1700 1859 77 22 mouth
1793 1859 25 22 of
1834 1859 36 22 the

1286 1889 47 22 said
1343 1888 65 26 river,
1418 1887 45 22 and
1472 1886 99 27 running
1585 1890 47 17 east
1646 1886 78 22 twelve
1742 1886 69 26 miles,
1828 1886 42 21 and

1286 1916 45 21 also
1347 1918 43 19 two
1405 1914 63 22 miles
1486 1914 102 26 frontage
1608 1916 21 18 to
1649 1913 36 21 the
1704 1913 65 22 south
1789 1913 25 21 of
1834 1913 36 21 the

1286 1942 78 22 mouth
1390 1942 25 21 of
1434 1941 37 21 the
1489 1940 47 21 said
1555 1947 65 18 river,
1641 1940 45 21 and
1709 1939 97 27 running
1825 1944 47 17 east

1286 1970 78 21 twelve
1373 1968 62 22 miles
1444 1968 56 21 from
1509 1966 38 22 the
1557 1966 70 22 beach
1637 1967 25 20 of
1670 1966 79 22 Cook's
1759 1966 84 21 Straits.

1314 1995 95 28 Alleged
1417 1998 22 19 to
1456 1994 56 21 have
1528 1993 57 21 been
1601 1992 123 28 purchased
1735 1993 24 21 in
1773 1993 98 22 Novem-

1286 2024 45 24 ber,
1343 2024 59 24 1839,
1420 2022 57 21 from
1491 2020 38 22 the
1549 2019 83 22 Native
1650 2020 74 21 Chiefs
1743 2021 23 20 A
1786 2020 86 21 Houlo-

1287 2048 76 23 mo'ulh
1373 2048 45 22 and
1427 2048 22 21 A
1459 2047 46 22 Pie.

1314 2075 172 26 Consideration,
1501 2073 88 22 various
1603 2072 87 23 articles
1705 2072 26 23 of
1742 2072 138 22 'merchant--

1287 2103 53 25 disc,
1351 2102 65 22 value
1423 2104 40 19 not
1471 2100 79 21 stated.

1312 2130 85 21 Nature
1413 2128 25 21 of
1455 2133 140 20 conveyance
1596 2137 29 4 —
1626 2126 63 21 Deed
1705 2126 24 21 of
1748 2125 125 22 Feoffment

1288 2159 22 19 to
1320 2155 110 27 claimant,
1442 2153 68 22 dated
1519 2155 33 20 lit
1562 2153 134 26 November,
1708 2154 62 20 1839.

1315 2183 54 22 Case
1379 2182 44 22 No.
1434 2182 47 21 191.
1493 2180 31 27 (a)
1527 2191 28 4 —
1555 2180 134 21 Frederick
1705 2180 128 26 Peterson,
1849 2179 27 21 of

1288 2210 95 28 Sydney,
1395 2207 126 26 Merchant,
1535 2208 106 20 claimant.

1315 2236 38 22 All
1374 2236 49 21 that
1442 2234 84 27 Island,
1547 2234 82 21 known
1650 2232 31 28 by
1703 2232 38 23 the
1764 2240 66 14 name
1849 2232 26 22 of

1288 2263 103 23 Korarro.
1402 2261 93 22 situated
1503 2265 25 17 at
1535 2261 38 22 the
1591 2264 102 19 entrance
1710 2260 26 21 of
1751 2259 38 22 the
1804 2260 69 21 River

1279 2290 2 31 j
1288 2290 96 27 Pelorus,
1394 2289 24 21 in
1425 2288 79 22 Cook's
1511 2288 84 21 Straits.
1611 2288 117 26 (Contents
1735 2290 40 18 not
1782 2286 88 27 stated.)

1279 2328 2 13 i
1315 2315 94 29 AHeged
1420 2319 21 18 to
1450 2315 57 22 have
1516 2315 57 21 been
1589 2314 123 27 purchased
1726 2314 24 21 in
1768 2314 102 26 October,

1288 2345 60 26 1839,
1357 2344 58 21 from
1423 2343 90 21 Awatta
1522 2342 127 26 Rangatira,
1662 2341 24 22 of
1693 2340 104 22 Korarro.

1315 2369 173 27 Consideration,
1509 2368 53 22 cash
1580 2368 45 22 and
1639 2367 155 23 merchandise
1804 2370 23 19 to
1835 2366 37 23 the

1288 2400 89 20 amount
1386 2397 25 22 of
1422 2396 47 24 £30
1475 2395 98 27 sterling.

1314 2425 86 21 Nature
1415 2424 24 21 of
1456 2429 141 20 conveyance
1600 2433 25 4 —
1627 2420 64 24 Deed
1707 2421 25 22 of
1749 2420 125 23 Feoffinent

1288 2454 22 19 to
1320 2451 112 27 claimant,
1443 2449 67 22 dated
1520 2449 50 22 15th
1580 2449 105 25 October,
1696 2450 61 20 1839.

1315 2479 54 21 Case
1385 2478 42 21 No.
1437 2478 47 21 209.
1496 2476 32 26 (c)
1530 2487 28 4 —
1559 2476 87 21 Henry
1665 2476 80 21 Terry
1756 2475 114 27 Sheldon,

1288 2506 26 21 of
1329 2505 89 27 Sydney
1428 2504 100 21 claimant
1536 2505 24 19 in
1564 2505 60 24 part.

1315 2532 38 22 All
1362 2532 48 21 that
1418 2530 54 23 land
1479 2532 81 20 known
1568 2531 29 26 by
1607 2530 37 21 the
1651 2536 66 15 name
1724 2528 26 22 of
1754 2528 117 26 Porerooa,

1289 2559 56 22 from
1354 2559 37 21 the
1401 2558 64 22 rocks
1480 2565 60 21 upon
1555 2557 37 22 the
1602 2556 125 23 north-east
1742 2555 47 22 side
1799 2556 26 21 of
1835 2556 37 21 the

1289 2586 68 22 River
1373 2586 109 21 Porerooa
1492 2584 71 22 called
1579 2584 114 24 Tiekatoa,
1704 2582 126 23 north-east
1843 2583 30 26 by

1289 2613 66 22 north
1364 2612 68 27 thirty
1441 2612 75 26 miles;
1532 2611 44 22 and
1587 2610 105 22 bounded
1709 2613 21 18 to
1740 2610 38 21 the
1789 2612 46 19 east
1843 2609 31 27 by

1290 2648 13 14 a
1312 2646 68 21 range
1390 2639 25 21 of
1423 2646 76 20 snowy
1508 2638 128 22 mountains
1644 2645 5 19 ;
1665 2639 23 19 to
1698 2636 37 22 the
1745 2636 65 21 south
1819 2636 30 27 by
1860 2643 14 14 a

1290 2674 67 19 range
1366 2667 26 21 of
1397 2666 52 22 hills
1458 2665 62 22 three
1530 2665 64 21 miles
1602 2665 58 21 from
1675 2664 53 21 Port
1741 2662 131 27 Nicholson,

1290 2701 58 21 upon
1359 2693 37 23 the
1406 2694 130 21 south-west
1545 2692 47 21 side
1602 2691 26 22 of
1635 2690 37 23 the
1684 2690 70 22 River
1764 2690 110 21 Porerooa

1291 2725 22 17 to
1322 2721 49 21 Teti
1381 2721 47 26 Bay
1437 2727 6 20 ;
1458 2720 57 21 from
1525 2718 50 23 Teti
1592 2718 47 26 Bay
1649 2717 123 23 south-east
1787 2717 31 26 by
1829 2720 46 18 east

1291 2752 21 17 to
1328 2747 36 22 the
1383 2747 65 22 south
1465 2746 87 22 branch
1571 2745 26 21 of
1613 2745 38 21 the
1670 2744 110 22 Porerooa
1797 2743 76 22 River.

1293 2774 116 27 (Contents
1418 2776 40 20 not
1466 2772 90 27 stated.)

1317 2801 94 27 Alleged
1425 2805 23 17 to
1457 2800 57 22 have
1530 2799 58 22 been
1597 2798 124 28 purchased
1735 2797 24 22 in
1770 2796 103 27 October,

1291 2830 59 25 1839,
1369 2829 58 21 from
1445 2827 75 27 Rangi
1540 2826 58 26 Ako,
1619 2825 73 27 Rangi
1712 2824 71 26 Hero,
1803 2824 73 27 Rangi

1292 2855 68 26 Hitei,
1384 2855 118 28 Rupterra,
1524 2853 52 26 Aki,
1599 2852 70 27 Erow,
1694 2851 94 26 Arangi,
1814 2850 60 28 Eovi,

1291 2881 78 29 Epoki,
1378 2881 70 23 chiefs
1458 2881 25 21 of
1489 2881 38 21 the
1537 2880 117 22 Natti-ava
1663 2878 44 22 and
1717 2878 75 22 Caffea
1801 2878 73 26 tribes,

1291 2910 29 27 by
1330 2909 43 21 Mr.
1384 2909 100 21 William
1498 2907 61 27 Hay,
1569 2906 51 22 who
1632 2905 49 22 sold
1691 2913 13 14 a
1717 2904 63 23 tenth
1794 2908 50 24 part
1853 2904 27 23 of

1291 2936 35 22 his
1334 2936 91 22 interest
1434 2939 23 18 to
1467 2935 37 21 the
1515 2933 111 23 claimant.

1318 2962 173 26 Consideration,
1507 2961 24 21 in
1547 2960 38 22 the
1600 2960 47 22 first
1662 2959 109 26 instance,
1788 2958 89 22 various

1291 2989 87 23 articles
1387 2989 26 21 of
1425 2988 157 23 merchandize
1595 2990 23 18 to
1633 2986 39 22 the
1681 2989 94 19 amount
1784 2985 25 22 of
1816 2986 60 22 £378

1291 3016 97 27 sterling,
1408 3015 35 23 for
1460 3015 39 22 the
1514 3014 71 22 entire
1599 3014 117 27 purchase,
1731 3012 44 22 and
1789 3012 47 22 £40
1853 3012 24 21 in

1293 3043 57 27 cash,
1362 3043 45 22 and
1415 3042 59 28 good
1483 3041 74 23 stated
1565 3044 23 18 to
1598 3041 58 21 have
1667 3041 58 21 been
1735 3040 61 21 since
1809 3039 65 27 given

1293 3074 22 19 to
1325 3070 36 22 the
1370 3069 86 23 natives
1465 3068 155 29 by,claimant.

1319 3097 84 22 Nature
1413 3097 26 22 of
1446 3102 141 20 conveyance
1589 3106 27 3 —
1616 3093 65 23 Deed
1689 3093 26 21 of
1721 3092 125 22 Feoffment
1855 3095 22 18 to

1293 3125 44 22 Mr.
1347 3124 61 27 Hay,
1419 3123 68 23 dated
1495 3123 38 22 9th
1544 3121 104 26 October,
1660 3121 59 21 1839.

1320 3151 54 22 Case
1390 3151 43 21 No.
1444 3152 68 20 229—
1513 3149 84 22 Robert
1610 3147 57 27 Tod,
1678 3147 27 21 of
1717 3146 54 22 Port
1785 3144 92 23 Nichol-

1293 3186 46 18 son,
1349 3177 57 23 New
1413 3177 107 25 Zealand,
1531 3176 108 21 claimant.

1320 3204 37 23 All
1366 3205 48 21 that
1422 3205 63 27 piece
1495 3203 26 22 of
1531 3202 56 23 land
1601 3200 116 29 adjoining
1729 3199 38 22 the
1778 3206 44 19 sea,
1834 3199 45 22 and

1294 3231 95 23 situated,
1401 3234 22 19 to
1439 3231 38 22 the
1487 3230 65 22 south
1561 3229 44 22 and
1619 3228 30 26 by
1658 3231 53 18 west
1721 3226 26 22 of
1759 3226 38 21 the
1808 3224 71 29 Naly-

1294 3266 60 19 away
1365 3258 95 27 Village,
1470 3257 97 26 running
1573 3254 93 29 parallel
1676 3257 22 18 to
1707 3254 38 20 the
1754 3260 38 14 sea
1799 3252 43 22 and
1848 3260 31 20 up

1295 3290 22 18 to
1326 3285 36 22 the
1372 3285 63 27 ridge
1445 3288 23 18 at
1477 3285 37 21 the
1522 3283 67 23 back.
1618 3281 33 22 Its
1660 3280 117 27 boundary
1784 3280 45 21 line
1838 3279 42 22 lies

1295 3316 22 18 to
1326 3312 36 22 the
1373 3312 66 22 north
1448 3311 45 22 and
1502 3311 31 27 by
1542 3313 53 23 east,
1606 3308 46 22 and
1660 3313 141 16 commences
1808 3309 22 18 at
1840 3306 38 21 the

1295 3340 95 21 distance
1398 3339 24 21 of
1429 3335 157 25 five.hundred
1594 3335 43 23 and
1648 3334 101 27 eighteen
1756 3333 45 22 and
1809 3332 72 28 eight-

1294 3365 95 23 twelfths
1399 3365 45 23 feet
1453 3365 58 21 from
1521 3371 14 15 a
1549 3363 47 22 line
1605 3362 76 22 drawn
1695 3360 57 22 from
1763 3360 38 22 the
1811 3360 70 27 Naly-

1295 3400 60 20 away
1364 3392 83 22 church
1462 3395 24 19 to
1495 3391 39 22 the
1543 3396 38 16 sea
1589 3397 5 20 ;
1611 3388 38 22 the
1658 3387 110 22 aforesaid
1783 3393 63 21 piece
1857 3387 27 20 of

1294 3420 51 22 land
1354 3419 54 22 then
1425 3425 113 16 measures
1546 3417 59 22 from
1613 3415 67 22 north
1690 3414 45 22 and
1750 3414 30 27 by
1797 3416 47 19 east
1858 3416 24 18 to

1295 3447 65 23 south
1376 3445 44 23 and
1435 3446 31 27 by
1475 3447 54 20 west
1543 3447 44 19 two
1602 3441 103 23 hundred
1719 3440 45 22 and
1779 3440 102 27 fifty-one

1296 3473 42 23 and
1348 3480 14 14 a
1370 3473 50 21 half
1427 3473 55 25 feet;
1493 3472 19 21 it
1521 3476 111 16 measures
1641 3469 56 21 from
1703 3468 38 22 the
1751 3474 38 14 sea
1796 3471 24 17 at
1827 3466 61 27 high,

1295 3504 67 19 water
1370 3499 65 23 mark
1442 3502 24 18 to
1474 3497 92 28 beyond
1575 3496 38 22 the
1622 3495 62 27 ridge
1693 3494 94 28 parallel
1805 3497 22 17 to
1844 3494 38 20 the

1296 3535 37 14 sea
1347 3530 43 18 two
1404 3525 105 23 hundred
1522 3523 46 23 and
1587 3523 123 33 thirty-two
1726 3521 52 27 feet,
1794 3520 89 21 besides

1296 3552 188 27 comprehending
1502 3551 38 22 the
1558 3550 65 22 shore
1638 3547 64 23 down
1717 3547 80 22 to-low
1815 3549 69 19 water

1297 3579 68 24 mark.
1395 3578 116 28 (Contents
1519 3581 40 18 not
1569 3575 89 27 stated.)
1813 3599 5 5 #

1324 3605 94 28 Alleged
1428 3609 23 18 to
1462 3605 56 22 have
1528 3604 57 22 been
1597 3600 125 29 purchased
1736 3600 32 27 by
1778 3600 107 21 claimant

1297 3635 56 22 from
1363 3634 38 21 the
1410 3632 83 22 Native
1505 3630 66 23 Chief
1579 3630 113 22 Muturoa.

1324 3659 175 26 Consideration,
1520 3657 53 22 cash
1590 3659 22 19 to
1630 3655 38 21 the
1686 3657 94 19 amount
1799 3654 25 21 of
1836 3654 49 23 £12

1290 3687 107 26 -sterling.

1324 3714 85 22 Nature
1428 3712 30 22 of'
1470 3716 141 21 conveyance
1612 3720 28 4 —
1641 3711 64 19 Deed
1723 3711 24 18 to
1769 3711 114 23 claimant,

1298 3741 65 23 dated
1372 3739 41 23 3rd
1423 3739 108 26 January,
1542 3738 61 20 1840.

1324 3768 55 21 Case
1402 3766 45 22 No.
1471 3767 41 20 229
1536 3763 62 27 (a)—
1599 3762 84 22 Robert
1705 3760 56 28 Tod,
1786 3759 23 23 of
1832 3760 55 22 Port

1297 3793 131 26 Nicholson,
1440 3792 56 22 New
1507 3789 108 27 Zealand,
1627 3789 106 20 claimant.

1290 3837 4 5 .
1325 3821 37 22 All
1373 3820 48 22 that
1429 3819 62 28 piece
1499 3825 25 15 or
1533 3817 75 28 parcel
1615 3816 26 22 of
1647 3816 53 22 land
1710 3814 98 22 situated
1817 3814 23 22 in
1847 3814 39 22 the

1297 3848 45 25 flat,
1362 3847 74 22 where
1453 3845 41 22 lies
1514 3844 37 22 the
1571 3843 124 27 Nalyaway
1712 3842 96 27 Church,
1826 3842 59 22 from

1298 3874 71 23 which
1385 3872 82 22 church
1481 3873 19 20 it
1513 3871 65 21 bears
1594 3870 29 27 by
1641 3876 108 20 compass,
1769 3866 46 24 and
1833 3876 53 14 runs

1298 3902 64 26 along
1373 3899 36 23 the
1419 3899 62 26 ridge
1491 3902 23 17 to
1523 3898 38 21 the
1571 3896 131 22 south-west
1710 3896 51 21 half
1767 3895 74 27 south;
1856 3896 30 20 its

1297 3927 115 26 boundary
1422 3926 45 22 line
1477 3932 52 15 rims
1545 3924 132 22 north-west
1692 3922 50 22 half
1754 3922 73 27 north,
1839 3922 46 22 and

705 477 95 28 Alleged
818 480 22 19 to
860 477 57 22 have
938 477 56 23 been
1008 475 125 30 purchased
1150 476 58 22 from
1223 475 36 23 the

677 503 82 23 Native
770 504 75 22 Chief
840 504 20 22 9
854 503 72 28 Rangi
940 504 58 22 Eroa
1014 503 44 23 and
1074 503 70 28 Ngati
1158 503 62 27 Awa,
1234 502 25 21 in

678 531 59 21 June
745 532 61 21 1838.
840 541 2 9 >

706 557 176 27 Consideration,
893 556 156 24 merchandize
1058 559 23 19 to
1092 557 37 22 the
1140 557 86 21 amount
1235 554 26 22 of

679 583 61 24 £110
749 584 97 27 sterling.

704 610 86 22 Nature
800 611 26 21 of
837 618 140 21 conveyance
978 621 26 5 —
1005 614 39 18 not
1053 609 81 24 stated.

705 637 55 22 Case
785 639 39 20 106
833 637 149 23 -—William
1011 637 55 22 Hay
1090 637 45 22 and
1153 635 105 22 William

676 663 108 27 Wrightj
795 663 52 23 both
858 664 26 22 of
895 664 95 27 Sydney,
1002 665 117 20 claimants.

705 690 40 22 All
753 690 49 22 that
810 691 54 22 land
878 691 81 22 known
969 692 28 27 by
1007 691 37 23 the
1054 689 105 24 name-of
1169 687 91 23 Winewi

677 716 92 29 Tapupa
775 725 6 19 ;
797 717 106 23 bounded
917 725 29 14 on
961 718 38 22 the
1009 718 65 22 south
1089 719 31 26 by
1129 716 38 22 the
1185 714 75 27 Rocky

679 743 141 28 Settlement;
837 747 23 19 to
871 745 37 22 the
917 747 56 19 west
977 741 38 31 'by
1025 744 82 23 Cook's
1119 743 82 26 Straits,
1218 740 41 22 and

679 770 123 29 extending
818 771 66 28 along
952 778 37 15 sea
1003 774 61 19 coast
1079 775 23 17 to
1119 770 65 21 Ower
1198 768 62 22 alout

677 796 43 22 five
730 797 74 28 miles;
816 797 122 28 extending
946 797 79 23 inland
1032 799 68 21 about
1105 799 82 23 twenty
1192 794 66 22 miles.

679 824 117 26 (Contents
804 827 38 20 not
850 825 90 26 stated.)

705 851 104 27 Alleged.
811 855 21 18 to
841 851 58 22 have
905 852 57 21 been
971 851 123 28 purchased
1102 851 32 30 by
1141 848 37 22 the
1188 847 71 22 claim-

679 880 48 18 ants
733 878 24 21 in
765 878 103 27 October,
877 880 61 25 1839,
947 877 59 22 from
1011 877 70 27 Eako,
1091 874 109 31 principal
1206 874 57 22 chief

679 904 26 21 of
711 903 36 23 the
758 904 117 22 Natti-ava
885 905 62 21 tribe.

705 931 173 26 Consideration,
887 931 86 22 various
978 929 88 23 articles
1072 929 26 22 of
1101 927 158 27 merchandize,

679 957 64 22 value
753 962 40 18 not
802 957 79 23 stated.

705 984 85 22 Nature
809 985 24 21 of
845 990 142 20 conveyance
988 994 28 5 —
1016 982 66 24 Deed
1096 981 27 23 of
1134 981 124 27 Feoffment,

679 1010 66 22 dated
754 1010 38 22 9th
802 1011 26 21 of
835 1010 103 26 October,
950 1011 60 21 1839.

705 1037 55 21 Case
769 1037 44 22 No.
824 1039 40 20 106
875 1037 69 26 (a.)—
944 1036 99 22 William
1053 1035 54 28 Hay
1116 1034 45 22 and
1166 1034 94 22 William

679 1063 101 27 Wright,-
785 1063 53 22 both
846 1064 26 20 of
879 1063 96 28 Sydney,
986 1064 117 20 claimants.

705 1090 40 21 All
755 1090 47 22 that
810 1090 52 22 land
872 1089 80 23 known
959 1091 29 26 by
994 1089 37 23 the
1039 1097 67 15 name
1115 1088 25 22 of
1148 1088 112 22 Munarow

678 1115 83 23 Tawite
768 1124 6 19 ;
789 1116 107 22 bounded
908 1119 23 19 to
942 1116 37 22 the
988 1117 66 22 north
1062 1117 32 27 by
1103 1115 98 22 Thomas
1210 1114 50 22 Edi-

678 1143 58 21 son's
743 1143 73 22 called
826 1143 128 23 Koriveieai
964 1143 121 28 extending
1094 1142 68 27 along
1170 1141 37 21 the
1214 1148 46 14 sea-

679 1173 61 19 coast
746 1173 21 18 to
776 1170 129 28 Papeneivi;
917 1170 121 27 extending
1042 1169 79 23 inland
1127 1168 60 27 eight
1194 1168 65 22 miles.

679 1196 117 27 (Contents
806 1200 38 18 not
854 1197 89 26 stated.)

705 1223 97 28 Alleged
811 1228 21 17 to
839 1224 59 21 have
906 1224 59 22 been
971 1223 125 28 purchased
1104 1222 32 27 by
1144 1222 37 22 the
1188 1221 72 22 claim-

678 1255 50 17 ants
745 1251 24 21 in
793 1251 134 27 November,
948 1252 59 25 1839,
1027 1251 59 21 from
1105 1248 153 28 Rangitukero,

678 1277 62 21 chief
747 1277 26 21 of
780 1277 36 22 the
828 1277 63 22 Natti
900 1278 71 22 Toma
979 1278 63 21 tribe.

706 1304 174 27 Consideration,
889 1305 88 21 various
983 1304 86 22 articles
1075 1304 26 22 of
1103 1301 157 27 merchandize,

678 1330 65 22 value
754 1335 40 17 not
802 1331 79 22 stated.

706 1357 86 22 Nature
807 1358 25 21 of
847 1365 140 20 conveyance
988 1368 28 5 —
1017 1357 65 23 Deed
1098 1356 26 22 of
1143 1355 118 22 Feoffment

677 1386 23 19 to
711 1384 122 25 claimants,
846 1385 68 21 dated
919 1384 38 22 6th
969 1384 135 27 November,
1116 1383 60 21 1839.

706 1411 54 21 Case
771 1411 43 22 No.
826 1413 41 20 106
875 1412 69 25 (A.)—
944 1411 98 21 William
1053 1411 54 26 Hay
1114 1409 45 22 and
1167 1408 93 22 William

678 1437 95 28 Wright,
783 1438 53 22 both
846 1439 26 21 of
880 1438 95 28 Sydney,
987 1439 114 20 claimants.

705 1465 39 21 All
753 1465 48 21 that
810 1465 62 27 piece
882 1472 24 15 or
914 1465 75 27 parcel
999 1465 25 22 of
1034 1465 56 21 land
1098 1463 82 23 known
1187 1463 26 27 by
1220 1462 40 21 the

678 1498 67 14 name
761 1492 27 21 of
801 1492 81 26 Otatei,
898 1499 28 14 on
942 1491 38 22 the
997 1492 65 22 north
1077 1490 77 23 Island
1170 1490 25 21 of
1208 1490 52 20 New

679 1517 107 23 Zealand.
803 1518 146 26 (Boundaries
959 1518 45 22 and
1014 1521 101 19 contents
1125 1519 40 19 not
1174 1516 84 26 stated.)

706 1545 96 26 Alleged
811 1548 21 18 to
843 1545 57 21 have
910 1545 56 21 been
977 1545 126 23 purchased
1108 1543 34 27 by
1148 1543 113 21 claimants

678 1571 23 22 in
713 1572 103 26 October,
833 1573 60 26 1839,
903 1572 59 21 from
972 1572 138 25 Walcruewi,
1121 1570 62 22 chief
1194 1570 18 22 of
1221 1569 39 22 the

680 1599 56 21 tribe
746 1598 23 22 of
778 1599 156 22 Notterocooa.

707 1625 176 27 Consideration,
891 1626 87 22 various
984 1625 86 22 articles
1075 1625 26 22 of
1104 1623 154 27 merchandise,

679 1652 66 22 value
755 1656 39 18 not
803 1653 79 21 stated.

707 1679 86 23 Nature
812 1679 25 21 of
850 1686 141 19 conveyance
992 1690 27 4 —
1020 1679 66 22 Deed
1105 1677 25 21 of
1143 1677 118 22 Feoffinent

681 1710 22 18 to
714 1706 114 22 claimants
839 1706 67 22 dated
915 1705 47 23 2nd
971 1707 104 25 October,
1087 1705 61 22 1839.

708 1733 56 21 Case
774 1734 42 21 No.
828 1734 40 21 117
877 1733 66 26 (c)—
945 1733 60 21 John
1014 1732 112 26 Hosking,
1138 1731 24 21 of
1169 1730 91 29 Sydney,

680 1760 123 27 merchant,
814 1761 97 20 claimant
921 1761 86 25 inpart.

708 1788 39 21 All
757 1787 48 22 that
811 1787 53 22 land
871 1787 81 22 known
963 1788 28 26 by
997 1787 36 21 the
1042 1792 66 16 name
1116 1785 26 21 of
1150 1784 110 26 Porerooa,

680 1815 58 21 from
750 1815 36 21 the
795 1815 65 21 rocks
876 1822 59 19 upon
946 1814 37 22 the
994 1813 57 22 N.E.
1061 1813 48 22 side
1120 1812 25 21 of
1161 1811 36 21 the
1206 1811 55 21 river

681 1842 106 27 Porcooa,
803 1841 72 22 called
886 1841 113 26 Kicketoa,
1018 1840 126 22 north-east
1157 1839 30 26 by
1199 1837 62 22 north

681 1868 68 28 thirty
763 1869 69 25 miles,
849 1867 45 23 and
907 1868 19 21 is
942 1867 104 22 bounded
1059 1870 24 18 to
1093 1865 38 23 the
1146 1868 46 18 east
1206 1865 27 26 by
1248 1872 13 14 a

680 1903 70 20 range
766 1896 26 21 of
802 1902 75 19 snowy
887 1895 124 21 mountains
1018 1902 5 18 ;
1042 1897 23 17 to
1081 1893 38 21 the
1134 1891 64 23 south
1209 1891 28 27 by
1248 1898 14 14 a

679 1930 70 20 range
760 1923 26 21 of
796 1922 50 22 hills
856 1924 61 19 three
928 1921 64 22 miles
1000 1921 58 21 from
1068 1921 53 21 Port
1136 1918 123 27 Nicholson,

681 1957 60 20 upon
752 1950 37 21 the
804 1949 130 21 south-west
941 1949 46 21 side
995 1947 26 21 of
1027 1947 37 21 the
1075 1946 67 22 River

681 1980 22 18 to
713 1977 65 21 Teeti
787 1977 46 26 Bay
842 1984 5 19 ;
859 1976 59 21 from'
923 1975 62 21 Teeti
995 1974 47 27 Bay
1049 1972 125 23 south-east
1182 1972 26 26 by
1213 1976 49 18 east

680 2006 23 18 to
721 2003 38 22 the
776 2003 64 22 south
865 2002 84 22 branch
965 2001 24 21 of
1009 2001 38 21 the
1065 2001 109 21 Porerooa
1192 1999 69 21 lliver.

682 2030 117 26 (Contents
807 2034 40 16 not
856 2028 90 25 stated.)

708 2056 96 27 Alleged
814 2060 23 17 to
848 2055 57 21 have
922 2055 55 21 been
988 2051 124 29 purchased
1126 2051 25 23 in
1161 2051 99 28 October,

681 2084 60 26 1839,
759 2083 58 22 from
836 2082 72 27 Rangi
926 2080 58 27 Ako,
1010 2080 74 27 Rangi
1103 2078 70 27 Hero,
1192 2079 69 26 llangi

681 2110 71 25 Hitei,
776 2111 116 26 Rupterra,
912 2108 52 26 Aki,
989 2107 71 25 Erow,
1082 2105 95 27 Arungi,
1200 2106 61 26 Jiovi,

680 2137 93 26 Epokie,
795 2136 69 22 chiefs
882 2135 26 21 of
924 2135 37 21 the
980 2133 123 25 Natti-ava,
1128 2131 45 23 and
1192 2133 70 21 Caffea

680 2164 73 25 tribes,
765 2163 30 32 by
806 2163 43 22 Mr.
867 2161 99 22 William
977 2160 59 27 Hay.
1051 2161 51 21 who
1117 2159 49 21 iold
1180 2166 12 14 a
1202 2159 60 22 tenth

680 2194 50 23 part
740 2190 24 21 of
769 2190 35 21 his
813 2190 92 21 interest
914 2191 23 19 to
947 2187 112 22 claimant.

709 2217 169 22 Consideration
878 2227 27 4 —
905 2215 24 22 in
945 2218 36 17 ttie
999 2213 47 22 first
1061 2213 108 26 instance,
1180 2212 82 22 various

683 2243 86 22 articles
780 2244 25 21 of
811 2241 163 26 merchandize,
985 2243 22 19 to
1018 2240 37 22 the
1065 2243 93 19 amount
1172 2240 23 21 of
1203 2240 60 23 £378

682 2271 91 26 sterling
780 2271 36 21 for
824 2271 37 21 the
868 2269 72 22 entire
945 2267 115 28 purchase,
1069 2266 46 22 and
1121 2267 47 23 £40
1174 2266 22 22 in
1203 2266 58 26 cash,

683 2297 46 22 and
738 2298 69 27 goods
816 2296 72 22 stated
904 2299 23 18 to
943 2302 56 14 nave
1017 2295 57 21 been
1089 2293 60 23 since
1163 2293 61 27 given
1239 2296 23 18 to

683 2324 37 21 the
729 2324 86 22 natives
824 2325 29 26 by
865 2323 109 22 claimant.

709 2351 86 22 Nature
806 2351 24 21 of
842 2356 143 20 conveyance
985 2359 28 4 —
1014 2347 124 23 Indenture
1154 2346 26 22 of
1195 2346 68 23 Feoff

682 2381 61 18 ment
752 2382 22 17 to
785 2378 42 22 Mr.
840 2377 60 28 Hay,
910 2376 68 22 dated
987 2375 39 22 9th
1035 2374 105 25 October,
1152 2375 54 21 1839,

710 2405 56 22 Case
783 2405 42 22 No.
842 2406 40 20 US
901 2404 32 26 (a)
934 2414 28 4 —
964 2402 60 22 John
1041 2402 71 25 Terry
1126 2400 96 28 Hughes,
1240 2401 26 22 of

683 2432 89 27 Sydney
782 2432 121 26 merchant,
915 2431 99 20 claimant
1020 2431 22 19 in
1048 2430 60 25 part.

709 2459 39 21 All
756 2459 47 22 that
807 2458 54 22 land
871 2458 81 21 known
960 2458 31 27 by
998 2456 37 22 the
1042 2462 68 16 name
1118 2455 25 22 of
1149 2455 113 27 Porerooa,

682 2486 58 21 from
750 2485 37 22 the
797 2486 64 21 rocks
876 2492 60 21 upon
946 2484 37 22 the
999 2483 127 23 north-east
1140 2481 45 22 side
1197 2482 20 22 of
1225 2481 38 23 the

684 2513 67 22 River
760 2512 111 22 Porerooa
880 2511 72 22 called
960 2510 134 27 Kicketooa,
1105 2509 119 22 north-east
1232 2509 31 28 by

683 2540 66 21 north
759 2541 27 20 30
795 2539 69 27 miles,
877 2539 45 21 and
929 2539 19 21 is
957 2537 104 22 bounded
1074 2543 27 16 on
1113 2535 37 22 the
1161 2539 42 18 east
1209 2537 32 26 by
1251 2544 14 14 a

682 2573 69 21 range
768 2567 25 21 of
806 2573 76 20 snowy
892 2565 128 22 mountains
1027 2573 5 19 ;
1047 2567 24 19 to
1086 2563 38 22 the
1140 2563 61 21 south
1209 2563 32 27 by
1251 2570 14 15 a

682 2601 69 20 range
762 2594 25 21 of
794 2593 50 22 hills
854 2593 62 21 three
927 2593 63 20 miles
999 2591 58 22 from
1068 2591 53 22 Port
1137 2589 126 28 Nicholson,

682 2628 59 20 upon
753 2620 37 22 the
800 2620 131 22 south-west
940 2619 47 22 side
997 2619 26 21 of
1030 2618 37 21 the
1077 2617 70 23 River
1160 2616 105 23 Porerooa

684 2650 21 19 to
721 2648 64 22 Teeti
804 2647 57 28 Bay;
882 2646 56 22 from
956 2646 64 21 Teeti
1036 2645 50 28 Bay
1102 2643 120 22 south-east
1235 2644 30 27 by

684 2678 46 18 east
739 2678 23 18 to
773 2674 36 22 the
818 2674 86 22 branch
914 2673 26 22 of
946 2673 37 22 the
994 2673 110 21 Porerooa
1110 2671 75 21 River.
1198 2671 67 27 (Con-

684 2704 57 19 tents
752 2706 40 17 not
800 2700 89 27 stated.)

711 2728 96 27 Alleged
817 2732 22 18 to
849 2728 57 21 have
922 2728 56 21 been
988 2725 125 29 purchased
1124 2725 24 21 in
1164 2725 99 27 October,

684 2757 60 25 1839,
765 2756 56 21 from
840 2755 76 27 Rangi
936 2754 58 26 Ako,
1014 2753 75 27 Rangi
1108 2751 70 27 Hero,
1194 2752 71 27 ltangi

684 2782 71 26 Hitei,
778 2783 113 25 Rupterra,
909 2781 53 27 Aki,
978 2780 94 27 Arangi,
1093 2779 64 26 Eovi,
1175 2779 88 27 Epokie,

685 2810 70 21 chiefs
770 2810 25 21 of
810 2811 37 20 the
866 2808 117 22 Natti-ava
1002 2806 45 23 and
1065 2806 75 23 Caffea
1154 2806 69 26 tribes,
1236 2806 29 27 by

685 2836 46 22 Mr.
742 2836 97 22 William
851 2836 66 27 Hay,-
922 2834 50 23 who
981 2834 50 22 sold
1040 2841 13 14 a
1069 2833 62 23 tenth
1141 2835 48 25 part
1197 2833 23 21 of
1230 2832 35 23 his

684 2864 94 21 interest
787 2867 21 18 to
816 2862 112 22 claimant.

713 2889 174 26 Consideration,
903 2890 24 21 in
947 2888 37 23 the
997 2887 48 22 first
1058 2887 108 26 instance,
1181 2887 86 22 various

686 2916 88 23 articles
783 2916 26 22 of
818 2915 155 23 merchandize
987 2918 22 17 to
1024 2914 38 21 the
1074 2916 93 20 amount
1176 2914 22 21 of
1204 2914 62 23 £378

685 2943 98 27 sterling,
802 2942 35 22 for
851 2942 37 22 the
903 2942 69 22 entire
990 2941 117 27 purchase,
1126 2940 44 21 and
1186 2940 44 23 £40
1243 2941 22 22 in

685 2970 59 27 cash',
757 2970 42 22 and
808 2969 71 27 goods
887 2969 72 22 stated
967 2972 24 17 to
1001 2968 63 22 have-
1069 2968 56 22 been
1134 2967 59 22 since
1199 2968 67 26 given

686 3000 22 18 to
719 2997 36 22 the
766 2996 86 22 natives
861 2996 29 27 by
901 2996 110 21 claimant.

712 3024 84 21 Nature
813 3024 26 21 of
851 3029 143 20 conveyance
994 3033 28 4 —
1023 3021 122 22 Indenture
1159 3020 26 22 of
1195 3020 80 24 Feoff-,

684 3055 62 17 ment
755 3054 23 19 to
788 3050 44 23 Mr.
842 3050 61 26 Hay,
915 3049 67 22 dated
990 3050 38 21 9th
1038 3047 105 26 October,
1155 3049 54 21 1839.

712 3078 55 21 Case
776 3078 42 22 No.
830 3078 47 21 125.
878 3088 28 4 —
907 3076 59 22 John
980 3076 76 26 Jones,
1069 3074 25 23 of
1101 3071 93 31 Sydney,
1204 3074 62 23 Mer-

686 3104 73 28 chant,
780 3104 43 22 and
843 3104 91 21 Francis
955 3104 70 21 Owen
1049 3101 113 27 Leathart,
1186 3102 81 22 Master

685 3131 107 28 Mariner,
804 3132 98 20 claimant
913 3132 88 25 inpart.

713 3160 82 26 16,000,
807 3159 89 22 Sixteen
905 3157 111 23 thousand
1025 3163 69 19 acres,
1110 3163 61 14 more
1181 3163 20 15 or
1214 3156 51 28 less,

685 3184 67 28 being
762 3186 30 21 all
801 3186 49 21 that
858 3189 50 25 part
917 3193 25 14 or
954 3184 76 28 parcel
1044 3184 27 21 of
1084 3183 54 22 land
1154 3182 74 23 situate
1238 3191 28 14 on

685 3212 39 22 the
735 3212 69 22 rivers
814 3210 91 28 Purrui,'
912 3212 45 22 and
966 3210 141 26 Kokowieta,
1118 3209 45 22 and
1178 3210 89 27 llungu-

686 3238 59 48 Eiko,
756 3239 24 22 in
790 3239 37 22 the
837 3238 103 28 territory
950 3239 24 22 of
981 3238 55 23 New
1043 3236 101 23 Zealand
1152 3244 5 20 ;
1169 3236 99 23 bounded

702 3273 15 19 y
726 3266 38 21 the
774 3266 69 22 River
850 3266 81 22 Purrui
940 3273 27 14 on
978 3265 37 22 the
1026 3264 202 26 south-south-east,
1240 3271 28 15 on

687 3292 38 22 the
735 3296 54 18 west
797 3293 30 27 by
834 3292 39 22 the
882 3292 68 22 River
959 3292 142 27 Rungapiko,
1112 3298 28 14 on
1148 3290 38 22 the
1194 3291 83 22 south-

687 3319 131 22 south-west
827 3319 29 27 by
866 3318 37 23 the
918 3319 58 22 river
991 3318 138 26 Kokowieta,
1143 3317 37 22 the
1193 3325 76 14 names

689 3345 29 22 of
726 3346 38 21 the
774 3346 47 22 said
834 3345 54 22 land
901 3346 68 27 being
979 3346 87 26 Titiwa,
1082 3344 35 22 Tv
1129 3344 63 27 Wira,
1199 3345 71 22 Tero-

687 3374 49 26 toti,
755 3372 120 27 Paratawa,
886 3372 62 23 Witu
965 3372 62 27 Witi,
1042 3370 148 28 Munga-pori,

687 3406 62 15 ra-ra
759 3399 68 27 Horo,
835 3399 39 22 the
882 3406 66 15 name
956 3399 25 22 of
989 3398 37 23 the
1035 3398 72 23 whole
1115 3398 66 27 being
1190 3398 78 22 known

688 3433 25 15 as
721 3426 56 22 Pere
787 3426 107 22 Kia-hua.

716 3452 96 28 Alleged
821 3457 23 18 to
853 3453 57 22 have
919 3452 58 23 been
983 3450 124 32 purchased
1112 3451 23 22 in
1142 3451 126 27 December,

689 3481 61 26 1839,
760 3480 56 22 from
828 3480 38 21 the
879 3480 75 21 native
971 3479 70 22 chiefs
1054 3479 33 22 Te
1103 3478 71 22 Kawa
1187 3478 41 22 and
1237 3479 33 22 Te

689 3507 81 27 Katea,
783 3507 29 27 by
825 3507 38 21 the
879 3506 123 26 claimants,
1019 3505 50 22 who
1086 3508 55 18 state
1157 3504 44 23 that
1218 3504 52 28 they

688 3534 57 22 have
756 3534 48 22 sold
818 3533 113 22 one-third
947 3535 48 26 part
1009 3532 26 22 of
1047 3533 39 22 the
1094 3531 53 22 land
1157 3532 64 21 above
1233 3532 38 21 de-

688 3560 88 22 scribed
785 3565 21 17 to
815 3560 38 22 W.
865 3560 24 22 C.
901 3560 143 25 Weutworth,
1062 3558 45 23 and
1123 3558 109 23 one-third
1248 3562 22 18 to

691 3588 89 22 Messrs.
791 3588 84 21 Robert
884 3586 113 28 Campbell
1009 3586 45 22 and
1064 3586 22 22 J.
1097 3585 24 22 C.
1132 3585 84 28 Brown,
1228 3585 41 22 and

688 3622 50 14 now
750 3615 64 21 claim
825 3613 114 23 one-third
948 3614 21 21 in
984 3614 58 21 their
1053 3619 49 16 own
1112 3612 78 22 behalf.

717 3641 174 27 Consideration,
908 3640 89 22 various
1012 3640 89 22 articles
1117 3639 24 22 of
1159 3638 113 23 merchan-

689 3668 56 27 dize,
757 3668 64 22 value
831 3671 41 18 not
880 3667 79 22 stated.

716 3696 85 21 Nature
816 3695 27 21 of
860 3701 139 19 conveyance
1001 3705 27 4 —
1028 3692 68 23 Deed
1111 3692 25 22 of
1154 3692 118 23 Feoffment

689 3725 22 19 to
722 3723 115 21 claimants
847 3722 67 21 dated
924 3721 53 22 23rd
986 3721 133 25 December,
1131 3720 57 21 1839.

716 3750 55 21 Case
787 3749 43 21 No.
842 3749 40 21 184
899 3748 39 26 (b).
967 3748 67 22 Rolla
1049 3746 121 27 O'Ferrall,
1182 3746 22 22 of
1214 3745 58 28 Syd-

689 3784 50 20 ney,
752 3777 111 19 claimants
871 3777 21 19 in
897 3777 60 25 part.

716 3803 39 22 All
769 3803 47 22 that
832 3802 54 22 land
901 3804 80 20 known
998 3802 30 27 by
1037 3800 39 23 the
1091 3807 66 15 name
1173 3799 19 22 of
1202 3798 70 23 Pore-

688 3838 73 19 roora,
771 3831 57 21 from
840 3830 37 22 the
891 3829 65 23 rocks
973 3836 59 20 upon
1049 3828 38 22 the
1096 3826 118 23 north-east
1225 3826 46 21 side

688 3858 26 21 of
726 3857 37 22 the
778 3857 60 21 river
854 3857 111 21 Porerooa
981 3854 73 23 called
1070 3853 111 23 Kicketoa
1192 3852 80 21 north-

689 3887 47 19 east
745 3884 29 27 by
783 3883 66 23 north
863 3885 28 21 30
900 3883 70 26 miles,
981 3882 44 21 and
1034 3880 107 23 bounded
1150 3882 22 19 to
1181 3878 33 22 the
1225 3881 47 19 east

687 3911 30 27 by
727 3918 14 14 a
750 3918 67 19 range
833 3910 27 22 of
870 3916 75 23 snowy
962 3908 130 22 mountains
1098 3914 5 18 ;
1119 3909 21 18 to
1156 3905 32 22 the
1204 3906 66 21 south

687 3938 30 27 by
734 3944 14 16 a
769 3944 68 19 range
860 3936 25 22 of
905 3936 57 27 hills,
981 3935 61 21 three
1061 3932 64 23 miles
1145 3932 49 21 from
1214 3931 54 22 Port

154 481 248 26 GOVERNMENT
419 480 140 25 NOTICE.

69 522 22 25 T
125 522 162 25 WILLIAM
309 523 112 30 SPAIN,
437 532 15 15 a
474 523 178 24 Commissioner

68 554 37 26 *•)
142 556 123 31 appointed
282 556 35 24 for
335 557 163 31 investigating
507 556 53 24 -and
576 555 75 23 deter-

67 590 86 30 mining
171 589 75 24 Titles
268 590 45 23 and
333 590 86 23 Claims
437 594 23 19 to
482 589 68 24 Land
569 589 24 23 in
613 588 39 23 the

66 623 87 30 Colony
175 622 26 24 of
228 623 59 23 New
309 623 109 28 Zealand,
442 622 28 24 do
493 621 85 31 hereby
600 621 51 31 give

66 656 89 29 Notice,
165 655 51 24 that
226 656 14 23 I
252 656 61 24 shall
323 656 98 31 proceed
431 660 23 19 to
465 655 136 30 investigate
613 653 39 24 the

65 688 216 25 under-mentioned
293 689 86 24 Claims
391 689 25 23 in
427 688 39 24 the
482 688 57 24 Port
554 686 97 24 Nichol-

64 729 42 16 son
117 721 108 31 District,
236 726 25 20 at
272 730 39 22 my
324 722 82 28 Office,
414 721 83 23 situate
503 721 25 22 in
539 719 113 24 Manners

63 755 86 29 Street,
162 755 36 24 Te
215 755 50 24 Aro
285 755 61 28 Flat,
358 755 25 23 in
400 754 150 30 Wellington,
564 761 30 15 on
613 752 38 24 the

66 788 58 24 16th
136 787 43 31 day
191 788 27 24 of
231 788 67 31 May,
312 789 72 27 1842,
397 787 46 23 and
459 786 117 31 following
587 785 64 32 days,

63 825 26 19 at
100 821 79 25 eleven
191 821 89 23 o'clock
291 821 23 22 in
326 820 39 23 the
376 821 118 22 forenoon.

98 854 41 23 All
148 855 85 31 parties
245 853 127 24 interested
379 860 38 16 are
426 852 84 32 hereby
517 852 135 23 summoned

64 891 23 19 to
98 887 29 23 be
138 888 24 22 in
180 886 134 24 attendance
332 886 56 23 with
399 886 59 24 their
469 887 126 27 witnesses,
606 886 47 23 and

63 919 55 31 they
128 919 47 24 will
188 919 29 24 be
233 919 108 32 required
359 924 22 19 to
399 919 100 31 produce
519 919 78 23 before
615 927 37 15 me

61 953 33 23 all
105 952 98 31 original
223 952 80 24 Deeds
320 953 46 23 and
384 952 159 24 Translations
555 952 96 29 thereof,

64 986 96 31 relating
171 990 24 19 to
208 986 59 23 their
287 986 94 29 Claims,
393 986 56 23 with
466 985 98 24 attested
576 985 76 31 copies

63 1020 29 22 of
105 1019 38 23 the
154 1027 71 21 same,
239 1019 38 23 the
288 1020 69 22 latter
368 1024 22 18 to
403 1019 28 23 be
443 1018 42 24 left
496 1018 54 23 with
560 1025 46 16 me.

98 1052 51 24 The
162 1053 129 23 Claimants
306 1060 40 15 are
363 1051 124 28 reminded,
499 1051 50 23 that
566 1050 40 23 the
617 1050 36 23 fee

63 1086 28 23 of
105 1086 36 23 £5
153 1090 63 19 must
226 1086 29 23 be
266 1086 55 30 paid
332 1089 23 19 to
367 1093 37 15 me
415 1084 77 23 before
504 1084 38 23 the
554 1084 97 22 investi-

62 1119 80 30 gation
155 1119 27 23 of
196 1126 45 23 any
261 1119 82 28 Claim,
357 1125 24 17 or
393 1117 25 23 of
433 1124 46 23 any
489 1116 129 31 opposition
630 1119 23 20 to

64 1152 28 23 it.
163 1164 3 2 •

90 1200 53 22 Case
213 1200 29 20 49
260 1199 38 26 (c.)
300 1210 29 4 —
329 1198 60 22 John
407 1198 84 27 Cregoe
509 1197 80 23 Brown
606 1197 46 22 and

65 1227 83 22 Robert
162 1225 123 28 Campbell,
298 1226 24 22 of
333 1225 99 27 Sydney,
451 1225 133 26 merchants,
601 1225 52 21 clai-

64 1255 69 20 mants
141 1255 21 18 in
167 1255 60 24 part.

93 1282 79 25 16,000,
185 1280 87 21 sixteen
285 1278 113 22 thousand
414 1285 69 20 acres,
494 1285 59 15 more
566 1286 26 14 or
599 1278 51 27 less,

65 1308 65 27 being
145 1306 31 22 all
190 1307 49 21 that
254 1307 63 27 piece
333 1313 26 15 or
374 1305 75 27 parcel
465 1305 25 21 of
505 1305 55 21 land
575 1305 24 21 in
614 1305 38 21 the

66 1335 110 21 Northern
186 1333 78 22 Island
274 1333 25 21 of
306 1333 57 21 New
371 1331 108 27 Zealand,
486 1331 80 22 situate
577 1339 29 14 on
613 1332 38 22 the

66 1362 68 21 rivers
145 1359 78 27 Piunu,
235 1359 131 26 Cokowitta,
374 1359 45 21 and
428 1359 142 27 Rungapiko;
582 1359 71 21 boun-

66 1388 42 22 ded
117 1388 29 26 by
157 1387 37 21 the
204 1387 62 23 river,
275 1386 73 22 Puinu
358 1393 28 14 on
395 1385 39 22 the
444 1385 207 26 south-south-east,

67 1423 27 13 on
110 1414 36 22 the
161 1417 55 18 west
233 1413 30 27 by
280 1413 37 21 the
334 1412 59 22 river
408 1411 145 28 Rungapiko;
573 1419 27 15 on
614 1413 38 21 the

67 1439 206 24 south-south-west
289 1440 29 27 by
330 1439 39 21 the
383 1439 59 21 rive-r
457 1439 141 26 Kokowitta;
614 1439 38 21 the

67 1476 75 14 names
153 1467 26 21 of
190 1467 36 21 the
245 1466 49 22 said
308 1466 55 22 land
372 1465 67 28 being
447 1465 90 27 Titewa,
549 1466 104 22 Tuwera-

67 1503 64 18 wera,
146 1493 97 27 Tuoloti,
263 1494 115 25 Paratoua,
399 1493 60 21 Wito
482 1493 171 26 Witu-ununga-

66 1523 48 27 poie
131 1520 189 28 Warrabaro/tlie
336 1526 66 16 name
418 1519 25 22 of
454 1519 39 22 the
507 1519 70 21 whole
589 1519 65 27 being

68 1548 147 23 Parakiahua.

93 1574 97 27 Alleged
209 1578 20 18 to
249 1573 57 23 have
325 1573 124 28 purchased
467 1572 24 23 in
515 1573 134 25 December,

67 1604 58 25 1839,
137 1602 56 21 from
209 1600 37 22 the
258 1601 80 21 Native
354 1600 70 26 Chief,
436 1599 59 22 John
506 1599 104 27 Towack,
623 1600 29 27 by

68 1629 89 22 Messrs.
176 1627 61 22 John
256 1627 69 22 Jones
340 1627 45 21 and
402 1627 91 21 Francis
508 1626 71 22 Owen
595 1627 58 21 Lea-

68 1657 63 25 thart,
143 1655 50 21 who
203 1655 58 21 have
271 1653 103 28 disposed
383 1653 24 22 of
414 1653 59 22 their
482 1655 91 20 interest
582 1653 25 22 in
618 1653 37 22 the

68 1684 68 21 above
145 1681 55 22 land
209 1684 22 18 to
242 1681 38 21 the
292 1682 123 20 claimants.

96 1708 173 26 Consideration,
280 1712 41 17 not
330 1707 80 22 stated.

94 1737 84 21 Nature
196 1735 24 21 of
238 1742 141 19 conveyance
380 1744 29 5 —
409 1733 65 22 Deed
491 1733 25 21 of
532 1733 124 23 Feoffinent

68 1767 22 18 to
99 1763 37 21 the
152 1761 93 28 original
260 1762 137 27 purchasers,
410 1760 67 22 dated
490 1760 54 22 23rd
559 1761 98 21 Decem-

69 1791 44 26 ber,
126 1790 60 21 1839.

95 1818 53 20 Case
160 1815 42 22 No.
214 1815 26 22 70
253 1815 39 26 (a.)
295 1826 28 4 —
325 1813 80 23 Daniel
416 1814 93 26 Cooper,
520 1813 26 21 of
558 1813 37 21 the
607 1814 49 27 City

69 1844 25 22 of
105 1843 99 26 London,
216 1842 125 26 Merchant,
352 1841 76 21 James
439 1841 63 26 Holt,
515 1841 24 21 of
556 1841 97 27 Sydney,

70 1870 123 25 Merchant,
214 1869 47 21 and
280 1869 98 21 William
398 1868 99 21 Barnard
515 1867 98 28 Rhodes,
622 1869 37 20 ■of

69 1897 95 28 Sydney,
179 1897 84 20 Master
273 1896 106 25 Mariner,
392 1895 114 25 claimants,

94 1924 39 22 All
143 1925 48 20 iliat
200 1925 56 19 tract
267 1922 24 21 of
303 1922 52 22 land
369 1923 80 20 known
465 1928 23 14 as
498 1921 71 27 Entry
578 1920 78 23 Island

69 1959 23 15 or
101 1951 77 27 Capiti,
190 1949 96 22 situated
300 1949 25 22 in
336 1948 79 22 Cook's
426 1951 84 24 Straits,
527 1948 57 22 New
600 1948 56 21 Zea-

67 1978 58 23 land.
155 1977 97 26 (Extent
260 1980 39 17 not
310 1976 88 26 stated.)

94 2003 96 29 Alleged
199 2007 22 17 to
230 2002 60 22 have
298 2003 59 22 been
365 2001 123 28 purchased
496 2002 30 26 by
533 2001 38 21 the
579 2001 77 21 claim-

68 2037 54 20 ants,
134 2038 28 13 on
174 2030 36 21 the
223 2031 50 19 31st
284 2030 102 25 October,
404 2031 60 24 1839,
479 2029 59 20 from
550 2028 104 26 Robulla,

68 2057 129 27 Rangeiata,
205 2055 70 27 Echo,
286 2055 176 26 TumaEaheao,
470 2053 184 28 Okißangihero.

94 2083 167 24 Consideration
262 2093 28 4 —
291 2082 54 22 cash
360 2085 20 18 to
399 2081 36 22 the
455 2084 91 19 amount
555 2083 26 19 of
593 2081 62 22 £100

68 2112 97 25 sterling.

94 2138 84 22 Nature
198 2135 25 22 of
235 2142 143 21 conveyance
379 2146 28 5 —
407 2134 66 22 Deed
487 2134 26 22 of
524 2133 130 28 Feoffment,

67 2166 24 22 of
98 2166 37 20 the
146 2164 69 21 above
226 2161 59 28 date,
295 2163 24 20 in
327 2163 79 21 favour
415 2162 25 21 of
449 2161 124 22 claimants.

93 2193 54 21 Case
158 2191 43 20 No.
212 2190 28 21 70
250 2190 39 25 (c.)
291 2200 28 5 —
319 2189 81 21 Daniel
416 2189 92 26 Cooper,
519 2188 25 21 of
551 2187 104 27 London,

69 2219 124 24 Merchant,
206 2216 77 22 James
298 2215 63 26 Holt,
371 2217 26 20 of
412 2215 96 28 Sydney,
527 2215 128 24 Merchant,

69 2246 43 22 and
118 2244 96 23 William
222 2243 103 21 Barnard
332 2242 96 27 Rhodes,
436 2243 25 21 of
465 2241 97 29 Sydnay,
571 2241 87 22 Master

70 2272 104 26 Mariner,
186 2271 118 21 claimants.

94 2300 38 21 All
141 2299 50 22 that
201 2302 57 17 tract
268 2298 24 21 of
304 2295 53 23 iand
364 2297 24 21 in
399 2296 36 22 the
451 2295 111 22 Northern
572 2295 84 26 Island,

68 2327 54 22 New
140 2324 114 27 Zealand;
276 2323 105 22 bounded
398 2330 30 14 on
446 2322 38 22 the
503 2326 54 17 west
574 2322 30 27 by
619 2322 38 21 the

67 2358 76 17 waters
163 2352 27 21 of
205 2351 82 22 Cook's
306 2350 86 27 Straits,
411 2348 156 27 commencing
581 2352 24 18 at
620 2349 37 21 the

68 2380 74 22 mouth
166 2386 24 14 or
215 2382 106 17 entrance
345 2378 25 21 of
391 2376 37 22 the
452 2375 117 23 Waihonai
589 2375 68 22 River

70 2406 83 28 (Kapiti
166 2405 95 27 bearing
277 2405 66 21 N.W.
366 2405 30 26 by
412 2403 39 27 N.,
473 2402 44 22 and
534 2402 36 21 W.
588 2402 30 27 by
635 2403 21 21 S.

69 2436 43 24 IS.
128 2433 99 27 magnet)
235 2439 6 19 ;
259 2431 81 22 thence
350 2431 22 21 in
389 2438 14 14 a
419 2429 115 27 northerly
550 2429 108 21 direction

70 2462 64 26 along
150 2465 37 17 the
203 2462 69 24 coast,
293 2463 22 16 to
325 2458 38 21 the
374 2461 107 18 entrance
492 2457 24 21 of
529 2455 37 22 the
576 2456 81 22 Otakie

69 2489 72 25 River,
157 2486 46 23 and
211 2486 59 21 from
281 2486 79 21 thence
371 2485 91 26 turning
472 2488 21 17 to
504 2483 36 21 the
550 2483 108 21 eastward

68 2516 65 26 along
143 2514 37 22 the
191 2512 71 23 banks
273 2512 25 21 of
306 2512 37 21 the
355 2511 78 22 Ctakie
440 2519 6 19 ;
461 2518 28 14 on
501 2510 37 22 the
553 2509 65 22 north
629 2510 29 27 by

68 2542 37 21 the
115 2542 46 21 seid
171 2540 59 22 river
237 2543 22 17 to
268 2540 28 20 its
305 2546 86 19 source,
403 2546 25 13 or
437 2544 23 15 to
470 2537 36 22 the
513 2537 145 21 termination

69 2570 23 21 of
99 2576 29 14 an
138 2566 94 27 easterly
239 2566 45 21 line
289 2567 28 20 40
327 2565 65 22 miles
399 2565 48 21 into
457 2564 37 22 the
499 2565 94 20 interior
600 2565 57 20 from

69 2596 36 21 the
114 2599 105 18 entrance
227 2594 27 20 of
261 2593 36 21 the
305 2592 80 23 Otakie
392 2599 5 20 ;
409 2591 80 22 thence
496 2591 90 26 turning
593 2591 65 21 south

68 2622 90 28 parallel
167 2620 52 23 with
232 2619 38 22 the
277 2624 54 17 west
341 2624 67 21 coast,
421 2618 57 22 until
484 2619 18 20 it
510 2622 70 17 meets
591 2625 13 14 a
613 2618 45 21 line

68 2649 96 27 running
183 2646 96 27 easterly
287 2648 28 21 30
335 2646 62 21 miles
414 2646 58 21 from
491 2645 38 21 the
548 2644 110 22 aforesaid

70 2676 75 22 mouth
155 2676 26 21 cf
189 2674 37 22 the
237 2673 120 22 Waikanai
366 2673 99 27 opposite
477 2672 85 27 Kapiti;
574 2671 47 22 and
628 2679 29 14 on

70 2703 36 22 the
124 2702 64 23 south
203 2702 30 26 by
249 2700 38 21 the
299 2699 117 22 Waikanai
427 2704 22 16 to
459 2699 28 21 its
497 2706 85 19 source,
595 2706 24 14 or
628 2706 30 14 an

70 2730 92 27 easterly
176 2729 46 21 line
236 2729 29 20 40
279 2727 63 22 miles
355 2726 56 22 from
429 2726 38 21 the
483 2725 78 22 mouth
581 2726 26 21 of
621 2725 37 22 tHe

70 2756 47 22 •aid
125 2758 64 24 river,
202 2756 120 26 (Contents
332 2758 40 17 not
381 2753 91 26 stated.)

95 2783 96 27 Alleged
201 2789 21 15 to
233 2781 56 22 have
297 2781 58 22 been
362 2779 125 29 purchased
494 2779 21 22 in
522 2779 136 27 November,

70 2812 59 25 1839,
145 2812 29 25 by
183 2810 38 21 the
232 2808 123 26 claimants,
371 2808 59 21 from
444 2807 36 21 the
491 2806 82 22 Native
584 2806 76 22 Chiefs

70 2838 88 26 Aready
168 2836 45 22 and
222 2834 106 23 Tuanini.

97 2862 168 23 Consideration
265 2873 27 3 —
292 2860 155 23 merchandise
458 2862 21 19 to
489 2860 38 21 the
538 2862 92 19 amount
637 2860 25 21 of

71 2892 60 21 £150
138 2890 101 26 sterling.

98 2918 85 21 Nature
193 2916 25 22 of
225 2921 142 21 conveyance
368 2925 27 4 —
396 2913 65 22 Deed
469 2913 24 22 of
501 2913 125 22 Feoffment
635 2913 25 22 in

70 2944 76 22 favour
157 2944 26 21 of
188 2942 123 25 claimants,
324 2942 66 21 dated
402 2940 40 21 sth
452 2940 134 26 November,
599 2941 60 21 1839.

96 2972 54 21 Case
166 2970 42 22 No.
224 2970 63 26 72,—
287 2968 99 22 William
400 2968 86 26 Cooper
500 2967 45 22 and
560 2967 100 22 William

70 2998 57 28 Hay,
139 2998 54 21 both
202 2996 26 21 of
233 2996 97 27 Sydney,
341 2995 116 20 claimants.

97 3026 39 21 All
150 3024 50 22 that
213 3022 58 23 land
284 3029 29 16 on
329 3022 37 21 the
381 3022 129 21 south-west
526 3020 46 22 side
583 3019 24 23 of
620 3020 38 23 the

70 3052 80 21 Parara
155 3051 75 26 River,
239 3049 119 26 extending
364 3049 35 21 six
404 3048 48 22 milt
457 3055 10 14 s
472 3047 125 22 south-east
600 3048 58 21 from

70 3078 113 23 Robulla's
190 3078 58 26 Pier,
258 3076 43 21 and
309 3080 44 17 two
366 3075 63 22 miles
443 3074 76 22 inland
527 3075 130 26 south-east,

71 3113 23 14 or
103 3106 129 22 howsoever
237 3102 116 23 otherwise
361 3102 38 22 the
409 3102 49 21 said
465 3101 53 22 land
527 3102 19 21 &
552 3102 106 26 premises

73 3140 23 14 or
105 3140 43 20 any
159 3135 48 25 part
221 3130 91 23 thereof
321 3130 19 21 is
351 3128 111 27 bounded,
473 3129 85 26 situate,
569 3128 88 28 known,

73 3167 23 14 or
106 3158 167 28 distinguished.
303 3157 170 27 (Contentsnot
482 3155 90 26 stated.)

99 3186 94 28 Alleged
204 3190 22 17 to
237 3185 57 22 have
305 3185 55 20 been
370 3182 126 28 purchased
511 3182 60 21 from
586 3182 74 26 Ringa

75 3213 49 21 Ako
132 3221 26 13 or
167 3213 56 26 Eko,
235 3210 64 24 chief
309 3212 27 21 of
346 3210 38 22 the
395 3210 56 21 tribe
462 3210 25 21 of
499 3209 96 21 Carfrea.

105 3240 167 22 Consideration
280 3249 30 5 —
315 3236 165 27 merchandize,
517 3236 67 21 value
621 3238 40 19 not

76 3268 76 21 stated.
160 3288 3 4 ,
383 3269 3 4 '
393 3290 4 3 .
526 3266 3 5 '
667 3262 2 33 |

99 3294 84 22 Nature
193 3294 29 24 of.
237 3299 142 21 conveyance
379 3302 30 4 —
409 3290 66 23 Deed
492 3292 23 19 to
535 3288 124 28 claimants,

73 3320 65 22 dated
148 3321 51 21 10th
209 3320 26 22 of
248 3320 104 26 October,
364 3320 62 21 1839.

101 3348 54 22 Case
176 3348 43 22 No.
238 3349 65 20 90.—
302 3348 98 21 Thomas
416 3345 84 27 Evans,
520 3344 25 21 of
562 3343 99 27 Sydney,

74 3374 84 22 Master
167 3374 108 27 Mariner,
285 3375 108 20 claimant.

101 3401 21 21 A
130 3401 65 27 piece
204 3402 27 22 of
243 3401 55 23 land
312 3408 30 15 on
357 3400 71 28 Capiti
449 3406 24 15 or
489 3398 72 27 Entry
578 3396 82 28 Island,

73 3427 45 21 and
127 3430 78 20 known
215 3429 31 26 by
256 3429 38 21 the
303 3436 66 14 name
378 3428 26 22 of
416 3428 125 25 Rangetara
552 3432 26 14 or
587 3424 76 28 Roup-

73 3461 64 21 poras
147 3454 71 28 Point,
228 3455 39 21 the
276 3455 105 22 northern
387 3453 116 27 boundary
509 3452 154 26 commencing

73 3483 24 19 at
106 3487 13 14 a
125 3480 59 28 deep
198 3481 73 27 valley
285 3487 21 17 to
322 3482 37 22 the
376 3482 68 22 north
458 3480 47 22 side
520 3480 25 21 of
562 3478 38 22 the
614 3477 49 23 said

74 3507 66 28 point,
151 3507 23 21 in
185 3508 71 22 which
264 3508 72 29 valley
344 3509 62 21 there
415 3509 18 21 is
451 3515 14 14 a
479 3514 43 14 run
537 3506 27 22 of
579 3508 81 24 water;

73 3533 45 23 and
127 3534 103 22 bounded
241 3542 29 14 on
279 3535 36 22 the
324 3535 65 23 south
400 3536 26 21 of
431 3535 39 21 the
480 3533 47 23 said
532 3533 65 28 point
604 3532 58 22 from

73 3568 14 14 a
105 3560 65 22 small
188 3561 63 25 point
266 3568 23 14 as
306 3562 93 22 marked
414 3562 30 27 by
459 3562 36 21 the
510 3560 49 22 said
578 3559 82 27 chief's;

73 3588 44 21 and
125 3587 107 22 bounded
247 3595 28 14 on
293 3589 38 21 the
346 3593 47 17 east
407 3589 44 21 and
466 3596 28 14 on
509 3587 37 22 the
562 3589 54 20 west
632 3586 29 28 by

73 3614 79 23 Cook's
165 3614 84 22 Straits.
279 3614 116 26 (Contents
405 3624 30 14 on
445 3614 91 27 stated.)

100 3642 97 26 Alleged
220 3645 22 17 to
265 3640 57 23 have
346 3642 56 22 been
425 3642 126 28 purchased
574 3641 30 27 by
624 3640 37 22 the

73 3668 110 27 claimant,
202 3668 25 21 in
245 3668 103 26 October,
369 3670 59 26 1839,
449 3669 59 21 from
524 3669 38 21 the
578 3668 83 22 Native

75 3694 68 23 chiefs
152 3695 120 27 Rouppora
280 3694 44 22 and
334 3695 126 27 Rangietta.

100 3722 168 22 Consideration
268 3732 27 4 —
296 3722 155 22 merchandize
460 3725 22 19 to
492 3722 38 22 the
540 3724 94 20 amount
640 3722 25 20 of

76 3749 59 23 £100
144 3749 101 27 sterling.

99 3776 86 22 Nature
195 3776 26 22 of
232 3782 144 20 conveyance
386 3779 40 17 not
433 3776 77 22 stated.

100 3803 53 22 Case
164 3803 43 22 No.
218 3805 28 19 90
257 3803 30 26 (a)
306 3802 98 22 Thomas
420 3802 83 27 Evans,
520 3803 26 21 of
564 3803 95 27 Sydney,

74 3828 83 24 Master
167 3829 104 28 Mariner,
283 3830 107 20 claimant.

99 3857 21 21 A
129 3857 54 22 rock
192 3864 25 14 or
226 3857 65 21 small
301 3856 73 22 island
383 3856 24 20 in
418 3855 79 21 Cook's
507 3856 86 26 Straits,
604 3856 56 22 New

73 3882 102 29 Zealand,
187 3884 81 22 known
278 3884 31 27 by
320 3883 36 22 the
366 3882 76 22 native
452 3889 65 14 name
528 3883 69 21 Mutu
607 3883 53 21 Ral-

73 3908 62 28 lalah,
156 3911 44 21 and
216 3911 29 26 by
261 3911 37 21 the
318 3910 117 27 European
455 3915 65 15 name
539 3909 26 21 of
587 3909 73 28 Rangi

72 3935 73 24 ISroa's
156 3937 84 23 Islnnd.
271 3937 117 27 (Contents
397 3939 41 18 not
447 3935 87 26 stated.)

1896 470 122 23 south-east
2030 471 52 22 half
2097 471 65 23 south
2177 472 45 22 and
2236 472 19 22 is
2271 472 83 23 distant
2366 474 58 22 from
2439 474 38 22 the

1895 496 123 28 Nalyawah
2041 498 83 22 church
2142 499 59 21 three
2218 499 101 22 hundred
2336 500 45 22 feet
2403 501 75 21 south-

1896 528 54 17 west
1964 524 44 22 and
2022 525 31 27 by
2069 525 65 22 south
2142 533 5 19 ;
2162 526 28 21 its
2204 526 117 27 boundary
2333 527 44 21 line
2394 534 29 14 on
2439 527 39 21 the

1896 550 121 22 east-south
2034 555 48 18 east
2089 552 20 21 is
2123 552 37 21 the
2175 552 61 26 ridge
2251 552 77 28 facing
2342 553 38 21 the
2391 560 42 20 sea,
2445 554 33 26 (to

1895 576 72 22 which
1976 576 62 28 ridge
2048 578 38 21 the
2096 578 53 21 land
2157 585 51 15 runs
2217 578 109 28 parallel,)
2334 580 44 21 and
2385 580 93 21 extends

1895 604 24 19 to
1929 602 42 23 the-
1975 604 129 21 south-west
2113 604 43 22 and
2162 605 28 26 by
2197 605 64 22 south
2267 613 44 14 one
2322 606 102 22 hundred
2432 607 46 21 and

1894 628 129 28 fifty-seven
2034 630 56 23 and.
2091 630 148 23 nine-twelfth
2250 632 55 27 feet;
2317 633 37 21 the
2361 633 117 27 boundary

1894 654 44 23 line
1949 656 52 22 then
2010 663 55 15 runs
2073 656 57 22 back
2140 657 56 22 from
2208 658 37 21 the
2252 663 38 22 top
2300 660 25 21 of
2336 659 37 22 the
2382 660 61 26 ridge
2454 665 24 16 to

1894 682 38 21 the
1949 682 131 23 north-west
2095 687 88 23 quarter
2192 687 59 23 west,
2262 685 43 22 five
2323 686 101 21 hundred
2432 686 46 22 and

1893 710 164 26 twenty-seven
2076 710 46 21 and
2137 710 159 28 three-quarter
2310 712 58 26 feet;
2390 713 18 21 it
2424 712 54 22 then

1895 737 62 20 turns
1967 743 63 21 away
2039 740 23 17 to
2072 736 38 22 the
2120 736 192 23 west-north-west
2321 738 101 27 eighteen
2432 740 46 21 feet

1894 764 39 19 ten
1942 762 77 22 inches
2027 771 5 19 ;
2042 763 19 20 it
2069 763 55 21 then
2130 769 54 15 runs
2193 766 22 18 to
2224 763 38 21 the
2271 764 208 23 north-north-west

1894 788 132 27 sixty-three
2041 790 56 26 feet;
2119 789 52 22 then
2186 789 126 22 north-east
2328 791 150 28 ninety-eight

1894 814 58 28 feet;
1966 816 54 21 then
2034 816 67 21 north
2116 823 42 14 one
2173 815 101 23 hundred
2290 816 44 23 and
2349 817 129 28 thirty-four

1894 841 46 22 feet
1951 842 60 27 eight
2026 842 85 26 inches,
2122 846 23 18 at
2154 842 71 22 which
2234 843 63 27 point
2305 844 19 21 it
2337 844 90 22 touches
2439 845 38 21 the

1894 872 81 18 stream
1989 868 54 28 Wye
2051 877 6 19 ;
2073 869 37 22 the
2119 868 55 23 land
2187 868 41 23 has
2242 873 69 18 water
2323 870 99 28 frontage
2438 879 39 14 ex-

1895 895 92 27 tending
2001 896 78 27 eighty
2093 895 45 22 feet
2153 896 56 21 from
2225 895 44 22 this
2284 897 63 26 point
2361 896 63 23 down
2439 898 39 21 the

1894 925 82 18 stream
1985 925 22 18 to
2014 930 14 14 a
2037 925 46 19 tree
2093 922 91 21 marked
2190 922 54 22 R.T.
2254 922 186 29 comprehending
2448 924 30 21 all

1894 947 39 22 the
1940 947 52 22 land
2002 955 30 15 on
2047 948 39 22 the
2102 948 59 27 right
2176 948 60 21 bank
2245 949 25 21 of
2282 949 38 22 the
2336 950 48 22 said
2396 954 82 19 stream

1894 973 65 28 Wye,
1978 975 102 22 between
2102 975 37 22 the
2161 975 60 27 point
2241 975 44 22 and
2307 976 38 21 the
2362 976 48 22 said
2429 981 48 18 tree

1894 1001 121 27 aforesaid;
2027 1002 37 21 the
2074 1001 114 27 boundary
2195 1002 45 21 line
2250 1002 54 21 then
2311 1009 53 15 runs
2373 1004 56 21 from
2438 1004 40 21 the

1893 1027 49 22 said
1961 1031 44 18 tree
2025 1028 22 22 in
2067 1028 38 22 the
2123 1028 106 21 direction
2248 1029 26 21 of
2290 1029 123 23 south-east
2431 1030 51 21 half

1894 1054 66 22 south
1970 1055 43 21 and
2023 1058 23 19 to
2060 1055 39 22 the
2114 1058 38 24 top
2170 1055 24 21 of
2204 1055 39 21 the
2252 1055 62 27 ridge
2323 1056 43 21 five
2377 1056 101 23 hundred

1894 1081 46 21 and
1952 1081 130 28 eighty-five
2091 1082 53 21 feet.
2173 1081 116 27 (Contents
2297 1086 40 17 not
2345 1083 89 27 stated).

1921 1107 97 28 Alleged
2025 1112 23 18 to
2063 1108 56 22 have
2134 1109 55 20 been
2199 1109 124 27 purchased
2331 1109 30 27 by
2371 1109 38 22 the

1894 1137 63 18 mant
1973 1135 59 22 from
2051 1135 39 22 the
2108 1135 81 22 Native
2208 1135 75 22 Chiefs
2302 1135 108 23 Muturoa
2431 1137 47 22 and

1895 1161 146 28 Mangatuka.

1923 1188 174 28 Consideration,
2113 1188 51 22 cash
2184 1190 23 20 to
2224 1187 37 24 the
2281 1192 93 19 amount
2389 1189 26 22 of
2429 1190 49 25 £30

1895 1214 99 28 sterling.

1923 1241 85 22 Nature
2025 1241 26 22 of
2070 1249 141 20 conveyance
2213 1253 27 4 —
2240 1241 65 22 Deed
2319 1242 23 22 in
2359 1243 78 22 favour
2455 1244 27 21 of

1895 1267 111 27 claimant,
2020 1268 67 22 dated
2095 1268 40 21 4th
2144 1269 107 27 January,
2264 1270 60 21 1840.

1924 1294 54 22 Case
1993 1295 44 21 No.
2055 1296 40 21 241
2114 1295 39 26 {b).
2157 1319 8 7 y
2181 1295 100 22 William
2297 1295 91 23 Charles
2401 1296 77 23 Went-

1896 1320 76 27 worth,
1984 1321 26 21 of
2021 1322 119 27 Vaucluse,
2150 1322 97 21 claimant
2259 1324 86 23 inpart.

1924 1348 80 25 16,000,
2017 1347 91 23 Sixteen
2123 1349 111 21 thousand
2244 1356 67 20 acres,
2323 1356 61 15 more
2394 1356 24 15 or
2425 1349 52 27 less,

1895 1373 67 28 being
1978 1374 30 21 all
2029 1375 48 21 that
2092 1375 62 26 piece
2168 1382 24 14 or
2204 1375 73 28 parcel
2293 1376 26 21 of
2335 1376 53 21 land
2403 1376 21 21 in
2441 1376 38 22 the

1896 1400 114 22 Northern
2027 1401 78 22 Island
2119 1402 26 21 of
2161 1402 56 21 New
2232 1402 107 27 Zealand,
2355 1403 77 21 situate
2449 1411 30 13 on

1898 1427 37 21 the
1954 1427 59 21 river
2028 1428 80 27 Puniu,
2124 1428 139 28 Kokowettu,
2279 1429 45 22 and
2338 1429 140 28 Rungipiko;

1896 1453 102 23 bounded
2010 1454 27 27 by
2048 1455 38 21 the
2096 1455 58 22 river
2161 1455 74 22 Puinu.
2241 1463 29 14 on
2282 1456 37 22 the
2329 1456 150 22 south-south-

1897 1483 59 24 east;
1971 1488 28 14 on
2009 1481 38 21 the
2064 1485 53 18 west
2130 1482 28 27 by
2168 1482 37 21 the
2214 1483 58 22 river
2287 1483 145 27 Rungupiko;
2450 1491 29 13 on

1896 1506 39 22 the
1947 1507 69 22 south-
2022 1509 128 21 south-west
2164 1509 29 27 by
2208 1509 37 22 the
2260 1509 59 22 river
2335 1510 141 26 Hokowittu;

1897 1533 39 22 the
1947 1541 76 15 names
2033 1535 26 21 of
2070 1535 37 22 the
2116 1535 53 22 land
2186 1536 65 27 being
2265 1536 90 27 Titewa,
2366 1537 113 21 Tu-wera-

1896 1567 65 20 wera,
1987 1561 94 28 Tuoloti,
2103 1562 119 27 Paratawa,
2244 1563 117 26 Witawitu,
2382 1563 97 27 Wonga-

1897 1587 57 26 poie,
1975 1587 127 28 Warahoro,
2112 1588 37 22 the
2159 1596 65 15 name
2239 1590 25 21 of
2276 1589 37 22 the
2328 1589 70 22 whole
2412 1590 67 28 being

1899 1613 56 22 Para
1962 1614 97 22 Kiohua.

1926 1640 94 28 Alleged
2027 1646 23 16 to
2058 1641 58 22 have
2124 1641 56 22 been
2185 1641 125 29 purchased
2315 1643 23 21 in
2346 1643 132 27 December,

1899 1668 58 26 1839,
1968 1668 57 22 from
2037 1669 83 21 certsiin
2131 1669 80 21 Native
2220 1669 73 21 Chiefs
2303 1673 39 18 not
2351 1670 87 27 named,
2450 1670 30 28 by

1898 1694 91 22 Messrs.
2004 1694 61 22 John
2081 1695 68 22 Jones
2164 1696 44 21 and
2227 1695 89 22 Francis
2336 1696 68 21 Owen
2422 1697 57 21 Lea-

1888 1721 2 29 j
1898 1720 65 28 thart,
1974 1721 49 21 who
2033 1721 58 23 have
2103 1721 102 29 disposed
2214 1723 26 21 of
2249 1723 199 27 four-eighteenths
2458 1724 26 21 of

1899 1747 56 21 their
1964 1748 94 22 interest
2067 1749 23 21 in
2102 1749 36 21 the
2148 1749 69 22 above
2228 1749 53 22 land
2290 1752 22 19 to
2323 1749 109 23 claimant.

1926 1775 174 26 Consideration,
2111 1780 40 17 not
2160 1775 78 22 stated.

1925 1801 85 22 Nature
2023 1802 26 21 of
2067 1810 163 19 conveyance—
2235 1803 65 21 Deed
2314 1803 26 21 of
2357 1803 125 22 Feoffment

1898 1830 23 19 to
1937 1827 36 23 the
1990 1829 93 27 original
2098 1829 134 28 purchasers,
2244 1829 67 22 dated
2321 1830 36 21 the
2372 1830 53 22 23rd
2434 1831 48 21 De-

1898 1854 96 27 cember,
2008 1857 61 20 1839.

1926 1882 54 21 Case
1996 1882 44 22 No.
2058 1883 77 21 252.—
2135 1883 97 22 William
2248 1883 93 28 Wright,
2359 1883 122 28 merchant,

1898 1909 98 20 claimant
2005 1910 88 25 inpart,

1925 1935 39 22 All
1973 1935 50 22 that
2030 1937 56 21 land
2095 1936 78 22 known
2181 1936 30 28 by
2218 1936 36 23 the
2261 1944 67 14 name
2335 1937 25 21 of
2364 1937 117 27 Porerooa,

1897 1961 58 23 from
1965 1962 38 22 the
2013 1963 64 22 rocks
2087 1970 57 21 upon
2158 1963 36 22 the
2210 1963 125 22 north-east
2349 1964 48 21 side
2407 1965 25 21 of
2444 1964 38 22 the

1898 1989 68 22 lliver
1976 1989 116 27 Porerooa,
2103 1989 70 22 called
2190 1990 115 27 Kickatpe,
2319 1991 124 22 north-east
2450 1992 33 26 by

1898 2015 64 22 north
1973 2016 67 27 thirty
2048 2017 69 26 miles,
2129 2017 44 21 and
2182 2014 105 25 bounded
2295 2020 23 18 to
2328 2017 37 22 the
2377 2021 45 18 east
2429 2018 33 28 by
2469 2025 13 15 a

1898 2049 66 20 range
1975 2043 26 21 of
2015 2050 74 20 snowy
2099 2044 126 21 mountains
2231 2051 5 19 ;
2254 2047 23 18 to
2293 2044 38 21 the
2347 2044 64 21 south
2424 2045 31 27 by
2470 2052 13 14 a

1899 2076 68 19 range
1976 2069 25 21 of
2012 2069 51 22 hills
2072 2070 62 21 three
2147 2069 63 22 miles
2219 2070 57 21 from
2287 2070 52 21 Port
2352 2071 131 27 Nicholson,

1898 2102 59 21 upon
1967 2096 36 21 the
2013 2096 130 22 south-west
2151 2097 46 21 side
2209 2097 25 21 of
2246 2097 36 21 the
2293 2097 68 22 River
2376 2098 108 22 Porerooa

1900 2126 22 17 to
1930 2122 62 22 Teeti
2003 2123 54 26 Bay,
2067 2123 57 21 from
2133 2123 63 21 Teeti
2207 2123 48 26 Bay
2264 2123 124 21 south-east
2396 2123 29 26 by
2436 2128 48 17 east

1898 2151 23 19 to
1938 2147 37 23 the
1994 2149 67 21 south
2079 2149 82 21 branch
2180 2149 26 22 of
2221 2149 36 21 the
2277 2149 112 22 Porerooa
2406 2151 77 22 River.

1901 2175 114 26 (Contents
2025 2180 40 17 not
2073 2175 88 26 stated.)

1928 2202 94 27 Alleged
2031 2205 24 19 to
2069 2203 55 21 have
2138 2203 56 21 been
2204 2201 124 29 purchased
2340 2202 23 22 in
2380 2203 103 28 October,

1900 2230 59 25 1839,
1979 2229 57 22 from
2061 2229 72 26 Rangi
2152 2229 56 26 Ako,
2230 2229 72 26 Rangi
2321 2229 70 27 Hero,
2410 2229 74 28 Rangi

1901 2256 67 26 Hitei,
1985 2257 115 27 Rupterra,
2112 2256 51 25 Aki,
2176 2257 70 24 Erow,
2256 2256 91 27 Arangi,
2362 2256 62 27 Eovi,
2438 2257 45 22 and

1900 2283 83 27 Epoke,
1994 2283 71 21 chiefs
2073 2283 25 21 of
2106 2283 36 21 the
2150 2283 115 21 Natti-ava
2276 2283 43 21 and
2325 2283 75 21 Caffea
2408 2283 75 28 tribes,

1900 2309 30 27 by
1940 2309 43 22 Mr.
1996 2309 98 22 William
2105 2309 58 28 Hay,
2177 2309 50 23 who
2239 2309 48 22 sold
2297 2317 14 14 a
2320 2310 83 27 moiety
2413 2311 27 21 of
2450 2311 34 21 in-

1899 2338 67 20 terest
1975 2337 24 21 in
2010 2337 37 21 the
2057 2337 69 21 above
2137 2341 21 17 to
2168 2336 113 22 claimant.

1927 2363 166 22 Consideration
2110 2363 24 22 in
2152 2363 37 22 the
2204 2363 48 21 first
2269 2363 100 22 instance
2371 2374 27 5 —
2398 2364 86 21 various

1899 2389 87 23 articles
1995 2391 25 21 of
2026 2389 163 28 merchandize,
2201 2393 21 19 to
2233 2389 36 23 the
2284 2393 94 19 amount
2387 2391 25 22 of
2422 2391 62 24 £378

1900 2416 96 28 sterling,
2015 2418 34 20 for
2058 2417 38 22 the
2110 2417 69 21 entire
2193 2417 108 27 purchase
2308 2425 6 18 ;
2331 2417 44 21 and
2389 2418 59 21 £200
2460 2418 23 21 in

1900 2443 52 22 cash
1961 2444 47 21 and
2015 2444 77 27 goods,
2102 2443 72 22 stated
2183 2448 22 17 to
2217 2443 54 22 have
2281 2443 57 22 been
2349 2445 59 21 since
2417 2445 66 27 given

1899 2474 23 18 to
1933 2470 37 22 the
1979 2472 87 20 natives
2075 2472 29 26 by
2115 2471 110 21 claimant.

1927 2497 84 22 Nature
2025 2497 28 22 of
2065 2504 140 20 conveyance
2206 2508 28 4 —
2236 2496 118 23 Indenture
2363 2498 27 21 of
2399 2497 86 22 Feeoff-

1900 2527 61 19 ment
1971 2527 22 19 to
2004 2525 44 22 Mr.
2062 2525 58 26 Hay,
2131 2524 66 22 dated
2206 2523 39 23 9th
2255 2524 103 27 October,
2370 2526 59 20 1839.

1928 2551 54 22 Case
2004 2552 44 21 No.
2073 2553 46 20 257.
2121 2563 28 3 —
2149 2551 96 22 Thomas
2264 2551 56 27 Bell,
2340 2552 26 21 of
2382 2551 101 28 Dundee,

1900 2578 111 27 Scotland,
2020 2579 26 27 N.
2046 2579 40 27 8.,
2097 2580 97 19 claimant
2203 2579 87 24 inpart.

1928 2605 38 21 All
1976 2605 47 22 that
2031 2606 64 27 piece
2105 2606 26 21 of
2140 2606 52 21 land
2202 2613 25 14 or
2236 2605 72 22 island
2316 2605 80 21 known
2404 2605 32 28 by
2447 2605 38 22 the

1900 2639 66 14 name
1979 2632 26 21 of
2017 2634 92 25 Manna,
2127 2632 70 23 called
2210 2633 31 26 by
2252 2632 39 21 the
2306 2632 99 27 English,
2423 2632 64 21 War-

1900 2659 55 26 spite
1971 2659 84 27 Island,
2074 2659 93 22 situated
2185 2660 23 21 in
2224 2659 80 21 Cook's
2321 2659 82 27 Straits,
2419 2659 69 22 about

1899 2685 102 22 fourteen
2014 2686 63 23 miles
2091 2686 129 22 south-west
2229 2686 24 21 of
2268 2685 69 28 Entry
2351 2685 76 22 Island
2441 2686 45 21 and

1902 2713 116 27 Rowpara,
2049 2714 115 25 (Contents
2175 2716 39 18 not
2222 2712 91 27 stated.)
2314 2712 3 11 1

1929 2739 94 27 Alleged
2038 2744 24 17 to
2072 2740 56 22 have
2143 2741 55 21 been
2208 2739 123 27 purchased
2345 2746 28 15 on
2389 2739 36 22 the
2436 2739 52 22 25th

1902 2766 63 28 April
1976 2768 58 25 1832,
2046 2767 57 22 from
2119 2767 37 22 the
2173 2768 75 20 native
2262 2766 76 27 chiefs,
2356 2766 77 27 Ropea
2442 2766 46 21 and

1902 2793 141 28 Ranghiatia,
2062 2794 28 27 by
2103 2794 91 22 Messrs.
2211 2792 60 22 John
2287 2793 56 27 Bell,
2360 2793 129 22 Alexander

1902 2820 123 27 Davidson,
2031 2821 49 22 ,and
2088 2820 121 23 Archibald
2216 2820 122 21 Mossman.
2364 2819 122 28 Davidson,

1902 2848 19 21 it
1929 2847 19 22 is
1957 2848 79 26 stated,
2049 2847 132 22 transferred
2189 2847 33 21 his
2230 2847 92 21 interest
2328 2849 23 18 to
2361 2846 58 22 John
2431 2846 55 27 Bell,

1903 2874 59 22 since
1972 2874 117 28 deceased,
2103 2875 72 21 whose
2183 2873 80 27 father,
2275 2874 38 21 the
2322 2876 88 25 present
2419 2873 71 28 appli-

1903 2904 57 24 cant,
1971 2902 78 21 claims
2059 2909 25 14 as
2093 2901 142 22 heir-at-law.

1931 2928 175 27 Consideration,
2114 2928 85 21 various
2208 2927 86 22 articles
2300 2927 26 22 of
2327 2926 161 27 merchandise,

1903 2955 65 22 value
1978 2960 40 17 not
2027 2956 79 21 stated.

1931 2982 84 22 Nature
2025 2982 27 22 of
2058 2988 148 21 conveyance,
2217 2983 39 18 not
2265 2979 79 22 stated.
2491 2989 6 9 /

1931 3009 54 22 Case
1996 3009 120 22 No.27o.—
2117 3007 129 23 Alexander
2260 3007 84 26 Fraser,
2356 3006 26 21 of
2392 3006 97 28 Sydney,

1903 3043 86 20 cooper,
2006 3035 45 22 and
2069 3036 96 21 Thomas
2184 3034 84 25 Fraser,
2284 3034 27 21 of
2323 3033 70 27 Capiti
2409 3033 81 22 Cook's

1904 3062 82 26 Straits,
1999 3062 57 22 New
2069 3060 104 27 Zealand,
2184 3062 114 19 claimants.

1931 3089 39 22 All
1978 3089 49 21 that
2034 3089 63 27 piece
2108 3095 25 14 or
2141 3087 74 27 parcel
2225 3088 26 21 of
2261 3087 53 22 land
2325 3086 116 28 including
2452 3086 38 23 the

1903 3116 98 26 whaling
2010 3116 88 26 station,
2116 3114 72 23 called
2204 3114 64 27 Long
2284 3113 72 28 Point,
2374 3114 79 22 situate
2467 3118 24 17 at

1905 3142 77 28 Capiti,
1994 3142 80 22 Cook's
2082 3142 82 26 Straits,
2173 3141 56 22 New
2235 3140 109 23 Zealand.
2371 3141 119 27 (Contents

1905 3174 40 17 not
1954 3169 89 26 stated.)

1933 3196 96 27 Alleged
2037 3200 24 17 to
2077 3195 56 22 have
2147 3195 57 22 been
2214 3194 125 29 purchased
2354 3194 68 22 about
2432 3194 61 27 eight

1905 3231 63 20 years
1986 3230 50 20 ago,
2056 3222 57 22 from
2137 3222 83 22 certain
2243 3221 83 22 Native
2351 3221 81 27 Chiefs,
2452 3224 41 19 not

1907 3250 88 26 named,
2011 3251 30 26 by
2057 3249 44 22 Mr.
2116 3248 97 23 Thomas
2229 3248 95 27 Wright,
2341 3248 48 21 who
2404 3247 49 22 sold
2469 3252 22 18 to

1907 3278 37 21 the
1954 3278 125 21 claimants.

1935 3303 172 27 Consideration,
2115 3302 23 22 in
2149 3302 37 22 the
2196 3302 48 22 first
2251 3302 103 21 instance
2364 3305 39 18 not
2411 3301 80 26 stated,

1906 3331 39 22 but
1961 3331 38 21 the
2015 3330 116 22 claimants
2145 3329 72 27 allege
2233 3330 55 25 that,
2307 3332 23 19 at
2346 3329 38 22 the
2398 3328 54 23 time
2469 3328 27 21 of

1907 3358 57 21 their
1978 3357 116 28 purchase,
2110 3356 53 28 they
2179 3356 51 28 paid
2250 3356 38 21 the
2302 3355 87 22 natives
2403 3355 89 22 various

1907 3384 69 28 goods
1985 3388 23 18 to
2018 3384 39 22 the
2067 3386 90 19 amount
2166 3384 26 21 of
2204 3384 68 21 about
2282 3382 46 23 £30
2340 3382 96 27 sterling.

1935 3412 85 21 Nature
2031 3410 26 22 of
2069 3410 148 27 conveyance^
2229 3413 40 19 not
2277 3408 81 23 stated.

1935 3438 55 23 Case
2006 3438 44 22 No.
2060 3438 48 21 287.
2141 3437 93 22 ihomas
2248 3436 92 27 Barker,
2351 3436 26 21 of
2394 3435 97 27 Sydney,

1908 3464 195 27 master-mariner,
2114 3464 113 22 claimant.

1935 3493 19 25 2,
1971 3492 52 21 Two
2040 3498 68 19 acres,
2125 3498 60 15 more
2201 3498 26 15 or
2239 3490 51 27 less,
2307 3489 79 22 situate
2405 3495 29 14 on
2455 3487 37 22 the

1908 3523 55 17 west
1976 3518 47 22 side
2041 3519 26 21 of
2083 3517 38 22 the
2137 3518 97 22 harbour
2249 3516 27 23 of
2293 3516 54 23 Port
2363 3515 128 27 Nicholson,

1909 3545 45 22 and
1963 3545 154 27 immediately
2126 3545 113 27 adjoining
2248 3544 38 21 the
2297 3542 80 23 Native
2388 3541 46 22 Pah
2445 3541 49 22 He-

1909 3572 79 28 wipote
1997 3580 6 18 ;
2023 3572 109 22 bounded
2148 3579 29 14 on
2192 3572 37 21 the
2246 3570 92 22 east'bv
2351 3568 36 22 the
2397 3575 50 20 sea;
2464 3575 29 15 on

1909 3598 37 23 the
1963 3599 68 22 north
2046 3599 29 27 by
2090 3598 36 23 the
2145 3598 73 23 native
2234 3596 87 28 chapel;
2344 3594 44 23 and
2405 3602 30 15 on
2455 3595 38 22 the

1908 3626 130 22 north-west
2046 3626 30 27 by
2086 3633 13 14 a
2109 3625 57 22 fresh
2182 3621 148 26 water-creek.

1937 3652 99 28 Alleged
2052 3657 23 17 to
2090 3652 57 23 have
2163 3652 57 21 been
2238 3648 124 30 purchased
2380 3648 58 21 from
2456 3647 39 22 the

1909 3680 74 21 native
1995 3680 62 22 chief
2069 3678 97 23 Richard
2176 3678 69 23 Davis
2253 3676 43 23 and
2306 3676 33 21 his
2349 3674 106 27 children,
2465 3682 31 14 ou

1910 3706 38 23 the
1961 3706 49 23 11th
2021 3706 45 22 and
2076 3706 59 22 12th-
2138 3704 134 27 November,
2284 3704 60 21 1839.
2368 3708 7 5 -

1938 3733 168 22 Consideration
2117 3736 22 18 to
2147 3732 38 21 the
2196 3731 92 25 natives,
2299 3729 47 22 £70
2356 3728 97 27 sterling.
2464 3737 6 4 -

1938 3760 86 23 Nature
2039 3760 28 23 of
2083 3765 140 21 conveyance
2224 3769 27 4 —
2252 3764 13 15 a
2281 3755 65 23 Deed
2361 3755 66 22 dated
2444 3755 53 22 12th

1912 3787 134 26 November,
2058 3788 59 21 1839.
2262 3801 4 6 ,
2418 3803 6 2 -
2432 3793 22 23 -,
2454 3785 53 31 ;.Vs§

1938 3816 56 20 Case
2004 3814 49 22 No.,
2057 3814 48 21 374.
2133 3811 99 22 William
2240 3808 132 28 Wakefield,
2382 3815 33 17 on,
2419 3807 88 33 behalf

1912 3841 26 22 of
1949 3842 38 21 the
1997 3840 56 23 New
2061 3838 100 23 Zealand
2171 3839 120 25 Company,
2302 3835 111 22 claimant.
2475 3845 4 14 ;
2488 3840 16 17 'i

1938 3868 48 22 The
1997 3866 72 23 whole
2079 3866 26 21 of
2116 3866 36 23 the
2163 3866 56 26 Bay,'
2231 3863 107 25 .Harbour
2350 3863 44 21 and
2403 3862 101 24 District;

1914 3895 24 21 of
1956 3894 87 26 Wanga
2057 3893 46 22 Nui
2118 3894 75 24 Atera,
2213 3889 127 27 commonly
2357 3889 80 22 called)
2444 3889 61 22 Poi-f

1897 3924 2 24 j
1913 3920 129 26 Nicholson,
2053 3920 78 21 silunte
2149 3925 29 14 on
2190 3918 37 21 the
2244 3916 162 23 north-eastern
2417 3916 48 22 side
2476 3916 26 22 of
