2550 4020
711 39 47 39 to
783 38 75 46 tl)t
881 38 120 41 'Neip
1027 38 210 42 Ztalantr
1261 38 191 47 Csa?tttc
1476 38 94 40 anb
1592 37 306 48 fJS&Utngton
1919 33 258 52 &ptctatot\

668 125 108 26 Okokata,
817 124 128 22 Marototoo
980 132 26 14 or
1038 125 53 27 Ship
1125 125 65 26 Cove,
1224 125 32 22 Te

668 150 120 22 Kurakura
815 158 24 14 or
867 150 59 27 Shag
954 151 67 26 Cove,
1048 151 154 23 Panarawhihi
1222 158 35 15 -or

668 177 63 22 West
740 177 55 27 Bay,
807 177 106 27 Wuoapu,
925 177 91 26 Miretu,
1036 178 32 21 Te
1083 178 51 26 Era,
1154 178 108 31 Wabine/

658 204 126 27 .Onakiwa,
813 204 99 26 Uakuta,
944 204 32 22 Te
987 206 3 5 '
1007 204 112 27 Waringa,
1149 205 111 26 Waitohi/

661 230 258 27 •Watamungj.Katuna,
936 230 75 27 Itawa,
1034 231 174 28 Obna,'Mohio,
1224 232 32 22 Te

668 257 49 22 Tito
727 263 25 15 or
762 257 80 27 Oyster
853 257 53 27 Bay,
912 268 5 3 -
924 257 99 25 Onarua,
1042 257 82 27 Onora,
1143 258 100 27 Ngnatui
1250 266 5 19 ;

668 284 37 21 the
731 283 77 21 Island
814 285 3 3 '
828 284 25 20 of
874 284 124 27 Alapamai,
1023 284 115 27 including
1157 285 99 27 Okikari,

670 310 117 26 Wekanui,
798 310 45 21 and
853 310 55 22 East
914 311 55 27 Bay,
978 311 37 21 the
1022 311 85 21 islands
1114 311 24 21 of
1145 311 111 28 Motuara,

661 337 76 27 ,Kieta
747 344 23 14 or
781 336 63 28 Long
852 337 85 27 Island,
946 338 310 27 MataparaandTaiKaiopi,

670 364 125 24 Wanpranui
805 371 25 13 or
840 364 84 27 Cloudy
935 364 54 27 Bay,
1006 362 108 27 the.river
1122 365 44 21 and
1174 365 84 22 district

670 390 25 21 of
720 386 101 31 Warroa,
845 390 145 27 Paramowiti,
1015 391 123 27 Kaparatia
1156 399 24 14 or
1200 393 57 26 Cape

670 416 122 28 Campbell,
820 416 113 29 Waipapa,
951 418 173 26 Mangamaonu,
1150 419 106 26 Kaihora,

670 444 70 26 Aitiu,
752 443 89 27 Peketa,
853 444 116 27 Yekiakia,
981 444 67 27 Onui,
1055 445 32 21 Te
1095 444 109 29 Whanga,
1216 445 42 22 and
1265 457 2 4 -

670 470 45 21 also
732 470 135 27 comprising
881 470 29 22 all
926 470 63 22 those
1004 471 71 27 lands,
1091 471 89 28 islands,
1183 482 4 5 1
1197 477 61 17 tene-

670 499 80 25 ments,
766 497 79 26 woods,
862 497 60 27 bays,
943 498 114 26 harbours,
1075 498 74 27 rivers,
1167 503 91 18 streams

670 524 44 21 and
724 523 84 26 creeks,
821 524 78 21 situate
907 532 28 14 on
945 524 38 21 the
994 524 105 22 northern
1109 524 63 22 shore
1183 526 26 22 of
1220 525 37 22 the

670 550 45 21 said
731 550 80 21 Cook's
828 550 84 28 Straits,
930 551 71 21 which
1017 558 38 14 are
1069 551 104 22 bounded
1183 560 28 14 on
1220 552 37 22 the

670 576 125 22 north-east
814 577 30 27 by
863 585 13 13 a
895 578 69 21 direct
982 578 47 22 line
1049 578 74 21 drawn
1142 579 59 22 from
1218 579 38 21 the

670 603 105 22 southern
784 604 58 21 head
853 604 26 21 of
889 604 37 22 the
936 605 59 21 river
1004 612 26 14 or
1037 604 97 22 harbour
1148 605 26 22 of
1190 606 68 22 about

670 630 142 28 thirty-eight
823 630 89 28 degrees
922 632 70 26 south,
1004 634 23 19 to
1038 632 58 27 Cape
1103 632 153 27 Telmkakore,

670 657 79 21 situate
760 665 27 13 on
800 657 37 21 the
846 661 47 18 east
902 662 66 23 coast,
979 658 23 21 in
1013 658 37 22 the
1058 658 92 22 latitude
1160 659 25 21 of
1192 660 66 21 about

669 684 111 27 forty-one
790 684 91 26 degrees
890 685 69 27 south,
978 685 44 21 and
1032 692 29 14 on
1072 685 37 21 the
1123 689 52 24 east,
1187 685 68 28 southj

671 710 44 21 and
726 714 52 18 west
793 710 30 28 by
839 711 38 21 the
892 719 44 19 sea,
954 712 118 27 excepting
1082 712 37 21 the
1136 712 84 23 islands
1236 713 24 21 of

672 736 75 28 Kapiti
757 745 24 14 or
795 737 71 28 Entry
881 738 81 27 Island,
980 739 45 21 and
1039 738 38 22 the
1093 739 63 21 small
1172 739 86 23 Islands

672 764 103 26 adjacent
790 764 92 27 thereto,
900 765 46 21 and
961 765 36 21 the
1015 765 74 21 Island
1105 765 26 22 of
1147 766 71 22 Mana
1234 774 24 14 or

671 790 69 21 Table
751 790 82 27 Island,
849 792 31 21 all
896 792 79 21 situate
990 800 29 14 on
1035 793 38 21 the
1089 792 47 22 said
1152 794 105 21 northern

671 817 64 22 shore
745 818 24 21 of
782 818 80 22 Cook's
872 819 83 26 Straits,
971 819 40 22 but
1026 819 117 26 including
1157 820 101 22 Tehaka-

670 844 61 26 kore,
757 844 139 28 Warehama,
923 846 182 26 Ranganaeama,
1130 846 126 28 Wainerah,

670 870 129 22 Turakarai.
811 871 127 28 Wanganui
949 873 70 26 Atcri,
1032 880 24 14 or
1067 873 53 21 Port
1129 873 126 28 Nicholson,

671 897 112 26 Rimerah,
796 898 120 28 Oteranga,
935 899 95 27 Oraerai,
1044 900 120 27 Tunmeno,
1182 901 74 27 Oariu,

671 924 81 26 Titahi,
763 924 104 29 Parerua,
886 926 94 27 Ohoika,
999 927 151 26 'J'irewarewa,
1168 927 90 22 Waike-

669 952 44 25 nai,
748 951 107 27 VVemera,
898 953 73 26 Otaki,
1005 953 91 27 Owaha,
1123 953 133 28 Manewatu,

670 977 116 28 Rangititi,
812 978 131 28 Wangaiha,
964 980 133 26 Turakinoa,
1122 980 134 28 Wanganui,

673 1004 126 28 Waitotara,
822 1005 180 29 Whennuakura,
1024 1007 74 26 Patea,
1119 1008 137 27 Tangahohi,

670 1031 159 27 Ngatiriranui,
845 1032 141 28 Pohakitaro,
1007 1033 119 28 Taranaki,
1146 1035 110 23 Moturoa.

670 1058 45 21 and
726 1058 36 21 the
772 1059 85 21 several
875 1059 63 22 other
957 1061 131 25 Sugar-loaf
1093 1061 99 28 'lslands,
1215 1062 43 23 and

670 1084 38 22 the
716 1084 60 22 river
785 1085 46 21 and
839 1086 98 22 harbour
947 1088 25 21 of
984 1087 92 22 Mokao.

698 1111 95 26 Alleged
805 1116 22 17 to
834 1112 59 22 have
905 1114 55 22 been
972 1113 124 28 purchased
1110 1115 30 26 by
1154 1115 104 22 claimant

670 1138 58 21 from
741 1139 37 20 the
792 1140 75 20 native
887 1140 70 22 chiefs
976 1141 66 21 Ewiti
1056 1138 39 25 'for
1112 1141 92 22 himself
1215 1142 43 22 and

670 1164 80 28 Ekedi,
761 1165 19 22 E
792 1166 78 27 Hawe,
881 1167 120 28 Ewitikari,
1013 1168 117 27 Kauhaue,
1139 1169 43 21 and
1190 1176 68 21 many

670 1191 81 22 others.
1114 1207 3 4 .
1236 1202 3 18 ;

698 1218 167 24 Consideration
877 1221 65 26 given
953 1225 21 18 to
982 1222 37 22 the
1027 1222 93 27 natives,
1132 1230 13 14 a
1154 1223 104 27 quantity

672 1245 24 22 of
708 1246 164 28 merchandize,
884 1248 65 22 value
960 1253 39 17 not
1008 1249 80 21 stated.

698 1272 83 22 Nature
793 1274 25 20 of
830 1281 150 22 conveyance,
997 1284 13 13 a
1020 1276 57 21 deed
1087 1275 65 22 dated
1162 1277 38 21 Bth
1210 1277 48 21 No-

670 1300 97 24 vember,
780 1301 61 21 1839.

698 1326 56 21 Case
769 1326 43 22 No.
828 1329 42 21 3ri
886 1329 37 25 (c).
959 1329 100 22 William
1076 1329 132 28 Wakefield,
1227 1337 29 15 on

670 1352 80 22 behalf
757 1354 25 20 of
789 1354 37 21 the
835 1355 57 21 New
902 1356 98 22 Zealand
1013 1357 122 26 Company,
1145 1357 111 22 claimant.

696 1380 49 20 The
755 1380 71 27 lands,
841 1381 90 28 islands,
948 1387 133 23 tenements,
1098 1383 81 27 woods,
1194 1384 61 27 bays,

671 1406 113 27 harbours,
800 1407 77 28 rivers,
889 1413 92 18 streams
996 1410 45 21 and
1058 1410 84 27 creeks,
1152 1411 105 26 reaching

671 1433 65 27 along
747 1433 35 21 the
794 1435 113 22 sea-shore
914 1444 28 14 on
953 1437 37 21 the
999 1437 65 21 north
1071 1437 25 21 of
1103 1437 71 21 Cooks
1181 1437 76 22 Straits

671 1461 57 20 from
739 1460 128 23 Manewatu
875 1467 21 16 to
903 1463 74 27 Patea,
987 1464 45 21 and
1039 1464 79 21 inland
1125 1464 56 21 from
1189 1464 69 22 either

672 1487 24 21 of
708 1487 37 21 the
756 1487 45 22 said
813 1488 74 22 Points
898 1493 22 18 to
933 1490 36 22 the
981 1491 103 21 Volcano
1099 1498 25 14 or
1140 1491 114 21 mountain

672 1514 25 20 of
708 1514 78 26 Tonga
797 1515 58 21 Ridi.

696 1540 98 27 Alleged
802 1544 23 18 to
835 1541 57 23 have
905 1543 56 22 been
978 1543 123 29 purchased
1111 1544 30 27 by
1151 1545 107 21 claimant

671 1567 57 21 from
738 1567 36 21 the
785 1568 75 22 native
871 1569 69 23 chiefs
950 1571 32 21 Te
992 1571 80 27 Rangi,
1084 1571 131 26 Wakarutu,
1224 1572 32 22 Te

672 1594 57 26 Ridi,
748 1594 108 28 Knranui,
875 1597 44 21 and
935 1597 22 21 in
973 1597 154 23 confirmation
1141 1598 25 21 of
1177 1599 45 21 sale
1238 1599 18 21 E

671 1621 73 26 Kuru,
756 1621 57 27 Kau,
826 1622 80 28 Turoa,
918 1625 43 21 and
971 1632 69 19 many
1051 1625 80 21 others.

698 1648 167 22 Consideration
875 1651 65 26 given
951 1654 21 18 to
982 1652 38 21 the
1032 1653 92 26 natives,
1134 1659 12 14 a
1156 1652 100 27 quantity

672 1675 25 21 of
707 1675 165 28 merchandize,
884 1677 65 23 value
959 1683 40 17 not
1009 1679 79 21 stated.

697 1702 86 22 Nature
794 1703 27 21 of
832 1710 147 22 conveyance,
990 1705 59 22 deed
1063 1705 67 22 dated
1143 1705 53 22 16th
1210 1706 46 22 No-

671 1729 98 25 vember,
783 1731 61 20 1839.

698 1756 56 21 Case
764 1755 43 22 No.
818 1757 41 21 374
870 1757 40 26 (d).
940 1758 59 22 John
1009 1759 89 26 Dorset,
1112 1766 27 14 on
1148 1759 79 22 behalf
1235 1759 25 22 of

673 1782 35 22 the
719 1782 55 22 New
785 1780 98 26 Zealand
895 1785 117 28 Company,
1025 1787 114 21 claimant.

696 1809 50 21 The
762 1809 69 22 whole
842 1811 25 20 of
881 1811 36 22 the
933 1813 69 27 lands,
1018 1813 92 25 islands,
1126 1816 129 23 tenements,

670 1836 81 26 woods,
759 1836 61 27 bays,
830 1837 113 28 harbours,
950 1839 75 27 rivers,
1034 1844 92 17 streams
1131 1839 44 21 and
1180 1840 76 21 creeks

671 1863 57 21 from
739 1863 36 21 the
785 1863 76 22 mouth
870 1865 26 21 of
903 1865 35 22 the
952 1866 123 22 Waikalina
1083 1867 57 21 river
1147 1867 65 26 along
1220 1867 36 21 the

671 1889 111 23 sea-shore
797 1891 31 26 by
837 1891 31 21 Te
880 1892 112 25 Kauawai,
1011 1894 73 21 Oman
1093 1893 161 28 Tongaporoto,

671 1917 30 21 Te
722 1917 52 27 Oro,
800 1917 126 28 Paraninui,
952 1920 63 22 Puka
1037 1921 86 26 Arawa,
1145 1920 109 26 Parairoa,

671 1943 130 27 Thumataa,
830 1945 131 28 Wakariwa,
989 1948 111 27 Orapopa,
1127 1947 36 21 the
1190 1947 66 21 Muni

670 1970 65 27 river,
754 1971 115 27 Arapawa,
886 1973 37 21 the
940 1973 92 22 Adenui
1041 1974 64 26 river,
1121 1973 31 21 Te
1163 1973 91 28 Rianga,

672 1997 82 21 Onairo
761 1997 95 27 Wairau,
868 1999 140 28 TeTanawa,
1018 2000 105 26 Turangi,
1136 1999 35 23 the
1183 2000 73 22 Waita

670 2024 64 26 river,
747 2023 121 27 Wairuaer,
884 2025 147 28 Waiongawa,
1042 2028 32 21 Te
1089 2027 125 26 Rewntapa.
1223 2027 32 21 Te

672 2051 123 26 Pukatupu,
815 2051 37 21 the
878 2052 70 22 Pohui
967 2053 65 27 river,
1052 2054 74 21 Waita
1145 2053 109 27 Mangati,

672 2077 91 21 Matako
773 2077 59 27 taka,
851 2077 37 23 the
900 2079 60 22 Paka
975 2080 85 27 lagoon,
1073 2080 36 21 the
1120 2080 134 21 Waiwakaio

670 2104 64 26 river,
757 2103 131 28 Pukaweka,
909 2106 36 22 the
964 2107 59 21 Enui
1038 2107 64 25 river,
1118 2106 37 21 the
1172 2107 84 21 Natoki

670 2131 63 26 river,
743 2130 112 27 Kawaioa,
867 2132 31 22 Te
907 2133 109 27 Arawata,
1027 2133 108 26 Pakatuti,
1143 2133 110 27 Waitapu,

671 2157 79 26 Otake,
758 2157 109 28 Mataipu,
877 2159 102 28 Arakuri,
990 2160 37 22 the
1034 2159 58 28 Ongi
1100 2159 58 26 Ongi
1167 2159 87 28 lagoon,

669 2184 31 21 Te
717 2184 64 26 Tatu,
797 2184 38 22 the
849 2185 84 23 islands
947 2187 26 21 of
983 2186 145 26 Kimikotahi,
1143 2187 111 27 Moturoa,

670 2211 45 21 and
725 2211 183 28 Motumahonga,
919 2214 127 25 commonly
1057 2213 72 22 called
1138 2213 37 21 the
1187 2213 69 28 Sugar

670 2237 60 22 Loaf
735 2237 83 22 islands
828 2239 25 20 of
863 2240 146 26 Kimikotahi,
1025 2241 31 21 Te
1068 2241 67 25 Rutu,
1152 2240 102 28 Pararoa,

670 2264 110 27 Paratutu,
798 2266 123 28 commonly
936 2267 72 21 called
1025 2267 70 27 Sugar
1110 2267 59 21 Loaf
1186 2267 68 27 Point,

670 2291 101 26 Waihue,
787 2292 118 27 Taranaki,
922 2293 104 22 Mataroa
1042 2295 71 25 Motu,
1126 2293 36 21 Oti
1174 2293 78 28 Matei,

669 2318 111 27 Arakawi,
795 2318 91 22 Ahanui
895 2320 125 28 Porapora,-
1023 2321 50 21 Wai
1085 2320 98 27 Orotoki,
1197 2321 58 21 Wai-

668 2345 45 21 uka
733 2345 86 26 Omata,
840 2346 32 21 Te
898 2347 103 27 Wairedi,
1027 2347 48 27 Opo
1095 2347 66 26 Oteti,
1183 2347 73 28 Tapu-

669 2372 95 31 waiyara
783 2371 134 29 Kakiorangi
935 2374 94 21 Omanui
1045 2374 98 26 Nakura,
1159 2373 94 28 Wakau,

670 2398 90 22 Wairua
778 2399 121 27 Warunku,
921 2400 95 28 Otupoto
1037 2401 33 21 Te
1089 2400 98 22 Wairedi
1213 2408 42 15 ona

670 2425 102 21 Orakiwa
808 2428 22 18 to
854 2426 89 27 Oronga
952 2435 4 18 ;
982 2427 43 21 the'
1038 2427 48 22 said
1104 2427 111 22 sea-shore
1234 2431 22 18 at

667 2451 42 21 low
738 2455 68 18 water
834 2453 64 21 mark
923 2455 67 20 forms
1020 2453 37 23 the
1088 2454 168 22 north-western

668 2478 116 28 boundary
808 2479 26 21 of
854 2479 37 21 the
914 2480 48 22 said
984 2481 71 26 lands,
1079 2480 90 27 islands,
1194 2484 62 19 tene-

669 2510 79 21 ments,
765 2505 76 27 woods,
856 2507 60 26 bays,
933 2507 112 27 harbours,
1061 2507 76 27 rivers,
1156 2512 97 23 streams,

668 2532 46 22 and
737 2532 84 21 creeks.
868 2533 66 22 Jb'rom
961 2533 36 22 the
1025 2534 47 22 said
1096 2535 106 26 Auronga
1227 2542 26 14 on

669 2559 37 21 the
719 2559 113 21 sea-shore
847 2566 14 14 a
875 2559 44 23 line
936 2561 92 26 striking
1044 2561 77 21 inland
1138 2562 28 25 by
1179 2562 75 26 Petua,

668 2586 84 26 Tringa
762 2585 93 22 Powaka
871 2587 32 21 Te
919 2587 47 21 Riri
982 2587 95 26 Powaki,
1097 2587 43 22 and
1149 2588 60 22 from
1220 2589 35 21 the

668 2613 48 21 said
728 2612 92 22 Powaka
834 2616 21 18 to
867 2613 36 21 the
914 2614 90 22 summit
1018 2615 26 21 of
1062 2615 117 26 Taranaki,
1197 2622 59 14 com-

669 2639 78 26 monly
753 2639 71 21 called
831 2639 186 28 MountEgmont,
1027 2641 68 21 forms
1103 2641 37 21 the
1150 2642 103 22 southern

668 2665 117 28 boundavy
795 2666 25 22 of
832 2667 36 21 the
879 2667 46 21 said
935 2668 70 27 lands,
1017 2667 90 26 islands,
1122 2670 131 24 tenements,

668 2693 80 26 woods,
759 2693 60 26 hays,
831 2697 91 18 streams
931 2694 42 22 and
984 2694 78 22 creeks
1069 2702 4 19 ;
1089 2694 57 22 from
1159 2695 39 21 the
1209 2695 46 22 said

668 2721 91 20 summit
768 2720 25 21 of
804 2720 110 22 Taranaki
924 2721 68 21 aline
1005 2721 95 27 striking
1114 2721 30 27 by
1157 2721 98 22 Tanatu-

667 2754 75 19 wawa,
768 2747 138 24 Parakahua,
936 2747 174 28 Wakahurangi,
1139 2748 114 28 Ratapiko,

669 2773 128 27 Pukarinui,
815 2773 142 28 Mangatuku
981 2774 144 27 Wakaikotoi,
1146 2775 107 26 Makahu,

668 2800 133 27 Wangaihu,
812 2801 139 27 Motangiha,
968 2801 31 22 Te
1019 2801 87 28 Kopua,
1125 2801 31 22 Te
1172 2802 83 22 Waite-

668 2831 75 22 tanga,
764 2827 183 27 Wangamonuia,
967 2828 86 27 Makui,
1074 2828 32 22 Te
1126 2827 39 28 Po,
1183 2832 26 18 to
1218 2829 36 21 the

667 2854 60 21 river
736 2853 132 27 Wanganui,
880 2854 44 22 and
931 2855 57 21 from
999 2855 38 21 the
1047 2854 48 22 said
1107 2854 59 22 river
1180 2855 31 27 by
1223 2856 31 21 Te

669 2880 72 26 Tangi
759 2880 77 26 Tan<ri,
856 2881 147 27 Mangohewa
1020 2882 97 25 Pamiga,
1135 2881 118 27 Pakekuia,

669 2914 72 14 across
752 2906 35 22 the
799 2907 82 21 Onairo
886 2908 64 26 river,
962 2909 29 26 by
1001 2907 116 23 TeTuehu
1126 2908 127 27 Kaipikare,

670 2933 141 26 Wakamuki,
837 2934 85 27 Tapari,
957 2935 196 26 Pakawakamuru,
1184 2942 71 15 across

670 2961 37 21 the
732 2959 88 22 Adenui
840 2960 59 22 river
922 2961 29 27 by
975 2961 123 22 Paketuata
1121 2968 73 15 across
1218 2965 35 18 tnc

670 2987 72 21 Minui
780 2987 58 21 river
875 2987 29 27 by
947 2987 171 28 Ranguirapaki,
1161 2989 94 21 Haitao-

670 3021 43 18 ma,
747 3013 122 28 Tepokuru,
903 3021 72 14 across
1006 3015 37 21 the
1075 3015 100 26 Papatito
1198 3015 57 22 river

669 3041 29 26 by
709 3041 150 26 Turangarua,
870 3040 111 27 Komanu,
993 3041 114 26 Pukakao,
1119 3041 30 21 Te
1164 3043 87 26 Awera,

670 3074 72 15 across
752 3067 36 21 the
799 3067 134 21 Wakarama
940 3068 43 21 and
993 3068 37 21 the
1041 3067 50 22 Wai
1102 3067 69 22 Pikao
1177 3069 74 26 rivers,

669 3095 31 27 by
717 3093 102 23 Paraniui
835 3093 131 27 Timanuku,
985 3095 44 21 and
1046 3095 86 26 Wanga
1142 3098 23 18 to
1175 3095 79 22 Kowai

670 3129 26 14 on
706 3121 37 22 the
754 3121 47 21 said
811 3121 118 21 Wakatino
946 3121 64 27 river,
1023 3121 45 21 and
1084 3121 62 21 down
1159 3121 38 22 the
1208 3122 46 22 said

668 3149 60 21 river
738 3151 22 17 to
769 3148 27 21 its
805 3147 84 26 mouth,
900 3148 68 21 forms
977 3149 37 20 the
1025 3151 86 18 eastern
1122 3148 43 22 and
1179 3149 75 21 north-

670 3182 38 15 ern
725 3174 113 27 boundary
862 3175 26 21 of
907 3174 36 22 the
967 3175 48 21 said
1037 3174 61 27 land,
1119 3178 132 23 tenements,

670 3201 81 26 woods,
774 3202 63 27 baysj
860 3201 115 28 harbours,
989 3202 82 26 .livers,
1092 3203 98 26 streams,
1211 3202 41 21 and

670 3228 85 23 creeks.

695 3254 97 27 Alleged
801 3259 23 17 to
834 3255 56 21 have
902 3255 57 21 been
971 3254 126 28 purchased
1108 3254 30 27 by
1147 3255 107 22 claimant

669 3283 58 21 from
738 3282 35 20 the
783 3281 75 22 native
868 3281 70 22 chiefs
955 3282 91 21 Awatea
1062 3283 86 24 Anrua,
1159 3282 94 21 Edward

670 3317 24 13 or
704 3308 88 27 Pukiki,
809 3308 103 26 E.Kaki,
929 3308 20 22 E
963 3308 48 26 JKLu,
1022 3307 100 27 Korono,
1142 3309 18 21 E
1171 3309 80 26 ,Muru,

670 3336 19 22 E
709 3335 32 23 Po
759 3335 120 28 Puketapu,
895 3335 109 27 Tangutu,
1027 3334 105 27 Wakairi,
1153 3335 20 22 E
1190 3335 62 26 Pabi,

670 3362 45 22 and
726 3369 66 20 many
802 3361 80 22 others.

696 3388 166 23 Consideration
870 3387 66 28 given
947 3391 21 18 to
978 3387 37 22 the
1026 3388 92 26 natives,
1130 3395 13 14 a
1152 3388 102 28 quantity

670 3416 25 22 of
707 3413 163 28 merchandize,
881 3415 65 21 value
955 3418 39 17 not
1003 3415 79 21 stated.

660 3441 3 7 '
695 3443 86 21 Nature
792 3442 25 20 of
825 3448 140 20 conveyance
966 3452 28 4 —
995 3441 58 22 deed
1062 3440 67 23 dated
1136 3441 51 21 15th
1197 3441 57 21 Feb-

668 3476 73 21 ruary,
754 3469 59 21 IS4O.

696 3497 56 21 Case
762 3496 41 20 No.
815 3493 41 23 374
867 3494 36 27 (c).
932 3494 61 22 John
1008 3494 85 26 Dorset,
1105 3500 28 14 on
1142 3493 80 23 behalf
1232 3493 25 22 of

668 3523 37 22 the
717 3523 54 21 New
782 3521 100 22 Zealand
893 3521 120 26 Company,
1026 3521 114 21 claimant.

694 3550 49 22 The
759 3548 70 27 lands,
845 3547 87 27 islands,
949 3550 129 24 tenements,
1095 3547 79 26 woods,
1190 3547 61 26 bays,

668 3576 111 26 harbours,
801 3575 76 26 rivers,
899 3577 98 23 streams,
1019 3574 45 22 and
1079 3573 82 28 creeks,
1183 3569 70 26 inclu-

668 3603 44 21 ded
731 3603 30 26 by
778 3609 14 15 a
810 3601 44 22 line
883 3601 74 21 drawn
980 3601 66 26 along
1063 3601 38 21 the
1126 3607 38 15 sea
1189 3600 63 22 shore

668 3633 23 17 at
712 3629 43 22 low
776 3631 68 19 water
856 3636 3 5 •
866 3628 63 22 mark
953 3627 56 22 from
1032 3628 107 25 Auronga
1162 3627 29 26 by
1210 3627 43 22 Ta-

668 3655 101 23 raimaka
792 3655 129 26 Waitikara,
943 3653 105 27 Omaitai,
1073 3654 98 26 Parawa,
1199 3653 54 22 Kai-

668 3683 29 26 hi,
725 3682 168 26 Omukukawai,
926 3681 155 22 Kotamaiewa
1110 3680 37 21 the
1162 3699 3 3 .
1177 3680 77 21 mouth

668 3710 26 20 of
732 3709 37 21 the
807 3709 105 21 Waratea
947 3708 57 21 river
1042 3710 22 18 to
1100 3707 38 21 the
1175 3706 78 22 mouth

668 3736 26 20 of
709 3735 39 22 the
758 3735 144 26 Wangatawa
914 3735 64 25 river,
995 3733 43 23 and
1055 3735 28 26 by
1099 3733 92 21 another
1208 3733 45 22 line

669 3761 76 23 drawn
755 3762 77 21 inland
841 3762 56 21 from
908 3761 37 22 the
959 3761 77 22 mouth
1046 3761 26 21 of
1081 3760 37 21 the
1128 3760 47 21 said
1186 3760 68 21 Wan-

668 3792 87 21 gatawa
763 3789 58 20 river
830 3796 29 19 up
871 3788 39 21 the
917 3787 47 23 said
980 3788 59 21 river
1048 3791 22 17 to
1079 3787 28 21 its
1117 3794 83 19 source,
1212 3786 42 22 and

668 3815 58 21 from
737 3814 79 22 thence
832 3818 20 18 to
868 3815 38 21 the
922 3815 92 21 summit
1027 3815 26 21 of
1062 3813 117 26 Taranaki,
1196 3820 58 14 com-

669 3840 76 27 monly
753 3841 72 21 called
835 3841 82 21 Mount
926 3842 106 26 Egmont,
1040 3841 45 21 and
1092 3840 55 21 from
1157 3840 39 21 the
1206 3840 47 21 said

668 3867 116 22 Taranaki
797 3867 68 27 along
879 3867 36 22 the
929 3867 105 22 southern
1049 3867 115 27 boundary
1178 3867 27 21 of
1216 3867 36 20 the

669 3894 52 26 Nga
731 3894 64 20 Motu
802 3893 87 22 district
894 3894 29 27 by
931 3894 110 26 Powakai,
1048 3894 32 22 Te
1091 3893 50 22 Kiri
1149 3893 102 27 Powaka,

668 3921 101 25 Teuriga,
778 3920 45 21 and
834 3920 76 27 Patua,
919 3923 23 19 to
948 3921 37 21 the
992 3928 37 14 sea
1039 3920 64 22 shore
1110 3923 22 19 at
1139 3920 35 21 the
1182 3920 71 22 afore-

669 3947 48 23 said
726 3947 114 27 Auronga.

1311 124 96 26 Alleged
1416 127 22 18 to
1447 124 58 22 have
1520 124 58 22 been
1587 124 126 28 purchased
1727 124 29 28 by
1767 124 108 22 claimant

1284 151 58 21 from
1361 150 37 22 the
1416 151 75 21 native
1511 150 78 27 chiefs,
1611 151 33 21 Te
1669 150 60 27 Eria,
1754 150 117 28 Kaiwaka,

1284 177 86 27 Eware,
1382 177 107 27 Ngatura,
1500 177 89 27 Taraki,
1601 177 45 21 and
1655 184 69 20 many
1736 177 81 22 others.

1312 203 167 23 Consideration
1487 204 68 27 given
1563 207 23 18 to
1597 204 37 21 the
1643 204 97 26 natives,
1747 211 14 14 a
1770 204 104 27 quantity

1286 230 25 22 of
1317 230 163 27 merchandize,
1491 230 66 22 value
1567 233 40 19 not
1617 230 78 22 stated.
1716 238 11 9 •'
1765 230 10 17 '■

1277 254 4 11 1
1311 256 87 22 Nature
1422 257 24 21 of
1466 264 142 20 conveyance
1609 268 28 4 —
1637 256 73 28 Deed,
1731 257 66 22 dated
1810 256 63 23 USth

1286 283 120 28 February,
1418 285 60 20 1840.

1500 310 145 22 WILLIAM
1662 310 100 29 SPAIN,

1366 351 9 4 -
1635 352 7 3 -
1664 334 180 25 Commissioner.

1453 382 68 20 Port
1537 381 30 21 of
1583 382 125 20 London.

1445 421 29 14 to
1493 421 45 15 the
1560 414 93 22 Public.
1654 425 29 5 —
1683 414 125 23 Travellers
1827 414 45 22 and

1286 439 75 22 others
1370 440 48 22 who
1428 440 55 23 send
1492 441 107 27 baggage,
1610 442 72 21 works
1692 442 26 21 of
1729 445 41 23 art,
1777 449 25 14 or
1810 442 63 21 other

1286 466 66 21 value
1361 471 102 23 property
1474 470 23 19 to
1505 467 112 27 England,
1634 468 83 21 should
1731 468 93 27 consign
1831 467 41 22 'the

1285 492 111 28 packages
1406 498 21 17 to
1438 494 37 21 the
1485 501 51 15 care
1542 494 26 21 of
1575 501 13 14 a
1594 494 99 23 licensed
1701 496 171 21 Custom-house

1286 523 74 23 agent,
1376 527 23 14 as
1416 520 87 23 articles
1518 527 38 15 are
1571 521 128 27 frequently
1713 522 97 27 injured,
1827 521 46 22 and

1285 546 101 23 needless
1396 554 97 20 expense
1507 547 111 27 incurred,
1634 548 36 21 for
1685 548 39 22 the
1739 552 61 18 want
1806 562 4 6 .
1816 548 27 22 of
1859 555 14 14 a

1284 580 82 20 proper
1374 581 79 19 person
1464 577 23 18 to
1498 574 52 21 take
1559 574 80 27 charge
1650 574 26 22 of
1692 575 62 22 them
1769 582 28 14 on
1815 574 58 22 their

1285 600 86 26 arrival,
1383 600 45 21 and
1437 605 42 17 see'
1488 600 62 22 them
1567 601 98 27 entered,
1683 602 127 26 examined,
1827 601 45 22 and

1285 626 108 28 carefully
1407 627 116 27 repacked.
1558 627 48 22 The
1616 638 3 3 •
1625 628 82 27 charge
1723 629 19 21 is
1757 628 37 22 the
1811 635 61 15 same

1285 652 99 23 whether
1393 661 23 14 so
1427 653 123 27 consigned
1559 661 25 14 or
1677 665 4 5 -

1516 680 116 28 Chamber,
1644 682 103 26 London,

1286 740 139 48 DEVOY
1435 740 45 22 and
1489 741 54 26 CO.,
1558 742 45 20 who
1617 748 37 14 are
1670 744 37 19 the
1720 743 153 21 LICENSED

1366 768 124 20 AGENTS
1498 768 28 25 of
1535 769 48 20 Her
1589 770 97 25 Majesty'
1688 777 12 13 t
1708 771 165 20 Commissioners

1284 794 28 25 of
1324 795 98 25 Customs,
1432 795 43 20 and
1487 795 67 21 under
1564 797 62 25 heavy
1634 798 64 20 bonds
1710 798 39 24 for
1757 799 36 19 the
1803 798 69 25 safety

1284 821 28 25 of
1316 825 103 23 property
1436 823 111 31 consigned^
1560 825 22 18 to
1597 825 62 24 them,
1679 825 45 26 beg
1742 825 62 21 those
1822 824 49 22 who

1286 849 56 21 send
1350 849 109 27 packages
1469 852 22 18 to
1503 849 57 22 their
1570 858 56 19 care,
1642 854 23 19 to
1674 858 38 14 see
1722 851 49 22 that
1780 851 55 22 each
1844 851 27 22 be

1286 875 112 28 distinctly
1416 876 94 22 marked
1556 877 81 22 Devoy
1656 878 46 21 and
1721 878 47 27 Co.,
1788 878 84 21 Lower

1284 901 199 29 Thames-street,
1624 905 45 21 and
1674 904 38 22 the
1719 905 39 21 bill
1765 905 25 21 of
1796 904 76 27 lading

1286 935 24 14 or
1324 930 84 27 receipt
1421 930 124 22 forwarded
1563 934 23 18 to
1604 931 62 22 them
1684 931 71 22 direct
1769 932 31 26 by
1814 935 56 24 post,

1286 955 52 21 with
1347 956 142 23 instructions
1498 957 51 22 how
1559 957 55 22 such
1623 958 70 27 goods
1704 966 36 13 are
1750 961 23 18 to
1787 959 26 21 be
1828 958 44 21 dis-

1285 983 69 25 posed
1363 983 26 21 of
1399 991 29 14 on
1437 984 79 22 arrival
1526 992 5 19 ;
1547 985 45 21 and
1599 992 23 14 as
1630 992 68 20 every
1705 985 99 28 package
1813 989 59 18 must

1285 1007 27 23 be
1330 1011 85 25 opened
1436 1015 22 17 at
1476 1010 37 22 the
1532 1011 179 28 Custom-house,
1730 1012 20 21 if
1770 1019 46 20 any
1833 1019 38 15 are

1284 1035 91 28 locked,'
1382 1037 37 21 the
1428 1037 55 28 keys
1492 1037 81 22 should
1582 1039 27 21 be
1618 1039 133 22 forwarded.

1314 1063 75 22 Goods
1393 1064 50 25 .and
1451 1065 111 27 packages
1572 1072 36 15 are
1617 1065 126 22 forwarded
1751 1066 31 27 by
1791 1066 80 26 Devoy

1286 1089 45 21 and
1340 1090 38 21 Co.
1389 1093 22 19 to
1422 1091 29 21 all
1465 1095 60 22 parts
1539 1092 25 21 of
1577 1093 36 21 the
1630 1093 129 27 Continent,
1771 1092 37 22 the
1818 1093 54 21 East

1286 1116 44 22 and
1340 1117 63 21 West
1410 1118 81 25 Indies,
1502 1118 108 28 Colonies,
1622 1120 41 21 &c.
1674 1120 42 21 &c.
1724 1127 6 19 ;
1742 1119 50 27 and,
1804 1120 20 21 if
1836 1127 35 14 re-

1286 1143 84 27 quired,
1382 1148 49 18 sent
1445 1148 22 18 to
1477 1145 38 21 the
1528 1152 50 15 care
1593 1146 25 21 of
1629 1146 137 27 responsible
1783 1146 87 27 houses,

1286 1169 49 22 who
1350 1170 44 22 will
1410 1178 35 14 see
1462 1171 38 21 the
1516 1171 144 23 instructions
1676 1176 51 18 sent
1741 1173 52 22 with
1810 1173 61 21 them

1285 1197 130 27 punctually
1425 1198 107 22 attended
1542 1201 29 19 to.
1757 1196 4 9 '

1312 1223 39 22 All
1361 1224 68 27 goods
1439 1224 44 22 and
1493 1225 109 27 packages
1610 1225 36 22 for
1655 1225 113 33 shipment
1775 1229 59 19 must
1843 1227 28 20 be

1286 1251 158 26 accompanied
1453 1251 30 27 by
1499 1252 88 21 written
1601 1253 151 26 instructions,
1764 1253 53 22 with
1832 1253 39 21 the

1284 1284 68 14 name
1361 1278 45 21 and
1415 1278 89 22 address
1514 1279 26 21 of
1552 1278 38 22 the
1599 1279 82 27 parties
1690 1280 30 27 by
1731 1280 72 21 whom
1818 1279 54 28 they

1284 1311 38 14 are
1336 1308 56 23 sent,
1408 1305 44 21 and
1469 1305 37 21 the
1521 1309 102 18 contents
1636 1305 45 22 and
1696 1306 66 22 value
1778 1307 26 20 of
1817 1308 54 20 each

1284 1330 99 28 package
1394 1331 77 23 stated.
1500 1332 49 22 The
1564 1333 54 27 duty
1628 1333 110 22 outwards
1752 1334 19 21 is
1782 1335 41 20 10s.
1832 1341 40 19 per

1284 1357 62 22 £100
1361 1358 71 22 value.
1470 1358 47 22 The
1535 1362 47 18 rate
1597 1359 26 21 of
1635 1360 119 21 insurance
1772 1360 99 28 depends

1284 1392 61 19 upon
1357 1385 179 22 circumstances.
1565 1386 43 21 For
1624 1386 88 22 further
1726 1387 145 22 information

1284 1411 68 27 apply
1376 1415 23 18 to
1422 1413 43 21 Mr.
1485 1413 93 21 Samuel
1604 1413 101 27 Revans,
1726 1414 144 27 Wellington,

1283 1436 55 23 Port
1348 1439 129 22 Nicholson.

1495 1484 162 21 Education.

1413 1517 44 21 and
1478 1517 70 21 MISS
1571 1517 190 23 WAKEFIELD
1785 1519 86 22 receive

1287 1539 60 25 IVJ_
1375 1544 72 27 pupils
1457 1550 29 15 on
1497 1543 38 22 the
1544 1543 115 28 following
1668 1548 68 19 terms
1742 1554 5 13 :
1749 1557 28 4 —

1312 1576 45 21 For
1374 1577 74 27 board,
1469 1577 53 22 with
1540 1578 100 28 washing
1655 1579 45 22 and
1715 1580 34 21 in-

1340 1604 106 22 struction
1450 1606 24 20 in
1478 1605 93 26 general
1577 1606 92 26 English
1674 1606 75 22 litera-

1338 1634 56 24 ture,
1411 1632 94 26 writing,
1519 1632 46 21 and
1577 1632 116 28 aritinetic,
1710 1641 40 19 per

1339 1661 89 23 quarter
1750 1662 13 20 8
1791 1663 12 19 8
1831 1663 14 19 0

1311 1684 78 22 Under
1398 1686 13 20 7
1419 1692 64 20 years
1494 1685 25 21 of
1531 1693 40 19 age
1750 1688 13 21 7
1791 1688 13 22 7
1831 1689 13 19 0

1311 1711 52 27 Day
1373 1712 103 21 boarders
1749 1715 14 20 4
1790 1717 14 19 4
1831 1716 13 19 0

1313 1738 50 26 Day
1372 1738 72 28 pupils
1575 1747 8 12 .-
1750 1743 13 19 2
1790 1743 13 19 2
1831 1743 13 19 0

1310 1765 82 22 Junior
1402 1766 53 21 ditto
1751 1769 9 19 1
1777 1769 24 20 H
1831 1770 13 19 6

1284 1792 95 27 French,
1395 1792 88 27 Italian,
1499 1792 45 21 and
1559 1793 112 27 Drawing,
1683 1794 32 21 £1
1732 1796 43 20 11s.
1786 1795 36 22 6d.
1832 1802 40 20 per

1528 1823 96 24 quarter.

1312 1845 89 22 Private
1410 1846 84 21 lessons
1503 1846 24 21 in
1539 1848 75 26 music,
1627 1855 25 13 or
1662 1855 46 19 any
1718 1848 26 20 of
1754 1848 37 22 the
1801 1849 70 21 above

1284 1872 109 22 bi'anches
1404 1873 25 21 of
1441 1872 124 28 education,
1582 1881 42 14 one
1638 1874 77 22 hour's
1730 1875 140 27 instruction,

1285 1900 49 21 four
1342 1899 85 22 lesson
1432 1899 9 22 3
1444 1900 36 21 for
1490 1907 43 14 one
1542 1900 88 27 guinea.

1310 1933 134 21 References
1454 1936 22 19 to
1487 1933 37 22 the
1534 1933 113 28 following
1653 1935 129 27 gentlemen
1794 1936 77 27 kindly

1283 1960 120 27 permitted
1411 1968 4 14 :
1416 1971 29 4 —

1311 1992 62 26 Capt.
1385 1992 33 21 W.
1430 1992 33 21 M.
1475 1992 79 27 Smith,
1566 1993 66 27 R.A.,
1641 1994 230 26 Surveyor-General.

1310 2018 26 21 T.
1352 2019 28 20 M.
1392 2018 122 26 Partridge,
1527 2019 53 27 Esq.

1311 2045 22 21 S.
1345 2045 95 25 Revans,
1451 2045 53 26 Esq.
1877 2048 2 17 !

1378 2091 91 20 Union
1483 2091 80 19 Bank
1577 2091 30 20 of
1624 2092 149 20 Australia.

1285 2124 93 21 London
1397 2124 91 26 Office,
1505 2123 44 22 No.
1564 2125 35 25 38,
1618 2124 49 21 Old
1684 2125 185 23 Broad-street.

1338 2158 92 27 Capital,
1441 2158 122 27 £800,000;
1583 2157 51 28 paid
1643 2166 38 20 up,
1697 2159 118 27 £500,000.

1516 2196 109 12 DIRECTORS
1631 2197 4 4 •

1390 2220 66 19 George
1464 2218 39 17 Fife
1510 2220 67 19 Angas,
1586 2220 48 21 Esq.,

1389 2241 67 16 Kobert
1463 2240 75 20 Brooks,
1547 2241 49 19 Esq.,

1388 2262 60 16 James
1456 2261 49 16 John
1512 2261 99 20 Cummins,
1620 2262 49 21 Esq.,

1388 2283 67 16 Kobert
1463 2281 96 21 Gardener,
1571 2283 47 20 Esq.,
1630 2283 123 20 Manchester,

1388 2304 47 15 John
1444 2303 46 16 Gore
1507 2303 48 20 Esq.,

1388 2325 48 15 John
1443 2323 80 17 William
1530 2324 74 18 Buckle,
1610 2324 49 21 Esq.,

1388 2345 95 20 Benjamin
1490 2345 21 16 E.
1519 2345 63 19 Lindo,
1590 2345 47 19 Jib<].,

1389 2366 71 16 Chailus
1469 2366 75 16 Edward
1552 2366 86 19 Mangles,
1647 2367 50 19 Esq.,

1389 2387 114 20 Christopher
1510 2387 82 19 Rawson,
1601 2387 48 20 Esq.,
1662 2387 80 20 Halifax,

1388 2408 77 16 Thomas.
1473 2408 64 19 Sands,
1545 2408 48 19 Esq.,
1601 2407 99 21 Liverpool,

1387 2429 61 15 James
1455 2428 55 20 Bogle
1519 2429 64 18 Smith,
1589 2428 48 20 Esq.,

1387 2450 61 15 Jaraeb
1455 2449 80 16 ltuddell
1542 2449 55 19 Xodd,
1605 2450 42 19 Esq.

1283 2471 85 16 Trustees
1373 2475 4 11 :
1394 2470 80 16 George
1485 2469 56 17 Cakr
1554 2470 59 18 Glyn,
1625 2470 48 20 Esq.,
1684 2470 54 16 Join*
1749 2470 62 20 Gone,
1820 2471 49 20 Esq.,

1428 2491 35 16 and
1470 2490 67 16 James
1544 2490 17 17 J.
1569 2491 100 19 Cumjiins,
1677 2491 44 20 Esq.

1310 2519 91 16 Bankers:
1413 2518 73 17 Messrs.
1494 2519 61 18 Glyx,
1567 2518 80 17 Hai.lif
1649 2523 31 14 ax,
1689 2519 70 19 Mills,
1768 2520 36 15 and
1812 2521 30 16 Co.

1402 2540 100 19 Secretary.
1514 2539 83 16 Samuel
1603 2540 95 18 Jacksox,
1706 2540 43 19 Esq.

1374 2560 77 16 Colonial
1458 2560 104 20 Inspector:
1575 2560 16 16 J.
1599 2560 18 16 C.
1625 2560 103 19 M'Larck,
1737 2561 42 20 Esq.

1404 2608 67 20 New
1489 2607 123 20 Zealand
1630 2608 116 21 Branch.

1283 2642 53 16 Local
1343 2642 90 16 Directors
1438 2646 5 11 :
1458 2641 48 16 Geo.
1517 2641 18 16 S.
1546 2641 72 17 Evans,
1630 2641 49 21 Esq.,
1691 2642 70 19 D.C.L.,
1773 2644 38 15 and
1822 2643 47 16 Gxo.

1501 2662 91 19 Hunter,
1604 2662 43 20 Es>q.

1283 2691 95 20 Manager:
1389 2691 48 16 John
1444 2691 72 18 Smith,
1524 2690 50 20 Esq.,
1582 2690 35 16 late
1625 2690 19 16 of
1653 2691 31 16 the
1692 2691 118 17 Commercial
1817 2691 51 16 Bank

1427 2722 3 3 .
1448 2711 21 17 of
1477 2711 89 20 England,
1578 2711 122 17 Manchester,

1392 2738 113 23 Branches
1514 2742 24 17 at
1554 2738 96 28 Sydney,

1554 2765 87 22 llobart
1649 2766 77 27 Town,

1554 2792 9 21 ]
1571 2797 131 23 Aunceston,
1715 2793 45 22 and

1554 2819 10 22 1
1573 2822 34 19 ort
1617 2819 80 28 Philip.

1283 2847 53 21 Port
1345 2846 129 26 Nicholson,
1486 2846 80 21 March
1577 2847 33 25 24,
1621 2847 62 21 1840.

1283 2900 91 33 npHE
1390 2900 115 21 Directors
1521 2899 26 22 of
1562 2899 39 22 the
1617 2899 56 22 New
1690 2900 101 22 Zealand
1804 2900 65 22 Land

1289 2922 30 26 JL
1359 2926 114 28 Company
1486 2926 84 28 hereby
1587 2926 50 27 give
1653 2927 82 27 notice,
1753 2928 49 21 that
1817 2927 52 27 they

1283 2953 57 22 have
1346 2961 112 14 EFFECTED
1467 2960 31 14 AN
1509 2961 170 14 ARRANGEMENT
1688 2954 54 21 with
1749 2954 36 22 the
1794 2954 73 21 UIUOIi

1282 2980 65 21 Bank
1363 2980 24 21 of
1403 2980 119 27 Australia,
1540 2980 43 21 No.
1600 2982 33 25 38,
1648 2980 46 22 Old
1710 2981 158 27 Broad-street,

1283 3006 101 28 London,
1394 3007 35 22 for
1438 3007 37 22 the
1488 3006 168 23 establishment
1670 3008 27 21 of
1710 3015 13 14 a
1739 3008 130 21 BRANCII

1282 3033 89 22 BANK
1385 3034 33 21 IN
1433 3033 73 22 NEW
1519 3033 158 28 ZEALAND,
1690 3034 97 28 through
1797 3034 73 22 which

1282 3060 37 21 the
1329 3060 101 22 business
1443 3060 25 22 of
1481 3060 37 21 the
1536 3060 56 22 New
1608 3060 102 23 Zealand
1723 3061 64 22 Land
1804 3062 65 21 Com-

1282 3094 60 20 pany
1351 3087 45 22 will
1404 3088 28 21 be
1441 3087 134 22 transacted.
1603 3087 48 22 The
1667 3088 113 22 Directors
1796 3088 73 22 there-

1282 3116 47 19 tore
1338 3114 145 21 recommend
1490 3118 23 17 to
1531 3114 110 22 Colonists
1656 3114 39 22 the
1713 3115 76 22 Union
1804 3115 66 22 Bank

1282 3141 25 20 of
1326 3140 113 22 Australia
1456 3148 25 15 as
1499 3148 29 14 an
1554 3140 169 23 establishment
1744 3142 126 27 possessing

1283 3167 55 21 their
1356 3168 69 21 entire
1447 3168 138 26 confidence,
1604 3168 45 21 and
1669 3168 50 22 able
1737 3171 22 18 to
1777 3169 92 26 provide

1282 3194 125 27 effectually
1423 3194 33 22 for
1472 3194 38 22 the
1524 3194 105 22 financial
1644 3198 72 18 wants
1732 3196 25 21 of
1768 3195 38 22 the
1822 3196 48 21 first

1281 3220 135 23 settlement.

1448 3248 35 26 By
1493 3247 66 22 order
1568 3248 26 21 of
1603 3248 38 21 the
1651 3248 81 27 Board,

1525 3281 85 21 JOHN
1624 3281 106 28 WARD,
1745 3283 124 27 Secretary.

1283 3307 55 22 New
1348 3307 99 23 Zealand
1456 3307 66 23 Land
1531 3309 136 26 Company's
1676 3309 78 28 Office,

1309 3336 20 22 1,
1340 3335 160 26 Adam-street,
1510 3334 105 27 Adelphi,
1625 3335 54 22 2?th
1688 3336 61 26 Aug.
1768 3337 60 21 1839.

1285 3380 43 33 np
1331 3379 45 21 HE
1399 3380 78 19 Nelson
1500 3375 117 25 Mxaminer
1639 3381 44 20 and
1703 3382 53 19 New
1778 3382 94 20 Zealand

1289 3401 30 26 JL
1335 3406 6 6 y
1360 3406 105 21 Chronicle
1482 3406 126 25 (published
1617 3410 23 18 at
1650 3407 102 27 Nelson,)
1768 3408 19 22 is
1804 3416 67 20 regu-

1282 3432 57 27 larly
1358 3432 141 23 transmitted
1512 3438 24 16 to
1554 3433 143 28 Wellington,
1717 3435 44 22 and
1776 3443 53 20 may
1844 3436 25 21 be

1282 3459 43 22 had
1336 3462 24 18 at
1368 3459 38 22 the
1416 3460 63 21 office
1489 3460 25 21 of
1526 3460 44 21 this
1578 3467 74 21 paper.

1308 3485 49 23 The
1366 3487 78 20 Nelson
1452 3488 118 19 Examiner
1585 3486 44 23 will
1639 3488 28 21 be
1676 3487 71 22 found
1756 3495 29 15 an
1796 3488 75 23 excel-

1281 3513 48 20 lent
1337 3513 98 22 medium
1445 3514 35 21 for
1490 3513 137 22 adrertisers.

1307 3539 79 22 Terms
1396 3540 33 21 for
1439 3540 37 21 the
1486 3547 75 21 paper,
1572 3544 36 17 ten
1617 3540 102 27 shillings
1733 3548 38 20 per
1780 3544 91 24 quarter

1281 3566 94 27 payable
1383 3566 25 22 in
1418 3566 106 22 advance.

1309 3593 81 21 Orders
1413 3594 33 21 for
1467 3593 37 21 the
1527 3600 68 21 paper
1617 3593 46 22 and
1685 3594 184 22 adveitisements

1282 3619 103 22 received
1394 3622 22 19 at
1426 3620 37 21 the
1474 3619 71 22 Office
1557 3620 25 21 of
1594 3619 43 22 this
1646 3627 77 20 paper.

1517 3663 109 21 Notice.

1282 3697 46 33 rp
1333 3696 40 21 HE
1384 3696 230 22 UNDERSIGNED
1624 3696 85 27 having
1716 3704 14 14 a
1737 3697 60 27 large
1806 3697 63 22 stock

1288 3718 30 27 X
1343 3723 26 21 of
1379 3722 114 22 fire-wood
1506 3730 29 14 on
1554 3723 66 27 hand,
1631 3723 74 21 would
1720 3723 26 21 be
1762 3724 73 27 happy
1846 3728 22 17 to

1281 3749 80 28 supply
1370 3749 80 28 parties
1468 3749 54 21 with
1540 3756 43 19 any
1594 3750 101 27 quantity
1696 3761 27 4 —
1724 3750 58 22 from
1796 3754 38 18 ten
1846 3754 22 18 to

1280 3776 44 22 five
1340 3775 103 23 hundred
1458 3775 63 22 loads
1530 3783 5 18 ;
1552 3775 45 21 also
1612 3783 67 20 spars,
1696 3777 69 26 poles,
1781 3777 85 27 rafters,

1281 3803 45 21 and
1336 3803 67 21 knees
1418 3803 33 21 for
1469 3801 167 28 ship-building,
1649 3806 23 18 to
1687 3803 34 21 be'
1730 3803 67 22 taken
1810 3804 57 21 from

1281 3829 233 22 Wordsworth-street.
1554 3829 63 21 Price
1637 3832 22 18 to
1678 3829 29 22 be
1731 3830 82 27 agreed
1831 3838 34 19 on,

1281 3864 59 20 upon
1351 3856 133 28 application
1495 3860 22 18 to

1578 3882 81 22 Baker
1672 3882 112 27 Polhill,

1636 3916 37 22 At
1683 3916 47 23 Dr.
1742 3916 123 23 Butler's.

1281 3944 143 28 Wellington,
1435 3943 64 29 April
1510 3944 32 26 14,
1554 3945 58 20 1842.

1901 126 49 47 A
1979 125 132 28 HEWITT,
2122 127 162 26 Fishmonger,
2297 127 112 23 Lambton
2418 130 72 27 Quay,

1954 162 12 10 •
1983 151 145 29 Wellington,
2137 157 89 18 returns
2236 153 35 22 his
2279 153 87 23 sincere
2377 155 82 22 thanks
2467 160 24 17 to

1901 177 36 22 the
1955 177 139 24 inhabitants
2114 181 26 20 of
2160 180 45 22 this
2224 179 88 28 Colony
2328 181 35 21 for
2382 181 37 22 the
2436 190 56 20 very

1900 204 77 31 liberaj
1997 209 93 23 support
2103 205 29 23 he
2147 207 58 26 has,
2205 206 100 22 hitherto
2318 207 110 28 received,
2446 209 47 22 and

1899 230 87 30 begs^to
1995 231 83 22 inform
2088 232 61 22 them
2159 233 50 22 that
2224 233 27 21 he
2261 232 41 23 has
2311 233 66 23 made
2386 241 106 21 arrange-

1891 260 82 18 -ments
1989 257 40 22 for-
2043 265 13 14 a
2071 263 104 18 constant
2191 259 81 28 supply
2287 259 33 22 'of*
2337 260 38 22 the

1900 284 103 21 varieties
2013 284 25 21 of
2048 284 49 28 fish,
2115 286 74 22 which
2205 287 29 21 he
2251 286 139 29 confidently
2405 295 87 15 recom-

1900 310 111 23 mends;to
2022 311 37 21 the
2067 312 76 27 public
2152 320 25 14 as
2184 313 69 26 being
2260 313 26 21 of
2297 313 39 21 the
2342 313 50 22 best
2397 314 94 27 quality.

1926 337 85 22 Orders
2020 338 34 21 for
2064 338 104 29 shipping
2176 339 111 28 received,
2303 340 46 22 and
2358 342 134 28 punctually

1901 364 107 21 attended
2018 367 30 19 to.
2108 367 4 18 ;
2130 366 3 5 '
2177 367 4 18 ',
2271 371 7 13 s.
2293 365 19 20 T
2335 372 11 14 c
2358 379 5 5 .
2398 365 9 19 .'
2424 366 4 18 '.

2055 398 99 16 OYSTERS
2169 400 72 15 FRESH
2258 401 79 15 DAILY.

1923 421 68 28 ■Also,
2004 428 14 15 a
2027 423 78 27 supply
2115 424 27 21 of
2155 424 129 27 vegetables
2301 424 60 23 fresh
2376 426 58 21 from
2452 426 40 23 the

1900 448 86 27 garden
1997 448 68 28 daily.

1900 492 116 27 English
2025 494 53 19 and
2091 494 119 28 Foreign
2219 496 168 26 Newspaper
2398 497 90 25 Office,

1907 525 131 33 JOSEPH
2065 525 152 28 CLAYTON,
2249 528 119 22 Publisher
2380 528 44 23 'of
2441 547 7 10 f
2450 529 38 22 the

1900 550 24 22 O
1963 553 111 25 Spectator
2092 553 46 22 and
2159 555 92 20 Colonial
2276 556 92 27 Gazette,
2391 556 98 22 General

1900 578 136 29 Newspaper
2046 579 45 22 and
2100 580 146 28 Advertising
2256 582 84 27 Agent,
2351 584 40 20 320
2398 583 88 28 Strand,

1900 605 103 27 London,
2018 607 142 26 respectfully
2175 615 130 15 announces
2318 612 23 19 to
2354 610 135 27 proprietors

1900 632 24 21 of
1936 632 102 22 Colonial
2046 633 112 26 Journals,
2170 634 45 22 and
2225 634 37 22 the
2272 636 98 22 resident
2387 637 102 21 Colonial

1899 662 87 24 gentry,
1998 659 48 22 that
2056 659 28 22 he
2093 659 19 22 is
2121 660 51 22 able
2183 665 22 17 to
2214 662 81 26 supply
2304 662 61 22 them
2380 663 53 22 with
2449 663 38 21 the

1900 685 69 22 above
1980 686 111 27 Journals,
2107 687 45 21 and
2171 694 68 20 every
2255 689 64 21 other
2332 689 94 23 London
2443 690 46 21 and

1900 712 99 28 Country
2010 713 135 27 Newspaper
2160 713 25 22 in
2201 713 70 23 Great
2288 715 94 28 Britain,
2401 717 30 27 by
2450 717 38 21 the

1901 739 88 22 earliest
2013 747 142 20 conveyance
2175 740 57 22 after
2249 741 39 21 the
2308 750 138 19 appearance
2466 743 27 21 of

1900 765 54 22 each
1964 766 142 27 publication.

1925 792 22 22 J.
1964 793 94 27 Clayton
2069 793 38 22 has
2116 793 59 22 been
2185 793 97 23 induced
2293 797 23 19 to
2332 802 44 21 pay
2392 796 96 27 particu-

1899 818 32 22 lar
1946 820 111 22 attention
2066 823 22 19 to
2098 820 44 22 this
2158 820 85 22 branch
2260 821 26 21 of
2305 821 38 23 the
2358 830 130 20 newspaper

1900 846 106 27 business,
2016 847 23 21 in
2050 854 153 20 consequence
2221 847 26 22 of
2265 847 39 23 the
2323 849 131 27 complaints
2465 850 27 21 of

1900 872 35 21 the
1946 873 100 21 Colonial
2057 874 62 21 Press
2134 875 36 22 in.
2176 877 41 19 not
2232 874 68 28 being
2316 875 101 28 supplied
2435 877 51 21 with

1900 898 92 28 English
2010 906 137 21 newspapers
2163 901 52 21 with
2232 901 48 22 that
2300 903 122 27 regularity
2442 903 46 22 and

1900 924 99 28 dispatch
2023 926 71 22 which
2118 927 19 21 is
2161 935 119 20 necessary
2302 932 23 18 to
2345 928 37 23 the
2399 937 87 15 success

1900 952 24 21 of
1936 959 13 14 a
1969 952 50 22 well
2033 954 111 25 managed
2160 953 102 23 Colonial
2279 962 131 21 newspaper
2429 960 57 18 esta-

1899 978 128 23 blishment.

1924 1006 91 22 Editors
2025 1006 25 22 of
2057 1013 139 21 newspapers
2206 1007 46 21 and
2260 1008 86 26 private
2354 1009 96 23 families
2460 1010 25 22 in

1900 1032 35 22 the
1946 1033 103 22 Colonies
2058 1033 49 21 who
2123 1034 104 21 received
2237 1035 58 21 their
2310 1035 93 27 English
2417 1043 69 16 news-

1899 1066 76 20 papers
1984 1060 94 27 through
2085 1061 37 21 the
2128 1061 99 21 medium
2236 1061 26 21 of
2269 1061 44 22 Mr.
2323 1062 133 25 Simmonds,
2464 1064 27 21 of

1900 1086 134 27 Chichester,
2054 1087 41 21 will
2116 1087 58 21 have
2194 1087 63 22 them
2277 1089 121 21 continued
2416 1090 69 27 by-J.

1900 1113 101 27 Clayton,
2013 1113 49 22 who
2072 1113 39 23 has
2118 1114 127 27 completed
2255 1115 55 21 such
2320 1121 166 22 arrangements

1900 1147 21 13 as
1931 1140 45 21 will
1987 1141 78 21 enable
2075 1141 44 21 him
2132 1145 22 17 to
2166 1148 63 19 carry
2239 1145 39 18 out
2288 1149 62 15 more
2361 1143 125 28 effectually

1899 1166 36 22 the
1944 1167 54 26 plan
2008 1167 25 21 of
2045 1167 118 28 supplying
2177 1169 96 26 Foreign
2286 1176 141 21 newspapers
2441 1171 45 21 and

1900 1200 89 20 persons
1996 1194 122 22 residentin
2125 1197 38 19 the
2170 1195 109 27 Colonies,
2286 1195 56 22 with
2348 1197 139 28 punctuality

1900 1220 42 21 and
1950 1220 107 27 dispatch,
2076 1221 52 21 than
2140 1222 45 21 Mr.
2205 1222 128 22 Simmonds
2349 1223 106 27 (residing
2464 1227 23 18 at

1900 1246 137 27 Chichester)
2048 1254 43 14 was
2102 1248 49 21 able
2163 1252 22 18 to
2196 1249 144 26 accomplish.

1924 1273 23 21 It
1956 1273 46 21 will
2011 1274 28 21 be
2053 1275 124 26 absolutely
2186 1282 118 20 necessary
2314 1279 23 17 to
2350 1283 137 22 accompany

1900 1300 52 21 each
1964 1300 65 22 order
2038 1301 30 26 by
2076 1305 108 22 payment
2192 1301 25 22 of
2224 1301 35 21 six
2269 1309 24 14 or
2300 1303 79 21 twelve
2389 1304 97 22 months'

1899 1334 78 20 papers
1985 1327 25 21 in
2024 1327 105 27 advance,
2146 1335 26 14 or
2182 1336 13 14 a
2203 1328 115 22 reference
2333 1333 22 18 to
2365 1337 61 15 some
2436 1331 50 21 firm

1899 1354 22 20 in
1931 1353 96 22 London
2037 1354 34 21 for
2080 1359 108 22 payment
2198 1358 22 18 at
2235 1355 37 21 the
2283 1356 124 27 expiration
2418 1357 25 21 of
2450 1357 36 22 the

1900 1380 76 22 twelve
1992 1381 101 27 months;
2110 1382 22 20 in
2149 1381 73 22 which
2239 1389 48 15 case
2305 1390 44 15 one
2364 1383 123 28 halfpenny

1900 1411 61 17 extra
1970 1407 43 21 will
2022 1409 27 21 be
2060 1407 96 28 charged
2166 1416 28 14 on
2206 1409 53 21 each
2270 1416 75 20 paper.

1926 1434 22 20 J.
1960 1434 95 27 Clayton
2065 1439 65 17 trusts
2142 1435 49 21 that
2200 1435 34 21 his
2248 1437 127 21 connexion
2386 1437 52 21 with
2448 1437 37 22 the

1901 1461 111 25 Spectator
2022 1461 141 28 Newspaper,
2175 1470 24 14 as
2208 1462 87 22 Printer
2305 1463 46 22 and
2362 1464 123 27 Publisher,

1899 1487 56 23 from
1972 1489 28 21 its
2011 1493 192 17 commencement
2217 1489 24 21 in
2259 1491 59 24 182S,
2337 1490 45 21 will
2396 1491 27 21 be
2433 1498 53 14 con-

1900 1514 85 22 sidered
1996 1523 14 13 a
2019 1515 108 21 sufficient
2135 1521 122 21 guarantee
2265 1516 35 21 for
2309 1517 38 21 the
2357 1524 79 19 proper
2447 1526 39 19 ap-

1900 1541 104 27 plication
2016 1542 25 21 of
2045 1549 43 19 any
2098 1542 68 22 funds
2175 1542 52 27 paid
2236 1543 23 20 in
2271 1543 99 22 advance
2382 1544 35 22 for
2425 1545 61 26 Eng-

1900 1568 40 21 lish
1951 1576 139 19 newspapers
2098 1569 44 24 and
2152 1569 140 26 periodicals.

1924 1595 49 21 The
1982 1595 113 26 following
2104 1595 37 21 list
2151 1596 26 20 of
2184 1595 94 22 London
2292 1604 144 21 newspapers,
2448 1598 38 22 the

1900 1621 52 27 days
1963 1629 29 13 on
2000 1621 71 22 which
2078 1622 52 27 they
2138 1629 38 15 are
2184 1622 123 27 published,
2319 1624 44 20 and
2370 1625 38 21 the
2416 1625 70 26 prices

1900 1653 21 16 at
1930 1648 73 22 which
2018 1648 51 27 they
2079 1656 37 14 are
2131 1649 102 27 supplied
2250 1650 28 26 by
2288 1651 23 21 J.
2329 1651 100 27 Clayton,
2441 1652 44 21 will

1900 1675 25 21 be
1935 1675 71 21 found
2021 1675 70 21 useful
2109 1680 22 16 to
2141 1683 91 20 persons
2248 1677 24 21 in
2286 1677 38 21 the
2335 1677 101 23 Colonies
2450 1686 35 14 re-

1900 1703 87 26 quiring
1998 1702 90 27 English
2098 1709 148 21 newspapers.

2088 1736 122 18 MORNING
2223 1737 75 22 (Daily.)

2172 1758 62 22 siugle
2243 1763 54 17 copy,
2319 1763 34 17 per
2360 1761 82 19 quarter.

2326 1787 14 10 *.
2352 1785 16 12 *.
2383 1781 18 16 rf.

2248 1801 30 17 5(1.
2327 1802 8 16 1
2349 1802 19 16 12
2390 1802 10 16 C

1983 1821 89 16 Alorninir
2081 1821 99 18 Chronicle
2189 1834 14 5 ..
2219 1834 6 5 .
2250 1823 11 15 5
2285 1834 15 5 ..
2326 1823 9 16 1
2349 1823 19 16 12
2390 1823 11 16 6

1972 1842 101 22 *Moruiug
2081 1842 70 17 Herald
2250 1844 10 15 5
2285 1856 14 4 ..
2328 1844 40 16 112
2391 1844 10 16 C

2083 1864 43 16 I'ost
2251 1865 10 15 5
2285 1876 15 5 ..
2328 1865 40 16 112
2390 1865 11 16 6

1981 1884 90 21 Morning'
2076 1884 150 18 Advertiser....
2252 1886 10 15 5
2285 1897 15 5 ..
2328 1886 40 16 112
2391 1886 9 16 6

1983 1905 90 22 Morning
2084 1905 39 17 Sun
2252 1907 10 15 5
2285 1918 15 5 ..
2328 1907 41 16 112
2390 1907 10 16 6

2088 1933 115 18 EVENING
2216 1933 78 21 (.Daily.)

1983 1953 40 17 Sun
2251 1956 10 15 5
2285 1967 14 5 ..
2327 1956 8 15 1
2349 1956 19 15 13
2390 1956 10 16 6

1983 1975 60 17 Gl«be
2250 1977 11 15 5
2284 1988 15 5 ..
2326 1977 9 15 1
2349 1977 19 15 12
2390 1978 10 15 6

1971 1995 105 18 ♦Standard
2250 1998 10 15 5
2283 2009 16 5 ..
2326 1998 9 15 1
2348 1998 18 16 12
2389 1998 10 16 6

1970 2016 90 17 ♦Courier
2250 2019 10 15 5
2283 2030 16 5 ..
2326 2020 8 14 1
2347 2020 20 15 12
2389 2020 11 15 6

1981 2036 93 22 Shipping
2081 2037 80 17 Gazette
2249 2037 11 18 6
2283 2049 16 6 ..
2326 2037 12 18 I'
2348 2040 19 16 ID
2389 2040 10 15 0

1966 2063 112 21 MONDAY,
2090 2064 169 21 WEDNESDAY,,
2266 2065 38 17 and
2314 2065 101 19 FRIDAY.

1971 2084 96 22 *Evening;
2075 2085 44 17 Mail
2250 2088 10 15 5
2283 2098 18 5 ...
2325 2087 11 16 0
2348 2088 19 15 16
2389 2088 9 15 3

1979 2105 87 22 Evening-
2074 2106 99 17 Chronicle
2249 2108 10 16 5
2283 2119 18 4 ...
2325 2109 9 13 0
2347 2109 19 15 16
2389 2109 9 15 3

2034 2133 106 18 MONDAY
2152 2134 40 17 and
2205 2134 144 18 THURSDAY.

1980 2153 73 18 Patriot
2249 2157 11 15 5
2282 2167 19 5 ...
2325 2157 9 14 0
2355 2157 10 16 5
2387 2157 11 16 3

2250 2178 10 16 5
2283 2188 19 5 ...
2325 2178 10 15 0
2356 2178 10 16 5
2388 2179 10 16 5

2051 2202 114 18 TUESDAY
2177 2203 38 17 and
2229 2204 100 18 FRIDAY.

2030 2223 77 18 London
2116 2224 85 22 Gazette,
2208 2225 31 17 Bd.
2246 2229 35 17 per
2288 2225 61 18 sheet.

1952 2251 120 21 TUESDAY,
2085 2251 142 23 THURSDAY,
2240 2253 38 17 and
2290 2253 137 18 SATURDAY.

1970 2273 38 16 *»t.
2015 2272 81 17 James's
2104 2273 101 18 Chronicle
2210 2285 18 6 ...
2251 2276 10 15 5
2284 2286 18 5 ...
2326 2276 11 15 0
2349 2276 18 15 10
2380 2277 18 14 10

1970 2293 95 22 ♦English-
2070 2293 99 19 Chronicle
2250 2296 10 16 5
2283 2307 19 5 ...
2325 2296 11 16 0
2348 2297 19 16 10
2379 2297 20 16 10

2131 2322 115 18 MONDAY.

1981 2342 57 17 Mark
2044 2341 50 18 Lane
2102 2342 83 22 Express
2249 2344 23 20 CJ
2283 2355 18 6 ...
2324 2345 12 16 0
2357 2344 9 16 7
2389 2346 8 15 1

1970 2363 70 17 ♦Bell's
2048 2363 110 23 Messenger
2166 2374 61 8 .........
2249 2365 11 17 6
2283 2376 18 6 ...
2324 2366 11 16 0
2356 2365 10 17 6
2388 2366 10 16 6

1970 2383 104 18 ♦Farmer's
2081 2384 80 19 Journal
2250 2386 10 17 6
2283 2397 19 6 ...
2325 2387 10 15 0
2356 2387 10 16 6
2388 2387 11 17 6

1970 2404 62 18 ♦Joim
2040 2405 43 17 Uuu
2250 2407 11 16 6
2283 2418 19 5 ...
2325 2408 9 15 0
2356 2408 10 15 6
2388 2408 10 16 6

1981 2425 94 18 Observer
2249 2428 10 17 6
2282 2439 18 5 ...
2324 2429 11 15 0
2356 2429 10 15 6
2387 2429 11 16 6

1981 2446 75 22 County
2064 2447 99 18 Chronicle
2248 2450 23 19 5£
2282 2460 19 5 ...
2324 2450 11 15 0
2356 2450 10 16 6
2388 2451 9 14 0

1980 2468 78 22 Magnet
2248 2471 23 19 44
2282 2481 19 5 ...
2323 2470 12 16 0
2355 2471 10 15 5
2387 2472 10 14 0

2105 2494 165 18 WEDNESDAY.

1981 2514 86 17 Colonial
2074 2515 78 18 Gazette
2249 2517 11 17 6
2282 2528 19 5 ...
2323 2517 12 16 0
2355 2517 11 16 6
2387 2517 11 17 6

1980 2535 155 19 Nonconformist
2249 2538 11 16 6
2283 2549 18 5 ~.
2324 2539 11 16 0
2356 2538 10 16 6
2388 2538 11 17 6

1979 2556 113 18 Watchman
2250 2561 10 14 5
2356 2560 10 15 5
2388 2560 10 16 5

2119 2578 138 18 SATURDAY.

1980 2597 97 22 Spectator
2250 2603 10 16 9
2283 2611 18 6 ...
2325 2601 10 16 0
2356 2602 10 16 9
2388 2603 11 15 a

1979 2619 55 17 Atlas
2240 2623 20 15 10
2283 2632 18 5 ...
2324 2623 11 15 0
2347 2623 19 16 10
2379 2624 19 15 10

1980 2639 63 18 Jurist
2250 2644 11 16 9
2282 2648 20 10 •...
2325 2643 10 15 0
2357 2644 10 16 9
2389 2644 10 16 9

1981 2661 60 16 Court
2046 2661 81 17 Journal
2250 2665 11 15 8
2283 2674 19 5 ...
2325 2664 12 16 0
2356 2665 11 15 8
2389 2665 10 15 8

1980 2681 61 17 Naval
2048 2682 37 17 and
2093 2682 85 22 Military
2183 2683 39 17 G'z
2250 2686 11 15 8
2283 2695 19 5 ...
2325 2685 10 15 0
2357 2686 10 15 8
2389 2686 10 16 8

1971 2702 81 17 ♦United
2060 2702 73 18 Service
2138 2704 79 17 Gazette
2223 2716 5 5 .
2251 2706 10 17 7
2283 2716 20 5 ...
2325 2705 12 16 0
2357 2706 11 17 7
2389 2707 10 16 7

1969 2723 51 22 ♦Age
2251 2727 9 15 6
2284 2736 18 5 ...
2325 2726 12 16 O
2358 2728 8 14 (j
2389 2728 9 14 (i

1969 2744 74 22 ♦Argus
2286 2749 16 5 ••
2326 2747 9 15 0
2357 2748 9 15 6
2389 2749 9 14 ti

1969 2764 70 18 ♦Bell's
2045 2764 109 23 Messenger
2250 2768 9 16 6
2283 2777 19 6 ...
2326 2768 10 14 0
2356 2768 10 15 G
2389 2769 9 15 6

1970 2785 111 17 ♦Britannia
2250 2789 9 15 6
2283 2798 18 5 ...
2325 2789 11 15 0
2356 2789 10 15 G
2389 2789 10 15 6

1978 2806 89 18 Courrier
2076 2806 22 18 de
2107 2807 89 22 l'Europe
2209 2819 18 5 ...
2250 2810 9 15 6
2283 2819 19 5 —
2325 2810 10 14 0
2356 2810 10 15 G
2388 2810 10 15 6

1886 2826 2 26 I
1980 2827 59 17 Court
2046 2827 76 18 Gazette
2250 2831 9 15 6
2283 2839 19 6 ...
2325 2831 10 14 0
2356 2831 10 15 G
2388 2831 10 15 6

1970 2848 144 17 ♦Conservative
2121 2849 80 18 Journal
2210 2862 17 4 ...
2250 2851 10 15 ti
2283 2860 19 5 ...
2325 2851 12 16 0
2356 2851 10 16 G
2389 2851 9 16 6

1970 2869 49 17 ♦Era
2110 2869 11 17 .'.
2250 2873 10 14 6
2283 2881 19 5 ...
2325 2872 15 18 0.
2357 2872 9 15 6
2388 2872 10 16 G

1979 2890 102 17 Examiner
2250 2893 9 15 6
2283 2902 19 5 ...
2319 2895 4 4 -
2325 2891 17 17 O'
2349 2888 6 12 T
2356 2893 10 15 G
2389 2893 9 15 6

1980 2911 80 17 Journal
2067 2911 21 17 of
2093 2911 111 19 Commerce
2209 2924 18 5 ...
2250 2914 10 15 6
2283 2924 19 5 ...
2325 2913 12 17 0
2357 2914 9 15 6
2389 2914 9 15 8

1971 2932 63 17 •John
2043 2933 40 16 Bull
2250 2935 10 15 6
2283 2945 19 5 ...
2326 2935 10 14 0
2358 2935 9 14 6
2389 2935 10 15 6

1980 2953 113 17 Gardener's
2102 2953 78 18 Gazette
2251 2956 9 15 15
2285 2966 18 4 ...
2326 2956 11 15 0
2358 2956 9 14 (i
2389 2956 10 15 ti

1977 2972 76 19 'Justice
2061 2974 21 17 of
2087 2975 58 16 Peace
2250 2976 10 15 6
2284 2986 19 5 ...
2326 2977 11 15 0
2358 2977 9 14 6
2389 2977 10 15 6

1952 3011 3 5 ,
1980 2994 77 23 Mining*
2065 2995 79 16 Journal
2251 2997 9 15 6
2284 3006 18 6 ...
2325 2998 12 15 0
2357 2998 9 14 6
2389 2997 10 15 6

1980 3015 47 17 New
2034 3015 57 17 Bell's
2103 3016 126 22 Messenger..
2250 3017 10 15 6
2283 3028 19 5 ...
2326 3018 9 15 0
2356 3018 10 15 6
2389 3018 9 15 6

1980 3036 83 21 Railway
2071 3036 62 17 Times
2250 3038 10 15 6
2283 3049 19 5 ...
2325 3039 12 16 0
2357 3039 9 14 6
2389 3039 9 14 6

1980 3057 77 17 Satirist
2250 3058 10 16 6
2283 3069 19 6 ...
2325 3060 10 14 0
2357 3060 9 14 6
2389 3059 9 15 6

1980 3078 74 17 British
2062 3078 64 18 Queen
2250 3079 10 15 6
2283 3090 19 5 ...
2325 3081 10 14 0
2356 3080 10 15 (5
2388 3080 10 15 6

1980 3098 78 22 Sunday
2064 3098 63 18 Times
2249 3100 10 15 6
2283 3111 19 5 ...
2325 3100 10 17 0
2356 3101 10 15 6
2388 3101 10 15 G

1975 3119 72 20 /Tablet
2250 3121 10 14 6
2283 3132 19 5 ...
2325 3122 10 15 0
2356 3121 10 15 6
2389 3121 9 15 G

1980 3140 80 21 Weekly
2065 3140 93 22 Dispatch
2250 3141 9 15 6
2283 3152 18 6 ...
2325 3143 9 15 0
2356 3142 9 15 6
2388 3142 10 15 G

1956 3174 2 5 ,
1981 3161 60 18 Bell's
2048 3156 40 23 Life
2248 3162 12 15 5
2283 3173 18 5 ...
2324 3163 10 15 0
2356 3162 10 16 5
2388 3162 10 15 6

1981 3182 84 22 Railway
2072 3182 98 22 Magazine
2248 3183 11 15 5
2282 3194 19 5 ...
2324 3184 10 15 0
2355 3183 10 16 5
2388 3183 10 16 5

1964 3217 4 2 .
1980 3203 67 18 Planet
2248 3204 23 20 *i
2282 3215 19 5 ...
2323 3205 16 18 0,
2355 3205 11 15 5
2388 3206 10 14 0

1980 3224 78 22 Weekly
2065 3224 100 19 Chronicle
2248 3220 23 25 4j
2282 3236 18 5 ...
2324 3226 10 15 0
2355 3225 11 16 5
2388 3227 10 14 0

1980 3245 87 22 Literary
2075 3244 78 19 Gazette
2248 3246 12 16 9
2282 3256 18 6 ...
2323 3246 12 16 0
2356 3247 10 17 9
2388 3248 10 16 9

1980 3267 111 17 Athenaeum
2248 3267 11 15 5
2281 3278 19 5 ...
2323 3268 12 16 0
2356 3268 10 15 5
2388 3269 10 16 5

2044 3293 3 6 ■
2090 3286 200 23 (FORTNIGHTLY.)

1981 3308 47 18 New
2035 3309 81 17 Zealand
2123 3307 101 23 Journal,.
2249 3309 10 15 6
2283 3319 19 6 ...
2324 3310 11 15 0
2356 3311 10 15 3
2388 3311 10 15 6

1982 3330 59 17 South
2043 3329 106 18 Australian
2154 3328 74 18 Record
2248 3330 11 16 5
2283 3340 18 6 ...
2323 3331 12 16 0
2356 3332 10 15 3
2389 3332 10 16 0

1978 3358 3 3 ■
2011 3351 68 21 Papers
2086 3350 77 17 marked
2170 3351 10 10 •
2189 3353 32 13 are
2228 3349 141 20 Conservative.

1923 3371 48 22 The
1980 3372 116 26 foregoing
2104 3372 72 26 prices
2186 3377 38 15 are
2232 3370 40 22 the
2281 3379 63 15 same
2355 3380 24 14 as
2389 3373 96 28 charged

1900 3398 21 21 in
1942 3398 96 21 London
2046 3406 5 19 ;
2076 3398 110 21 therefore
2196 3400 3 5 '
2206 3397 28 22 all
2259 3401 92 25 postage
2374 3407 25 14 or
2422 3404 63 18 extra

1899 3424 90 28 charges
1998 3425 102 21 incurred
2108 3425 24 20 in
2142 3424 38 22 the
2191 3425 80 21 transit
2285 3429 62 19 must
2355 3426 28 22 be
2392 3427 53 27 paid
2453 3427 32 27 by

1898 3451 35 21 the
1943 3452 82 26 parties
2036 3455 22 18 at
2065 3451 37 22 the
2112 3451 54 22 time
2177 3451 37 22 the
2225 3452 65 21 order
2299 3453 19 21 is
2326 3453 75 26 given.

1923 3478 22 21 It
1956 3478 44 21 will
2009 3478 27 21 be
2046 3478 107 21 desirable
2162 3478 25 21 in
2196 3478 29 21 all
2236 3485 61 15 cases
2305 3480 75 22 where
2391 3487 43 20 any
2444 3479 40 23 ad-

1898 3507 93 24 vantage
2001 3505 67 21 exists
2076 3504 22 22 in
2109 3504 38 22 the
2163 3504 66 22 mode
2239 3506 26 20 of
2276 3513 144 21 conveyance
2431 3514 54 15 over

1898 3530 35 22 the
1951 3531 104 27 ordinary
2072 3538 76 15 means
2166 3532 23 21 of
2208 3533 155 22 transmission
2380 3534 30 27 by
2426 3537 56 24 post,

1898 3558 46 21 that
1952 3558 135 26 gentlemen,
2098 3558 100 22 desirous
2206 3559 25 21 of
2243 3559 98 28 availing
2350 3560 133 22 themselves

1898 3584 24 21 of
1932 3584 55 22 such
1998 3584 129 28 advantage,
2139 3585 81 22 should
2235 3586 65 27 point
2316 3591 39 17 out
2367 3587 82 27 clearly
2458 3587 24 22 in

1898 3611 56 21 what
1964 3618 49 20 way
2029 3612 52 21 such
2099 3612 132 27 peculiarity
2241 3613 26 21 of
2279 3620 143 21 conveyance
2431 3615 19 20 is
2459 3617 24 18 to

1897 3638 25 21 be
1931 3637 112 22 rendered
2058 3638 152 28 avattab^for
2220 3639 39 22 the
2272 3648 96 19 purpose
2384 3641 25 21 of
2421 3648 63 14 acce-

1897 3664 94 26 lerating
2000 3664 38 22 the
2048 3664 104 28 despatch
2163 3666 93 26 or^stich
2266 3674 148 20 newspapers.

1923 3691 82 22 Orders
2035 3691 34 22 for
2097 3692 185 23 advertisements
2312 3693 103 22 leceived
2437 3693 50 22 and-

1897 3718 110 26 promptly
2015 3718 97 22 inserted
2128 3719 24 21 in
2168 3720 30 22 all
2215 3720 37 22 the
2268 3721 87 26 foreign
2366 3720 46 22 and
2424 3721 59 21 colo-

1897 3744 42 21 nial
1945 3745 110 27 journals,
2067 3746 44 21 and
2125 3746 25 22 in
2167 3747 38 21 the
2220 3747 96 21 London
2333 3747 46 21 and
2389 3751 94 23 country

1896 3777 139 21 newspapers
2045 3772 44 21 and
2100 3773 137 27 magazines.

2101 3816 55 22 Bill
2171 3817 102 21 Books.

1898 3841 70 47 ON
1982 3841 84 27 SALE,
2082 3847 23 17 at
2114 3843 44 22 this
2170 3843 71 26 office,
2253 3843 69 22 blank
2332 3844 57 21 Bill
2399 3844 83 22 Books.

1996 3869 92 21 Gazette
2125 3870 72 27 office,
2208 3870 57 21 Dec.
2274 3872 22 20 4.
2420 3878 4 4 •

1897 3913 120 49 SEEDS,
2029 3913 36 22 the
2075 3914 98 26 produce
2189 3914 25 22 of
2227 3914 37 21 the
2281 3914 93 28 Colony,
2387 3915 35 21 for
2436 3914 45 23 sale

1958 3943 23 18 at
1992 3939 37 22 the
2191 3940 76 22 Office.

2363 3975 3 11 1

55 128 81 22 Cook's
152 128 82 22 Straits.
274 126 47 23 The
334 126 92 21 summit
440 126 24 21 of
481 126 37 22 the
531 133 70 20 range
617 126 26 21 of

54 155 128 22 mountains
196 154 83 22 known
296 153 28 27 by
339 153 38 21 the
392 160 65 14 name
474 153 26 21 of
515 153 122 25 Turakirai,

53 181 60 21 from
122 181 38 21 the
169 181 64 27 point
242 181 74 21 where
325 179 37 22 the
373 179 48 21 said
430 186 68 19 range
514 179 78 21 strikes
603 179 36 21 the

53 215 46 19 sea,
114 208 24 21 in
155 207 79 23 Cook's
254 207 84 25 Straits,
355 205 87 22 outside
458 206 26 21 of
500 205 36 22 the
552 209 87 18 eastern

53 233 114 23 headland
190 234 26 22 of
239 233 40 23 the
300 233 47 21 said
365 232 56 32 Bay_
429 231 45 23 and
490 232 105 22 Harbour
617 233 26 21 of

54 260 91 27 Wanga
152 261 47 21 Nui
209 261 78 26 Atera,
298 267 24 13 or
331 259 52 21 Port
390 258 128 27 Nicholson,
525 259 74 28 along-
603 259 36 21 the

54 287 93 21 summit
157 287 27 21 of
195 287 37 22 the
247 286 51 23 said
310 292 75 20 range,
397 285 71 22 called
483 285 123 26 Turakirai,
617 291 24 16 at

54 314 39 21 the
113 313 100 23 distance
229 315 26 21 of
272 313 69 22 about
359 312 78 22 twelve
456 312 92 27 English
566 313 71 26 miles,

53 348 64 14 more
127 348 25 14 or
159 341 52 26 less,
221 341 63 21 from-
296 339 37 21 the
347 339 43 21 low
406 342 67 18 water
489 339 63 21 mark
562 346 29 14 on
603 339 38 22 the

55 370 88 19 eastern
159 367 63 22 shore
238 367 27 21 of
277 367 36 21 the
329 365 48 21 said
392 365 50 28 Bay
458 373 25 14 or
497 365 107 22 Harbour
619 366 26 21 of

54 393 91 28 Wanga
153 394 47 22 Nui
209 394 78 26 Atera,
296 400 23 14 or
328 392 52 22 Port
389 391 131 27 Nicholson,
527 393 67 21 untill
604 392 37 22 the

53 421 49 21 foot
120 421 27 21 of
163 420 38 22 the
217 420 55 27 high
288 426 69 19 range
378 419 26 21 of
425 419 123 21 mountains
569 419 72 22 called

53 447 106 26 Tararua,
180 447 80 21 situate
284 446 67 22 about
374 446 61 25 forty
453 445 90 27 English
567 446 72 26 miles,

53 481 63 14 more
134 480 25 14 or
174 473 49 27 less,
242 473 59 22 from
320 472 37 22 the
376 472 70 27 sandy
463 472 70 22 beach
557 475 24 19 at
604 473 37 21 the

53 500 166 22 north-eastern
230 499 118 26 extremity
354 498 26 22 of
385 498 38 22 the
434 499 45 21 said
491 499 45 26 Bay
546 506 25 14 or
581 499 60 22 Har-

53 527 56 21 bour
118 527 25 21 of
150 527 87 26 Wanga
246 526 48 22 Nui
302 526 76 25 Atera,
390 532 26 15 or
424 525 51 22 Port
482 525 130 28 Nicholson,
622 526 19 22 is

53 553 40 21 the
103 556 87 18 eastern
204 553 132 22 boundaries
347 552 26 21 of
384 551 37 22 the
436 552 46 21 said
492 552 67 26 lands,
580 555 51 19 tene

53 584 81 23 ments,
140 580 80 27 woods,
227 580 62 27 bays,
298 579 112 26 harbours,
418 579 73 25 rivers,
498 583 92 17 streams
597 579 45 21 and

53 607 86 21 creeks.
166 607 66 21 From
242 607 38 21 the
290 606 61 28 point
359 605 74 21 where
447 605 36 22 the
493 605 47 22 said
555 609 86 19 eastern

51 633 120 27 boundary
181 633 79 21 strikes
270 633 37 21 the
317 632 45 21 foot
372 632 25 21 of
409 632 37 21 the
456 633 108 21 aforesaid
573 633 69 22 Tara-

53 667 41 14 rua
99 667 67 19 range
173 660 26 21 of
205 659 133 26 mountains,
349 659 67 26 along
424 659 34 21 the
465 659 47 21 foot
519 660 24 20 of
550 659 37 22 the
595 660 46 21 said

53 687 100 21 Tararua
162 694 75 19 range,
254 685 56 23 until
319 685 36 22 the
372 687 65 23 point
446 685 71 22 where
527 685 37 22 the
574 693 68 20 range

53 713 27 21 of
91 713 134 26 mountains,
244 712 73 23 called
327 712 115 27 Rimarup,
460 713 76 21 strikes
545 713 40 21 the
595 713 48 21 foot

53 740 27 21 of
85 739 37 23 the
132 739 47 22 said
188 740 99 22 Tararua
301 746 75 19 range,
393 739 20 21 is
428 739 37 21 the
479 739 162 23 north-eastern

52 767 119 27 boundary
180 767 26 21 of
213 767 37 21 the
261 765 70 28 lands,
347 769 129 23 tenements,
489 767 79 26 woods,
581 767 60 27 bays,

51 793 116 26 harbours,
185 793 45 22 and
244 792 83 23 creeks.
357 792 68 22 From
442 793 36 21 the
493 793 61 26 point
569 793 73 22 where

52 820 38 22 the
101 819 48 23 said
164 820 107 27 Rimarup
287 826 67 20 range
366 819 24 21 of
403 820 126 21 mountains
543 823 24 18 at
576 828 13 13 a
600 821 42 21 dis-

51 851 68 18 tance
134 847 25 21 of
170 847 68 22 about
254 846 79 22 twelve
348 846 92 27 English
456 846 69 27 miles,
541 854 63 14 more
618 855 25 13 or

51 873 45 22 less
112 874 57 21 from
184 874 37 21 the
235 874 44 21 low
289 877 66 17 water
369 873 65 21 mark
449 880 28 14 on
494 873 35 21 the
546 877 95 19 western

52 901 65 21 shore
127 901 25 21 of
157 900 38 22 the
204 900 47 21 said
262 901 48 25 Bay
318 907 23 14 or
351 899 106 22 Harbour
467 899 26 22 of
499 900 86 27 Wanga
595 901 47 21 Nui

51 927 78 26 Atera,
142 934 24 14 or
176 927 54 21 Port
242 926 131 26 Nicholson,
384 927 57 21 until
451 926 36 22 the
498 927 61 26 point
567 927 74 22 where

52 954 38 21 the
100 953 48 22 said
158 953 109 27 Rimarup
275 960 70 19 range
353 953 80 21 strikes
444 953 36 22 the
490 961 36 14 sea
531 954 23 21 in
562 954 80 22 Cook's

52 981 86 26 Straits,
150 980 85 22 outside
247 981 38 21 the
298 983 90 18 western
398 979 111 23 headland
520 981 24 21 of
549 981 36 21 the
594 981 48 22 said

51 1007 50 27 Bay
113 1014 26 14 or
155 1007 106 22 Harbour
271 1006 27 23 of
308 1007 87 26 Wanga
406 1007 46 21 Nui
463 1008 74 26 Atera,
555 1015 25 13 or
590 1008 52 22 Port

52 1033 132 27 Nicholson,
200 1034 18 21 is
228 1034 39 22 the
278 1037 91 18 western
385 1033 115 28 boundary
510 1035 23 21 of
547 1035 37 21 the
595 1035 47 21 said

51 1060 72 27 lands,
135 1065 131 22 tenements,
275 1060 80 27 woods,
367 1060 61 27 bays,
440 1060 111 27 harbours,
564 1061 76 28 rivers,

52 1091 101 23 streams,
162 1087 45 22 and
218 1088 84 22 creeks.
327 1087 65 21 From
399 1087 38 22 the
446 1088 46 20 said
500 1088 62 27 point
569 1089 73 21 where

51 1114 38 22 the
106 1115 109 26 Rimarup
224 1122 70 20 range
305 1114 26 20 of
339 1115 127 21 mountains
476 1115 65 21 strike
557 1115 37 21 the
605 1123 37 14 sea

51 1141 25 21 in
87 1141 79 21 Cook's
176 1141 87 26 Straits,
274 1142 24 21 in
308 1148 12 14 a
327 1141 69 21 direct
404 1141 45 21 line
458 1145 20 17 to
488 1141 37 22 the
531 1142 111 22 aforesaid

51 1168 69 31 point,
133 1168 71 22 where
215 1168 36 22 the
263 1167 115 23 Turakirai
387 1174 69 20 range
467 1168 76 22 strikes
555 1169 37 21 the
605 1176 37 14 ssa

51 1202 24 14 m
84 1195 39 21 the
133 1195 47 21 said
191 1195 79 21 Cook's
281 1194 83 27 Straits,
376 1195 18 21 is
403 1194 38 22 the
452 1195 107 21 Southern
570 1196 72 22 boun-

53 1221 56 28 dary
119 1222 25 21 of
151 1221 37 22 the
198 1221 46 22 said
255 1221 71 27 lands,
341 1225 133 23 tenements,
491 1222 77 26 woods,
580 1223 61 27 bays,

51 1248 115 27 harbours,
178 1249 76 26 rivers,
271 1253 92 17 streams
373 1248 45 21 and
429 1248 81 22 creeks.
538 1249 56 22 Also
606 1250 36 22 the

51 1275 50 21 said
115 1275 49 28 bay,
181 1275 105 27 harbour,
302 1275 44 21 and
362 1275 85 21 district
457 1275 25 21 of
496 1275 85 28 Wanga
595 1277 47 21 Nui

52 1303 79 26 Atera,
146 1310 25 14 or
182 1302 53 22 Port
244 1301 129 25 Nichelson,
390 1301 113 27 including
517 1303 35 21 the
569 1303 73 22 island

52 1329 27 21 of
86 1329 110 22 Makaroa
204 1329 43 21 and
259 1329 38 22 the
306 1324 73 26 island
388 1329 79 26 Matui,
478 1329 70 22 which
559 1330 82 22 islands

53 1363 38 15 are
97 1356 54 22 both
159 1357 78 21 situate
246 1355 76 23 within
330 1355 36 22 the
374 1355 148 23 saidharbour
527 1357 25 20 of
556 1357 86 27 Wanga

53 1383 48 21 Nui
111 1383 76 22 Atera.
206 1390 25 14 or
245 1383 55 21 Port
313 1382 131 27 Nickolson,
462 1390 24 14 as
504 1383 49 21 well
573 1391 23 14 as
613 1385 28 21 all

53 1410 66 21 other
128 1410 69 27 lands,
213 1413 132 22 tenements,
355 1409 82 26 woods,
454 1409 59 28 bays,
527 1410 114 27 harbours,

52 1437 78 26 rivers,
146 1440 98 23 streams,
261 1435 45 23 and
320 1436 82 25 creeks,
416 1437 78 21 situate
513 1437 74 21 within
606 1438 36 21 the

53 1463 111 22 aforesaid
172 1464 140 22 boundaries.
387 1474 8 8 <•

82 1490 97 27 Alleged
188 1494 23 18 to
221 1491 58 21 have
289 1490 56 22 been
354 1489 125 28 purchased
492 1491 30 26 by
536 1491 107 22 claimant

53 1517 59 21 from
122 1517 37 21 the
169 1517 82 22 Native
263 1517 73 22 Chiefa
351 1517 107 26 Mataniri,
479 1517 71 32 Epjuri,
568 1518 74 22 Bona-

54 1551 68 20 cawa,
152 1545 126 26 Rongatua,
308 1543 96 26 Kariwa,
430 1544 99 26 Raihaia,
555 1545 86 27 Kawia,

54 1571 99 27 Tuaaga,
170 1571 88 26 Etioko,
276 1571 127 26 Tuiga*oro,
425 1571 71 26 Tuati,
516 1571 125 28 Wakanidi,

54 1598 83 27 Ernan,
149 1598 128 27 Atnawera,
289 1596 96 26 Ewaieh,
397 1597 122 27 Warepori.

82 1624 167 22 Consideration
259 1625 66 26 given
334 1627 21 18 to
366 1623 36 21 the
414 1623 98 28 Natives,
524 1632 12 14 a
541 1625 101 28 quantity

55 1651 27 22 of
94 1651 161 27 merchandise,
268 1651 64 22 value
342 1654 40 18 not
390 1651 80 21 stated.

82 1679 86 21 Nature
179 1679 25 21 of
220 1684 146 22 conveyance,
383 1684 12 14 a
407 1677 56 23 deed
474 1678 64 22 dated
549 1682 93 25 twenty-

53 1705 93 22 seventh
157 1705 43 28 day
209 1706 25 21 of
245 1705 135 28 September,
393 1706 60 20 1839.

83 1733 55 21 Case
146 1733 42 21 No.
199 1734 48 20 374.
261 1733 32 26 (a)
296 1743 27 3 —
324 1731 111 21 William
450 1732 149 27 Wakefield,
614 1740 28 14 on

53 1760 81 21 behalf
145 1760 23 21 of
180 1759 38 22 the
228 1760 57 21 New
292 1758 98 23 Zealand
399 1759 118 27 Company,
528 1760 113 21 claimant.

82 1787 47 21 The
140 1786 70 22 whole
225 1787 24 21 of
262 1787 38 21 the
315 1785 71 26 lands,
402 1785 91 26 islands,
510 1788 131 25 tenements,

53 1813 83 28 woods,
160 1814 60 31 bays,
244 1813 114 26 harbours,
386 1812 77 27 rivers,
484 1817 92 18 streams
600 1814 43 21 and

54 1841 85 26 creeks,
159 1840 72 22 which
246 1846 59 16 were
320 1839 53 21 then
385 1838 24 22 in
428 1840 120 25 possession
566 1840 26 22 of
606 1841 36 21 the

53 1867 83 26 sellers,
148 1874 24 14 or
182 1870 22 18 to
214 1867 73 22 which
297 1865 51 28 they
359 1865 52 21 then
423 1865 44 22 laid
477 1874 44 19 any
534 1867 74 26 claim,
618 1875 25 13 or

53 1895 25 20 in
87 1894 72 21 which
169 1894 54 27 they
237 1894 55 21 then
307 1893 100 26 had-any
422 1892 69 27 rights
501 1901 25 14 or
533 1893 108 28 interests,

54 1928 30 14 on
93 1921 38 21 the
141 1921 104 21 southern
256 1928 24 14 as
291 1919 47 22 well
349 1926 23 14 as
382 1926 27 14 on
419 1919 35 22 the
465 1920 103 22 northern
578 1921 64 22 shore

53 1948 27 21 of
101 1948 80 22 Cook'
187 1948 10 22 3
197 1948 85 26 Straits,
301 1946 133 27 comprising
447 1947 30 21 all
493 1947 61 21 those
570 1947 70 28 lands,

52 1975 90 27 islands,
173 1977 132 21 tenements,
331 1973 78 26 woods,
440 1973 60 28 bays,
524 1974 116 28 harbours,
649 1985 2 18 |

53 2002 77 27 rivers,
154 2004 92 19 streams
270 1999 44 23 and
337 1999 84 27 creeks,
445 2001 78 21 situate
546 2008 30 14 on
605 2001 37 22 the

53 2029 107 22 southern
169 2029 64 21 shore
243 2028 26 21 of
280 2027 38 22 the
327 2027 49 21 said
386 2026 79 22 Cook's
475 2027 82 26 Straits,
569 2028 73 22 which

53 2062 37 15 are
100 2055 106 22 bounded
220 2062 28 14 on
260 2055 38 21 the
308 2053 62 22 south
381 2053 30 26 by
422 2053 36 22 the
472 2054 90 27 parallel
571 2055 26 20 of
606 2055 35 21 the

51 2082 132 27 forty-third
193 2082 82 27 degree
284 2080 26 22 of
320 2079 65 22 south
397 2080 99 27 latitude,
510 2081 44 21 and
564 2088 29 14 on
606 2081 35 22 the

53 2113 60 22 west,
134 2109 73 25 north,
228 2108 47 21 and
294 2110 52 23 east,
366 2107 29 30 by
414 2107 38 21 the
472 2114 37 14 sea
526 2107 116 28 including

52 2136 87 25 Taitap,
150 2135 135 26 Wanganui,
298 2133 105 21 Onatana
420 2140 24 14 or
454 2133 59 26 Cape
526 2134 113 27 Farewell,

52 2162 117 25 Pakawao,
180 2161 100 25 Takaka,
292 2159 102 24 Taomiti,
404 2159 116 28 Motuaka,
531 2160 108 29 Waimea,

53 2189 82 25 Okata,
160 2187 133 27 Okapunka,
315 2185 88 23 Kaiana
421 2186 46 22 and
485 2187 97 26 Horano,
604 2189 37 20 the

53 2215 111 27 Oyerrior
171 2214 92 22 Polorus
273 2213 72 26 River,
355 2213 126 28 Admiralty
487 2214 53 27 Bay,
550 2215 45 21 and
604 2215 37 22 the

50 2241 86 22 several
152 2241 83 21 islands
249 2241 26 21 of
292 2240 172 27 Montungarda,
481 2241 92 27 Kararu,
595 2242 46 21 Ka-

52 2269 67 26 kaho,
132 2268 108 27 Nguaiah,
253 2269 80 20 situate
347 2266 95 22 therein.
471 2268 134 27 Omahanga
617 2276 25 15 or

53 2295 55 22 Port
136 2295 67 26 Gore,
227 2295 149 24 Totaraenua,
401 2293 78 24 Queen
509 2295 132 22 Charlotte's

53 2322 85 27 Sound,
146 2322 159 26 Wanganuior
314 2321 52 21 Port
373 2320 140 22 Underwood
523 2321 22 22 in
555 2322 86 28 Cloudy

52 2349 56 27 Bay,
131 2349 35 21 the
185 2349 60 21 river
265 2347 44 23 and
324 2347 85 23 district
425 2347 25 22 of
462 2348 99 27 Wairoa,'
573 2349 68 22 Para-

51 2376 112 26 mirowiti,
188 2375 126 28 Kapaiatia.
356 2375 33 21 To
414 2374 91 22 Koraka
528 2383 24 14 or
581 2376 59 27 Cape

53 2403 122 27 Campbell,
206 2403 114 27 Waipapa,
345 2401 162 26 Mangamanu,
532 2402 106 28 Kaikora,

52 2430 63 21 Aitia
123 2430 90 26 Peketa,
220 2430 31 21 Te
261 2428 98 27 Kia-kia,
367 2428 61 22 Onui
438 2429 43 21 and
489 2429 32 21 Te
528 2429 111 28 Whanga,

52 2457 44 21 and
106 2456 46 22 also
162 2456 137 28 comprising
312 2455 28 21 all
352 2454 62 22 those
425 2455 70 26 lands,
507 2459 131 24 tenements,

51 2484 85 26 woods,
155 2484 61 26 hays,
235 2483 115 26 harbours,
370 2482 77 26 rivers,
471 2486 98 23 streams,
595 2484 44 20 and

52 2510 84 27 creeks,
148 2510 79 22 situate
237 2517 28 14 on
277 2510 36 21 the
323 2508 107 22 northern
440 2509 63 21 shore
514 2509 24 21 of
543 2509 40 22 the
592 2510 47 21 said

53 2537 81 22 Cook's
145 2537 83 26 Straits,
236 2535 73 23 which
315 2543 37 13 are
362 2535 105 21 bounded
477 2543 28 13 on
516 2536 36 21 the
562 2537 78 21 north-

53 2568 48 17 east
113 2564 30 27 by
153 2572 13 13 a
180 2564 70 21 direct
261 2564 47 21 lino
325 2563 74 20 drawn
414 2562 56 21 from
488 2563 36 21 the
534 2564 105 21 southern

52 2590 60 23 head
126 2591 25 20 of
162 2590 37 22 the
213 2591 59 20 river
282 2596 25 15 or
319 2589 99 21 harbour
427 2589 25 21 of
459 2589 89 27 Mokao,
561 2590 78 21 situate

53 2625 30 14 on
93 2618 38 21 the
143 2621 53 18 west
202 2621 68 22 coast,
276 2617 25 20 in
310 2615 37 22 the
357 2615 92 22 latitude
456 2617 25 20 of
487 2617 65 20 about
561 2617 80 27 thirty-

53 2644 62 26 eight
126 2644 92 26 degrees
227 2643 74 27 south,
315 2646 23 18 to
354 2642 151 28 Tehakakare,
523 2644 79 21 situate
618 2651 22 14 in

53 2672 38 21 the
103 2675 48 18 east
160 2674 68 23 coast,
238 2671 23 20 in
273 2670 37 21 the
320 2669 93 21 latitude
422 2669 25 21 of
454 2670 66 21 about
528 2670 112 27 forty-one

53 2698 93 27 degrees
155 2697 72 27 south,
237 2697 47 21 and
294 2703 28 14 on
333 2696 36 21 the
386 2700 53 23 east,
451 2700 59 23 west,
522 2697 43 21 and
576 2698 65 21 south

53 2726 31 26 by
103 2725 38 21 the
160 2731 44 20 sea,
225 2723 118 28 excepting
361 2722 83 28 always
463 2723 37 21 the
519 2724 82 21 islands
618 2725 26 21 of

54 2752 79 27 Kapiti
150 2759 24 14 or
189 2752 71 26 Entry
271 2749 83 27 Island,
371 2749 43 22 and
432 2751 34 20 the
482 2750 62 21 small
559 2751 82 21 islands

54 2779 106 27 adjacent
178 2778 92 26 thereto,
289 2777 44 20 ;ind
348 2776 37 21 the
399 2776 72 21 island
492 2777 25 20 of
532 2777 70 22 Mana
616 2785 25 14 or

53 2806 71 21 Table
138 2805 84 26 Island,
234 2804 29 21 all
280 2804 77 21 situate
374 2810 28 14 on
420 2803 36 21 the
472 2804 48 21 said
534 2804 105 22 northern

53 2833 66 21 shore
129 2832 26 21 of
168 2831 82 23 Cook's
267 2831 83 26 Straits,
361 2830 39 20 but
409 2830 115 27 including
536 2831 105 22 Tehaka-

53 2859 62 27 kore,
134 2858 142 26 Warehama,
294 2857 202 26 Rangawnehama,
512 2857 127 28 Wainerah,

53 2886 125 26 Turakirai,
192 2884 125 28 Wanganui
328 2884 74 25 Atera,
416 2891 24 14 or
450 2884 52 21 Port
512 2884 127 27 Nicholson,

54 2913 113 26 Rimerae,
180 2912 122 26 Oteratigo,
317 2910 90 26 Onerai,
427 2911 120 26 Tecanuro,
564 2912 76 26 Oatiu,

54 2940 82 27 Titahi,
157 2940 116 25 Parerura,
295 2937 96 26 Ohorka,
408 2937 151 27 Tierwarewa,
581 2938 60 21 Wai-

54 2966 75 26 kenai,
156 2966 107 26 Waimea,
288 2964 74 25 Otaki,
388 2963 91 27 Owaha,
507 2965 133 26 Manewatu,

54 2994 123 26 Rangatiti,
202 2991 131 28 Wangaiha,
357 2990 129 28 Turakinai,
507 2991 132 27 Wanganui,

54 3020 130 26 Waitotara,
209 3018 169 25 Whennakura,
406 3017 75 28 Patea,
510 3018 131 27 Tangahohi

54 3046 160 28 Ngatirnaand
222 3045 172 26 Pahakatialrio,
401 3045 119 26 Taranaki,
528 3045 112 27 Motuora,

54 3074 44 21 and
109 3074 38 21 the
153 3073 85 22 several
249 3073 64 21 other
322 3078 65 20 sugar
395 3071 51 22 loaf
450 3072 89 26 islands,
548 3072 46 21 and
606 3073 35 21 the

53 3100 61 21 river
124 3100 43 21 and
176 3100 97 21 harbour
284 3099 25 22 of
317 3098 89 22 Mokao.

85 3127 93 26 Alleged
189 3131 21 17 to
221 3128 56 20 have
286 3127 55 21 been
352 3125 123 27 purchased
488 3125 31 28 by
527 3125 113 27 claimant,

54 3153 59 22 from
124 3154 36 21 the
174 3154 75 21 native
265 3153 69 22 chief's
347 3152 19 21 E
385 3152 69 26 Hiko,
470 3152 114 28 Rauparo,-
591 3153 51 22 Ma-

54 3187 92 19 oranga,
153 3180 114 25 Mhorina,
275 3179 78 26 Tunia,
362 3178 32 22 Te
404 3178 69 27 Witu,
484 3179 70 27 Mare,
566 3180 74 26 Etaki,

55 3206 67 27 Eota,
134 3206 84 26 Paioki,
233 3206 89 27 Enghia
332 3206 33 20 for
374 3205 93 22 himself
474 3206 45 21 and
531 3206 108 28 brothers,

54 3233 145 27 Rangaihiro,
213 3233 115 26 Itahanga,
340 3232 44 21 and
395 3232 143 27 Ringearota.

83 3260 168 22 Consideration
262 3260 65 26 given
338 3263 21 16 to
369 3259 37 20 the
417 3260 91 26 natives,
515 3267 12 14 a
537 3260 103 27 quantity

54 3287 27 22 of
89 3286 162 26 merchandize,
263 3286 65 21 value
338 3288 38 18 not
386 3286 79 21 stated.

84 3314 85 21 Nature
185 3314 24 21 of
221 3319 141 21 conveyance
364 3323 26 4 —
392 3319 13 14 a
425 3312 63 28 deed,
509 3312 65 23 dated
589 3314 52 21 25th

56 3341 105 24 October,
174 3342 61 19 1839.

83 3368 57 21 Case
154 3367 43 22 No.
214 3367 42 21 374
275 3366 68 26 (i).—
345 3365 96 22 William
463 3366 129 28 Wakefield,
614 3375 27 14 on

51 3394 83 22 behalf
140 3394 26 21 of
171 3394 38 21 the
220 3393 57 21 New
287 3392 100 23 Zealand
395 3393 121 27 Company,
527 3394 121 22 claimant.'-

82 3421 48 22 The
141 3420 70 22 whole
227 3420 24 21 of
268 3420 38 21 the
320 3419 70 26 lands,
401 3419 92 27 islands,
509 3424 130 23 tenements,

54 3448 84 26 woods,
158 3448 62 26 bays,
242 3446 114 26 harbours,
376 3446 77 26 rivers,
473 3452 96 22 streams,
596 3448 45 21 and

54 3475 85 25 creeks,
153 3474 73 22 which
237 3480 56 14 were
304 3472 22 21 in
342 3473 123 27 possession
475 3474 26 20 of
510 3474 36 21 the
556 3474 83 27 sellers,

53 3509 27 14 or
90 3506 23 17 to
124 3501 71 22 which
207 3500 53 27 they
275 3499 47 22 laid
338 3499 71 26 claim,
427 3507 23 14 or
463 3500 23 21 in
500 3500 72 23 whicn
588 3501 53 28 they

54 3529 46 21 had
112 3536 43 20 any
169 3527 70 28 rights
255 3534 25 13 or
290 3525 112 26 interests,
416 3533 29 14 on
455 3526 36 21 the
501 3528 107 21 southern
618 3535 23 14 as

53 3556 52 21 well
124 3563 24 14 as
167 3556 38 20 the
223 3554 107 21 northern
346 3551 64 22 shore
425 3553 26 20 of
462 3553 79 21 Cook's
554 3554 85 28 Straits,

53 3582 136 27 comprising
204 3581 29 22 all
250 3580 63 22 those
327 3578 68 27 lands,
413 3582 128 24 tenements,
556 3581 82 26 woods,

53 3609 64 27 bays,
138 3610 113 24 harbours,
276 3608 76 23 rivers,
372 3610 93 16 streams
488 3606 44 21 and
555 3608 84 26 creeks,

52 3636 83 21 situate
146 3643 28 14 on
185 3636 38 21 the
233 3634 107 22 southern
348 3631 66 22 shore
425 3631 25 21 of
458 3632 79 21 Cook's
553 3633 86 26 Straits,

54 3663 73 21 which
139 3670 36 14 are
185 3661 106 22 bounded
303 3667 26 13 on
340 3659 37 21 the
389 3658 66 21 south
465 3659 29 26 by
503 3658 37 22 the
548 3660 93 25 parallel

54 3690 27 21 of
88 3690 38 21 the
134 3688 131 28 forty-third
283 3688 78 25 degree
373 3686 25 20 of
410 3685 65 21 south
485 3685 99 27 latitude,
595 3687 46 21 and

53 3724 31 14 on
94 3713 109 29 theSvest,
214 3715 75 26 north,
301 3713 43 21 and
354 3714 46 19 east
406 3712 35 26 'by
455 3711 36 22 the
501 3718 44 20 sea,
554 3712 87 22 includ-

51 3744 41 26 ing
108 3743 87 26 Taitah,
214 3739 133 29 Wangunui,
358 3739 101 21 Onatura
468 3745 24 13 or
503 3738 57 26 Cape
573 3739 68 21 Fare-

53 3770 57 26 well,
133 3770 117 26 Pakawao,
272 3767 98 25 Takaka,
395 3765 104 26 Taomiti,
524 3765 115 28 Molueka,

53 3796 109 27 Waimea,
170 3796 81 24 Okatu,
261 3792 130 29 Okapuaha,
402 3791 89 22 Kaiana
498 3791 43 21 and
550 3791 91 22 Hoiano

52 3824 32 21 in.'
89 3823 67 22 Blind
170 3824 55 26 Bay,
237 3820 120 28 Rangitoto
367 3826 26 14 or
407 3817 137 23 D'Urville's
554 3818 85 27 Island,

52 3850 39 21 the
108 3850 80 27 Oyerri
202 3857 24 14 or
239 3849 94 22 Pelorus
350 3847 75 24 River,
442 3843 124 34 Admiralty
585 3845 54 27 Bay,

53 3876 45 21 and
108 3876 38 22 the
156 3876 84 22 several
249 3874 82 23 islands
338 3873 24 22 of
366 3871 170 27 Motungaradn,
544 3871 95 28 Kurara,

53 3903 97 22 Kakako
160 3902 46 23 and
221 3901 98 28 Nguiah,
337 3899 133 26 Oinahanga
479 3906 24 14 or
517 3897 53 23 Port
581 3899 60 21 Gore

50 3930 25 22 in
99 3930 79 23 Queen
203 3928 133 23 Charlotte's
360 3926 77 21 Sound
460 3925 43 22 and
526 3925 36 21 the
581 3926 60 27 Tory

51 3956 112 28 Channel,
200 3956 117 25 including
359 3952 147 27 Motukawae,
548 3952 91 28 Auuho,
