3432 4431
323 12 2994 160 THE

323 172 1197 159 OXFORD
1720 172 1597 159 OBSERVER

323 331 1568 160 CIRCULATING
2034 331 1283 160 THROUGHUT

323 491 936 159 NORTH
1446 491 1871 159 CANTERBURY

1266 689 2 19 ;
1646 674 222 30 Established
1907 676 90 29 1889.
2206 673 75 35 .;'...
2923 705 5 2 .
2986 676 3 4 '

1167 850 108 31 EAST
1321 848 184 36 OXFORD,
1550 848 244 37 SATURDAY,
1839 849 111 31 JUNE
1995 852 44 29 25
2090 847 89 34 18§8.

2934 854 142 29 Price—
3077 853 86 30 ONE
3186 850 141 32 PENNY

50 858 148 28 Volumn
228 857 59 29 IX.
330 856 100 30 NEW
457 855 153 31 SERIES.

2483 994 208 62 JOHN
2750 996 82 76 JH.
2896 995 296 66 eOOKE,

2455 1090 142 48 ■:TH»
2632 1093 271 49 PEOPLE'S
2933 1094 266 54 CHISIST,

2483 1158 1 6 :
2522 1156 2 2 ■
3176 1150 12 13 /■

2482 1164 22 12 :'
2884 1167 6 9 V
3231 1169 2 8 I

2396 1188 116 32 178
2578 1190 229 34 Cashel
2853 1193 226 41 Street,
3147 1192 132 31 ISO.

2803 1267 51 30 the
2869 1268 38 29 A.
2932 1266 44 39 I.)

2373 1497 102 30 Allow
2498 1510 48 19 me
2569 1504 33 26 to
2625 1501 115 30 submit
2760 1504 33 27 to
2808 1512 79 30 your
2901 1503 227 32 consideration
3142 1503 63 35 ,the>
3213 1502 162 40 following

2291 1547 202 40 Specialities,
2519 1551 41 29 all
2582 1552 33 30 of
2635 1552 102 31 which
2759 1552 94 41 being
2876 1565 51 29 wj
2942 1566 69 18 own
3028 1555 243 39 compounding,
3287 1554 16 29 I
3320 1564 60 20 caa

2292 1600 192 40 confidently
2505 1603 203 36 recommeud,
2731 1603 117 40 having
2862 1605 210 39 successfully
3104 1606 75 29 used
3211 1606 84 29 them
3327 1602 67 34 for/

2292 1660 83 22 some
2396 1662 154 30 years:—
3359 1657 7 14 ;

2426 1709 14 19 I
2454 1716 36 13 am
2505 1711 146 27 exceedingly
2665 1712 123 21 successful
2801 1713 26 20 m
2841 1719 39 20 my
2889 1714 111 20 remedies
3009 1713 36 21 for
3061 1713 65 21 these
3136 1714 140 26 complaints,
3290 1714 58 21 have
3361 1720 15 14 a

2402 1747 64 25 large
2475 1748 97 21 number
2585 1749 25 20 of
2623 1749 158 21 testimonials.

2296 1790 85 28 NEW
2400 1791 153 28 REMEDY
2571 1794 73 26 FOR
2662 1794 105 28 LIVER
2778 1794 238 32 COMPLAINTS
3027 1796 58 27 W$
3097 1796 279 28 INDIGESTION;:-

2430 1829 56 20 This
2496 1830 42 21 has
2547 1831 59 21 been
2614 1832 53 21 well
2675 1833 77 20 tested
2760 1834 46 19 and
2815 1835 86 25 proved
2911 1835 81 27 highly
3002 1836 152 26 satisfactory.

2294 1874 168 26 GOLDEN
2485 1875 124 27 CROSS
2632 1877 239 28 NEURALGIA
2889 1879 183 26 MIXTURE
3088 1887 25 17 :-

2404 1919 37 26 By
2450 1919 75 21 which
2538 1917 40 24 the
2587 1919 55 28 pain
2651 1922 21 20 is
2681 1922 76 25 cured,
2768 1929 51 14 ease
2828 1923 115 24 obtained,
2957 1924 31 26 by
2997 1930 14 14 a
3020 1923 44 21 few
3074 1924 71 21 doses.

2294 1966 172 31 Bronchitis
2478 1970 61 24 and
2549 1968 129 26 Asthma
2688 1978 5 16 :
2696 1983 33 4 —

2406 2013 113 21 Relieved
2534 2013 46 21 and
2593 2013 93 27 rapidly
2700 2013 70 21 ctu'ed
2781 2013 33 26 by
2827 2020 39 19 my
2879 2013 88 21 Acacia
2981 2016 110 18 mixture.

2295 2053 223 28 CHILDREN'S
2534 2053 204 29 WHOOPING
2754 2055 164 28 COUGH-
3126 2062 4 8 >
3234 2050 5 6 v
3270 2059 5 6 '

2408 2091 45 20 For
2461 2090 72 21 which
2551 2091 13 19 I
2573 2091 58 21 have
2645 2093 41 19 the
2699 2093 52 19 best
2764 2093 98 20 mixture
2875 2093 26 20 m
2914 2093 170 24 Ghristchurch,
3098 2093 63 26 gives
3171 2093 84 26 speedy
3268 2093 72 20 relief.

2299 2138 199 27 DIARRHGEA
2513 2140 74 25 AND
2614 2140 228 28 DYSENTERY
2896 2142 28 26 in
2933 2142 127 31 Jnfants
3077 2141 58 26 and
3152 2142 144 27 Adults-

2432 2177 12 20 I
2458 2184 42 13 can
2514 2178 53 26 give
2581 2184 17 17 a.
2609 2178 48 23 safe
2670 2178 47 21 and
2731 2179 83 27 speedy
2828 2186 53 15 cure
2895 2181 32 26 by
2941 2188 15 13 a
2969 2180 45 21 few
3028 2175 70 25 doses.

2299 2223 77 25 Sore
2393 2224 101 26 Heads
2510 2226 26 24 &
2554 2227 106 31 Legs—

2407 2261 75 21 Cured
2490 2262 32 26 by
2531 2269 31 13 an
2571 2264 119 26 agreeable
2700 2265 46 19 and
2754 2265 106 26 pleasant
2871 2267 148 26 application,
3034 2269 48 20 also
3092 2268 97 22 relieves
3198 2264 63 33 paii£
3279 2274 3 3 '

2301 2313 190 27 Influenza—
3212 2323 18 18 %
3258 2321 42 19 -_\

2407 2351 74 22 Cured
2489 2351 37 22 for
2534 2354 30 19 2s.
2580 2353 36 20 6d.
2626 2353 123 22 Hundreds
2764 2361 42 15 can
2819 2356 82 26 testify
2916 2356 24 21 to
2962 2357 42 21 the
3014 2358 59 26 good
3084 2359 91 26 quality
3184 2359 30 21 of.
3217 2352 51 29 this'
3274 2360 105 22 mixture.

2302 2408 188 32 Superlative
2514 2410 130 26 Mixture
2654 2410 47 27 for
2719 2411 59 27 Bad
2790 2411 164 33 Coughs—
3125 2403 124 41 .',:/:*.
3266 2401 61 45 *\'

2411 2446 85 28 Brings
2510 2453 64 21 away
2586 2448 101 27 phlegm,
2702 2449 74 27 allays
2788 2450 135 26 irritations,
2938 2451 45 20 and
3001 2451 93 27 quickly
3108 2459 72 14 cures.

2305 2488 153 26 Eureka—
2680 2497 5 3 '
3034 2488 4 7 '
3051 2495 3 4 '
3074 2493 5 4 '
3105 2491 5 4 '

2412 2526 21 21 A
2447 2533 52 14 sure
2513 2533 54 15 cure
2580 2528 36 21 for
2629 2529 33 20 all
2674 2528 68 21 kinds
2756 2529 24 20 of
2794 2530 58 22 skin;
2858 2530 125 20 irritation.

2304 2569 181 22 CHILDREN'S
2500 2570 148 22 TASTLESS
2663 2569 156 22 TEETHING
2832 2570 145 22 POWDERS
2982 2584 29 3 —

2413 2623 49 21 The
2479 2623 54 21 best
2545 2623 26 21 m
2584 2624 150 26 Canterbury,
2747 2630 15 13 a
2774 2624 56 20 trial
2842 2624 49 21 will
2908 2631 71 20 prove
2992 2625 27 20 it.
3039 2625 82 27 highly
3135 2627 170 20 Tecommended
3319 2627 30 26 by

2453 2661 97 22 medical
2563 2667 60 15 men.
2877 2678 12 4 ..
3052 2662 6 8 *

2319 2744 3 29 ;
2433 2729 611 41 CONSULTATIONS
3065 2733 202 35 FREE-

2326 2805 284 26 PRESCRIPTIONS
2625 2805 212 26 CAREFULLY
2853 2806 76 25 AND
2948 2806 212 25 CORRECTLY
3168 2803 205 29 DISPENSED

2603 2973 124 46 Just
2755 2972 324 52 Purchased

2308 3069 30 29 A
2360 3068 268 32 WHOLESALE
2651 3071 127 31 WARE
2783 3070 140 31 HOUSE
2927 3071 113 30 MANS
3063 3072 161 30 ENTIRE
3251 3072 138 32 STOCK

2729 3132 4 17 !
2806 3135 40 22 OF

2313 3183 312 113 Bl^ek
2667 3184 84 85 &
2790 3187 298 114 Na^y
3132 3188 254 86 Blue

2306 3329 34 45 \f:
2531 3333 175 32 DOUBLE
2735 3333 149 32 WIDTH
2904 3335 83 30 ALL
3008 3335 123 33 WOOL

2324 3409 445 89 DB/ESS
2835 3408 554 90 SEKWKS

2342 3569 240 47 Reduced
2602 3568 131 44 from
2765 3567 66 44 2s.
2861 3568 55 43 to
2945 3565 52 43 Is
3029 3564 72 44 6d.
3121 3578 91 42 per
3226 3567 135 55 yard.

2637 3639 336 58 '"also

2489 3729 88 47 750
2602 3725 205 47 TAEDS
2831 3725 75 45 OF
2930 3724 297 46 aENUIHE-

2342 3809 251 107 ROUGH
2672 3804 267 104 BROWN
3028 3807 338 101 HOLLAND

2640 3970 101 55 6d.
2777 3986 113 53 per
2914 3969 161 69 yard

2319 4068 62 29 this
2394 4067 25 29 is
2435 4066 52 29 the
2501 4065 84 39 good
2600 4064 48 30 old
2665 4062 91 32 make
2770 4062 35 31 of
2814 4064 107 29 brown
2938 4061 136 38 Holland,
3098 4061 14 28 1
3128 4061 78 29 have
3220 4058 173 41 purchased

2422 4117 43 31 all
2479 4116 34 32 of
2524 4116 62 32 this
2600 4114 171 43 particular
2783 4114 63 32 line
2860 4118 34 28 at
2907 4115 123 41 present
3045 4112 33 30 m
3094 4111 53 31 the
3160 4110 135 33 marse'tV

2340 4249 71 32 R,
2449 4245 78 33 H.
2565 4241 312 41 PARISH,
2941 4238 155 34 East
3118 4237 279 42 Oxford.]

1711 992 178 47 JOHN
1920 994 272 49 INGRAM.

1685 1295 162 38 LICENSED
1880 1295 84 37 LAND
1988 1295 137 37 BROKER-,
2150 1294 79 37 VAU

1685 1374 118 44 UATOR,
1845 1372 138 45 ESTATE,
2025 1373 198 45 INSURANCE,

1684 1456 24 38 &
1725 1456 149 39 GENERAL
1886 1456 213 39 COMMISSION
2106 1456 117 39 AGENT-

1718 1540 79 29 Agent
1808 1541 40 27 for
1860 1540 38 22 the
1919 1540 121 24 National
2062 1540 132 24 Insurance

1899 1593 121 31 Company

1837 1662 31 31 of
1873 1662 61 24 New
1957 1662 119 24 Zealand.

1710 1733 174 31 OXFORD
1901 1733 26 31 &
1953 1733 264 37 SHEFFIELD^

1906 1803 6 25 .'
1938 1806 40 25 '♦
2037 1813 17 14 ■-,
2054 1818 35 8 —
2088 1818 2 1 ■
2146 1809 23 14 •.
2195 1828 2 2 .
2211 1811 8 25 ;

1689 1910 153 30 Fortnightly
1864 1910 106 24 Auction
1992 1909 71 25 Sales
2079 1910 58 24 held
2157 1910 26 23 m
2196 1910 37 23 the

1689 1942 99 25 Market
1811 1943 89 29 Yards,
1927 1942 105 33 Oxford^
2057 1950 68 23 every
2147 1943 86 24 second

1692 1976 134 32 Thursday.
1839 1988 4 4 •
1861 1976 113 30 Monthly
1995 1976 71 25 Sales
2077 1976 57 25 held
2148 1978 37 21 at
2194 1976 38 23 the

1689 2011 101 23 Market
1821 2011 89 27 Yards,
1941 2007 124 35 Sheffield.
2134 2008 99 26 Privvte

1691 2040 104 28 Auction
1808 2043 72 25 Sales
1891 2044 150 23 undertaken
2064 2044 25 23 m
2113 2051 47 21 any
2171 2046 64 29 part

1692 2077 30 27 of
1729 2077 36 23 the
1776 2081 106 25 country.
1918 2077 120 31 Property
2047 2077 93 30 Bought
2153 2081 5 5 '
2165 2077 61 25 Sold
2237 2095 3 3 .

1692 2117 28 15 or
1731 2107 51 31 Lei,
1802 2110 49 23 and
1865 2109 143 24 Valuations
2025 2110 73 30 caref
2096 2110 54 29 idly-
2158 2111 87 27 made.;

1684 2143 80 23 .Land
1774 2143 95 32 Bought
1879 2139 76 27 under
1972 2142 40 24 the
2033 2143 123 30 Transfer
2178 2142 57 28 Act,

1694 2176 137 33 Transfers,
1844 2176 96 28 Leases,
1953 2177 52 22 and,
2028 2176 71 25 deeds
2117 2176 120 30 of.Mort-_

1690 2212 70 28 gctge&
1760 2209 7 22 i
1774 2210 85 22 drawn
1877 2211 73 30 'iip^.'"
1953 2206 95 32 Mcineij'
2052 2211 4 6 1
2061 2209 111 23 invested'
2186 2209 49 23 and

1692 2241 110 26 obtained
1814 2246 41 26 for
1875 2242 89 24 Clients
1976 2244 46 26 on';
2028 2242 136 31 Mprtgage.
2193 2242 53 23 In-.

1720 2282 99 16 surance
1829 2276 93 29 effected
1934 2282 30 15 on
1976 2276 134 28 Buildings
2122 2276 32 28 of
2160 2281 47 23 any

1683 2335 2 9 ,
1762 2314 143 33 description
1917 2314 50 23 and
1978 2314 60 24 their
2046 2317 113 21 contents.

1722 2387 42 21 200
1773 2392 50 16 acre
1842 2386 69 21 Farm
1920 2387 25 19 at
1964 2386 64 21 View
2047 2386 55 21 Hill.
2118 2407 2 3 .
2141 2384 105 22 Divided'

1694 2415 50 21 into
1753 2415 15 20 4
1779 2413 123 25 Paddocks,
1916 2411 41 24 the
1964 2436 3 2 .
1972 2413 56 21 land
2036 2413 42 22 has
2086 2414 58 21 been
2153 2413 33 21 all
2195 2413 38 21 ciil

1694 2443 97 24 tivated,
1802 2443 20 19 is
1831 2448 50 14 now
1890 2442 25 20 m
1925 2441 58 26 good
1992 2442 73 23 heart,
2074 2441 20 21 is
2103 2441 52 21 well
2162 2442 79 25 water;

1696 2470 29 21 ed
1733 2470 31 26 by
1774 2470 40 20 the
1823 2470 65 20 View
1896 2469 52 21 Hill
1956 2469 81 21 Water
2042 2469 67 24 Eace>
2119 2469 20 20 is
2148 2474 14 14 a
2167 2469 74 26 splen-

1696 2498 40 20 did
1744 2498 70 26 sheep
1823 2497 64 21 farm.

1725 2587 40 20 150
1783 2593 51 15 acre
1854 2585 70 21 Farm
1939 2585 28 27 2£
1985 2585 66 21 miles
2067 2585 59 21 from
2151 2584 86 21 Oxford

1684 2619 1 17 /
1698 2615 140 21 Subdivided
1856 2614 50 20 into
1930 2613 160 26 conveniently
2108 2613 62 21 sized
2185 2613 59 26 pad-

1699 2643 75 24 docks,
1788 2642 52 21 well
1849 2641 106 24 watered,
1971 2641 59 26 good
2044 2641 107 26 dwelling
2166 2640 78 24 house,

1699 2670 84 20 stables
1802 2669 46 21 and
1866 2668 68 20 sheds
1951 2669 104 23 thereon;
2068 2668 58 21 and.,
2132 2667 40 21 the
2190 2667 56 20 land
2253 2684 2 2 .

1699 2697 65 26 good.

1727 2746 56 20 1100
1791 2744 58 22 Acre
1859 2744 68 21 Farm
1936 2744 25 21 at
1970 2743 65 22 View
2048 2743 50 21 Hill
2104 2742 60 28 good
2171 2742 75 27 heavy
2253 2757 2 20 j

1699 2773 61 25 land,
1776 2773 59 26 good
1852 2772 108 26 dwelling
1979 2772 69 20 house
2066 2772 47 20 and
2121 2771 32 20 all
2171 2777 73 14 neces-
2253 2764 2 11 '

1700 2807 52 20 sary
1771 2799 157 27 outbuildings
1946 2799 101 21 thereon.
2087 2799 21 20 A
2125 2798 49 21 real
2188 2798 59 27 good

1701 2828 69 27 sheep
1779 2827 66 21 farm.
2077 2831 3 9 '
2211 2825 16 16 *
2238 2829 14 10 v

1750 2895 7 10 n
1805 2893 28 14 on
1843 2892 32 15 ac.
1886 2886 41 20 Mr
1936 2886 111 21 William
2056 2885 87 21 House.
2151 2901 2 4 .

1729 2915 27 19 16
1765 2921 63 14 acres
1837 2914 66 20 Land
1911 2914 56 19 with
1977 2919 14 14 a
1998 2913 51 20 nice
2059 2912 109 21 Groomed
2175 2912 72 20 house

1701 2942 102 24 thereon,
1818 2940 59 28 good
1889 2940 136 27 plantation,
2040 2940 92 27 garden,
2152 2939 96 22 orchard

1702 2970 46 21 and
1757 2970 58 21 well.

1729 3025 15 18 4
1762 3030 63 15 acres
1834 3023 24 21 of
1875 3023 56 20 land
1939 3029 56 14 near
2012 3023 41 20 the
2072 3020 81 25 Water
2171 3022 76 21 Board

1703 3051 73 21 Omce.
2222 3070 3 3 .

1731 3110 48 20 The
1788 3109 117 27 following
1915 3109 71 21 farmd
1995 3115 39 15 are
2052 3107 37 22 for
2099 3108 47 21 sale
2155 3107 83 27 bypri-

1703 3149 54 20 vate
1766 3149 85 26 treaty.

1683 3217 2 16 )
1732 3208 46 20 For
1797 3208 47 20 sale
1862 3207 31 26 by
1906 3207 86 27 privite
2010 3207 83 26 treaty,
2113 3213 14 14 a
2135 3219 3 10 :
2145 3206 103 27 compact

1697 3257 2 3 •
1706 3246 68 20 Farm
1785 3246 24 20 of
1818 3246 41 20 200
1870 3251 62 15 acres
1941 3245 23 20 of
1983 3245 60 26 good
2061 3245 57 20 land
2137 3245 24 19 at
2183 3245 64 19 View

1706 3283 57 22 Hill.
1837 3288 19 11 •■'•
1899 3279 4 13 :

1734 3383 41 20 360
1793 3389 64 14 acres
1876 3382 57 19 with
1946 3381 59 26 good
2023 3381 118 26 buildings
2152 3380 46 20 and
2216 3380 33 20 all

1706 3420 82 22 fenced
1807 3420 47 21 and
1873 3419 141 22 subdivided.
2054 3419 40 22 173
2112 3424 62 16 acres
2188 3417 60 28 good

1706 3459 152 28 agricultural
1870 3458 71 21 Land.

1684 3489 1 18 )

1684 3521 1 14 }
1735 3525 41 22 796
1786 3532 63 14 acres
1858 3525 61 26 good
1931 3525 97 26 grazing
2037 3524 56 21 land
2112 3524 83 21 fenced
2204 3523 45 21 and

1684 3568 2 20 f
1709 3563 142 21 subdivided.
2080 3561 78 23 -■•'■'
2158 3561 23 23 -

1684 3629 2 14 i

1684 3650 2 19 E

1684 3723 220 61 ;.JOHN
1955 3723 256 45 INGRAM

1684 3819 5 41 ;
1810 3822 308 35 oxford-

1684 3921 6 20 i
1821 3927 6 19 ;
1861 3935 26 10 ...■
1972 3935 2 2 •
2052 3915 42 31 '....'
2110 3944 2 2 .

1683 4085 2 7 r
1714 4078 159 38 WATCJp
1965 4094 20 17 o
2064 4076 27 30 &
2118 4073 136 32 CLOCK

1718 4162 148 48 Hands
1883 4132 162 103 B|£^-
2050 4158 204 50 -^Kitttt.

1684 4285 320 51 nd
2157 4313 2 7 ■
2195 4318 1 2 ■
2234 4287 5 4 '

1684 4349 11 21 8
1760 4346 161 47 Paristts,
1936 4344 111 46 JSasb
2071 4341 137 52 @xford
2205 4363 10 16 t

1141 987 242 23 EXTRAORDINAY
1409 986 220 20 OPPORTUNITY.

1136 1024 60 21 ROM
1206 1022 61 21 THE
1277 1020 139 22 FACTORS
1425 1019 111 22 DIRECT
1545 1019 38 22 TO
1595 1020 62 21 THE

1304 1057 165 21 CUSIOMER.

1136 1098 47 22 iOR
1193 1097 111 25 Company
1328 1095 19 21 is
1361 1095 77 25 selling
1459 1095 65 21 direst
1571 1095 22 20 to
1622 1095 37 21 the

1136 1116 2 32 I
1159 1125 113 22 customer,
1288 1123 52 20 thus
1352 1123 115 24 procutiug
1477 1123 35 19 for
1523 1122 37 20 the
1569 1122 66 20 latter
1646 1128 12 14 a

1136 1152 57 22 ouble
1213 1155 109 20 economy,
1343 1149 92 25 namely,
1457 1149 37 19 the
1508 1149 66 26 profit
1585 1148 22 20 of
1622 1148 37 20 the

1136 1180 94 21 holesale
1240 1178 76 23 dealer,
1335 1176 44 20 and
1390 1175 36 21 the
1442 1182 59 14 more
1512 1175 147 21 considerable

1136 1207 52 20 neiof
1199 1206 36 19 the
1246 1203 62 21 retail
1319 1203 76 23 dealer,
1421 1203 129 24 amounting
1561 1204 22 19 to
1602 1202 56 20 from

1136 1241 10 13 3.
1175 1240 12 13 o
1195 1233 47 20 .£lO
1251 1236 57 19 upon
1319 1236 13 14 a
1342 1229 70 26 single
1419 1229 76 21 watch.
1510 1229 74 21 Retail
1592 1228 67 20 watch

1136 1255 64 26 eaters
1211 1259 42 20 and
1272 1257 111 26 jewellers,
1395 1257 85 24 usually
1495 1256 79 26 selling
1594 1255 38 20 but
1647 1262 13 13 a

1136 1293 19 15 jw
1168 1285 92 21 watches
1271 1283 65 25 daily,
1352 1289 36 14 are
1407 1283 71 19 forced
1497 1285 24 18 to
1545 1282 62 21 make
1632 1288 27 14 an

1136 1313 145 24 slraordinary
1296 1309 64 26 profit
1371 1316 57 19 upon
1448 1309 53 21 each
1515 1315 41 15 one
1569 1309 49 20 sold
1636 1309 24 19 m

1136 1340 44 20 rder
1192 1341 22 19 to
1225 1339 74 26 defray
1310 1342 110 21 expenses.
1651 1349 3 9 :
1656 1351 3 5 ,

1144 1367 43 20 We
1206 1365 160 21 manufacture
1373 1370 25 14 as
1409 1370 43 13 our
1466 1364 121 27 speciality
1606 1363 55 26 only

1136 1394 79 25 bevling
1228 1394 70 20 silver
1306 1398 26 14 or
1350 1392 54 25 gold
1413 1392 156 20 sfceniwmders
1599 1391 61 26 (key-

1136 1427 15 15 -38
1164 1420 100 21 watches.

1146 1447 47 20 The
1204 1447 84 27 keyless
1305 1447 137 19 niechanuin
1451 1445 22 20 of
1488 1445 95 21 watches
1590 1445 19 20 is
1619 1451 42 15 one

1136 1477 5 19 f
1155 1474 38 21 the
1202 1476 58 19 most
1270 1475 121 25 importart
1402 1473 43 19 and
1456 1473 72 19 useful
1536 1472 125 21 inventions

1136 1504 6 19 f
1158 1502 91 21 modem
1268 1502 75 21 times,
1371 1499 87 21 instead
1472 1499 24 20 of
1510 1499 111 26 Jumbling
1639 1499 21 19 m

1136 1531 45 20 ned
1191 1529 91 26 pocket*
1298 1530 22 18 to
1331 1528 45 19 find
1392 1527 41 20 the
1450 1527 48 25 key,
1515 1527 70 20 which
1599 1526 62 20 when

1136 1556 54 22 nund
1204 1557 19 20 is
1237 1556 57 21 most
1309 1555 83 26 always
1402 1554 61 21 filled
1473 1554 53 20 with
1538 1554 52 20 duvt
1598 1565 12 3 -
1617 1553 46 21 this

1136 1586 7 18 if
1153 1590 79 16 course
1240 1584 68 24 being
1324 1581 130 20 transferred
1467 1582 25 18 to
1507 1582 40 19 the
1560 1581 103 20 watch—

1136 1618 28 14 me
1174 1612 41 19 has
1225 1610 42 20 >-ub
1275 1611 25 19 to
1311 1609 55 20 turn
1376 1614 10 14 a
1397 1607 97 21 knurled
1505 1608 82 20 button
1595 1606 69 21 fitted

1136 1645 9 14 o
1155 1639 40 20 the
1209 1636 103 28 pendant
1329 1636 32 25 (or
1371 1634 67 28 ring),
1449 1634 54 21 thii3
1512 1634 102 26 winding
1623 1633 40 21 the

1136 1666 59 22 vatch
1214 1665 45 21 and
1289 1663 131 27 regulating
1438 1662 40 24 the
1494 1662 73 21 hands
1580 1662 33 26 by
1623 1661 41 21 the

1136 1701 49 14 iaine
1194 1699 67 15 mean
1263 1698 9 10 9
1274 1708 5 4 .

1150 1721 48 21 Our
1207 1720 98 21 watches
1324 1725 38 15 are
1372 1718 143 27 everywhere
1533 1716 133 26 recognised

1136 1749 50 20 ;ot>e
1204 1748 41 20 the
1259 1747 51 22 best
1326 1747 25 19 m
1369 1746 42 20 the
1420 1745 97 23 market,
1531 1743 135 27 surpassing

1136 1775 21 21 ill
1166 1775 77 21 others
1253 1775 31 25 by
1303 1774 40 20 the
1352 1774 115 26 precision
1476 1772 24 21 of
1519 1772 62 20 their
1590 1776 75 15 move-

1136 1803 63 21 nents
1218 1808 25 14 as
1262 1801 52 21 well
1323 1807 25 14 as
1367 1801 31 26 by
1416 1800 62 21 their
1492 1804 110 20 accuracy
1620 1798 46 20 and

1136 1831 120 25 jheapness.

1153 1857 47 21 Our
1209 1857 94 25 factory,
1317 1855 61 20 since
1386 1854 32 21 its
1423 1854 11 21 f
1435 1853 126 22 oxindation
1569 1852 26 21 m
1606 1852 61 24 1852,

1136 1891 31 14 aas
1178 1883 95 28 aquired
1282 1890 15 14 a
1306 1882 143 20 world-wide
1458 1880 143 28 reputation,
1618 1879 46 21 and

1136 1911 98 22 )btained
1242 1911 41 20 the
1293 1909 93 26 highest
1395 1909 89 21 awards
1503 1908 59 24 from
1576 1907 33 20 all
1627 1906 40 21 the

1136 1939 117 26 important
1266 1937 154 21 Exhibitions.
1449 1936 35 20 No
1498 1935 75 20 watch
1591 1934 76 21 leaves

1136 1974 31 14 jur
1181 1967 89 25 factory
1283 1963 97 23 without
1395 1964 87 26 haring
1490 1963 58 20 been
1558 1962 110 25 carefully

1136 1994 111 21 examined
1260 1993 46 21 and
1322 1991 100 24 verified,
1437 1990 55 22 thus
1510 1986 70 31 being
1588 1989 80 26 -ready

1136 2029 27 14 tor
1172 2021 132 21 immediate
1315 2026 45 14 me.
1389 2019 64 21 Each
1463 2024 42 16 one
1514 2018 21 20 is
1549 2018 44 26 put
1601 2023 33 20 up
1644 2017 25 20 m

1136 2056 23 17 m,
1167 2049 92 26 elegant
1268 2047 122 21 silk-lined
1399 2053 57 18 case,
1473 2045 46 21 and
1533 2051 136 20 accompan-

1136 2077 30 20 ied
1174 2077 30 25 by
1216 2083 14 13 a
1238 2075 115 26 warranty
1361 2074 36 20 for
1406 2074 66 20 three
1481 2080 72 19 years.

1155 2104 49 19 The
1209 2104 73 24 buyer
1291 2108 52 19 may
1350 2102 34 19 ret
1383 2120 5 5 v
1385 2107 41 13 urn
1437 2106 45 19 any
1489 2101 24 19 of
1521 2107 41 13 our
1571 2099 99 19 watches

1136 2130 74 21 within
1220 2130 35 19 six
1273 2128 98 22 months.
1378 2127 82 22 should
1479 2127 41 20 the
1538 2126 73 21 latter
1628 2125 42 20 not

1136 2157 66 21 ifford
1210 2156 49 22 him
1268 2156 40 21 the
1318 2155 60 21 most
1387 2155 111 26 complete
1505 2153 150 22 satisfaction.

1160 2185 33 20 AH
1205 2184 93 21 articles
1308 2182 51 21 sold
1377 2189 39 14 are
1426 2182 112 21 delivered
1554 2181 51 26 post
1614 2180 56 23 free,

1136 2213 39 20 and
1185 2212 102 21 Customs
1301 2210 59 26 duty
1368 2209 56 27 paid
1439 2210 24 19 to
1473 2216 46 19 any
1533 2209 55 26 part
1597 2207 24 21 of
1630 2207 40 20 the

1136 2239 70 24 world,
1222 2239 54 20 thus
1287 2238 96 20 without
1402 2237 41 20 the
1453 2236 109 27 slightest
1580 2235 91 20 trouble

1136 2274 20 13 3r
1165 2266 118 24 formality
1291 2266 24 18 to
1325 2264 41 19 the
1374 2264 107 19 receiver.

1161 2293 33 20 All
1210 2293 87 25 repairs
1317 2291 83 25 during
1418 2290 41 20 the
1478 2290 67 19 three
1563 2294 66 21 years
1647 2287 25 20 of

1136 2320 120 20 guarantee
1275 2324 39 15 are
1333 2317 112 21 executed
1459 2315 180 28 gratituitously,
1654 2314 17 20 if

1136 2349 36 20 :he
1190 2347 75 20 watch
1287 2347 29 20 be
1333 2345 126 21 forwarded
1475 2345 25 20 to
1519 2350 41 14 our
1578 2342 94 21 London

1136 2376 64 20 affico.

1136 2403 45 20 The
1204 2402 117 26 following
1340 2407 38 14 are
1402 2399 54 22 ca*h
1479 2399 74 27 prices
1573 2397 101 22 without

1136 2431 108 20 discount.

1607 2453 20 20 £
1654 2459 18 13 8.

1160 2486 28 20 A.
1199 2482 163 25 Stemrwinder,
1369 2482 98 26 sterling
1470 2481 76 24 silver,
1553 2479 50 22 hall

1215 2510 100 24 marked,
1329 2510 103 26 jewelled
1441 2510 25 19 m
1475 2510 13 19 6
1498 2508 95 23 actions,

1216 2537 84 27 ciystal
1306 2537 63 26 glass
1379 2543 14 14 a
1402 2537 80 25 strong
1489 2536 46 20 and
1539 2535 53 20 dur-

1216 2565 51 20 able
1280 2564 75 20 watch
1404 2577 23 6 ...
1460 2578 22 5 ...
1648 2562 27 19 12

1138 2593 52 21 A.A.
1200 2591 49 21 The
1268 2597 61 15 same
1347 2591 59 21 with
1433 2590 83 20 double
1537 2589 70 21 silver

1219 2626 51 14 case
1284 2619 122 26 (Hunter),
1424 2617 117 27 elegantly
1557 2623 37 15 en-
1676 2628 2 14 (

1204 2647 88 28 graved
1662 2644 13 20 8

1174 2674 89 21 B.Gold
1273 2673 160 24 stem-winder,
1443 2673 49 19 hal
1506 2670 99 24 marked,

1220 2707 5 13 i
1230 2701 70 26 trong
1310 2699 89 26 keyless
1406 2699 80 25 action,
1496 2696 104 29 jewelled

1218 2727 87 23 inl3ac
1317 2727 54 24 ions,
1381 2727 54 21 with
1444 2726 54 28 gold
1508 2724 89 22 or-steel

1219 2764 82 15 -h,u<j.~,
1314 2755 66 20 small
1395 2755 82 21 second
1495 2755 53 22 dial,
1558 2758 38 16 en-

1183 2797 7 3 -
1220 2783 86 26 graved,
1320 2783 25 19 m
1362 2782 116 21 beautiful
1497 2781 98 26 designs,

1219 2811 83 26 engine
1311 2809 83 21 turned
1403 2816 25 14 or
1437 2809 63 27 plain
1508 2807 91 28 polish-

1219 2838 35 24 ed,
1278 2837 56 21 with
1352 2843 138 21 monogram,
1513 2834 84 24 initial,

1219 2871 60 14 arms
1289 2864 30 20 &c
1611 2861 20 19 2-
1665 2860 12 19 0

1143 2891 50 20 8.6.
1213 2891 45 20 The
1277 2897 60 14 same
1365 2898 24 13 as
1406 2891 25 25 B,
1453 2891 52 20 with
1522 2892 74 23 strong

1221 2918 77 20 doable
1307 2918 49 25 gold
1371 2924 55 18 case,
1446 2925 29 13 an
1491 2917 105 21 excellent

1194 2953 2 4 ■
1222 2946 43 20 and
1275 2950 49 21 very
1334 2946 84 25 elegant
1429 2945 134 25 timekeeper.
1575 2960 22 5 ...
1610 2944 13 20 3
1653 2943 24 21 10

1167 2972 25 21 0.
1202 2971 68 22 Roxal
1277 2971 156 28 chtonopraph,
1448 2973 25 20 18
1483 2973 58 19 carat
1547 2972 51 26 gold

1223 3003 57 18 most
1305 3000 99 26 superior
1423 3000 81 25 keyless
1527 3004 70 15 move-

1222 3030 67 21 ment,
1313 3029 23 18 of
1360 3027 36 20 the
1420 3028 58 19 most
1497 3028 100 19 accurate

1222 3054 168 24 workmanship,
1411 3054 43 20 and
1472 3059 40 14 one
1522 3054 23 18 of
1563 3053 37 20 the

1223 3080 47 20 best
1282 3086 55 14 wear
1346 3080 100 25 resisting
1457 3080 91 19 watches
1561 3094 22 5 ...
1612 3080 15 18 4

1143 3106 47 21 O.C.
1202 3106 45 21 The
1261 3113 59 16 same
1331 3107 69 20 watch
1411 3107 52 20 with
1473 3106 76 21 double
1556 3106 44 20 and

1225 3135 60 20 extra
1295 3135 76 24 ttrong
1380 3141 54 17 ca?e,
1446 3135 95 20 18-carat
1549 3133 50 25 gold

1224 3162 132 25 aitislica'ly
1373 3162 110 24 engraved,
1508 3161 92 24 engine-

1224 3190 78 19 turned
1312 3195 24 14 or
1355 3188 59 26 plain
1428 3188 105 26 polished;
1548 3187 52 20 with

1225 3221 146 21 monograms,
1386 3216 88 23 initials,
1486 3215 36 20 &o.
1562 3230 23 5 ...
1615 3215 13 20 6
1656 3216 21 18 10

1170 3244 27 20 D.
1219 3243 103 25 Impsiial
1333 3242 101 19 calendar
1444 3242 155 23 chronometer,

1226 3271 96 20 18-c.uat
1346 3268 56 25 gold,
1425 3268 120 26 indicating
1565 3268 36 21 the

1225 3298 48 26 day,
1285 3297 35 20 the
1330 3296 66 24 week,
1407 3296 37 21 the
1453 3296 84 26 month,
1555 3296 45 20 and

1225 3326 49 19 da'e
1293 3326 22 17 of
1325 3324 84 24 month,
1419 3324 98 26 jewelled
1531 3324 23 19 m
1566 3324 34 19 18-

1191 3359 3 7 --:
1226 3352 92 24 aciionp,
1338 3351 49 20 with
1398 3352 32 19 a'l
1440 3351 36 19 the
1485 3350 66 20 latest
1560 3351 41 19 im-

1226 3379 147 26 provements
1396 3378 46 20 and
1464 3378 137 22 inventions,

1226 3412 43 15 one
1279 3405 24 21 of
1312 3406 40 20 the
1362 3405 51 20 best
1422 3404 109 21 andtno*t
1540 3411 62 20 mag-

1226 3433 94 21 nificent
1324 3432 99 21 watches
1429 3432 174 21 manufactured

1226 3461 56 21 such
1293 3467 24 14 as
1333 3466 39 15 are
1381 3466 70 15 never
1461 3459 49 21 sold
1528 3459 31 27 by
1569 3466 33 14 re-

1227 3489 44 21 tail
1280 3489 87 19 dealers
1376 3488 37 20 for
1422 3488 45 20 less
1475 3487 58 20 than
1542 3487 47 20 .£25
1618 3488 27 19 10
1672 3488 5 19 C

1172 3517 40 20 All
1220 3523 41 14 our
1270 3515 99 21 watches
1378 3521 38 14 are
1425 3513 172 21 manu'actured
1606 3514 26 20 m
1640 3515 37 19 twe

1146 3545 106 19 different
1260 3543 64 23 size.*,
1338 3542 64 25 large
1411 3541 46 20 and
1467 3541 67 20 small
1545 3541 45 25 (for
1599 3541 78 26 gentle-

1148 3578 51 13 men
1217 3570 47 20 and
1286 3569 91 24 ladies,)
1400 3569 98 19 without
1521 3568 123 20 difference
1663 3569 14 19 oi

1147 3598 67 27 price.

1174 3625 45 22 Old
1228 3623 105 24 watches,
1348 3622 38 21 old
1395 3622 55 26 gold
1458 3622 47 20 and
1522 3621 70 21 silver
1602 3622 47 20 will
1658 3622 19 21 be

1150 3651 99 26 faaken.in
1258 3650 109 28 payment
1377 3650 25 20 at
1411 3649 40 21 the
1460 3649 95 26 highest
1567 3649 75 21 value:
1667 3649 10 20 ii

1150 3679 124 22 forwarded
1284 3679 30 25 by
1323 3677 77 26 parcel
1408 3677 54 26 post
1471 3677 25 19 to
1506 3683 42 13 our
1557 3677 101 20 address.

1174 3707 157 21 Remittances
1352 3710 52 20 may
1426 3704 29 20 be
1478 3703 65 21 made
1563 3703 75 21 either
1656 3704 21 27 bj

1150 3734 77 21 Postal
1237 3734 78 23 Order,
1327 3733 98 25 Cheque,
1434 3731 67 21 Bank
1510 3731 66 21 notes
1583 3731 94 27 (postagt

1150 3764 85 24 3tamps
1244 3761 37 20 for
1291 3760 67 20 small
1364 3759 122 26 amounts,)
1502 3758 24 21 of
1536 3764 45 21 any
1585 3760 92 25 country

1151 3792 22 18 m
1181 3787 127 29 registered
1316 3787 69 20 letter.

1176 3816 23 21 It
1209 3818 20 18 is
1240 3821 39 14 our
1289 3814 52 21 aim-
1344 3815 25 19 to
1380 3814 46 25 give
1435 3813 42 21 the
1493 3813 88 21 utmost
1589 3813 88 25 possibl<

1150 3842 141 23 satisfaction
1300 3842 26 19 tj
1336 3847 40 13 our
1493 3840 107 25 knowing
1608 3839 48 21 this
1665 3840 12 20 t<

1152 3872 26 21 be
1186 3872 42 20 the
1237 3870 52 21 best
1298 3876 15 13 a
1319 3868 151 21 Iveittssenient
1478 3867 36 21 for
1527 3874 42 14 our
1578 3867 99 26 products

1151 3899 46 20 and
1205 3898 33 21 all
1246 3897 49 20 who
1305 3896 59 20 hwe
1376 3901 56 14 once
1446 3894 96 21 entered
1559 3894 50 20 into
1624 3894 53 20 busi-

1152 3933 50 14 ness
1211 3925 111 21 relations
1332 3922 56 20 with
1407 3929 26 13 us
1441 3922 86 26 ..gladly
1547 3926 130 15 recommenc

1152 3959 26 14 us
1186 3954 25 19 to
1223 3957 4 15 i
1231 3952 50 20 heir
1290 3949 88 22 friends
1388 3949 45 20 and
1443 3949 182 27 acquaintances.

1206 4021 101 20 Address
1317 4020 35 20 for
1361 4019 83 20 letters
1451 4019 47 20 and
1506 4018 52 21 ore'e
1569 4024 11 15 s
1588 4034 5 5 .

1167 4088 97 21 MORSE
1275 4085 261 23 MANUFACTURING
1546 4084 131 22 COMPANY

1317 4114 20 26 7|
1350 4114 29 21 ed
1388 4113 58 21 Lion
1454 4112 78 26 Court,

1399 4140 95 22 London
1502 4135 53 28 k.C.

1171 4256 1 2 .
1180 4237 144 30 GjgTWan'.e
1329 4237 17 24 1,
1360 4237 26 19 at
1395 4242 63 18 onie,
1472 4235 25 21 m
1507 4242 70 20 ezery
1595 4235 82 25 locality

1153 4272 30 15 an
1192 4265 99 26 inteltige
1299 4267 17 17 it
1334 4262 64 29 pefi'o
1407 4262 46 22 itb
1461 4265 38 19 acst
1517 4269 26 15 as
1559 4268 41 15 our
1618 4264 59 22 Agenl

1154 4293 35 20 No
1199 4292 84 27 spHc'al
1292 4291 32 21 In
1333 4289 87 26 >wkdge
1429 4291 87 26 require
1525 4291 11 24 ',
1546 4289 43 21 and
1599 4289 78 19 withou

1154 4319 126 25 interfering
1302 4317 57 22 w'.th
1380 4317 52 27 p«l
1439 4321 3 10 ;
1444 4322 24 15 nt
1488 4322 27 16 «o
1527 4315 97 28 u-pation.
1661 4313 16 22 A:

1155 4346 111 22 excellent
1282 4345 136 26 occupation
1435 4342 37 23 for
1515 4350 33 21 caj
1557 4342 120 30 ablejjyounj

1157 4380 54 16 man
1218 4380 25 15 or
1251 4373 61 26 lady.
1545 4374 128 30 •^■'■i..

655 1005 53 45 H
751 1001 277 48 LAMING

708 1105 249 44 Saddler

781 1191 106 33 AND
959 1217 1 3 .

724 1321 67 26 Near
811 1319 141 32 Saleyards.

577 1483 110 31 Orders
703 1481 61 31 and
793 1480 118 40 repairs
947 1476 158 42 promptly

577 1525 54 30 and
645 1523 106 40 neatly
765 1521 151 32 executed
942 1523 32 26 at
999 1520 107 29 lowest-

792 1572 92 21 rates.

668 1645 143 33 HOESE
835 1641 169 34 COVERS

594 1731 89 29 made
698 1735 32 25 to
745 1729 92 30 order
852 1727 61 31 and
938 1724 149 41 repaired.

616 1802 21 20 A
646 1802 64 20 stock
720 1800 23 21 of
751 1800 68 21 horse
828 1798 123 21 medicines
961 1803 30 14 on
1000 1796 68 24 hand,

642 1854 175 22 SOLOMON'S"
832 1852 148 22 SOLUTION
1007 1850 37 21 &c.

578 1989 54 46 G.
652 1986 73 46 W.
748 1984 42 45 J.
811 1980 300 49 PABSONIB

599 2088 315 46 MONUMENTAL
929 2084 164 43 MASON.

660 2161 60 26 Begs
729 2159 28 22 to.
765 2163 116 15 announce
890 2156 54 21 that
953 2155 30 21 he
992 2154 42 20 has

609 2207 474 35 removedtos6andsßMAN-
1105 2230 11 3 ...

670 2271 188 28 CHESTER
870 2269 156 26 STREET

698 2339 124 33 {Opposite
842 2337 63 25 Scot.
918 2336 82 32 Bros.)

582 2411 79 29 Every
684 2405 142 33 description
848 2406 27 29 of
875 2402 178 31 .'monumental
1070 2409 45 15 ano

598 2470 89 24 marble
700 2468 64 24 work
776 2466 102 25 excuteel
897 2468 25 21 at
934 2465 79 23 lowest
1032 2466 69 20 rates.

717 2533 130 31 Telephone
866 2532 49 28 No.
931 2531 55 24 682.

718 2607 94 32 Oxford
822 2607 79 31 Agent

777 2670 31 22 R.
825 2668 36 23 H.
879 2665 144 26 PARISH.

659 2822 52 46 G.
772 2817 291 49 SMITH.

600 2921 107 50 ZI|TC,
732 2920 88 45 TIN,
845 2917 96 41 AOT
970 2913 142 45 SHEET

670 3002 136 42 STEEL
821 2998 220 42 WORKEE.
1105 3039 2 5 ,

609 3086 83 41 HIGH
710 3062 241 63 STREEtTeAST
966 3080 139 39 OXFORD.

587 3180 44 24 All
642 3179 82 24 Kinds
736 3179 30 28 of
772 3178 91 29 Pumps
873 3175 80 24 Fixed
962 3174 50 23 and
1023 3172 101 30 Repair-

696 3244 29 22 ed
736 3244 28 21 at
776 3241 36 23 the
824 3240 101 23 shortest
936 3239 83 25 notice,

616 3372 72 46 W.
721 3372 66 44 H.
820 3367 283 48 ALFOED.

591 3593 151 24 WORKING
751 3590 174 26 JEWELLER,
941 3588 145 23 OPTICIAN
1096 3587 33 22 &c.

661 3653 174 34 WL&blYi
870 3648 221 40 street,

640 3745 208 44 OXF
873 3744 47 40 O
946 3742 145 41 B,D.

600 3828 167 39 Jewellery
783 3826 32 30 of
832 3835 95 29 every
943 3821 186 40 description

636 3891 87 30 made
738 3893 32 26 to
785 3888 101 35 order,
909 3883 117 32 altered
1042 3884 62 30 and

791 3944 150 42 repaired.

769 4001 48 5 —
817 4001 4 5 -
852 3993 33 19 ■»
903 4011 1 1 .

600 4034 104 48 Pipes
718 4028 172 43 mounted
901 4027 71 40 and
979 4025 150 51 repaired

602 4100 60 40 Old
677 4098 82 42 Gold
774 4096 71 41 and
860 4096 111 39 silver

687 4168 137 34 Spectacles
840 4171 23 19 to
880 4168 48 22 suit
945 4166 36 23 all
998 4164 77 33 sights

602 4249 78 32 Agent
682 4248 47 31 for
739 4244 101 26 Adam's
849 4243 61 28 Star,
927 4243 70 31 Cycle
1011 4241 118 32 Company

665 4301 78 37 W.
853 4295 226 34 ALFORD

728 4348 16 48 f
748 4350 94 45 JEstst
856 4337 130 46 6xford.

148 1429 269 48 NOTICE.

45 1534 116 46 JOB
177 1527 351 49 PRINTING.

33 1622 115 45 JOB
178 1614 367 52 PRINTING!

79 1698 171 34 OXFOE-D
285 1693 224 34 OBSERVER,

106 1770 163 41 Machine
304 1767 173 48 Printing

198 1846 190 43 WORKS..
408 1831 1 2 '
549 1873 4 6 ■•

72 1935 97 25 MAIN
184 1933 147 27 STREET,
362 1928 149 27 OXFORD.

130 2002 89 24 FINE
236 1997 184 27 PRINTING.

45 2055 44 38 In
101 2062 73 40 any
189 2050 154 49 Variety
359 2059 36 28 or
414 2047 114 49 Style.

83 2109 218 51 Memorial
355 2106 150 49 €Jtr4s.

26 2206 38 37 m
78 2214 83 29 new
176 2202 71 40 and
263 2200 122 40 chaste
406 2198 154 50 designs.

173 2256 60 38 ss.-
256 2264 61 39 per
341 2253 74 38 doz.

93 2349 3 2 .
109 2311 207 41 Statement
335 2308 128 45 Heads,

109 2372 79 39 Ball
202 2371 259 50 Programmes,
530 2397 5 9 

110 2432 151 41 Posters,
287 2428 199 45 Handbills,

111 2488 190 46 Billheads,
324 2482 169 54 'Cheques,

110 2548 123 39 Letter
250 2545 70 39 and
334 2545 88 38 Jfote
437 2542 127 45 Heads,

114 2604 183 44 Circulars,
324 2602 136 43 Menus,

65 2664 220 47 Catalogues,
313 2661 56 36 &c.
389 2659 58 38 &c.
474 2657 60 39 &c.

71 2725 78 30 New
165 2721 97 40 styles
276 2720 32 29 m
324 2718 131 40 visiting-
469 2717 62 29 and

170 2779 140 30 business
332 2776 100 30 cards.

33 2840 72 38 The
116 2835 140 41 newest
283 2833 115 49 styles
413 2832 39 38 m
466 2831 104 49 types

112 2893 70 41 and
208 2887 284 44 ORNAMENTS.

163 3693 244 55 WsrtWott,

246 3784 191 62 Singer's

135 3884 84 50 mi
258 3880 242 53 EmmMU

284 4209 43 22 AT

58 141 84 52 Sg

122 392 21 18 o

61 413 38 26 [X|
123 413 20 14 v
168 422 14 11 m
198 417 21 15 CO

60 513 39 25 &
123 504 20 23 *
185 500 34 29 .a

60 574 39 44 13
122 579 97 43 ?■:%

59 649 40 27 w
122 638 21 42 g
