2559 4060
1931 141 64 33 ,The
2007 141 99 24 Coroner
2117 141 25 23 in
2153 141 46 28 his.
2203 137 84 35 charge
2298 141 8 23 1
2309 146 27 26 ay
2338 145 84 27 s^'great
2431 146 72 19 stress

1908 183 64 23 upon
1985 176 92 29 getting
2094 174 39 23 the
2150 176 77 22 native
2245 175 76 23 before
2333 172 55 31 him,
2407 175 96 23 without

1908 209 92 29 issuing
2016 216 13 14 a
2041 212 106 20 warrant.
2185 207 23 24 It
2225 215 53 23 may
2288 208 29 24 be
2334 206 108 25 assumed
2454 208 49 23 that

1908 240 39 24 the
1959 241 88 24 natives
2061 241 68 24 know
2141 249 42 15 our
2193 240 65 29 laws,
2275 249 28 17 as
2314 241 34 23 far
2361 249 25 15 as
2398 241 55 30 they
2464 248 38 16 are

1908 273 38 24 the
1955 274 56 23 laws
2018 274 116 31 generally
2142 273 109 24 admitted
2258 274 30 30 by
2295 273 119 25 mankind.
2434 273 67 31 They

1908 307 76 28 know,
1997 307 33 23 for
2042 308 110 28 instance,
2164 307 50 23 that
2226 306 91 24 murder
2331 308 21 22 is
2364 315 14 15 a
2395 308 70 22 crime
2476 311 25 18 to

1908 339 28 24 be
1947 339 112 32 punished
2072 341 30 30 by
2113 340 77 29 death,
2202 339 46 25 and
2256 339 59 24 theft
2322 341 26 22 in
2360 348 63 15 some
2435 340 65 23 other

1908 373 75 23 mode.
2018 373 48 24 But
2079 372 67 25 while
2165 381 34 16 we
2216 380 54 24 may
2284 380 90 16 assume
2393 373 63 24 them
2475 376 25 20 to

1908 406 58 23 have
1978 405 45 24 this
2044 411 94 19 amount
2150 407 25 23 of
2190 406 141 31 knowledge,
2343 406 97 23 without
2451 406 49 23 fear

1908 439 26 23 of
1940 438 107 32 injustice
2054 440 70 30 being
2133 440 59 23 done
2202 440 64 23 them
2266 452 33 4 —
2299 440 19 22 it
2326 440 21 22 is
2357 442 88 20 correct
2451 439 48 23 also

1908 476 24 19 to
1955 479 90 16 assume
2067 472 50 23 that
2136 473 56 31 they
2207 480 61 16 were
2290 473 106 30 ignorant
2415 472 25 23 of
2459 479 41 16 our

2026 505 67 24 mode
2112 506 25 22 of
2153 506 126 31 punishing
2291 505 124 24 criminals.
2452 505 47 23 For

1908 538 46 23 this
1962 546 82 15 reason
2051 538 38 24 the
2099 538 103 24 Coroner
2208 547 46 15 was
2267 539 61 31 right
2335 543 24 19 to
2367 538 54 24 take
2432 539 68 30 pains

1908 575 24 19 to
1943 571 70 31 bring
2024 571 39 24 the
2079 572 76 22 native
2166 572 77 23 before
2261 573 39 22 the
2319 573 66 29 Jury,
2405 571 95 24 without

1909 612 44 23 any
1958 604 100 23 'forcible
2072 605 157 30 proceedings.
2264 606 69 23 After
2343 611 19 17 a'
2368 605 67 23 little'
2444 606 56 22 time

1908 638 43 22 has
1968 637 98 31 clasped,
2080 638 38 23 the
2136 639 89 22 natives
2236 638 46 23 will
2293 639 28 22 be
2333 639 100 22 familiar
2444 637 56 24 with

1909 679 41 15 our
1961 670 79 25 modes
2049 671 26 23 of
2082 671 145 30 proceeding,
2236 670 43 24 and
2288 671 52 30 they
2348 671 57 23 have
2413 668 95 26 the.in-

1908 704 119 30 telligence
2046 708 23 19 to
2082 705 126 29 appreciate
2220 704 71 23 them.
2330 703 75 24 When
2417 705 50 22 that
2477 705 23 22 is

1908 737 38 23 the
1966 745 59 21 case,
2038 737 81 23 should
2136 745 14 15 a
2160 738 76 22 native
2246 737 52 23 who
2309 736 43 24 has
2364 737 60 23 been
2435 745 64 15 sum-

1908 770 94 29 moned,'
2012 774 39 19 not
2062 770 86 29 attend,
2160 771 20 22 it
2192 770 45 24 will
2247 771 30 23 be
2286 778 83 24 proper
2383 774 23 19 to
2426 774 74 20 arrest

1908 803 56 24 him.
2001 803 47 24 But
2059 803 68 24 while
2144 811 32 16 we
2196 804 72 23 admit
2285 804 38 23 the
2340 804 118 31 propriety
2475 803 35 24 of.

1908 837 38 23 the
1960 844 78 16 course
2049 837 101 31 pursued
2160 837 33 31 by
2204 837 38 24 the
2260 837 109 29 Coroner,
2388 844 35 16 we
2437 840 63 21 must

1908 874 66 25 state,
1998 877 33 17 we
2049 870 68 23 think
2135 870 30 24 he
2180 878 53 16 over
2251 871 119 28 .estimates
2392 870 40 23 the
2455 870 46 24 evil

1908 911 167 23 consequences
2086 908 22 19 to
2120 903 39 24 the
2170 904 69 23 white
2249 912 61 21 men,
2319 915 5 4 ■
2331 903 76 24 which
2424 903 76 24 would

1908 937 78 23 attend
1998 945 13 15 a
2022 936 90 32 quarrel
2120 937 56 23 with
2186 937 38 23 the
2235 938 97 22 natives.
2370 936 75 24 Could
2459 936 39 24 the

1908 971 140 31 community
2058 971 29 23 be
2099 970 126 31 impressed
2232 970 55 24 with
2294 970 37 24 the
2340 971 160 30 omnipotence

1908 1003 25 23 of
1947 1004 39 23 the
1996 1005 76 23 native
2083 1004 69 29 force,
2173 1008 35 19 set
2220 1004 61 23 forth
2292 1004 31 31 by
2335 1003 38 24 the
2388 1003 110 29 Coroner,

1906 1044 33 16 we
1952 1045 38 16 are
2003 1045 51 16 sure
2066 1037 49 24 that
2134 1037 39 23 the
2191 1037 109 23 mischief
2322 1041 23 19 to
2369 1037 37 23 his
2423 1036 76 24 fellow-

1908 1074 157 27 countrymen,
2084 1070 75 24 which
2169 1070 30 24 he
2210 1072 21 22 is
2242 1079 26 14 so
2280 1071 98 23 anxious
2389 1074 24 20 to
2427 1069 73 32 guard
2513 1089 4 6 d

1908 1105 97 29 against,
2017 1104 74 24 would
2102 1104 29 24 be
2147 1104 40 24 the
2204 1103 80 25 result.
2332 1103 48 25 Let
2396 1111 29 16 us
2446 1103 54 31 only
2510 1105 3 3 '

1908 1137 88 23 exhibit
2007 1138 46 23 fear
2066 1138 25 23 of
2106 1138 39 23 the
2155 1139 97 27 natives,
2265 1138 45 23 and
2321 1145 14 16 a
2345 1137 55 24 fatal
2410 1141 90 20 contest

1907 1171 74 23 would
1994 1178 55 16 soon
2059 1171 29 23 be
2100 1171 100 31 brought
2209 1171 77 24 about.
2327 1171 49 23 But
2388 1170 54 24 with
2460 1169 40 25 the

1906 1203 98 32 bearing
2014 1204 96 24 towards
2122 1204 71 29 them,
2206 1204 73 23 which
2288 1204 154 23 self-reliance
2454 1202 47 25 will

1908 1244 52 16 ever
1969 1245 87 22 secure,
2068 1245 34 16 we
2113 1246 54 22 may
2178 1239 111 22 maintain
2296 1237 42 25 ,the
2345 1237 62 31 good
2414 1236 86 24 under-

1908 1270 108 32 standing
2022 1271 98 24 hitherto
2129 1272 108 30 existing,
2248 1271 46 23 and
2301 1271 61 23 alike
2371 1269 128 25 beneficial.

1906 1303 79 25 While
2007 1312 33 16 we
2059 1305 119 31 deprecate
2197 1312 13 16 a
2231 1303 110 30 collision,
2366 1312 33 15 we
2422 1308 24 19 at
2461 1303 39 24 the

1908 1345 62 16 same
1982 1338 53 23 time
2046 1338 51 29 feel,
2110 1338 50 23 that
2172 1337 82 24 should
2263 1338 57 23 such
2327 1336 174 32 unfortunately

1906 1370 100 32 happen,
2021 1371 38 23 the
2079 1372 95 29 natives,
2189 1371 44 24 and
2244 1375 42 20 not
2297 1371 39 24 the
2352 1371 146 32 Europeans,

1906 1404 75 24 would
1991 1405 29 23 be
2038 1405 39 23 the
2094 1405 116 23 sufferers.
2257 1405 42 23 All
2320 1413 42 15 our
2379 1405 60 23 fears
2457 1412 39 15 are

1905 1437 35 24 for
1952 1438 40 24 the
2007 1438 92 30 former,
2112 1438 45 24 and
2168 1443 41 19 not
2224 1438 35 24 for
2275 1439 38 23 the
2331 1439 77 23 latter.
2452 1438 45 24 We

1906 1479 38 16 are
1956 1471 39 24 the
2007 1479 61 16 more
2080 1472 98 23 inclined
2190 1477 22 18 to
2224 1479 58 23 urge
2293 1472 54 29 this,
2359 1480 25 15 as
2395 1479 35 16 we
2449 1471 49 24 find

1906 1510 126 26 symptoms
2048 1506 24 23 in
2083 1506 37 23 the
2136 1505 69 24 north
2223 1505 24 23 of
2262 1505 82 31 letting
2356 1514 14 14 a
2380 1505 119 24 murderer

1906 1546 82 23 escape
1997 1547 7 21 ;
2022 1547 13 15 a
2053 1539 82 29 fellow,
2156 1539 55 23 with
2221 1538 74 24 whom
2306 1539 60 23 their
2378 1544 83 18 cannot
2470 1539 29 23 be

1906 1580 44 22 any
1962 1572 89 31 ground
2061 1573 35 23 for
2106 1573 176 31 sympathizing,
2297 1573 22 22 is
2331 1571 90 33 spoken
2432 1573 26 23 of
2472 1580 26 15 as

1906 1613 14 16 a
1955 1606 129 30 misguided
2094 1613 81 24 young
2187 1606 62 23 chief
2263 1606 77 31 acting
2355 1606 26 23 in
2390 1606 38 23 the
2439 1606 60 24 hour

1906 1639 26 23 of
2100 1639 58 24 This
2171 1641 21 22 is
2204 1644 35 19 set
2247 1639 61 23 forth
2319 1640 24 23 in
2353 1639 40 23 the
2400 1639 63 24 teeth
2474 1639 27 24 of

1906 1672 40 29 the,
1957 1672 115 30 evidence,
2089 1672 75 24 which
2174 1681 83 23 proves
2268 1673 49 23 him
2328 1677 22 19 to
2363 1672 58 24 have
2434 1672 65 24 acted

1906 1706 56 24 with
1973 1706 163 24 deliberation..
2166 1706 41 24 He
2213 1707 79 23 awaits
2298 1707 37 23 the
2342 1707 79 31 period
2430 1707 24 23 of
2460 1707 38 23 the

1906 1747 61 22 man,
1979 1740 54 24 with
2046 1740 73 24 whom
2131 1740 29 23 he
2173 1740 134 31 quarrelled,
2319 1740 81 31 falling
2413 1740 85 31 asleep,

1906 1773 78 24 before
1996 1773 27 24 he
2032 1782 142 15 commences
2185 1774 37 23 his
2233 1773 78 24 horrid
2320 1773 120 31 butchery,
2454 1773 45 24 and

1906 1811 38 26 yet
1955 1815 34 15 we
2002 1815 37 15 are
2050 1808 48 23 told
2108 1807 30 23 he
2150 1808 64 22 acted
2233 1807 95 23 without
2344 1806 83 24 malice
2439 1815 58 24 pre-

1902 1848 72 23 pense
1983 1841 13 23 !
2028 1841 32 24 So
2073 1849 53 15 sure
2145 1849 24 15 as
2186 1841 49 24 that
2255 1842 76 22 native
2349 1841 21 22 is
2391 1841 109 24 screened

1906 1874 59 23 from
1988 1874 38 24 the
2044 1875 150 31 punishment
2207 1875 43 23 due
2262 1879 23 19 to
2303 1874 37 24 his
2362 1876 91 27 crimes,
2473 1882 25 15 so

1908 1908 85 23 certain
2012 1916 37 15 are
2061 1916 32 15 we
2106 1908 49 23 that
2167 1917 13 14 a
2197 1909 109 28 collision,
2324 1909 97 22 ruinous
2433 1909 25 22 in
2468 1909 31 22 its

1908 1949 167 24 consequences
2086 1946 23 19 to
2124 1942 40 23 the
2181 1942 98 29 natives,
2296 1942 45 22 will
2362 1942 78 24 attend
2461 1942 39 24 the

1906 1982 67 21 gross
1985 1979 101 28 outrage.,
2091 1983 62 25 u^gn
2163 1975 100 28 lawjand
2267 1975 102 36 Justice^.
2386 1971 118 40 J^rid^

1291 144 114 23 considers
1419 143 96 24 Colonel
1525 143 131 22 Wakefield
1668 142 78 32 ought,
1765 143 31 30 by
1807 143 74 22 virtue

1291 178 26 22 of
1331 178 36 22 his
1379 177 72 28 office;
1464 181 22 17 to
1498 176 58 22 have
1568 175 103 30 imposed
1682 183 60 22 upon
1753 175 101 23 himself.

1324 210 45 23 We
1379 217 69 16 never
1459 208 108 24 intended
1578 212 24 20 to
1614 212 58 20 state
1683 216 63 16 more
1758 209 56 23 than
1832 208 49 24 that

1292 243 47 23 Mr.
1363 242 100 24 Hanson
1480 241 47 24 had
1544 242 60 23 been
1619 241 98 24 selected
1734 241 31 31 by
1785 241 49 24 Mr.
1848 241 31 23 E.

1292 276 94 23 Gibbon
1391 275 131 23 Wakefield
1532 279 24 19 to
1563 273 35 25 fill
1609 275 87 23 certain
1708 274 84 24 offices.
1832 273 46 25 Mr.

1292 308 99 24 Hanson
1405 308 63 23 hints
1480 312 23 19 at
1514 307 70 31 being
1594 315 14 15 a
1620 315 78 16 severe
1714 307 69 29 loser,
1796 307 32 31 by
1839 314 41 16 en-

1291 343 76 29 tering
1383 341 38 23 the
1437 341 142 31 Company's,
1593 341 95 23 service.
1724 340 43 24 We
1785 340 94 28 believe,

1291 382 34 16 we
1335 382 53 23 may
1400 374 51 28 add,
1468 374 50 23 that
1529 378 24 19 at
1563 374 40 23 the
1614 374 55 23 time
1680 374 29 23 he
1719 373 92 23 entered
1821 373 60 24 their

1292 408 92 28 service,
1397 407 29 23 he
1437 414 45 16 was
1494 411 41 19 not
1546 414 73 16 aware
1631 406 39 23 the
1680 407 47 23 loss
1739 407 25 21 in
1775 406 105 31 question

1290 440 75 24 would
1376 440 78 23 attend
1464 440 37 22 his
1512 439 137 31 proceeding
1660 444 24 19 to
1695 439 58 24 New
1764 439 102 24 Zealand
1872 448 7 20 ;

1292 474 44 23 and
1339 473 21 23 if
1365 473 47 23 that
1419 473 29 23 be
1456 477 57 24 true,
1519 473 39 23 the
1567 473 133 30 expression
1704 472 56 23 used
1766 472 64 23 leads
1838 476 23 20 to
1867 480 14 14 a

1290 506 106 28 mistake,
1407 506 127 31 producing
1549 505 39 23 the
1598 505 58 28 idea,
1669 505 50 23 that
1774 505 106 31 resigned

1291 547 62 16 some
1360 543 107 27 prospect
1473 538 76 24 which
1556 545 45 17 was
1609 538 72 24 either
1689 546 63 16 more
1760 538 120 31 profitable

1291 581 26 15 or
1328 572 117 31 agreeable
1457 576 23 19 to
1490 571 58 24 him.
1578 571 52 24 The
1637 571 77 24 attack
1722 579 30 15 on
1758 571 39 24 the
1810 571 70 24 Com-

1290 613 61 24 pany
1360 613 33 15 we
1404 605 46 23 still
1459 604 213 31 deem-premature,
1685 604 44 24 and
1740 612 25 15 as
1774 612 34 16 we
1819 605 58 23 have

1291 639 90 30 already
1390 639 80 28 stated,
1478 638 84 23 should
1573 639 18 22 it
1597 638 29 23 be
1633 642 151 26 necessaryto
1794 646 85 23 oppose

1291 672 62 23 them
1374 672 119 28 hereafter,
1517 679 57 15 even
1593 670 64 30 then,
1679 672 21 22 if
1720 679 14 15 a
1752 675 129 28 competent

1290 713 84 23 person
1397 705 65 23 could
1485 705 30 22 be
1537 703 72 24 found
1632 709 22 18 to
1678 704 143 32 self-impose
1842 704 38 23 the

1291 738 117 31 agreeable
1426 738 63 29 duty,
1491 750 34 3 —
1526 737 39 23 the
1579 737 96 23 relation
1691 738 25 23 in
1733 738 76 23 which
1819 759 3 4 ,
1829 737 48 24 Mr.

1292 771 99 24 Hanson
1402 771 78 23 stands
1492 774 23 19 to
1527 770 100 23 Edward
1640 770 94 24 Gibbon
1740 771 138 29 Wakefield,

1291 804 82 24 should
1383 804 68 23 make
1467 804 49 23 him
1530 804 67 23 avoid
1609 811 14 16 a
1634 804 60 29 task,
1714 804 48 23 that
1773 804 72 31 ought
1856 809 23 18 to

1290 837 48 24 him
1357 841 23 19 to
1390 838 29 23 be
1430 837 96 31 painful,
1545 837 46 23 and
1607 836 38 24 the
1665 837 84 23 motive
1759 837 36 24 for
1805 837 75 24 which

1289 879 55 21 very
1355 870 71 30 likely
1438 870 75 24 would
1529 874 41 19 not
1581 870 28 23 be
1621 870 150 30 appreciated.

1324 903 45 24 We
1380 912 41 15 can
1440 911 78 16 assure
1539 903 49 24 Mr.
1609 903 100 24 Hanson
1727 911 34 16 we
1780 912 38 15 are
1839 908 41 19 not

1291 937 103 23 offended
1406 941 23 19 at
1439 937 70 30 being
1517 936 72 24 called
1600 936 38 24 the
1647 936 139 32 Company's
1799 945 78 23 organ.

1290 971 45 23 We
1351 971 86 30 merely
1449 971 59 30 deny
1520 969 38 24 the
1578 969 52 24 fact.
1666 969 36 24 As
1714 974 22 19 to
1749 969 38 25 tlie
1799 978 80 16 course

1290 1011 34 16 we
1334 1004 57 23 have
1408 1003 108 32 pursued,
1534 1011 34 15 we
1580 1010 38 16 see
1635 1011 30 16 no
1676 1011 83 16 reason
1769 1007 23 20 to
1803 1007 77 28 regret

1290 1038 26 28 it,
1334 1037 122 31 especially
1467 1037 62 23 since
1541 1044 33 16 we
1586 1044 38 16 are
1640 1041 42 19 not
1693 1044 72 16 aware
1781 1037 52 23 that
1844 1044 33 16 we

1290 1070 57 24 have
1359 1078 52 15 ever
1420 1070 125 31 prevented
1553 1070 38 23 the
1604 1070 132 31 expression
1744 1070 25 23 of
1778 1071 99 30 opinion,

1290 1104 32 30 by
1339 1103 105 32 refusing
1464 1103 202 24 communications
1685 1112 14 15 a
1714 1103 64 31 place
1795 1105 26 22 in
1839 1111 40 16 our

1291 1137 111 23 columns.
1438 1136 97 32 Feeling
1546 1136 51 24 that
1614 1136 106 24 disunion
1731 1137 74 24 would
1821 1137 58 24 have

1290 1170 58 24 been
1354 1170 124 31 extremely
1485 1169 145 25 detrimental
1638 1174 23 19 to
1667 1170 39 24 the
1713 1170 52 24 best
1771 1171 108 23 interests

1292 1203 25 24 of
1325 1204 39 23 the
1378 1203 87 31 Colony
1475 1203 25 23 in
1517 1203 40 24 the
1569 1203 63 31 early
1642 1208 65 27 stage
1717 1204 24 23 of
1753 1204 30 23 its
1795 1212 83 21 career,

1291 1244 34 16 we
1342 1236 140 24 determined
1501 1241 23 19 to
1535 1244 86 24 pursue
1641 1245 15 15 a
1664 1244 88 22 course,
1771 1245 24 16 so
1807 1238 36 23 far
1854 1246 25 15 as

1290 1270 100 31 possible
1412 1274 23 20 to
1457 1274 96 27 prevent
1574 1270 108 24 mischief
1699 1271 60 23 from
1786 1271 58 24 such
1866 1279 14 15 a

1291 1312 80 15 source
1378 1304 93 31 arising.
1497 1304 76 31 Long,
1581 1312 55 23 very
1642 1303 62 32 long,
1712 1303 77 25 before
1796 1312 34 16 we
1838 1312 40 24 op-

1290 1337 70 31 posed
1374 1337 97 31 Captain
1482 1336 108 30 Hobson,
1604 1345 33 16 we
1649 1337 120 32 suspected
1779 1338 37 23 his
1830 1338 48 24 Go-

1291 1375 118 19 vernment
1425 1378 47 16 was
1489 1371 146 23 treacherous
1652 1371 46 23 and
1711 1371 82 24 hostile
1804 1376 24 19 to
1840 1371 39 24 the

1292 1404 137 31 Company's
1441 1404 131 24 settlement
1579 1414 7 20 ;
1599 1404 45 24 and
1654 1404 88 31 though
1748 1413 33 15 we
1790 1405 38 23 did
1839 1409 40 20 not

1291 1445 117 16 announce
1417 1437 46 24 this
1475 1438 123 30 suspicion,
1616 1438 19 23 it
1647 1438 71 24 added
1735 1442 23 19 to
1770 1446 41 16 our
1823 1446 54 16 con-

1291 1472 85 23 viction
1392 1472 24 23 of
1431 1472 39 23 the
1486 1472 116 30 necessity
1614 1471 24 23 of
1652 1472 152 31 maintaining
1819 1480 58 16 una-

1290 1505 89 30 nimity,
1398 1504 20 24 if
1437 1505 109 31 possible,
1567 1513 26 15 or
1607 1504 39 24 the
1663 1513 138 23 appearance
1813 1506 26 23 of
1851 1506 25 29 it,

1290 1538 162 31 if^unanimity
1467 1546 60 15 were
1543 1543 41 19 not
1601 1541 24 20 to
1640 1539 30 23 be
1684 1538 101 24 secured.
1822 1539 55 24 Had

1289 1571 75 31 policy
1371 1571 58 24 been
1437 1572 154 30 disregarded,
1602 1579 34 15 we
1643 1572 76 31 might
1729 1572 58 24 have
1795 1572 84 32 played

1291 1605 47 23 into
1347 1604 38 24 the
1391 1605 73 24 hands
1474 1605 25 23 of
1508 1604 210 33 theJGovernment,
1731 1606 50 23 that
1788 1606 29 30 is,
1830 1608 47 22 into

1291 1638 38 24 the
1346 1638 72 24 hands
1431 1639 26 23 of
1472 1639 38 23 the
1530 1639 100 23 enemies
1642 1639 26 23 of
1682 1639 39 24 the
1740 1640 136 29 settlement,

1290 1672 65 23 when
1361 1672 155 31 doubtless^we
1522 1672 82 24 should
1611 1672 57 24 have
1672 1672 66 30 been,
1745 1674 44 22 and
1795 1674 81 31 justly,

1291 1705 130 24 denounced
1433 1714 25 15 as
1492 1700 6 12 f
1500 1714 14 15 a
1524 1707 81 22 traitor
1621 1707 25 22 in
1658 1706 40 24 the
1833 1707 45 24 We

1291 1739 58 31 deny
1360 1739 38 24 the
1414 1740 59 23 wide
1490 1739 82 32 spread
1587 1739 177 25 dissatisfaction
1774 1740 55 24 with
1840 1740 38 24 the

1289 1772 149 32 proceedings
1450 1773 25 23 of
1484 1773 38 23 the
1536 1773 139 31 Company's
1682 1773 86 32 Agent,
1776 1775 103 23 asserted

1289 1806 31 31 by
1332 1805 48 25 Mr.
1400 1806 98 24 Hanson
1515 1811 23 19 to
1560 1807 67 23 exist.
1663 1806 67 24 Each
1748 1808 45 23 and
1811 1816 68 23 every

1289 1848 54 15 man
1353 1839 55 24 here
1416 1848 54 24 may
1478 1844 23 19 at
1512 1848 63 15 some
1582 1845 102 19 moment
1690 1841 35 23 for
1732 1849 63 16 some
1802 1849 75 21 cause,

1289 1873 131 24 reasonable
1439 1883 25 15 or
1477 1874 126 28 otherwise,
1621 1874 58 24 have
1692 1875 113 31 supposed
1817 1875 61 23 him-

1290 1907 46 23 self
1352 1912 24 19 to
1393 1907 58 24 have
1468 1916 14 15 a
1491 1908 45 23 fair
1553 1907 89 31 ground
1654 1907 26 24 of
1692 1908 132 31 complaint,
1843 1909 35 23 for

1289 1940 71 31 ought
1367 1949 33 15 we
1397 1967 5 6 i
1410 1941 68 23 know
1486 1950 6 20 ;
1506 1942 42 22 but
1559 1942 20 22 if
1588 1941 57 23 such
1651 1940 43 24 has
1701 1942 58 23 been
1767 1942 40 23 the
1818 1950 59 21 case,

1288 1974 83 23 thatcit
1380 1970 37 31 df^
1428 1976 40 21 riot
1474 1968 220 35 produbeia^asting
1700 1994 4 10 ,
1704 1975 142 28 impression,
1859 1976 26 21 is.

1289 2007 76 32 amply
1376 2006 85 32 proved
1471 2006 31 31 by
1514 2005 39 24 the
1563 2004 176 32 overwhelming
1750 2006 128 31 opposition

1289 2041 48 24 Mr.
1351 2040 100 24 Hanson
1462 2038 149 32 experienced
1628 2044 23 18 at
1662 2039 39 23 the
1718 2039 76 31 public
1805 2043 72 20 meet-

1288 2076 48 29 ing,
1347 2074 67 23 when
1430 2074 29 23 he
1477 2072 125 31 attempted
1619 2076 23 19 to
1654 2072 116 24 denounce
1783 2072 94 24 Colonel

1289 2108 135 23 Wakefield.
1461 2107 44 23 Wo
1517 2106 87 24 believe
1616 2113 62 17 some
1685 2107 44 22 five
1740 2105 78 25 hands'
1821 2114 58 16 were

1288 2141 117 24 mustered
1423 2142 26 22 in
1461 2140 129 31 opposition
1606 2142 24 20 to
1642 2148 13 15 a
1671 2147 63 16 room
1746 2139 49 24 full.
1832 2140 47 24 Far

1288 2175 58 24 from
1359 2175 56 22 such
1427 2182 13 15 a
1451 2174 84 30 feeling
1547 2173 107 31 existing,
1667 2177 22 19 to
1702 2181 44 23 any
1755 2173 66 31 thing
1831 2173 48 24 like

1289 2209 40 23 the
1346 2212 78 20 extent
1446 2207 126 29 described,
1595 2214 35 15 we
1651 2206 88 24 believe
1759 2206 38 24 the
1815 2211 65 27 great

1289 2243 108 31 majority
1408 2241 103 24 consider
1525 2240 51 24 that
1586 2239 65 25 there
1661 2241 21 23 is
1693 2248 30 16 no
1740 2248 54 16 man
1804 2241 26 23 in
1842 2240 37 24 the

1290 2276 129 23 settlement
1437 2274 91 32 equally
1539 2274 108 31 qualified
1665 2278 22 19 to
1704 2274 35 24 fill
1753 2274 39 23 the
1804 2274 73 24 office.

1290 2309 49 24 Mr.
1353 2309 99 24 Hanson
1469 2312 63 20 must
1547 2308 30 23 be
1595 2307 134 24 consideied
1746 2308 39 23 the
1802 2307 77 24 leader

1291 2343 26 23 of
1332 2342 38 24 the
1387 2342 135 32 opposition,
1541 2341 36 23 for
1595 2342 19 22 it
1624 2341 75 24 would
1715 2342 29 22 be
1761 2341 85 24 absurd
1858 2345 21 19 to

1290 2382 42 26 put
1343 2376 48 24 Mr.
1411 2376 64 31 Earp
1491 2376 26 22 in
1534 2375 144 31 comparison
1688 2375 56 23 with
1755 2375 47 23 him
1809 2384 7 20 ;
1836 2375 43 23 and

1290 2415 39 26 yet
1341 2417 57 15 were
1411 2410 38 22 the
1461 2409 64 23 office
1535 2408 25 24 of
1570 2408 117 31 Principal
1698 2409 79 30 Agent
1786 2417 59 23 open
1858 2412 21 20 to

1291 2444 104 28 election,
1414 2442 44 24 and
1471 2442 96 23 Colonel
1578 2441 129 24 Wakefield
1724 2450 14 15 a
1752 2443 127 28 candidate,

1290 2484 35 17 we
1336 2476 46 24 feel
1397 2476 28 24 he
1438 2476 74 24 would
1528 2475 30 24 be
1570 2475 86 23 elected
1673 2476 30 31 by
1715 2483 14 16 a
1739 2476 107 31 majority
1858 2476 25 23 of

1291 2515 40 19 ten
1348 2518 27 15 or
1391 2514 86 26 twenty
1493 2513 24 19 to
1536 2517 51 21 one,
1612 2516 53 16 over
1687 2509 38 24 the
1744 2514 63 19 votes
1830 2509 49 25 Mr.

1291 2544 104 22 Hanson'
1404 2543 74 23 woula
1472 2542 4 8 1
1489 2550 87 16 secure.
1594 2557 4 3 -

121 2902 168 25 SHIPPING
308 2904 275 26 INTELLIGENCE.

280 2954 145 23 ARRIVED.

319 2983 70 21 None.

296 3028 115 21 SAILED.

88 3053 49 21 Jan.
160 3055 19 26 6,
198 3056 118 26 brigantine
339 3056 110 28 Munford,
471 3058 62 27 Kyle,
555 3060 34 21 for
611 3061 34 20 the

62 3084 65 18 coast.

90 3109 61 21 Same
160 3110 47 24 day,
217 3111 104 21 schooner
330 3112 67 22 Anne,
407 3113 58 21 Joss,
476 3114 35 20 for
519 3114 95 20 Akaroa.

285 3156 33 21 IN
333 3157 84 23 PORT.

117 3183 82 27 Barque
211 3184 62 26 Tyne,
285 3184 126 23 Robertson.

179 3222 1 5 ■
196 3222 1 5 '
205 3211 124 26 Middlesex,
338 3212 93 22 Salmon.

117 3238 74 21 Cutter
205 3239 114 23 Pickwick,
332 3239 93 24 Guillan.

118 3266 51 26 Ship
178 3267 120 24 Mandarin,
310 3267 69 21 Yuile.

116 3293 82 27 Barque
208 3294 100 25 Matilda,
320 3294 98 22 Roberts.

117 3321 106 21 Schooner
231 3322 78 23 Fidele,
321 3322 94 22 Salvator
426 3324 94 22 Cemino.

116 3348 50 27 Brig
175 3349 109 24 Portenia,
294 3349 90 22 Frazier.

116 3376 82 27 Barque
209 3377 73 26 Regia,
291 3377 76 20 Bruce.

117 3403 106 22 Schooner
231 3405 73 23 Mana,
315 3405 87 20 Barker.

116 3431 63 27 Sloop
188 3432 69 26 Royal
266 3432 98 25 William,
376 3432 85 23 Lovett.

116 3458 120 27 Brigantine
245 3460 152 26 Abercrombie,
409 3461 85 21 Devlin.

122 3496 4 5 •
250 3488 119 26 Vanguard,
380 3488 97 28 Murray.

116 3514 106 21 Schooner
234 3516 57 20 Gem,
302 3514 83 22 Pearce.

1940 2032 50 24 Mr.
2004 2032 149 24 Molesworth
2159 2033 20 23 is
2191 2032 95 32 digging
2293 2032 36 24 his
2336 2036 92 28 potatoe
2436 2041 62 23 crop,

1907 2074 29 15 on
1955 2065 40 25 the
2016 2066 70 24 Hutt.
2123 2066 40 24 He
2183 2067 42 23 has
2244 2066 73 24 tested
2336 2066 39 24 the

1906 2099 115 31 produced
2032 2107 61 24 upon
2105 2107 29 16 an
2145 2108 59 21 acre,
2215 2100 45 23 and
2272 2099 38 24 the
2322 2099 73 24 result
2406 2100 21 23 is
2439 2105 61 19 most

1908 2133 150 30 satisfactory.
2106 2133 49 23 His
2178 2133 146 24 calculations
2350 2141 59 15 were
2432 2133 66 24 made

1906 2175 62 22 upon
1981 2167 37 23 six
2028 2171 52 19 tons
2089 2171 23 19 to
2124 2167 39 23 the
2176 2175 50 15 acre
2235 2176 6 20 ;
2263 2167 67 23 while
2342 2166 39 24 the
2398 2167 100 30 produce

1906 2199 42 24 has
1959 2201 60 23 been
2121 2204 53 20 tons
2184 2209 41 23 per
2237 2208 60 17 acre.
2334 2200 40 24 He
2392 2200 42 24 has
2446 2201 51 23 sold

1908 2241 62 17 some
1983 2234 27 23 of
2023 2234 63 24 them
2097 2238 23 19 at
2131 2235 55 23 £12
2199 2242 40 23 per
2253 2239 47 25 ton,
2314 2242 24 15 or
2357 2239 23 19 at
2392 2234 40 24 the
2448 2239 50 19 rate

1908 2267 26 24 of
1942 2268 74 23 £144
2023 2276 39 23 per
2073 2276 59 15 acre.
2152 2268 59 23 This
2220 2269 69 30 price,
2299 2268 25 23 of
2332 2276 89 21 course,
2431 2269 20 22 is
2459 2273 41 19 not

1906 2300 85 24 looked
2008 2301 43 24 for.
2087 2302 34 23 At
2139 2302 36 24 £5
2196 2310 41 23 per
2254 2305 48 25 ton,
2322 2302 55 24 £00
2395 2309 41 24 per
2446 2310 53 15 acre

1907 2334 76 24 would
2004 2335 28 23 be
2054 2335 112 24 received.
2202 2335 52 24 The
2273 2340 49 18 cost
2340 2335 26 24 of
2388 2335 109 31 clearing,

1908 2368 100 31 fencing,
2026 2370 91 30 putting
2136 2370 31 28 in,
2189 2369 86 30 hoeing
2291 2377 32 23 up
2339 2368 45 24 and
2404 2369 96 32 digging

1908 2402 45 23 this
1967 2410 60 23 crop,
2047 2403 46 23 will
2105 2407 40 19 not
2164 2406 93 20 amount
2268 2407 23 18 to
2310 2403 55 24 £30
2376 2410 42 22 per
2437 2411 60 16 acre.

1909 2436 31 23 So
1952 2436 51 23 that
2014 2440 22 19 at
2047 2437 37 23 £5
2096 2444 41 23 per
2145 2444 59 21 acre,
2216 2444 44 16 one
2267 2436 104 24 hundred
2382 2444 41 23 per
2436 2443 60 17 cent,

1908 2470 68 30 profit
1988 2469 45 24 will
2051 2470 29 23 he
2091 2470 38 23 the
2148 2474 79 19 return
2238 2469 35 24 for
2292 2470 39 23 the
2341 2470 53 23 first
2411 2470 85 32 outlay.

1909 2503 58 23 This
1978 2507 79 20 return
2066 2508 37 19 too
2114 2504 22 22 is
2146 2504 35 23 for
2191 2504 37 23 six
2238 2504 101 24 months.
2376 2503 52 24 The
2435 2511 63 17 same

1908 2537 91 31 ground
2016 2538 45 23 will
2080 2538 66 31 again
2158 2537 28 24 be
2204 2537 94 32 planted
2312 2537 56 24 with
2385 2542 111 27 potatoes,

1909 2570 44 24 and
1971 2570 40 24 the
2028 2571 85 23 second
2131 2579 54 24 crop
2204 2572 24 22 in
2246 2571 39 23 the
2304 2579 55 23 year
2377 2571 123 24 harvested

1910 2605 69 22 about
1990 2604 67 25 June.
2094 2604 51 25 The
2157 2612 113 24 expences
2283 2605 25 23 of
2317 2605 110 30 clearing,
2435 2605 63 23 fenc-

1909 2638 47 31 ing,
1970 2638 45 24 and
2026 2638 35 24 for
2082 2638 54 24 seed
2153 2643 111 26 potatoes,
2274 2646 53 23 may
2338 2639 29 23 be
2388 2638 111 24 deducted

1908 2671 60 24 from
1990 2671 46 24 this
2059 2679 63 25 crop.
2164 2672 78 23 These
2263 2672 133 23 deductions
2418 2671 83 24 should

1909 2705 84 23 reduce
2005 2705 37 23 the
2051 2710 49 19 cost
2112 2705 25 23 of
2151 2705 40 23 the
2198 2709 56 20 next
2265 2712 54 25 crop
2330 2710 23 19 to
2366 2705 71 24 about
2444 2706 54 24 £16

1909 2747 41 23 per
1969 2746 59 17 acre.
2065 2739 134 32 Supposing
2215 2740 20 23 it
2246 2743 23 19 to
2287 2739 61 31 yield
2368 2739 63 31 eight
2448 2744 53 19 tons

1910 2780 40 23 per
1962 2780 60 21 acre,
2035 2773 45 23 and
2091 2773 49 23 that
2152 2772 171 32 theyfetch<£s
2335 2780 42 24 per
2385 2777 47 25 ton-,
2444 2773 55 25 £40

1910 2806 46 24 will
1967 2806 30 23 be
2006 2806 38 24 the
2053 2811 80 19 return
2139 2806 36 23 for
2186 2814 29 16 an
2225 2806 78 32 outlay
2313 2806 25 24 of
2353 2806 54 25 £16
2420 2807 36 23 for
2464 2807 37 23 six

1911 2839 102 25 months.
2047 2840 59 24 This
2117 2841 21 22 is
2155 2844 77 28 pretty
2242 2840 65 31 good'
2313 2840 68 32 proof
2395 2839 51 25 that
2453 2841 48 27 Jtne

1912 2873 62 24 often
1986 2874 173 24 commiserated
2169 2873 111 30 wretches
2292 2874 27 23 of
2333 2874 59 24 Port
2403 2873 98 25 Nichol-

1912 2915 41 15 son
1972 2907 47 23 will
2036 2911 41 21 not
2098 2907 29 24 be
2146 2907 53 24 able
2216 2912 23 19 to
2258 2915 86 24 pursue
2363 2907 138 32 agriculture

1912 2941 54 24 with
1984 2942 88 30 profit..

1945 2982 45 24 We
2013 2982 57 24 have
2098 2982 60 24 been
2186 2982 114 24 informed
2322 2982 52 24 that
2402 2982 99 24 Messrs.

1913 3015 92 24 Bowler
2016 3016 43 23 and
2072 3016 76 23 Smith
2168 3016 58 24 have
2246 3021 40 19 cut
2303 3017 66 23 down
2388 3015 40 25 the
2439 3015 67 25 wood

1912 3057 62 24 upon
1986 3050 129 31 eighty-six
2131 3058 64 16 acres
2211 3050 26 24 of
2251 3050 61 29 land,
2326 3051 24 23 in
2360 3062 4 5 •
2371 3050 38 24 the
2420 3049 83 32 neigh-

1912 3083 118 24 bourhood
2040 3084 26 23 of
2081 3083 39 24 the
2132 3083 72 24 Hutt.
2206 3093 2 7 1
2232 3084 57 27 ,Mr.
2302 3083 81 25 Frank
2402 3083 104 24 Johnson

1913 3117 45 23 will
1976 3116 65 25 have:
2053 3117 88 31 shortly
2161 3122 39 18 cut
2217 3116 67 25 down
2305 3117 65 25 wood
2391 3125 63 23 upon
2475 3124 30 16 an

1913 3151 68 31 equal
2001 3151 105 31 quantity
2123 3151 27 23 of
2164 3151 62 30 land,
2239 3159 30 16 on
2280 3151 39 24 his
2336 3151 89 24 section
2442 3158 63 24 upon

1913 3184 39 24 the
1964 3184 186 25 PoriruaHoad.
2199 3201 4 9 r
2218 3201 2 10 ,

1948 3224 45 25 We
2016 3233 37 16 are
2072 3225 96 33 pleased
2185 3230 24 19 to
2228 3225 76 23 notice
2324 3222 181 27 the.4ncrease&

1913 3259 134 24 inclination
2067 3264 24 19 to
2109 3263 74 20 resort
2201 3263 22 19 to
2240 3258 40 23 the
2298 3258 69 24 bush.
2374 3262 2 12 '
2399 3258 49 24 AVe
2455 3277 4 4 .
2467 3265 38 17 are

1915 3293 97 23 anxious
2024 3297 22 20 to
2057 3293 91 24 furnish
2163 3300 14 16 a
2188 3295 87 20 correct
2292 3295 123 20 statement
2427 3292 24 23 of
2466 3291 39 24 the

1914 3327 106 31 quantity
2040 3327 27 23 of
2087 3327 65 28 land;
2160 3327 25 22 in
2368 3325 46 24 and
2434 3325 71 31 being

1915 3360 90 24 cleared
2026 3360 30 31 by
2085 3360 145 31 Europeans.
2276 3358 46 24 We
2349 3358 89 24 believe
2466 3358 39 24 the

1915 3394 106 31 quantity
2030 3394 21 23 is
2062 3393 75 31 ample
2153 3397 24 19 to
2188 3399 71 25 prove
2277 3400 42 15 our
2329 3392 136 32 population
2481 3396 25 19 to

1913 3427 59 24 have
1983 3427 58 24 been
2054 3426 140 25 industrious
2203 3434 6 21 ;
2229 3425 44 23 and
2280 3426 148 23 information
2435 3426 25 24 of
2467 3425 39 24 the

1914 3460 58 25 kind
1982 3459 276 31 would'-be'exceedingly
2268 3455 137 35 interesting
2420 3464 25 19 to
2463 3466 40 17 our

1913 3494 88 24 friends
2013 3495 25 22 in
2048 3494 103 30 Europe.

1947 3528 46 24 We
2005 3525 82 26 should
2096 3527 49 23 like
2157 3526 49 24 also
2216 3530 24 20 to
2250 3525 30 24 be
2292 3525 51 25 able
2353 3529 25 20 to
2390 3529 59 21 state
2465 3525 38 25 tlie

1913 3561 99 24 number
2031 3560 25 24 of
2071 3560 69 24 cattle
2145 3568 10 20 \
2158 3560 45 23 and
2214 3559 70 32 sheep
2303 3560 28 24 in,
2338 3559 40 25 the
2397 3560 103 31 Colony;

1914 3594 45 24 and
1970 3594 41 25 the
2023 3594 63 31 dairy
2096 3593 101 33 produce
2208 3593 114 24 obtained.
2417 3593 87 24 believe

1914 3628 39 23 the
1965 3628 105 32 quantity
2089 3627 25 24 of
2127 3627 79 23 butter
2223 3626 107 24 obtained
2347 3626 55 24 here
2413 3626 66 24 from'
2490 3633 14 16 a

1914 3669 48 16 cow
1981 3661 75 24 would
2074 3661 63 31 quite
2159 3660 104 24 astonish
2278 3668 42 16 our
2338 3660 106 25 Colonial
2463 3660 40 23 de-

1913 3699 106 18 tractors.

1286 2625 2 4 .
1307 2610 7 13 •'
1327 2607 51 24 The
1388 2606 72 24 result
1472 2606 24 23 of
1510 2606 40 23 the
1561 2606 91 31 inquest
1664 2605 74 24 which
1745 2606 84 32 sought
1842 2606 39 24 the

1293 2649 68 16 cause
1371 2641 26 23 of
1413 2640 47 23 Mr.
1474 2639 95 24 Milne's
1582 2639 67 24 death
1660 2641 21 22 is
1702 2644 59 19 most
1779 2641 102 23 unsatis-

1291 2674 97 31 factory.
1500 2686 4 5 -
1811 2684 4 2 -

1328 2708 51 24 The
1398 2708 106 23 evidence
1526 2708 21 23 is
1568 2714 57 23 very
1647 2707 126 32 imperfect,
1785 2708 46 23 and
1848 2715 34 16 we

1294 2741 68 25 think
1373 2740 148 32 exceedingly
1534 2740 80 33 unjust
1633 2742 97 23 towards
1748 2741 39 24 the
1805 2741 77 24 native

1293 2776 50 23 ?/ho
1362 2783 46 15 was
1428 2775 128 23 examined.
1617 2774 45 23 We
1689 2775 49 24 find
1764 2775 119 24 witnesses

1293 2809 113 31 swearing
1416 2809 25 23 in
1453 2808 38 24 the
1502 2812 61 20 most
1573 2808 97 31 positive
1688 2816 94 16 manner
1803 2813 23 19 to
1846 2809 36 23 his

1293 2843 105 30 identity.
1434 2842 48 28 He,
1495 2849 31 16 on
1535 2842 38 23 the
1585 2841 64 24 other
1659 2842 70 30 hand,
1742 2842 101 24 declares
1853 2842 30 24 he

1295 2876 39 24 did
1351 2880 41 19 not
1414 2883 29 23 go
1462 2875 38 23 the
1525 2875 56 24 road
1599 2875 74 23 which
1691 2876 55 31 they
1764 2883 72 17 swear
1855 2875 28 25 he

1295 2909 65 26 took.
1369 2933 3 4 ,
1401 2909 64 31 Why
1475 2916 59 16 were
1545 2914 41 19 not
1597 2908 39 24 the
1646 2910 89 24 natives
1744 2910 55 23 with
1809 2910 75 24 whom

1294 2943 30 24 he
1336 2943 73 23 stated
1419 2943 29 23 he
1460 2942 125 32 proceeded
1596 2943 25 23 in
1634 2950 12 16 a
1657 2951 70 17 canoe
1744 2943 121 25 examined
1874 2944 9 24 ?

1296 2976 54 25 Had
1362 2976 59 24 their
1433 2976 107 24 evidence
1558 2976 59 24 been
1636 2977 107 31 carefully
1766 2977 79 30 taken,
1865 2978 19 23 it

1295 3010 74 24 v;ould
1379 3010 65 29 have,
1461 3011 25 23 in
1497 3010 32 23 all
1547 3010 146 32 probability,
1715 3011 72 24 either
1806 3011 38 24 led
1862 3015 22 20 to

1294 3043 37 24 liis
1343 3044 122 29 commital,
1478 3051 24 16 or
1514 3044 102 23 released
1627 3044 49 23 him
1683 3044 135 32 completely
1825 3046 59 23 from

1297 3077 48 24 chat
1356 3077 76 24 odium
1444 3077 75 25 which
1529 3077 47 23 will
1585 3078 30 23 be
1631 3077 38 25 his
1686 3078 41 30 lot,
1748 3086 25 16 so
1784 3079 56 31 long
1860 3086 24 16 as

1296 3110 39 24 the
1347 3111 62 24 mind
1420 3111 26 24 of
1460 3111 38 24 the
1509 3112 140 30 community
1660 3112 21 23 is
1692 3116 40 19 not
1741 3112 109 24 satisfied.

1331 3144 56 24 Had
1397 3147 19 21 it
1426 3154 26 15 so
1462 3146 121 31 happened
1593 3146 51 23 that
1661 3146 30 24 he
1708 3146 47 24 had
1774 3146 112 24 admitted

1294 3179 51 23 that
1355 3178 30 23 he
1396 3179 37 23 did
1444 3187 54 24 pass
1518 3187 30 16 on
1567 3179 38 24 the
1615 3181 3 4 '
1626 3179 158 30 Petoni-road,
1795 3203 2 7 ,
1804 3184 24 19 at
1847 3180 38 24 the

1294 3212 40 24 the
1350 3212 55 24 time
1424 3213 27 23 in
1469 3213 114 30 question,
1601 3220 35 16 we
1654 3213 30 23 do
1701 3217 41 19 not
1758 3213 69 24 think
1847 3213 39 25 the

1294 3246 136 31 impression
1439 3246 75 24 would
1524 3247 59 23 have
1594 3247 58 22 been
1672 3254 24 15 so
1716 3246 70 24 much
1802 3251 25 19 to
1847 3247 36 24 his

1289 3270 167 41 '^advantage
1464 3287 25 15 as
1495 3280 18 22 it
1520 3280 19 22 is
1545 3280 26 22 in
1578 3287 154 24 consequence
1739 3280 25 23 of
1769 3280 36 24 his
1813 3280 72 32 deny-

1294 3313 42 30 ing
1348 3311 38 24 the
1396 3313 122 30 testimony
1530 3313 26 23 of
1571 3313 38 23 the
1619 3313 98 29 Bakers,
1729 3314 96 23 without
1841 3322 45 24 any

1296 3349 62 28 sf;eps
1376 3345 85 32 having
1478 3346 60 23 been
1556 3346 70 24 taken
1644 3351 23 19 to
1685 3355 70 24 prove
1772 3355 31 17 an
1819 3347 65 25 alibi.

1294 3379 46 24 We
1356 3386 59 23 ,urge
1437 3379 39 23 the
1497 3380 118 31 propriety
1638 3380 25 24 of
1691 3381 74 31 filling
1786 3389 32 24 up
1839 3382 47 23 this

1296 3413 88 23 serious
1404 3412 73 23 defect
1489 3412 26 24 in
1532 3413 40 24 the
1592 3414 116 25 evidence.
1753 3415 24 23 It
1793 3416 21 23 is
1832 3416 53 24 infi-

1295 3445 72 31 nitely
1383 3452 62 17 more
1461 3446 130 31 important,
1596 3452 23 18 to
1631 3447 39 24 the
1682 3448 88 25 natives
1781 3448 56 25 than
1847 3449 38 24 the

1296 3478 123 32 European
1430 3479 141 32 population,
1577 3481 56 26 .that
1644 3481 46 24 this
1706 3490 68 16 cause
1792 3483 26 24 of
1833 3491 53 16 sus-

1295 3513 77 31 picion
1384 3513 82 23 should
1476 3512 28 23 be
1517 3518 35 19 set
1564 3518 24 19 at
1607 3518 56 21 rest.
1705 3515 46 24 We
1769 3524 38 16 are
1825 3521 61 20 most

1296 3547 97 23 anxious
1408 3546 50 24 that
1466 3545 41 24 the
1522 3547 130 24 confidence
1663 3549 102 31 existing
1782 3549 104 25 between

1290 3580 45 23 .the
1355 3587 64 16 races
1438 3579 82 24 should
1540 3580 29 23 be
1586 3581 148 31 maintained,
1753 3590 26 16 as
1796 3591 35 16 we
1847 3591 39 16 are

1291 3613 58 33 £ure
1360 3613 55 24 that'
1421 3621 13 16 a
1445 3617 95 28 rupture
1551 3613 75 24 would
1637 3614 29 24 be
1678 3615 38 24 the
1727 3616 52 23 ruin
1798 3617 26 23 of
1847 3617 39 24 the

1291 3640 101 40 [natives.
1426 3647 39 31 By
1477 3654 41 15 our
1532 3647 143 31 advertising
1689 3648 110 31 columns,
1809 3650 20 23 it
1839 3650 47 24 will

1296 3680 29 23 be
1348 3688 61 22 seen,
1427 3680 51 24 that
1498 3687 30 16 an
1546 3680 75 24 award
1644 3681 26 23 of
1689 3681 53 32 fifty
1756 3683 90 30 pounds
1865 3684 20 23 is

1285 3709 97 37 goffered
1397 3714 35 24 for
1454 3713 40 24 the
1512 3713 115 24 detection
1647 3714 26 24 of
1697 3714 40 24 the
1758 3716 126 25 murderer.

1295 3746 60 25 This
1366 3748 94 29 reward,
1470 3746 45 25 and
1522 3755 14 15 a
1541 3746 63 24 brief
1608 3752 96 19 account
1712 3748 26 24 of
1745 3748 39 24 the
1789 3750 97 24 native's

1297 3781 114 30 evidence,
1428 3780 82 25 should
1527 3781 31 23 be
1574 3781 124 24 translated
1708 3782 49 23 into
1766 3782 38 23 the
1813 3784 73 23 maori

1296 3814 120 32 language,
1435 3814 46 24 and
1498 3813 123 32 published
1638 3814 24 24 in
1680 3822 14 16 a
1708 3814 63 24 hand
1787 3816 50 29 bill,
1851 3816 35 24 for

1299 3848 129 25 circulation
1440 3855 84 25 among
1532 3848 39 23 the
1578 3847 76 24 native
1665 3848 140 32 population.
1840 3849 46 24 We

1296 3880 58 25 hsve
1366 3887 63 26 great
1439 3883 72 31 hopes
1520 3881 51 24 that
1586 3889 59 17 were
1656 3882 47 23 this
1718 3886 50 28 step
1780 3882 105 33 adopted,

1299 3913 163 27 the/murderer
1478 3915 76 24 would
1562 3915 29 24 be
1604 3915 138 25 discovered.
1777 3916 56 32 Any
1845 3925 40 23 ap-

1284 3953 2 17 i
1298 3953 108 24 pexrance
1419 3949 25 23 of
1458 3949 146 24 indifference
1616 3949 75 24 would
1706 3949 29 24 be
1747 3958 14 16 a
1777 3951 109 31 probable

1285 3979 2 23 I
1302 3979 62 26 cau:'e
1376 3981 25 24 of
1409 3982 87 24 similar
1507 3987 50 20 acts
1567 3983 70 30 being
1649 3984 137 25 committed.

1946 3749 47 25 We
2003 3749 64 24 learn
2073 3748 51 24 that
2131 3748 49 24 Mr.
2194 3748 31 25 G.
2240 3749 28 23 F.
2282 3748 103 24 Dawson
2396 3748 19 22 is
2428 3748 77 29 acting

1913 3782 25 25 in
1949 3782 39 25 the
1999 3786 60 20 most
2069 3782 126 25 ridiculous
2211 3789 98 24 manner;
2325 3786 23 19 at
2360 3779 141 33 Wanganui.

1914 3816 59 24 This
1985 3815 168 25 ex-lieutenant
2160 3815 26 24 of
2200 3815 40 25 the
2252 3812 129 34 Hyacinth,,
2397 3821 24 15 or
2434 3813 67 23 Dan-

1913 3849 83 30 delion,
2018 3857 24 16 or
2061 3849 115 24 whatever
2199 3857 46 16 was
2267 3848 40 23 the
2328 3854 67 17 name
2413 3846 26 23 of
2463 3845 39 24 the

1913 3883 74 24 vessel
2006 3882 99 24 wherein
2122 3882 31 24 he
2169 3882 84 33 gained
2267 3881 37 24 his
2324 3880 68 24 naval
2402 3886 99 22 renown,

1913 3916 21 23 is
1946 3925 13 15 a
1970 3920 65 28 petty
2044 3916 126 24 Shortland
2180 3917 26 23 in
2213 3916 37 24 his
2258 3922 50 24 way
2308 3927 33 4 —
2341 3913 114 31 misusing
2466 3912 36 23 his

1912 3949 62 25 brief
1995 3949 115 32 authority
2131 3949 37 25 for
2189 3949 40 25 the
2251 3954 132 25 annoyance
2407 3946 27 24 of
2463 3946 39 23 the

1914 3984 100 29 settlers,
2042 3984 145 29 sanctioning
2206 3982 85 25 absurd
2311 3988 105 18 rumours
2437 3979 68 24 about

702 316 56 25 .Mr.
779 315 99 26 Haasen
895 313 132 25 introduced
1043 313 40 23 the
1101 312 67 23 letter
1190 310 72 24 which

677 349 112 32 appeared
800 350 23 22 in
838 356 40 15 our
888 348 48 23 last
951 354 70 24 paper
1031 346 57 23 with
1106 353 14 15 a
1130 345 55 30 long
1195 352 67 24 para-

676 383 79 31 graph,
774 382 86 29 having
876 381 35 23 for
929 381 30 22 its
979 379 66 23 effect
1070 383 24 19 to
1115 378 83 23 relieve
1226 377 36 23 the

676 416 57 23 New
756 414 103 24 Zealand
885 413 118 31 Company
1024 412 61 23 from
1107 418 45 23 any
1174 410 25 23 of
1226 409 36 24 the

677 449 94 30 charges
794 448 29 22 he
845 442 37 28 tils
900 447 68 22 about
991 449 24 19 to
1038 449 37 19 set
1095 443 70 23 forth.
1212 442 49 23 The

676 489 98 23 purpose
786 480 24 23 of
824 480 51 23 that
885 478 143 32 proceeding,
1042 485 33 16 we
1090 484 106 24 suppose,
1217 483 45 16 was

676 519 23 19 to
716 513 141 31 strengthen,
873 512 31 31 by
925 515 106 24 contrast,
1044 510 39 23 the
1102 508 160 25 unfavourable

676 547 84 30 feeling
771 545 106 24 intended
889 550 24 18 to
929 545 28 23 be
976 543 116 31 produced
1109 542 98 24 towards
1225 541 37 24 the

678 579 103 29 conduct,
794 578 73 24 which
877 579 22 22 is
911 576 110 24 censured
1039 577 26 22 in
1080 576 39 23 the
1136 574 126 25 remainder

678 613 23 24 cf
715 613 36 22 his
764 612 102 30 scolding
878 610 198 24 communication.
1119 608 51 24 The
1188 607 73 25 scold-

676 647 41 30 ing
735 646 21 22 is
775 644 107 24 intended
899 648 24 19 to
946 644 27 22 be
994 642 84 24 shared
1099 641 103 24 between
1223 640 38 24 the

677 680 57 23 New
756 677 102 24 Zealand
881 676 138 32 Company's
1037 675 80 30 Agent
1140 674 44 24 and
1210 682 51 14 our-

677 713 73 23 selves
757 720 6 20 ;
776 711 42 23 but
829 712 20 22 it
859 710 71 31 really
945 710 53 23 does
1016 708 114 32 implicate
1144 707 37 23 the
1193 708 69 23 Com-

676 752 68 24 pany,
756 745 56 22 who-
817 744 30 23 he
864 743 45 23 had
927 741 106 25 intended
1051 746 24 18 to
1094 740 93 24 exclude
1205 740 57 24 from

676 778 39 23 the
727 785 78 15 severe
816 784 95 16 censure
923 780 23 19 to
957 774 74 24 which
1040 783 34 14 we
1086 781 38 16 are
1136 773 123 30 subjected.

710 811 51 23 The
772 811 51 22 first
835 809 82 31 charge
935 810 27 28 is,
984 807 50 24 that
1051 807 39 23 the
1109 811 96 24 country
1221 806 40 23 be-

677 848 71 19 tween
772 843 135 30 Wairarapa
939 841 43 24 and
1004 840 124 32 Rangitiki
1149 847 46 16 was
1223 843 40 20 not

677 876 106 33 explored
796 884 24 16 so
837 884 55 15 soon
910 883 26 15 as
951 876 19 22 it
988 874 72 31 ought
1078 879 23 17 to
1118 873 58 23 have
1195 873 64 23 been.

677 910 50 24 The
740 910 90 23 earliest
846 908 145 24 information
1002 907 110 27 received,
1132 914 56 22 gave
1204 905 57 24 little

675 943 58 31 hope
753 943 50 23 that
819 951 14 15 a
850 941 136 32 practicable
1004 940 57 24 road
1078 945 23 18 to
1120 940 140 30 Wairarapa,

677 976 66 25 could
755 980 23 19 at
788 979 92 28 present
891 975 29 23 be
937 973 112 25 obtained.
1094 972 107 29 Further,
1215 972 47 23 that

676 1010 89 31 portion
784 1009 25 23 of
831 1009 39 23 the
890 1012 96 25 country
1002 1006 45 24 had
1064 1007 59 23 been
1143 1005 119 32 especially

676 1042 105 25 reserved
792 1043 34 22 for
839 1042 37 23 the
894 1042 97 22 natives.
1034 1039 83 24 Under
1136 1039 62 23 these
1218 1039 43 22 cir-

676 1080 150 24 cumstances,
836 1076 20 22 it
865 1075 74 23 would
946 1074 56 24 have
1009 1073 59 23 been
1077 1081 29 15 an
1112 1072 150 31 unprofitable

676 1109 148 32 expenditure
836 1108 25 23 of
876 1108 39 23 the
927 1107 98 24 services
1034 1107 26 22 of
1075 1106 37 23 the
1126 1105 136 31 Company's

677 1144 95 27 officers,
785 1141 121 32 especially
918 1141 25 23 in
953 1140 38 24 the
1003 1140 63 31 early
1077 1139 78 32 period
1174 1140 24 22 of
1222 1146 39 15 our

677 1175 104 24 Colonial
805 1175 122 28 existence,
951 1178 21 19 to
991 1173 58 23 have
1068 1172 119 31 employed
1204 1171 57 24 their

676 1210 54 22 time
748 1209 26 23 in
793 1208 138 31 examining,
942 1216 14 14 a
974 1211 97 26 country
1088 1213 34 15 we
1132 1206 77 22 .could
1223 1209 40 19 not

676 1248 94 25 occupy.
813 1242 24 23 It
849 1242 19 21 is
880 1249 13 15 a
904 1241 115 23 notorious
1028 1240 54 28 fact,
1104 1239 48 22 that
1164 1239 97 23 Messrs.

677 1275 64 25 Park
831 1274 89 24 Stokes,
939 1281 56 15 were
1018 1272 138 31 despatched
1177 1273 26 22 in
1226 1272 36 23 the

676 1309 64 23 other
752 1308 108 23 direction
872 1307 39 24 the
927 1311 101 20 moment
1046 1306 39 23 the
1104 1310 60 19 town
1181 1313 81 23 survey

676 1350 47 16 was
740 1341 140 32 completed;
904 1341 46 23 and
970 1347 63 24 upon
1052 1340 40 22 the
1111 1343 77 27 report
1210 1338 53 31 they

676 1375 125 29 furnished,
812 1375 66 23 when
894 1375 56 30 they
958 1373 114 28 returned,
1084 1373 19 22 it
1113 1380 46 15 was
1172 1372 91 23 deemed

677 1408 114 24 advisable
803 1413 23 18 to
838 1408 56 23 offer
904 1408 55 22 land
970 1411 23 18 at
1005 1406 127 24 Taranaki.
1174 1406 40 22 On
1224 1405 38 23 the

676 1450 41 16 eve
729 1442 24 23 of
769 1442 105 30 carrying
885 1441 46 23 this
942 1440 112 23 intention
1066 1441 47 22 into
1133 1439 72 29 effect,
1224 1439 38 23 the

678 1475 138 32 Company's
837 1475 88 23 officers
946 1481 58 16 were
1022 1477 48 19 met
1086 1473 30 30 by
1136 1472 39 24 the
1192 1477 69 18 terms

677 1509 85 23 offered
772 1509 31 29 by
812 1509 38 22 Sir
863 1507 90 31 George
968 1507 83 31 Gipps,
1064 1511 23 18 to
1100 1505 37 24 the
1158 1506 103 30 Deputa-

676 1543 56 27 tion,
752 1542 44 23 and
807 1541 73 23 which
891 1549 60 15 were
962 1540 108 31 accepted
1081 1540 30 29 by
1122 1539 38 23 the
1171 1538 90 24 holders

677 1576 25 23 of
718 1575 152 31 Preliminary
879 1575 68 22 Land
954 1573 95 24 Orders.
1085 1572 59 24 This
1155 1580 106 22 arrange-

676 1613 71 23 ment,
761 1609 44 23 and
816 1609 39 23 the
868 1608 82 23 doubts
968 1607 102 23 whether
1087 1606 38 23 the
1145 1606 118 31 Company

676 1642 75 24 would
762 1642 29 24 be
804 1642 50 23 able
863 1646 22 18 to
901 1648 116 17 overcome
1030 1640 38 23 the
1080 1639 102 31 hostility
1192 1639 25 24 of
1224 1639 37 23 the

678 1676 105 23 Colonial
807 1676 81 27 Office,
913 1682 46 21 are,
982 1681 34 16 we
1042 1673 75 28 think,
1135 1685 2 5 ■
1148 1673 114 23 sufficient

676 1717 94 16 reasons
803 1709 35 23 for
866 1707 177 24 thenceforward
1077 1707 106 30 devoting
1217 1705 46 24 sale

678 1743 110 23 attention
805 1747 20 19 to
838 1742 38 23 the
888 1742 88 22 district
987 1745 22 19 to
1026 1740 76 24 which
1118 1748 15 15 a
1150 1740 49 23 title
1219 1739 44 24 had

676 1776 58 23 been
746 1775 120 24 conceded.
910 1775 49 23 But
975 1774 96 31 directly
1088 1773 39 23 the
1137 1773 133 38 -boundary^

676 1809 27 24 of
716 1809 39 23 the
767 1808 118 31 Principal
903 1808 135 24 Settlement
1056 1815 47 15 was
1114 1806 112 24 extended
1238 1801 32 29 to'

677 1843 38 23 the
732 1842 68 24 south
819 1841 64 25 bank
901 1843 26 22 of
946 1841 37 23 the
1005 1841 140 28 Manewatu,
1167 1840 44 23 and
1230 1847 31 15 we

676 1884 58 16 were
746 1876 94 23 assured
854 1876 49 22 that
915 1875 38 23 the
963 1874 54 24 land
1035 1879 170 26 arrangements
1212 1872 50 31 .had

678 1917 13 16 a
709 1909 92 24 definite
819 1909 124 28 character,
967 1908 144 31 expeditions
1137 1915 59 16 were
1216 1907 45 23 dis-

676 1943 103 31 patched,
798 1942 55 24 both
882 1946 28 20 to'
932 1942 143 31 Wairarapa,
1105 1940 45 24 and
1172 1945 33 22 to;.
1202 1956 8 16 r
1207 1946 9 23 >
1223 1940 37 24 the

677 1976 109 23 northern
795 1976 121 32 extremity
924 1976 25 23 of
958 1975 37 24 the
1003 1968 253 42 principal^tfclejn^'-

678 2009 57 23 This
755 2009 48 23 Mr.
821 2009 99 23 Hanson
932 2010 90 28 admits,
1040 2009 43 23 but
1101 2008 68 31 being
1188 2008 72 23 deter-

676 2043 76 22 mined
772 2046 23 19 to
814 2043 28 22 be
854 2042 144 28 dissatisfied,
1017 2042 30 23 he
1066 2046 70 19 states
1154 2041 50 24 that
1222 2041 37 23 the

676 2076 145 23 information
829 2076 104 23 received
943 2077 19 22 is
1005 2084 74 21 vague
1090 2076 44 22 and

711 2109 47 24 Not
770 2110 53 30 only
834 2109 58 23 have
903 2117 34 16 we
948 2117 69 16 never
1035 2109 106 31 disputed
1158 2109 39 23 the
1217 2108 45 23 fact

676 2142 26 24 of
726 2142 37 24 the
788 2143 118 30 Company
929 2143 85 30 having
1033 2142 106 24 obtained
1159 2150 14 15 a
1200 2142 61 31 large

675 2176 90 30 portion
777 2177 26 22 of
817 2177 59 22 their
893 2177 152 31 possessions,
1064 2177 26 22 in
1110 2183 151 23 consequence

676 2210 25 22 of
726 2210 39 23 the
783 2217 83 23 money
887 2210 56 31 they
961 2210 89 24 derived
1068 2210 60 23 from
1148 2210 36 22 the
1206 2215 55 25 pur-

676 2243 91 23 chasers
779 2243 26 24 of
817 2243 62 29 land,
892 2243 88 33 bought
997 2251 31 23 uy
1047 2248 22 19 to
1089 2243 37 23 the
1142 2243 79 31 period
1241 2242 24 23 of

675 2276 39 24 the
726 2281 158 26 arrangement
894 2277 68 23 made
976 2276 104 24 between
1100 2276 37 24 the
1157 2276 105 24 Govern-

676 2314 63 19 ment
751 2310 45 23 and
809 2310 125 31 Company,
952 2311 41 22 but
1005 2318 30 15 \vn
1047 2310 59 23 have
1118 2315 35 18 set
1164 2311 19 22 it
1202 2309 60 24 forth

676 2351 25 15 as
720 2351 14 15 a
753 2351 82 15 reason
854 2344 51 30 why
929 2344 38 22 the
985 2343 118 31 Principal
1128 2343 135 23 Settlement

676 2377 81 23 should
778 2378 88 23 receive
887 2385 57 23 very
965 2377 80 24 liberal
1065 2380 196 27 encouragement.

675 2410 44 24 We
731 2410 65 24 differ
813 2410 56 24 with
886 2410 50 24 Mr.
956 2410 188 31 HansoiVvUpon
1164 2410 39 24 the
1218 2411 44 22 im-

675 2448 108 27 portance
804 2444 24 23 of
843 2444 111 30 correctly
965 2444 85 30 stating
1070 2444 150 37 the^amounfc
1240 2443 25 24 of

676 2477 83 23 benefit
768 2484 25 16 so
807 2478 105 23 obtained
923 2478 31 31 by
965 2477 38 23 the
1023 2478 127 30 Company.
1185 2478 78 23 Thefi'e

675 2511 20 22 is
716 2518 14 15 a
744 2511 58 23 wide
818 2511 121 23 difference
950 2511 102 23 between
1071 2512 108 26 360,000
1191 2512 71 26 acris,

675 2544 45 23 and
731 2546 118 27 800,000.
885 2544 52 24 The
948 2552 61 16 error
1019 2544 77 31 might
1106 2544 51 23 lead
1169 2547 25 27 to,
1197 2545 67 24 .moist

675 2578 163 23 unreasonable
861 2578 164 31 expectations,
1050 2577 76 24 which
1150 2577 65 24 made
1235 2585 28 15 us

675 2612 95 22 anxious
783 2615 24 19 to
819 2616 85 18 correct
915 2613 28 23 it.
978 2611 52 23 The
1042 2611 106 31 question
1163 2615 23 19 at
1201 2612 63 22 issue

675 2645 27 29 is,
715 2649 40 19 not
767 2645 102 24 whether
879 2645 39 23 the
936 2645 119 31 Company
1066 2644 73 31 ought
1149 2645 114 24 to.-assist

675 2678 38 24 the
731 2678 137 29 settlement,
889 2678 46 26 but.
953 2678 108 29 whether,
1081 2678 59 23 until
1155 2678 53 31 they
1222 2677 42 27 ob-

674 2712 76 23 tained
758 2712 60 23 their
826 2712 106 29 Charter,
942 2712 55 30 they
1003 2719 59 16 were
1068 2711 78 24 bound
1153 2716 23 19 to
1187 2712 29 23 do
1228 2719 35 16 so.

675 2745 43 23 We
741 2753 48 23 say,
809 2745 61 24 until
887 2745 59 24 after
961 2745 49 24 that
1027 2745 88 32 period,
1134 2745 54 31 they
1205 2752 60 17 were

674 2779 71 23 under
756 2787 30 15 no
798 2779 57 23 such
874 2779 124 31 obligation
1008 2788 6 20 ;
1033 2779 43 23 but
1094 2778 48 24 Mr.
1156 2779 108 27 Hanscta,

673 2812 31 31 by
724 2813 108 30 insisting
851 2813 19 22 it
887 2812 83 24 should
993 2812 58 24 have
1074 2812 59 23 been
1155 2808 111 28 renderlsd

673 2846 78 23 before
762 2846 47 23 this
825 2846 88 32 period,
933 2846 53 23 does
1001 2846 33 30 by
1043 2845 150 32 implication*.
1197 2846 69 30 adapt

675 2879 38 24 the
725 2883 104 27 contrary
842 2879 101 31 opinion,
958 2879 75 23 which
1049 2886 31 16 on
1090 2886 14 16 a
1116 2879 113 24 reference
1233 2870 33 44 [to

675 2912 59 24 their
745 2916 71 20 terms
828 2912 26 24 of
869 2912 46 24 sale
929 2916 81 20 cannot
1021 2912 29 24 be
1060 2912 147 25 maintained.
1221 2927 16 13 lf
1234 2915 3 15 !

696 2959 2 4 •
709 2945 51 25 Ihe
770 2950 56 20 next
838 2946 84 31 charge
932 2947 29 28 is,
970 2945 51 23 that
1038 2946 98 30 nothing
1151 2946 41 23 has
1204 2947 60 24 beien

676 2979 58 24 done
756 2979 64 25 here.
864 2979 60 24 Now
946 2979 37 24 the
1005 2980 106 30 question
1125 2980 30 29 is,
1172 2979 42 24 has
1225 2979 41 25 the

676 3013 140 31 Company's
826 3012 80 31 Agent
923 3013 101 24 received
1045 3013 117 30 authority
1183 3017 22 20 to
1213 3020 53 28 ex-

674 3046 61 32 pend
753 3046 69 24 funds
840 3047 25 22 in
883 3046 88 31 public,
981 3045 83 30 works,
1085 3046 45 24 and-
1146 3045 121 28 abstained

674 3079 59 25 from
743 3081 107 30 carrying
861 3083 39 20 out
911 3081 40 23 the
962 3079 68 24 views
1040 3080 25 23 of
1075 3079 38 24 the
1125 3079 123 33 Companty
1256 3079 9 23 ?
1273 3106 2 4 ,

675 3113 26 24 Is
715 3114 19 23 it
750 3113 73 32 likely
834 3114 30 23 he
878 3113 75 24 would
965 3113 27 24 do
1005 3121 25 16 so
1038 3113 10 24 ?
1096 3113 24 23 It
1139 3113 20 23 is
1177 3113 43 24 fair
1231 3116 36 21 Ho

675 3155 98 21 assume,
788 3147 170 31 consequently,
971 3146 50 24 that
1032 3146 41 24 the
1090 3146 115 32 authority
1221 3149 46 21 Mas

674 3186 41 19 not
726 3185 39 27 yet
772 3180 60 25 been
843 3181 113 24 received.
972 3192 4 4 •
992 3180 51 24 The
1050 3180 84 31 charge
1143 3177 123 32 there^fotte,

673 3215 21 22 is
705 3214 109 32 properly
831 3215 92 30 against
941 3214 38 24 the
998 3213 126 32 Company,
1139 3212 129 29 who^hsyta

675 3248 57 23 been
754 3247 138 24 exonerated
913 3247 33 32 by
969 3247 48 24 Mr.
1042 3247 114 29 Hanson;
1186 3248 20 23 if
1223 3238 44 47 |he

675 3281 81 30 charge
774 3288 43 16 can
834 3281 29 23 be
882 3281 117 23 sustained
1017 3281 26 23 of
1064 3280 112 31 anything
1193 3281 75 30 beitog

674 3314 42 24 left
725 3314 92 23 undone
827 3315 26 22 in
863 3314 39 24 the
924 3314 97 32 Colony,
1041 3314 74 24 which
1129 3321 42 21 we,
1189 3313 79 25 unSer

675 3348 38 24 the
726 3348 97 31 original
835 3353 109 24 contract,
964 3356 59 16 were
1042 3347 94 25 entitled
1146 3351 23 19 to
1182 3352 86 32 expect

675 3386 22 19 to
709 3382 29 23 he
748 3381 138 32 performed.
923 3382 25 23 It
958 3389 52 23 may
1017 3382 28 23 be
1052 3379 80 33 urged,
1144 3380 39 23 the
1191 3380 75 30 Com-

674 3415 81 32 pany's
776 3415 81 31 Agent
878 3415 73 32 ought
972 3419 23 19 to
1016 3415 57 23 have
1096 3414 106 24 assumed,
1223 3409 45 45 {jhe

674 3448 171 32 responsibility
857 3448 25 24 of
902 3448 137 32 proceeding
1044 3446 68 23 -'with
1128 3447 139 32 the-woijrks

675 3481 38 24 the
737 3482 117 24 Colonists
872 3482 74 24 desire
963 3487 23 18 to
1006 3481 57 24 have
1085 3480 180 37 accompli'sh^d.

675 3515 48 24 But
733 3523 33 16 we
779 3516 28 23 do
818 3516 104 28 contend,
936 3515 48 24 that
996 3511 144 33 considering
1148 3515 38 22 the
1197 3518 71 36 grjjeat

675 3556 112 24 expences
798 3549 107 35 incurred
916 3549 55 23 here
982 3547 103 30 (already,
1103 3546 69 31 being
1189 3539 79 32 awW

675 3582 24 23 of
715 3582 38 23 the
772 3582 76 32 large,
852 3590 64 16 sums
937 3582 33 23 of:
979 3587 83 24 money
1082 3579 38 24 the
1144 3572 131 43 Company,

675 3615 166 32 contemplated
857 3615 129 32 expending
1004 3614 26 22 in
1054 3614 94 31 Europe
1155 3614 23 23 *f
1177 3621 24 17 or
1204 3633 6 11 :
1210 3610 66 42 j|:Jurl|

675 3648 90 29 benefit,
790 3649 45 23 and
853 3648 70 32 being
941 3647 92 24 without
1049 3647 227 38 instructipns,iMve'|

675 3681 113 24 sufficient
795 3689 94 17 reasons
901 3686 24 19 to
944 3681 80 32 justify
1035 3681 50 24 him
1104 3681 25 23 in
1147 3674 123 42 declining
1275 3687 2 19 i

674 3718 23 19 to
713 3714 90 32 subject
819 3714 94 24 himself
937 3719 23 19 to
978 3714 57 23 such
1052 3723 14 15 a
1083 3714 184 35 responsibility.
1273 3732 3 4 .

675 3747 24 23 It
710 3748 21 22 is
741 3756 55 23 very
808 3748 51 24 well
870 3752 22 19 to
905 3748 53 24 take
970 3748 69 24 credit
1049 3749 37 23 for
1097 3747 141 36 havingurgj>
1237 3756 4 5 %
1243 3748 33 23 cd'

675 3789 13 15 a
696 3782 142 30 responsible
854 3786 69 27 agent
941 3787 23 19 to
984 3782 66 23 incur
1067 3782 63 30 large
1158 3775 112 38 personal

674 3814 123 29 liabilities,
817 3815 46 23 and
878 3815 94 32 though,
983 3822 34 16 we
1035 3815 94 28 believe,
1143 3815 18 23 it
1170 3815 21 23 is
1203 3808 67 35 ssfcr

675 3852 22 19 to
716 3855 91 16 assume
825 3848 63 24 them
899 3850 24 23 in
941 3850 37 22 the
998 3849 88 23 service
1103 3848 24 23 of
1144 3857 13 14 a
1172 3848 99 32 trading

676 3882 126 31 Company,
816 3882 54 24 than
882 3890 29 16 on
924 3885 97 21 account
1039 3882 25 23 of
1073 3890 14 15 a
1099 3882 170 27 Government,

674 3920 46 26 yet,
739 3923 32 16 we
790 3916 28 23 do
835 3920 41 19 not
899 3916 97 23 hesitate
1013 3920 24 19 to
1062 3919 67 25 state,
1146 3915 45 23 had
1214 3909 55 40 J^lr.

675 3948 97 24 Hanson
784 3949 61 24 filled
864 3949 37 23 the
921 3950 64 23 office
1004 3949 26 23 of
1045 3949 119 30 Principal
1177 3948 37 32 Ay
1217 3955 53 17 <:.nt,

675 3982 27 24 he
715 3982 74 24 would
800 3988 40 18 not
856 3983 56 23 have
931 3982 106 24 incurred
1048 3982 39 23 the
1101 3982 108 24 liabilitie,
1244 3979 28 24 he

548 70 100 29 THE
668 67 109 32 NEW
797 65 230 33 ZEALAND
1049 61 223 33 GAZETTE
1294 61 100 31 AND
1413 59 330 32 WELLINGTON
1765 58 294 32 SPECTATOR.

671 199 71 23 AND
765 199 236 23 WELLINGTON
1025 199 236 23 SPECTATOR.

783 263 131 23 Saturday,
934 261 109 22 January
1057 262 21 24 8,
1095 260 62 21 1842.

160 1343 274 25 METEOROLOGICAL
448 1342 103 20 TABLE.

90 1376 43 20 For
143 1376 34 19 the
185 1375 55 20 weak
254 1373 74 24 ending
340 1371 115 26 Thursday,
466 1370 49 20 Jan.
529 1370 19 23 6,
562 1369 60 19 1842.

90 1396 80 1 New
196 1396 186 1 Zealand
409 1396 186 1 Gazette

83 1456 48 16 1841.

169 1434 50 17 Time
226 1433 20 16 of

165 1456 86 16 Observa-

184 1477 44 15 tion.

279 1442 55 16 Baro-

274 1464 63 14 meter.

355 1441 85 16 Thermo-

365 1464 65 14 meter.

465 1430 60 66 If!

567 1449 59 16 Wind.

65 1534 81 21 Friday...

186 1535 10 15 8

185 1556 52 20 Ip.m.

186 1578 9 14 5

186 1597 11 15 8

186 1618 51 20 Ip.m.

186 1640 9 14 5

186 1660 10 15 8

186 1681 52 20 lp.m.

186 1702 9 15 5

186 1723 11 15 8

187 1743 51 20 lp.m.

186 1765 10 14 5

186 1785 10 15 8

185 1806 53 20 lp.m.

186 1827 9 15 5

187 1847 10 16 8

187 1868 53 20 lp.m.

186 1890 11 15 5

187 1910 10 16 8

187 1931 52 20 lp.m.

186 1953 10 14 5

279 1532 58 16 29.576

278 1554 59 15 29.580

278 1574 59 16 29.G00

279 1595 58 16 29.8-10

279 1616 60 16 29.884

279 1637 58 16 29.586

279 1658 48 15 29.90
332 1658 7 15 1

279 1679 58 15 29.912

278 1699 60 16 29.983

280 1720 57 16 29.990

279 1741 60 16 29.974

280 1763 57 15 29.960

281 1783 58 16 30.024

280 1804 57 15 30.032

280 1825 57 16 30.040

280 1846 59 16 80.094

280 1867 57 15 30.110

280 1887 59 16 30.144

280 1909 57 15 30.266

280 1929 59 16 30.264

280 1950 56 16 80.250

379 1532 38 15 64.5

379 1553 38 15 63.5

380 1574 27 15 63.

380 1595 38 15 59.5

379 1616 28 16 59.

379 1637 27 15 58.

379 1657 27 16 57.

379 1679 28 15 59.

379 1699 27 16 58.

380 1720 38 16 58.5

380 1741 27 16 62.

380 1762 38 16 61.5

380 1783 38 16 61.5

380 1804 27 15 62.

380 1825 27 15 61.

380 1846 9 15 C
389 1846 29 15 2.5

381 1866 37 16 66.5

380 1887 27 16 65.

380 1908 38 16 67.5

380 1928 37 17 70.5

380 1949 25 17 70.

546 1531 103 20 Northerly.

546 1552 103 20 Northerly.

547 1572 16 16 N
567 1573 82 20 ortherly.

546 1593 63 18 South.

546 1615 63 17 South.

545 1636 65 16 Louth.

546 1657 63 17 South.

546 1678 63 17 South.

546 1699 62 17 South.

547 1720 62 17 South.

547 1741 62 17 South.

546 1762 63 17 South.

547 1783 62 17 South.

546 1804 62 17 South.

546 1825 62 17 South.

547 1846 60 17 Soute.

546 1866 63 18 South.

546 1887 62 18 South.

546 1908 103 22 Northerly.

545 1929 17 17 S.
571 1930 23 20 hy
602 1931 21 16 E.

545 1950 62 17 South.

476 1553 37 16 0.52

65 1597 29 16 Sat

476 1614 42 21 0.47j

65 1659 82 21 Sunday..

466 1678 58 17 None.

65 1722 82 21 Monday.

467 1741 58 16 None.

65 1785 79 19 Tuosdaj

466 1804 58 16 None.

65 1847 45 16 Wed

467 1866 57 17 None.

65 1910 81 16 Thurs...

465 1929 58 16 None.

75 2002 73 19 'jitlay...

184 2004 14 14 V

265 2001 53 19 light
324 2002 61 14 breeze
392 2002 36 15 and
435 2002 42 16 fine.
498 2002 73 17 Shower
579 2002 52 21 early.

185 2043 52 20 Ip.m.

306 2041 33 17 Do.
381 2041 37 17 Do.
458 2042 87 22 showery.

185 2085 10 15 5

306 2083 33 17 Do.
381 2083 35 17 Do.
457 2084 34 16 Do.

65 2124 31 17 Sat

185 2126 10 15 8

306 2125 33 16 Do.
381 2125 35 16 Do.
458 2126 35 16 Do.

184 2168 52 20 Ip.m.

265 2166 90 17 Moderate
380 2167 34 16 Do.
457 2168 34 17 Do.

185 2210 9 15 6

258 2201 4 24 I
305 2209 34 16 Do.
380 2209 35 16 Do.
456 2210 37 17 and
500 2211 41 17 fine.

72 2250 74 21 Sunday..

185 2251 9 16 8

257 2239 5 28 I
305 2251 33 17 Do.
379 2251 35 17 Do.
458 2251 33 17 Do.

183 2293 52 21 Ip.m.

305 2292 33 17 Do.
380 2293 35 17 Do.
458 2294 34 16 Do.

183 2336 9 15 5

304 2334 34 17 Do.
380 2335 35 17 Do.
458 2336 33 16 Do.

78 2375 67 21 ionday.

183 2377 10 16 8

304 2376 33 18 Do.
380 2376 34 18 Do.
458 2380 82 15 overcast
546 2379 33 17 but
586 2380 41 16 fine.

182 2419 53 20 Ip.m.

263 2418 65 21 Strong
336 2418 62 17 breeze
404 2419 36 17 and
447 2420 42 17 fine.

181 2461 10 15 5

304 2460 34 17 Do.
380 2460 34 17 Do.
458 2462 35 17 Do.

73 2501 71 20 'uesday

182 2503 10 15 8

304 2502 35 17 Do.
381 2502 35 19 Do.
459 2504 35 17 Do.

182 2545 52 19 Ip.m.

303 2544 35 17 Do.
379 2545 34 16 Do.
456 2547 35 15 Do.

182 2587 9 15 5

303 2585 34 17 Do.
378 2586 35 18 Do.
456 2588 33 16 Do.

65 2626 40 18 Wed

182 2628 10 16 8

262 2627 50 17 Calm
319 2627 36 17 and
362 2628 42 18 fine.

182 2670 52 20 Ip.m.

261 2669 92 18 Moderate
360 2670 63 18 breeze
430 2672 36 17 and
473 2677 43 17 very
522 2673 44 18 fine,

182 2712 9 16 5

261 2710 54 21 Light
322 2712 26 16 air
354 2713 36 15 and
397 2717 42 18 very
446 2714 42 17 fine.

72 2752 71 17 'hurs...

182 2754 10 15 8

261 2752 51 17 Calm
319 2754 35 16 and
362 2759 42 16 very
411 2756 42 17 fine.

181 2796 53 20 Ip.m.

261 2795 53 21 Light
322 2796 26 16 air
355 2797 36 16 and
400 2801 44 17 very
451 2799 42 16 fine.

181 2838 10 15 5

302 2837 34 18 Do.
378 2838 35 18 Do.
455 2840 34 16 Do.

151 3570 123 21 AGENTS
287 3570 57 20 FOR
360 3571 72 20 THIS
444 3572 111 21 PAPER.

80 3596 38 18 Mr.
130 3596 85 18 BURCH
217 3597 38 17 AM
263 3607 7 7 *
348 3596 76 19 Petoni.

80 3618 38 16 Mr.
130 3618 23 17 R.
165 3617 115 18 BARRETT
291 3630 15 5 ..
313 3618 87 18 ....New
407 3619 110 22 Plymouth,
524 3620 103 18 Taranaki.

79 3640 39 16 Mr.
130 3640 25 17 H.
166 3639 121 18 OHURTON
351 3639 115 22 Wanganui.

80 3660 38 17 Mr.
130 3661 28 17 W.
170 3659 103 19 WILSON'
350 3660 41 22 Bay
397 3662 22 16 of
429 3661 84 18 Islands.

226 3708 123 20 LATEST
365 3708 109 20 DATES.

69 3734 80 17 London
233 3735 50 21 Auff.
306 3735 28 16 15.
362 3734 42 22 Bay
410 3735 23 18 of
442 3735 93 18 Islands..
541 3735 50 19 Nov.
608 3736 27 19 17.

70 3754 76 22 Sydney
235 3756 47 17 Dec.
306 3757 28 16 11.
362 3755 82 19 Thames
537 3757 50 17 Nov.
609 3759 27 16 29.

68 3775 43 18 Van
135 3777 97 18 Dieman's
363 3777 45 17 Port
415 3777 71 22 Phillip
501 3778 91 18 ....Nov.
619 3780 17 16 3.

90 3796 54 18 Land
234 3798 50 17 Nov.
305 3799 29 17 29.
362 3798 90 18 Adelaide
539 3800 43 17 Oct.
617 3801 18 17 9.

80 3842 41 19 The
128 3843 94 22 following
229 3848 32 14 are
269 3844 33 17 tho
309 3845 79 21 quarter
398 3844 48 22 days
453 3845 23 17 of
485 3845 40 17 this
532 3850 60 18 paper
598 3852 5 11 :
604 3854 24 4 —

165 3864 66 19 March.
491 3868 49 15 31st.

165 3885 50 19 June
492 3888 52 17 30th.

165 3907 110 21 September
492 3909 52 17 30th.

165 3928 104 26 Becepibcr
491 3931 49 16 31st.

80 3948 81 17 Persons
168 3949 109 21 previously
284 3950 20 17 to
318 3949 146 25 discontinuing
475 3951 51 17 their
533 3956 69 17 papers
610 3951 37 18 and

58 3969 165 24 advertisements,
232 3970 53 18 must
292 3971 57 17 settle
357 3972 32 17 tlie
400 3973 93 17 accounts
501 3972 38 18 due
546 3977 26 16 up
584 3974 20 17 to
615 3974 34 16 the

59 3990 52 18 date.

163 154 237 28 GOVERNMENT
420 153 135 25 NOTICE.

374 186 74 21 Police
459 185 79 24 Office,

266 213 144 26 Wellington,
421 212 39 21 3rd
470 212 107 26 January,
589 210 59 21 1841.

189 249 75 24 Fifty
276 247 112 21 Pounds
403 245 124 21 Reward.

67 282 201 49 WHEREAS,
283 280 38 21 the
337 279 59 27 body
407 279 25 21 of
439 277 121 22 Archibald
570 275 78 26 Milne,

164 310 25 21 of
200 309 43 21 this
252 307 69 27 place,
332 313 44 14 was
386 305 71 22 found
466 312 28 13 on
506 303 36 21 the
549 302 53 22 road
612 302 37 21 be-

67 342 72 18 tween
155 336 136 24 Wellington
302 332 44 23 and
361 332 86 25 Petoni,
458 338 28 14 on
497 330 37 21 the
549 328 101 22 fifteenth

69 364 26 22 of
111 363 122 22 December
248 360 49 26 last,
316 359 43 22 and
376 359 31 26 by
424 358 37 21 the
476 357 86 21 verdict
575 355 26 21 of
612 355 37 21 the

68 390 116 22 Coroner's
193 390 62 25 Jury,
269 385 155 28 cmpannelled
438 387 23 18 to
471 383 92 27 enquire
572 382 77 21 touch-

66 418 40 25 ing
116 417 37 21 the
163 423 65 15 cause
238 414 26 20 of
271 414 33 21 his
313 412 72 25 death,
396 411 18 21 it
424 417 43 15 was
480 409 71 22 found
565 409 48 21 that
620 409 29 20 he

67 451 46 14 was
121 442 117 23 murdered
252 440 29 26 by
292 446 60 15 some
366 444 80 21 person
464 443 25 14 or
502 442 92 21 persons
602 441 55 15 -un-

67 470 90 22 known.
186 468 79 22 Notice
275 467 19 20 is
305 465 82 26 hereby
397 464 73 26 given,
483 462 49 21 that
541 469 13 14 a
566 462 84 20 reward

68 497 26 21 of
102 497 47 25 fifty
158 494 86 28 pounds
259 493 43 21 will
312 492 27 21 he
351 491 52 26 paid
413 494 21 17 to
443 496 45 19 any
497 495 78 20 person
588 487 61 26 (save

67 523 46 22 and
123 526 77 23 except
209 527 45 19 any
265 523 61 23 party
337 517 96 26 actually
443 515 126 22 concerned
578 521 23 15 in
612 514 37 20 the

67 550 99 25 murder)
177 548 48 21 who
235 546 55 22 shall
301 546 48 25 give
356 544 56 21 such
421 543 142 21 information
572 548 23 14 as
605 542 44 19 will

66 576 52 21 lead
133 579 22 18 to
168 575 35 21 the
221 573 125 22 conviction
362 569 25 22 of
398 569 38 21 the
452 571 63 25 party
532 574 24 15 or
569 567 80 28 parties

67 602 70 28 guilty
147 602 25 21 of
179 601 36 21 the
226 599 46 22 said
283 597 95 23 murder.

257 626 108 20 Michael
381 623 112 24 Murphy,

325 650 66 22 Chief
399 649 72 21 Police
483 648 138 26 Magistrate.

68 712 96 22 Notice
173 713 27 19 to
209 712 78 19 those
297 706 131 23 indebted
436 708 30 19 to
476 706 45 20 the
527 706 122 20 Gazette.

69 781 39 19 We
118 787 35 13 are
161 785 44 15 now
214 778 86 24 sending
315 777 34 19 out
358 781 38 14 our
407 776 47 19 bills
470 776 21 18 to
508 774 35 19 the
560 774 53 19 close
627 772 28 25 of

94 816 34 19 ihe
134 815 48 25 past
192 819 56 20 year,
261 812 41 19 and
309 810 49 27 find
372 816 73 19 among
456 809 54 21 them
520 814 14 14 a
547 807 102 21 consider-

94 849 45 19 able
151 846 121 28 proportion
281 846 67 19 which
358 845 51 19 have
426 844 47 19 been
483 844 47 24 long
544 847 47 15 over
603 841 46 21 due.

94 884 59 19 Some
170 883 25 25 of
209 887 39 14 our
268 880 120 25 supporters
410 879 51 19 have
478 882 62 14 never
559 875 55 26 paid
636 881 13 13 a

92 918 85 25 shilling
192 917 55 19 since
262 920 39 14 our
313 919 67 20 paper
395 919 42 13 was
453 911 128 20 established.
613 910 36 19 We

92 959 58 13 warn
167 952 55 19 those
236 950 45 20 who
297 948 95 20 continue
408 947 105 22 obdurate,
532 945 47 20 that
593 944 57 25 after

94 987 43 20 tAis
153 987 72 23 notice,
238 984 47 24 they
295 983 44 19 will
348 982 77 25 compel
436 987 25 14 us
471 981 21 19 to
502 980 73 26 appeal
584 980 21 19 to
616 978 34 21 the

95 1021 63 20 Court
168 1020 26 25 of
198 1019 106 26 Requests.

185 1074 97 23 Notice
299 1075 28 18 to
342 1071 179 22 Subscribers.

64 1147 82 24 Papers
160 1145 43 20 will
215 1144 37 20 not
268 1143 22 19 he
302 1143 46 19 sent
364 1143 20 18 to
396 1146 89 20 persons
498 1140 64 25 living
576 1140 36 19 out
627 1137 27 25 of

92 1181 54 19 Port
157 1179 118 22 Nicholson,
291 1177 67 19 unless
372 1174 155 26 arrangements
541 1180 36 13 are
590 1172 60 20 made

85 1214 42 25 for
137 1214 34 20 the
175 1213 100 26 payment
284 1211 27 24 of
317 1211 34 19 the
359 1216 62 19 same,
432 1209 91 25 through
533 1214 27 13 an
572 1207 76 25 Agent,

92 1250 23 18 at
127 1249 130 24 Wellington.

64 1286 97 24 January
171 1285 20 23 8,
203 1282 61 21 1842.
