4165 6048
355 3579 130 31 BIRTH.

105 3632 168 31 Hyan.—On
296 3633 124 37 January
437 3633 56 33 sth,
505 3633 76 33 188G,
596 3635 27 25 at
636 3632 50 28 her
698 3640 26 19 re-

141 3672 116 33 sidence,
271 3672 65 29 Cliff
353 3673 97 33 Street,
464 3672 88 36 Lyell,
566 3671 45 30 the
629 3670 63 29 wife
712 3670 30 29 of

141 3712 94 28 James
248 3712 90 35 Ryan,
352 3712 29 27 of
392 3721 15 18 a
420 3711 140 35 daughter.

107 3785 272 92 Lyell
433 3785 326 92 Times.

148 3933 208 33 SATURDAY,
381 3933 174 28 JANUARY
578 3934 26 31 9,
630 3934 75 27 1886.

146 4021 58 30 The
218 4021 103 30 United
334 4021 98 38 Alpine
446 4023 111 29 cleaned
579 4033 37 28 up
636 4023 42 30 for
696 4023 46 31 the

111 4061 97 29 month
230 4061 53 29 last
303 4061 144 37 Saturday,
461 4062 66 29 with
548 4063 46 28 the
616 4064 85 29 result
713 4064 30 28 of

111 4101 51 28 814
175 4109 100 20 ounces
286 4100 118 29 retorted
417 4101 62 36 gold
492 4101 69 28 from
575 4103 51 27 800
639 4106 61 25 tons
716 4105 27 26 ot

113 4141 85 25 stone.
235 4138 57 28 The
305 4138 128 31 directors
450 4143 57 23 met
519 4149 34 18 on
567 4140 175 36 Wednesday

115 4174 54 30 and
181 4174 125 30 declared
318 4174 46 30 the
383 4176 78 29 usual
483 4176 128 30 dividend
628 4180 115 36 payable

114 4223 36 19 on
163 4214 55 28 and
230 4214 68 27 after
309 4214 103 36 to-day.

147 4260 59 32 The
219 4260 68 31 Rev.
300 4261 102 31 Father
414 4261 118 33 Rolland
548 4263 55 31 will
616 4266 86 30 arrive
716 4270 28 27 at

114 4301 79 36 Lyell
213 4301 55 28 this
287 4302 125 34 evening,
432 4303 53 28 and
510 4304 56 27 will
585 4305 63 28 hold
670 4307 75 27 Mas*

111 4341 159 26 to-morrow
284 4342 28 25 at
323 4340 46 28 the
383 4341 78 28 usual
473 4340 77 29 hour.

153 4387 37 29 As
204 4387 109 38 already
333 4390 161 28 announced
507 4401 15 17 a
536 4393 209 34 representative

115 4425 30 28 of
155 4426 45 28 the
214 4427 127 27 National
363 4427 88 29 Bank,
465 4428 69 28 from
548 4430 125 33 Reefton,
689 4431 54 27 will

117 4464 32 27 be
162 4465 28 26 in
204 4465 160 28 attendance
378 4468 29 26 at
429 4465 77 36 Lyell
527 4467 93 37 to-day
640 4468 40 28 for
698 4468 46 29 the

115 4503 167 30 transaction
295 4503 30 30 of
334 4505 109 36 general
456 4505 121 37 banking
590 4507 130 30 business.

151 4550 58 27 The
223 4551 65 27 Rev.
303 4552 83 26 Innes
399 4553 84 26 Jones
496 4553 107 27 Church
627 4555 29 26 of
672 4556 54 34 Eng-

116 4586 66 29 land
204 4587 132 33 Minister,
357 4588 29 30 of
405 4588 125 34 Reefton,
553 4591 55 27 will
630 4592 116 29 conduct

117 4625 101 27 Divine
232 4627 116 31 Service,
362 4632 28 21 at
403 4628 88 36 Lyell,
505 4637 33 17 on
555 4629 98 36 Friday
666 4639 79 18 even-
758 4625 1 45 j

117 4662 48 38 lng
186 4667 73 26 next,
283 4663 63 29 15th
371 4666 113 32 instant,
506 4666 155 36 remaining
683 4668 63 29 here
758 4662 1 40 '

118 4702 68 27 until
201 4702 112 36 Sunday
325 4703 137 33 morning,
476 4704 79 28 when
568 4705 34 28 he
614 4707 54 26 will
682 4707 64 27 hold

117 4739 129 34 morning
258 4740 111 34 service,
383 4740 71 29 after
471 4742 89 29 which
574 4743 33 28 he
621 4745 127 35 proceeds

117 4780 28 25 to
160 4777 122 29 Reefton.

153 4824 65 29 Two
242 4825 104 36 parcels
369 4826 31 28 of
420 4829 76 26 stoue
521 4827 117 36 brought
666 4829 80 29 down

118 4862 70 31 from
202 4863 45 30 the
261 4864 113 31 Bulmer
386 4866 84 30 Creek
478 4867 88 34 claim,
576 4870 93 34 Own,
679 4880 69 20 were

118 4903 116 27 crushed
258 4909 28 22 at
310 4905 45 26 the
376 4907 79 25 Bank
480 4908 30 25 of
527 4909 67 26 New
618 4910 129 31 Zealand,

120 4939 112 34 Nelson,
257 4942 128 37 recently,
407 4942 53 29 and
486 4943 46 30 the
557 4945 97 30 results
678 4955 69 21 were

120 4979 86 29 tested
219 4980 28 28 in
261 4980 45 29 the
319 4990 126 27 presence
455 4983 30 28 of
493 4984 43 27 Mr
545 4985 94 28 James
651 4986 96 28 Kirton

120 5017 55 29 and
200 5018 44 27 Mr
265 5019 104 28 Ancell.
406 5021 75 28 Each
512 5023 89 35 parcel
625 5024 123 35 weighed

121 5056 83 29 about
228 5056 67 34 71bs,
320 5068 51 18 one
401 5059 101 36 having
529 5061 66 28 been
621 5062 127 29 obtained

120 5095 71 27 from
216 5095 45 27 the
286 5095 123 30 five-foot
432 5098 59 28 reef
515 5101 51 25 300
590 5101 53 27 feet
666 5101 84 28 lower

121 5131 79 30 down
221 5133 66 29 than
308 5134 87 30 where
416 5136 21 28 it
456 5146 54 19 was
529 5138 60 29 first
610 5140 92 28 struck
722 5150 26 18 in

121 5171 46 28 the
189 5177 138 28 cross-cut,
350 5175 53 27 and
417 5175 45 28 the
475 5176 78 28 other
571 5178 69 27 from
655 5189 15 17 a
686 5185 47 21 two-

122 5209 57 28 foot
191 5210 58 27 reef
258 5211 118 34 forming
388 5217 61 31 part
461 5214 30 25 of
502 5217 170 32 twenty-loot
686 5216 62 30 reef,

122 5246 50 30 but
195 5248 89 29 which
320 5249 22 29 is
367 5249 107 31 divided
499 5251 36 39 by
559 5253 64 30 nine
649 5255 50 28 feet
724 5255 29 29 of

124 5286 76 30 slate.
213 5290 34 26 90
259 5289 52 27 feet
325 5295 65 22 west
403 5291 29 26 of
442 5291 61 27 that
515 5292 109 27 whence
638 5293 46 28 the
692 5294 59 27 first

124 5326 106 35 portion
244 5335 55 18 was
312 5330 45 31 got
371 5330 54 24 out.
463 5328 57 28 The
534 5328 102 29 former
645 5330 105 36 yielded

124 5366 29 26 at
165 5363 47 29 the
233 5372 57 21 rate
313 5366 209 35 of4ozs2dwts,
545 5369 54 27 and
612 5369 47 28 the
672 5371 80 26 latter

124 5402 30 27 of
164 5404 62 25 3ozs
240 5405 27 24 to
281 5403 46 26 the
348 5407 56 23 ton.
441 5404 57 27 The
512 5406 60 32 gold
595 5410 75 23 must
682 5407 70 27 have

124 5439 156 38 permeated
294 5440 45 30 the
353 5445 74 26 stone
437 5441 26 29 in
476 5453 64 28 very
552 5444 54 29 fine
618 5445 134 37 particles,

125 5481 42 26 for
179 5490 16 18 a
207 5482 210 33 representative
431 5483 29 26 of
470 5483 45 27 the
539 5484 66 27 Mail
623 5485 62 28 who
699 5495 54 17 was

126 5521 109 33 present
247 5521 28 24 at
287 5517 46 28 the
347 5519 129 37 crushing
490 5521 80 28 failed
585 5526 26 22 to
625 5522 128 34 discover,

126 5566 66 18 even
212 5556 66 28 with
300 5557 45 27 the
360 5557 43 28 aid
418 5558 29 27 of
456 5568 16 17 a
485 5560 171 36 magnifying
674 5562 79 33 glass,

126 5604 16 18 a
161 5595 112 36 particle
295 5596 30 27 of
335 5595 46 29 the
401 5597 123 32 precious
546 5598 94 34 metal,
656 5599 97 34 which,

126 5632 134 38 however,
282 5645 56 20 was
358 5636 100 38 proved
480 5642 28 25 to
530 5637 67 31 exist
619 5637 27 30 in
661 5650 15 18 a
691 5650 64 27 very

126 5674 184 28 considerable
329 5677 136 34 quantity.
503 5677 44 27 Mr
564 5678 27 26 J.
604 5678 33 27 Y.
652 5677 103 36 Ellery,

127 5712 45 28 the
186 5712 106 36 mining
305 5721 139 27 manager,
457 5715 22 27 is
494 5724 66 27 very
578 5714 109 38 hopeful
701 5716 30 28 of
741 5726 15 18 a

126 5749 92 36 bright
242 5752 89 27 future
355 5752 79 33 being
452 5753 28 28 in
501 5759 124 32 prospect
646 5755 41 27 for
712 5756 43 27 the

126 5790 152 35 Company,
303 5790 62 28 who
387 5792 132 35 certainly
541 5792 69 28 have
634 5793 44 27 the
698 5794 56 27 best

126 5827 99 28 wishes
238 5828 30 27 of
278 5827 46 29 the
346 5830 93 35 people
461 5831 28 26 of
507 5831 101 27 Nelson
632 5832 40 27 for
685 5832 71 28 their

127 5874 113 21 success.

784 211 57 30 The
856 212 101 30 Nelson
972 214 84 29 coach
1071 215 105 30 arrived
1197 223 28 24 at
1238 220 77 38 Lyell
1329 228 56 25 fast
1400 209 4 49 I

750 252 80 36 night
848 257 29 26 at
896 254 32 28 10
952 254 113 35 o'clock,
1085 255 103 35 having
1206 252 198 47 experience!!

751 294 46 27 the
810 297 117 28 greatest
940 293 133 37 difficulty
1086 296 29 26 in
1134 298 106 30 getting
1254 300 96 32 throne
1350 287 60 50 iR

751 330 58 31 The
818 337 85 24 entire
913 332 64 29 road
992 334 69 28 from
1073 333 46 29 the
1129 333 144 38 Motupiko
1286 339 50 30 Val
1339 342 6 20 l
1350 350 60 24 evX

753 376 27 25 to
805 372 45 30 the
876 373 80 37 Hope
983 373 108 37 Valley,
1117 384 15 18 a
1155 373 120 30 distance
1300 380 29 26 of
1350 383 33 27 40

754 412 77 29 miles
845 413 21 27 is
880 423 16 17 a
905 413 96 34 raging
1019 412 67 29 hush
1102 413 57 29 fire.
1196 413 58 29 The
1275 424 92 27 passen-

754 462 59 23 gers
826 452 53 28 and
899 452 91 29 driver
1008 452 54 29 had
1077 457 27 24 to
1124 453 71 28 clear
1212 452 46 29 the
1278 454 65 29 road
1357 456 26 27 in

755 492 100 28 several
870 492 88 37 places
977 492 29 27 of
1016 492 82 28 fallen
1120 496 79 27 trees,
1219 491 54 29 and
1287 494 80 27 under-

755 536 71 24 went
857 536 76 30 great
963 531 134 38 difficulty
1131 532 27 28 in
1196 531 113 38 miking
1339 532 46 29 the

753 570 115 37 journey
893 572 66 28 with
990 572 87 35 safety
1103 577 27 23 to
1155 572 45 28 the
1226 571 81 28 mails
1332 573 53 27 and

756 610 102 28 horses.
896 610 108 29 Several
1023 611 106 28 settlers
1154 610 81 33 along
1254 610 46 29 the
1320 611 65 28 road

758 661 44 19 are
833 650 87 37 heavy
951 651 91 34 losers,
1073 651 28 29 in
1138 661 50 19 one
1218 651 123 29 instance
1372 661 11 18 a

758 690 122 28 valuable
894 691 143 32 threshing
1054 690 127 27 machine
1202 691 102 31 having
1316 690 67 27 been

758 728 149 27 consumed
920 727 52 28 and
987 731 75 31 great
1075 729 133 26 exertions
1222 737 68 18 were
1306 727 79 28 made

760 771 26 23 to
806 776 62 18 save
887 765 136 34 buildings
1037 766 53 28 and
1110 776 85 27 crops.
1232 767 57 27 The
1310 767 57 28 New-

760 813 63 19 man
844 804 130 29 Brothers
993 805 108 28 deserve
1116 805 45 28 the
1176 805 101 28 thanks
1296 809 27 24 of
1342 805 46 28 the

760 844 64 27 mail
838 844 119 29 d'stricts
970 844 112 29 affected
1091 846 38 27 for
1138 845 69 28 their
1220 845 167 28 endeavours

759 884 27 25 in
817 882 126 34 bringing
974 884 45 27 the
1052 883 79 28 mails
1167 883 126 34 through.
1332 884 50 26 Tlx

760 919 81 29 coach
856 931 28 17 re
892 920 79 29 ichrd
983 922 84 35 Lyell.
1077 931 29 19 as
1117 921 96 34 stated,
1226 927 27 23 at
1268 924 31 26 10
1313 932 65 26 p.m.

760 960 52 26 and
826 960 21 26 it
861 969 54 18 was
929 961 63 34 only
1005 964 28 24 at
1047 960 45 28 the
1113 965 108 24 earnest,
1240 961 134 28 solicition

760 997 30 27 of
806 997 45 26 tho
871 1007 160 26 passengers
1057 998 60 28 that
1140 998 43 28 Mr
1204 999 32 27 G.
1257 999 131 28 Newmav

761 1034 110 31 decided
891 1040 27 25 to
934 1038 170 28 discontinue
1124 1037 45 29 the
1185 1038 117 37 journey
1322 1038 66 28 until

762 1076 135 32 morning,
923 1086 28 17 as
976 1077 33 26 he
1035 1077 90 26 would
1155 1078 70 26 have
1245 1081 28 22 to
1299 1087 32 21 go

761 1112 115 29 without
896 1113 89 35 'lights,
1012 1113 101 34 having
1132 1115 27 28 in
1181 1115 45 28 the
1250 1115 139 29 confusion

762 1152 134 29 forgotten
910 1153 74 27 them
998 1158 29 23 at
1042 1155 151 31 Motupiko.

795 1188 50 30 We
876 1191 88 28 notice
994 1191 27 27 in
1047 1200 51 19 our
1125 1193 51 28 last
1207 1191 185 30 G(V3rnment

763 1230 138 31 Gnzettee,
923 1235 27 23 to
964 1230 83 30 hand,
1068 1231 61 28 that
1141 1234 28 25 in
1192 1241 152 22 pursuance
1367 1234 24 24 of

763 1268 108 27 Section
884 1270 34 26 $1
932 1268 30 27 of
1006 1270 57 27 The
1078 1270 94 27 Public
1190 1269 103 28 Health

762 1305 47 29 the
823 1306 141 28 Governor
976 1308 29 26 of
1017 1307 44 27 the
1076 1308 102 35 Colony
1200 1307 31 27 of
1248 1308 67 27 New
1329 1308 52 28 Zea

763 1344 65 28 land
849 1345 48 27 has
917 1345 166 36 proclaimed
1104 1346 60 28 that
1185 1346 45 28 the
1250 1346 104 35 Colony
1367 1346 28 28 of

763 1383 173 35 Queensland
958 1385 22 26 is
1000 1385 116 27 infected
1141 1384 66 28 with
1223 1384 45 28 the
1289 1384 103 28 disease

763 1421 100 30 known
885 1432 29 19 as
927 1422 124 36 Cholera,
1066 1423 80 35 being
1166 1433 33 19 an
1219 1423 129 29 infection
1364 1434 29 18 or

763 1464 164 29 contageous
945 1462 104 27 disease
1074 1463 95 35 highly
1195 1462 151 32 daugerous
1365 1466 27 23 to

764 1498 45 28 the
822 1498 93 28 health
930 1498 29 28 of
969 1499 45 27 the
1028 1500 103 34 people.

798 1536 66 28 This
877 1536 104 30 district
994 1538 22 28 is
1035 1548 61 18 now
1115 1538 169 36 undergoing
1296 1548 51 18 one
1367 1538 29 28 of

764 1575 46 27 the
835 1576 49 35 dry
887 1579 41 25 est
951 1586 110 18 seasons
1085 1581 46 31 yet
1150 1577 109 32 known,
1285 1577 37 27 all
1346 1577 46 27 the

764 1613 79 28 small
866 1613 92 29 creeks
979 1614 52 28 fast
1054 1614 97 37 drying
1165 1624 45 27 up,
1231 1614 54 29 and
1298 1615 27 27 in
1339 1614 53 29 fact

765 1652 45 27 the
824 1653 78 31 Lyell
922 1653 85 27 Creek
1029 1654 98 35 supply
1146 1654 49 28 has
1215 1653 178 28 necessitated

764 1689 45 28 the
823 1694 157 33 temporary
993 1694 127 33 stoppage
1139 1693 30 27 of
1178 1693 15 26 5
1207 1691 85 28 heads
1305 1696 28 23 at
1346 1692 47 27 the

764 1727 97 38 Alpine
874 1727 115 39 battery.

800 1764 48 31 We
862 1767 69 28 have
945 1772 75 30 great
1041 1769 123 35 pleasure
1177 1769 28 28 in
1219 1770 175 32 announcing

764 1808 27 25 to
804 1804 45 29 the
863 1806 132 28 residents
1007 1807 30 28 of
1047 1807 55 28 this
1118 1808 104 28 district
1237 1808 45 28 the
1296 1807 97 29 arrival

765 1845 30 26 of
804 1854 16 18 a
833 1845 115 27 medical
966 1847 158 31 gentleman
1144 1847 28 26 in
1198 1856 49 17 our
1270 1847 83 26 midst
1366 1856 26 17 in

765 1882 45 27 the
825 1891 94 25 person
934 1882 30 28 of
980 1883 44 27 Mr
1037 1884 104 36 George
1162 1884 33 27 E.
1215 1885 113 30 Levien,
1341 1884 52 28 late

765 1920 30 28 of
805 1920 150 34 Havelock,
971 1920 193 35 Marlborough
1178 1923 112 34 district,
1303 1923 90 29 where

765 1960 34 27 he
813 1959 50 29 has
877 1960 66 28 been
957 1960 28 28 in
997 1962 117 35 practice
1122 1962 42 27 for
1172 1962 47 28 the
1230 1962 52 28 last
1291 1964 103 33 twenty

765 2008 85 27 years.
889 1998 43 28 Mr
942 1999 102 28 Levien
1051 1999 50 29 has
1111 2000 67 28 been
1186 2000 209 28 recommended

767 2042 26 22 to
808 2037 53 27 this
875 2035 104 30 district
991 2037 37 36 by
1038 2038 46 27 the
1094 2038 66 27 Rev.
1169 2039 31 26 T.
1214 2039 33 26 B.
1260 2039 133 31 Maclean,

767 2074 50 28 and
849 2074 70 28 from
951 2084 16 19 a
1006 2075 71 29 close
1113 2075 152 38 inspection
1296 2076 30 28 of
1353 2075 42 29 his

767 2124 146 19 numerous
925 2114 183 29 testimonials
1120 2115 54 29 and
1185 2115 161 30 credentials
1355 2126 40 19 we

767 2154 69 27 have
860 2163 36 18 no
920 2153 147 28 hesitation
1091 2154 29 27 in
1148 2155 120 35 arriving
1297 2158 28 25 at
1350 2154 45 29 the

767 2193 156 28 conclusion
937 2192 61 29 that
1010 2192 35 29 he
1058 2193 56 29 will
1127 2194 31 28 be
1176 2194 85 28 found
1273 2195 28 27 in
1315 2204 80 25 every

767 2241 60 24 way
840 2231 114 27 suitable
966 2231 42 27 for
1027 2232 46 26 the
1092 2234 198 34 requirements
1303 2233 29 27 of
1342 2233 54 27 this

767 2269 54 28 and
842 2268 45 30 the
908 2270 183 35 surrounding
1108 2269 140 31 localities.
1284 2270 112 30 Besides

767 2308 81 35 being
871 2318 16 18 a
907 2308 122 28 member
1046 2309 31 27 of
1096 2309 46 28 the
1164 2310 233 27 Pharmaceutical

769 2346 107 37 Society
889 2345 55 29 and
957 2346 254 31 Pharmaceutical
1232 2348 164 29 Conference

767 2385 30 27 of
807 2385 83 27 Great
902 2385 116 33 Britain,
1038 2386 56 27 and
1106 2395 16 18 a
1136 2387 122 34 Surgeon
1278 2387 119 31 Dentist,

769 2422 44 29 Mr
831 2422 103 29 Levien
956 2423 23 28 is
999 2432 15 19 a
1035 2424 147 36 registered
1202 2425 123 29 Chemist
1343 2425 54 28 and

768 2461 146 36 Druggest,
939 2462 55 28 and
1012 2463 93 34 brings
1128 2463 67 29 with
1218 2464 59 28 him
1295 2474 16 18 a
1335 2474 46 19 con-

769 2500 132 28 siderable
921 2500 76 29 stock
1016 2501 30 28 of
1064 2501 157 28 chemicals.
1258 2503 27 27 It
1298 2503 55 27 will
1365 2502 33 28 be

769 2547 64 19 seen
852 2542 27 24 at
892 2548 67 19 once
972 2539 47 28 the
1038 2543 77 32 great
1135 2540 152 36 advantage
1301 2540 97 35 gained

769 2576 35 36 by
816 2576 137 33 retaining
965 2576 54 28 this
1032 2578 156 33 gentleman
1209 2587 30 18 as
1252 2587 16 18 a
1280 2578 119 28 resident

768 2622 102 27 among
878 2623 39 23 us,
928 2613 41 28 for
975 2613 46 29 the
1031 2623 97 19 reason
1135 2615 60 28 that
1205 2615 193 36 perscriptions

768 2651 61 28 that
849 2651 152 28 heretofore
1021 2652 56 27 had
1094 2656 27 23 to
1142 2653 32 27 be
1197 2656 60 25 sent
1270 2658 27 23 to
1311 2654 69 27 West-

767 2691 62 34 port
859 2698 51 19 can
934 2698 62 19 now
1020 2689 32 29 be
1078 2690 80 28 made
1182 2700 37 28 up
1244 2691 73 28 here.
1354 2691 45 28 Mr

769 2727 102 29 Levien
901 2727 109 29 intends
1040 2728 94 36 giving
1165 2729 81 34 Lyell
1275 2740 17 17 a
1321 2729 77 28 three

767 2765 119 29 months'
901 2765 63 29 trial
976 2765 90 30 before
1079 2767 143 35 removing
1240 2766 44 28 his
1301 2767 98 35 family

767 2803 55 29 and
845 2803 96 37 finally
963 2803 112 36 settling
1089 2803 89 36 down,
1191 2815 30 19 so
1244 2804 61 30 that
1316 2806 22 28 it
1359 2814 26 20 re-

767 2842 90 30 mains
870 2842 116 37 entirely
1006 2844 66 28 with
1093 2844 47 27 the
1155 2844 134 28 residents
1308 2844 28 28 of
1352 2844 48 28 the

769 2881 104 30 district
885 2884 28 28 to
926 2882 98 29 extend
1035 2881 45 31 the
1087 2891 146 29 necessary
1241 2891 160 22 assurances

767 2921 31 29 of
826 2925 113 34 support
969 2921 42 29 for
1033 2922 63 28 that
1119 2921 96 38 object.
1252 2922 24 29 A
1305 2922 93 37 public

767 2961 123 33 meeting
910 2960 57 29 will
982 2960 34 29 be
1034 2961 65 28 held
1117 2961 57 28 this
1186 2961 117 35 evening
1315 2962 29 27 in
1358 2962 43 27 Mr

768 2998 139 27 Fennell's
925 2998 67 27 Hall
1005 3001 28 24 to
1047 2997 124 28 consider
1188 2998 47 28 the
1248 3001 110 29 matter,
1372 3001 28 24 at

767 3034 90 31 which
870 3045 41 20 we
924 3035 71 37 hope
1008 3039 28 26 to
1049 3045 43 19 see
1105 3045 16 18 a
1133 3035 74 37 large
1228 3036 172 34 attendance,

768 3074 56 28 and
848 3075 146 35 especially
1012 3084 36 18 an
1063 3076 115 26 interest
1199 3076 84 27 taken
1300 3076 29 26 in
1354 3076 47 27 the

767 3116 161 26 movement
946 3112 37 38 by
1001 3112 47 30 the
1069 3112 108 39 mining
1190 3114 107 37 portion
1315 3112 30 30 of
1355 3113 46 30 the

767 3152 183 34 community.

793 3236 289 41 MINING
1151 3237 222 40 NEWS.

857 3331 85 35 (FROM
956 3339 56 21 our
1024 3338 104 22 MINING
1142 3339 167 21 REPORTER.)

1076 3370 117 31 Friday,
1207 3370 124 35 January
1344 3372 25 26 8.

805 3407 114 29 United
948 3406 213 29 Alpine.—The
1187 3416 141 27 manager,
1361 3408 44 28 Mr

770 3445 104 27 Martin
901 3445 168 31 Conradson,
1094 3445 50 26 has
1174 3445 56 27 had
1253 3445 38 28 all
1315 3446 89 27 hands

769 3482 92 38 busily
891 3482 123 38 engaged
1053 3482 131 37 filling-in
1219 3482 48 31 the
1296 3483 109 30 worked

771 3523 108 35 portion
903 3522 30 27 of
948 3522 47 27 the
1014 3523 74 26 mine
1110 3522 71 27 since
1202 3522 47 27 the
1270 3523 134 35 holidays,

772 3559 56 29 and
839 3558 170 38 everything,
1029 3559 66 27 both
1108 3559 88 28 inside
1216 3558 55 29 and
1289 3560 115 33 outside,

773 3598 50 29 has
847 3598 67 28 been
939 3598 95 36 placed
1058 3599 29 26 in
1115 3597 136 38 thorough
1283 3599 123 36 working

774 3637 79 29 order
865 3640 28 25 to
907 3640 68 25 start
988 3636 46 29 the
1049 3636 68 28 New
1129 3637 80 28 Year.
1246 3636 57 29 The
1327 3637 80 29 shoot

774 3676 51 29 has
844 3675 69 29 been
925 3675 132 36 repaired.
1094 3675 93 28 In&ide
1206 3675 45 28 the
1270 3676 74 28 mine
1357 3676 47 29 the

774 3724 65 19 men
864 3713 103 29 started
991 3717 28 24 to
1044 3713 83 28 break
1148 3713 79 28 down
1253 3717 77 24 stone
1354 3714 53 29 last

773 3752 184 36 Wednesday,
979 3751 55 28 and
1047 3761 15 18 a
1074 3748 71 39 good
1157 3752 97 35 supply
1274 3752 50 27 has
1336 3752 68 28 been

774 3790 149 29 continued
936 3792 27 26 to
976 3789 47 28 the
1036 3788 117 37 battery,
1167 3790 73 27 since
1253 3790 153 36 Thursday.

774 3830 87 29 There
874 3830 23 28 is
909 3839 36 19 no
959 3828 104 38 change
1075 3827 30 30 in
1117 3828 45 30 the
1173 3830 99 36 stopes,
1283 3828 67 30 with
1360 3829 46 29 the

775 3871 141 35 exception
941 3869 29 28 of
992 3868 47 29 the
1058 3868 82 29 north
1165 3868 62 33 end,
1247 3868 91 29 where
1361 3869 46 29 the

775 3909 58 27 reef
843 3910 23 24 is
887 3908 143 34 gradually
1044 3908 106 34 cutting
1162 3909 47 24 out
1222 3906 46 27 the
1284 3906 78 28 horse
1381 3908 29 26 of

777 3945 129 29 mullock.
943 3945 57 28 The
1020 3943 59 30 reef
1096 3945 24 28 is
1145 3943 56 30 also
1223 3943 76 30 there
1324 3945 84 29 much

776 3985 84 28 wider
872 3984 68 29 than
953 3983 87 33 usual,
1054 3983 103 38 having
1174 3981 81 32 made
1269 3986 48 27 out
1334 3986 28 28 to
1376 3986 33 28 50

777 4023 53 30 feet
850 4024 29 29 in
900 4023 47 30 the
959 4022 96 31 widest
1197 4023 34 29 In
1245 4023 51 30 No.
1310 4026 16 27 G
1339 4024 69 30 level

778 4063 66 38 they
865 4063 69 30 have
954 4063 103 30 started
1079 4068 28 25 to
1120 4063 75 29 drive
1209 4063 41 28 for
1268 4064 47 29 the
1328 4065 80 29 north

777 4102 88 29 block.
902 4103 57 28 The
990 4103 145 28 estimated
1166 4103 122 28 distance
1317 4106 28 26 to
1376 4104 32 28 be

778 4140 95 28 driven
886 4145 28 23 to
926 4141 80 28 reach
1022 4141 55 27 this
1089 4141 88 33 block,
1190 4141 24 28 is
1228 4141 122 28 between
1359 4143 50 27 170

778 4179 54 28 and
846 4180 50 27 190
908 4179 62 29 feet.
1007 4180 87 27 There
1108 4189 44 18 are
1166 4180 40 28 six
1216 4189 63 18 men
1289 4181 121 35 engaged

778 4218 29 26 in
820 4218 54 27 this
887 4218 84 32 work,
984 4218 29 26 in
1027 4219 74 26 three
1112 4218 87 27 shifts.
1237 4218 57 27 The
1304 4218 105 35 battery

779 4256 101 30 started
905 4266 35 20 on
966 4256 143 38 Thursday
1136 4257 117 37 evening
1284 4257 66 30 with
1377 4258 31 29 15

779 4300 113 32 stamps.
929 4297 57 27 The
1000 4298 51 26 full
1074 4297 179 34 complimeut
1270 4298 78 26 could
1363 4302 47 22 not

779 4334 32 28 be
836 4334 101 28 started
962 4334 90 36 owing
1076 4338 27 25 to
1134 4334 117 37 scarcity
1275 4334 30 28 of
1326 4339 84 24 water

780 4377 164 33 consequent
957 4384 36 18 on
1006 4374 45 28 the
1065 4373 54 28 late
1137 4373 50 36 dry
1201 4374 127 28 weather.
1367 4374 43 27 Mi-

781 4413 105 26 Waters
899 4413 49 26 has
966 4413 80 33 given
1066 4413 46 27 the
1126 4413 106 35 battery
1245 4422 15 17 a
1274 4413 136 33 thorough

780 4449 53 27 and
871 4449 135 37 complete
1044 4451 179 35 overhauling
1260 4451 72 27 since
1363 4451 46 27 the

780 4487 132 39 holidays.
949 4489 58 28 The
1020 4489 95 29 tunnel
1126 4489 210 29 race-deviation
1348 4499 45 19 con-

780 4533 69 22 tract
861 4538 56 17 was
930 4529 128 34 accepted
1077 4538 35 17 on
1127 4529 130 34 Tuesday
1275 4529 69 32 last;
1365 4529 45 26 the

781 4566 81 34 price,
875 4565 67 27 with
958 4566 107 31 timber,
1079 4565 80 36 being
1174 4566 35 27 ,£1
1224 4568 30 25 3s
1267 4566 34 26 Gd
1314 4574 5 24 ;
1333 4566 62 27 with-

781 4606 47 24 out
848 4602 107 33 timber,
972 4604 44 26 19s
1029 4613 46 25 per
1094 4604 72 30 foot;
1187 4603 45 27 the
1245 4608 165 22 contractors

781 4649 44 18 are
835 4639 116 28 O'Brien
960 4641 53 27 and
1021 4644 87 32 party.
1146 4641 76 36 They
1235 4641 175 27 commenced

781 4677 75 30 work
868 4688 35 18 on
917 4678 153 35 Thursday.

818 4717 111 27 United
943 4717 188 26 Italy.—The
1142 4720 167 25 contractors
1319 4717 41 28 far
1369 4726 28 19 ex-

782 4754 113 32 tending
909 4754 45 28 the
968 4756 75 26 main
1063 4756 68 26 level
1147 4756 80 27 north
1241 4766 45 17 are
1299 4755 114 34 making

782 4792 78 37 rapid
881 4792 141 36 headway,
1043 4793 54 27 and
1116 4798 94 31 expect
1229 4799 28 21 to
1279 4795 134 35 complete

783 4830 46 29 the
853 4830 117 37 existing
994 4835 122 24 contract
1141 4832 29 27 in
1190 4836 45 24 ten
1256 4832 67 37 days
1342 4841 30 19 or
1399 4843 16 19 a

783 4870 141 37 fortnight,
947 4870 80 30 when
1046 4870 30 29 in
1096 4870 37 29 all
1154 4871 163 36 probability
1338 4873 73 28 fresh

783 4910 108 26 tenders
912 4909 56 26 will
989 4909 30 26 be
1032 4909 87 26 called
1138 4909 40 26 for
1196 4910 116 26 another
1324 4914 75 23 exten-

783 4947 68 29 sion.
889 4945 61 30 The.
970 4945 129 31 directors
1119 4950 56 26 met
1189 4956 34 20 011
1237 4947 46 30 the
1297 4948 56 33 sth,
1368 4948 47 29 but

783 4986 108 35 beyond
910 4985 113 36 making
1036 4996 15 17 a
1064 4986 61 31 call,
1144 4995 36 18 no
1203 4987 78 28 other
1293 4987 123 28 business

784 5024 29 29 of
823 5025 167 36 importance
1005 5034 55 18 was
1074 5024 163 28 transacted.

818 5063 303 35 Larnach.—Steadily
1146 5064 118 35 pushing
1288 5074 36 17 on
1350 5065 64 27 with

784 5102 46 27 the
844 5105 141 24 cross-cut.
1022 5101 58 28 The
1094 5101 88 29 hands
1195 5102 122 35 engaged
1330 5102 28 28 in
1369 5103 46 28 the

783 5142 58 27 face
861 5140 70 28 have
952 5149 76 19 come
1048 5150 35 18 on
1096 5144 92 30 water,
1208 5140 89 29 which
1317 5140 23 30 is
1354 5151 46 19 con-

785 5180 104 26 sidered
914 5189 15 17 a
954 5180 69 33 good
1047 5180 150 26 indication
1221 5180 30 27 of
1272 5180 45 28 the
1344 5182 70 26 close

784 5217 148 36 proximity
945 5217 29 27 of
984 5218 45 27 the
1043 5217 62 27 reef.

820 5256 57 28 Tyr
886 5256 239 29 Connell.—Still
1132 5257 104 36 getting
1245 5260 47 26 out
1300 5257 115 37 payable

786 5298 86 23 stone.
910 5295 81 27 Some
1017 5296 31 25 of
1069 5296 46 26 the
1140 5305 64 16 men
1229 5305 45 17 are
1295 5297 122 33 engaged

785 5331 108 35 driving
912 5332 52 27 No.
978 5333 16 27 4
1007 5332 68 29 level
1088 5336 28 25 to
1130 5342 30 19 ca
1175 5343 32 27 ry
1229 5333 40 29 air
1290 5333 57 30 into
1372 5334 46 29 the

787 5372 73 26 mine
874 5371 80 27 while
968 5372 46 27 the
1032 5373 157 26 remainder
1201 5382 45 17 are
1265 5373 85 33 rising
1363 5375 54 25 and

788 5408 94 35 taking
906 5413 48 23 out
977 5413 86 23 stoue.
1102 5410 27 27 It
1157 5411 23 26 is
1212 5410 116 37 possible
1359 5411 60 29 that

788 5446 80 31 when
889 5447 46 29 the
959 5449 160 29 ventilation
1144 5453 205 33 arrangements
1374 5461 44 19 are

789 5487 151 34 completed
954 5496 75 18 more
1042 5497 63 17 men
1120 5488 55 26 will
1187 5488 32 27 be
1234 5493 48 31 put
1295 5498 44 18 011.

824 5524 94 27 Lyell
948 5525 97 27 Creek
1069 5525 262 30 Extended.—The
1357 5537 57 19 con>

790 5565 114 24 tractors
928 5573 43 17 are
994 5563 111 33 making
1117 5565 70 34 good
1209 5565 132 35 headway
1353 5566 66 26 with

792 5600 44 28 the
857 5601 104 28 tunnel.
999 5601 56 29 The
1075 5601 121 30 distance
1217 5603 94 30 driven
1331 5608 27 24 to
1373 5604 47 29 sth

792 5641 103 28 instant
924 5642 22 27 is
973 5643 65 27 1318
1063 5642 61 32 feet,
1156 5643 107 34 leaving
1288 5646 50 26 '2BO
1368 5645 53 27 feet

792 5679 104 26 further
924 5684 28 22 to
989 5681 132 35 complete
1152 5686 110 30 present
1291 5686 129 23 contract.

795 5716 86 28 When
895 5716 53 29 this
967 5717 121 28 distance
1102 5719 22 26 is
1138 5719 103 33 driven,
1262 5719 45 29 the
1328 5721 93 28 tunnel

792 5756 55 27 will
877 5756 32 27 be
940 5756 28 28 in
1006 5758 68 25 100()
1102 5759 61 25 feet.
1213 5758 57 27 The
1307 5765 114 31 country

794 5794 105 36 pierced
924 5799 28 23 at
976 5799 107 32 present
1102 5795 23 27 is
1143 5795 111 34 looking
1274 5798 60 26 well
1357 5799 64 27 with

793 5842 15 17 a
821 5832 68 33 good
905 5832 122 35 underly.
1065 5834 86 27 Small
1165 5834 88 27 leader
1262 5835 159 29 formations

794 5871 68 27 have
876 5870 83 35 lately
972 5880 76 19 came
1062 5876 56 23 into
1129 5872 45 27 the
1185 5872 63 28 face.

1456 217 207 32 Mauuia.—Mr
1680 221 27 29 J.
1729 222 151 38 Campbell,
1901 229 153 25 contractor

1421 259 42 28 for
1482 259 45 28 the
1548 270 172 27 conveyance
1741 262 29 28 of
1786 269 77 23 stone
1884 270 27 22 to
1926 265 44 27 the
1985 266 67 31 mill,

1421 299 56 26 will
1498 304 68 22 start
1583 300 73 27 work
1677 310 34 17 on
1736 302 127 35 Tuesday
1886 306 72 24 next.
1995 304 58 27 The

1422 338 178 37 compliment
1614 340 29 26 of
1652 343 94 33 quartz
1762 341 22 27 is
1804 349 60 20 now
1878 345 27 25 to
1924 351 74 26 grass
2016 342 40 29 for

1499 381 110 33 present
1639 379 138 35 crushing,
1812 380 86 28 which
1930 382 55 27 will
2022 382 31 28 be

1419 416 105 34 stated
1555 421 28 24 at
1615 416 46 29 the
1687 417 108 28 Croesus
1828 419 115 37 battery,
1974 420 79 29 when

1420 459 124 31 between
1558 457 34 27 70
1605 457 53 26 and
1672 459 34 25 80
1719 463 62 21 tons
1793 457 23 27 is
1830 460 129 34 expected
1980 466 27 22 to
2025 461 29 26 be

1421 490 192 39 put\hrough.
1651 496 57 26 The
1723 495 122 29 distance
1859 503 27 21 to
1900 499 67 35 pack
1980 503 75 23 stone

1422 538 26 22 to
1462 537 47 27 tli®
1529 533 108 37 battery
1658 534 23 28 is
1703 535 68 34 fully
1792 536 15 27 4
1829 537 87 33 miles,
1939 538 52 28 and
2010 537 46 30 the

1422 572 65 28 time
1510 572 51 31 lias
1574 582 60 18 now
1654 572 107 29 arrived
1781 575 80 27 when
1875 576 45 28 the
1935 577 120 28 absolute

1424 611 132 36 necessity
1578 610 41 28 for
1640 612 46 27 the
1713 613 119 28 erection
1859 614 28 28 of
1908 625 14 17 a
1943 616 113 27 10-head

1424 648 105 38 battery
1545 660 26 18 m
1588 650 44 29 the
1647 650 112 39 vicinity
1773 652 30 29 of
1814 653 74 29 these
1898 654 56 29 rich
1968 655 88 28 leader

1424 688 94 26 claims
1532 690 49 25 has
1595 689 111 28 become
1726 696 142 29 apparent.
1908 693 25 26 It
1948 695 21 24 is
1984 699 26 21 to
2024 694 31 25 be

1426 725 87 36 hoped
1527 727 60 26 that
1600 727 77 27 those
1700 727 147 29 interested
1867 729 55 28 will
1936 730 61 28 take
2011 731 45 27 the

1427 768 98 23 matter
1538 764 26 27 in
1580 764 72 28 hand
1667 770 27 23 at
1708 776 75 17 once.

1536 856 210 28 CORONER'S
1766 857 176 33 INQUEST.

1463 944 182 30 Information
1659 946 116 28 reached
1789 947 79 36 Lyell
1882 958 35 18 on
1941 951 118 33 Sunday,

1432 985 44 27 3rd
1498 985 113 27 instant,
1626 988 28 23 at
1675 985 61 26 9.30
1758 993 77 26 p.m.,
1856 985 61 29 that
1936 997 15 17 a
1973 990 88 26 miner

1431 1023 96 28 named
1543 1022 146 29 Dominico
1710 1023 111 29 Beratto
1835 1023 54 29 had
1902 1028 158 29 committed

1431 1063 101 27 suicide
1562 1062 88 27 under
1680 1063 119 30 peculiar
1840 1064 220 30 circumstances.

1431 1101 56 28 The
1513 1100 127 33 Coroner,
1663 1099 92 28 Frank
1775 1099 75 33 Bird,
1865 1101 76 38 Esq.,
1955 1104 105 30 arrived

1431 1150 32 17 on
1491 1139 172 34 Wednesday
1686 1139 53 26 and
1765 1139 63 28 held
1851 1141 44 27 the
1919 1144 77 26 usual
2020 1144 27 27 in-

1431 1177 86 35 quiry.
1555 1176 57 28 The
1630 1176 75 36 jury,
1719 1175 77 29 John
1820 1178 71 34 Page
1917 1179 141 38 (foreman)

1432 1216 97 36 Henry
1551 1215 89 32 Shaw,
1664 1216 43 26 W.
1731 1215 113 34 Meates,
1867 1218 74 28 John
1962 1220 99 33 Bn>en,

1430 1255 73 27 John
1520 1254 129 28 Melville,
1664 1253 55 28 and
1740 1254 73 28 John
1830 1255 115 29 Roberts
1959 1259 102 28 viewed

1432 1293 43 27 the
1497 1292 81 37 body,
1599 1292 80 27 when
1703 1292 45 28 the
1773 1292 140 39 following
1937 1296 124 29 evidence

1429 1341 55 17 was
1498 1331 134 27 taken:—

1467 1369 115 28 Matilda
1606 1369 130 27 Beratto:
1768 1369 14 27 I
1810 1378 45 20 am
1880 1371 46 29 the
1950 1372 60 29 wife
2035 1374 23 26 ol

1433 1407 143 30 Dominico
1597 1407 112 29 Beratto
1728 1417 61 19 now
1803 1407 77 38 lying
1893 1410 68 30 dead
1975 1411 28 29 in
2015 1412 43 29 the

1430 1451 105 27 cottasfa
1557 1446 150 36 adjoining.
1745 1447 14 26 I
1780 1448 51 27 last
1851 1459 56 17 saw
1922 1451 56 26 him
1994 1452 65 26 alive

1430 1494 34 18 on
1487 1484 114 35 Sunday
1621 1487 28 24 at
1670 1483 132 37 half-past
1822 1485 75 34 eight
1917 1487 101 28 o'clock
2032 1489 27 26 in

1430 1523 46 28 the
1490 1522 126 35 evening.
1654 1521 14 29 I
1688 1531 55 19 was
1756 1522 28 28 in
1800 1523 44 29 the
1858 1524 98 34 Alpine
1971 1527 88 28 Hotel,

1429 1562 54 27 and
1509 1571 55 17 was
1590 1561 110 36 putting
1721 1571 49 25 my
1792 1562 71 37 baby
1877 1569 27 22 to
1917 1564 60 28 bed.
2014 1566 45 35 My

1429 1599 126 29 husband
1569 1608 77 19 came
1660 1599 54 27 and
1727 1599 83 29 asked
1823 1601 42 27 for
1874 1611 74 20 some
1959 1602 101 38 brandy

1430 1639 13 27 I
1457 1647 67 25 gave
1536 1639 22 27 it
1573 1644 28 21 to
1614 1638 58 27 him
1687 1647 29 18 as
1731 1638 44 27 Mr
1795 1639 55 28 and
1874 1640 57 29 Mrs
1952 1642 108 28 Garbett

1429 1686 70 19 were
1512 1686 87 26 away.
1636 1676 45 28 He
1694 1675 84 29 asked
1790 1686 44 19 me
1847 1678 23 27 if
1886 1679 14 27 I
1914 1689 55 18 was
1982 1681 78 35 going

1430 1724 63 19 over
1505 1719 27 25 to
1547 1715 45 28 the
1612 1717 105 32 cottage
1740 1718 28 25 to
1788 1719 52 25 tea.
1877 1717 16 28 I
1913 1718 67 34 said,

1430 1764 65 18 soon
1522 1764 28 17 as
1576 1754 14 27 I
1612 1757 44 29 get
1679 1754 45 27 the
1743 1753 72 37 baby
1837 1760 25 23 to
1883 1757 72 35 sleep
1970 1759 14 26 I
2006 1759 54 26 will

1430 1802 76 19 come
1518 1801 6 25 ;
1544 1801 55 27 you
1611 1802 34 24 go
1658 1792 54 28 and
1727 1792 70 28 have
1808 1803 91 26 yours,
1911 1794 77 31 don't
1999 1797 62 28 wait

1430 1832 42 27 for
1613 1831 44 27 He
1677 1832 58 26 said
1755 1832 34 27 he
1810 1832 46 28 did
1876 1837 48 24 not
1949 1835 50 27 feel
2023 1836 26 26 in-

1431 1870 89 26 clined
1533 1869 41 27 for
1587 1877 63 27 any.
1688 1869 43 27 He
1745 1869 67 27 then
1825 1874 73 24 went
1910 1880 86 29 away,
2009 1872 52 28 and

1431 1908 14 28 I
1469 1907 128 29 attended
1618 1911 27 23 to
1667 1917 48 24 my
1735 1907 83 29 child.
1857 1909 111 38 Shortly
1986 1912 64 28 after-

1430 1947 89 27 wards
1533 1947 13 26 I
1561 1946 84 28 called
1659 1949 27 24 to
1701 1947 67 33 him,
1783 1956 30 18 as
1836 1948 14 26 I
1863 1948 77 28 foun'
1940 1950 8 19 l
1963 1950 34 28 he
2010 1950 52 28 had

1430 1985 83 29 taken
1537 1985 47 28 the
1608 1983 84 30 bottle
1717 1985 30 28 of
1770 1985 104 37 brandy
1899 1988 66 28 with
1996 1989 66 33 him,

1430 2023 87 28 which
1533 2032 55 18 was
1603 2023 90 35 partly
1711 2023 59 28 full.
1808 2025 44 26 He
1865 2026 129 28 returned
2007 2027 53 27 and

1430 2061 118 36 brought
1568 2061 21 27 it
1611 2060 66 27 with
1690 2060 59 29 him
1763 2061 54 28 and
1831 2062 40 28 sai
1881 2062 18 34 1,
1940 2064 85 29 There
2039 2065 22 28 is

1430 2104 49 25 not
1492 2100 82 29 much
1588 2099 65 34 left;
1673 2099 76 30 there
1761 2100 22 29 is
1794 2100 66 40 only
1874 2108 53 24 two
1940 2103 122 30 nobblers

1559 2140 15 26 I
1599 2139 81 27 asked
1702 2140 59 27 him
1783 2140 24 28 if
1825 2141 35 28 he
1873 2152 56 17 was
1944 2143 81 37 going
2038 2147 25 25 to

1431 2178 80 29 drink
1532 2178 71 34 that,
1626 2178 54 28 and
1700 2178 34 29 he
1749 2179 66 35 said,
1860 2181 54 28 Yes
1929 2190 6 25 ;
1955 2182 75 30 there
2041 2183 22 28 is

1431 2222 48 22 not
1499 2218 93 26 much.
1637 2218 58 26 The
1714 2217 85 28 bottle
1822 2220 140 34 produced
1983 2222 23 26 is
2017 2222 46 27 the

1432 2265 50 19 one
1502 2255 34 29 he
1557 2254 73 30 took.
1668 2255 44 28 He
1735 2256 68 28 then
1824 2262 73 24 went
1910 2263 27 24 to
1950 2258 46 30 the
2009 2263 40 26 cot-

1431 2298 71 31 tage.
1538 2294 92 28 About
1651 2295 40 27 six
1710 2304 31 18 or
1759 2305 80 18 seven
1852 2298 119 27 minutes
1985 2298 65 28 after-

1432 2333 88 28 wards
1533 2333 15 28 I
1562 2332 84 29 heaid
1660 2341 15 20 a
1688 2336 91 33 report
1792 2334 61 28 that
1874 2335 125 29 sounded
2011 2336 53 30 like

1432 2381 16 19 a
1460 2381 65 25 gun.
1563 2371 14 28 I
1590 2381 56 18 was
1656 2372 28 26 in
1696 2372 47 27 the
1756 2372 130 29 bedroom
1900 2374 54 27 and
1966 2374 97 29 looked

1432 2413 47 26 out
1502 2409 29 28 of
1547 2409 47 28 the
1616 2409 127 35 window,
1756 2409 48 29 but
1827 2420 56 19 saw
1902 2421 36 18 no
1952 2421 59 20 one.
2050 2413 14 28 I

1433 2449 67 29 then
1512 2452 74 25 went
1607 2452 28 25 to
1656 2448 47 29 the
1716 2448 72 30 front
1802 2449 66 30 door
1883 2451 66 29 with
1963 2452 48 29 the
2023 2452 26 29 in-

1433 2489 105 26 tention
1561 2488 29 27 of
1611 2488 81 35 going
1713 2491 27 24 to
1761 2489 47 27 the
1830 2493 116 28 cottage.
1984 2491 14 26 I
2012 2500 53 19 saw

1434 2529 52 25 two
1511 2535 65 18 men
1601 2525 110 34 coming
1730 2528 28 26 to
1779 2527 47 27 the
1846 2527 84 34 hotel,
1945 2528 120 29 Graham

1434 2563 54 28 and
1502 2564 136 26 Dunstan.
1676 2563 78 35 They
1768 2564 83 28 asked
1870 2575 45 17 me
1927 2566 75 28 what
2013 2576 52 18 was

1434 2601 46 27 the
1505 2604 99 33 report.
1642 2600 15 28 I
1679 2600 59 28 said
1759 2601 14 27 I
1797 2601 89 29 didn't
1904 2602 90 35 know,
2019 2604 46 28 but

1434 2639 118 34 thought
1564 2639 22 27 it
1599 2648 76 18 came
1688 2639 71 27 from
1779 2639 47 28 the
1838 2650 85 24 mine,
1937 2642 55 27 and
2003 2642 62 35 they

1435 2676 58 29 said
1507 2677 21 28 it
1541 2675 81 30 could
1634 2680 49 24 not
1696 2684 77 20 come
1787 2678 71 27 from
1876 2678 47 29 the
1944 2679 74 29 mine
2038 2689 27 19 as

1434 2716 22 27 it
1479 2724 57 19 was
1563 2715 123 35 Sunday.
1723 2715 78 36 They
1824 2716 67 29 then
1916 2717 83 28 asked
2024 2728 42 19 me

1435 2753 89 27 where
1537 2762 57 18 was
1606 2752 153 34 Dominico,
1773 2754 55 26 and
1841 2754 15 27 I
1868 2755 104 36 replied
1980 2757 29 26 in
2018 2757 46 26 the

1436 2793 114 35 cottage.
1587 2790 78 37 Tfeey
1686 2790 144 30 remarked
1850 2792 61 30 that
1923 2793 47 28 the
1984 2794 82 28 sound

1436 2839 56 19 was
1505 2839 64 27 very
1582 2839 74 24 near,
1670 2830 55 27 and
1747 2832 141 34 suspected
1907 2831 61 28 that
1980 2832 23 28 it
2014 2842 53 18 was

1436 2867 156 33 Dominico,
1606 2870 28 25 to
1646 2867 92 29 which
1752 2868 14 27 I
1778 2869 104 36 replied
1895 2869 59 29 that
1966 2870 34 28 he
2015 2870 52 28 had

1435 2916 37 20 no
1494 2916 65 28 gun.
1596 2906 76 37 They
1693 2906 143 38 requested
1855 2917 45 19 me
1923 2912 27 26 to
1971 2919 33 26 go
2017 2910 50 28 and

1437 2956 52 24 see,
1505 2949 47 26 but
1564 2946 15 28 I
1592 2945 80 30 could
1691 2950 48 24 not
1752 2956 30 18 as
1796 2946 15 28 I
1823 2947 78 28 burst
1914 2953 48 24 out
1974 2948 93 37 crying

1436 2985 41 26 for
1491 2985 14 26 I
1518 2985 48 26 felt
1578 2983 163 35 frightened.
1779 2984 14 25 I
1812 2984 81 27 think
1914 2985 15 27 I
1949 2995 57 18 saw
2018 2995 49 21 am

1438 3021 31 29 of
1477 3021 78 29 them
1567 3030 34 27 go
1613 3023 28 27 to
1655 3020 47 30 the
1714 3020 117 30 window
1844 3021 54 29 and
1911 3022 53 29 call
1977 3022 72 29 Domi-

1437 3062 70 27 nico.
1543 3060 51 29 We
1618 3060 70 28 have
1713 3059 69 29 been
1803 3061 119 28 married
1940 3071 51 18 one

1437 3098 54 29 and
1503 3099 94 28 eleven
1610 3098 121 28 months.
1768 3097 50 29 We
1831 3108 70 19 were
1914 3100 118 28 married
2040 3100 28 28 ia

1437 3137 178 35 Wellington,
1645 3136 55 29 and
1730 3136 71 28 have
1826 3139 140 36 generally
1996 3139 72 28 lived

1437 3176 114 36 happily
1563 3178 93 33 except
1670 3175 80 27 when
1766 3175 34 28 he
1819 3176 55 27 had
1887 3180 44 24 too
1945 3177 84 28 much
2044 3180 25 26 tc

1438 3214 88 36 drink,
1540 3213 54 30 and
1614 3213 34 30 lie
1668 3213 67 30 then
1753 3213 55 30 had
1821 3223 65 29 very
1900 3225 82 28 queer
1996 3215 73 30 ideas

1437 3255 30 26 in
1477 3255 44 26 his
1533 3253 80 33 head,
1627 3253 56 27 and
1705 3252 116 29 suffered
1841 3255 71 26 from
1928 3255 141 27 delusions,

1441 3291 43 29 He
1498 3291 49 28 left
1559 3300 44 19 me
1616 3299 35 20 on
1663 3299 31 20 or
1703 3290 82 29 about
1798 3291 46 28 the
1857 3292 41 28 Ist
1912 3292 75 38 May,
1998 3293 71 34 1884,

1439 3331 69 28 after
1518 3340 16 19 a
1545 3330 127 34 drinking
1682 3330 74 28 bout.
1795 3331 14 27 I
1819 3341 68 25 gave
1896 3332 173 28 information

1439 3371 28 26 to
1485 3369 46 27 the
1550 3368 86 36 police
1656 3371 28 24 to
1706 3368 64 27 look
1792 3368 41 28 for
1853 3369 68 34 him,
1944 3370 125 36 thinking

1439 3406 156 36 something
1616 3415 67 27 may
1705 3405 69 29 have
1794 3405 144 38 happened
1957 3411 28 25 to
2006 3408 64 28 him.

1439 3445 57 26 The
1521 3444 87 35 police
1628 3444 121 27 arrested
1770 3444 59 27 him
1859 3446 29 26 in
1918 3446 152 35 Auckland,

1439 3482 89 30 where
1541 3481 34 30 he
1589 3481 54 30 had
1654 3481 82 30 taken
1747 3492 112 28 passage
1869 3484 40 29 for
1921 3484 55 30 San
1989 3485 65 30 Fran-

1441 3524 78 30 cisco,
1533 3522 54 26 and
1606 3522 119 35 brought
1742 3522 60 28 him
1817 3523 68 28 back
1901 3526 27 25 to
1942 3524 113 35 Welling-

1439 3563 57 31 ton,
1522 3559 54 28 and
1607 3559 34 28 he
1666 3568 57 19 was
1746 3559 92 30 bound
1864 3570 65 21 over
1960 3564 27 26 to
2017 3561 54 30 find

1440 3599 114 27 sureties
1575 3608 35 18 on
1630 3598 47 28 the
1697 3599 47 27 sth
1765 3599 73 28 June
1861 3600 29 28 in
1912 3601 45 28 the
1972 3610 61 19 sum
2047 3603 24 26 ol

1442 3638 82 31 £IOO,
1538 3636 90 28 which
1650 3636 37 36 by
1707 3637 78 28 order
1808 3638 29 28 of
1856 3639 46 28 the
1924 3639 84 29 Court
2020 3650 51 19 was

1442 3675 96 33 lodged
1551 3676 29 27 in
1594 3675 45 29 the
1650 3676 80 27 Bank
1738 3676 30 27 of
1778 3676 66 29 New
1855 3678 120 28 Zealand
1985 3682 28 25 to
2025 3689 46 26 my

1441 3712 93 30 credit.
1570 3714 71 27 That
1655 3723 101 26 money
1768 3723 56 19 was
1837 3716 65 36 kept
1916 3716 74 29 there
2003 3718 66 27 with

1441 3752 47 27 the
1510 3752 142 35 exception
1677 3752 31 27 of
1727 3753 65 32 .£lO,
1815 3754 90 28 which
1931 3765 56 18 was
2011 3756 61 37 kept

1441 3789 36 36 by
1501 3789 47 28 the
1573 3789 101 36 lawyer
1695 3790 41 28 for
1757 3790 43 28 his
1820 3791 63 30 fees.
1919 3793 51 29 We
1994 3803 78 20 nevei

1441 3829 72 29 lived
1526 3831 78 34 apart
1617 3829 74 29 sinee
1711 3839 39 20 we
1771 3839 70 22 were
1861 3833 127 29 married.
2026 3834 46 30 We

1442 3878 70 19 were
1537 3869 87 36 living
1648 3879 36 18 on
1704 3870 46 29 the
1778 3871 159 29 Manawatu
1961 3873 111 36 railway

1444 3909 129 25 contract.
1626 3907 46 28 We
1703 3908 49 28 left
1780 3909 167 36 Wellington
1980 3920 36 18 on
2047 3921 25 18 oi

1444 3944 82 31 about
1539 3945 49 29 3rd
1603 3945 168 38 September,
1787 3947 75 34 1884,
1876 3948 41 28 for
1930 3949 143 36 Westport,

1444 3984 99 29 Before
1557 3985 109 35 leaving
1680 3985 13 28 I
1707 3985 64 28 took
1790 3985 47 29 the
1859 3996 101 28 money
1982 3992 48 25 out
2052 3991 21 26 oi

1444 4024 45 29 the
1511 4024 83 32 bank,
1618 4025 65 34 .£B4,
1705 4025 55 28 and
1782 4035 66 25 gave
1870 4027 21 28 it
1913 4030 27 25 to
1954 4037 47 27 my
2013 4027 45 29 hus-

1444 4064 82 29 band.
1563 4064 50 29 We
1627 4064 106 29 arrived
1746 4064 27 28 in
1785 4066 136 37 Westport
1934 4067 55 28 and
1999 4067 75 28 could

1445 4107 48 25 not
1505 4107 60 24 rent
1578 4113 16 17 a
1608 4106 114 31 cottage,
1737 4104 54 27 and
1813 4113 44 27 my
1871 4104 125 29 husband
2010 4106 64 28 buill

1446 4151 50 17 one
1510 4141 89 27 which
1614 4144 58 24 cost
1686 4142 54 26 £39
1752 4149 6 25 ;
1781 4141 34 28 he
1837 4142 88 28 added
1948 4150 89 22 extras
2051 4149 23 23 tc

1445 4179 22 29 it
1491 4179 159 29 afterwards
1674 4179 90 29 which
1790 4180 90 28 would
1904 4187 115 23 amount
2050 4186 24 24 to

1446 4218 82 27 about
1551 4219 64 27 £oo.
1663 4217 47 34 My
1731 4217 126 29 husband
1877 4219 66 29 then
1967 4220 48 28 left
2039 4221 35 28 foi

1449 4256 86 39 Lyell,
1560 4255 55 31 and
1639 4255 15 30 I
1679 4257 121 29 received
1825 4262 53 26 two
1909 4259 165 38 satisfactory

1447 4297 92 26 letters
1563 4297 71 26 from
1659 4296 67 32 him,
1752 4297 54 26 and
1837 4299 82 26 about
1938 4309 16 16 a
1978 4300 97 26 month

1448 4333 157 29 afterwards
1627 4344 51 18 one
1698 4344 65 27 very
1776 4336 220 39 unsatisfactory.
2036 4338 39 29 Ur

1449 4377 27 24 to
1489 4373 60 28 that
1561 4374 65 27 time
1640 4373 34 28 he
1688 4373 54 28 had
1763 4379 60 22 sent
1846 4385 44 18 me
1912 4386 35 19 no
1968 4387 107 26 money.

1449 4413 35 26 In
1508 4412 46 27 the
1574 4412 53 26 last
1648 4412 80 27 letter
1749 4412 34 27 he
1806 4415 88 26 stated
1917 4415 33 27 he
1964 4424 55 19 was
2032 4421 44 22 not

1449 4450 137 36 drinking,
1601 4450 52 27 and
1666 4450 23 26 if
1708 4450 13 26 I
1736 4450 46 27 did
1796 4455 45 23 not
1855 4452 104 29 trouble
1974 4453 57 28 him
2046 4454 30 28 lit

1449 4489 89 29 would
1561 4488 67 30 send
1649 4499 74 19 some
1745 4499 101 28 money
1867 4501 82 27 every
1973 4493 103 29 month,

1449 4528 54 27 and
1527 4528 22 26 if
1567 4529 14 25 I
1604 4528 46 26 did
1670 4528 32 26 he
1716 4528 90 26 would
1819 4530 66 26 send
1898 4540 44 17 me
1956 4532 120 35 nothing,

1449 4566 44 27 He
1507 4565 57 28 also
1578 4565 58 27 said
1649 4565 34 26 he
1697 4565 34 26 he
1747 4564 44 29 did
1806 4569 48 25 not
1867 4567 94 27 intend
1975 4573 87 23 return-

1449 4603 55 33 ing,
1527 4612 30 18 as
1576 4612 40 17 we
1637 4602 46 27 did
1708 4609 48 20 not
1779 4613 88 22 agree,
1881 4605 54 26 and
1958 4607 13 25 I
1992 4607 54 26 had
2067 4617 9 17 n

1449 4640 176 28 comfortable
1651 4639 89 28 home.
1789 4643 42 26 On
1856 4642 100 37 receipt
1980 4645 29 27 of
2035 4645 42 28 the

1449 4680 79 27 letter
1547 4679 116 28 referred
1684 4685 27 21 to
1734 4680 13 26 I
1770 4684 84 23 wrote
1872 4681 45 28 the
1932 4683 78 27 letter
2022 4693 42 26 pro-

1450 4717 95 27 duced.
1582 4717 128 32 Through
1731 4717 43 27 his
1794 4718 106 34 neglect
1922 4720 12 26 I
1962 4727 70 21 weut
2055 4726 22 22 tc

1450 4756 46 27 the
1511 4756 84 26 Court
1608 4755 41 27 for
1662 4754 103 34 advice,
1780 4756 52 27 and
1847 4767 15 17 a
1876 4766 142 21 summons
2027 4767 50 20 was

1449 4794 91 27 issued
1552 4794 42 27 for
1607 4794 202 27 maintenance.
1846 4795 44 27 He
1910 4805 77 19 came
2002 4798 75 27 down

1451 4838 26 22 to
1498 4832 148 37 Westport,
1670 4831 55 29 and
1749 4833 134 37 appeared
1909 4843 66 30 very
2000 4836 77 30 much

1450 4876 50 32 put
1513 4877 47 23 out
1573 4873 60 27 tliat
1648 4872 13 27 I
1682 4872 98 27 should
1803 4873 66 28 send
1891 4874 58 28 him
1971 4886 16 16 a
2009 4887 52 16 sum-

1453 4919 87 17 mons.
1578 4910 13 25 I
1606 4909 45 27 did
1670 4914 49 21 not
1731 4918 33 24 go
1778 4913 28 24 to
1819 4911 92 31 Court,
1925 4911 48 28 but
1987 4913 91 28 settled

1453 4948 45 28 the
1511 4957 60 19 case
1585 4948 136 36 amicably
1734 4948 55 28 and
1802 4959 76 19 came
1889 4956 27 23 to
1928 4951 75 36 Lyell
2017 4953 61 28 witl:

1452 4987 60 27 him
1524 4988 85 26 about
1630 4987 150 27 December
1801 4988 73 27 lGtli.
1917 4989 107 35 During
2038 4991 41 28 the

1452 5025 126 37 holidays
1592 5025 33 28 he
1639 5025 50 28 has
1702 5024 68 29 been
1779 5025 128 37 drinking
1916 5038 65 27 very
1991 5029 88 29 much,

1453 5065 49 27 but
1526 5065 73 27 since
1626 5065 65 27 New
1714 5064 96 28 Year's
1832 5066 61 35 Day
1916 5066 34 28 he
1968 5068 57 27 had
2038 5073 41 22 not

1452 5102 68 28 been
1534 5102 135 34 drinking.
1706 5102 90 28 About
1818 5103 167 36 September,
2006 5107 73 32 1835,

1453 5141 33 28 he
1500 5141 122 28 received
1635 5151 15 18 a
1664 5142 79 27 letter
1762 5142 68 30 from
1850 5142 43 29 his
1912 5143 90 29 father
2014 5145 65 28 from

1430 5180 4 35 i
1453 5180 82 35 Italy.
1573 5180 57 27 The
1652 5181 78 26 letter
1751 5180 24 27 is
1796 5181 59 28 lost.
1893 5182 28 27 It
1933 5184 109 25 seemed
2055 5189 24 21 to

1430 5209 4 46 '
1453 5227 66 28 prey
1533 5226 35 19 on
1581 5217 43 28 his
1637 5217 87 28 mind.
1759 5218 44 28 He
1817 5228 83 19 never
1912 5219 56 29 told
1984 5230 41 19 me
2040 5221 40 29 the

1430 5252 4 43 I
1453 5261 134 25 contents.
1624 5257 44 28 He
1693 5268 56 17 was
1773 5259 33 27 34
1830 5268 79 26 years
1928 5260 29 27 of
1976 5271 57 24 age.
2072 5262 8 26 J

1431 5292 4 37 j
1454 5296 69 26 have
1536 5305 51 17 one
1597 5295 83 32 child,
1689 5297 32 25 12
1731 5296 112 26 months
1854 5297 53 30 old,
1919 5307 14 16 a
1943 5298 137 31 daughter,

1489 5334 42 36 By
1544 5332 45 30 the
1603 5333 135 29 Coroner:
1761 5333 47 29 We
1830 5334 56 29 had
1908 5344 34 21 no
1964 5337 122 37 quarrels

1454 5373 74 27 since
1542 5372 108 33 leaving
1663 5374 147 33 Westport.
1849 5374 14 25 I
1883 5376 64 33 only
1968 5376 67 27 tried
2059 5381 27 22 to

1454 5410 67 37 keep
1535 5410 58 28 him
1612 5410 70 29 from
1696 5410 136 35 drinking.
1870 5412 42 28 On
1936 5412 46 29 the
2004 5413 80 36 night

1455 5450 29 29 of
1492 5451 47 28 the
1559 5450 66 28 30th
1648 5450 150 28 December
1814 5451 33 28 he
1862 5451 83 29 asked
1958 5452 41 29 for
2012 5464 75 18 some

1455 5489 106 34 brandy
1583 5489 80 26 when
1686 5491 28 24 in
1733 5489 61 31 bed,
1810 5489 96 36 saying
1920 5490 59 27 that
1992 5491 33 28 he
2041 5492 47 27 felt

1457 5527 52 31 like
1523 5537 15 18 a
1553 5526 69 29 dead
1639 5536 75 19 man.
1752 5527 14 27 I
1785 5527 134 36 procured
1932 5529 21 27 it
1965 5530 41 26 for
2019 5529 68 28 him.

1458 5566 42 26 He
1514 5565 107 28 seemed
1636 5566 73 34 quite
1723 5565 86 28 sober.
1848 5566 13 27 I
1872 5567 65 35 only
1950 5577 67 23 gave
2030 5568 58 27 him

1456 5614 51 19 one
1515 5603 88 30 small
1616 5604 79 38 glass.
1735 5603 88 30 When
1835 5605 115 37 nursing
1962 5605 45 30 the
2018 5605 70 39 baby

1456 5646 28 26 in
1497 5645 50 28 bed
1564 5645 14 28 I
1592 5645 83 28 heard
1695 5645 58 28 him
1775 5656 48 25 say
1843 5652 27 21 to
1893 5646 49 28 her
2021 5657 68 25 your

1458 5684 107 26 mother
1589 5683 65 27 does
1677 5687 48 24 not
1749 5683 80 34 bring
1853 5693 43 17 me
1921 5685 88 27 round
2036 5685 53 27 I'm

1627 5721 89 29 When
1737 5722 26 27 in
1787 5722 137 36 Westport
1945 5723 13 27 I
1973 5732 54 19 saw
2041 5724 48 27 Dr.

1458 5760 107 35 Thorpe
1578 5761 28 27 in
1622 5760 136 28 reference
1771 5767 28 21 to
1813 5770 47 18 mv
1875 5760 150 29 husband..
2047 5763 42 26 He

1457 5798 99 28 visited
1569 5798 69 33 him,
1648 5798 54 28 and
1714 5798 151 36 prescribed
1874 5809 74 18 some
1959 5800 130 28 medicine

1457 5837 40 26 for
1512 5836 65 33 him,
1592 5837 89 27 which
1702 5837 33 27 he
1750 5836 73 28 took.
1861 5837 48 27 Dr.
1923 5838 108 36 Thorpe
2045 5848 30 26 ap-

1457 5875 99 35 peared
1578 5882 26 21 to
1623 5875 70 29 have
1715 5875 98 28 doubts
1835 5885 29 18 as
1886 5879 27 25 to
1937 5875 42 29 his
1992 5878 97 32 sanity,

2091 228 43 29 for
2147 228 33 29 lie
2194 229 57 30 told
2267 239 42 20 me
2330 231 21 28 if
2370 235 28 26 at
2420 242 54 27 any
2496 233 65 30 time
2584 235 13 29 I
2619 236 107 30 noticed

2091 269 137 33 anything
2241 275 108 31 strange
2365 271 27 28 in
2416 274 41 25 his
2478 283 116 19 manner
2607 281 27 21 to
2650 287 76 17 come

2092 307 53 27 and
2171 307 47 28 tell
2244 308 57 28 him
2326 313 28 24 at
2378 320 75 19 once.
2491 312 58 29 The
2572 317 106 31 cottage
2697 315 28 28 in

2093 345 138 38 West-port
2256 348 23 27 is
2303 348 42 29 his
2372 357 128 30 property
2525 352 64 29 still,
2619 354 53 28 and
2704 356 22 28 is

2092 386 95 27 rented
2201 391 28 22 at
2243 386 38 37 G/-
2298 397 45 27 per
2353 389 84 27 week.
2476 391 43 28 lie
2533 391 55 28 had
2601 402 35 19 no
2650 394 78 29 other

2092 429 129 32 property
2234 429 28 25 to
2276 435 48 28 my
2337 426 168 37 knowledge.

2128 463 197 29 lie-examined
2335 466 35 35 by
2381 468 44 27 the
2439 468 89 29 Police
2539 478 5 19 :
2559 470 48 28 Dr.
2619 472 107 37 Thorpe

2093 511 67 25 gave
2174 502 57 27 hiin
2251 503 178 30 instructions
2447 514 48 22 not
2508 513 27 24 to
2547 509 79 30 drink
2641 515 26 24 at
2681 511 45 29 all.

2128 541 35 28 Jo
2167 551 36 18 on
2217 542 121 29 Graham
2352 551 6 20 ;
2380 544 13 28 I
2407 555 45 19 am
2466 557 15 17 a
2497 548 97 35 miner,
2609 551 119 34 residing

2094 584 28 23 at
2151 581 149 27 Zalatown.
2350 583 13 25 I
2384 584 127 30 recollect
2532 587 47 28 the
2599 590 80 33 night
2701 591 29 25 of

2095 617 113 39 Sunday
2229 619 60 28 last.
2327 620 14 28 I
2363 620 83 31 heard
2469 635 16 17 a
2507 625 60 30 shot
2591 627 82 30 about
2694 631 34 27 40

2096 658 118 29 minutes
2237 664 60 30 past
2319 661 75 33 eight
2416 673 15 16 o
2572 667 13 25 I
2612 669 115 32 thought

2095 697 21 25 it
2137 706 55 17 was
2213 697 70 26 close
2304 701 27 24 to
2351 699 137 28 Garbett's
2501 703 81 26 hotel.
2622 705 12 26 I
2650 715 76 17 came

2095 739 46 21 out
2156 735 25 26 of
2196 743 46 26 my
2256 735 74 35 place
2345 737 53 27 and
2413 739 84 27 asked
2518 749 47 25 my
2586 742 140 36 neighbor,

2097 772 135 32 Dunstan,
2258 774 23 26 if
2302 774 34 27 lie
2362 775 55 27 had
2439 776 84 29 heard
2547 779 45 28 the
2606 780 70 29 shot.
2714 782 13 27 I

2097 810 83 29 nsked
2204 810 58 30 him
2287 812 90 30 where
2403 814 34 28 he
2462 816 120 35 tliought
2606 819 20 28 it
2651 830 77 19 came

2096 850 79 32 from,
2190 850 52 27 and
2265 851 33 27 he
2322 853 100 34 replied
2443 854 70 28 close
2536 859 27 23 to
2585 857 46 27 the
2644 858 82 27 hotel.

2097 888 48 27 We
2166 897 77 18 came
2265 889 89 33 down,
2370 891 53 26 and
2446 892 12 26 I
2481 892 58 28 said
2561 894 52 27 tall
2634 900 46 22 out
2701 901 27 22 to

2097 925 154 28 Dominico.
2295 927 43 28 He
2361 928 46 27 did
2427 939 38 21 so,
2487 930 49 27 but
2558 937 46 27 got
2624 941 36 19 no
2681 943 31 18 an-

2097 973 76 18 swer.
2211 965 49 26 We
2278 965 66 27 then
2366 976 77 18 came
2457 968 57 27 into
2528 969 45 27 the
2588 970 73 28 hotel
2675 972 53 26 and

2097 1011 55 18 saw
2176 1002 56 28 Mrs
2255 1003 120 35 Beratto,
2397 1005 53 27 and
2473 1006 81 29 asked
2570 1007 49 29 her
2639 1009 23 28 if
2681 1010 47 28 she

2097 1041 54 27 had
2166 1041 83 27 heard
2262 1052 16 17 a
2291 1043 70 27 shot.
2400 1045 54 26 She
2469 1046 56 27 saul
2539 1047 46 27 she
2599 1047 64 32 had,
2675 1050 53 26 and

2098 1079 116 34 thought
2229 1080 19 26 it
2262 1089 54 17 was
2330 1082 28 26 in
2372 1081 46 28 the
2438 1084 82 27 mine.
2558 1085 14 26 I
2585 1085 84 28 asked
2682 1086 48 28 her

2098 1124 27 22 to
2151 1128 33 25 go
2210 1127 64 19 over
2296 1123 27 24 to
2346 1120 46 28 the
2416 1125 105 30 cottage
2542 1124 54 27 and
2616 1135 43 18 see
2672 1125 23 28 if
2710 1126 20 27 it

2098 1165 77 18 came
2196 1156 71 27 from
2288 1157 84 31 there,
2386 1159 53 27 and
2460 1160 47 27 she
2522 1162 90 27 would
2626 1166 48 24 not
2686 1172 43 25 go.

2098 1193 48 30 but
2159 1193 77 30 burst
2249 1200 46 23 out
2309 1197 103 34 crying.
2486 1209 13 18 e
2513 1199 45 29 did
2572 1205 47 25 not
2628 1212 32 26 go
2672 1203 58 27 into

2098 1233 47 27 the
2159 1238 115 31 cottage.
2313 1235 48 27 We
2375 1236 45 27 did
2433 1238 117 32 nothing
2559 1249 85 24 more,
2653 1242 61 26 hear-

2098 1271 48 36 ing
2180 1272 46 27 the
2252 1273 140 28 Garbett's
2416 1278 150 35 returning,
2593 1287 39 19 we
2659 1284 73 24 went

2099 1310 91 27 home.

2133 1348 44 35 By
2191 1348 45 28 the
2250 1350 135 29 Coroner:
2406 1352 14 27 I
2434 1352 78 29 know
2532 1354 46 28 the
2602 1355 128 29 deceased

2099 1386 119 36 slightly.
2257 1388 14 28 I
2297 1399 56 19 saw
2380 1391 58 29 him
2464 1402 35 19 on
2526 1393 122 39 Sunday.
2686 1397 44 28 He

2099 1436 56 18 was
2168 1427 130 37 perfectly
2311 1429 85 31 sober,
2410 1430 48 29 but
2472 1435 133 33 appeared
2619 1435 112 28 excited.

2100 1465 14 24 I
2137 1465 69 26 have
2229 1475 64 17 seen
2314 1466 46 27 the
2382 1468 71 35 body
2476 1471 81 30 since,
2572 1471 48 28 but
2633 1478 99 22 cannot

2100 1501 117 38 identify
2234 1502 23 29 it
2278 1513 29 18 as
2329 1504 144 31 Beratto's.
2511 1508 56 28 The
2587 1509 69 29 head
2678 1520 55 19 was

2101 1541 164 36 completely
2279 1544 108 27 severed
2401 1545 71 27 from
2481 1546 46 28 the
2538 1547 79 38 body.
2655 1550 14 26 I
2679 1560 53 17 saw

2099 1579 46 27 the
2159 1579 120 28 remains
2292 1582 26 25 ot
2331 1581 42 28 his
2387 1583 71 28 head
2469 1587 132 27 scattered
2611 1596 65 20 over
2686 1588 46 28 the

2098 1626 87 19 room.
2223 1619 39 28 To
2283 1619 46 28 the
2350 1619 59 30 best
2422 1623 29 26 of
2471 1632 47 27 my
2530 1624 83 29 belief
2626 1626 13 27 I
2653 1626 81 28 think

2100 1654 43 29 his
2157 1656 72 27 head
2248 1666 57 18 was
2326 1658 89 28 blown
2429 1670 77 26 away
2519 1662 37 36 by
2567 1672 15 19 a
2596 1664 97 36 charge
2707 1665 28 28 of

2100 1693 151 36 dynamite.
2288 1696 15 26 I
2325 1696 118 35 thought
2462 1704 27 23 at
2512 1699 60 30 first
2584 1701 46 28 the
2643 1706 92 33 report

2100 1733 13 26 I
2134 1732 85 30 heard
2243 1743 77 19 came
2340 1739 70 25 irom
2432 1747 16 18 a
2469 1748 65 26 gun,
2547 1739 50 29 but
2615 1729 67 40 now'
2690 1743 28 27 be-

2100 1771 67 27 lieve
2180 1771 21 28 it
2215 1781 56 18 was
2285 1773 150 35 dynamite.

2135 1809 99 37 Henry
2247 1810 142 31 Garbettt:
2409 1814 15 27 I
2443 1824 45 18 am
2502 1825 35 19 an
2551 1816 182 38 hotelkeeper,

2100 1848 120 34 residing
2245 1852 27 23 at
2298 1850 149 29 Zalatown.
2498 1854 14 25 I
2537 1856 127 27 recollect
2688 1856 46 28 the

2101 1884 79 37 night
2194 1886 30 28 of
2233 1886 114 38 Sunday
2360 1887 61 34 last,
2431 1889 47 30 3rd
2492 1891 134 39 January.
2663 1894 53 29 Dur-

2100 1924 47 33 ing
2161 1924 46 28 the
2221 1926 53 35 day
2288 1926 14 27 I
2325 1927 55 28 had
2399 1928 70 29 been
2490 1931 96 28 absent
2607 1938 28 22 at
2657 1934 78 35 Lyell

2100 1962 67 28 with
2190 1973 49 27 my
2260 1964 70 29 wife.
2367 1966 50 28 We
2438 1977 76 20 came
2528 1969 82 30 home
2624 1971 83 29 about
2720 1982 15 18 a

2102 2006 111 31 quarter
2223 2007 62 30 past
2293 2004 65 27 nine
2369 2006 112 28 o'clock.
2518 2008 42 27 On
2575 2018 49 22 Qur
2636 2011 99 27 arrival

2102 2039 14 26 1
2130 2049 55 18 saw
2199 2040 138 35 Dunstan,
2351 2042 122 29 Graham
2485 2046 54 27 and
2554 2046 57 28 Mrs
2624 2047 112 30 Beratto

2102 2077 129 37 standing
2243 2088 67 20 near
2324 2083 28 26 to
2365 2080 47 30 the
2432 2082 85 31 hotel.
2554 2085 78 38 They
2654 2086 83 31 asked

2101 2127 44 18 me
2168 2117 23 28 if
2210 2119 14 26 I
2248 2118 54 29 had
2326 2120 85 28 heard
2432 2122 46 28 tLe
2498 2129 91 31 report
2602 2126 30 26 of
2642 2136 15 17 a
2670 2136 65 25 gun.

2102 2155 14 29 I
2139 2156 104 38 replied
2264 2157 61 30 that
2345 2159 14 28 I
2380 2159 55 30 had
2458 2165 58 26 not.
2553 2163 58 30 Mrs
2624 2165 113 30 Beratto

2102 2195 59 28 said
2182 2197 60 27 that
2267 2197 148 30 Dominico
2427 2200 56 28 had
2495 2202 69 27 been
2577 2213 66 26 very
2656 2214 81 27 queer

2102 2233 38 28 all
2163 2233 62 37 day,
2239 2234 54 29 and
2315 2235 14 28 I
2351 2236 84 29 asked
2457 2239 90 29 where
2568 2241 34 29 he
2620 2251 65 20 was.
2723 2243 14 29 I

2102 2272 166 29 understood
2281 2274 49 28 her
2342 2278 28 25 to
2384 2286 48 26 say
2445 2277 34 28 he
2492 2288 57 19 was
2561 2281 29 26 in
2613 2281 47 27 the
2682 2286 41 24 cot-

2102 2314 72 32 tage,
2188 2312 54 27 and
2256 2312 15 27 I
2284 2312 67 29 then
2365 2314 83 29 asked
2467 2317 91 28 where
2577 2318 48 29 the
2646 2323 92 34 report

2104 2359 76 19 came
2204 2350 81 35 from,
2311 2352 55 28 and
2391 2353 66 37 they
2476 2355 59 28 said
2557 2357 22 28 it
2598 2368 56 17 was
2673 2368 65 18 near

2104 2387 73 28 here.
2214 2388 15 28 I
2243 2388 66 28 then
2324 2390 59 28 said
2395 2391 15 27 I
2427 2393 98 28 should
2546 2394 100 38 hardly
2659 2396 80 29 think

2104 2425 34 30 he
2152 2426 56 29 had
2221 2427 77 29 made
2312 2437 79 30 away
2414 2431 67 30 with
2504 2432 120 31 himself.
2662 2435 77 38 They

2104 2465 83 29 asked
2210 2475 44 20 me
2276 2467 24 28 if
2319 2468 77 29 there
2417 2479 57 19 was
2493 2481 50 27 an}
2561 2474 136 28 revolvers
2709 2485 30 18 or

2104 2512 70 27 guns
2196 2504 93 34 about,
2303 2506 55 28 and
2378 2507 15 28 I
2413 2508 59 28 told
2491 2510 77 28 them
2588 2512 79 28 there
2684 2522 55 19 was

2104 2545 48 24 not
2179 2543 67 27 such
2268 2553 16 18 a
2305 2544 80 35 thing
2397 2555 35 18 on
2445 2547 47 28 the
2505 2548 60 28 hill.
2601 2550 138 32 Dunstan,

2105 2578 133 34 Graham,
2252 2580 106 37 Candy,
2372 2583 55 28 and
2440 2586 104 35 myself
2562 2592 73 24 went
2649 2592 27 24 to
2693 2588 46 28 the

2105 2620 116 31 cottage.
2271 2620 81 28 Some
2378 2622 30 26 of
2429 2631 33 18 us
2486 2628 75 24 went
2584 2625 38 33 in,
2645 2627 55 27 and
2726 2627 13 27 I

2105 2655 108 27 noticed
2227 2656 147 29 Dominico
2387 2658 112 30 Beratto
2516 2662 77 36 lying
2606 2672 35 19 on
2654 2673 16 19 a
2683 2664 56 29 sofa

2105 2693 88 28 under
2206 2693 47 29 the
2266 2695 127 35 window,
2407 2698 67 29 with
2488 2699 43 29 his
2544 2700 71 29 head
2629 2703 109 28 severed

2106 2731 71 27 from
2191 2731 43 28 his
2253 2733 82 35 body.
2372 2735 88 29 There
2482 2747 56 18 was
2551 2748 16 18 a
2580 2740 80 27 smell
2672 2750 30 18 as
2715 2740 25 28 oi

2107 2768 142 35 dynamite
2262 2771 29 26 in
2304 2771 47 28 the
2364 2781 86 20 room.
2487 2774 15 28 I
2522 2776 67 28 then
2608 2782 75 24 went
2695 2782 45 24 out

2106 2806 55 28 and
2182 2807 97 29 locked
2303 2809 46 28 the
2370 2810 75 34 door,
2459 2813 56 29 and
2536 2820 61 24 sent
2615 2816 75 29 word
2714 2820 26 25 to

2105 2844 47 28 the
2165 2846 86 35 police
2271 2848 102 28 station
2385 2853 28 24 at
2426 2849 89 37 Lyell.

2141 2883 44 37 By
2192 2882 46 30 the
2249 2884 136 31 Coroner:
2399 2888 15 28 I
2422 2888 71 31 have
2502 2889 102 32 known
2613 2893 127 31 deceased

2107 2921 84 29 about
2203 2924 16 26 4
2231 2933 89 26 years.
2356 2926 69 29 Last
2437 2928 172 40 Wednesday
2626 2934 114 35 evening

2107 2960 46 27 the
2168 2961 66 28 30tli
2246 2962 160 34 December,
2417 2966 111 28 Beratto
2540 2978 55 18 was
2606 2970 73 31 lu>re,
2688 2972 52 24 and

2107 2997 99 34 played
2231 3006 17 17 a
2272 3008 81 24 game
2374 3002 32 25 of
2421 3002 131 36 draughts
2576 3004 42 28 for
2636 3013 87 21 amuse-

2108 3037 83 32 ment,
2217 3034 90 31 which
2332 3036 35 30 he
2385 3038 62 34 lost,
2467 3041 55 29 and
2544 3042 66 30 then
2631 3043 110 31 became

2108 3081 67 28 very
2199 3075 114 27 excited.
2352 3076 43 28 He
2414 3079 92 28 struck
2528 3080 43 29 his
2592 3083 72 33 wife,
2688 3083 53 28 and

2108 3121 67 27 gave
2189 3111 50 31 her
2251 3122 16 20 a
2281 3114 94 30 smack
2396 3125 36 20 on
2451 3117 47 30 the
2517 3118 78 36 back,
2609 3121 55 29 and
2676 3121 65 30 then

2109 3150 83 28 asked
2204 3152 41 27 for
2254 3152 43 27 his
2308 3153 49 27 hat
2370 3155 54 27 and
2434 3157 37 26 <£l
2481 3157 33 27 he
2525 3158 55 27 had
2591 3159 81 34 given
2685 3161 56 33 her,

2109 3188 54 29 and
2188 3188 67 29 then
2279 3190 69 34 said,
2620 3198 55 29 and
2700 3199 42 30 his

2109 3227 61 29 wife
2192 3229 59 28 said
2395 3233 55 28 and
2474 3234 56 29 kiss
2549 3246 71 25 your

2111 3265 53 28 and
2195 3266 34 27 he
2260 3267 124 37 refused;
2412 3270 67 39 they
2511 3273 55 29 had
2596 3279 49 25 not
2675 3276 67 29 been

2110 3305 155 38 quarreling
2286 3305 99 40 during
2406 3309 46 31 the
2477 3312 125 38 evening,
2628 3315 49 29 but
2699 3326 29 26 ap-

2109 3345 100 33 peared
2233 3354 67 26 very
2325 3347 111 36 happy;
2455 3350 35 27 he
2515 3352 66 27 then
2605 3353 60 33 left,
2691 3355 51 27 and

2110 3382 128 28 returned
2261 3392 35 19 on
2311 3384 135 39 Saturday
2459 3388 67 29 with
2544 3389 43 29 his
2599 3391 77 34 wife;
2697 3392 45 28 she

2111 3420 102 35 having
2237 3429 70 25 gone
2332 3432 79 26 away
2435 3429 27 24 to
2488 3427 73 27 fetch
2586 3428 69 27 him.
2700 3430 42 27 He

2111 3458 95 37 stayed
2219 3458 65 33 here
2298 3468 35 20 on
2349 3460 136 40 Saturday
2498 3464 80 38 night
2591 3469 28 27 to
2632 3466 45 30 the
2686 3467 56 30 best

2111 3497 31 28 of
2168 3507 49 26 my
2246 3498 88 29 belief.
2372 3501 14 27 I
2417 3511 55 19 was
2495 3504 94 28 absent
2615 3511 28 23 at
2667 3507 76 36 Lyell

2111 3535 75 27 then.

2146 3573 112 30 Charles
2267 3575 122 30 Bowden
2401 3585 5 21 :
2427 3578 15 28 I
2453 3589 45 19 am
2511 3591 17 18 a
2542 3583 130 28 mounted
2683 3593 45 19 con-

2112 3613 86 28 stable
2222 3614 30 28 of
2269 3615 97 36 police,
2380 3618 137 29 stationed
2531 3624 27 24 at
2577 3622 89 35 Lyell.
2704 3623 39 28 On

2113 3651 112 38 Sunday
2249 3653 81 37 night
2353 3654 47 29 the
2425 3658 65 28 23rd
2510 3658 133 37 January,
2665 3664 28 26 at
2714 3663 30 27 1C

2112 3691 111 33 o'clock,
2236 3700 78 26 p.m.,
2326 3693 73 28 Zova
2413 3695 96 37 Candy
2522 3699 124 34 reported
2658 3704 27 23 at
2698 3709 46 27 my

2112 3729 76 28 office
2212 3730 60 28 that
2291 3731 147 30 Dominico
2457 3734 113 29 Berotto
2589 3736 55 29 had
2657 3738 87 28 blown

2112 3767 43 27 his
2168 3768 71 27 head
2252 3768 44 31 off,
2316 3768 34 28 he
2363 3769 127 36 thought,
2504 3773 66 28 with
2594 3774 150 37 dynamite,

2112 3810 28 24 at
2161 3806 149 29 Zalatown.
2348 3807 14 29 I
2383 3811 27 27 at
2435 3820 67 20 once
2523 3812 48 29 left
2591 3813 54 30 and
2670 3825 74 19 came

2113 3845 73 33 here,
2201 3850 72 24 went
2286 3851 28 24 to
2330 3848 43 28 the
2387 3855 115 29 cottage,
2516 3852 95 29 shewn
2624 3864 53 24 me,
2692 3855 52 28 and

2114 3894 55 18 saw
2184 3885 144 27 Dominico
2342 3886 112 29 Berotta
2467 3890 78 34 lying
2557 3900 35 17 on
2606 3892 42 26 his
2667 3893 77 32 back,

2114 3931 34 18 on
2173 3931 16 18 a
2213 3923 86 27 couch
2325 3923 88 29 under
2432 3926 44 27 the
2499 3927 125 34 window,
2647 3929 29 29 in
2700 3930 44 28 the

2097 3961 1 41 1
2113 3961 74 28 front
2208 3970 77 19 room
2298 3970 6 25 ;
2325 3962 34 28 he
2378 3973 56 18 was
2452 3965 69 37 fully
2540 3966 118 30 dressed.
2695 3969 49 27 His

2114 3999 49 29 hat
2175 4010 56 17 was
2243 4000 76 37 lying
2332 4011 34 18 on
2381 4012 16 19 a
2410 3996 170 43 chair,'near
2592 4006 46 30 the
2652 4008 93 34 couch,

2115 4039 53 28 and
2194 4039 43 28 his
2262 4039 69 30 head
2358 4050 54 20 was
2443 4045 133 27 scattered
2607 4056 64 18 over
2701 4048 44 27 the

2114 4088 86 19 room.
2238 4079 13 27 I
2265 4079 131 30 searched
2418 4082 45 28 the
2477 4083 70 36 body
2560 4093 6 25 ;
2585 4085 27 27 in
2632 4086 44 27 his
2690 4092 55 22 vest

2114 4117 97 35 pocket
2236 4118 14 26 I
2270 4118 85 27 found
2376 4119 46 27 the
2445 4122 88 26 watch
2559 4123 147 35 produced,
2727 4125 18 26 it

2116 4163 54 20 was
2195 4155 132 34 working,
2353 4156 57 30 also
2435 4168 16 18 a
2475 4168 90 27 purse,
2591 4161 155 38 containing

2115 4194 77 27 three
2206 4204 51 17 one
2268 4195 90 34 pound
2369 4200 86 29 notes,
2467 4207 51 18 one
2527 4199 219 37 half-sovereign,

2116 4231 54 29 and
2183 4241 81 20 seven
2278 4232 124 39 shillings
2416 4234 28 30 iu
2458 4236 89 37 silver,
2567 4237 57 30 also
2646 4239 100 34 sundry

2116 4283 105 26 papers.
2258 4273 35 27 In
2315 4274 46 27 the
2384 4276 48 28 left
2453 4276 75 29 hand
2547 4278 99 35 pocket
2667 4279 30 27 of
2707 4271 39 35 his

2116 4315 60 23 coat
2200 4311 15 26 I
2239 4311 86 28 found
2347 4312 46 28 the
2415 4314 75 35 piece
2512 4314 30 29 of
2558 4316 106 34 candle,
2688 4326 44 27 pro-

2116 4349 96 35 duced,
2236 4349 54 30 and
2312 4360 26 19 in
2354 4351 45 29 the
2418 4353 86 29 inside
2525 4355 97 36 pocket
2642 4366 15 18 a
2680 4362 53 23 cart-

2116 4389 74 34 ridge
2212 4390 29 27 of
2252 4389 142 35 dynamite
2415 4394 102 33 capped
2539 4394 55 26 and
2612 4394 85 28 fused.
2735 4396 11 26 I

2116 4427 56 27 also
2198 4427 84 27 found
2306 4427 86 36 pipes,
2413 4429 120 32 tobacco,
2558 4432 43 27 &c.
2639 4433 43 27 On
2704 4433 42 27 the

2118 4466 67 28 little
2199 4465 87 37 finger
2308 4467 29 27 of
2354 4466 43 29 his
2410 4467 48 30 left
2481 4469 82 31 hand,
2579 4471 13 28 I
2606 4471 84 29 found
2704 4472 43 28 the

2117 4506 61 33 gold
2192 4507 61 32 ring
2265 4506 144 35 produced.
2447 4509 14 26 I
2474 4510 117 34 identify
2613 4511 46 26 the
2679 4511 33 27 bo
2723 4512 24 27 1\

2118 4553 29 17 as
2177 4544 61 26 that
2267 4544 30 26 of
2325 4544 146 30 Dominico
2505 4547 112 28 Beratto
2643 4547 35 37 by
2708 4540 39 35 his

2118 4580 121 37 clothing
2265 4581 54 27 and
2351 4582 97 33 boots;
2480 4594 51 18 one
2556 4586 30 26 of
2606 4586 43 26 his
2674 4586 73 28 boots

2118 4619 102 35 having
2234 4619 66 27 been
2314 4622 46 24 cut
2372 4619 29 28 in
2415 4620 46 28 the
2475 4622 81 28 front.
2594 4623 13 27 I
2621 4623 126 36 gathered

2118 4666 35 28 up
2167 4657 46 28 the
2226 4658 120 27 remains
2359 4658 30 28 of
2399 4659 46 28 the
2455 4659 78 29 head.

2152 4696 44 34 By
2222 4696 46 26 the
2294 4697 135 27 Coroner:
2450 4699 43 26 He
2519 4699 50 27 has
2598 4701 38 26 £9
2662 4702 29 25 2s
2718 4701 29 27 Gel

2118 4734 110 33 coining
2241 4736 26 24 to
2282 4733 57 28 him
2353 4734 68 29 from
2436 4735 46 28 the
2495 4736 99 38 Alpine
2605 4747 142 28 company,

2119 4772 12 26 I
2147 4772 80 27 know
2249 4772 30 28 of
2297 4782 35 18 no
2345 4774 79 27 other
2446 4781 129 31 property
2598 4782 94 30 except
2706 4778 42 27 the

2119 4814 105 30 cottage
2250 4811 158 29 mentioned
2433 4812 36 37 by
2488 4814 43 27 his
2552 4815 68 28 wife.
2659 4815 14 28 I
2697 4824 51 20 saw

2120 4850 145 29 Dominico
2275 4851 111 29 Beratto
2398 4853 94 35 nearly
2500 4864 82 26 every
2590 4855 54 37 day
2655 4855 93 35 during

2119 4890 45 25 the
2180 4890 134 33 holidays,
2330 4892 54 24 and
2398 4891 33 25 he
2445 4892 45 26 did
2505 4897 47 22 not
2565 4902 101 26 appear
2680 4898 27 22 to
2722 4894 26 26 be

2119 4925 129 38 drinking
2259 4927 173 38 excessively.

2154 4967 43 34 By
2210 4976 15 17 a
2236 4967 77 34 juror
2326 4975 6 20 :
2353 4968 15 27 I
2382 4968 45 27 did
2440 4973 48 23 not
2502 4979 43 18 see
2559 4980 54 26 any
2626 4975 123 23 remnanl

2120 5006 27 26 of
2170 5014 15 18 a
2206 5005 75 35 piece
2304 5005 30 28 of
2349 5005 57 28 fuse
2425 5007 29 27 in
2477 5009 46 26 the
2544 5013 115 30 cottage.
2696 5009 53 27 The

2120 5043 90 37 pillow
2219 5043 61 28 that
2290 5043 41 28 his
2342 5044 71 28 head
2422 5046 90 27 rested
2521 5057 35 17 on
2566 5057 56 18 was
2634 5048 115 29 bursted,

2120 5082 57 27 also
2191 5082 45 26 the
2250 5082 82 27 board
2345 5088 29 21 at
2387 5083 45 27 the
2446 5083 72 28 head
2530 5085 31 27 of
2571 5085 46 27 the
2628 5086 58 27 sofa
2697 5095 52 18 was

2121 5120 153 34 shattered;
2295 5120 42 28 his
2351 5120 87 30 hands
2452 5132 69 19 were
2535 5129 47 24 not
2595 5124 116 36 injured.

2156 5160 57 26 The
2235 5160 70 35 Jury
2325 5161 67 26 after
2404 5160 81 36 being
2502 5162 144 28 addressed
2659 5163 36 35 by
2706 5163 43 27 -the

2121 5197 129 32 Coroner,
2264 5198 106 27 arrived
2384 5202 27 23 at
2424 5199 46 27 the
2484 5199 139 37 following
2632 5200 105 29 verdict

2184 5236 71 29 That
2270 5236 146 30 Dominico
2438 5238 121 34 Beratto,
2573 5250 36 18 on
2633 5240 113 37 Sunday

2122 5275 124 35 January
2270 5276 58 32 3rd,
2354 5281 27 21 at
2412 5277 151 31 Zalatown,
2594 5280 156 25 committee

2121 5312 102 29 suicide
2253 5313 99 37 during
2377 5323 15 19 a
2420 5313 31 30 fit
2476 5315 29 27 of
2526 5316 158 37 tempora-y
2716 5316 28 28 in

2228 5453 121 29 NOTES
2369 5454 106 28 FROM
2494 5455 160 28 NELSON.

2325 5513 47 3 -
2431 5507 21 15 ♦

2187 5546 84 32 (from
2291 5553 54 19 our
2365 5553 61 18 own
2446 5546 253 35 correspondent.)

2161 5602 57 29 The
2232 5601 86 40 police
2332 5602 27 29 in
2375 5602 103 30 Nelson
2492 5613 44 19 are
2551 5613 14 19 a
2579 5603 52 29 fair
2644 5613 107 27 avera£<

2107 5643 3 35 i
2126 5645 40 26 lot
2173 5654 28 16 as
2209 5643 147 35 compared
2364 5643 62 27 with
2440 5644 71 27 their
2519 5644 88 26 fellow
2614 5645 137 33 guardian:

2107 5681 3 36 I
2126 5690 26 18 or
2165 5682 46 26 the
2225 5689 80 28 peace
2319 5681 27 27 in
2361 5681 79 27 other
2453 5684 76 33 parts
2542 5682 29 26 of
2582 5682 44 26 the
2641 5682 98 35 colony

2109 5719 2 37 ,
2128 5720 48 28 but
2200 5719 80 28 times
2305 5719 80 34 being
2411 5719 66 32 dull,
2502 5720 134 36 spending
2661 5730 90 18 mono*

2128 5767 99 24 scarce,
2250 5758 54 28 and
2318 5758 44 27 the
2383 5757 62 28 blue
2465 5757 95 29 ribbon
2582 5758 170 28 fashionable

2109 5794 2 41 J
2128 5797 75 27 there
2230 5796 50 27 has
2300 5801 48 22 not
2370 5795 68 28 been
2458 5805 34 18 an
2518 5798 180 34 opportunity
2722 5798 27 26 fo

2109 5834 3 43 |
2129 5835 161 36 developing
2315 5834 71 27 their
2412 5837 151 25 astuteness
2591 5835 41 27 for
2659 5845 14 18 a
2699 5835 53 33 Ion;

2109 5864 3 46 '
2129 5874 75 27 time.
2243 5873 26 28 It
2296 5873 22 27 is
2342 5882 66 27 very
2432 5872 206 38 disheartening
2664 5875 39 27 for
2728 5884 24 19 ai

2759 231 147 38 Inspector,
2921 236 52 26 two
2987 240 148 31 sergeants,
3149 247 16 17 a
3178 236 142 34 detective,
3334 236 54 29 and

2759 282 75 17 ■even
2866 273 205 30 rank-and-file,
3116 276 104 26 besides
3256 285 114 26 supernu-

2762 310 121 28 lieraries
2896 311 67 28 such
2977 321 29 18 as
3015 311 106 36 bailiffs,
3193 317 28 25 to
3229 313 33 29 be
3272 315 116 33 wasting

2760 349 64 28 ilieir
2845 356 146 23 sweetness
3010 362 35 17 on
3060 353 47 27 the
3128 353 89 29 desert
3236 353 50 32 air,
3311 353 77 28 week

2761 392 61 24 itter
2834 389 85 34 week,
2934 389 54 28 and
3002 395 48 23 not
3064 391 69 28 have
3149 402 68 17 even
3231 402 16 18 a
3260 392 112 29 chicken-

2761 428 122 28 matcher
2896 438 35 18 011
2945 429 87 28 which
3048 435 28 23 to
3093 431 118 28 exercise
3225 432 71 28 their
3309 432 80 27 latest

2761 476 98 26 powers
2878 467 29 28 of
2925 468 128 36 subtlety,
3076 469 55 28 and
3158 471 186 36 promptitude
3363 471 30 27 of

2761 506 92 28 iction.
2892 506 144 29 However,
3051 518 15 18 a
3081 508 49 28 few
3145 508 88 29 weeks
3243 519 61 27 ago,
3318 510 70 36 hope

2766 544 107 37 nspired
2887 545 71 28 their
2972 546 94 36 manly
3080 548 104 28 breasts
3195 557 7 23 ;
3216 549 76 27 there
3307 559 54 17 was
3372 559 16 17 a

2762 588 118 31 prospect
2902 584 31 27 of
2942 595 15 17 a
2979 585 109 28 terrible
3109 586 115 36 tragedy
3244 587 82 36 being
3339 596 32 19 un-

2762 622 113 29 earthed,
2895 623 54 28 and
2963 623 44 29 the
3022 624 106 30 wildest
3146 625 166 30 excitement
3331 637 42 27 pre-

2762 663 80 26 vailed
2856 668 28 21 at
2897 664 45 25 the
2958 664 78 33 depot
3052 673 5 22 ;
3078 664 76 28 there
3168 675 55 17 was
3243 675 15 17 a
3278 666 110 32 general

2763 699 153 35 nmiishing
2925 708 36 27 up
2972 700 29 27 of
3008 710 120 22 armour,
3135 702 54 27 and
3199 703 189 35 preparations

2763 737 21 26 )f
2810 737 79 27 other
2919 737 80 28 kinds
3036 739 80 27 made
3156 744 28 23 to
3215 740 96 28 enable
3341 741 46 28 the

2766 778 6 10 k
2924 781 27 22 to
2975 777 99 35 eclipse
3099 778 35 27 all
3160 779 101 28 former
3285 779 101 28 efforts,

2763 813 50 28 llie
2826 814 211 29 circnmstances
3050 816 89 28 which
3154 827 67 23 gave
3230 818 53 28 rise
3296 823 28 24 to
3333 819 55 26 this

2765 856 137 23 mwonteu
2922 854 165 27 excitement
3104 864 71 18 were
3194 857 152 26 somewhat
3359 866 30 18 as

2768 889 110 28 ollows:
2880 906 34 3 —
2929 891 81 27 Some
3050 892 97 28 month
3187 894 155 35 previously
3372 904 16 18 a

2766 934 99 21 natron
2891 928 27 27 in
2944 939 51 18 one
3017 929 30 28 of
3063 930 46 27 the
3130 937 117 30 country
3269 932 120 28 districts

2765 974 59 21 jave
2860 965 72 28 birth
2963 972 27 22 to
3021 977 15 18 a
3067 968 124 28 stillborn
3227 969 83 35 child,
3341 971 47 27 the

2768 1002 105 29 nedical
2897 1013 63 18 man
2980 1014 66 24 gave
3060 1006 46 28 the
3125 1016 144 28 necessary
3290 1008 85 29 certifi-

2765 1046 60 28 cate,
2839 1044 53 26 and
2907 1043 46 27 the
2967 1044 165 27 undertaker
3144 1046 95 34 placed
3258 1047 46 27 the
3317 1047 72 35 body

2769 1089 15 17 a
2799 1088 64 27 very
2876 1089 76 27 puny
2965 1085 61 32 one)
3041 1091 28 18 in
3083 1091 16 19 a
3114 1082 60 33 box,
3194 1084 53 27 and
3262 1084 92 29 buried
3368 1086 21 27 it

2768 1118 77 28 mder
2858 1128 15 18 a
2886 1124 55 22 tree
2954 1120 28 26 in
2996 1121 45 26 the
3063 1127 107 22 nearest
3189 1126 130 31 cemetry.
3356 1125 37 25 Of

2765 1165 87 18 course
2866 1157 75 27 there
2955 1166 55 19 was
3023 1167 35 18 no
3077 1158 116 33 funeral,
3211 1160 48 28 but
3272 1160 88 33 when,
3374 1171 16 17 a

2768 1204 40 19 ew
2828 1195 111 28 months
2961 1196 166 34 afterwards,
3142 1208 16 18 a
3179 1198 101 29 farmer
3302 1199 27 28 in
3344 1200 47 28 the

2767 1234 197 34 leighborhood
2989 1236 80 27 made
3093 1242 206 28 arrangements
3324 1238 65 27 with

2771 1272 34 27 he
2819 1277 120 32 cemetry
2953 1277 114 24 trustees
3076 1278 28 23 to
3116 1278 46 24 cut
3173 1275 45 28 the
3227 1285 63 27 crop
3300 1276 30 27 of
3335 1276 56 36 hay

2766 1310 63 28 Irora
2843 1311 45 27 the
2902 1311 92 28 sacred
3008 1321 70 23 acre,
3092 1312 34 28 he
3139 1322 55 19 was
3213 1314 137 36 surprised
3363 1318 28 24 at

2766 1349 109 34 sticking
2893 1350 47 27 the
2959 1350 51 28 end
3024 1350 31 28 of
3063 1351 43 27 his
3119 1352 95 35 scythe
3233 1353 57 27 into
3304 1362 69 19 some-

2772 1387 66 37 hing
2861 1388 114 29 wooden
2999 1389 87 29 under
3110 1390 46 29 the
3181 1391 114 29 surface.
3344 1392 30 28 lu-

2770 1428 76 33 •estig
2855 1428 66 27 itiou
2936 1428 65 28 with
3024 1428 46 28 the
3084 1429 44 27 aid
3149 1430 30 26 of
3198 1440 16 17 a
3233 1430 92 36 spade,
3347 1440 26 18 re-

2768 1465 85 26 pealed
2873 1473 17 19 a
2911 1465 80 27 small
3013 1465 101 32 casket,
3136 1466 55 28 and
3212 1467 34 27 he
3271 1468 54 26 and
3349 1468 43 27 his

2768 1502 137 37 leighbors
2912 1507 28 24 at
2946 1512 66 19 once
3020 1504 114 36 jumped
3143 1509 27 23 to
3177 1505 46 28 the
3234 1506 156 28 conclusion

2773 1541 47 28 hat
2842 1542 66 36 they
2928 1541 54 28 had
3002 1543 93 26 struck
3117 1553 17 18 a
3154 1544 79 35 plant
3252 1546 29 26 of
3298 1545 94 27 buried

2768 1588 112 19 measure
2891 1588 6 25 ;
2916 1580 106 27 further
3032 1580 201 37 investigation,
3244 1582 36 37 by
3288 1583 105 37 prizing

2768 1618 31 27 )ff
2810 1618 46 28 the
2869 1618 46 33 lid,
2938 1618 132 29 disclosed
3084 1619 45 28 the
3154 1621 60 35 tiny
3234 1623 119 26 remains
3365 1624 30 26 of

2773 1656 34 27 lie
2820 1656 107 33 infant;
2947 1657 54 27 and
3015 1657 65 28 then
3099 1658 47 28 the
3163 1658 96 28 buried
3272 1665 120 23 treasure

2773 1694 85 37 heory
2870 1703 56 19 was
2946 1698 28 25 at
2988 1704 67 20 once
3074 1696 159 38 exchanged
3251 1698 41 28 for
3303 1706 51 20 one
3367 1698 30 28 of

2769 1733 101 36 ghastly
2893 1733 120 29 murder.
3051 1734 254 30 Communications
3323 1746 70 19 were

2770 1771 113 36 speedily
2914 1772 105 36 opened
3048 1773 67 28 with
3152 1773 46 29 the
3229 1774 87 36 police
3346 1784 31 19 au-

2770 1809 125 33 ihorities,
2909 1811 55 27 and
2977 1811 45 28 the
3033 1811 151 36 suspicious
3194 1813 120 28 remains
3324 1823 70 18 were

2770 1847 122 28 •emoved
2916 1848 67 27 with
3008 1849 38 26 all
3076 1849 53 27 due
3160 1849 149 37 solemnity
3339 1851 55 28 and

2770 1894 98 29 secrecy
2889 1889 28 25 to
2940 1886 47 29 the
3002 1886 90 37 depot.
3129 1887 91 30 When
3238 1888 87 34 there,
3347 1889 52 30 the

2770 1924 66 28 :hief
2846 1925 54 27 and
2913 1925 43 28 his
2969 1926 140 34 satellites,
3123 1927 66 28 with
3206 1927 79 28 bated
3299 1919 99 50 breatj'

2775 1962 74 29 lirew
2871 1967 47 25 out
2937 1964 108 28 various
3070 1965 177 36 conjectures,
3268 1975 77 32 morg
3348 1988 11 19 f

2771 2002 107 34 sapient,
2892 2011 29 19 as
2934 2006 28 23 to
2975 2002 47 28 the
3032 2011 88 23 cause,
3131 2013 124 23 manner,
3266 2006 48 26 tin.

2772 2039 79 36 >bject
2871 2040 31 27 of
2920 2040 46 28 the
2980 2040 125 37 atrocity,
3125 2041 54 28 and
3198 2040 97 38 finally
3307 2039 37 31 cP

2773 2087 19 19 n
2817 2087 16 20 a
2857 2078 95 39 couple
2977 2079 30 29 of
3028 2079 107 30 doctors
3156 2087 28 22 to
3208 2080 66 30 hold
3295 2091 16 19 a
3334 2099 12 21 r

2772 2121 118 24 nortem.
2939 2118 34 28 In
3010 2119 45 28 the
3091 2129 83 18 mean
3204 2121 76 33 time,
3318 2126 28 23 ot

2772 2155 128 30 nembers
2930 2157 30 28 of
2986 2156 47 31 the
3090 2157 90 30 foorce
3242 2159 55 29 had
3326 2152 37 37 b£

2772 2196 148 35 vigorously
2944 2196 111 34 looking
3081 2206 37 26 up
3142 2197 129 29 evidence
3295 2200 30 26 in
3348 2199 20 27 tl

2773 2232 195 37 leighborhood
2979 2235 31 28 of
3019 2235 47 28 the
3085 2235 128 29 assumed
3234 2237 94 33 crime,
3341 2246 27 20 ai

2773 2272 91 36 luring
2885 2273 47 28 the
2946 2274 54 35 day
3013 2274 46 27 the
3078 2274 90 28 father
3185 2275 30 28 of
3233 2276 48 27 the
3301 2277 71 27 victi:

2773 2310 47 28 md
2845 2310 47 29 the
2916 2311 165 29 undertaker
3109 2312 99 32 visited
3232 2313 48 28 the
3310 2314 70 36 polic

2773 2349 103 32 station,
2897 2350 109 28 showed
3019 2350 47 29 the
3078 2352 163 28 certificate
3263 2353 55 27 and
3330 2362 56 19 usei

2773 2395 68 20 some
2866 2388 145 36 withering
3034 2388 56 28 and
3114 2390 126 27 sarcastic
3261 2390 128 38 language

2774 2426 110 29 ;owards
2907 2426 48 31 the
2986 2431 188 26 conservators
3203 2428 31 30 of
3260 2429 53 29 law
3343 2430 53 29 and

2774 2465 78 28 )rder.
2889 2466 88 28 These
2998 2467 155 34 gentlemen
3175 2468 93 37 seeing
3288 2469 75 27 what
3382 2479 16 18 a

2774 2505 92 26 nare's
2889 2507 62 25 nest
2973 2503 68 37 they
3064 2504 56 28 had
3144 2505 164 33 discovered,
3333 2507 64 28 then

2775 2542 134 34 •equested
2928 2542 47 27 the
2994 2543 153 35 proprietor
3158 2543 29 27 of
3207 2543 47 28 the
3266 2545 92 28 casket
3371 2549 27 24 to

2775 2578 54 28 ;ake
2842 2578 23 28 it
2877 2578 69 29 back
2959 2578 82 30 home
3056 2580 55 28 and
3129 2580 69 36 bury
3210 2580 23 29 it
3245 2582 78 34 again

2775 2616 91 36 leeper
2885 2616 55 28 this
2961 2617 66 27 time
3050 2621 29 24 to
3091 2623 115 30 prevent
3223 2618 18 24 f'

2775 2653 79 34 ;akes,
2874 2653 51 29 but
2943 2654 35 28 he
2991 2655 89 27 didn't
3092 2664 44 19 see
3148 2655 30 29 it.

2775 2692 80 37 police
2870 2692 59 29 that
2941 2702 29 19 as
2983 2693 67 36 they
3063 2693 55 29 had

2776 2740 20 18 ;o
2808 2735 84 27 town,
2906 2731 55 28 and
2973 2731 108 28 created

2776 2768 74 28 could
2871 2768 63 29 take
2955 2768 47 29 the
3022 2769 50 28 dar

2776 2806 48 28 md
2844 2806 70 37 bury
2933 2807 22 28 it
2975 2806 82 47 theny

2777 2844 39 28 ;he
2829 2844 66 28 fond
2907 2844 86 37 hopes
3004 2845 31 28 of

2777 2882 60 34 ;ion,
2851 2883 178 38 temporarily

2777 2931 43 19 >ur
2831 2923 104 36 gallant
2948 2922 76 30 bluec

2777 2969 21 16 ;o
2869 2961 115 33 giVand.

2805 3006 58 30 The
2885 3006 127 38 holidays
3033 3015 45 21 are
3090 3009 63 37 past
3172 3007 55 30 and
3248 2993 155 53 gone,<&ft<il

2778 3047 88 36 people
2878 3047 138 36 generally
3030 3054 74 21 seem
3117 3051 29 25 to
3158 3048 33 28 be
3203 3048 64 36 glad
3279 3048 65 35 they
3357 3059 46 18 are

2778 3095 65 19 >ver.
2892 3084 58 29 The
2975 3086 187 28 examination
3186 3090 29 24 at
3240 3086 48 29 the
3313 3086 90 38 public

2779 3123 99 30 schools
2899 3124 70 29 have
2982 3123 44 29 led
3045 3128 29 25 to
3087 3124 47 29 the
3152 3125 81 28 usual
3247 3130 114 24 amount
3375 3126 30 28 of

2779 3167 71 32 ;usto
2862 3172 30 18 as
2904 3166 29 24 to
2945 3163 47 27 the
3012 3163 98 27 strides
3131 3172 41 18 we
3184 3172 46 19 are
3248 3163 115 36 making
3374 3165 28 26 in

2783 3201 35 30 lie
2831 3201 131 29 direction
2975 3200 31 30 of
3048 3200 149 39 educating
3209 3201 46 30 the

2779 3251 22 18 is
2815 3241 45 28 the
2873 3240 169 28 fashionable
3052 3240 78 36 slang
3137 3240 50 28 has
3197 3241 21 27 it
3226 3241 41 27 for
3276 3242 127 32 teaching

2779 3286 41 21 )ur
2843 3277 68 38 boys
2930 3277 56 29 and
3001 3277 66 37 girls
3085 3277 62 30 that
3167 3277 85 30 house
3272 3277 95 30 labour
3381 3279 22 29 is

2780 3318 148 33 something
2940 3321 28 24 to
2982 3322 66 24 turn
3055 3317 72 28 their
3136 3317 180 36 pragmatical
3324 3329 79 18 uosas

2780 3364 28 28 lp
2822 3359 37 24 at.
2896 3356 57 26 The
2966 3355 134 27 ambition
3118 3358 28 24 ot
3158 3355 47 28 the
3217 3356 106 36 coming
3337 3365 66 19 man

2780 3394 47 28 md
2839 3403 110 19 woman
2961 3393 25 28 is
2998 3397 49 24 not
3059 3403 30 17 as
3109 3392 24 29 it
3146 3393 67 28 used
3225 3397 28 24 to
3266 3394 41 27 be.
3345 3396 59 26 One

2780 3432 23 26 )f
2812 3432 47 27 the
2878 3431 60 28 first
2953 3431 118 27 maxims
3089 3431 151 36 impressed
3261 3439 73 28 upon
3356 3441 48 27 my

2780 3470 70 29 nind
2874 3479 56 20 was
2954 3469 62 29 that
3040 3468 47 30 the
3136 3479 68 19 man
3223 3469 62 30 who
3310 3479 94 21 causes

2781 3519 46 18 ,wo
2846 3509 94 28 blades
2962 3509 30 27 of
3001 3517 77 27 grass
3099 3512 29 23 to
3146 3517 74 27 grow
3239 3509 91 27 where
3352 3518 51 18 one

2781 3556 64 25 ?rew
2869 3546 89 29 before
2984 3554 56 20 was
3069 3554 17 20 a
3114 3545 159 29 benefactor
3302 3549 28 26 to
3360 3546 43 29 his

2781 3587 82 31 'ace,"
2889 3585 90 28 which
3002 3585 14 27 I
3036 3584 63 29 take
3123 3585 22 28 it
3163 3593 94 20 means
3278 3585 63 28 that
3364 3594 40 19 we

2782 3624 85 35 mght,
2893 3632 30 20 as
2947 3629 41 22 tar
3007 3632 30 19 as
3058 3622 126 38 possible,
3205 3627 28 24 to
3257 3623 111 28 become
3389 3634 16 17 a

2782 3664 86 27 lation
2881 3664 31 27 of
2926 3662 155 36 producers.
3118 3662 16 27 I
3146 3671 116 27 suppose
3281 3662 46 28 the
3341 3662 47 28 edu-

2782 3701 83 29 cation
2886 3701 30 28 of
2933 3700 47 28 the
3001 3709 113 22 masses,
3139 3709 31 19 or
3193 3700 47 28 the
3262 3700 94 28 march
3379 3701 28 27 of

2784 3740 120 31 ntellect,
2926 3749 31 17 or
2970 3738 137 28 whatever
3118 3738 24 27 is
3160 3738 46 27 the
3227 3737 82 36 fancy
3323 3748 84 18 name

2782 3778 33 27 'or
2827 3777 47 28 the
2886 3781 112 33 present
3010 3780 103 32 system
3126 3775 50 28 has
3189 3776 101 28 altered
3304 3776 45 29 the
3360 3777 45 28 old

2785 3817 73 35 deas,
2876 3817 42 28 for
2939 3815 22 30 it
2974 3824 87 21 seems
3074 3819 28 26 to
3115 3825 45 19 me
3172 3814 62 31 that
3255 3824 54 28 any
3328 3825 62 20 occu-

2783 3857 85 28 jation
2881 3855 89 29 which
2983 3855 50 28 has
3045 3864 36 19 no
3096 3855 69 28 hard
3186 3854 75 29 work
3279 3855 128 28 attached

2787 3904 15 17 0
2827 3896 30 29 it,
2879 3894 23 25 is
2923 3893 47 26 the
2983 3893 88 35 object
3090 3893 30 26 in
3138 3892 46 27 life
3203 3892 31 27 of
3252 3892 45 27 the
3323 3892 84 35 rising

2784 3930 158 35 generation.
2991 3932 189 27 Government
3207 3928 90 30 billets
3309 3939 45 19 are
3379 3931 29 28 of

2784 3979 84 19 course
2888 3969 47 29 the
2954 3973 74 25 most
3048 3968 101 37 sought
3169 3968 50 34 for,
3244 3977 36 19 no
3306 3973 100 25 matte:-

2784 4019 52 19 low
2866 4008 143 29 miserable
3039 4008 47 28 the
3121 4008 130 37 pittance,
3276 4008 55 28 and
3361 4008 46 29 the

2784 4048 68 28 :adet
2883 4048 61 28 who
2975 4057 51 19 can
3057 4057 75 18 cram
3166 4046 108 37 enough
3305 4048 102 28 useless

2785 4088 97 27 ilassics
2895 4086 54 28 and
2964 4087 109 34 'ologies
3090 4086 59 27 iuto
3162 4085 43 27 his
3222 4085 70 28 head
3306 4090 26 24 to
3346 4096 62 26 pass

2788 4126 34 26 lie
2836 4125 63 27 civil
2913 4126 101 26 service
3036 4124 186 27 examination
3240 4123 56 28 and
3315 4124 93 27 obtain

2785 4173 27 19 in
2831 4163 200 36 appointment,
3053 4161 24 28 is
3097 4161 97 28 looked
3213 4170 72 28 upon
3308 4161 36 37 by
3365 4163 43 28 his

2786 4202 136 27 issociates
2944 4210 29 18 as
2986 4209 51 19 oue
3056 4200 31 27 of
3104 4200 145 27 Fortune's
3270 4200 136 27 favorites.

2786 4241 5 3 '
2805 4240 80 31 think
2899 4239 116 37 nothing
3033 4239 22 30 is
3074 4248 76 20 more
3170 4238 49 29 sad
3242 4238 67 30 than
3323 4243 28 26 to
3364 4250 44 19 see

2789 4281 34 26 he
2846 4281 69 26 bone
2937 4279 55 28 and
3012 4279 84 27 sinew
3109 4278 122 35 growing
3254 4288 36 26 up
3310 4279 29 27 iu
3360 4288 50 18 our

2786 4318 76 29 mdst
2875 4317 137 38 despising
3024 4316 98 28 honest
3133 4315 103 35 labour,
3246 4316 55 28 and
3311 4318 83 27 strain-

2788 4368 36 25 ng
2838 4358 68 28 after
2919 4357 188 36 employment
3121 4361 28 23 at
3161 4355 89 29 which
3270 4356 66 36 they
3354 4357 55 27 will

2787 4401 40 23 lot
2839 4396 32 27 be
2885 4396 87 26 under
2985 4395 46 27 the
3045 4394 182 34 disagreeable
3240 4394 135 35 necessity
3383 4395 27 27 of

2787 4434 89 33 ioiling
2901 4434 72 28 their
2998 4433 131 28 educated
3153 4432 88 27 hands
3266 4432 54 28 and
3345 4433 50 27 irre-

2787 4473 154 29 n'oachable
2954 4472 111 29 clothes.
3102 4472 38 28 As
3153 4481 15 19 a
3186 4474 102 26 matter
3300 4471 30 29 of
3345 4471 64 35 fact,

2787 4524 7 15 1
2802 4516 77 29 great
2886 4513 60 26 deal
2956 4512 29 26 of
2990 4512 102 26 useless
3100 4510 159 34 knowledge
3269 4511 22 26 is
3302 4511 106 32 taught,

2789 4558 64 19 nore
2879 4549 146 36 especially
3049 4553 29 23 at
3100 4547 47 28 the
3173 4547 97 36 higher
3294 4547 115 28 schools.

2788 4593 34 22 So
2836 4587 85 27 doubt
2940 4586 75 28 there
3030 4587 23 26 is
3073 4595 74 18 some
3167 4586 70 26 little
3257 4585 153 35 advantage

2791 4634 15 19 0
2829 4634 16 18 a
2866 4624 85 37 youth
2975 4629 27 23 to
3015 4624 71 27 have
3106 4633 16 17 a
3140 4622 51 29 fair
3212 4622 158 37 knowledge
3384 4623 28 27 of

2789 4664 108 30 classics,
2916 4663 49 28 but
2977 4668 28 23 to
3017 4673 49 25 my
3079 4662 77 28 mind
3175 4662 46 27 the
3234 4662 67 27 time
3319 4662 91 27 would

2789 4711 22 18 )e
2825 4703 40 25 tar
2876 4711 77 17 more
2966 4701 147 35 profitably
3132 4703 79 32 spent
3224 4701 29 26 in
3271 4700 141 35 acquiring

2789 4751 7 17 1
2815 4740 86 36 really
2923 4739 68 28 solid
3011 4738 160 34 knowledge
3194 4738 30 27 of
3242 4737 43 28 his
3305 4737 107 28 mother

2793 4787 98 27 ongue,
2913 4778 55 27 and
2991 4778 45 27 the
3049 4777 130 35 ordinary
3199 4776 160 33 knowledge
3372 4786 26 18 re-

2789 4816 87 39 juired
2901 4816 34 38 by
2960 4815 137 37 everyday
3126 4824 64 19 men
3215 4814 29 29 in
3274 4814 133 38 everyday

2791 4858 44 27 ii'e.
2873 4857 13 27 I
2900 4857 65 34 only
2974 4856 83 36 judge
3071 4855 35 28 bv
3120 4865 47 25 my
3179 4864 62 19 own
3253 4854 159 33 knowledge

2790 4895 20 26 >f
2826 4894 47 27 the
2893 4894 127 34 teaching
3041 4892 89 28 which
3152 4891 138 37 prevailed
3310 4892 29 26 in
3365 4892 46 27 the

2790 4932 88 35 ligher
2890 4932 107 28 schools
3010 4942 16 18 a
3039 4935 109 33 quarter
3160 4930 29 28 of
3196 4941 16 17 a
3226 4934 113 33 century
3352 4941 60 24 ago,

2791 4972 45 27 ml
2861 4972 55 27 still
2940 4971 126 36 prevails,
3091 4970 55 27 and
3169 4970 14 26 I
3202 4968 81 29 think
3307 4970 21 26 it
3353 4979 45 26 pre-

2791 5014 132 24 losterous
2948 5014 26 22 to
2999 5017 74 19 cram
3105 5017 15 19 a
3144 5007 54 37 boy
3227 5007 68 29 with
3325 5008 88 28 Greek

2930 5048 54 27 and
3006 5048 74 27 leave
3093 5047 60 27 him
3171 5047 129 34 ignorant
3312 5047 30 27 of
3353 5047 61 27 how

2791 5097 19 17 ,o
2824 5086 73 27 work
2911 5089 47 24 out
2972 5095 15 17 a
3001 5085 162 28 calculation
3182 5086 28 26 ot
3229 5084 46 28 the
3294 5085 120 28 increase

2791 5125 21 28 >f
2821 5123 156 39 compound
2998 5124 113 28 interest
3130 5134 35 17 on
3179 5134 15 17 a
3208 5127 148 32 mortgage,
3370 5123 30 29 be-

2792 5173 70 18 cause
2887 5164 47 27 the
2959 5163 117 27 chances
3097 5172 45 17 are
3163 5165 61 24 that
3243 5162 33 27 he
3299 5162 64 33 will,
3386 5163 28 26 in

2792 5202 60 27 ifter
2865 5200 53 34 life,
2933 5201 68 27 have
3015 5205 28 24 to
3058 5205 56 23 lace
3128 5199 46 29 the
3187 5209 61 19 sum
3259 5200 23 28 if
3288 5199 34 29 ha
3333 5200 81 28 elects

2796 5251 15 18 o
2824 5240 105 29 remain
2942 5240 30 28 in
2985 5239 46 29 the
3045 5240 107 36 colony,
3163 5239 92 28 whilst
3265 5239 46 29 the
3325 5240 89 28 Greek

2793 5280 45 26 vill
2852 5285 47 20 not
2913 5279 31 25 be
2958 5278 30 26 of
2998 5287 54 26 any
3071 5278 130 35 practical
3218 5278 79 26 value
3309 5283 28 21 to
3356 5278 58 27 him

2796 5327 16 18 n
2826 5316 68 30 after
2902 5315 56 30 life.

2820 5369 55 26 But
2882 5369 82 26 about
2971 5369 45 26 the
3022 5368 136 35 holidays.
3195 5369 29 26 It
3230 5369 22 26 is
3259 5371 156 33 customary

2793 5412 21 24 it
2827 5406 45 30 the
2887 5405 95 37 higher
2995 5405 106 30 schools
3114 5410 28 25 to
3162 5405 70 30 have
3252 5416 16 20 a
3290 5411 80 34 party
3389 5414 26 22 at

2799 5447 33 28 lie
2852 5446 190 35 breaking-up,
3055 5446 54 27 and
3128 5446 55 27 this
3196 5447 94 28 festive
3309 5452 106 23 custom

2794 5494 48 18 ,vas
2862 5484 65 36 duly
2949 5483 131 29 observed
3092 5493 29 18 as
3145 5483 47 28 the
3212 5485 160 28 seminaries
3384 5494 31 19 on

2799 5523 34 28 lie
2846 5523 53 27 last
2912 5523 133 32 occasion,
3058 5522 55 28 and
3126 5528 28 23 at
3174 5522 46 28 the
3234 5523 74 28 swell
3326 5534 89 26 young

2798 5562 74 27 adies
2886 5561 92 27 school
2990 5562 76 26 there
3080 5570 55 18 was
3147 5570 16 18 a
3175 5561 56 28 ball
3249 5562 55 28 and
3318 5571 97 29 supper

2794 5611 21 19 ;o
2829 5600 89 30 which
2933 5600 161 36 high-toned
3107 5600 127 31 relatives
3252 5600 54 31 and
3320 5602 95 31 friends

2795 5651 62 17 tvere
2882 5641 112 27 invited.
3033 5641 170 29 Somewhow
3225 5642 46 27 the
3294 5643 74 33 girls,
3392 5644 24 26 in

2795 5679 40 29 ilie
2848 5678 167 28 exuberance
3029 5678 30 28 of
3074 5678 73 29 their
3167 5679 100 36 spirits,
3286 5679 56 29 had
3356 5680 60 29 beer

2795 5717 87 29 father
2904 5722 43 24 too
2968 5717 212 29 demonstrative
3202 5723 28 23 to
3252 5718 46 29 the
3318 5718 98 30 invitee

2796 5765 87 27 young
2904 5757 156 34 gentlemen
3081 5761 27 23 to
3121 5757 91 36 please
3235 5757 46 27 the
3304 5764 106 22 matron

2796 5794 50 28 md
2867 5804 70 18 were
2959 5794 103 36 packed
3076 5795 39 27 off
3130 5796 154 36 supperless
3305 5802 29 22 to
3354 5797 56 27 tliei

2796 5842 96 18 rooms.
2930 5833 146 36 Naturally
3089 5833 46 28 the
3149 5834 105 32 gallant
3273 5835 113 33 feelings
3400 5846 14 17 o

2796 5871 43 28 the
2852 5871 101 38 youths
2961 5882 69 18 were
3040 5872 117 29 shocked
3168 5873 35 37 by
3215 5873 54 30 this
3277 5873 138 39 barbarity

3426 235 55 30 and
3494 235 36 38 by
3542 245 15 19 a
3571 235 66 29 code
3651 236 31 27 of
3690 236 102 36 signals
3809 238 163 30 established
3985 250 54 19 com-

3428 276 167 26 munication
3611 275 122 26 between
3747 276 45 26 the
3810 276 123 37 footpatii
3946 280 53 26 and
4014 282 46 26 the

3426 313 118 38 upstairs
3569 313 173 28 dormitories
3772 315 66 28 with
3864 316 46 28 the
3940 318 69 30 view
4033 321 30 27 of

3426 353 148 36 supplying
3587 353 137 28 ambrosia
3737 354 54 28 and
3806 358 95 25 nectar
3911 356 34 31 bv
3965 368 96 20 means

3426 394 26 26 ot
3466 402 15 18 a
3504 391 160 29 clothesline
3684 392 53 28 and
3762 391 104 31 basket.
3902 395 67 29 This
3991 397 69 30 little

3426 435 195 32 arrangement
3652 431 110 28 worked
3792 433 154 36 admirably
3973 437 41 27 for
4044 449 16 17 a

3426 471 76 31 time,
3516 469 54 28 and
3587 469 44 28 the
3645 471 137 35 prisoners
3794 471 56 28 had
3869 474 94 35 nearly
3982 476 64 27 satis-

3427 509 51 28 tied
3504 509 47 28 the
3574 518 87 28 pangs
3685 509 30 28 of
3734 509 115 35 hunger,
3877 513 80 28 when
3984 515 77 29 there

3426 548 135 36 appeared
3574 558 36 18 on
3624 549 46 27 the
3683 558 80 19 scene
3772 560 35 17 an
3815 560 64 26 ogre
3894 553 54 26 and
3958 563 101 25 ogress,

3425 588 27 28 i-i
3468 588 45 27 the
3533 587 84 37 shape
3639 587 30 27 of
3685 588 46 27 the
3749 588 72 29 head
3840 589 124 30 mistress
3977 592 54 29 and
4044 603 16 19 a

3426 626 65 36 high
3513 626 151 38 municipal
3687 626 146 39 dignitary,
3847 629 63 28 who
3931 641 69 19 were
4013 643 30 18 en-

3422 667 99 33 joying
3541 666 45 26 the
3609 667 59 25 cool
3688 667 42 25 air
3751 668 55 25 and
3828 668 95 35 taking
3936 679 15 17 a
3965 679 75 18 moon-

3426 703 68 34 light
3508 703 72 27 walk
3598 703 55 27 and
3672 705 163 34 conversing
3855 706 205 37 confidentially

3426 750 35 19 on
3475 741 46 28 the
3535 741 165 28 lamentable
3718 741 141 38 depravity
3878 744 31 27 of
3919 744 45 28 the
3977 747 84 32 rising

3425 779 168 37 generation.
3631 779 103 30 Whilst
3746 782 112 36 passing
3870 782 88 29 under
3970 793 50 19 0110
4034 785 29 29 of

3426 819 47 28 the
3490 818 153 38 dormitory
3666 821 140 32 windows,
3831 822 73 27 their
3923 823 137 28 discourse

3426 866 55 18 was
3501 857 120 27 checked
3642 857 36 36 by
3691 858 47 27 the
3757 859 105 27 sudden
3883 861 80 26 crash
3976 862 30 26 of
4015 861 46 28 the

3425 895 203 29 clothesbasket
3647 906 35 18 on
3703 896 46 28 the
3771 896 71 29 head
3867 899 30 27 of
3915 899 45 28 the
3979 899 82 37 lady;

3426 934 46 27 the
3502 933 131 29 denizens
3662 935 31 27 of
3721 935 47 28 the
3790 945 88 26 upper
3907 937 69 28 floor
4000 948 46 17 con-

3422 972 138 35 jecturing
3572 972 61 28 that
3646 972 46 28 the
3702 973 102 36 parties
3816 974 86 28 below
3910 985 69 19 were
3989 976 73 28 their

3426 1010 102 28 friends
3548 1010 67 29 with
3636 1021 16 18 a
3666 1010 106 30 further
3789 1014 100 35 supply
3911 1024 26 18 01
3958 1026 85 18 comes-

3426 1049 78 28 tibles
3530 1049 53 28 and
3605 1050 74 27 billet
3699 1051 81 26 doux.
3817 1052 79 27 Then
3916 1063 77 17 came
4016 1063 29 17 ex-

3426 1086 155 37 planations
3612 1088 54 28 and
3702 1088 105 30 threats
3845 1091 31 27 of
3902 1092 159 37 exemplary

3426 1125 196 35 punishment;
3642 1127 90 27 which
3755 1128 82 34 being
3859 1131 80 26 made
3962 1137 28 20 at
4014 1132 47 25 the

3427 1163 53 27 end
3499 1163 31 28 of
3547 1174 15 17 a
3584 1170 70 22 term
3676 1165 46 28 did
3744 1171 48 23 not
3816 1166 70 29 have
3900 1178 16 18 a
3936 1178 67 27 very
4016 1169 30 28 de-

3428 1203 122 34 pressing
3563 1204 78 27 effect
3662 1214 37 17 on
3711 1204 78 29 those
3810 1207 63 26 who
3894 1217 71 18 were
3978 1208 83 27 about

3428 1245 27 21 to
3481 1244 94 24 return
3600 1242 82 28 home
3697 1251 7 24 ;
3723 1242 49 29 but
3797 1253 74 27 upon
3896 1245 78 28 those
3997 1247 64 26 who

3431 1287 68 18 were
3513 1279 71 28 fated
3597 1285 28 23 to
3637 1280 105 28 remain
3757 1281 100 36 during
3869 1283 47 28 the
3936 1284 126 36 holidays

3428 1325 15 18 a
3457 1321 70 24 most
3540 1317 122 35 singular
3680 1318 134 30 infliction
3833 1321 51 28 has
3904 1322 92 28 fallen.
4033 1322 30 28 It

3429 1354 50 28 has
3492 1354 66 29 been
3571 1361 156 34 customary
3748 1362 27 24 to
3792 1360 97 28 march
3908 1361 47 28 the
3968 1360 95 29 school

3429 1397 28 25 to
3470 1395 100 28 service
3584 1400 28 24 at
3624 1397 93 28 Christ
3729 1397 120 35 Church,
3862 1399 100 35 where,
3976 1401 22 27 if
4014 1401 47 29 the

3429 1442 77 18 scene
3520 1434 22 26 is
3555 1440 48 21 not
3616 1435 91 34 lively,
3720 1437 73 26 their
3805 1437 23 26 is
3841 1442 28 23 at
3881 1438 70 27 least
3962 1440 97 34 plenty

3429 1470 30 26 of
3486 1479 145 27 company,
3657 1473 54 27 and
3735 1483 61 18 new
3821 1474 105 29 dresses
3950 1479 29 26 to
4003 1475 60 29 talk

3428 1508 83 29 about
3523 1509 165 29 afterwards.
3725 1512 56 29 But
3793 1523 72 24 now,
3887 1514 77 28 the?e

3428 1547 55 27 and
3505 1548 122 28 mothers
3646 1550 30 26 of
3686 1550 44 27 the
3744 1552 90 26 future
3856 1561 46 18 ar<=

3428 1586 187 35 promenaded
3628 1588 27 26 in
3669 1588 46 28 the
3729 1589 45 27 of*

3428 1623 130 29 solitudes
3588 1625 31 27 of
3645 1626 46 27 Bis
3694 1626 6 20 1
3704 1637 5 5 *

3429 1671 120 26 penance
3562 1662 43 27 for
3617 1663 18 27 ('

3430 1699 123 37 takingoof
3558 1699 11 37 1f
3578 1701 17 16 f1

3430 1739 41 26 for

1306 74 118 46 THE
1481 75 183 42 LYELL
1720 78 184 48 TIMES,
1961 79 306 48 SATURDAY,
2322 85 242 52 JANUARY
2619 102 30 35 9,
2713 89 89 38 i3BG

192 206 236 34 Government
451 208 151 32 Notices.

193 338 11 22 v
215 352 6 8 -
331 338 141 44 lyxf-Qi
588 338 30 23 lu

85 422 260 32 GOLD-MIXING
358 425 120 30 LEASE
492 425 224 30 CANCELLED

287 505 89 28 Mines
393 505 186 36 Department,

165 540 177 41 Wellington,
358 544 62 29 10th
438 545 156 35 December,
609 546 72 29 18S5.

91 590 59 30 TT
161 594 22 26 is
191 593 100 36 hereby
299 594 111 27 notified
423 594 59 27 that
494 594 50 27 His
555 595 164 35 Excellency

163 631 46 29 the
235 632 139 29 Governor
397 632 48 29 lias
467 632 66 29 been
559 634 105 36 please-.!
691 638 28 25 to

89 678 156 28 pronounce
271 672 44 29 the
341 672 256 29 under-mentioned
619 674 101 29 GOLD

91 710 142 27 MLNTNG
259 711 120 27 LEASE
405 712 236 32 CANCELLED,
667 714 52 25 and

90 747 60 28 that
164 747 45 27 the
222 748 104 32 ground
340 749 22 26 is
375 758 60 18 now
457 758 69 26 open
550 750 40 27 for
603 750 103 37 applica-

91 785 56 28 tion
171 796 29 17 as
222 786 24 27 if
268 796 35 18 no
327 787 71 27 louse
418 787 30 27 of
471 787 44 28 the
538 788 58 28 said
616 789 105 36 ground

91 821 54 31 had
158 834 63 19 ever
235 825 66 29 been
316 825 107 38 applied
437 825 41 30 for
489 833 5 21 ;

103 873 51 26 No.

92 909 75 29 104(5.
204 910 154 29 Alexander
388 912 117 35 M'Cloy.
566 913 105 28 Section
697 915 23 26 G.

247 949 85 28 Block
344 950 82 28 XIII.
463 951 132 33 Acreage:
612 954 111 27 10acres

246 989 16 26 2
273 988 79 27 roods
365 990 33 26 38
411 989 124 36 perches;
554 991 38 26 for
605 992 46 26 the
663 992 60 35 Day

248 1027 62 27 Star
331 1027 100 35 Quartz
450 1027 106 36 Mining
569 1029 153 38 Company,

247 1065 88 36 Lyell.
374 1066 82 28 Nelso
474 1067 176 30 South-West
664 1069 44 27 Dis-

247 1103 70 28 trict.

295 1150 42 28 W.
357 1150 26 30 J.
405 1153 38 27 M.
464 1154 44 26 LA
514 1152 50 28 UN
569 1154 43 28 AC
618 1154 34 31 11,

399 1190 125 29 Minister
536 1192 41 27 for
592 1192 96 28 Mine??.

96 1517 413 60 lIALLhNSTEIN
564 1524 162 57 BROS.

113 1590 96 28 Desire
223 1597 26 21 to
263 1592 101 28 inform
378 1592 46 28 the
439 1594 132 28 residents
586 1594 29 28 of
633 1596 79 35 Lyell

164 1629 54 29 anil
232 1630 184 34 surrounding
428 1631 119 29 districts
566 1633 59 28 that
644 1644 16 17 a

132 1682 23 27 11
174 1682 24 27 E
218 1683 21 26 T
259 1682 22 27 A
301 1682 14 27 I
335 1683 22 26 L

451 1683 243 29 BRANCH

356 1738 34 20 OF
408 1738 55 20 TIIE

234 1778 113 37 NEW
371 1778 221 38 ZEALAND

99 1829 305 77 Clothing
435 1832 297 75 Factory

333 1928 59 21 lIA<
415 1928 80 22 BEEN

98 1970 142 52 Opened
258 1970 35 39 in
322 1971 88 39 New
437 1971 190 53 Buildings
647 1985 84 26 near

162 2025 148 51 Empire
336 2026 118 45 Hotel,
483 2027 180 51 Westport.

133 2131 70 30 I3P*
221 2131 44 28 All
291 2132 92 28 Goods
407 2137 28 24 at
461 2133 117 37 Factory
597 2134 99 28 Prices.

98 2227 43 27 All
155 2227 110 28 Gooocls
278 2237 44 18 are
338 2226 113 31 Marked
470 2229 28 28 in
520 2231 78 26 Plain
620 2232 113 35 Figures

397 2267 41 28 for

97 2314 76 40 gs?
190 2312 143 37 NETT
376 2314 135 38 CASH
560 2315 172 39 ONLY!

97 2420 61 36 Any
172 2419 93 28 article
285 2420 164 37 purchased,
464 2420 55 29 and
531 2425 49 25 not
593 2423 138 37 approved

97 2458 35 33 of,
158 2459 54 28 will
237 2459 33 29 be
295 2459 159 37 exchanged
478 2461 67 29 with
578 2461 46 30 the
656 2473 75 19 same

96 2507 31 18 co
136 2502 90 32 artesy
239 2498 66 28 with
320 2499 88 27 which
421 2503 21 23 it
456 2509 56 18 was
531 2500 67 33 sold,
613 2511 29 17 or
654 2501 24 27 if
688 2502 30 28 de-

158 2536 72 28 sired
242 2537 46 28 the
302 2546 100 26 money
416 2537 56 28 will
485 2537 32 29 be
530 2538 138 28 returned.

99 2573 59 27 The
172 2584 108 18 success
292 2575 91 26 which
397 2575 50 27 has
461 2576 129 27 attended
603 2577 46 26 the
666 2577 67 28 New

134 2611 119 29 Zealand
279 2611 130 35 Clothing
433 2613 142 35 Factory's
606 2613 92 29 Retail

167 2650 141 28 Branches
332 2651 30 27 in
392 2651 139 33 Dunedin,
560 2652 88 28 Christ-

202 2688 114 33 church,
341 2688 178 37 Wellington,
539 2688 70 30 Auck-

237 2727 75 33 land,
325 2727 54 28 and
398 2727 79 29 other
496 2730 97 32 towns,

267 2765 75 28 leads
347 2765 46 27 the
399 2766 167 35 proprietors

306 2806 29 25 to
348 2801 103 31 believe
464 2803 61 30 that

332 2841 79 30 .there
418 2841 82 30 exists

409 2890 18 20 a

100 2927 250 42 Praiseworthy
362 2928 110 34 desire
484 2939 46 24 on
540 2930 59 33 the
610 2933 79 39 part
701 2932 37 33 of

148 2974 59 32 the
219 2974 117 38 public
348 2976 37 29 to
391 2981 197 34 encourage
600 2978 87 30 New

231 3018 152 33 Zealand
406 3019 201 35 Industries.

271 3069 91 28 wircre
374 3071 124 35 superior
510 3071 166 36 Advantages
688 3081 46 20 are

137 3103 110 34 offered,
261 3105 55 29 and
333 3115 69 27 your
414 3111 113 33 support
539 3109 23 28 is
575 3109 125 30 solicited

206 3151 36 22 on
254 3142 55 32 thii
327 3144 216 40 understanding
553 3148 76 37 only.

191 3194 37 34 T.
247 3195 437 48 BLENNERHASSETT,

299 3243 133 39 Manager
442 3245 140 40 Westport
594 3248 120 29 Branch.

92 3351 164 37 Wholesale
269 3351 96 33 Stocks
378 3355 29 26 to
420 3353 83 29 select
516 3355 70 28 from
597 3355 29 28 in
639 3355 37 28 all
684 3364 50 19 our

94 3395 157 31 'Branches.
287 3389 85 31 NOW
392 3390 110 36 OPEN,
526 3391 56 30 and
600 3393 48 29 the
668 3393 66 37 only

245 3431 112 29 address
369 3430 30 28 in
411 3430 140 36 Westport
563 3432 23 27 is

104 3484 86 40 Mew
198 3481 180 50 Buildings
388 3491 83 29 near
480 3480 141 52 Empire
630 3482 106 40 Hotel

3771 2986 15 5 —
3828 2982 43 10 v/il
3878 2979 57 19 Wit,

3756 3001 110 39 County
3880 3003 157 31 Chairman.

3600 3079 138 42 Mining
3764 3081 153 34 Notices.

3454 3158 165 29 MANUKA
3654 3161 96 27 FLAT
3784 3163 101 28 GOLD
3920 3163 146 30 MINING

3563 3212 188 36 COMPANY,
3777 3215 178 30 LIMITED.

3458 3316 67 32 AT
3542 3327 18 17 a
3579 3318 123 35 Meeting
3724 3321 30 25 of
3772 3320 148 34 Directors,
3941 3323 64 26 held
4023 3323 54 26 thh

3539 3368 63 37 clay,
3622 3378 15 18 a
3662 3369 97 29 CALL
3786 3370 55 37 (the
3866 3372 59 35 sth)
3951 3373 31 28 of
4003 3373 74 28 ONE

3443 3419 247 29 HALF-PENNY
3715 3431 48 26 per
3793 3422 80 29 share
3903 3433 56 18 was
3989 3425 88 32 made,

3441 3472 115 36 payable
3570 3476 28 26 to
3612 3473 46 29 the
3673 3474 143 37 Manager,
3831 3480 29 24 at
3881 3476 46 28 the
3951 3478 82 27 Office
4052 3478 25 28 of

3443 3523 46 28 the
3502 3524 155 36 Company,
3672 3526 88 35 Lyell,
3774 3536 36 18 on
3828 3527 249 35 WEDNESDAY,

3441 3575 46 28 the
3502 3577 65 28 13th
3580 3577 54 37 day
3649 3578 30 28 of
3689 3579 185 33 JANUARY,
3890 3582 45 26 188
3935 3582 30 26 G.

3723 3641 124 30 JAMES
3866 3643 142 33 IXGLIS,

3902 3695 141 37 Manager.

3477 3741 86 36 Lyell,
3577 3742 55 28 2nd
3646 3743 136 35 January,
3795 3746 76 26 1880.

3511 3828 251 30 APPLICATION
3783 3831 72 29 FOR
3875 3833 132 28 LEASE.

3762 3907 86 28 Owen
3860 3908 125 31 District,

3707 3944 157 30 November
3878 3948 73 31 16th,
3968 3949 76 27 1885.

3478 3991 39 28 To
3536 3999 55 20 the
3610 3991 130 30 Warden
3758 4002 35 19 at
3812 3994 207 29 Murchisox—

3444 4040 36 27 T
3500 4040 159 28 HEREBY
3683 4042 83 36 apply
3787 4042 41 28 for
3846 4052 16 19 a
3886 4043 194 38 Gold-Mining

3518 4079 85 27 Lease
3623 4078 31 28 of
3672 4080 46 27 the
3741 4080 80 28 lands
3843 4082 166 28 hereinafter
4021 4083 43 28 des-

3443 4116 101 32 cribed,
3556 4116 30 27 in
3599 4118 164 27 accordance
3776 4118 67 29 with
3861 4120 47 26 the
3922 4120 138 28 Gold-Min-

3444 4153 47 36 ing
3504 4155 98 27 Leases
3623 4155 179 34 Regulations
3821 4157 31 28 of
3863 4158 67 28 New
3948 4158 130 33 Zealand,

3445 4193 54 26 and
3522 4193 14 26 I
3556 4202 88 25 agree,
3660 4202 75 27 upon
3759 4195 46 27 the
3824 4197 132 35 approval
3977 4196 30 28 of
4026 4197 56 27 this

3445 4230 175 39 application,
3644 4235 27 27 to
3692 4238 113 26 execute
3828 4245 17 19 a
3857 4235 72 29 lease
3948 4245 73 23 upon
4036 4236 46 29 the

3445 4271 72 26 basis
3530 4271 106 28 therein
3650 4273 98 31 stated,
3763 4273 24 27 if
3796 4275 47 26 the
3857 4275 141 27 Governor
4011 4275 70 28 shall

3445 4308 81 29 think
3538 4308 32 29 tit
3584 4311 26 26 to
3623 4313 81 33 grant
3716 4310 47 29 the
3777 4321 85 19 same.

3677 4358 173 31 MATHEW
3871 4362 141 33 BYRNE,

3889 4400 157 35 Applicant.

3481 4482 89 29 Name
3583 4482 56 29 and
3651 4483 111 29 address
3784 4486 29 27 in
3832 4486 50 27 fall
3895 4487 30 28 of
3934 4487 150 37 Applicant

3515 4521 158 27 —Mathew
3687 4522 103 33 Byrne,
3803 4524 94 26 Owen.

3482 4557 76 36 Style
3582 4558 87 28 under
3692 4559 92 28 which
3810 4562 21 26 it
3856 4562 23 27 is
3900 4562 131 28 intended
4056 4566 28 24 to

3516 4597 117 25 conduct
3646 4597 46 26 the
3706 4598 268 29 business—Golden
3984 4601 99 27 Crown

3516 4633 72 28 Gold
3602 4633 109 37 Mining
3720 4635 153 38 Company.

3482 4673 103 26 Extent
3604 4673 30 26 of
3643 4674 107 34 ground
3765 4676 110 34 applied
3892 4677 192 28 for—Sixteen

3516 4711 54 27 and
3583 4711 91 28 a-half
3678 4721 84 19 acres.

3482 4748 152 29 Minimum
3653 4751 118 28 number
3783 4751 31 28 of
3823 4761 66 19 men
3906 4754 136 35 proposed
4056 4758 28 23 to

3518 4787 33 27 be
3565 4788 146 36 employed
3724 4789 36 37 by
3773 4790 46 27 the
3837 4790 190 29 Lessee—For
4039 4793 46 27 the

3518 4827 60 29 first
3608 4828 96 29 twelve
3729 4829 114 29 months
3867 4831 17 28 '2
3909 4841 64 19 men
3988 4841 7 25 ;
4024 4831 46 30 sub-

3518 4869 155 33 sequently,
3704 4870 82 25 when
3810 4870 29 26 in
3863 4871 50 26 full
3942 4871 87 30 work,
4056 4874 31 24 16

3518 4913 75 19 men.

3484 4944 124 28 Amount
3628 4944 31 28 of
3673 4946 103 35 capital
3796 4948 134 35 proposed
3949 4951 28 26 to
3995 4948 33 29 be
4047 4950 26 27 in-

3520 4983 129 28 vested—
3651 4985 127 31 i:15,000.

3486 5021 137 33 Proposed
3643 5023 81 28 mode
3737 5024 31 27 of
3779 5024 125 35 working
3921 5025 48 29 the
3987 5025 16 29 1;
4015 5026 74 29 nl—

3520 5059 158 34 Tunneling
3690 5062 55 27 and
3758 5062 112 37 sinking
3881 5063 42 28 for
3934 5070 106 29 quartz.

3487 5097 108 29 Precise
3607 5098 250 38 locality.—About
3877 5103 32 27 10
3921 5102 97 29 chains

3521 5137 30 27 of
3561 5138 118 34 Byrne's
3692 5139 98 37 Camp,
3804 5142 85 26 Owen
3904 5142 91 27 River.

3486 5175 83 27 Term
3588 5178 41 25 tor
3647 5177 92 28 which
3758 5179 72 27 lease
3852 5180 23 26 is
3894 5181 194 35 required—ls

3521 5223 90 26 years.

3487 5253 79 28 Time
3584 5255 31 27 of
3630 5258 193 32 commencing
3840 5258 230 34 operations—lm-

3522 5291 151 38 mediately
3685 5302 36 19 on
3734 5295 129 38 granting
3874 5296 30 28 of
3913 5296 80 29 lease.

3489 5369 58 26 The
3567 5369 85 28 above
3670 5371 166 35 application
3856 5372 55 28 and
3929 5383 57 24 any
4003 5373 72 36 objec-

3456 5407 57 28 tion
3527 5407 107 31 thereto
3647 5410 55 30 will
3714 5409 34 31 be
3758 5411 84 30 heard
3854 5417 28 24 at
3891 5412 47 30 the
3950 5412 142 30 Warden's

3455 5447 85 28 Office
3554 5454 28 21 at
3596 5449 171 33 Murcliison,
3781 5461 34 18 on
3826 5452 186 31 TUESDAY,
4027 5454 44 25 lit
4082 5473 8 5 .

3456 5486 186 32 JANUARY,
3657 5490 76 27 188(3.

3491 5525 64 36 Any
3577 5535 98 27 person
3696 5527 121 36 desiring
3840 5532 29 25 to
3888 5529 88 37 object
3997 5533 27 23 to
4045 5527 47 28 the

3457 5564 72 28 issue
3548 5565 31 27 of
3595 5574 15 19 a
3630 5565 109 37 Mining
3753 5567 85 28 Lease
3851 5576 74 29 upon
3944 5568 46 29 the
4009 5566 83 29 above

3465 5604 158 38 ipplication
3648 5613 84 27 must,
3753 5607 99 30 within
3877 5609 34 28 30
3930 5609 72 28 clear
4025 5607 67 32 days

3467 5646 62 25 Vorn
3549 5645 47 27 the
3616 5646 63 26 date
3697 5647 32 26 of
3737 5647 66 26 such
3823 5648 177 34 application,
4017 5656 16 17 e
4042 5649 52 23 iter

3460 5680 43 28 his
3522 5682 136 35 objection
3678 5689 28 23 at
3725 5684 45 28 the
3791 5685 144 28 Warden's
3953 5686 92 31 Office,
4066 5686 28 26 at

3460 5720 89 38 Lyell.

3601 5760 154 29 ALFRED
3774 5762 33 28 A.
3826 5762 203 32 CORFIELD,

3870 5802 53 28 Pro
3935 5801 131 28 Warden.

3603 5838 145 30 Warden's
3763 5839 95 34 Office,

3501 5877 87 35 Lyell.
3602 5877 65 29 25th
3683 5879 165 33 November,
3864 5880 74 28 1885.
