4165 6048
117 227 216 34 SCULLING
352 228 395 32 CHAMPIONSHIP
746 227 1 34 OF

334 270 192 34 AMERICA

161 360 58 32 Ihe
254 372 65 20 race
361 361 131 33 between
536 362 123 33 Teemer
694 364 53 31 and

120 406 10 31 1
139 405 98 32 {anlan
256 410 44 25 for
316 414 5 21 I
331 407 33 30 lie
380 408 124 36 milling
528 409 220 40 championship

116 453 28 28 of
173 449 133 32 America
321 450 55 31 and
406 451 85 31 £2(ii)
518 464 56 19 was
602 454 92 30 towed
713 464 35 18 on

118 496 50 28 Ihe
197 494 121 30 Hudson
347 494 75 29 river
448 507 35 18 on
514 499 129 27 October
668 498 80 30 2Alb.

118 538 61 31 The
196 538 90 39 Spirit
302 541 28 29 ot
349 538 48 31 the
413 538 94 33 Tunes
522 552 20 18 r<
556 540 113 32 marks:

163 583 31 30 In
225 583 58 30 this
313 594 64 20 nice
407 595 15 18 a
452 585 99 30 united
579 585 86 30 effort
695 597 55 19 was

118 627 84 29 made
241 628 34 39 by
314 627 49 29 the
399 629 148 36 gambling
586 628 95 30 crowd
721 637 28 21 to

119 677 119 32 corrupt
266 675 50 25 the
343 669 83 31 M'K<
438 672 230 36 esport'sculler
693 674 54 28 and

121 723 101 20 secure
240 714 48 29 the
302 724 63 20 race
379 716 43 27 lor
438 714 114 31 llanlan
604 714 29 30 T.
646 717 103 28 einrr's

119 755 175 42 qucstiouab
307 767 16 19 e
360 757 142 38 practices
539 759 26 29 in
603 758 49 29 the
687 766 58 30 paisl

113 798 134 43 justified
276 799 75 31 theui
379 809 28 21 in
426 799 146 40 believing
595 799 35 32 he
655 801 92 29 would

121 849 33 25 be
183 853 15 19 a
228 843 108 39 willing
368 844 59 30 tool
453 844 19 28 it
503 844 50 29 tho
583 855 78 26 price
692 855 56 20 whs

120 886 99 38 placed
236 885 66 38 high
318 888 127 38 enough.
487 886 40 29 To
548 886 42 29 his
605 888 91 28 credit
716 889 34 28 lie

118 934 22 26 it
156 928 70 39 s.ii'l,
250 929 34 30 he
444 929 35 30 all
503 929 70 32 such
596 929 153 39 advances,

118 974 66 37 aud,
201 973 146 30 confident
364 975 27 28 ot
410 973 42 30 his
468 974 100 39 ability
586 981 31 22 to
633 982 48 22 out
690 986 57 19 row

119 1016 50 32 the
184 1016 164 42 champion,
363 1016 120 32 insisted
502 1028 35 20 on
557 1017 126 43 ui.ning
701 1019 47 30 the

118 1074 66 18 race
237 1063 48 29 On
313 1063 144 35 fcaturday
490 1062 117 31 Uanlan
639 1075 55 18 was
720 1064 28 30 in

119 1103 133 42 splendid
278 1105 158 38 condi.ioo,
452 1105 55 30 and
525 1114 88 21 never
637 1106 109 30 sculled

121 1152 94 29 better
233 1148 69 32 than
319 1149 44 31 for
377 1150 46 30 the
438 1149 28 32 fir
475 1155 27 25 st
516 1149 54 31 thr<
582 1163 17 19 e
613 1157 136 34 quarters

118 1196 29 27 ot
172 1203 15 20 a
215 1192 77 33 mile,
313 1192 47 30 the
377 1204 64 19 race
469 1195 44 27 for
537 1195 65 28 that
617 1194 132 31 distance

121 1237 85 40 being
233 1249 17 19 a
274 1237 153 38 desperate
450 1243 140 35 struggle,
615 1240 59 30 and
700 1241 49 31 the

120 1291 69 27 pace
217 1281 192 40 wonderfully
440 1283 64 28 fast.
549 1282 59 30 But
638 1283 110 36 though

120 1324 118 33 llanlan
267 1335 49 21 ran
349 1330 42 26 his
427 1324 100 33 stroke
563 1338 37 28 up
637 1331 31 27 to
703 1328 45 37 38,

119 1369 129 35 Teemer,
271 1366 111 43 pulling
398 1380 16 20 a
429 1369 98 40 steadj
551 1371 46 35 82,
621 1372 73 30 staid
713 1373 34 39 by

120 1413 66 38 him,
200 1420 67 30 r.nd,
287 1419 31 25 at
334 1411 50 34 the
400 1413 153 39 half-mile,
582 1414 49 34 the
646 1420 102 35 strong

118 1462 121 25 current
254 1457 55 29 and
334 1458 50 29 the
399 1458 138 39 repeated
560 1463 101 36 spurts
685 1462 59 27 told

120 1510 36 20 on
184 1499 49 31 the
258 1500 157 37 Canadian,
440 1500 57 31 and
522 1500 121 33 Teemer
669 1502 77 31 drew

119 1554 79 30 away
222 1547 31 26 at
276 1553 85 30 every
387 1545 101 29 stroke
541 1547 40 28 At
604 1545 50 30 the
682 1547 66 29 mile

121 1587 49 32 the
184 1597 64 22 race
260 1597 56 21 was
330 1587 136 41 virtually
478 1585 104 35 ended,
607 1588 142 34 llanlan's

120 1632 127 32 conduct
264 1630 28 32 in
306 1633 151 39 upsetting
472 1637 29 27 at
520 1633 50 31 the
586 1634 93 38 stake,
692 1635 56 31 and

121 1676 35 30 ho
179 1675 47 31 did
252 1676 24 31 it
300 1676 143 40 clumsily,
466 1677 22 31 is
513 1678 181 31 contemned
713 1679 34 40 by

121 1727 152 32 everyone.
315 1718 94 33 Those
441 1719 68 33 fami
523 1719 42 33 iar
600 1721 68 30 with
706 1721 42 31 his

121 1774 100 21 career
236 1764 55 31 will
309 1763 86 32 recall
412 1764 50 32 the
483 1766 59 31 fact
565 1764 64 32 that
648 1768 32 30 he
698 1766 50 32 has

121 1808 76 31 done
226 1806 58 33 this
311 1819 78 22 same
412 1808 83 39 thing
521 1808 108 40 before,
654 1822 31 20 as
715 1810 33 31 he

122 1862 93 20 seems
243 1852 180 32 determined
454 1864 88 20 never
563 1858 31 25 to
621 1854 83 31 finish
734 1866 15 19 a

122 1905 65 21 race
203 1893 35 32 he
249 1900 108 26 cannot
370 1895 64 33 win.
478 1896 127 39 Hanlan,
619 1907 17 20 w
646 1897 53 32 heu
715 1898 34 31 he

123 1944 97 36 upset,
242 1938 116 33 showed
384 1941 80 40 signs
478 1942 29 30 of
532 1946 84 34 great
631 1943 118 39 fatigue,

122 1985 55 28 and
195 1982 93 30 would
307 1984 69 30 have
390 1985 71 30 been
475 1985 103 30 beaten
592 1985 34 39 by
638 1990 110 36 twenty

122 2025 118 40 lengths
253 2024 53 33 had
320 2025 34 32 he
366 2027 95 31 rowed
476 2028 83 31 h;me
603 2028 146 33 Teemer's

121 2069 72 31 time
218 2075 30 23 to
272 2068 51 33 the
338 2071 84 30 stake
445 2071 115 37 against
577 2072 49 30 the
645 2079 105 34 strong

122 2115 122 27 current
260 2112 105 31 caused
384 2113 36 41 by
444 2125 17 19 a
480 2114 145 30 four-foot
640 2116 109 30 freshet

121 2154 30 30 in
180 2154 51 30 the
259 2155 50 29 riv<
321 2165 21 28 r,
365 2166 57 20 was
443 2166 69 31 very
535 2156 66 38 fast,
626 2159 67 37 and,
720 2159 28 30 in

123 2209 46 31 my
193 2197 165 43 judgment,
383 2199 36 32 he
443 2199 105 40 would,
572 2200 24 32 if
621 2201 127 43 pressed,

123 2242 71 31 have
209 2243 121 30 covered
347 2243 49 31 the
413 2243 83 31 three
511 2245 81 31 miles
605 2247 29 29 in
652 2248 97 29 19mm

122 2286 95 28 50sec.
262 2284 49 30 He
325 2286 23 30 is
361 2286 51 30 the
422 2286 93 30 ablest
528 2288 107 31 sculier
651 2289 17 29 I
681 2290 68 29 have

121 2339 67 21 ever
214 2338 68 23 seen
309 2339 68 31 row,
401 2330 57 33 ard
474 2330 25 31 if
512 2332 35 31 he
572 2332 87 33 could
682 2333 67 43 only

119 2373 62 31 lear
210 2373 50 31 the
289 2373 96 32 lesson
409 2375 64 30 that
494 2375 30 31 in
555 2378 191 39 professional

121 2417 128 39 boating,
265 2427 30 21 as
311 2417 28 31 in
356 2418 84 31 other
458 2422 123 29 matters
626 2419 123 44 honesty

120 2460 26 30 is
177 2460 48 31 the
254 2460 66 31 best
494 2462 34 31 he
555 2462 50 32 has
626 2475 16 20 a
667 2469 83 34 great

120 2513 99 22 career
248 2502 99 33 before
370 2505 66 31 him.
479 2506 41 31 At
546 2506 74 32 least
643 2509 107 37 40,000

119 2547 107 32 dollars
242 2547 130 41 changed
389 2549 90 32 hands
494 2560 38 22 on
548 2549 49 33 the
614 2563 74 21 race.

159 2591 61 32 The
235 2603 78 21 same
331 2604 91 30 paper
437 2594 30 31 in
481 2605 36 20 an
533 2596 134 32 editorial
681 2600 69 29 note

120 2646 66 30 pays
202 2636 110 29 :—The
334 2636 173 42 Pittsburgh
522 2638 115 33 Leader
651 2646 66 25 sent
733 2652 17 20 a

121 2678 112 40 Special
252 2678 228 34 Commissioner
495 2686 31 26 to
542 2681 50 31 the
614 2682 134 32 Hanlan«

119 2723 122 32 Teemer
271 2732 75 31 race,
373 2723 56 32 and
458 2723 29 32 in
515 2725 45 31 his
585 2731 101 35 report
715 2726 35 33 he

120 2771 139 28 recounts
274 2776 35 20 an
325 2766 150 33 interview
493 2768 68 31 with
577 2769 131 39 Teenier,
720 2770 29 31 in

125 2809 89 32 which
230 2810 49 30 the
292 2810 151 42 champion
460 2811 151 42 distinctly
628 2813 122 41 charges

124 2854 66 31 that
223 2852 118 33 Hanlan
371 2855 164 41 personally
569 2856 90 32 asked
693 2858 55 37 apd

123 2896 108 32 coaxed
254 2896 57 31 and
337 2897 152 31 entreated
517 2898 57 32 him
601 2904 31 27 to
656 2900 93 32 throw

126 2940 59 33 this
212 2949 74 30 race,
309 2940 56 32 aud
398 2941 109 32 offered
529 2942 31 33 in
588 2947 103 28 return
720 2948 31 28 to

126 2985 83 31 make
225 2995 16 20 a
258 2984 94 31 match
367 2989 70 27 next
457 2989 111 37 spring,
589 2987 57 32 and
667 2988 82 32 allow

126 3028 125 31 Teemer
265 3030 31 27 to
314 3027 65 33 win.
417 3027 69 31 This
500 3028 25 31 is
545 3034 54 26 not
613 3041 16 20 a
644 3031 90 30 father-

127 3072 59 31 less
200 3068 86 42 fable,
308 3068 122 44 floating
451 3072 111 32 around
590 3072 49 34 the
654 3085 79 21 news-

126 3125 91 32 paper
238 3114 100 40 world,
360 3114 54 32 but
428 3125 17 22 a
468 3115 160 34 deliberate
654 3121 80 29 state-

127 3164 80 28 ment
243 3158 81 33 made
352 3158 36 43 by
418 3158 64 34 well
496 3158 106 36 known
631 3161 110 43 parties

126 3204 80 30 John
221 3202 120 32 Teemer
355 3204 56 30 and
423 3203 49 31 the
484 3206 164 37 proprietor
660 3207 33 30 of
700 3206 49 31 the

126 3244 171 42 Pittsburgh
314 3245 113 33 Leader
443 3257 50 22 are
508 3257 64 23 men
592 3248 94 33 whom
702 3249 49 33 the

126 3292 52 30 law
207 3300 52 21 can
289 3289 56 31 find
376 3290 57 31 and
463 3292 114 36 punish.
618 3293 33 30 If
675 3294 76 30 their

127 3338 80 38 story
223 3332 23 32 is
262 3334 75 38 true,
359 3332 48 33 the
422 3332 56 33 less
494 3333 61 33 said
572 3334 49 33 the
638 3336 113 42 better;

124 3380 25 30 if
157 3379 78 37 fa'se,
247 3377 117 31 Hanlan
378 3378 64 38 will,
452 3378 32 31 of
493 3390 112 28 course,
617 3382 133 40 speedily

125 3433 53 22 sue
205 3422 76 32 them
310 3419 45 33 for
377 3420 77 33 libel.
498 3422 17 21 *
557 3423 16 20 *
615 3424 17 20 *
674 3426 18 19 *
733 3426 17 19 *

126 3466 62 31 The
226 3466 107 30 closest
377 3467 54 29 and
465 3470 75 27 most
581 3467 166 40 intelligent

124 3509 135 32 students
277 3507 29 31 of
324 3507 109 40 rowing
449 3507 71 33 have
535 3509 106 44 always
654 3511 78 31 main-

125 3553 98 33 tained
238 3552 65 32 that
317 3550 124 34 Edward
467 3552 125 41 Hanlau,
607 3554 141 39 although

126 3596 168 41 possessing
308 3605 16 21 a
340 3596 161 31 wonderful
523 3601 69 27 turn
607 3599 32 29 of
651 3600 99 39 speed,

124 3651 57 21 was
197 3645 50 26 tot
263 3649 16 22 a
296 3638 177 43 thoroughly
494 3651 84 29 gamo
599 3652 132 21 oarsman
745 3657 6 24 ;

123 3685 65 32 that
204 3685 35 30 he
255 3693 62 21 won
340 3681 42 32 his
398 3693 81 21 races
494 3685 37 40 by
560 3686 125 41 pushing
707 3686 44 33 It's

124 3731 164 39 opponents
311 3727 112 40 beyond
439 3728 76 33 their
639 3741 36 20 on
700 3731 50 32 the

122 3774 66 30 firsi
216 3772 75 38 mile,
316 3771 57 29 and
400 3772 69 31 thus
500 3773 139 40 breaking
668 3775 80 31 them

122 3815 94 37 down,
241 3824 32 21 so
297 3814 64 30 that
385 3812 36 31 he
448 3815 85 32 could
557 3815 58 31 find
640 3818 108 30 needed

124 3857 155 42 breathing
303 3857 71 31 time
402 3855 46 33 for
463 3856 124 41 himseh,
607 3859 56 32 and
686 3859 64 33 that

124 3914 57 29 any
196 3913 66 21 man
279 3901 63 31 who
357 3901 83 32 could
460 3902 64 31 bold
541 3902 55 30 hitii
611 3904 56 30 and
679 3904 69 31 head

123 3945 59 32 him
207 3945 30 32 in
258 3944 50 33 the
331 3944 64 30 first
421 3945 58 31 half
496 3946 31 30 of
545 3956 17 21 a
585 3956 65 21 race
666 3948 83 31 could

123 3990 69 32 beat
206 3989 58 32 him
280 3988 96 41 easily.
420 3988 30 33 It
465 3989 24 32 is
504 4000 36 21 an
556 4000 74 29 open
654 3998 95 26 secret

125 4033 64 31 that
204 4033 28 31 in
248 4042 55 21 one
318 4033 32 29 of
364 4031 42 32 his
421 4043 80 21 races
512 4044 37 19 on
564 4034 49 30 the
628 4033 123 33 Thames

124 4076 37 32 he
195 4076 94 32 would
332 4075 72 31 have
466 4076 150 31 cracked''
652 4078 23 30 if
710 4080 41 29 bis

124 4119 170 33 Australian
308 4123 149 37 opponent
471 4119 53 32 had
540 4120 88 31 lasted
641 4125 108 38 twenty

124 4164 115 30 strokes
265 4163 111 39 longer,
401 4163 57 32 and
482 4165 28 28 in
527 4163 43 30 bis
597 4169 56 26 two
671 4177 79 19 races

125 4206 68 32 with
226 4204 92 34 Beach
346 4215 38 21 on
421 4206 49 32 the
505 4205 182 35 Farramaita
717 4209 34 31 he

124 4252 114 30 seemed
259 4255 32 26 to
316 4250 59 31 lose
401 4249 83 33 heart
509 4261 30 21 as
564 4262 70 21 soon
659 4264 31 20 as
717 4254 34 31 he

124 4294 91 31 found
240 4293 65 32 that
330 4292 34 31 he
380 4293 53 31 had
462 4299 58 27 met
536 4306 15 20 a
566 4296 106 32 sculler
689 4298 61 30 who

126 4337 92 31 would
235 4341 52 28 not
304 4338 34 30 be
353 4336 52 31 left
429 4337 114 32 behind.
588 4339 55 30 His
660 4341 84 31 latest

124 4391 66 21 race
205 4380 59 31 still
281 4389 79 21 more
375 4380 108 42 clearly
508 4391 100 30 proves
625 4382 43 30 his
686 4382 60 32 lack

125 4426 28 30 of
183 4426 90 30 heart.
318 4424 47 32 He
390 4424 83 33 made
496 4425 41 32 his
567 4426 82 32 usunl
672 4428 79 37 rush,

125 4479 57 20 was
198 4474 58 25 met
273 4467 67 31 with
357 4467 50 32 the
422 4479 78 20 same
517 4469 110 37 tactics,
646 4475 52 34 put
714 4482 34 19 on

127 4524 77 20 more
228 4518 101 32 steam,
355 4510 54 34 but
433 4513 84 31 could
543 4518 51 27 not
621 4513 70 32 head
709 4515 43 31 his

124 4560 158 35 opponent,
304 4556 54 30 and
382 4559 31 26 at
435 4555 83 31 three
532 4562 136 35 quarters
689 4558 33 30 of
733 4570 15 18 a

124 4598 168 43 mile—just
313 4609 56 22 one
390 4603 120 38 quarter
534 4601 35 32 of
582 4600 49 33 the
647 4611 66 23 race

123 4644 133 38 dropped
268 4643 29 31 in
312 4643 105 31 behind
430 4643 129 39 Teemer,
574 4645 175 40 thoroughly

124 4685 95 33 cowed
237 4686 54 31 and
309 4685 161 39 hopelessly
487 4687 112 30 beaten.

165 4772 78 34 John
259 4772 32 32 L.
308 4773 138 39 Sullivan,
465 4775 50 31 the
532 4775 129 41 pugilist,
684 4788 50 30 pro-

123 4830 83 29 poses
230 4822 29 27 to
273 4821 74 28 start
362 4818 73 30 from
452 4818 58 32 San
526 4819 157 33 Francisco
704 4821 44 31 for

122 4859 152 35 Australia
287 4861 28 31 iu
334 4861 82 40 April
434 4867 69 25 next
519 4863 45 31 for
584 4873 16 21 a
615 4864 133 42 sparring

122 4913 77 26 tour.
243 4906 47 32 He
315 4906 103 32 wishes
441 4910 30 28 to
494 4913 77 27 meet
594 4907 101 34 MMer
717 4921 31 20 or

121 4960 57 26 an?
193 4950 85 31 other
294 4950 168 31 Australian
480 4952 96 31 boxer.

160 4994 70 33 This
246 4994 22 32 is
283 5005 36 21 an
334 4993 131 43 example
480 4994 33 33 of
533 4995 60 33 how
611 4996 137 35 welshers

121 5051 50 21 are
186 5038 112 32 treated
315 5039 27 30 in
365 5038 143 37 England.
550 5041 59 32 The
625 5041 121 33 London

122 5083 125 33 Keferee
268 5093 66 22 savs
423 5082 60 31 The
506 5084 121 38 throngs
655 5085 90 32 which

122 5139 75 27 pour
211 5127 61 30 into
289 5128 162 29 Doncaster
467 5126 72 33 from
564 5129 48 31 the
635 5130 110 41 factory

121 5175 93 27 towns
232 5171 43 31 for
290 5171 63 40 fifty
369 5169 54 30 and
440 5170 77 42 sixty
541 5174 81 30 miles
637 5174 109 30 around

122 5226 49 20 are
188 5215 138 31 veritable
341 5223 125 30 savages.
510 5216 141 42 Recently
667 5217 11 30 I
691 5229 56 19 saw

122 5259 78 32 them
217 5258 73 41 strip
305 5269 16 20 a
338 5268 64 21 man
418 5258 80 32 stark
519 5259 192 33 naked—this
724 5261 23 32 is

121 5314 38 19 no
188 5304 92 36 figure
308 5301 33 30 of
366 5301 125 38 speech;
515 5304 12 29 I
552 5315 82 20 mean
665 5306 80 28 stark

120 5345 192 31 naked—and
329 5343 68 31 then
414 5343 85 32 chase
511 5345 58 31 him
583 5357 98 19 across
697 5346 50 32 the

122 5389 82 30 fields
232 5397 28 22 at.
289 5386 51 32 the
363 5385 70 33 back
460 5390 31 29 of
515 5389 48 30 the
590 5390 77 31 Deaf
691 5392 54 29 and

121 5432 100 32 Dumb
246 5431 132 41 Asylum,
400 5430 107 42 urging
536 5432 57 31 him
616 5444 37 20 on
680 5434 65 30 with

120 5476 81 30 thick
237 5476 90 29 sticks
352 5475 56 30 ahd
443 5478 112 37 pelting
586 5477 54 30 him
679 5478 67 29 with

121 5526 98 24 stones
247 5518 55 30 and
334 5517 79 31 clods
434 5519 55 29 and
514 5519 147 31 brickbats
690 5521 55 29 and

119 5562 143 41 anything
278 5562 60 31 else
353 5562 63 30 that
557 5562 81 31 iiselt
655 5566 27 28 in
699 5564 49 30 the

122 5616 59 31 way
223 5607 32 28 of
289 5605 115 31 missile.
447 5605 69 31 T.iis
553 5616 56 20 was
643 5607 105 41 simply

120 5653 122 30 because
266 5651 34 31 he
323 5662 57 20 was
395 5651 155 38 suspected
578 5652 28 29 of
630 5651 25 32 b>
668 5651 49 35 ing
732 5663 16 20 a

121 5695 121 29 wclfber
295 5695 65 28 One
375 5704 32 18 or
418 5700 56 22 two
487 5694 98 28 others
599 5695 104 33 caught
720 5696 27 28 in

120 5735 49 33 the
184 5743 54 28 act,
255 5735 43 34 lav
316 5737 90 31 about
423 5735 27 32 in
468 5736 49 31 the
540 5735 66 32 road
623 5735 124 43 directly

119 5783 76 28 after
222 5781 48 30 the
296 5781 24 30 L
340 5792 50 28 ger
414 5781 65 30 with
504 5780 70 31 such
600 5781 97 30 marks
713 5791 35 20 on

120 5826 75 32 their
229 5825 54 32 vile
312 5837 33 20 co
366 5836 84 31 piMcs
479 5837 30 19 a*
547 5823 53 32 will
633 5828 50 28 not
717 5825 31 31 be

119 5872 110 32 rubbed
247 5870 3 40 -
266 5872 21 29 if
302 5872 54 29 this
374 5871 59 31 side
451 5870 31 31 of
495 5870 4 40 <

1297 96 117 45 THE
1468 93 184 42 LYELL
1707 94 183 50 TIMES,
1946 94 306 54 SATURDAY,
2304 100 246 54 JANUARY
2695 107 102 38 1886.

3442 5756 112 28 Printed
3567 5756 55 28 and
3636 5756 147 37 published
3800 5756 37 39 l>y
3853 5758 47 28 the
3914 5758 162 38 proprietor,

3477 5796 104 28 Walter
3594 5796 95 32 Atkin,
3702 5801 30 24 at
3745 5796 47 29 the
3807 5798 160 33 llegistered
3991 5799 84 28 Office

3476 5835 77 28 oithe
3567 5838 17 12 '•
3810 5837 168 33 GlilTStreet,
3988 5837 88 37 Lyell,

3477 5875 109 30 Cuimtv
3600 5876 30 28 of
3640 5875 103 31 Duller,
3755 5876 106 30 Colour
3876 5877 26 29 ol

854 221 173 42 Westport
1044 223 302 33 Advertisements.

779 304 334 55 GILMER'S
1168 304 239 65 HOTEL,

1019 409 155 26 WESTPOKT,

805 480 144 37 Corner
977 479 40 37 of
1045 479 239 38 Palmerston
1310 478 74 37 and

896 532 211 42 Wakefield
1136 534 156 47 Streets,

782 624 276 61 CONVENIENT
1083 630 26 26 to
1129 627 45 28 the
1189 626 152 37 Telegraph
1355 624 52 29 and

869 665 65 27 Post
949 664 107 35 Offices,
1071 665 54 28 and
1138 666 95 35 nearly
1246 664 122 37 opposite
1383 668 24 23 to

778 702 45 29 the
838 702 32 28 I'l.
875 703 36 27 M.
927 702 84 29 Court
1025 704 54 27 and
1098 704 81 28 lI.M.
1193 704 135 28 Customs.

779 809 180 40 Gilmer's
981 810 175 40 Masonic
1181 810 129 49 Hotel,

1296 873 103 20 NELSON

780 902 178 38 Gilmer's
986 903 128 46 Hotel,

1230 965 170 20 (jREYMOUTH

780 996 178 39 Gilmer's
979 996 121 53 Royal
1120 996 85 39 Oak
1225 996 129 46 Hotel,

1216 1059 191 20 WELLINGTON.

813 1167 76 28 Good
911 1167 237 28 accommodation
1167 1167 41 28 for
1229 1167 178 30 Commercial

777 1204 160 33 Travellers,
951 1204 66 29 with
1031 1205 105 37 sample
1148 1214 92 18 rooms
1252 1205 139 37 provided.

811 1245 24 28 A
861 1245 87 37 Night
972 1245 94 28 Porter
1090 1244 103 38 always
1218 1255 35 18 on
1278 1245 47 30 the
1350 1256 43 26 pre-

776 1284 92 26 mises.

811 1320 127 35 Booking
958 1320 83 30 Office
1061 1321 41 29 for
1115 1320 45 31 the
1174 1320 168 35 Charleston,
1355 1322 35 29 Ad-

777 1361 113 31 dison's,
904 1361 115 27 Ileefton
1032 1360 55 27 and
1106 1361 79 34 Lyell
1198 1362 129 26 Coaches.

812 1397 78 30 Good
904 1397 126 38 stabling,
1045 1397 67 29 with
1127 1397 75 39 eight
1222 1398 78 30 horse
1323 1398 84 36 stalls,

779 1438 127 29 attached
919 1442 27 24 to
960 1438 46 28 the
1019 1439 141 36 premises.

984 1494 121 33 JOHN
1125 1494 189 40 GILMER,

1211 1539 163 35 Proprietor.

969 1624 439 61 gTRUTHERS

921 1719 89 32 HAS
1026 1719 65 32 ON
1112 1720 149 31 SALE-

828 1795 237 53 Corrugated
1086 1797 99 47 Iron,

828 1859 200 51 Crockery,

829 1920 322 55 Paperhangings,

827 1986 132 38 White
981 1986 118 47 Lead,

828 2049 94 47 Oils,

826 2110 222 45 Varnishes,

827 2172 125 39 Doors
967 2173 74 39 and
1061 2174 153 47 Sashes,

829 2237 168 52 Cutlery,

828 2299 463 53 Cutlery-Electroplate;
1319 2301 75 38 and

828 2364 240 41 Brushware.

817 2494 319 37 PALMERSTON
1181 2495 192 46 STREET,

990 2557 213 29 WESTPORT.

814 2640 290 61 Thomas
1130 2640 244 74 James,

907 2753 264 48 SADDLER,
1202 2752 65 41 &c.
1274 2785 7 16 }

777 2837 219 62 JMPORTER
1015 2846 56 20 AND
1096 2838 315 30 MANUFACTURER

1077 2899 34 20 OF

778 2947 60 40 All
870 2947 253 53 descriptions
1142 2947 41 39 of
1210 2947 198 54 Saddlery,

828 3011 184 47 Harness,
1031 3012 111 50 Long
1153 3011 75 38 and
1247 3011 116 39 Short

876 3072 203 53 Leggings,
1151 3072 158 53 Plough,

924 3138 32 39 &
975 3137 108 40 Back
1109 3137 153 51 Chains,

973 3201 158 49 Traces,
1149 3204 64 38 &c.

778 3329 114 38 Repairs
905 3329 101 39 Neatly
1020 3330 55 29 and
1095 3330 144 39 Promptly
1261 3330 149 30 Executed.

778 3442 175 38 Up-country
966 3443 92 30 orders
1076 3444 141 38 promptly
1229 3444 130 31 attended
1373 3448 38 27 to.

778 3555 49 29 ON
847 3555 206 31 SALE—Steel
1083 3556 137 36 Polished,
1250 3558 56 30 and
1337 3558 75 30 Solid

847 3595 88 28 Silver
963 3596 70 32 Bits,
1065 3595 131 37 Stirrups,
1229 3597 54 27 and
1315 3598 95 35 Spurs,

846 3632 103 37 Riding
971 3633 124 34 Saddles,
1116 3634 75 28 Pack
1213 3634 123 34 Saddles,
1358 3635 54 28 and

846 3671 98 37 Whips
958 3671 29 33 of
1001 3672 37 29 all
1050 3672 188 36 descriptions.

1135 3893 244 64 RR,

990 4002 209 35 IMPORTER,

1119 4095 128 41 WINE,
1275 4095 136 33 SPIRIT

1063 4185 64 21 AKD

877 4257 196 40 Provision
1094 4257 216 40 Merchant.

818 4459 317 36 PALMERSTON
1178 4460 193 45 STREET,

988 4556 57 23 WE
1050 4556 40 23 ST
1094 4556 108 23 PORT.

1428 243 16 21 v
1515 223 146 33 Keefton
1689 225 293 35 Advertisements

1444 294 73 71 \
1554 306 54 39 W.
1650 308 304 50 HINDMARSH,

1441 410 320 82 gHIREBHOKER,
1787 431 180 37 MIXING,
1992 435 77 27 AND

1527 506 166 42 General
1720 509 260 41 Commission

1559 628 8 14 %
1687 604 136 51 Agent,

1470 733 288 48 BROADWAY,
1787 735 245 49 REEFTON,

1559 840 139 37 (Opposite
1718 841 137 29 Southern
1868 842 80 29 Cross

1701 898 103 32 Hotel.)

1441 980 336 61 Dawson's
1842 981 222 75 Hotel,

1533 1087 223 32 BROADWAY,
1784 1087 186 29 lIEEFTON.

1439 1202 87 60 The
1547 1201 235 27 accommodation
1806 1203 125 35 supplied
1952 1204 37 36 by
2015 1204 53 27 this

1528 1241 83 29 house
1627 1245 101 25 cannot
1742 1240 30 30 be
1785 1241 146 36 surpassed
1952 1242 29 30 in
2003 1243 65 31 New

1437 1280 128 27 Zealand.

1439 1383 173 52 Booking
1647 1384 120 40 Office
1803 1385 56 38 for
1895 1385 172 40 Mitchell

1486 1438 75 39 and
1606 1440 231 51 Campbell's
1896 1442 121 50 Royal

1536 1492 94 41 Mail
1661 1495 96 38 Line
1780 1495 41 38 of
1848 1495 96 52 Grey-

1588 1549 133 39 mouth
1738 1549 187 38 Coaches.

1470 1682 68 28 This
1551 1682 85 29 Hotel
1649 1682 23 28 is
1695 1681 61 30 well
1777 1681 101 29 known
1901 1681 167 37 throughout

1437 1721 67 27 New
1519 1721 118 27 Zealand
1651 1721 41 26 for
1711 1720 35 27 its
1766 1720 235 27 accommodation
2015 1721 53 26 and

1437 1760 180 29 convenience
1629 1759 42 31 for
1689 1759 111 30 tourists
1820 1757 55 32 and
1895 1759 173 30 commercial

1437 1799 148 28 travellers.

1632 1846 125 38 JOHN
1778 1844 213 47 DAWSON,

1869 1900 164 35 Proprietor.

1597 1984 308 31 STEVENSON'S

1441 2045 364 62 M'G-affin's
1842 2045 225 75 Hotel,

1539 2147 224 35 BROADWAY,
1783 2148 187 29 EEEFTON.

1439 2280 121 58 THIS
1574 2280 180 35 Magnificent
1766 2280 85 28 Hotel
1863 2280 57 28 will
1941 2281 32 27 be
1985 2281 85 28 found

1526 2316 102 39 replete
1641 2317 68 29 with

1532 2393 91 20 EVERY
1642 2393 125 20 COMFORT
1786 2394 55 19 AND
1860 2394 118 20 MODERN

1651 2431 205 22 CONVENIENCE.

1472 2538 130 34 Tourists,
1628 2538 176 28 commercial
1833 2537 152 35 travellers,
2016 2539 54 27 and

1438 2578 91 30 others
1539 2578 55 30 will
1608 2577 63 30 here
1685 2577 56 29 find
1757 2587 81 28 every
1852 2577 136 31 attention
1998 2587 54 21 com-

1437 2617 82 29 bined
1531 2618 67 28 with
1613 2617 82 29 home
1708 2617 137 29 comforts.

1513 2674 11 11 ✓

1437 2728 157 40 Booking
1612 2728 106 33 Office
1730 2728 53 32 for
1794 2729 171 31 Newman
1977 2730 93 31 Bros'

1464 2774 108 39 Royal
1585 2773 86 32 Mail
1684 2773 85 32 Line
1785 2773 38 32 of
1831 2773 132 32 Nelson
1976 2774 70 31 and

1579 2819 175 39 Westport
1765 2818 164 32 Coaches.

1497 2909 161 41 JAMES
1703 2910 305 48 STEVENSON,

1662 2972 182 20 PROPRIETOR.

1438 3046 251 65 City
1713 3046 359 53 Hotel

1469 3127 288 50 BROADWAY,
1789 3128 248 42 REEFTON.

1439 3259 284 60 COMMERCIAL
1742 3259 164 34 Travellers,
1931 3259 140 34 Families,

1527 3299 55 27 and
1602 3299 47 27 the
1670 3299 90 35 public
1779 3298 141 36 generally
1939 3299 57 26 will
2015 3298 55 28 find

1438 3335 55 30 this
1506 3335 175 30 well-known
1699 3335 87 29 Hotel
1803 3335 78 29 fitted
1901 3335 68 29 with
1990 3345 82 28 eyery

1438 3375 113 30 modern
1565 3375 183 30 convenience
1758 3374 55 31 and
1825 3374 194 39 requirement.

1487 3489 86 38 The
1605 3489 257 50 Proprietress
1892 3490 32 36 is
1948 3489 102 38 deter-

1439 3542 128 41 mined
1593 3549 40 34 to
1652 3556 111 38 spare
1781 3555 50 27 no
1850 3556 164 38 expense
2033 3542 38 41 in

1438 3598 155 50 making
1611 3597 77 39 this
1709 3598 117 37 Hotel
1846 3597 226 53 thoroughly

1438 3652 113 52 equal
1569 3658 40 33 to
1628 3651 49 39 all
1696 3650 287 52 requirements.

1439 3782 92 34 Local,
1550 3782 125 29 Colonial
1700 3782 54 28 and
1780 3782 90 28 Home
2018 3783 54 28 and

1559 3820 163 36 periodicals
1734 3820 137 36 regularly
1884 3820 73 28 filed.

1605 3876 153 42 ALICE
1785 3874 236 50 NEVILLE,

1878 3940 192 34 Proprietress.

897 4787 155 37 PETER
1081 4788 211 46 MULVAY,

778 4875 247 69 PLUMBER,
1056 4876 235 37 TINSMITH,
1322 4877 86 29 AND

951 4915 220 36 GASFITTER,
1185 4916 55 29 and

856 4998 473 51 COPPERWORKER,

809 5116 214 39 Palmerston
1050 5116 121 47 Street,
1190 5116 186 47 Westport,

892 5224 140 37 (Opposite
1047 5224 127 28 Gilmer's
1187 5224 105 36 Hotel.)

778 5373 91 36 Every
887 5372 179 37 description
1083 5373 32 31 of
1139 5372 177 33 Holloware,
1332 5372 57 32 Tin-

815 5417 115 30 smiths'
946 5416 113 39 Good?,
1075 5417 56 30 and
1152 5416 215 41 Ironmongery

973 5461 71 40 kept
1066 5462 29 30 in
1117 5460 94 33 stock.

906 5596 23 26 A
943 5596 87 35 Large
1044 5596 199 34 Consignment
1256 5595 30 27 of

821 5663 186 39 STOVES
1033 5662 102 39 AND
1169 5661 197 43 RANGES

985 5748 60 22 NOW
1064 5748 32 21 TO
1117 5748 83 21 HAND.

884 5878 12 27 I
942 5880 8 6 ''
964 5876 42 29 All
1026 5876 83 28 W<nk
1124 5875 179 30 Guaranteed.

2269 232 117 31 Public
2405 232 151 33 Notices.

2231 312 129 41 JOHN
2405 313 188 51 MUNEO,

2098 442 235 29 GENERAL
2364 444 246 31 MERCHANT
2641 447 88 29 AND

2312 520 207 38 IMPORTER,

2197 637 267 40 Palmerstorf
2493 640 138 44 Street,

2308 759 216 25 WESTPORT.

2143 851 256 35 JOHNSTON*
2416 856 28 31 &
2470 856 215 32 WATKINS

2314 928 107 28 CIVIL
2439 929 79 28 AND

2184 1005 50 28 IN
2246 1005 47 28 IN
2303 1006 25 28 G
2399 1007 56 37 TP
2472 1007 23 27 N
2509 1007 83 28 GIN
2601 1008 94 27 EEK
2705 1008 28 34 S,

2284 1093 181 20 AUTHORISED
2487 1095 56 18 AND

2099 1135 280 42 LICENSED
2405 1136 326 44 SURVEYORS

2097 1228 132 40 Working
2254 1229 82 30 Plans
2359 1230 54 30 and
2438 1230 108 31 Details
2571 1231 30 30 of
2625 1231 107 40 Miinng

2131 1271 162 35 Machinery
2307 1272 132 34 prepared
2449 1272 55 27 and
2513 1272 46 28 the
2568 1273 131 28 Erection

2182 1308 108 37 Mining
2305 1309 160 39 Machinery
2478 1310 168 38 supervised.

2096 1386 119 35 Surveys
2227 1386 43 27 for
2280 1386 110 36 Mining
2400 1387 165 36 Companies
2575 1389 158 28 contracted

2096 1424 39 30 for
2149 1424 34 39 by
2198 1425 44 31 the
2256 1434 73 29 year.
2367 1426 120 38 Surveys
2497 1426 81 32 made
2588 1428 88 30 under
2686 1427 46 31 the

2267 1465 81 28 Land
2361 1466 128 28 Transfer
2499 1468 60 27 Act.

2343 1542 138 31 Address:

2096 1578 167 36 Broadway,
2284 1579 152 36 Reeft®n;
2463 1590 56 19 and
2546 1581 187 30 Commercial

2298 1619 111 36 Hotel,
2429 1621 92 29 Lyeli

2129 1696 293 30 N.B.—lnstructions
2436 1699 47 28 left
2496 1703 30 24 at
2538 1700 91 27 Times
2640 1700 93 34 Office,

2095 1741 16 21 i
2119 1734 64 34 yell,
2197 1734 56 29 will
2265 1736 105 28 receive
2378 1736 160 30 immediate
2552 1738 146 29 attention.

2227 1819 66 61 N
2300 1820 309 62 ewman's

2297 2026 48 28 OF
2364 2026 178 30 COACHES

2131 2121 254 29 Thrice-Weekly
2410 2122 123 28 Service
2555 2124 144 28 Between

2184 2167 106 35 Lyell,
2304 2167 134 28 Reefton
2450 2177 56 19 and
2521 2169 126 29 Nelson.

2097 2263 92 28 Leave
2210 2261 83 37 Lyell
2310 2263 44 28 for
2371 2264 106 29 Nelson
2493 2274 84 27 every
2599 2266 135 36 Tuesday,

2098 2308 147 37 Thursday
2253 2308 56 29 and
2320 2309 149 37 Saturday,
2479 2313 29 26 at
2518 2313 63 26 2.30
2591 2321 78 27 p.m.,
2680 2313 54 27 and

2098 2356 81 39 Lyell
2191 2357 41 29 for
2245 2357 139 38 Westport
2397 2358 56 30 and
2467 2359 127 36 Reefton,
2614 2370 36 20 on
2664 2360 52 31 Sun-

2098 2405 64 37 day,
2175 2406 177 37 Wednesday
2365 2406 55 29 and
2434 2407 113 37 Friday,
2556 2414 29 23 at
2597 2410 62 27 9.30
2669 2419 64 19 a.m.

2098 2492 166 35 Passengers
2290 2493 102 27 booked
2424 2494 43 27 for
2497 2494 152 37 Hampden
2679 2496 55 29 and

2219 2538 80 30 other
2311 2540 193 29 intermediate
2517 2540 102 39 places.

2269 2619 133 29 Booking
2423 2620 121 29 Offices
2555 2629 6 20 :

2100 2674 137 38 Westport
2502 2677 132 30 Gilmer's
2648 2679 86 29 Hotel

2098 2722 118 29 Reefton
2460 2724 178 30 Stevenson's
2650 2727 84 28 Hotel

2098 2771 105 28 Nelson
2511 2773 126 30 Masonic
2650 2774 83 30 Hotel

2132 2865 45 28 All
2189 2865 108 37 parcels
2310 2869 75 26 must
2397 2866 32 29 be
2445 2867 124 37 prepaid,
2589 2868 145 30 otherwise

2231 2912 69 37 they
2312 2913 57 28 will
2380 2913 33 29 be
2426 2914 50 28 left
2488 2914 113 29 behind.

2423 2970 38 27 H.
2481 2957 187 48 NEWMAi^
2668 2957 10 13 -

2532 3009 160 35 Proprietor

2161 3099 150 29 LADIES'
2330 3099 50 29 OR
2399 3099 273 31 GENTLEMEN'S

2102 3151 297 64 gADDLE
2469 3153 261 61 JJACKS,

2233 3244 93 36 (Quiet
2338 3244 55 28 and
2405 3245 200 30 Well-broken)

2098 3306 74 27 FOR
2185 3306 98 27 HIRE
2297 3306 50 26 BY
2359 3306 78 27 THE
2452 3306 281 29 UNDERSIGNED

2217 3356 42 30 At
2278 3356 168 30 Inangahua
2464 3356 151 31 Junction.

2132 3459 114 29 Horse's
2259 3461 60 27 sent
2331 3460 37 35 Jto
2382 3459 79 35 Lyell
2474 3461 29 27 at
2522 3467 16 21 a
2551 3461 150 28 moment's

2364 3497 101 28 notice.

2099 3584 198 47 Courtney's
2305 3585 301 38 Accommodation
2615 3585 120 38 House

2099 3641 113 35 Having
2235 3641 86 37 lately
2341 3641 70 28 been
2433 3642 192 36 considerably
2646 3642 90 29 added

2098 3683 28 25 to
2147 3679 55 28 and
2220 3678 154 38 improyed,
2387 3680 24 28 is
2431 3689 62 20 now
2506 3690 52 19 one
2570 3680 31 29 of
2616 3681 47 28 the
2676 3680 60 30 best

2098 3718 148 38 appointed
2259 3719 54 28 and
2326 3722 73 25 most
2411 3719 178 28 comfortable
2609 3720 127 29 roadside

2208 3758 110 28 house's
2331 3767 37 20 on
2380 3758 47 29 the
2440 3758 79 30 West
2532 3758 92 30 Coast.

2114 3871 27 32 P
2152 3871 107 36 RAIN
2270 3871 85 33 CIS
2406 3871 313 42 COURTNEY,

2324 3941 192 26 Proprietor.

1771 4060 118 53 THE

1437 4195 327 40 PRINTING
1813 4195 127 38 AND
1990 4189 425 45 PUBLISHING
2466 4191 267 48 OFFICE,

1853 4313 146 29 CLIFF
2036 4314 69 33 ST.,
2141 4313 179 29 LYELL.

1439 4515 245 54 Tlx©
2267 4512 396 56 Times

1503 4647 37 38 Is
1559 4660 73 25 one
1651 4647 41 38 of
1707 4647 63 38 the
1790 4647 84 38 best
1893 4647 97 40 local
2009 4649 189 38 mediums
2216 4649 57 38 for
2291 4649 247 52 distributing
2557 4664 115 33 news,

1681 4736 340 50 Advertisements,
2044 4739 74 39 and
2138 4738 169 53 subjects
2326 4738 42 40 of
2382 4739 97 40 local

1877 4826 169 49 interest,
2070 4828 232 51 throughout

1667 4918 64 40 the
1769 4918 131 40 Buller
1934 4920 75 40 and
2048 4920 222 52 Inangahua
2306 4922 196 39 Counties.

1484 5138 170 51 Charges
1672 5136 56 39 for
1747 5136 178 52 standing
1943 5136 329 46 advertisements,
2295 5150 88 37 very
2399 5136 235 40 reasonable.

1488 5230 78 46 fob,
1615 5229 120 46 Plain,
1773 5228 75 38 and
1892 5229 49 38 all
1976 5228 110 40 kinds
2126 5228 41 38 of
2199 5228 176 51 printing,
2415 5226 184 39 executed
2644 5226 89 39 with

1435 5298 184 52 despatch
1639 5306 40 31 at
1698 5299 64 38 the
1782 5298 130 38 lowest
1931 5299 137 49 prices.

1483 5385 333 39 Communication
1837 5383 48 53 by
1905 5391 85 44 post
2006 5399 42 24 or
2065 5384 85 39 wire
2171 5383 192 52 promptly
2383 5382 183 40 attended
2586 5389 50 32 to.

1957 5621 251 42 ADDRESS:

1975 5843 221 40 LYELL.

2936 235 119 33 Public
3074 236 152 33 Notices.

2846 315 85 32 THE
2952 315 140 33 STAMP
3113 316 88 41 ACT,
3225 319 86 31 1875.

2761 427 48 55 Q
2818 425 413 34 A.UTlON.—Transferors
3245 429 57 32 and
3313 434 7 25 I
3328 442 72 19 rans

2855 471 44 30 fer
2916 471 61 31 fees
2992 471 30 31 in
3036 473 67 39 fold
3121 473 115 41 mining
3247 475 57 30 and
3318 474 85 32 other

2759 515 171 41 companies
2956 515 59 30 and
3043 515 142 32 societies
3210 527 51 20 are
3286 518 117 30 warned

2759 559 116 41 iigainst
2898 559 162 41 executing
3084 570 55 30 any
3173 560 186 33 instrument
3375 563 27 30 of

2759 605 59 29 sale
2834 613 34 21 or
2885 603 131 32 transfer
3032 605 101 30 unless
3146 605 52 31 the
3208 616 87 21 name
3308 608 28 29 of
3354 606 50 32 the

2762 645 160 41 purchaser
2951 657 34 20 or
3015 648 169 31 transferee
3218 648 26 31 is
3270 649 133 31 iuserted

2761 690 115 30 therein
2907 692 32 26 at
2969 701 35 19 or
3029 690 103 32 before
3159 692 53 31 the
3244 699 159 25 execution

2761 732 123 38 thereof,
2904 743 17 19 a
2937 734 161 31 maximum
3125 735 123 37 penalty
3264 738 33 29 of
3318 737 87 30 £IOO

2762 776 92 29 under
2893 777 115 30 section
3045 779 66 36 103,
3147 778 89 40 being
3264 779 139 31 incurred

2761 817 134 40 thereby.
2939 819 69 42 Any
3020 820 73 30 such
3104 820 195 41 instrument,
3312 831 81 22 more

2761 873 82 26 over,
2858 873 32 20 so
2904 862 104 40 signed
3024 863 26 31 is
3076 865 170 39 absolutely
3263 866 67 31 void
3347 866 58 30 and

2763 906 193 38 inoperative,
2982 906 59 31 and
3064 908 72 29 does
3158 911 55 26 not
3229 909 101 30 divest
3356 908 50 29 the

2764 948 164 31 transferor
2944 949 31 31 of
3002 949 44 32 his
3060 950 127 32 interest
3203 950 131 40 therein,
3349 951 57 32 and

2762 991 36 32 he
2813 992 127 32 remains
2957 993 89 33 liable
3062 994 126 32 thereon
3204 1005 32 21 as
3252 995 26 31 if
3299 995 36 32 he
3351 995 55 32 had

2763 1045 89 21 never
2867 1035 141 43 disposed
3024 1038 30 31 of
3081 1037 52 32 the
3149 1049 91 21 same.
3297 1038 32 32 If
3356 1038 50 32 the

2763 1080 166 31 transferor
2956 1082 36 31 be
3008 1094 16 19 a
3050 1082 134 32 licensed
3206 1083 200 32 sharebroker

2763 1122 43 31 his
2822 1122 111 32 license
2961 1124 26 31 is
3012 1125 143 31 forfeited
3181 1136 39 19 on
3236 1126 170 31 conviction

2763 1168 55 31 and
2834 1166 160 36 thereafter
3019 1169 36 33 he
3069 1169 26 33 is
3118 1169 187 43 disqualified
3331 1170 75 32 from

2764 1212 99 39 nctiug
2888 1223 32 19 as
2947 1224 17 20 a
2979 1213 110 31 broker
3104 1224 33 20 or
3161 1216 75 29 from
3269 1214 104 41 having
3392 1226 14 18 a

2765 1255 76 34 fresh
2859 1256 111 35 iicense
2980 1258 98 33 issued
3095 1263 32 28 to
3139 1259 69 32 him.

2842 1366 254 33 POSTAGE
3138 1368 188 32 KATES.

2954 1489 90 22 TOWN
3069 1490 147 22 LETTERS.

2801 1534 112 33 Posted
2939 1539 33 28 at
2993 1546 59 30 any
3079 1536 72 31 Post
3179 1536 92 33 Office
3301 1538 102 32 within

2762 1585 50 33 tho
2827 1586 105 44 colony
2948 1588 46 31 for
3008 1587 132 44 delivery
3153 1592 31 28 at
3199 1599 33 21 or
3243 1588 74 33 from
3330 1590 72 33 sucb

2765 1640 72 33 Post
2854 1641 93 34 Office

2765 1696 59 33 Not
2836 1700 163 39 exceeding
3014 1700 64 31 half
3090 1712 37 20 an
3143 1712 96 21 ounce
3293 1728 30 7 ...
3370 1704 34 30 Id

2766 1741 167 43 Exceeding
2947 1743 65 32 half
3022 1754 38 22 an
3075 1754 106 31 ounce,
3206 1747 53 31 but
3275 1750 54 28 not

2800 1788 163 39 exceeding
2978 1800 58 20 one
3051 1801 97 20 ounce
3292 1818 31 6 ...
3368 1793 37 30 2d

2765 1830 57 32 For
2834 1841 92 33 every
2942 1831 63 32 half
3017 1842 96 23 ounce
3127 1844 71 22 over
3212 1844 57 23 one
3294 1861 31 8 ...
3370 1837 35 31 Id

2926 1899 148 23 COUNTRY
3090 1900 148 24 LETTERS.

2801 1945 109 35 Posted
2928 1950 32 30 at
2973 1957 58 32 any
3055 1951 68 37 post
3137 1948 84 34 office
3236 1950 103 34 within
3356 1951 44 33 the

2762 1999 105 41 colony
2896 2001 47 29 for
2973 2000 134 41 delivery
3132 2006 32 26 at
3189 2013 33 19 or
3248 2004 75 30 from
3350 2016 36 19 an

2761 2050 88 33 other
2860 2055 67 37 post
2937 2051 84 33 office
3038 2052 103 33 within
3158 2053 51 33 the
3223 2056 105 42 colony

2766 2108 60 30 Not
2841 2109 164 39 exceeding
3019 2109 64 31 half
3095 2121 37 20 an
3149 2122 98 20 ounce
3294 2138 28 8 ...
3370 2117 30 28 2c

2765 2151 169 40 Exceeding
2949 2151 63 32 half
3024 2162 37 21 an
3076 2163 106 30 ounce,
3197 2155 55 31 but
3276 2159 54 28 not

2801 2194 163 41 exceeding
2975 2205 58 21 one
3047 2206 97 22 ounce
3294 2225 31 7 ...
3369 2202 36 30 4d

2765 2237 57 33 For
2850 2249 88 31 every
2962 2237 66 35 half
3053 2250 97 24 ounce
3173 2251 72 23 over
3274 2254 57 23 one

2802 2293 98 21 ounce
2978 2309 31 7 ...
3136 2310 32 7 ...
3294 2312 31 8 ...
3369 2291 36 28 2d

2891 2359 201 25 AUSTBALIAN
3113 2361 166 26 COLONIES.

2765 2411 62 31 Not
2841 2413 164 40 exceeding
3019 2413 66 32 half
3101 2425 38 21 an
3154 2426 97 22 ounce
3294 2443 31 8 ...
3370 2420 37 31 2d

2764 2455 170 43 Exceeding
2946 2456 66 33 half
3033 2469 38 20 an
3087 2469 104 30 ounce,
3207 2460 56 33 but
3276 2467 55 28 not

2801 2501 164 38 exceeding
2979 2512 57 20 one
3052 2512 96 23 ounce
3293 2531 31 7 ...
3368 2508 39 31 4d

2764 2541 58 33 For
2849 2554 89 31 every
2963 2543 64 33 half
3052 2556 96 22 ounce
3177 2557 70 23 over
3273 2559 57 23 one

2801 2599 99 23 ounce

2784 2665 148 22 ENGLAND
2953 2667 65 21 AND
3040 2667 141 23 FOREIGN

2941 2712 59 33 Per
3014 2713 80 33 Half

2765 2754 112 33 United
2898 2756 161 41 Kingdom,
3075 2770 15 24 j

2801 2799 80 33 cisco
2895 2801 59 31 and
2976 2803 77 30 Suez

2766 2842 111 32 United
2906 2844 102 32 States
3036 2855 18 21 o

2800 2886 60 31 San
2877 2886 175 46 Francisco*;

2762 3015 153 33 Canadian
2950 3017 193 41 Dominions,
3177 3019 49 33 via
3272 3020 60 34 San

2802 3059 165 33 Francisco

2764 3102 111 33 British
2893 3103 160 34 Columbia

2762 3147 90 32 West
2865 3147 106 33 Indies

2762 3191 131 40 Mexico,
2906 3191 48 33 via
2965 3192 59 33 San
3041 3193 166 35 Francisco

2762 3236 125 31 Central
2905 3236 140 32 America

2762 3278 94 33 South
2871 3279 149 41 America,
3032 3280 47 33 via
3091 3281 59 33 San
3162 3281 163 36 Francisco

2976 3356 221 26 MEWBPAPEB3.

2763 3405 110 32 Posted
2901 3415 18 21 a
2957 3416 60 28 any
3041 3407 85 32 office
3152 3407 105 33 within
3279 3410 52 31 the

2800 3448 106 43 colony
2921 3453 48 28 tor
2983 3449 132 44 delivery
3129 3455 33 28 at
3182 3451 53 33 the
3249 3463 80 23 same

2800 3492 86 31 office

2763 3534 111 33 Posted
2899 3536 32 31 at
2955 3545 60 32 any
3040 3535 85 33 office
3149 3537 106 33 within
3277 3539 54 33 the

2801 3579 106 43 colony
2922 3579 47 33 for
2983 3579 132 43 delivery
3129 3586 34 28 at
3173 3593 57 31 any
3244 3582 88 35 other

2801 3622 85 33 office
2900 3623 102 32 within
3017 3624 53 31 the
3083 3626 109 39 colony

2762 3666 176 32 Australian
2952 3667 143 33 Colonies

2762 3710 116 32 United
2894 3710 159 41 Kingdom

2921 3777 59 34 Via
2995 3779 59 32 San
3076 3779 177 33 Francisco.

2961 4208 87 23 BOOK
3069 4210 141 23 PACKETS

2766 4254 109 33 Posted
2900 4258 32 29 at
2954 4266 59 32 any
3038 4257 83 33 office
3148 4260 105 31 within
3280 4261 51 32 the

2802 4299 107 42 colony
2925 4299 47 31 for
2986 4301 131 40 delivery
3131 4306 32 27 at
3179 4303 51 32 the
3241 4315 90 29 same,

2803 4342 103 33 within
2937 4344 53 31 the
3018 4344 117 42 colony,
3164 4346 52 32 the
3253 4349 77 31 Aus*

2802 4387 108 30 tralian
3082 4400 34 19 or
3140 4389 52 32 the
3216 4390 116 34 United

2804 4429 154 43 Kingdom
3157 4435 54 31 loz
3295 4463 31 8 ...
3373 4438 35 32 Id

2843 4476 48 30 Do
3041 4501 31 8 ...
3156 4481 55 28 2oz
3295 4506 31 7 ...
3371 4484 37 29 2d

2843 4518 48 33 Do
3042 4547 30 8 ...
3157 4522 53 38 |lb
3295 4551 31 8 ...
3371 4526 37 32 4d

2842 4563 49 30 Do
3042 4589 31 7 ...
3160 4567 50 29 lib
3295 4594 31 6 ...
3371 4571 37 29 8d

2767 4605 96 43 Every
2890 4605 165 35 additional
3079 4608 112 41 pound,
3204 4620 35 21 or
3253 4609 64 35 frac-

2802 4651 96 32 tional
2910 4656 69 37 part
2994 4653 31 30 of
3039 4664 17 20 a
3072 4655 102 37 pouud
3297 4682 31 8 ...
3373 4659 36 31 8d

2930 4695 59 31 Via
3004 4696 58 31 San
3081 4695 172 35 Francisco.

2765 4736 114 33 United
2909 4737 111 37 States,
3044 4750 89 31 every
3164 4741 51 37 |lb
3298 4769 32 7 ...
3373 4745 36 31 4d

2765 4782 155 32 Sandwich
2937 4782 116 32 Islands
3173 4810 17 14 „
3297 4812 30 9 ...
3373 4789 36 31 4d

2766 4826 148 33 Canadian
2933 4826 178 35 Dominions
3173 4854 19 15 „
3298 4858 31 6 ...
3373 4835 36 30 6i

2767 4869 110 32 British
2896 4870 159 33 Columbia
3175 4899 17 13 „
3297 4902 31 7 ...
3373 4878 36 30 6d

2766 4913 87 33 West
2867 4913 105 33 Indies
3176 4944 17 12 ff
3295 4947 31 8 ...
3373 4922 36 31 6d

3438 3619 132 31 Sander
3587 3620 28 31 &
3630 3621 89 31 Sons
3731 3622 186 40 Eucalypti
3929 3625 145 32 Extract

3473 3667 125 37 (Clinical
3622 3669 116 34 Record,
3765 3672 75 37 Sept.
3867 3674 207 35 1880).—The

3436 3706 145 29 American
3610 3708 118 30 medical
3758 3711 153 36 profession
3941 3722 71 24 uses,
4045 3716 29 26 in

3436 3746 171 36 gonorrhoea,
3627 3757 30 19 as
3670 3758 36 19 an
3724 3749 143 36 injection,
3881 3761 36 18 an
3936 3751 138 30 emulsion

3437 3784 29 28 of
3487 3794 51 19 one
3557 3794 88 20 ounce
3663 3796 66 27 gum
3751 3788 111 34 Arabic,
3882 3791 31 26 in
3936 3793 34 26 30
3992 3801 31 18 or
4040 3793 34 26 40

3437 3831 100 19 ounces
3550 3824 29 26 of
3588 3827 94 28 water,
3696 3826 111 34 applied
3819 3827 62 26 four
3893 3829 84 26 times
3989 3829 85 35 daily.

3437 3860 85 36 Eight
3540 3860 81 36 drops
3639 3861 83 36 given
3734 3864 146 34 inwardly,
3900 3874 69 19 once
3989 3866 85 36 daily,

3437 3902 127 33 prevents
3576 3900 156 38 effectually
3745 3904 221 29 contamination
3981 3906 30 27 of
4026 3906 48 28 the

3437 3937 81 29 blood
3531 3938 29 28 in
3572 3939 58 27 foul
3643 3940 115 28 disease.

3607 4049 292 32 CAUTION.

3438 4101 132 31 Sander
3587 4101 27 31 &
3629 4101 89 31 Sons
3730 4102 185 41 Eucalypti
3929 4106 148 31 Extract

3473 4151 50 35 (St.
3542 4151 74 28 Lous
3634 4150 115 29 Clinical
3762 4151 116 34 Record,
3897 4153 65 29 Jan.
3982 4156 91 32 1882).

3436 4189 157 34 —Hazard,
3612 4189 76 28 M.D.
3708 4190 71 29 Prof,
3799 4191 32 28 of
3845 4192 155 37 Pathology
4018 4195 55 27 and

3437 4228 128 28 Diseases
3583 4228 31 28 of
3628 4227 46 29 the
3694 4228 89 35 Mind,
3809 4235 101 23 states:
3931 4231 52 29 We
4002 4231 71 29 have

3438 4265 145 31 examined
3600 4266 61 30 half
3675 4276 15 19 a
3702 4266 87 30 dozen
3803 4268 155 38 specimens
3971 4270 31 29 of
4017 4271 37 28 Eu-

3437 4306 103 37 calypti
3548 4306 123 28 Extract.
3694 4306 130 29 Sander's
3831 4317 101 28 prepar
3939 4309 69 28 ition
4017 4319 59 18 was

3438 4344 47 28 the
3521 4345 65 36 only
3621 4355 52 18 one
3702 4345 92 29 which
3830 4347 182 37 corresponds
4047 4352 29 25 to

3438 4383 133 27 scientific
3584 4387 76 25 tests.

3473 4421 58 28 Our
3552 4421 174 38 preparation
3750 4422 24 28 is
3798 4422 48 28 the
3871 4423 67 38 only
3958 4423 119 38 existing

3439 4460 110 29 volatile
3569 4466 114 28 extract,
3701 4461 54 29 free
3769 4463 30 27 of
3814 4462 37 28 all
3870 4463 125 29 resinous
4014 4473 46 27 par-

3439 4499 85 27 ticles.
3568 4499 47 28 All
3643 4499 80 28 other
3751 4502 190 35 preparations
3971 4502 31 28 of
4028 4503 47 27 the

3439 4537 182 39 Eucalyptus,
3642 4548 36 20 no
3698 4542 101 26 matter
3824 4541 91 29 where
3935 4541 123 29 manufac-

3439 4577 90 31 tured,
3549 4587 46 17 are
3608 4577 93 32 crude,
3714 4579 124 26 resinous
3857 4579 61 30 oils,
3937 4579 140 35 irritating

3439 4613 55 29 and
3513 4613 153 40 blistering,
3685 4614 93 30 rather
3789 4616 115 36 causing
3919 4616 138 29 inflamma-

3439 4654 58 27 tion
3517 4654 69 28 than
3606 4656 111 35 staying
3735 4656 30 31 it,
3778 4654 55 29 and
3852 4655 30 28 of
3897 4656 56 28 real
3973 4656 104 36 danger

3439 4691 23 27 if
3478 4694 162 35 errcnously
3659 4693 110 37 applied
3786 4694 29 27 in
3833 4694 94 28 throat
3946 4694 130 33 diseases,

3440 4730 46 27 &c.

3475 4768 43 29 No
3541 4768 101 30 bottles
3659 4769 120 37 genuine
3793 4773 95 34 except
3906 4771 80 29 those
4007 4771 69 29 with

3439 4807 86 29 labels
3547 4808 115 36 bearing
3683 4819 50 18 our
3754 4809 139 36 signature
3918 4811 56 27 and
3999 4811 78 28 trade

3440 4846 90 34 mark,
3554 4847 56 28 and
3628 4848 114 29 secured
3760 4848 107 29 outside
3886 4849 65 28 with
3971 4859 17 19 a
4009 4850 68 36 pink

3442 4894 122 28 wrapper
3595 4886 55 28 and
3680 4896 83 26 green
3798 4886 82 32 band,
3918 4887 47 29 the
3995 4888 82 29 latter

3439 4922 115 40 bearing
3567 4935 49 19 our
3629 4925 117 30 location
3760 4925 54 30 and
3828 4924 149 38 signature.

3473 4964 158 29 Directions
3643 4971 41 22 lor
3696 4975 48 19 use
3756 4965 68 29 with
3836 4966 66 27 each
3916 4966 96 29 bottle.

3458 5057 240 28 SANDER
3740 5058 114 27 AND
3895 5057 162 30 SONS'

3602 5096 165 33 Sandhurst,
3781 5096 129 29 Victoria.

3485 5200 243 30 DUNCAN
3783 5201 239 35 M'LEAN,

3610 5256 99 33 Agent,
3720 5255 181 34 Greymouth.

2764 5029 150 61 JOB
2934 5029 465 72 FEINTING

3064 5229 34 20 OF

2812 5379 118 48 Every
2956 5379 206 55 description
3191 5386 161 39 executed

3064 5553 34 18 AT

2766 5678 77 68 Wfj
2846 5700 21 38 t
2888 5681 138 76 lycll
3044 5682 164 61 ®imcs
3237 5686 161 67 (Office,

2888 5860 147 43 CLIFF
3072 5863 202 40 STREET.

3445 5342 70 41 -PI
3554 5342 71 41 to
3649 5341 81 38 -CM
3777 5350 17 26 P
3798 5351 25 18 cl
3948 5352 67 26 may
4045 5345 33 26 bo

3441 5371 86 28 su_L
3561 5371 63 26 UvJ
3646 5371 95 28 oU-t
3771 5379 81 27 made
3874 5379 37 35 by
3923 5388 115 28 persons
4052 5381 30 28 of

3440 5415 88 29 either
3540 5425 55 22 sex,
3609 5416 29 28 in
3652 5416 71 28 their
3737 5426 60 18 own
3810 5418 143 34 localities,
3963 5425 28 22 at
4001 5420 77 27 work

3441 5455 41 27 for
3503 5463 42 19 us.
3582 5454 68 29 New
3676 5454 134 30 business.
3847 5456 44 28 All
3913 5461 73 25 meet
4010 5458 68 28 with

3441 5493 151 29 wonderful
3605 5503 116 19 success.
3758 5495 63 36 Any
3835 5505 51 19 one
3906 5505 51 19 can
3978 5497 34 28 do
4032 5497 46 28 tha

3441 5531 83 28 work.
3570 5532 107 35 Capital
3703 5536 48 23 not
3775 5533 134 34 required.
3946 5535 50 26 We
4021 5536 58 26 will

3441 5573 68 25 start
3521 5579 65 27 you.
3624 5569 87 30 Outfit
3725 5570 89 29 worth
3834 5572 36 28 il
3892 5571 102 30 mailed
4012 5572 65 29 free.

3441 5609 58 27 The
3513 5610 190 34 employment
3721 5609 24 27 is
3763 5611 179 36 particularly
3960 5611 120 37 adapted

3442 5653 26 22 to
3482 5648 46 28 the
3547 5648 94 36 region
3661 5648 28 28 in
3711 5647 92 30 which
3828 5648 57 29 this
3909 5649 168 39 publication

3441 5688 153 28 circulates.
3649 5688 74 36 Boys
3753 5688 55 29 and
3839 5690 65 32 girls
3935 5700 49 19 can
4012 5700 66 19 earn

3603 235 121 35 Public
3752 230 155 38 Notices.

3558 317 191 39 SANDER
3770 318 28 38 &
3822 315 125 41 SONS'

3432 389 372 76 Eucalypti

3765 480 307 63 Extract.

3468 654 150 37 (Deutsche
3645 654 74 28 Med.
3744 654 226 29 Wochenschrift
3995 657 78 34 1879)

3434 694 110 33 Mosler,
3560 694 88 33 M.D.,
3662 694 141 27 Professor
3816 699 29 23 at
3856 692 47 29 the
3912 693 164 38 University

3432 732 173 32 Greifswald,
3643 732 153 36 Germany,
3834 736 107 31 reports
3955 739 42 19 :
4016 734 59 28 The

3432 771 148 35 Eucalypti
3600 771 116 26 Extract
3742 770 105 36 proved
3865 771 212 37 magnificently

3433 808 150 27 successful
3612 809 31 26 in
3674 816 68 28 very
3779 816 95 19 severe
3905 809 171 33 contusions,

3432 845 115 34 bruises,
3556 845 119 39 sprains,
3683 845 125 35 wounds,
3815 844 148 38 scaldings,
3970 846 105 31 broken

3433 884 64 33 ribs,
3506 886 54 26 and
3572 885 92 27 limbs.
3697 885 28 27 It
3733 884 160 36 effectually
3902 891 77 30 stays
3987 886 39 27 all
4034 887 26 27 in-

3434 922 174 28 flammation
3622 922 56 27 and
3692 922 135 35 swelling.
3863 922 76 33 Also,
3959 923 47 27 the
4020 933 41 18 ser-

3434 960 73 28 vices
3520 960 112 30 derived
3645 960 73 29 from
3726 960 22 29 it
3756 960 28 28 in
3799 960 35 28 all
3842 959 138 30 disorders
3991 961 30 29 of
4027 962 47 30 the

3434 1000 165 36 respiratory
3610 1009 109 26 organs,
3730 1009 30 19 as
3770 1008 93 27 croup,
3874 999 147 36 diptheria,
4033 1002 26 28 in-

3434 1036 174 30 flammation
3634 1038 31 28 of
3682 1038 48 27 the
3753 1037 144 28 bronchial
3916 1037 79 29 tubes
4019 1040 55 28 and

3436 1075 89 37 lungs,
3539 1077 113 29 chronic
3672 1076 122 34 catarrh,
3808 1075 161 36 bronchitis,
3989 1079 84 34 colds,

3435 1115 56 31 &c.,
3506 1124 45 17 are
3565 1121 48 21 not
3632 1120 27 23 to
3673 1116 32 27 be
3719 1116 128 34 equalled
3866 1116 36 35 by
3920 1126 55 26 any
3994 1118 79 27 other

3436 1150 196 33 medicament.

3438 1214 132 30 Sander
3587 1214 28 31 &
3631 1215 88 31 Sons
3733 1215 185 38 Eucalypti
3930 1216 144 31 Extract

3469 1264 99 35 Lister,
3588 1265 88 35 M.1).,
3695 1265 149 35 Professor,
3871 1266 55 34 &c.,
3947 1266 125 36 London,

3436 1303 46 26 the
3495 1303 126 35 Leading
3639 1313 117 26 surgeon
3770 1305 30 26 of
3811 1305 46 26 the
3871 1312 110 28 present
3994 1312 77 26 time,

3436 1340 89 31 stated
3538 1346 27 24 at
3578 1341 47 30 the
3638 1341 53 30 last
3709 1342 123 37 meeting
3845 1343 29 29 of
3890 1343 46 30 the
3955 1343 117 30 Clinical

3437 1380 115 36 Society,
3561 1382 126 32 London,
3695 1392 30 17 as
3737 1382 144 36 published
3888 1384 28 25 in
3925 1383 146 28 Gaillard's

3438 1418 116 29 Medical
3571 1418 128 34 Journal,
3712 1419 61 29 that
3786 1419 46 29 the
3852 1420 146 38 Eucalypti
4017 1421 35 29 Ex-

3436 1461 69 25 tract
3518 1459 23 27 is
3554 1459 46 28 the
3614 1458 60 29 best
3686 1458 101 29 known
3805 1460 146 37 antiseptic
3965 1463 106 34 (means

3435 1496 29 27 of
3474 1498 164 35 preventing
3648 1498 205 35 putrefaction).

3438 1557 132 31 Sander
3587 1557 28 31 &
3632 1559 88 29 Sons
3733 1545 204 49 Eur^Js*®^

3471 1607 156 36 (American
3642 1600 131 37 Medi#^

3437 1648 84 34 1881).
3526 1647 70 28 —In
3610 1647 81 28 diss-'

3436 1686 87 28 active
3535 1695 82 26 cong'

3434 1724 37 27 all
3484 1724 81 27 albu?*
3581 1724 4 27 '

3436 1761 54 29 will
3503 1771 30 20 er

3436 1802 56 27 Dos
3495 1813 8 9 r

3436 1849 52 19 swc

3435 1879 32 27 da

3436 2483 23 28 Ji

3436 2521 21 26 T

3707 2968 44 11 mo
3874 2962 200 27 reniv7veU,iiKe

3437 2986 127 38 splendid
3576 2988 100 30 results
3689 2989 70 30 have
3768 2992 122 28 attained
3898 2992 117 39 through
4026 2994 47 30 the

3437 3026 168 36 application
3617 3028 31 28 of
3656 3029 47 28 the
3716 3029 151 38 Eucalypti
3880 3032 124 30 Extract.

3438 3085 133 33 Sander
3589 3086 27 33 &
3632 3088 88 32 Sons
3733 3090 185 41 Eucalypti
3930 3093 144 32 Extract

3471 3136 84 28 From
3573 3137 49 28 the
3641 3138 117 29 Clinical
3776 3140 117 34 Record,
3912 3143 30 27 of
3956 3144 117 36 August,

3438 3175 87 35 1881).
3587 3175 125 39 Surgical
3742 3178 89 30 Clinic
3868 3180 31 28 of
3933 3182 143 29 Prolessor

3438 3214 146 36 M'lntyre,
3616 3216 109 37 College
3756 3218 30 28 of
3819 3219 165 37 Physicians
4020 3223 55 27 and

3437 3253 147 35 Surgeons,
3596 3254 40 27 St.
3648 3255 249 30 Louis—Scirrhus
3906 3259 29 26 of
3942 3260 133 27 Breast-

3436 3290 131 29 Excision
3578 3299 6 20 :
3598 3292 151 38 Eucalypti
3759 3295 118 29 Extract
3889 3297 147 36 emplo3*ed
4045 3309 31 17 as

3436 3337 90 27 spray,
3552 3330 55 26 and
3632 3330 134 37 dressing.
3802 3333 87 35 Eight
3912 3335 68 35 days
4006 3337 71 26 after

3436 3366 142 37 operation
3592 3368 153 30 Professors
3758 3370 93 30 Bauer
3863 3372 55 28 and
3933 3372 141 39 M'lntyre

3434 3406 84 28 noted
3552 3406 49 30 the
3636 3408 141 37 following
3812 3412 142 28 condition
3969 3420 42 19 :
4030 3414 44 27 No

3435 3444 131 37 swelling,
3580 3445 65 28 heat
3658 3455 30 19 or
3701 3447 203 34 discoloration,
3918 3459 67 19 near
4001 3460 32 19 or
4046 3453 28 26 in

3436 3482 45 28 the
3499 3483 112 34 wound,
3630 3483 90 30 which
3739 3486 51 28 has
3803 3488 96 28 united
3918 3489 88 36 fulty;
4026 3490 47 28 the

3434 3521 106 34 patient
3552 3521 115 28 allowed
3679 3527 28 23 to
3720 3525 95 26 attend
3825 3529 27 23 to
3862 3525 212 29 lierhoasehold

3436 3558 89 29 duties
3537 3560 91 35 again.
