3360 6190
972 1186 121 66 The
1133 1186 201 66 Lyell
1374 1186 242 66 Times.

973 1350 249 41 SATURDAY,
1265 1354 117 34 JUNE
1432 1358 49 37 20,
1528 1359 88 32 1885.

959 1468 68 35 The
1044 1479 110 26 return
1169 1474 36 33 of
1215 1475 164 44 amalgam
1394 1476 82 35 from
1489 1477 53 35 the
1556 1480 114 43 Alpine

917 1526 127 45 battery
1067 1529 48 32 for
1130 1531 64 33 this
1220 1533 95 40 week,
1341 1533 25 33 is
1389 1536 59 32 456
1472 1547 129 30 ounces,
1626 1539 47 34 for
1687 1526 1 55 j

919 1587 59 32 190
995 1592 72 28 tons
1090 1588 35 32 of
1143 1595 89 27 stone
1256 1592 150 32 crushed.
1453 1594 31 31 It
1508 1594 65 33 will
1597 1596 75 34 thus
1687 1587 1 54 j

917 1640 38 34 be
981 1653 75 22 seen
1081 1644 72 34 that
1178 1646 59 34 'the
1268 1647 114 44 highly
1408 1650 137 41 payable
1570 1653 104 42 yields

918 1698 84 35 from
1020 1700 64 34 this
1100 1703 87 33 mine
1202 1715 52 22 are
1268 1703 95 45 being
1376 1707 213 41 maintained,
1610 1713 64 32 and

918 1766 48 21 we
990 1766 54 22 are
1068 1757 75 41 glad
1166 1764 32 28 to
1222 1771 57 32 say
1303 1761 55 33 the
1382 1763 118 43 Alpine
1525 1765 25 33 is
1579 1768 95 43 again

918 1813 187 42 prominent
1135 1827 121 29 among
1288 1818 54 33 the
1380 1822 135 40 payable
1547 1824 127 43 mining

919 1867 107 36 stocks
1042 1869 33 34 in
1092 1869 55 36 the
1164 1872 127 45 colony.

961 1937 183 42 According
1166 1945 34 26 to
1228 1950 275 34 announcement,
1535 1948 62 33 and
1623 1949 34 34 de-

918 1992 83 45 spite
1027 1995 56 34 the
1109 1995 62 35 bad
1195 1999 143 35 weather
1361 2001 98 45 lately
1484 2006 190 46 prevailing,

921 2051 74 42 and,
1012 2053 36 34 of
1060 2065 123 30 course,
1202 2056 54 33 the
1272 2057 102 35 floods
1387 2062 65 31 and
1463 2062 106 44 heavy
1581 2067 96 33 roads

921 2107 108 35 bound
1045 2114 32 28 to
1094 2110 118 42 follow,
1230 2112 54 34 the
1302 2114 102 35 Faust
1420 2116 130 47 Family
1564 2124 112 42 troupe

921 2168 125 41 opened
1062 2168 76 34 here
1154 2169 62 33 last
1232 2172 104 42 night,
1361 2180 32 26 to
1416 2187 19 21 a
1458 2177 83 39 good
1564 2178 112 35 house.

923 2224 66 31 Our
1005 2223 126 35 limited
1150 2236 94 33 space
1261 2228 65 34 will
1339 2236 57 27 not
1409 2233 119 41 permit
1540 2245 37 22 us
1590 2239 33 30 to
1636 2236 41 34 do

921 2280 162 43 anything
1119 2284 221 44 approaching
1376 2288 122 41 justice
1543 2296 33 28 to
1614 2294 64 32 this

923 2338 143 34 talented
1075 2350 172 34 company,
1257 2342 108 34 whose
1373 2346 242 42 performances
1623 2362 54 23 are

922 2397 103 44 really
1041 2398 35 33 of
1088 2410 18 22 a
1129 2398 91 42 kind,
1244 2406 33 28 at
1298 2414 81 22 once
1397 2410 87 27 most
1505 2410 172 32 attractive

922 2453 66 33 and
1004 2455 228 45 entertaining,
1249 2457 65 33 and
1336 2470 47 22 we
1408 2466 135 30 venture
1566 2468 33 30 to
1623 2476 56 34 say

926 2510 76 44 they
1023 2513 66 32 will
1112 2514 82 33 have
1217 2527 18 21 a
1258 2517 84 40 good
1371 2520 165 42 reception
1559 2533 42 21 on
1625 2523 54 34 the

926 2567 106 37 Coast.
1077 2570 103 36 There
1203 2572 26 34 is
1253 2577 31 30 to
1309 2573 36 35 be
1367 2587 21 22 a
1409 2576 127 46 change
1553 2579 37 33 of
1609 2592 52 32 pro-

923 2637 149 32 gramme
1088 2630 152 43 to-night,
1257 2630 108 35 which
1383 2634 66 33 will
1475 2634 37 34 be
1531 2637 53 33 the
1608 2639 72 40 last,

926 2686 64 33 and
1006 2698 46 22 we
1069 2687 61 34 feel
1146 2700 72 23 sure
1235 2689 70 35 that
1322 2691 54 33 the
1394 2699 188 38 patronage,
1596 2698 63 32 how-

926 2742 126 45 hearty,
1069 2745 66 33 will
1151 2745 36 33 be
1202 2747 255 37 well-deserved.

968 2810 41 33 In
1019 2823 20 21 a
1050 2823 78 32 very
1136 2813 164 35 favorable
1312 2817 117 33 review
1442 2819 32 32 of
1484 2820 54 32 the
1554 2821 127 43 mining

926 2865 152 46 industry
1103 2870 37 33 in
1169 2870 65 34 this
1263 2877 73 39 pail
1359 2874 37 33 of
1422 2876 55 33 the
1507 2877 88 40 field,
1627 2880 53 33 the

926 2925 112 34 Buller
1062 2927 116 41 Miner,
1201 2930 36 31 of
1256 2930 55 33 the
1335 2931 76 34 11th
1435 2933 87 40 inst.,
1548 2937 133 33 touches

926 2992 88 33 upon
1045 2984 54 34 the
1131 2985 121 35 United
1279 2989 118 42 Alpine
1425 2991 99 39 mine,
1552 2994 64 32 and
1648 2998 32 29 in

928 3039 156 47 speaking
1095 3042 35 34 of
1144 3043 53 34 the
1211 3050 192 40 company's
1420 3050 158 35 excellent
1594 3064 70 31 pros-

927 3104 100 34 pects,
1051 3109 170 33 compares
1244 3103 54 30 the
1315 3105 139 32 number
1478 3118 18 19 o
1535 3118 74 21 men
1636 3094 52 47 re-'

924 3153 116 41 quired
1056 3161 32 26 to
1105 3155 80 43 keep
1204 3157 52 33 the
1277 3159 35 31 15
1329 3159 82 33 hiead
1436 3161 125 37 batcerv
1583 3176 100 29 going

926 3210 33 30 in
982 3209 119 34 former
1121 3222 95 31 years
1239 3213 83 33 from
1349 3215 60 33 No.
1436 3219 19 29 5
1479 3217 92 38 level,
1603 3220 76 32 with

924 3265 91 33 what
1030 3266 26 33 it
1072 3267 66 32 will
1155 3279 72 21 now
1243 3270 73 32 take
1333 3278 31 25 to
1383 3272 79 43 keep
1479 3274 54 32 the
1547 3277 39 30 20
1597 3276 83 33 head

924 3333 62 22 one
1002 3323 33 32 in
1051 3324 58 32 full
1127 3325 154 44 crushing
1297 3328 83 33 from
1399 3330 59 33 No.
1476 3332 28 32 G.
1551 3333 57 32 We
1627 3345 51 21 are

926 3380 170 41 requested
1114 3387 31 27 to
1163 3394 67 30 say,
1255 3384 72 33 that
1343 3387 40 30 50
1401 3398 85 26 men,
1505 3388 129 33 instead
1648 3391 37 31 of

924 3436 52 38 70,
1000 3439 47 30 lor
1070 3438 149 43 previous
1242 3450 103 33 years,
1369 3443 106 33 would
1500 3443 36 34 be
1566 3457 113 22 nearer

926 3493 54 33 the
997 3495 92 33 mark
1101 3506 9 28 ;
1129 3498 63 31 and
1210 3511 34 19 as
1262 3500 47 31 fur
1333 3500 53 32 the
1403 3513 135 27 average
1563 3514 116 31 wages,

926 3560 55 33 per
997 3562 89 29 man,
1102 3563 57 33 per
1174 3554 101 37 week,
1292 3554 98 36 about
1411 3557 53 33 the
1481 3570 89 22 same
1589 3561 90 39 time,

924 3607 72 34 that
1012 3610 55 32 90s
1090 3610 27 33 is
1140 3611 66 34 also
1223 3613 223 46 considerably
1470 3615 127 45 beyond
1625 3618 46 34 the-

926 3671 69 29 true
1013 3676 147 30 amount,

966 3733 69 34 The
1067 3735 137 35 Ileefton
1233 3737 128 45 battery
1385 3745 126 30 returns
1540 3743 49 33 for
1618 3744 62 35 last

923 3790 100 39 week,
1041 3794 295 40 are:Welcome,
1354 3800 116 30 3'd'lozs
1494 3801 185 42 amalgam;

926 3847 247 46 Keep-it-Dark,
1206 3854 115 33 1650zs
1350 3855 186 44 amalgam;
1566 3858 93 35 Inker-

922 3916 91 30 man,
1030 3908 117 32 257ezs
1165 3910 179 40 amalgam.

966 3975 68 34 The
1063 3976 195 43 Wellington
1286 3979 173 45 Licensing
1482 3983 196 38 Committee

924 4029 84 35 have
1024 4031 133 35 decided
1173 4038 32 29 to
1222 4034 83 35 close
1322 4036 42 33 all
1375 4036 104 36 hotels
1495 4040 113 34 within
1623 4043 53 35 the

921 4088 69 44 city
1006 4094 33 30 at
1056 4092 36 32 11
1110 4102 81 32 p,m,

1687 4152 1 15 !

965 4167 69 33 The
1050 4170 161 31 attention
1222 4168 36 33 of
1266 4181 58 21 our
1336 4177 197 40 up-country
1546 4177 129 34 readers

924 4223 26 33 is
973 4222 113 35 drawn
1109 4229 33 30 to
1164 4225 54 34 the
1242 4224 147 37 business
1413 4241 266 28 announcement

920 4280 39 33 of
971 4280 55 34 the
1042 4281 178 45 Hampden
1244 4284 225 45 Co-operative
1494 4289 90 36 Store
1609 4293 68 42 Co.,

924 4337 153 34 Limited.
1133 4340 59 33 Wo
1215 4341 201 34 understand
1439 4346 54 33 the
1517 4349 106 33 affairs
1648 4353 33 31 of

922 4395 57 34 the
1002 4406 163 35 company
1187 4409 54 22 are
1256 4402 206 43 progressing
1485 4415 77 33 very
1585 4408 87 34 satis-
1687 4395 1 53 :

923 4453 160 44 factorily,
1114 4455 64 33 and
1208 4456 70 34 that
1309 4459 101 33 under
1432 4461 54 34 the
1516 4464 69 34 able
1615 4468 64 34 and

920 4509 165 45 energetic
1112 4511 155 36 direction
1291 4518 32 30 ot
1352 4515 55 35 the
1432 4529 166 36 manager,
1626 4525 51 35 Mr

925 4569 39 31 R.
983 4569 129 39 M'Nee,
1128 4570 54 32 the
1199 4571 136 34 beuefits
1352 4575 34 31 of
1397 4575 53 33 the
1467 4589 69 21 new
1553 4586 121 36 system

924 4635 54 24 are
993 4622 97 47 beinj
1105 4625 117 47 widely
1238 4630 213 44 appreciated.

965 4683 45 32 As
1040 4683 67 32 will
1133 4684 38 32 be
1195 4696 75 22 seen
1294 4687 42 43 by
1363 4690 251 39 advertisement
1645 4698 33 34 in

924 4739 138 35 another
1084 4740 142 43 column,
1249 4743 54 35 the
1329 4745 129 37 Central
1479 4752 64 33 and
1568 4754 111 44 Upper

924 4796 112 33 Buller
1058 4798 115 43 people
1197 4810 53 23 are
1275 4807 58 28 not
1357 4804 98 45 going
1484 4812 33 29 to
1548 4809 45 35 let
1623 4796 65 54 the,

959 4853 139 42 glorious
1114 4855 111 34 fourth
1274 4870 74 31 pass
1364 4861 42 43 by
1422 4864 135 35 without
1575 4870 102 33 show-
1687 4853 1 51 !

924 4909 66 42 ing,
1008 4913 33 31 at
1053 4911 91 39 least,
1157 4923 89 23 some
1259 4913 81 37 little
1356 4922 146 32 outward
1516 4928 144 39 apprecia-

925 4966 69 34 tion
1023 4966 35 35 of
1081 4967 54 35 the
1168 4969 187 46 important
1390 4978 65 33 and
1491 4981 187 42 significant

926 5023 165 34 histoncal
1118 5033 105 34 event,
1251 5029 104 34 which
1382 5033 71 35 that
1481 5037 63 41 day
1569 5042 27 31 is
1625 5043 54 34 the

925 5082 212 43 anniversary
1159 5085 42 33 of.
1245 5087 31 33 It
1300 5088 36 40 is,
1354 5095 198 44 essentially,
1570 5111 18 21 a
1614 5101 65 44 day

924 5149 89 33 upon
1029 5140 118 41 which,
1164 5143 173 36 American
1354 5148 78 35 bom
1449 5153 126 42 should,
1600 5170 88 32 very,

924 5196 176 44 naturally,
1131 5198 71 43 give
1228 5212 89 23 some
1347 5210 182 40 expression
1562 5219 31 29 to
1625 5202 63 49 the!

925 5254 178 34 admirable
1126 5256 117 43 feeling
1265 5259 106 35 which
1395 5276 138 35 conveys
1559 5271 77 35 such
1662 5286 17 22 a

925 5310 83 44 good
1024 5311 65 35 and
1101 5313 151 36 laudable
1269 5319 186 43 sentiment,
1474 5329 148 35 aslove
1649 5334 34 31 of

926 5372 146 40 country.
1117 5370 31 31 A
1172 5373 100 37 grand
1296 5374 72 35 Ball
1389 5379 65 35 will
1477 5382 36 35 be
1538 5384 75 37 held
1645 5389 34 34 in
1687 5370 1 53 !

925 5426 55 32 die
1003 5427 112 32 Public
1144 5429 89 38 Hall,
1263 5437 30 26 at
1321 5434 198 46 Murchison,
1552 5456 39 21 on
1622 5447 57 33 the

926 5482 92 41 night
1035 5490 32 27 01
1084 5484 53 34 the
1154 5487 57 33 3rd
1228 5499 99 32 prox.,
1345 5494 62 32 and
1429 5506 33 22 as
1486 5498 53 34 the
1564 5506 115 41 people

926 5550 42 29 up
992 5541 32 29 in
1049 5541 90 30 those
1163 5551 88 30 pants
1276 5545 92 32 know
1394 5550 71 31 how
1483 5560 30 24 to
1540 5558 68 39 pull
1634 5566 29 25 to-

921 5593 125 42 gether,
1065 5596 63 32 and
1153 5598 93 34 make
1270 5602 185 44 gatherings
1476 5613 31 30 of
1524 5612 52 34 the
1601 5616 78 34 kind

927 5653 184 38 successful,
1131 5665 44 20 we
1193 5666 75 32 may
1290 5662 65 30 sale
1362 5653 3 53 I
1371 5673 19 30 y
1413 5666 124 40 .predict
1561 5683 40 21 an
1627 5687 34 19 en-

918 5707 135 41 joyable
1072 5710 99 33 all'nr..

970 5765 55 32 We
1043 5766 130 34 observe
1193 5770 29 32 in
1241 5783 16 19 a
1276 5782 107 27 recent
1405 5778 85 35 issue
1512 5785 34 30 of
1566 5798 58 21 one
1650 5790 33 31 of

926 5831 58 21 our
998 5821 95 33 Coast
1107 5832 282 38 conteniporar.es,
1406 5835 70 33 that
1487 5839 53 32 the
1556 5842 122 36 Keeton

926 5877 63 33 and
1013 5877 77 45 Lyel
1098 5879 7 34 1
1131 5880 125 48 battery
1279 5895 127 29 returns
1422 5891 49 36 for
1492 5896 61 36 last
1579 5903 98 40 week,

926 5947 52 20 are
995 5937 208 43 telegraphed
1222 5943 82 33 from
1321 5946 54 33 the
1392 5949 121 36 former
1526 5957 101 42 place,
1644 5972 34 22 as

926 5991 93 45 being
1034 5993 91 35 those
1144 5997 34 31 of
1191 5998 73 44 gold
1283 6004 141 45 actually
1438 6011 172 46 produced,
1627 6018 31 34 in-

925 6051 91 33 stead,
1034 6052 34 33 of
1080 6056 173 43 amalgam.

1742 268 18 11 '*
1774 263 103 41 Lyell,
2288 271 26 32 is
2331 272 54 32 the
2404 273 53 33 ad-
2475 263 2 63 j

1700 318 89 34 dress
1805 320 105 33 which
1929 332 18 21 a
1959 322 94 34 letter
2064 325 81 32 from
2157 337 18 21 a
2187 325 52 43 big
2251 318 226 55 departmentj

1701 388 32 21 m
1751 376 53 33 the
1821 377 134 44 Empire
1973 379 74 44 City
2064 381 85 40 bore,
2168 383 95 33 when
2281 384 24 33 it
2322 388 138 34 reached

1701 444 36 21 us
1755 433 53 33 th'i
1825 434 92 33 other
1928 435 74 43 day.
2049 438 48 32 On
2111 438 53 33 the
2178 440 68 34 face
2259 443 34 32 of
2307 444 35 39 it,
2357 456 81 22 some-

1701 493 89 31 one's
1806 490 188 46 knowledge
2013 494 36 33 of
2065 495 52 33 the
2135 496 53 44 lay
2201 498 34 33 of
2248 499 55 34 the
2321 506 138 40 country
2476 490 1 56 :

1701 549 26 30 is
1750 548 161 42 glaringly
1934 550 181 42 imperfect,
2140 554 63 31 and
2230 556 25 30 if
2276 555 50 33 the
2352 558 108 41 erring
2476 541 2 58 !

1702 603 117 34 official
1834 617 13 20 s
1863 605 148 35 faculties
2027 608 33 33 in
2082 609 53 34 the
2148 619 119 27 matter
2283 614 33 34 of
2330 615 132 46 locality

1703 673 52 21 are
1773 674 41 20 on
1832 675 16 19 a
1865 675 57 30 par
1939 665 75 32 with
2035 666 53 32 the
2106 668 145 34 instance
2270 674 129 39 quoted,
2418 675 39 32 he
2477 665 2 48 !

1703 730 77 24 may
1796 720 94 31 stand
1909 733 16 19 a
1943 723 80 37 good
2042 724 90 32 show
2148 725 35 32 of
2192 728 125 39 finding
2331 730 131 33 hio-.self

1703 776 31 31 in
1766 786 17 22 a
1813 787 97 32 queer
1942 786 97 26 street
2072 781 103 34 before
2207 783 38 34 lie
2277 798 75 29 goes
2383 799 77 26 very

1703 835 58 32 far.

1747 891 37 31 In
1809 891 54 32 the
2007 894 98 34 Court
2131 896 73 36 here
2235 911 40 21 on
2302 902 161 46 Saturday

1704 950 70 35 last,
1795 950 51 33 Mr
1869 951 90 40 Bird,
1983 964 79 29 gave
2086 955 141 35 decision
2253 961 31 31 in
2312 962 53 32 the
2389 974 73 22 case

1703 1007 36 33 of
1752 1007 53 33 the
1823 1007 132 35 Croesus
1967 1010 170 47 Company
2149 1026 28 21 v.
2190 1015 52 34 J.]
2252 1007 2 50 1
2255 1035 15 15 ,.
2285 1018 177 39 Thomson,

1705 1065 34 32 of
1760 1065 164 40 Dunedin,
1945 1068 177 42 judgment
2152 1082 86 31 upon
2263 1075 105 33 which
2401 1078 62 32 had

1707 1121 78 34 been
1823 1121 75 34 held
1939 1135 75 22 over
2044 1127 80 33 from
2152 1132 150 40 previous
2338 1134 124 44 sitting.

1711 1180 61 32 Ihe
1790 1179 96 33 claim
1907 1193 63 20 was
1987 1189 48 25 tor
2052 1196 16 20 a
2093 1186 134 35 balance
2250 1190 60 33 due
2335 1203 86 31 upon
2447 1206 16 20 a

1706 1236 137 33 number
1874 1239 29 31 of
1938 1239 77 33 calls
2050 1244 110 32 struck
2201 1245 140 35 between
2371 1249 92 43 July,

1706 1295 90 37 1883,
1825 1294 64 32 and
1907 1295 99 39 June,
2034 1299 101 40 1881;
2162 1302 64 32 and
2256 1305 23 31 it
2303 1308 160 40 appeared

1706 1351 81 34 from
1814 1352 54 34 the
1893 1354 165 37 evidence,
2089 1358 72 34 that
2194 1360 176 37 defendant
2401 1365 62 34 had
2479 1351 1 48 !

1704 1409 71 31 sold
1800 1410 54 30 the
1882 1411 110 31 shares
2020 1420 31 23 to
2078 1425 59 21 one
2168 1416 146 36 Watson,
2349 1422 34 30 of
2411 1422 53 31 the

1705 1475 90 23 same
1821 1464 98 44 place,
1950 1466 71 36 that
2050 1468 134 37 Watson
2211 1473 62 34 had
2305 1476 159 36 admitted

1707 1521 53 33 the
1778 1521 137 44 liability
1932 1526 172 41 attaching
2129 1529 134 40 thereto,
2289 1532 173 37 inasmuch

1705 1591 36 21 as
1757 1579 40 33 he
1815 1579 64 34 had
1895 1581 188 35 authorised
2101 1586 53 32 the
2182 1599 155 33 manager
2354 1594 29 30 of
2409 1594 54 33 the

1707 1648 172 32 company,
1906 1637 51 34 Mr
1981 1639 114 43 Inglis,
2115 1651 30 24 to
2169 1644 88 35 draw
2277 1658 87 32 upon
2395 1650 70 33 him

1707 1693 42 44 by
1776 1693 87 36 draft
1879 1695 47 34 for
1942 1698 128 42 portion
2094 1700 35 33 of
2149 1702 54 33 the
2230 1711 136 28 amount
2392 1707 73 34 due.

1708 1752 54 31 Six
1790 1752 131 33 distinct
1946 1761 189 36 payments,
2162 1763 211 41 aggregating
2402 1766 64 32 22
2479 1752 1 52 :

1708 1809 113 39 18s4d,
1836 1811 64 31 had
1914 1811 81 33 been
2012 1815 94 32 made
2117 1816 40 45 by
2171 1818 134 34 Watson
2321 1821 143 33 between

1705 1865 91 45 July,
1816 1867 89 40 188J,
1919 1868 64 34 and
1999 1868 124 44 March,
2140 1874 102 42 1881;
2261 1875 56 36 but
2328 1878 138 35 nothing

1708 1924 65 31 had
1789 1924 79 31 been
1886 1926 75 40 paid
1981 1929 112 31 within
2110 1941 36 20 or
2162 1931 86 33 since
2268 1933 92 34 those
2374 1936 92 33 dates

1708 1978 41 45 by
1766 1979 186 43 defendant,
1970 1984 159 44 although
2154 1988 40 34 he
2211 1990 64 34 still
2297 1994 170 34 remained

1707 2049 43 23 oil
1766 2038 54 36 the
1837 2039 94 36 share
1943 2042 145 43 register,
2105 2046 141 43 through
2261 2050 54 33 the
2329 2053 139 33 transfer

1709 2106 98 22 never
1832 2096 123 44 having
1980 2098 81 34 been
2084 2108 75 28 sent
2179 2103 48 34 in.
2272 2106 68 34 The
2369 2108 100 34 Court

1710 2154 69 33 said
1796 2154 72 34 that
1886 2155 54 33 the
1957 2157 95 33 share
2069 2162 135 39 register
2220 2175 65 21 was
2302 2165 55 32 the
2375 2168 95 40 proof

1708 2215 33 28 ot
1757 2211 199 44 ownership.
2002 2214 68 33 The
2088 2227 162 36 company
2273 2220 124 43 having
2413 2234 36 22 ne-

1710 2268 124 40 glected
1856 2270 212 43 proceedings
2092 2284 172 33 necessary
2287 2279 103 31 under
2413 2280 54 32 the

1710 2323 120 34 former
1847 2326 72 38 Act,
1936 2336 153 36 recovery
2104 2330 38 33 of
2155 2331 78 34 calls
2249 2334 99 33 could
2361 2339 56 29 not
2431 2335 36 34 be

1712 2382 106 34 made.
1864 2383 148 35 Plaintiff
2035 2388 94 33 could
2153 2390 79 34 elect
2256 2397 31 28 to
2312 2400 111 36 accept
2452 2407 18 20 a

1710 2439 134 33 nonsuit
1881 2451 42 21 on
1961 2441 73 35 that
2070 2445 92 41 point
2193 2447 47 32 for
2270 2448 55 33 the
2363 2449 105 34 whole

1712 2503 146 32 amount,
1875 2509 37 21 or
1927 2506 111 37 accept
2055 2513 18 20 a
2091 2504 123 34 verdict
2230 2505 48 33 for
2288 2512 137 28 amount
2437 2508 35 32 of

1712 2552 62 35 last
1798 2554 74 41 call,
1901 2556 44 34 6
1971 2559 46 32 ss.
2063 2559 183 45 Judgment
2275 2563 48 35 for
2351 2552 30 55 i'
2396 2552 14 55 6
2425 2552 44 55 ss,

1713 2613 78 34 with
1809 2621 96 32 costs,
1924 2616 45 32 1
1988 2618 66 31 12s.

1754 2672 27 31 A
1806 2669 104 36 North
1934 2672 114 35 Island
2071 2687 99 32 paper
2187 2677 58 35 has
2269 2679 55 34 the
2348 2681 104 35 follow-

1712 2728 55 38 ing
1783 2738 7 22 :
1851 2729 40 32 In
1922 2730 206 35 affectionate
2162 2736 247 36 remembrance
2442 2740 34 33 of

1709 2784 92 33 John
1826 2785 79 33 Bull
1931 2787 70 41 (the
2032 2789 123 34 British
2183 2791 92 42 lion),
2307 2794 73 33 who
2406 2808 66 22 was

1712 2839 99 35 killed
1836 2842 41 42 by
1904 2854 18 21 a
1948 2842 76 35 bear
2050 2851 33 27 at
2114 2846 158 45 Penjdeh,
2300 2851 90 44 April
2422 2854 48 40 14,

1714 2899 88 32 1&85.
1848 2900 68 33 The
1936 2901 153 34 deceased
2106 2904 48 32 for
2167 2916 102 33 many
2284 2919 95 31 years
2395 2910 77 33 held

1712 2955 55 34 the
1779 2964 138 35 position
1932 2958 37 32 of
1977 2958 138 36 dictator
2129 2967 33 27 to
2175 2961 142 47 Europe.
2345 2965 127 46 Deeply

1713 3015 169 42 regretted.
1898 3016 118 34 Messrs
2027 3017 318 45 KomaroffandCo.,
2355 3024 95 34 under-

1712 3071 119 32 takers.
1879 3073 225 34 NoticeThe
2122 3077 148 33 business
2286 3080 35 31 of
2340 3081 54 31 the
2419 3082 34 31 de-

1710 3126 117 34 ceased
1851 3127 65 34 will
1943 3128 33 33 in
2005 3129 105 35 future
2145 3131 37 34 be
2207 3133 127 35 carried
2364 3148 42 21 on
2430 3137 42 43 by

1715 3184 113 31 Prince
1846 3184 181 40 Bismarck,
2046 3187 103 31 under
2168 3189 53 31 the
2239 3191 82 40 style
2345 3192 35 32 of
2399 3193 52 32 Bis-

1714 3239 111 32 marck
1862 3239 65 33 and
1955 3241 70 40 Co.,
2057 3244 138 33 assisted
2232 3246 43 42 by
2312 3248 160 44 Emperor

1712 3296 194 33 Alexander.

1757 3352 30 32 \\
1799 3365 14 20 e
1839 3365 52 20 are
1917 3354 33 31 in
1973 3356 122 42 receipt
2111 3358 37 32 of
2169 3370 88 22 some
2278 3360 195 46 interesting

1713 3408 129 41 printed
1866 3416 129 32 matter,
2020 3413 186 43 pertaining
2228 3420 33 28 to
2284 3417 56 32 the
2362 3418 110 34 affairs

1713 3466 35 32 of
1762 3465 53 35 the
1830 3469 223 34 Government
2065 3469 180 37 Insurance
2258 3474 212 43 Association;

1712 3522 64 32 and
1794 3523 105 33 which
1917 3527 355 45 comprises,lieport
2295 3532 35 33 of
2349 3535 123 33 annual

1714 3580 143 42 meeting
1877 3582 38 31 of
1934 3582 267 43 policy-holders,
2226 3587 75 33 held
2328 3601 42 21 on
2394 3591 76 33 27th

1715 3636 69 39 ult.,
1798 3636 186 43 Director's,
1998 3640 175 43 Auditor's,
2183 3645 65 33 and
2257 3646 53 33 the
2319 3646 153 36 financial

1712 3700 141 35 reports;
1872 3696 148 41 together
2031 3698 78 33 with
2122 3706 145 37 separate
2278 3710 193 29 statements

1710 3750 38 32 of
1759 3761 141 29 reasons,
1919 3753 47 31 for
1981 3754 65 32 and
2062 3755 142 41 against,
2221 3758 90 34 what
2335 3773 135 31 appears

1710 3812 35 27 to
1781 3806 38 35 be
1857 3820 18 21 a
1912 3809 130 43 leading
2080 3813 161 42 question,
2282 3816 61 34 viz.
2416 3819 55 34 die

1709 3866 253 34 establishment
1992 3873 31 27 ot
2053 3870 102 34 Local
2185 3873 137 35 Boards.
2367 3877 103 34 There

1712 3934 65 22 was
1793 3935 18 21 a
1826 3923 86 44 large
1936 3925 197 36 attendance
2159 3929 36 33 of
2213 3931 254 44 policy-holders

1712 3987 139 36 present,
1868 3983 64 32 and
1948 3984 157 41 although
2124 3986 80 42 they
2220 3988 149 34 declared
2385 3991 26 33 it
2423 3992 42 42 by
2479 3983 1 51 ,

1712 4048 17 21 a
1743 4032 88 47 large
1844 4038 163 44 majority,
2019 4050 34 22 as
2063 4040 207 38 undesirable
2284 4044 72 36 that
2371 4046 99 35 Local
2479 4032 1 59 j

1713 4095 123 33 Boards
1865 4096 116 34 should
2011 4098 37 33 be
2078 4099 127 34 formed
2235 4102 35 32 in
2298 4104 57 33 the
2384 4098 96 44 chief!

1708 4160 139 34 centres,
1865 4154 75 40 still,
1958 4154 24 34 it
1999 4167 65 22 was
2081 4158 116 42 agreed
2215 4164 30 29 to
2263 4161 141 43 adjourn
2414 4165 66 36 the!

1711 4218 142 37 meeting
1869 4217 32 30 to
1919 4212 53 35 the
1989 4213 78 35 27th
2091 4215 87 40 inst.,
2199 4227 34 23 so
2250 4217 72 37 that
2345 4204 135 56 distant!

1711 4269 162 33 members
1902 4269 95 33 could
2027 4271 79 33 send
2135 4272 36 34 in
2209 4274 85 34 their
2329 4278 151 43 proxies,'

1712 4327 110 42 rating
1834 4327 104 33 either
1953 4339 60 22 one
2030 4340 73 31 way
2125 4342 36 21 or
2184 4332 54 32 the
2261 4333 101 34 other.
2408 4336 59 32 We
2479 4327 1 44 I

1709 4384 210 35 recommend
1934 4384 81 35 local
2032 4386 254 44 policy-holders
2307 4396 31 29 to
2351 4403 114 33 peruse
2479 4381 1 55 '

1711 4443 53 33 the
1794 4448 188 37 arguments
2013 4443 169 45 carefully,
2215 4448 66 32 and
2310 4448 84 35 have
2424 4463 43 21 n,o

1710 4499 99 35 doubt
1835 4499 58 35 but
1915 4499 72 35 that
2004 4500 85 34 their
2112 4502 99 35 views
2235 4505 67 34 will
2329 4507 138 46 entirely
2479 4499 1 54 I

1711 4559 113 32 accord
1853 4558 78 33 with
1961 4559 55 32 the
2047 4561 157 42 majority
2242 4570 32 26 at
2310 4566 55 32 the
2395 4553 85 50 first!

1712 4614 160 47 meeting,'
1889 4614 75 36 thus
1980 4615 156 47 rejecting
2151 4617 55 36 the
2224 4619 101 37 Local
2340 4621 128 37 Boards
2479 4612 1 58 j

1710 4675 160 41 proposal,
1887 4675 65 31 and
1968 4675 42 31 all
2028 4684 290 34 re-arrangement,
2338 4680 109 43 depart-

1712 4730 123 35 mental
1851 4730 177 40 eonfusiom,
2048 4731 65 35 and
2136 4733 178 36 additional
2337 4744 79 33 cost,
2432 4742 33 30 to

1712 4789 57 32 say
1785 4777 137 42 nothing
1938 4778 35 31 of
1986 4779 53 31 the
2061 4780 218 41 groundwork
2301 4782 49 33 for
2376 4795 89 22 more
2479 4777 1 51 j

1710 4824 111 44 yearly
1851 4823 209 43 expenditure
2086 4825 107 34 which
2225 4827 52 34 its'
2310 4829 155 44 adoption
2479 4822 1 51 |j

1711 4871 106 32 would
1830 4881 105 21 mean.
1960 4871 68 31 The
2042 4871 162 33 members
2215 4883 53 23 are
2282 4885 74 23 now
2368 4871 112 38 asked'

1712 4923 31 28 to
1774 4915 125 34 declare
1928 4915 196 35 themselves
2155 4918 50 33 for
2235 4923 230 32 concentrated
2477 4915 3 52 !
2479 4915 1 52 j

1712 4963 133 40 control,
1863 4962 64 34 and
1943 4962 54 34 the
2016 4962 176 36 avoidance
2215 4965 36 34 of
2268 4966 198 45 injudicious
2479 4962 1 49 |

1712 5010 207 42 expenditure
1950 5010 78 31 such
2058 5021 35 21 as
2124 5010 55 32 the
2213 5012 98 33 Local
2342 5007 138 40 Boards!

1712 5062 122 37 system
1859 5054 157 44 certainly
2036 5054 172 36 indicates.
2253 5058 90 35 With
2368 5068 112 38 every!!

1712 5112 83 25 town
1823 5102 35 34 of
1877 5114 64 31 any
1962 5109 76 26 note
2062 5102 122 44 having
2206 5105 42 33 its
2249 5108 8 10 1
2282 5116 69 33 say,
2376 5107 89 35 there

1713 5149 105 34 would
1844 5150 35 32 be
1903 5149 142 41 scarcely
2067 5160 66 31 any
2155 5150 86 33 head
2263 5163 35 21 or
2319 5153 89 33 front
2432 5160 31 27 to

1712 5196 53 33 the
1781 5195 103 33 whole
1903 5205 148 22 concern.
2479 5188 1 41 !

1755 5243 98 32 Skill
1867 5252 37 22 in
1921 5251 64 22 the
2003 5241 292 35 Workshop.To
2319 5245 40 33 do
2382 5237 98 45 goodii

2477 5279 3 15 I

1713 5289 86 33 work
1836 5289 54 33 the
1927 5288 168 33 mechanic
2135 5294 88 28 must
2262 5290 81 33 have
2382 5292 83 36 good
2479 5288 1 40 i

1712 5336 122 32 health.
1880 5335 33 31 If
1922 5336 77 40 long
2020 5335 98 31 hours
2141 5343 30 24 ot
2194 5336 221 34 confinement
2428 5339 35 31 in

1712 5382 83 34 close
1818 5391 109 23 rooms
1950 5379 82 35 have
2054 5379 170 35 enfeebled
2244 5381 51 35 his
2319 5382 87 35 hand
2430 5395 35 22 or

1712 5428 146 32 dimmed
1881 5428 49 31 his
1954 5427 95 40 sight,
2071 5427 45 31 let
2140 5427 69 32 him
2230 5435 32 24 at
2286 5440 89 25 once,
2400 5431 63 31 and

1711 5474 105 34 before
1833 5485 88 21 some
1937 5472 128 41 organic
2083 5472 125 34 trouble
2230 5486 135 32 appears
2389 5475 74 35 take
2479 5466 1 52 I

1700 5517 1 51 |
1712 5524 110 38 pleii.ty
1842 5521 39 30 -of
1902 5521 45 29 Dr
1974 5520 122 30 Soule's
2121 5520 75 40 llwp
2225 5523 129 29 Bitters.
2402 5517 78 51 lIJ

1700 5555 1 56 j
1712 5572 120 35 system
1865 5564 62 31 will
1955 5564 36 31 he
2016 5563 218 41 rejuvenated,
2268 5564 49 32 his
2349 5576 114 21 nerves
2479 5555 1 56 I

1700 5605 1 49 |
1712 5609 239 45 strengthened,
1971 5609 48 32 his
2036 5609 86 38 sight
2140 5609 128 34 become
2287 5611 94 36 clear,
2400 5612 64 32 and
2479 5605 1 49 j

1700 5655 1 48 !
1713 5659 52 31 the
1789 5657 102 31 whole
1915 5655 211 33 constitution
2148 5656 37 31 he
2218 5656 79 32 built
2322 5667 42 32 up
2392 5665 30 24 to
2447 5670 17 20 a
2479 5655 1 48 j

1713 5704 113 39 higher
1842 5702 143 38 working
2001 5701 175 33 condition.
2224 5702 98 34 Bead.

1755 5754 151 29 .StimnitE
1932 5749 316 32 Insubordination.
2255 5750 123 32 Who
2404 5750 58 33 has

1713 5807 53 22 iiol
1784 5795 207 43 experienced
2008 5806 17 20 a
2042 5801 65 24 sort
2123 5795 34 31 of
2169 5795 132 42 malady
2314 5796 95 32 when
2422 5797 43 31 all

1712 5843 52 32 the
1783 5842 146 31 faculties
1947 5851 87 21 seem
2051 5840 30 31 in
2100 5840 163 38 rebellion,
2289 5841 64 31 and
2375 5842 91 32 labor

1708 5890 28 34 is
1748 5887 178 44 absolutely
1940 5885 184 46 impossible
2137 5887 13 33 ?
2186 5886 30 34 It
2228 5886 28 34 is
2270 5899 17 21 a
2299 5887 164 35 condition

1710 5940 34 29 of
1757 5947 114 21 nerves
1888 5936 63 31 and
1969 5934 145 33 stomach
2134 5938 63 27 and
2214 5935 90 31 brain
2321 5935 71 32 that
2406 5947 59 20 can

1710 5983 76 43 only
1804 5982 35 32 be
1856 5979 96 35 curjd
1966 5979 40 37 by
2018 5979 52 34 the
2083 5990 55 22 use
2153 5979 34 33 of
2198 5979 70 34 that
2278 5980 185 34 irresistible

1710 6030 132 35 remedy
1878 6028 174 35 American
2098 6028 72 33 Co's
2208 6028 75 44 Hop
2329 6028 151 35 Bitters.,

1708 6066 123 44 Bead/

2585 278 282 34 ADDITIONAL
2887 280 112 33 MAIL
3020 282 138 34 NEWS.

2534 392 94 45 Lady
2645 395 171 42 Lonsdale,
2834 409 42 21 on
2894 397 108 34 whose
3027 404 139 28 account
3189 398 43 33 Ed-

2494 451 103 32 mund
2628 452 98 34 lates
2754 454 139 33 suffered
2922 454 256 45 imprisonment
3208 456 48 33 for

2496 506 5 32 1
2519 507 61 39 be],
2599 522 64 21 was
2680 513 139 32 married
2837 518 31 27 to
2894 514 75 32 Karl
2988 514 37 32 de
3045 515 87 40 Grey
3150 520 32 26 at
3208 517 44 30 St.

2498 563 148 34 Martin's
2674 566 141 37 Church,
2846 569 143 40 Charing
3018 572 103 31 Cross.
3169 571 82 32 Lord

2498 621 115 44 liipon,
2637 623 106 35 father
2767 628 30 31 of
2830 628 54 33 the
2916 628 232 40 bridesgrooni,
3177 630 76 33 Karl

2500 680 175 33 Pembroke
2692 684 61 31 and
2773 696 17 19 a
2799 686 68 30 few
2886 685 92 33 select
3006 687 120 31 friends
3152 694 29 24 of
3201 689 52 31 the

2498 735 85 32 bride
2600 738 63 31 and
2683 739 218 42 bridegroom
2924 755 79 19 were
3022 745 53 31 the
3093 752 76 25 only
3188 756 48 30 pui-

2497 805 74 20 sons
2588 803 141 34 present.

2544 852 9 30 J
2569 854 37 30 lie
2628 854 204 44 bortnightly
2853 858 130 32 Review
3001 860 165 41 ])ub!ishos
3180 862 58 30 arti-

2496 906 64 33 cles
2579 907 41 44 by
2639 910 133 35 Chai'les
2794 914 168 36 Williams,
2986 917 129 34 Soudan
3136 931 98 21 corres-

2498 967 151 40 pondent,
2670 971 227 43 substantially
2913 975 136 43 proving
3065 976 52 32 the
3134 978 102 31 incani-

2499 1035 136 33 peteney
2674 1029 34 31 of
2743 1031 49 31 Sir
2831 1032 133 33 Charles
3008 1033 137 39 AVilson,
3191 1035 62 32 and

2500 1081 150 46 virtually
2667 1084 156 42 charging
2841 1088 67 32 him
2926 1090 77 32 with
3024 1091 53 32 the
3090 1092 166 41 slaughter

2498 1141 29 30 of
2559 1142 141 34 General
2731 1145 133 34 Gordon
2899 1147 39 43 by
2977 1148 48 33 Ins
3056 1150 197 42 negligence.

2505 1198 24 29 W
2546 1199 62 32 hen
2649 1203 51 30 the
2738 1211 120 25 matter
2903 1206 25 30 is
2966 1206 138 40 brought
3144 1219 41 31 up
3225 1209 32 31 in

2501 1254 209 41 Parliament,
2736 1260 106 33 which
2868 1262 65 32 will
2953 1263 35 32 he
3007 1263 137 43 shortly,
3171 1266 84 32 Lord

2499 1312 95 33 Chas.
2620 1313 168 36 lJeresford
2818 1318 62 32 and
2908 1331 101 33 many
3037 1320 72 35 [due
3129 1322 127 44 jackets

2499 1381 51 21 are
2569 1371 122 40 willing
2708 1381 30 26 to
2757 1374 35 33 be
2811 1378 176 33 witnesses.

2542 1426 51 32 Mr
2610 1429 176 33 Gladstone
2805 1443 79 29 gave
2903 1433 106 33 notice
3028 1436 30 31 in
3074 1436 54 32 the
3145 1437 111 33 House

2499 1482 32 32 of
2549 1485 177 35 Commons
2743 1489 36 31 of
2801 1489 77 44 May
2897 1492 58 32 3rd
2980 1493 34 32 of
3032 1505 21 21 a.
3075 1498 126 29 motion
3227 1504 29 25 to

2500 1542 130 41 provide
2647 1555 18 22 a
2682 1545 111 45 dowry
2811 1550 47 31 for
2872 1549 53 34 the
2941 1550 148 36 Princess
3107 1553 149 35 Beatrice

2500 1611 38 19 on
2567 1601 58 32 hvr
2647 1606 221 43 approaching
2891 1610 160 43 marriage
3081 1618 30 26 to
3140 1613 115 33 Prince

2503 1656 111 45 Henry
2632 1661 30 31 of
2678 1660 213 47 Battenburg.
2938 1667 80 33 This
3032 1678 64 24 was
3110 1670 145 34 received

2501 1714 76 33 with
2590 1717 87 39 jeers
2694 1719 80 32 from
2794 1721 53 31 the
2866 1723 109 32 Home
2988 1726 81 31 Rule
3082 1728 63 29 and
3161 1728 76 31 Radi-

2499 1770 49 33 cal
2574 1771 149 37 benches.
2770 1776 131 36 Formal
2929 1783 183 41 opposition
3145 1791 31 27 to
3202 1785 53 34 the

2500 1837 95 32 grant
2618 1832 66 31 will
2708 1832 35 33 be
2768 1834 64 32 laid
2858 1835 41 44 by
2924 1838 51 31 Mr
2997 1840 116 44 Henry
3133 1842 103 34 Labou-

2500 1885 107 34 chere.

2549 1943 9 31 J
2573 1954 39 22 iitj
2636 1944 146 36 headless
2806 1947 86 46 body
2908 1950 36 33 of
2957 1962 41 23 an
3022 1952 137 45 English
3184 1968 55 32 gen-

2504 2001 134 41 tleman,
2662 2004 176 42 registered
2863 2019 34 22 as
2922 2009 34 33 C.
2981 2011 123 34 Arthur
3127 2013 132 43 Prcller,

2504 2060 148 40 London,
2671 2063 163 41 England,
2853 2077 66 21 was
2942 2069 98 31 found
3064 2070 34 32 in
3121 2084 17 19 a
3161 2074 98 31 trunk

2504 2126 30 21 in
2565 2128 18 21 a
2610 2118 47 33 St.
2683 2117 98 36 Louis
2805 2119 87 37 hotel
2912 2135 41 22 on
2979 2124 52 35 the
3058 2128 74 33 13th
3160 2129 99 44 April.

2507 2174 102 31 When
2629 2176 52 31 the
2698 2178 98 31 trunk
2815 2190 63 21 was
2903 2183 124 40 opened
3052 2184 54 31 the
3129 2185 85 43 body
3230 2188 35 32 of

2504 2241 19 21 a
2539 2230 219 44 lLidule-aged
2775 2244 77 23 man
2862 2247 66 22 was
2940 2237 167 41 disclosed,
3122 2241 54 34 the
3193 2243 67 34 face

2506 2287 64 32 and
2587 2288 108 33 breast
2718 2301 52 32 up,
2794 2293 63 31 and
2876 2293 53 33 the
2957 2295 84 43 body
3066 2309 33 21 so
3124 2298 138 36 doubled

2506 2343 99 34 about
2621 2345 55 33 the
2694 2346 73 45 hips
2784 2349 62 33 and
2862 2350 101 35 knees
2980 2352 70 35 that
3066 2361 25 27 it
3107 2356 87 34 filled
3208 2359 54 34 the

2506 2404 189 40 leceptacle.
2740 2406 51 32 On
2807 2408 54 31 the
2879 2410 65 31 side
2963 2413 30 30 of
3007 2413 54 31 the
3073 2415 97 31 trunk
3187 2428 75 20 over

2507 2458 53 33 the
2584 2460 82 33 head
2693 2461 34 34 of
2746 2462 55 35 the
2826 2475 110 34 corpse
2965 2479 82 24 were
3073 2470 126 43 printed
3228 2474 34 33 iu

2507 2516 87 42 large
2622 2518 111 34 letters
2758 2521 53 33 the
2838 2524 118 40 words,
3081 2528 108 43 perish
3221 2531 41 33 all

2507 2575 129 33 traitors
2648 2582 32 28 to
2691 2577 55 34 the
2757 2587 91 33 great
3032 2585 67 34 The
3113 2589 151 41 personal,

2504 2632 113 35 effects
2632 2635 33 33 in
2684 2636 54 34 the
2754 2639 173 35 murdered
2943 2646 107 31 mail's
3067 2646 98 33 trunk
3181 2646 64 35 indi-

2504 2698 71 25 cate
2594 2691 73 35 that
2684 2694 54 33 the
2762 2707 110 23 owner
2894 2710 62 22 was
2980 2712 18 21 a
3020 2704 190 40 gentleman
3233 2706 33 32 of

2507 2758 113 22 means
2658 2751 64 31 and
2760 2752 136 34 culture.
2941 2756 63 33 His
3038 2770 89 22 room
3164 2767 98 34 mate,

2512 2804 119 34 Walter
2647 2806 136 35 Lennox
2801 2810 162 42 Maxwell,
2982 2814 72 34 who
3078 2817 26 31 is
3127 2819 135 32 accused

2507 2862 37 31 of
2556 2862 54 33 the
2627 2865 143 41 murder,
2788 2865 27 35 is
2831 2867 67 35 also
2915 2882 41 21 an
2973 2871 230 44 Englishman,
3215 2888 30 22 re-

2507 2919 105 42 siding
2626 2932 43 21 on
2686 2933 18 21 a
2719 2928 101 28 estate
2838 2930 32 27 at
2887 2926 191 44 Drummill,
3095 2931 164 43 England.

2507 2977 52 33 He
2587 2978 59 34 has
2674 2980 219 44 disappeared,
2920 2986 64 32 and
3007 2987 53 33 the
3086 2990 77 41 only
3189 2992 70 32 clue

2507 3033 54 35 the
2585 3034 178 38 detectives
2789 3039 84 35 have
2895 3041 27 34 is
2953 3043 72 36 that
3048 3045 40 34 he
3114 3047 57 34 left
3194 3049 65 34 San

2503 3092 177 34 Erancisco
2706 3095 163 41 disguised
2893 3109 41 21 on
2951 3100 54 32 the
3023 3106 140 29 steamer
3186 3105 74 42 City

2502 3151 34 28 ot
2563 3149 141 43 Sydney.
2751 3152 52 33 He
2828 3153 28 32 is
2879 3154 167 35 described
3074 3170 35 20 as
3135 3172 18 19 a
3184 3172 77 24 very

2502 3204 267 46 girlish-looking
2791 3208 117 34 blonde
2929 3222 113 33 young
3067 3224 89 30 man,
3181 3216 78 34 with

2509 3260 49 32 his
2574 3260 69 32 face
2659 3262 127 44 cleanly
2800 3264 134 40 shaven,
2953 3267 65 32 and
3027 3269 80 33 with
3116 3269 50 35 his
3179 3272 82 43 light

2503 3317 109 43 .sandy
2641 3318 73 34 hair
2739 3319 144 37 branded
2911 3324 64 33 and
2998 3337 42 22 no
3069 3328 130 44 parting
3229 3335 32 28 at

2503 3374 55 31 all.
2605 3375 63 33 His
2685 3388 75 31 eyes
2773 3389 55 21 are
2846 3379 83 41 light
2942 3381 82 33 blue,
3073 3384 50 32 lie
3141 3397 25 20 is
3184 3397 77 32 very

2506 3428 186 36 effeminate
2707 3432 35 33 in
2758 3433 50 34 his
2824 3445 148 31 manner,
2984 3439 153 46 carrying
3149 3441 65 35 this
3228 3453 33 24 so

2504 3487 51 33 far
2571 3500 34 20 as
2622 3495 32 26 to
2672 3491 84 32 walk
2773 3503 19 21 a
2809 3493 90 33 short
2916 3497 146 42 mincing
3078 3504 69 37 step
3165 3500 61 32 like
3244 3513 18 20 a

2507 3555 138 23 women.
2690 3547 28 33 A
2741 3547 184 47 cablegram
2948 3551 61 35 has
3031 3554 81 34 been
3135 3562 72 29 sent
3231 3565 30 27 to

2503 3601 174 36 Auckland
2693 3605 48 33 for
2757 3605 50 34 his
2824 3608 247 44 apprehension,
3088 3612 26 34 if
3134 3613 39 34 he
3189 3614 38 34 be
3244 3628 18 21 a

2509 3671 175 32 passenger
2706 3662 42 44 by
2771 3665 55 34 the
2850 3666 75 44 City
2951 3669 35 31 of
3007 3669 141 44 Sydney.
3194 3674 68 33 The

2505 3727 98 22 name
2620 3718 103 34 under
2739 3721 107 35 which
2865 3723 152 35 Maxwell
3034 3728 75 32 ttok
3125 3728 50 34 his
3190 3742 51 31 pas-

2506 3785 74 31 sage
2599 3786 42 21 on
2659 3777 53 32 the
2729 3784 140 28 steamer
2885 3793 65 21 was
2963 3782 183 42 Danguiea.
3191 3787 70 33 The

2507 3830 103 35 whole
2623 3843 71 24 case
2703 3833 29 34 is
2743 3835 152 36 involved
2905 3839 34 33 in
2952 3839 176 46 obseurity.
3174 3843 69 35 Prei-

2504 3889 57 38 ler,
2578 3890 55 32 the
2650 3892 173 34 murdered
2839 3906 89 29 man,
2946 3908 66 22 was
3029 3909 18 22 a
3064 3900 147 34 member
3230 3902 34 33 of

2507 3946 53 33 the
2573 3947 180 42 Plymouth
2766 3950 172 42 Brethern,
2953 3954 64 33 and
3029 3956 35 32 of
3071 3968 17 21 a
3100 3961 140 40 tempera-

2506 4010 92 26 ment
2613 4006 149 42 strongly
2777 4008 162 43 religious.
2985 4012 69 32 The
3070 4014 97 33 latest
3183 4016 60 32 tele-

2505 4071 109 30 grams
2624 4068 81 28 state
2715 4063 72 36 that
2797 4065 150 36 Maxwell
2957 4068 58 34 has
3027 4069 81 35 been
3118 4073 143 35 arrested

2505 4121 32 30 at
2553 4119 182 42 Auckland,
2753 4122 65 34 and
2831 4123 54 35 the
2896 4137 173 35 necessary
3083 4141 115 34 papers
3210 4132 49 35 for

2503 4176 50 33 his
2583 4179 195 35 extradition
2807 4183 66 32 will
2898 4196 41 31 go
2961 4186 141 35 forward
3132 4189 42 44 by
3205 4190 54 34 the

2500 4234 177 34 Australia-

2545 4292 68 35 The
2636 4306 71 24 new
2730 4297 166 36 Cunarder
2911 4300 140 43 Elmira,
3076 4303 106 36 which
3207 4319 34 21 ar-

2504 4351 87 32 rived
2608 4357 34 28 at
2658 4354 80 33 New
2761 4355 88 34 York
2865 4366 43 24 on
2928 4358 78 44 May
3029 4361 30 39 4,
3081 4360 29 35 is
3135 4363 69 34 said
3227 4370 32 28 to

2505 4408 35 33 be
2557 4409 54 33 the
2628 4411 135 35 swiftest
2786 4414 64 34 and
2873 4414 71 36 best
2966 4417 94 35 fitted
3082 4431 177 34 passenger

2503 4468 177 44 sUamship
2688 4469 109 35 afloat.
2841 4472 69 33 The
2921 4472 143 36 builders
3072 4483 101 28 assert
3187 4480 72 34 that

2503 4524 56 34 she
2578 4526 64 33 will
2659 4539 87 23 cross
2763 4529 55 35 the
2834 4530 144 35 Atlantic
2995 4545 34 21 in
3043 4535 47 33 six
3101 4536 80 43 days
3194 4539 65 32 and

2503 4593 98 20 seven
2632 4584 110 37 hours,
2770 4586 89 33 three
2884 4587 98 34 hours
3003 4590 64 33 less
3092 4592 81 33 than
3202 4595 56 32 the

2503 4639 110 34 lowest
2629 4642 121 32 record.

2543 4698 27 31 A
2588 4697 184 43 cablegram
2788 4710 74 33 says
2879 4700 72 36 that
2967 4702 53 34 the
3038 4709 155 40 arrogant
3211 4712 30 31 at-

2503 4753 101 33 titude
2617 4755 39 32 isf
2668 4756 118 32 Kussia
2801 4756 28 32 is
2845 4758 54 33 the
2921 4759 232 46 all-absorbing
3167 4766 89 41 topic

2502 4810 64 33 and
2590 4811 58 33 lias
2672 4812 33 33 in
2729 4824 19 23 a
2770 4824 147 25 measure
2937 4817 150 34 renewed
3111 4819 56 35 the
3191 4833 67 23 war

2503 4868 76 32 talk.
2626 4870 67 33 The
2718 4871 110 33 Tories
2844 4883 53 21 are
2916 4873 174 42 indignant
3113 4882 33 28 at
3169 4878 89 35 what

2501 4925 78 42 they
2609 4932 83 27 term
2724 4928 137 33 another
2884 4929 70 44 slap
2977 4931 35 32 in
3039 4932 54 33 the
3115 4933 71 34 face
3216 4936 42 44 bj

2503 4983 127 34 liussea.
2675 4984 68 33 The
2762 4985 96 34 belief
2876 4988 26 32 is
2924 4990 132 40 general
3077 4991 75 33 that
3176 4994 60 32 Rus-

2503 5041 45 31 sia
2575 5041 25 31 is
2628 5040 134 45 playing
2792 5054 89 23 more
2910 5045 34 32 of
2964 5045 58 33 her
3048 5047 210 37 treacherous

2503 5097 107 40 tricks,
2629 5099 64 33 and
2710 5100 71 34 that
2794 5101 57 34 the
2869 5102 81 34 Oar
2957 5104 29 33 is
3002 5104 81 44 fully
3094 5106 106 35 intent
3214 5120 42 22 on

2503 5157 121 38 uaving
2640 5157 103 32 Herat
2760 5164 33 27 at
2808 5171 64 29 any
2889 5161 97 41 price.

2540 5214 29 31 A
2588 5214 117 42 special
2722 5214 154 44 despatch
2891 5217 84 34 from
2992 5219 149 34 Calcutta
3154 5227 36 27 it
3201 5222 53 34 the

2503 5270 110 33 Tiiues
2638 5282 73 33 says
2738 5272 71 35 that
2835 5273 55 33 the
2917 5285 88 24 news
3029 5276 35 33 of
3082 5288 97 32 peace
3207 5291 31 22 ar-

2497 5336 211 31 rangements
2723 5330 62 31 has
2797 5332 132 32 .created
2947 5333 127 43 dismay
3094 5335 37 32 in
3148 5336 107 40 India*

2502 5384 63 35 and
2598 5384 53 34 the
2684 5386 187 35 vacillation
2901 5388 35 35 of
2957 5388 54 35 the
3045 5390 154 45 Ministry
3228 5393 28 34 is

2497 5444 138 31 ruinous
2654 5451 29 24 to
2703 5444 123 33 British
2842 5446 149 43 prestige.
3038 5448 131 34 Colonel
3183 5451 68 33 Pat.

2503 5503 135 31 Stewart
2656 5501 57 32 has
2731 5503 126 31 arrived
2873 5512 31 23 at
2918 5504 51 31 He
2973 5510 60 25 rait.

2543 5556 66 30 The
2628 5557 85 41 Tope
2730 5557 59 31 has
2807 5557 131 33 decided
2953 5564 34 27 .to
3012 5560 75 32 send
3107 5561 53 32 the
3180 5562 54 33 Gol-

2501 5612 61 32 den
2595 5613 83 32 Hose
2709 5614 160 42 privately
2899 5621 32 26 to
2957 5616 55 33 the
3037 5617 155 43 Empivess
3223 5621 36 32 &{

2502 5668 177 44 Germany,
2690 5669 83 38 who,
2786 5669 123 44 though
2922 5679 56 26 not
2989 5683 18 22 a
3024 5672 159 42 Catholic,
3196 5676 62 34 has

2501 5727 123 42 quietly
2652 5728 77 32 used
2756 5728 57 34 her
2828 5728 161 35 influence
3008 5743 46 21 ,or
3078 5743 100 33 many
3205 5748 34 20 oc-

2501 5785 142 32 casions
2661 5791 32 27 to
2709 5790 124 38 protect
2849 5786 148 35 Catholic
3021 5789 146 34 German
3183 5793 54 32 sub-

2497 5841 81 41 jects
2607 5841 83 32 from
2721 5843 215 41 persecution,
2971 5844 64 33 and
3061 5851 33 28 to
3125 5851 129 33 smooth

2501 5899 92 32 away
2606 5887 184 37 difficulties
2800 5888 146 46 dividing
2957 5890 53 36 the
3023 5892 136 46 Empire
3170 5899 85 34 Iroim

2501 5934 54 32 the
2572 5936 89 37 Holy
2680 5948 62 19 see.

2543 5979 52 34 Mr
2626 5980 129 34 Parnell
2785 5981 110 34 thinks
2925 5981 54 35 the
3016 5984 92 36 effect
3138 5987 35 34 of
3200 5990 54 35 the

2501 6026 113 35 Prince
2631 6028 34 33 of
2682 6028 114 34 Wales'
2815 6029 74 34 visit
2907 6030 66 34 will
2988 6030 36 36 be
3042 6040 32 28 to
3086 6035 166 37 stimulate

2497 6075 57 32 iJie
2572 6075 228 34 Marionahsiic
2818 6076 149 33 workers

874 117 134 42 THE
1079 117 217 45 EYEEL
1362 120 214 48 TIMES.
1648 126 364 55 SATURDAY,
2088 132 165 46 JUNE
2325 150 66 32 20.
2463 140 124 59 1885.

120 402 105 34 NEW
249 405 207 34 ZEALAND
476 405 314 34 GOVERNMENT
808 404 42 33 IN-

232 463 205 33 SURANCE
454 463 305 33 ASSOCIATION.

145 575 28 32 A
199 576 19 30 \
219 574 5 11 T
242 574 183 34 AGENCY
437 574 35 33 of
480 576 52 33 the
543 574 99 34 above
655 576 213 31 Association
869 574 3 35 1,

239 633 65 35 will
335 633 36 35 be
409 646 82 31 open
529 646 33 22 as
602 635 77 31 from
712 633 52 33 the
796 635 39 32 20
865 646 7 20 i

120 690 147 38 APRIL,
300 693 88 36 1885,
414 699 33 26 at
471 691 53 33 the
557 693 101 31 PJSl
658 692 5 12 1
701 691 176 38 OFFICE,

124 745 253 34 LONGFORD.

167 813 286 35 Policy-holders
476 814 140 40 wishing
641 821 31 28 to
704 827 62 32 pay
791 814 84 34 their

122 873 180 38 premiums
319 880 32 26 at
367 873 53 33 the
437 873 99 32 above
554 873 60 32 o:'ti
625 886 38 24 :e,
682 885 59 20 can
762 873 73 33 obta
842 873 2 38 :
864 886 8 19 1

895 912 1 13 i

122 928 54 34 the
202 941 167 33 necessary
392 929 99 36 forms
515 929 34 36 of
567 931 195 45 application
788 931 84 35 from
895 928 1 48 '

124 987 54 33 the
199 988 207 33 Postmaster.

440 1056 40 33 D.
506 1057 44 32 M.
575 1057 182 39 LUCKIE,

380 1112 117 45 Acting
513 1114 139 33 General
671 1115 166 42 Manager.

251 1200 237 34 GRAND
559 1203 200 32 BALL.

125 1312 204 35 PUBLIC
362 1313 155 41 HALL,
551 1315 330 35 MURCHISON

286 1376 139 40 Friday,
443 1378 57 33 3rd
516 1378 97 39 July,
634 1381 88 32 1885.

147 1488 27 33 A
221 1487 153 34 GRAND
406 1488 126 40 BALL,
561 1490 33 32 in
625 1489 194 35 celebration
851 1491 36 33 of

241 1545 53 33 the
329 1545 325 35 ANNIVERSARY
689 1547 35 33 of
744 1547 54 34 the
833 1548 33 33 de-

124 1601 157 34 claration
291 1602 36 33 of
336 1602 176 33 American
525 1602 276 42 Independence,
814 1605 68 34 will

127 1658 38 33 ha
181 1658 75 33 held
272 1670 35 21 as
322 1659 112 38 above,
456 1671 41 22 on

171 1715 226 55 FRIDAY,
425 1718 73 43 3rd
524 1718 153 53 JULY,
707 1719 113 43 1885.

406 1838 182 32 Stewards
603 1848 7 22 :
895 1835 1 39 |

171 1893 52 35 Mr
246 1895 36 34 0.
306 1895 117 43 Lynch
552 1896 51 33 Mr
626 1896 39 35 R.
691 1895 116 36 M'Nee
895 1893 1 49 j

169 1941 54 32 Mr
246 1943 38 30 G.
309 1952 63 21 von
395 1942 72 33 Bell
552 1942 52 32 Mr
628 1945 31 30 S.
684 1943 143 32 Thomas
895 1941 1 43 ;

172 1987 51 35 Mr
247 1987 157 45 Hodgson
552 1988 52 34 Mr
627 1989 208 36 Hudclleston

298 2046 51 35 Mr
364 2047 38 34 B.
423 2047 42 35 H.
483 2048 61 34 Del
549 2060 71 28 mo,
637 2048 83 35 M.C.

270 2161 28 33 A
315 2161 59 34 full
390 2162 94 34 Band
501 2162 33 33 in
550 2163 204 34 attendance.

188 2274 150 43 Dancing
355 2279 31 30 to
402 2286 188 23 commence
609 2283 31 26 at
658 2278 17 31 8
690 2276 134 33 o'clock.

149 2366 114 35 Ticket
286 2371 33 30 to
343 2366 103 37 admit
461 2367 93 44 Lady
574 2368 65 35 and
656 2369 206 42 Gentleman,

461 2426 36 32 7s
512 2425 52 32 6d.

132 2521 176 33 UNITED
343 2522 134 34 ITALY
504 2524 177 41 QUARTZ
717 2526 174 34 MINING

289 2584 223 43 COMPANY,
530 2587 209 35 LIMITED.

151 2712 79 37 AT
256 2723 18 22 a
300 2712 147 46 Meeting
467 2714 37 34 of
523 2715 175 41 Directors,
721 2716 76 35 held
825 2717 66 34 this

245 2774 74 44 day,
351 2786 18 22 a
396 2775 114 34 CALL
536 2777 68 42 (the
631 2780 83 41 21st)
743 2780 35 33 of
801 2780 90 33 ONE

128 2834 156 34 PENNY
300 2847 57 32 per
374 2836 105 35 Share
497 2849 67 23 was
578 2839 108 39 made,
703 2841 139 44 payable
858 2845 33 31 to

130 2897 57 35 the
212 2899 169 44 Manager,
405 2905 34 30 at
464 2901 56 34 the
546 2902 202 45 Company's
776 2904 114 41 Office,

131 2960 104 45 LyelJ,
253 2973 41 23 on
311 2962 298 44 WEDNESDAY,
627 2965 54 35 the
705 2965 56 35 Bth
781 2966 63 45 day
861 2966 35 35 of

128 3024 129 42 JULY,
276 3027 90 32 1885.

396 3089 3 40 .
427 3089 145 34 JAMES
595 3091 169 38 INGLIS,

682 3152 169 43 Manager.

173 3209 104 43 Lyell,
296 3210 75 33 13th
387 3210 97 41 June,
502 3212 91 33 1885.

257 3306 148 33 LYELL
429 3307 331 37 SCHOOL-ROOM..

174 3419 304 34 TO-NIGIIT!
522 3420 326 35 TO-NIGIITU

132 3532 390 58 SATURDAY,
559 3534 98 46 20th
689 3535 200 47 JUNE.

230 3655 268 37 POSITIVELY
516 3657 108 35 LAST
640 3659 158 35 NIGIIT.

136 3755 212 36 IMMENSE
371 3758 215 36 SUCCESS!

420 3816 213 37 IMMENSE
658 3819 226 38 SUCCESS'!

299 3929 93 36 TIIE
407 3930 302 40 CELEBRATED

132 3984 72 53 TP
240 3986 155 37 AUs
432 3989 275 48 TTPAM
741 3994 81 34 IL
863 3996 29 33 Y

132 4023 53 33 -C
242 4019 308 50 ACST-P
606 4038 285 38 AMILY

301 4093 129 34 10IN
455 4094 279 38 NUMBERIO

408 4163 146 37 Assisted
569 4164 44 46 by

272 4229 78 37 MR.
373 4230 208 39 CHARLES
604 4235 146 42 WARD,

130 4286 71 34 The
218 4295 138 35 greatest
371 4289 125 38 Pianist
511 4292 65 36 and
592 4294 236 38 Violincellaist
845 4296 37 36 in

392 4348 55 33 the
464 4349 159 35 Colonics.

132 4457 126 35 Marble
277 4461 154 35 Statnarv
447 4464 8 32 !

410 4499 11 7 V

258 4508 196 35 Miraculous
470 4511 171 36 Acrobatic
655 4513 107 35 Feats,

340 4556 137 35 Musical
493 4559 128 33 Clowns
638 4562 79 31 with
736 4562 125 33 Violins
877 4563 9 32 J

149 4625 157 37 GRAND
330 4628 166 38 RISLEY
515 4632 349 38 PERFORMANCE.

131 4701 299 49 Mirth-provoking
452 4706 62 33 Act
540 4718 41 22 on
613 4708 54 33 the
691 4709 197 36 Horizontal

470 4765 74 33 Bar.

132 4816 177 35 Selections
325 4818 35 34 of
373 4819 149 44 Operatic
541 4820 105 36 Music

350 4877 181 43 performed
548 4890 39 21 on
606 4890 154 23 common
778 4882 106 33 wood.

129 4929 145 36 Famous
291 4933 153 34 National
461 4935 129 34 Dances
606 4937 34 32 of
653 4937 165 40 England,

488 4993 131 34 Ireland
637 4996 63 32 and
720 4995 168 35 Scotland.

337 5104 204 46 Concluding
565 5109 78 32 with
664 5120 18 22 a

127 5157 283 38 LAUGHABLE
443 5164 139 33 COMIC
616 5167 272 33 PANTOMIME

435 5221 51 33 En
491 5222 90 33 tilled

174 5274 92 33 THE
284 5277 237 34 TROUBLES
539 5279 55 32 OF
607 5280 27 32 A
648 5280 201 35 MUSICAL

414 5336 185 31 FAMILY.

173 5445 107 33 Prices
308 5447 35 32 of
366 5448 198 39 Admission,
589 5451 101 32 Front
714 5461 95 30 scats,
881 5463 7 29 ;

129 5499 89 36 Back
237 5503 61 39 do.,
317 5506 45 32 2s.
407 5505 106 33 Doors
526 5519 82 29 open
623 5517 33 23 at
667 5509 81 32 7.30.
795 5510 70 32 Com-

129 5567 118 22 mence
265 5565 27 25 nt
312 5562 19 28 8
348 5560 107 42 sharp..

401 5630 181 31 ALFRED
609 5632 156 34 SHORT,

557 5686 156 33 Business
730 5689 114 40 Agent.

435 5792 154 32 BIRTII.

175 5847 262 37 HarrisonAt
481 5854 57 32 her
576 5854 175 40 residence,
797 5856 92 44 Lyell

129 5908 116 43 Creek,
264 5924 40 22 on
330 5914 53 34 the
408 5916 75 34 10th
507 5917 97 38 June,
630 5920 90 37 1885,
739 5919 53 34 the
816 5921 75 33 wife

129 5976 35 28 t
192 5974 170 35 Frederick
386 5978 171 40 Harrison,
586 5980 34 33 of
642 5991 16 22 a
689 5990 68 23 son.
804 5981 85 35 Both

127 6035 103 45 dt>ing
249 6039 80 33 well

1267 263 49 25 w
1342 264 31 32 %

968 405 163 35 NOTICE
1159 409 54 34 TO
1240 410 371 40 LEASEHOLDERS.

1091 500 216 37 DOUBLED
1333 505 156 36 RENTS.

1102 593 116 35 Crewn
1237 596 108 35 Lands
1362 598 110 35 Office.

1202 644 133 41 Nelson,
1352 647 84 33 June
1452 651 27 34 1,
1496 651 87 32 1885.

915 696 250 76 Holders
1196 701 34 32 of
1254 702 168 36 leases
1452 706 35 32 of
1510 707 157 32 crown

1030 743 148 35 LANDS
1204 758 52 21 are
1287 751 166 32 reminded
1481 752 70 32 that
1583 753 84 31 ALL

915 788 144 35 RENTS
1084 790 92 35 DUE
1205 792 119 36 MUST
1345 796 56 32 RE
1429 797 104 33 PAID
1558 805 31 27 to
1613 798 54 35 the

917 835 153 35 Receiver
1086 838 35 33 of
1135 839 90 34 Land
1244 842 162 38 Revenue,
1424 845 145 37 Nelson,
1589 858 33 19 or
1636 854 31 24 to

915 882 53 31 the
1002 883 97 33 Local
1129 885 93 33 Land
1249 889 126 34 Offices,
1406 898 33 24 at
1472 892 195 37 Westport,

915 928 152 41 Ahaura,
1092 932 62 33 and
1180 933 167 38 Rekftux.
1366 948 40 22 on
1427 948 34 23 or
1485 938 104 34 before
1614 939 53 34 the

916 976 76 33 30th
1009 978 96 39 June,
1124 988 30 24 to
1172 992 73 22 save
1263 984 107 32 Fines.

1070 1037 28 32 A
1103 1037 23 32 L
1130 1038 55 32 FIJ
1192 1039 59 33 ED
1276 1041 90 32 GRE
1373 1043 24 31 E
1404 1043 26 31 N
1437 1043 73 32 FIK
1517 1043 68 39 LD,

1096 1083 256 36 Commissioner
1367 1088 34 32 of
1415 1089 113 32 Crown
1549 1089 118 32 Lands.
