3360 6190
847 132 138 49 THE
1054 135 216 47 LYKLL
1336 132 221 51 TIMES,
1627 129 381 58 SATURDAY,
2074 138 171 61 JUNE
2314 155 71 40 20,
2459 145 120 58 1815.

123 263 431 92 Hampden
608 267 554 91 Co-operative
1229 273 226 73 Store
1506 271 130 73 Co.

715 371 369 76 Limited.

877 521 36 23 :o:

207 599 128 34 STIH.E
353 600 100 33 abuve
467 601 21 32 C
494 612 143 31 ompany
650 603 25 32 is
691 613 72 22 n-vv
778 603 174 44 supplying
964 604 54 34 the
1035 605 165 42 followiuf
1210 607 99 40 goods
1324 611 30 29 at
1370 619 16 20 a
1401 605 97 43 slight
1512 604 143 34 advance

219 652 38 16 -*-■
353 659 41 19 on
415 648 23 30 N
450 649 23 29 L
481 648 106 32 LSOX
611 649 98 31 PitEC
719 649 22 31 Jl
752 652 15 28 S
780 659 5 21 :

357 731 336 48 GROCERIES

827 799 86 48 and
937 799 354 53 PROVISIONS
1314 823 7 36 ;

712 884 33 32 of
761 884 67 33 first
846 885 80 32 class
943 886 134 42 quality.

217 962 37 45 A
280 962 134 62 large,
439 963 167 55 varied,
634 964 88 46 and
748 964 141 47 useful
917 968 298 55 Assortment,
1244 969 102 47 of—

575 1040 259 58 Crockery,
867 1042 36 47 L
910 1057 84 33 art
1002 1058 90 33 hen
1119 1045 90 47 and
1235 1045 282 53 Glassware
1542 1067 6 39 ;

580 1108 355 53 Ironmongery',
968 1112 76 41 &c.

217 1198 95 35 MEN
331 1198 64 34 and
414 1199 123 36 BOY'S
555 1198 152 34 KAIPOI
726 1198 94 34 made
838 1198 229 35 CLOTHING
1083 1212 5 27 ;
1117 1202 125 34 HATS.
1261 1203 174 37 SHIRTS,
1453 1207 111 33 under-

589 1246 236 33 FLANNELS
841 1259 5 24 ;
866 1246 220 36 DRAWERS
1106 1250 62 32 and
1187 1250 159 34 MOLES.
1371 1252 199 41 TWEEDS,

589 1292 201 34 HOSIERY
806 1293 62 33 and
893 1293 259 42 BLANKETS;
1176 1296 197 42 CALICOS,
1399 1299 171 41 I'KINTS,

590 1341 246 33 FLANNEL#,
855 1344 41 30 &c
901 1367 18 11 M
938 1343 64 36 &c.,
1020 1346 50 29 &c.

817 1409 169 33 —Also—

227 1476 183 56 Wheat,
466 1477 129 54 Oats,
653 1477 135 54 Bran,
837 1477 138 46 Chaff
1022 1480 88 44 and
1157 1480 214 48 Potatoes
1397 1500 7 28 :
1450 1485 109 44 New

580 1542 184 47 Garden
818 1542 141 47 Seeds
1030 1546 143 46 sound
1227 1548 104 64 and;
1365 1557 95 38 true
1515 1560 44 35 to

581 1625 146 30 name.
794 1608 116 47 Seed
938 1609 229 59 Potatoes,
1194 1613 76 47 &c.

184 1811 116 33 Orders
314 1811 230 44 accompanied
567 1811 42 43 by
627 1813 74 32 cash
719 1813 203 33 remittances
946 1816 190 39 punctually
1159 1818 153 32 attended
1329 1825 42 31 to,
1389 1821 64 32 and
1489 1821 99 40 goods
1611 1821 51 32 des-

141 1868 139 44 patched
297 1872 32 31 at
345 1881 17 21 a
380 1874 162 29 moments
559 1869 113 34 notice.

185 1943 97 35 Local
304 1943 150 44 produce,
478 1943 167 42 including
667 1943 122 40 Hides,
816 1943 110 40 Skins,
957 1943 111 41 Wool,
1095 1945 146 40 Butter,
1260 1950 64 38 &c.,
1345 1952 64 38 &c.,
1434 1953 179 42 purchased
1631 1954 47 33 for

142 2001 97 33 Cash.

1213 2063 38 33 R.
1279 2065 153 41 M'NEE,

186 2150 200 40 Murchison,
404 2150 75 33 15th
496 2150 99 41 June,
614 2152 91 33 1885.

1475 2114 165 39 Maaager.

354 2272 328 49 NOTICE.

141 2383 47 34 To
213 2383 54 37 the
298 2383 125 37 Public
446 2384 36 34 of
501 2383 106 44 Lyell,
633 2383 64 36 and
722 2383 159 37 surround

446 2442 151 35 districts.

144 2556 130 34 ITIHE
301 2557 344 38 UNDERSIGNED,
669 2556 122 40 having
818 2569 57 32 pur-

247 2612 119 36 chased
381 2613 56 35 the
453 2613 147 35 business
616 2613 118 35 known
759 2626 34 21 as
816 2613 79 34 Wm

139 2669 148 33 Brown's
302 2670 84 34 Boot
403 2670 99 43 Shop,
519 2670 104 43 Lyell,
640 2682 26 22 is
682 2672 157 42 prepared
859 2679 32 25 to

138 2725 57 32 sell
209 2726 54 33 the
280 2726 104 34 whole
397 2726 36 34 of
441 2726 51 34 his
503 2726 151 33 LARGE
666 2726 64 34 and
748 2728 112 31 WELL-

135 2783 231 33 ASSORTED
383 2784 150 38 STOCK,
550 2784 35 33 of
597 2784 110 33 Men's
723 2784 165 34 Women's

135 2838 64 33 and
235 2838 205 34 Children's
470 2839 101 34 Boots
603 2839 65 35 and
708 2840 113 39 Shoes,
862 2847 33 27 at

137 2896 100 35 prices
267 2900 32 30 to
325 2897 64 33 suit
413 2897 53 33 the
492 2897 105 36 times,
623 2898 63 32 and
712 2897 101 43 hopes
850 2898 44 42 by

161 2952 93 33 ireful
277 2954 158 33 attention
453 2960 31 27 to
508 2953 158 39 business,
691 2961 31 26 to
747 2956 95 31 nurit
877 2968 17 19 a

146 3008 47 33 air
209 3008 94 35 share
320 3009 35 34 of
367 3008 108 45 public
491 3015 187 38 patronage.

174 3086 50 33 All
240 3088 99 42 goods
355 3087 135 34 marked
506 3090 32 31 in
556 3089 88 41 plain
661 3089 128 39 figures.

175 3158 154 34 N.B.—A
344 3158 88 45 large
448 3158 118 45 supply
581 3160 35 33 of
630 3159 106 37 North
760 3161 125 35 British

133 3213 86 33 Gum
248 3215 111 37 Boots,
383 3216 66 32 and
470 3217 80 31 Own
576 3216 99 34 Make
700 3218 36 34 of
760 3218 105 35 Water-

135 3270 101 38 tights
252 3271 121 44 always
390 3283 42 22 on
448 3272 97 34 hand.

177 3349 138 43 Repairs
331 3351 112 43 neatly
460 3352 165 34 executed.

341 3442 83 35 Note
441 3443 54 34 the
511 3445 159 34 Address:

268 3511 240 46 JOHN
562 3514 329 62 BIiOWN,

279 3598 83 33 Boot
378 3598 64 33 and
461 3599 201 35 Shoemaker
679 3601 64 33 and

427 3655 171 44 Importer.

178 3711 82 31 Next
277 3711 78 33 deor
370 3717 33 27 to
453 3713 108 32 Times
728 3716 104 42 Lyell.

153 3806 395 39 ALHAMBRA
611 3812 264 50 HOTEL,

446 3852 121 35 Lyell.

136 3942 127 59 rpllE
282 3944 218 43 undersigned
516 3946 123 47 having
654 3948 134 36 become
813 3952 58 35 Pro-

240 3990 120 41 prietor
376 3993 31 30 of
424 3993 63 31 this
504 3995 212 34 well-known
734 3998 64 31 and
816 4000 77 39 long

132 4033 196 36 established
345 4036 111 38 Hotel,
475 4039 107 35 would
604 4041 59 40 beg
680 4048 32 28 to
729 4041 90 35 draw
837 4044 54 34 the

132 4082 161 34 attention
317 4084 30 32 of
376 4084 194 41 Travellers,
595 4088 139 36 Persons
760 4091 133 41 visiting

133 4128 52 33 'he
203 4128 135 44 district,
355 4132 64 34 and
444 4133 53 35 the
522 4135 108 44 public
653 4138 181 44 generally,
860 4146 31 29 to

133 4175 52 32 the
202 4177 106 42 ample
325 4178 65 33 and
406 4182 198 34 convenient
614 4183 168 34 character
795 4187 35 31 of
837 4187 54 32 the

131 4222 246 38 accomodation
407 4226 108 35 winch
552 4228 55 36 the
638 4229 251 40 establishment

442 4274 127 35 affords.

129 4360 136 37 Board
280 4363 82 35 and
378 4363 162 50 lodging
567 4396 18 9 ..
609 4369 53 37 £1
680 4379 72 36 per
774 4372 115 36 week

135 4405 214 38 fo?.oals---at
365 4408 51 37 all
432 4409 170 39 hours—
777 4413 39 38 Is
834 4415 55 37 6d

136 4469 5 7 •
806 4458 81 37 ..la

216 4526 106 32 Table
341 4529 63 32 will
422 4531 35 31 be
475 4532 103 33 under
590 4534 53 31 the
655 4534 104 33 direct
771 4546 92 28 super-

132 4581 13 19 v
181 4582 52 21 ;ou
249 4573 35 32 of
298 4573 66 34 Airs
381 4577 35 31 A.

164 4675 33 21 ■.:.*r
204 4665 3 43 f
208 4665 91 33 jdoor
313 4677 30 22 to
360 4668 54 33 the
432 4670 97 33 Hotel
541 4672 90 32 there
643 4673 27 32 is
684 4684 15 20 i
816 4676 64 32 and

212 4713 223 35 commodious
464 4716 105 33 Room
593 4717 138 36 suitable
756 4720 48 35 for

275 4759 170 43 Meetings,
472 4763 111 33 Dance
608 4767 132 40 parties,

357 4807 294 42 Entertainments,

479 4857 51 32 &e.

263 4953 63 24 AND
345 4944 125 36 S?!KITS
489 4957 37 22 OF
544 4958 64 23 THE
627 4959 79 24 BEST
730 4960 150 28 quality.

134 5033 18 43 \
180 5036 64 31 War
247 5037 80 31 shall
354 5038 62 32 and
439 5040 194 42 Coptdand'j;
653 5043 124 33 XXXX
802 5057 40 21 ou

474 5091 63 38 tap.

369 5200 90 33 Good
484 5202 156 36 Stabling.

305 5315 50 31 Ail
374 5316 131 39 charges
522 5319 176 33 moderate.

340 5381 200 36 ANTOXLO
564 5386 52 32 AC
621 5387 51 32 CO
680 5387 117 39 LINO,

649 5433 190 44 Proprietor.

204 5527 63 31 ;A>r
298 5538 64 21 thk
539 5542 27 21 is
597 5543 64 22 T:r:
897 5508 3 62 I

124 5576 8 24 '■
190 5575 47 54 \4
244 5569 64 60 K'
317 5578 19 27 S
366 5575 335 39 WORLD-FA-viI)
732 5584 145 35 BLOOD
896 5569 16 60 j'

167 5617 4 51 :
185 5621 148 31 XTURE
359 5633 24 20 is
408 5626 181 31 warranted
618 5633 31 26 to
674 5630 204 35 cleanthe
896 5617 3 51 i

189 5666 25 60 i:I
233 5668 81 30 from
339 5668 42 31 all
406 5672 181 38 impurities
608 5673 83 33 from
717 5677 161 33 whatever
896 5666 2 60 j

174 5723 40 21 [.-a
226 5724 129 26 fsrisui.?.
404 5714 62 33 lor
478 5715 154 37 Scrofula,
647 5720 134 35 Scurvv,
799 5723 76 34 Skin
895 5714 3 53 j

153 5772 5 17 j
174 5769 5 19 i
200 5759 98 32 Blood
310 5759 160 39 Diseases,
484 5762 64 31 and
562 5764 94 33 Sores
670 5768 33 30 of
715 5767 43 32 ail
771 5768 105 41 kinds,
895 5759 17 50 I,

150 5805 3 46 ■
176 5805 107 33 e-facts
299 5817 54 21 are
370 5807 208 35 marvellous.
625 5811 193 38 Thousands
844 5819 37 30 of
911 5805 1 46 ;

185 5852 160 32 imoniais.
393 5853 77 33 Sold
494 5855 31 32 in
546 5854 126 41 bottles,
691 5861 33 30 2s
748 5861 40 32 Od
813 5864 63 32 and
911 5852 1 44 !

122 5898 4 45 .
144 5898 4 45 i
188 5898 78 33 each
283 5898 41 44 by
336 5899 163 35 Chemists
511 5901 65 33 and
586 5903 117 35 Patent
716 5906 159 37 Medicine
911 5898 1 45 •

127 5946 135 32 /sudors
286 5946 215 42 everywhere.
559 5949 71 34 Sole
663 5952 209 43 Proprietors,

115 5992 71 31 Th;-:
221 5991 148 32 Lincoln
400 6001 65 23 and
506 5993 159 35 Midland
704 5999 169 35 Counties

115 6040 97 32 i'uu'o
230 6039 68 40 Co.,
319 6038 136 35 Lincoln
474 6040 164 45 England,

958 2273 427 55 WELCOME
1470 2284 216 59 INN,

1244 2350 122 35 Lyell.

1045 2441 32 36 S
1092 2441 71 38 lie
1179 2453 28 26 11
1282 2445 122 39 Will
1420 2448 151 50 iams,

946 2516 11 47 |
979 2516 23 15 ;V
1039 2512 8 21 i
1055 2508 150 33 t'luxuiu<4
1230 2505 119 35 tliciiiiis
1373 2516 47 26 tor
1447 2520 72 32 par,;
1547 2512 139 35 favours,

1020 2564 74 40 begs
1117 2571 31 28 to
1176 2568 117 34 inform
1315 2571 58 32 her
1396 2573 120 33 friends
1540 2575 63 32 and
1632 2577 54 32 the

952 2623 83 36 üblic
1061 2627 69 35 that
1157 2629 57 34 she
1246 2630 57 35 has
1330 2634 67 40 just
1425 2636 181 42 completed
1632 2649 34 22 ex-

932 2690 120 30 tensive
1078 2690 161 34 additions
1268 2695 63 31 and
1357 2696 188 34 alterations
1574 2707 32 24 to
1630 2701 57 32 her

911 2731 777 17 i

946 2750 147 42 remises,
1120 2754 64 34 and
1210 2756 53 34 the
1291 2760 246 35 accomodation
1561 2761 27 35 is
1611 2774 75 23 now

1192 2823 224 39 unsurpassed.

928 2907 88 37 Ales,
1198 2923 40 20 an
1253 2912 8 32 I
1291 2915 114 40 Spirits
1437 2917 35 32 of
1500 2919 187 33 First-class

1136 2968 132 41 Quality
1285 2970 77 41 only
1378 2971 86 44 kept.

1162 3060 92 33 Good
1279 3063 157 35 Stabling.

1135 3116 151 34 ELLEN
1317 3120 245 42 WILLIAMS,

1385 3185 259 37 pßoP'irKT';"^'^.

931 3283 471 47 COMMERCIAL
1432 3295 252 52 HOTEL,

1073 3352 9 21 *
1105 3353 84 27 LIKF
1222 3349 153 42 S'I'KKKT,
1409 3350 122 41 Ly'KU,

932 3437 127 63 rpilK
1079 3440 227 43 undersigned,
1326 3445 121 42 having
1463 3449 131 37 become
1612 3455 54 33 Pro-

1038 3486 119 42 prietor
1188 3494 30 28 ol
1249 3490 54 34 th«
1365 3492 79 36 bovu
1476 3499 209 37 well-known

931 3529 111 37 Hotel,
1061 3531 99 42 hopes
1178 3533 40 40 by
1235 3544 89 24 strict
1340 3542 160 31 attciiiion
1520 3552 30 23 to
1569 3547 53 32 tlie
1641 3559 28 21 re-

930 3574 200 63 quirements
1143 3577 35 36 of
1185 3579 52 36 the
1247 3587 132 38 patrons
1397 3586 34 34 of
1441 3587 52 36 the
1510 3589 99 38 house
1621 3595 63 34 and

931 3624 38 28 he
985 3624 107 39 public
1104 3629 165 42 generally
1281 3636 29 26 to
1325 3634 93 31 merit
1429 3646 18 20 a
1463 3638 132 33 continu
1609 3652 70 22 nice

935 3669 25 31 si
984 3667 54 35 the
1063 3667 112 39 liberal
1201 3683 132 36 support
1358 3678 142 38 hitherto
1526 3687 156 34 accorded

1146 3719 54 32 the
1218 3723 257 37 establishment.

976 3808 61 31 Ilia
1069 3812 156 38 piemises
1253 3813 80 34 have
1352 3818 70 39 just
1450 3822 185 41 undergone
1668 3840 16 19 a

928 3852 161 44 thorough
1134 3859 203 42 renovation,
1382 3867 62 32 and
1491 3868 192 45 Travellers,

928 3899 148 40 Visitors,
1108 3904 63 31 and
1202 3906 110 34 others
1340 3911 62 32 will
1429 3924 72 21 now
1530 3916 68 34 find
1630 3920 53 33 the

927 3944 216 38 Commercial
1173 3963 60 23 one
1260 3960 31 27 ol
1318 3954 53 35 the
1401 3957 68 36 best
1496 3961 92 37 fitted
1621 3967 63 33 and

927 4001 86 24 most
1042 3997 224 35 commodious
1289 4001 117 36 Hotels
1435 4019 42 20 on
1509 4010 53 32 the
1597 4012 87 33 West

967 4133 72 34 Onk
1077 4146 33 24 ©J
1149 4137 162 39 Alcock's
1349 4144 88 37 Best
1475 4149 165 38 Billiard

1231 4187 140 37 Tables.

927 4273 110 36 Wines
1054 4277 63 34 and
1136 4279 116 44 Spirits
1268 4285 35 31 of
1316 4285 53 35 the
1381 4288 70 35 best
1461 4292 127 42 quality
1602 4295 79 44 only

1263 4329 85 45 kept.

966 4412 186 40 First-class
1175 4417 118 48 Livery
1316 4424 64 35 au.l
1400 4426 74 36 Bait
1499 4429 138 44 StaUles,

1171 4468 69 33 well
1258 4473 158 42 supplied.

1131 4564 24 22 n
1150 4522 21 37 J
1174 4522 33 64 4
1211 4523 44 39 M
1260 4528 67 58 r£
1350 4530 251 53 OSMOND,

1131 4570 91 35 (Late
1239 4574 30 28 ot
1289 4572 87 35 West
1381 4581 82 38 port)

1401 4623 193 46 Proprietor,

926 4704 114 51 w0
1075 4709 35 47 L
1145 4710 34 47 F
1259 4718 180 51 AND
1528 4725 33 50 c
1593 4728 82 58 0.,

1122 4809 167 27 holesale
1307 4816 64 23 and
1393 4810 126 37 Retail

921 4859 445 70 BTCH
1010 4859 89 70 u
1427 4882 36 44 E
1518 4885 32 42 R
1598 4887 32 44 S
1667 4922 7 8 .

1044 4975 131 39 Dealers
1193 4994 32 22 in
1242 4985 42 33 all
1301 4987 213 48 descriptions
1532 4996 35 32 of

941 5031 122 35 FARM
1109 5038 55 31 AN
1171 5039 28 32 D
1246 5042 139 37 DAILY
1431 5051 223 36 PRODUCE.

920 5124 116 34 Hotels
1047 5129 61 32 and
1129 5130 152 39 Families
1294 5142 114 33 waited
1428 5155 40 22 on
1487 5145 48 34 for
1545 5146 120 35 Orders

959 5218 116 36 Oideib
1100 5223 161 38 delivered
1289 5240 30 25 to
1347 5235 43 33 all
1418 5245 88 35 parts
1524 5252 16 21 o
1580 5242 54 33 the

1226 5275 144 40 District.

1124 5364 82 34 Note
1225 5369 54 34 the
1297 5373 145 36 Address

1089 5420 76 35 0L
1193 5425 24 32 F
1306 5432 76 31 AN
1414 5435 27 31 D
1541 5438 76 32 00
1633 5466 17 6 ..

980 5484 83 25 lHxl
1094 5478 52 33 tlie
1179 5484 225 40 Government
1428 5492 182 43 Buildings,

1091 5541 7 22 (
1119 5546 71 24 like
1216 5541 139 41 Street,
1383 5548 121 34 Lyell.
1686 5541 2 45 ;

957 5644 5 21 {
1019 5644 2 49 -
1023 5659 5 12 1
1033 5654 11 18 '-
1456 5659 23 30 B
1493 5661 36 30 41
1548 5661 123 32 PILLS

927 5706 8 30 '>
964 5705 14 9 ,k
989 5697 27 40 'j-]
1165 5702 30 24 to
1220 5708 72 23 cure
1310 5701 42 31 ail
1378 5711 186 35 M->ciiargrs
1590 5709 80 32 from

993 5738 15 26 1
1021 5744 46 21 nn
1068 5757 9 29 :
1082 5748 18 19 u
1103 5748 26 30 T
1139 5739 135 39 Or.raus.
1285 5757 32 21 m
1327 5748 103 35 either
1440 5763 54 22 s@>;
1506 5757 43 37 {at
1558 5755 110 42 quired

1235 5816 5 11 ,
1267 5791 128 36 Gravel,
1427 5798 61 32 and
1515 5799 98 34 Pains
1637 5801 31 31 in

915 5829 51 26 tin?
980 5829 98 30 buck.
1106 5832 207 40 Guaranteed
1326 5840 64 33 free
1405 5842 81 33 from
1508 5845 160 35 Marcurv.

924 5880 53 49 '°V
996 5884 21 48 y\
1019 5884 19 21 n
1191 5882 35 33 4s
1238 5883 41 34 Od
1289 5887 91 39 each,
1395 5889 39 42 by
1449 5891 41 32 all
1505 5892 163 34 Chemists

993 5931 14 20 i
1021 5929 87 28 r„teni
1129 5925 159 39 Medicine
1306 5931 168 43 Vendors;
1503 5938 71 34 Ssle
1593 5939 55 34 Pro-

911 5972 143 30 pnetoi.,,
1094 5970 72 34 Tiie
1214 5975 150 34 Lincoln'
1402 5992 64 21 and
1508 5985 159 32 Midland

1103 6015 98 37 Di-ua
1231 6021 67 40 Co.,
1327 6024 147 44 Lincoln,
1502 6030 163 42 England.

915 6060 23 27 v\
953 6060 140 36 uolesale
1110 6065 35 32 of
1157 6066 43 34 all
1221 6068 52 35 the
1296 6071 179 37 Wholesale
1496 6077 139 32 FTouspr.

2699 285 330 54 LINES'

2489 402 69 71 B
2570 404 146 43 OYA:L
2796 410 87 70 M

2899 412 96 34 AIL

2734 528 55 33 OF
2837 531 202 36 COACHES

2492 599 69 37 Run
2582 603 98 47 Daily
2695 607 145 39 between
2864 613 89 43 Lyell
2972 630 38 20 an
3026 618 7 33 1
3054 619 192 40 liun-.ihiu

2488 659 169 41 Jim-jtioii.
2683 666 111 34 i.ikin-
2823 682 99 29 iviss.-
2931 687 28 26 li;
2973 659 2 63 .
2983 688 12 18 r
3001 697 9 5 .
3043 693 11 15 :l
3063 680 39 31 ,„!
3124 693 33 29 p.,
3166 694 29 19 lv
3199 686 25 29 „!
3229 697 14 16 s

2489 719 48 27 tor
2554 716 134 36 Kwhon
2707 734 40 20 on
2777 725 153 44 Monday,
2954 731 212 41 WV'dnesd.-iv,
3184 753 5 5 -
3191 750 33 22 3tl
3232 740 13 32 j

2490 777 131 44 l'riday,
2653 783 63 32 ami
2756 790 45 28 lor
2920 804 17 30 j>
2951 806 14 19 ()
2969 804 14 17 -i
3020 810 38 19 ,in
3086 799 160 45 Tims.ljy,

2490 840 182 45 Thursday,
2690 848 62 32 ami
2772 852 172 42 Satm-hiy,
2961 860 61 30 mid
3049 863 67 31 vii->,

2492 931 76 34 Also
2593 945 193 26 connocim-
2814 945 76 33 w:i)i
2915 946 186 39 XowumuV

2518 979 65 34 ime
2602 984 31 29 ol
2647 983 143 35 Co.ielies
2803 998 26 22 ul
2855 989 89 41 Lyell
2960 1006 95 34 every
3073 984 164 56 Tiles:!:!/'

2761 1045 63 30 and
2856 1047 127 38 Friday.

2495 1128 235 37 Coniijii*iions

2721 1147 9 18 8
2757 1142 165 30 entrusted
2951 1151 30 23 to
3001 1158 34 18 us
3052 1151 62 29 wiJJ
3134 1156 121 31 iv«eive

2724 1192 117 31 •areful
2859 1199 170 33 attention.

2498 1291 149 45 Cairiage
2665 1308 38 20 on
2723 1299 40 32 all
2798 1301 125 36 Parcels
2941 1320 34 20 or
3171 1329 70 22 iinis

2542 1352 35 33 be
2595 1354 74 41 paid
2687 1355 107 36 befora
2812 1361 143 45 delivery
2973 1369 63 32 will
3055 1371 35 32 be
3109 1386 104 22 -qvon.

2728 1451 145 38 Coaches
2905 1458 105 37 Leave
3026 1474 5 21 :

2502 1503 63 32 For
2582 1504 166 46 Westport

2502 1548 63 34 For
2584 1550 139 37 iieefton

3184 1539 76 23 a.m.

3097 1572 28 30 &•
3185 1586 77 22 a.m.

2502 1642 150 47 Looking
2668 1648 99 36 Office
2849 1679 32 8 ...
2929 1657 215 41 Commercial
3163 1667 100 35 Hotel

2546 1749 70 34 X,B
2617 1770 54 42 ;7
2674 1752 25 33 T
2702 1752 9 54 !
2713 1765 30 22 le
2770 1766 19 32 P
2794 1768 34 21 ro
2831 1769 8 30 l
2845 1765 69 27 )net
2916 1771 37 22 °r
2977 1764 65 33 will
3071 1773 57 28 not
3160 1770 38 34 be
3217 1785 30 20 re-

2504 1799 163 38 sponsible
2695 1802 49 30 lor
2772 1803 209 47 miscarriage
2998 1813 35 30 of
3043 1824 66 30 any
3127 1816 136 37 lu^i^e

2506 1843 174 43 belonging
2696 1852 31 25 to
2744 1858 204 35 passengers.

2930 1910 80 34 JOB
3036 1915 145 44 LINES,

3051 1962 194 39 Proprietor.

2661 2058 252 54 NEWM
2932 2070 40 44 A
2993 2070 41 47 N
3058 2075 8 18 '
3086 2074 30 45 S

2596 2197 160 38 OTAL

2810 2204 91 75 M

2915 2209 102 35 AIL

3159 2218 108 37 INI

2748 2323 57 34 OF
2829 2326 209 42 COACHES

2549 2433 283 42 Twice-Weekly
2871 2444 144 39 Service
3054 2451 170 40 Between

2702 2495 113 36 Lyell
2838 2511 64 22 and
2920 2503 147 38 Nelson.

2508 2583 107 35 Leave
2633 2587 97 42 Lyell
2745 2591 49 33 for
2810 2592 123 37 Nelson
2949 2610 98 33 every
3064 2603 205 48 Wednesday

2507 2641 65 33 and
2591 2642 121 46 Friday
2729 2651 33 29 at
2779 2649 18 33 7
2815 2660 91 32 a.m.,
2924 2655 147 48 arriving
3087 2667 33 28 at
3150 2663 66 34 Fox
3224 2665 34 33 hi

2508 2707 100 34 every
2624 2700 175 47 Thursday
2823 2709 64 32 and
2906 2710 163 48 Saturday
3086 2717 34 32 in
3137 2727 78 26 tune
3235 2729 31 25 to

2664 2760 92 34 catch
2775 2761 54 35 the
2847 2765 149 47 mdi-day
3012 2773 94 33 train.

2509 2816 107 36 Leave
2647 2820 128 36 Foxhill
2803 2828 50 31 for
2880 2829 95 42 Lyell
3006 2845 98 32 every
3122 2838 147 47 Monday

2509 2872 65 34 and
2590 2873 209 51 Wednesday
2821 2887 34 30 at
2883 2885 35 34 11
2955 2899 89 31 a.m.,
3069 2893 144 44 arriving

2590 2932 93 42 Lyell
2700 2947 41 21 on
2758 2937 150 46 Tuesday
2925 2945 65 32 and
3007 2923 204 71 Thursday.*

2510 3032 197 46 Passengers
2739 3038 123 38 bookeJ
2901 3045 50 34 for
2987 3048 179 47 Hampden
3205 3058 66 34 anil

2655 3094 94 35 other
2765 3097 230 42 intermediate
3014 3107 118 43 places.

2716 3187 157 39 Booking
2901 3194 142 39 Offices
3059 3210 5 22 :

2633 3299 11 7 ,
2937 3264 218 41 Commercial
3172 3273 101 37 Hotel

2510 3297 179 45 Hampden
2944 3310 214 49 Moonlight's
3171 3320 102 36 Hotel

2916 3356 242 49 Gaukrodgers
3172 3367 101 36 Hotel

2899 3424 43 34 H.
2968 3427 219 47 NEWMAN,

3035 3476 183 43 Proprietor

2535 3581 152 48 POST
2739 3587 231 54 OFFICE
3024 3598 222 54 HOTEL

2761 3664 261 40 lyell.

2572 3784 265 54 PETER
2875 3793 334 59 MANGOS

2517 3857 164 85 BEGS
2706 3867 33 30 to
2756 3864 120 37 inform
2901 3869 50 36 his
2974 3873 121 37 friends
3122 3880 63 33 and
3214 3882 54 34 the

2635 3909 109 43 public
2771 3913 72 35 that
2873 3916 50 35 his
2948 3930 71 23 new
3043 3934 127 26 coinino
3181 3928 85 35 liens

2715 3967 100 38 Hotel
2833 3972 27 35 is
2876 3985 74 24 now
2967 3989 94 33 open.

2509 4055 181 38 Travellers
2714 4061 63 34 and
2801 4064 129 37 visitors
2954 4073 32 29 to
3011 4069 64 38 this
3096 4075 155 37 establish

2549 4135 92 29 rnent
2657 4131 64 34 will
2738 4132 69 37 find
2823 4135 85 37 their
2920 4140 139 38 comfort
3068 4145 65 34 and
3149 4158 56 25 con-

2591 4200 156 36 venience
2760 4203 198 49 thoroughly
2969 4214 155 34 attended
3139 4222 45 28 to.

2508 4291 70 36 The
2593 4292 175 38 bedrooms
2795 4310 53 24 are
2862 4301 92 45 lofty,
2972 4306 64 33 and
3053 4310 75 33 well
3142 4311 123 44 lighted

2751 4356 64 33 and
2841 4360 188 35 ventilated.

2549 4464 246 40 Comfortable
2832 4473 150 37 Parlous
3006 4480 72 37 [and
3105 4482 101 36 Fusst-

2770 4540 95 25 class
2888 4533 123 37 Table,

2507 4613 69 35 The
2594 4616 66 34 Bar
2676 4619 26 33 is
2720 4621 132 36 stocked
2867 4625 79 35 with
2962 4628 86 44 Ales,
3064 4632 119 36 Wines.

2570 4679 117 44 Spirits
2703 4686 34 31 of
2757 4690 200 39 guaranteed
2981 4693 119 36 brands
3116 4700 87 37 only.

2547 4770 27 34 A
2598 4772 170 39 first-class
2795 4781 217 39 sixteen-stall
3029 4790 103 34 stable

2506 4829 116 34 nected
2640 4833 79 32 with
2738 4835 65 33 this
2823 4838 99 35 hotel.

2810 4906 149 36 PETER
2988 4913 96 33 MAN
3090 4918 56 32 GO
3152 4926 31 27 n,

3029 4981 181 44 Proprieo,.

2528 5062 134 47 NEW
2713 5070 165 47 CHUM
2922 5077 319 65 BUTCHES.Y,

2757 5176 28 37 L
2807 5178 26 36 Y
2861 5180 151 41 ELL.

2617 5312 243 55 JAMES
2922 5324 217 63 EDGE,

2770 5412 56 35 SA
2838 5415 61 34 LE
2945 5420 94 37 AMD
3095 5428 167 42 RET-UL

2480 5475 4 96 j
2677 5513 404 52 BUTCHER.

2497 5651 117 35 Hotels
2630 5655 64 32 and
2711 5656 157 37 Families
2892 5666 118 35 waited
3039 5683 39 22 of
3139 5678 31 32 »q
3176 5691 19 25 y
3212 5682 43 33 fa
3255 5651 4 65 .

2814 5717 130 37 Orders.

2556 5824 89 36 Meat
2662 5826 172 39 Delivered
2859 5837 33 29 to
2908 5835 42 35 all
2975 5851 89 31 parts
3082 5848 29 31 oi
3139 5851 54 33 the

2803 5887 148 41 District.

2492 6007 142 39 NEW
2687 6011 185 41 CHUJI
2919 6019 317 53 BUTCHERY
3242 6068 7 17 (

2572 6084 152 42 Opposite
2737 6087 182 39 Alhambra
2934 6094 109 42 Hotel,
3062 6101 102 44 Lyell.

1727 265 134 47 SOLD
1888 268 128 48 OFF!
2091 273 135 47 SOLI)
2255 275 104 46 OFF
2378 279 32 45 !!

1884 344 66 21 AND
1967 345 146 24 STARTED
2129 349 112 23 AGAIN'.

1700 421 46 44 Q
1757 420 136 34 ELLIN
1900 425 27 31 G
1958 425 158 36 Cheaper
2145 429 94 32 Than
2272 431 179 34 Ever—2o

1819 468 53 34 Pei
1915 470 80 35 Cent
2033 473 61 33 less
2138 474 80 34 than
2256 488 65 31 any
2360 479 93 33 other

2005 518 122 35 House.

1888 607 107 35 JUST
2020 610 203 35 ARRIVED
2241 607 4 38 :

1756 663 98 43 Five
1898 665 122 43 0x333
2062 666 139 56 Fancy
2244 672 146 49 Goods,

1741 727 183 38 Consisting
1943 734 30 27 ot
1994 728 122 35 Lad;es'
2146 732 94 34 Hand
2262 743 85 28 nags,
2370 735 82 33 Reti-
2471 727 3 61 j

1700 774 96 35 cuies,
1813 774 130 39 Combs,
1965 776 149 36 Brushes,
2138 778 102 34 Toiler
2262 781 192 43 Requisites,
2472 774 2 50 j

1703 824 122 34 Scents,
1845 824 186 42 Stationary
2056 826 122 35 Scents,
2205 828 126 33 G.B.D.
2351 830 103 41 Pipes.

1703 869 150 29 Assorted
1872 868 92 30 Briar
1990 869 103 40 Pipes,
2115 871 208 32 Meer-haum
2351 874 104 39 Pipes,

1705 910 132 34 Amhers
1867 912 63 33 and
1963 913 155 39 Ferrules,
2154 915 40 33 all
2227 916 94 34 k:ri-ls
2364 918 91 37 Pens,

1707 958 132 37 Pencils,
1867 959 119 35 Packet
2018 960 133 40 Knives,
2190 964 93 33 iVole
2312 965 143 38 Cutlery.

1703 1006 52 32 Jet
1794 1005 154 40 Earrings
1985 1007 64 33 and
2094 1009 173 35 Brooches,
2313 1011 144 33 Tolm.cco

1707 1050 154 39 Pouches,
1895 1051 124 38 Purses,
2059 1053 125 33 Ladis.V
2225 1058 233 40 Companions,

1705 1100 109 40 Fancy
1863 1098 207 42 Workboxes,
2117 1101 91 35 Pearl
2252 1103 62 33 and
2366 1104 93 33 Glass
2475 1098 2 42 1

1706 1144 115 35 Beads,
1847 1145 136 40 Playing
2007 1147 109 32 Cards.
2141 1148 157 40 Cribbage
2324 1150 134 33 Boards,

1803 1188 114 39 Slates,
1936 1189 115 34 School
2068 1190 87 42 Bags
2171 1192 63 33 and
2252 1193 118 33 Books.

1954 1282 98 34 TWO
2079 1285 136 33 CASES

1708 1341 196 38 Containing
1943 1340 103 36 Music
2085 1343 103 35 Box-js
2237 1345 59 40 (six
2342 1345 120 40 tunes),

1708 1387 126 32 Violins
1870 1387 33 33 in
1948 1399 82 26 case,
2076 1390 208 38 Accjrdians,
2326 1391 136 33 Musical

1708 1434 147 39 Albums,
1906 1434 247 40 Tambourines,
2197 1437 131 45 Banjos,
2383 1439 60 34 Con-

1749 1489 150 30 certinas,
1915 1482 118 33 Tutors
2050 1484 48 31 for
2121 1485 44 31 all
2192 1479 230 40 Instruments.

1973 1575 90 33 ONE
2088 1577 110 34 CASE

1712 1631 196 34 Invincible
1928 1632 110 35 Music
2058 1632 177 37 Machines
2257 1635 64 35 and
2348 1635 117 36 Music.

1711 1679 27 30 A
1753 1678 86 33 child
1855 1682 17 29 5
1896 1690 78 31 year
1989 1680 53 33 old
2058 1692 59 22 can
2136 1682 75 44 play
2235 1684 102 32 them.
2385 1684 79 32 Five

1713 1723 159 35 Hundred
1908 1725 138 35 selected
2084 1729 106 42 pieces
2220 1735 30 28 oi
2291 1729 104 35 Music
2433 1738 32 26 to

2033 1775 113 33 arrive.

1981 1866 27 31 A
2026 1864 25 34 L
2070 1869 19 31 6
2108 1870 80 35 o,

1715 1909 220 34 Harmonium
1966 1912 76 32 with
2075 1914 46 33 six
2153 1922 89 35 stops
2259 1926 6 29 ;
2297 1927 60 21 one
2391 1916 76 32 with

1715 1956 196 33 knee-swell.
1958 1957 117 35 Pianos
2092 1961 69 33 sold
2178 1962 101 42 cheap
2305 1962 49 33 for
2370 1963 96 38 Cash,

1785 2001 64 34 aud
1866 2015 41 21 on
1924 2003 54 34 the
1996 2005 78 33 time
2091 2015 156 35 payment
2263 2016 136 35 system.

1948 2097 240 60 Jewellery:

1718 2158 25 32 A
1780 2159 102 38 grand
1912 2161 155 34 selection
2098 2164 35 33 of
2159 2164 85 35 Gold
2274 2166 64 33 and
2371 2168 103 31 Silver

1717 2203 181 46 Jewellery,
1930 2206 43 35 all
2004 2218 71 25 new
2112 2209 152 44 designs;
2303 2211 168 35 Waltham

1723 2251 158 35 Watches,
1985 2256 52 32 15s
2056 2266 6 29 ;
2104 2256 134 41 English
2270 2258 132 33 Levers.
2429 2261 43 32 -£5

1719 2297 174 43 upwards:
1939 2299 42 34 all
2021 2300 130 37 makers
2187 2302 75 46 kept
2300 2304 33 34 in
2371 2305 101 34 stock.

1719 2343 298 41 Clocks—Alarms,
2037 2348 134 39 Marble,
2190 2351 125 33 French
2336 2354 19 30 3
2373 2352 101 42 Eight

2059 2394 72 45 day.

1816 2438 192 36 Wertheim
2027 2440 134 36 Sewing
2179 2443 189 36 Machines.

1987 2533 203 47 Books.

1720 2594 232 44 Shakespeare,
1983 2598 121 40 Burns,
2133 2601 211 39 Longfellow,
2377 2603 76 31 Gold-

1719 2641 110 40 smith,
1849 2642 152 37 Dickens,
2020 2643 85 35 Lord
2124 2645 132 44 Lytton,
2277 2647 78 34 Miss
2372 2648 80 35 Brad-

1718 2686 75 39 don,
1816 2689 117 41 Payne,
1952 2690 180 42 Hayward,
2150 2693 139 39 Hatton,
2309 2695 163 37 Mavhew,

1720 2733 191 40 Routledge,
1944 2735 114 40 Noble,
2090 2737 64 33 and
2184 2738 93 34 other
2314 2740 135 32 authors
2467 2752 6 27 ;

1761 2779 120 45 Moody
1911 2781 64 34 and
2004 2782 158 38 Sankev's
2186 2785 114 40 Hymn
2324 2785 109 35 Books

2039 2830 54 31 &••.
2111 2837 51 25 vice.

1881 2920 148 43 Patent
2055 2922 252 45 Medicines:

1722 2980 81 33 Irish
1843 2982 98 39 Moss,
1988 2984 112 42 Ayer's
2147 2986 124 43 Cherry
2317 2988 157 40 Pectoral,

1719 3027 124 34 Clark's
1882 3027 103 35 Blood
2018 3030 151 41 Mixture,
2208 3032 140 44 Hepatic
2354 3045 36 22 us
2427 3034 48 34 for

1723 3074 91 33 Liver
1831 3076 199 43 Complaint,
2048 3077 82 34 Hair
2147 3078 98 43 Dyes,
2263 3080 103 33 Eno's
2384 3081 91 34 Fruit

1721 3121 79 34 Salt,
1825 3122 226 42 Tricopheru-.
2077 3124 202 44 Holloway's
2309 3127 78 32 Pills
2411 3128 64 33 and

1720 3166 180 35 Ointment.
1951 3167 146 36 Cockle's
2142 3170 65 33 and
2230 3161 74 44 *Dr
2356 3173 120 34 Rook's

1720 3214 143 31 Oritur,al
1896 3214 79 32 Pills
2006 3215 64 33 and
2108 3217 115 37 Elixir,
2264 3219 94 31 Head
2397 3220 78 32 ache

1702 3250 3 52 |
1724 3259 85 36 Pills,
1828 3259 174 37 Neuralgia
2022 3261 86 34 Pills.
2129 3262 146 35 Powell's
2293 3264 133 34 Balsam
2444 3266 35 33 of

1722 3306 146 37 Aniseed,
1886 3307 68 32 Cod
1974 3307 94 33 Liver
2090 3309 62 37 Oil,
2179 3309 129 34 Mother
2333 3312 142 41 Seagle's

1721 3353 104 42 Syrup
1842 3352 64 32 and
1924 3353 88 38 Pills,
2032 3356 45 31 St.
2098 3354 130 34 Jacob's
2246 3356 51 33 Oil
2315 3358 95 40 (good
2427 3358 48 32 for

1720 3397 216 44 everything:),
1962 3401 126 32 Bunter
2117 3401 151 40 Nervine,
2301 3403 175 45 Eucalypti

1720 3443 176 39 Lozenges,
1915 3446 184 41 Glycerine,
2118 3448 76 43 Hop
2211 3448 133 34 Bitters.
2361 3451 95 33 Eucal-

1701 3490 3 47 |
1719 3490 78 44 ypti,
1824 3491 135 34 Scented
1979 3494 114 43 Soaps,
2111 3494 122 40 Agents
2256 3495 49 35 for
2328 3497 149 35 Baxter's

1720 3538 94 36 Luaj
1845 3539 181 36 .Preserver,
2056 3541 160 41 Soothing
2248 3544 118 40 Syrup,
2397 3546 58 31 Aro-

1720 3581 96 34 matic
1844 3580 30 35 M
1892 3590 91 27 xture
2006 3584 64 35 anil
2093 3585 178 37 Alterative
2301 3588 114 41 Jtlixir,
2439 3589 36 35 T.

1722 3629 42 31 M.
1783 3630 197 41 Shepherd'*
1997 3633 26 39 Q
2040 3634 166 32 leensland
2220 3636 140 32 Asthma
2375 3637 100 34 Herb,

1720 3676 239 38 Bonnington's
1991 3677 84 35 Irish
2110 3679 99 41 Moss,
2249 3681 103 35 Neil's
2383 3682 92 35 Herb

1717 3721 157 37 Tobacco,
1914 3723 186 34 Dandelion
2137 3727 107 33 C»;fee
2281 3729 64 31 and
2385 3730 89 36 Pills,

1728 3767 20 32 »\
1759 3778 70 23 orm
1849 3770 105 43 Syrup
1971 3769 64 34 ami
2059 3772 226 44 Composition
2310 3775 164 40 Powders,

1965 3817 119 36 Herbs,
2173 3823 53 30 &e.

1858 3908 86 43 Ten
1971 3909 122 45 Cases
2119 3912 196 56 Drapery,

1718 3969 114 36 Which
1866 3982 86 24 must
1984 3973 37 35 be
2052 3974 71 35 sold
2157 3976 122 46 Cheap,
2312 3986 31 26 to
2378 3979 96 35 make

1716 4027 88 21 room
1823 4019 47 30 tor
1889 4020 78 30 New
1992 4022 150 32 Season's
2167 4024 110 31 Goods
2302 4035 30 22 to
2357 4026 116 36 arrive,

1715 4062 177 46 consisting
1914 4064 36 35 of
1969 4066 80 34 5003
2072 4067 100 44 yards
2202 4070 143 34 assarted
2374 4070 100 36 Dress

1717 4109 101 35 Piece?
1842 4112 110 42 (Silks.
1970 4116 131 39 Satin's,
2114 4116 66 34 and
2190 4117 85 34 Irish
2291 4119 141 44 Poplins,
2442 4120 35 35 of

1714 4156 43 35 all
1774 4157 150 46 Shades),
1942 4161 172 36 Dolman's
2127 4163 139 37 Ulster's
2281 4166 63 34 and
2355 4166 119 36 Cloaks

1716 4204 66 41 (tlit
1821 4205 113 35 Latest
1963 4209 185 43 Fashi#as),
2188 4212 118 32 Ladies
2347 4214 104 33 Under-

1713 4249 157 45 •lothing,
1889 4252 115 43 Skirts,
2024 4256 113 45 Fancy
2161 4257 182 41 Costumes,
2369 4260 103 46 Buglt

1714 4305 26 25 ij
1752 4309 45 22 ice
1815 4300 63 33 and
1895 4301 213 46 Trimmings,
2126 4304 86 41 large
2229 4313 200 29 assortment
2442 4312 31 30 oi

1715 4343 100 40 Bugle
1856 4346 43 33 Or
1912 4358 152 25 laments.
2103 4350 111 35 White
2251 4353 66 33 and
2354 4355 117 33 Cream

1715 4389 93 35 Lace,
1827 4390 165 41 Button's,
2011 4395 92 43 Baby
2122 4396 116 37 Robes,
2263 4398 120 35 Cloaks
2406 4401 64 33 and

1713 4436 131 40 Gowns,
1858 4439 96 42 Boys'
1969 4443 97 39 Suits,
2084 4443 99 41 Hats,
2202 4445 148 41 Flannel,
2371 4447 80 35 Mole-

1712 4482 71 34 skin
1814 4485 64 33 and
1908 4487 128 44 Carpet,
2075 4490 257 44 Counterpanes
2368 4495 103 34 Toilet

1712 4533 130 36 Covers,
1870 4532 162 40 Curtains,
2065 4537 106 33 Men's
2201 4539 65 32 and
2300 4541 172 33 Women'*

1711 4574 63 33 and
1813 4576 182 36 Children's
2035 4582 101 33 Socks
2175 4584 64 32 and
2286 4586 184 44 Stockings,

1867 4624 105 35 Shirts
1987 4626 43 35 all
2047 4629 114 41 colors,
2178 4631 54 33 &e.

1699 4682 1 14 I

1699 4713 1 52 :
1711 4713 67 33 The
1796 4715 103 35 Trade
1916 4719 148 44 supplied
2088 4722 32 31 in
2145 4733 64 32 any
2234 4723 36 33 ef
2289 4724 54 32 the
2369 4725 101 33 abave

2036 4767 107 35 Lines.

1712 4852 104 36 Motto
1820 4854 109 36 —The
1950 4857 129 36 Nimble
2105 4861 184 43 Ninepence
2309 4863 90 33 beats
2416 4864 53 35 tha

1961 4905 85 32 Slow
2071 4907 150 42 Shilling.

1709 4991 93 75 E.
1837 4993 89 75 E.
1953 4996 232 74 Issell
2338 5001 131 75 Go.

1827 5096 221 36 Palmers-ton
2067 5102 64 37 St.,
2151 5102 196 34 Westport.

1800 5216 109 54 JOB,
1928 5217 117 46 AND
2065 5220 110 44 ALL
2196 5221 176 44 KINDS

1708 5315 78 45 OF
1817 5316 291 51 PRINTING
2140 5322 325 48 EXECUTED

1954 5430 97 33 —AT
2075 5430 135 33 THE-
2479 5430 1 43 |

2082 5524 279 45 OFFICEr
2479 5518 1 52 \

1745 5667 24 29 A
1789 5668 126 32 CARD.
1922 5670 88 31 —To
2027 5680 61 22 all
2108 5680 72 23 who
2197 5681 62 22 are
2277 5682 185 24 suffering

1703 5720 87 23 from
1808 5722 65 23 the
1885 5725 103 22 errors
2002 5717 63 31 and
2084 5717 206 32 indiscretion
2306 5718 34 32 of
2347 5719 113 41 youth,

1703 5768 137 24 nervous
1874 5761 175 40 weakness,
2079 5763 89 41 early
2194 5762 111 44 decay,
2336 5765 63 33 loss
2430 5766 35 32 of

1701 5804 178 40 manhood,
1896 5809 66 35 Ac.,
1988 5807 16 32 I
2028 5808 65 32 will
2117 5808 80 33 send
2215 5820 17 21 a
2255 5820 106 32 recipe
2390 5811 70 33 that

1701 5849 64 33 will
1783 5860 73 24 cure
1869 5863 75 30 you,
1957 5853 119 33 FREE
2092 5854 56 32 OF
2161 5854 195 34 CHARGE.
2382 5856 78 34 This

1701 5902 90 34 great
1807 5899 133 42 remedy
1954 5910 66 23 was
2028 5900 186 34 discovered
2227 5900 43 43 by
2279 5913 18 21 a
2308 5902 130 34 mission-

1701 5953 56 32 ary
1783 5943 30 33 in
1837 5946 102 33 South
1965 5948 161 33 America.
2173 5947 85 34 Send
2285 5959 18 22 a
2328 5949 111 34 self-ad-

1701 5988 129 32 dressed
1848 5993 155 41 envelope
2020 5993 64 31 and
2105 5993 150 42 sixpence
2281 6002 29 23 to
2334 6006 122 31 prepay

1700 6040 130 37 postage
1861 6044 32 25 to
1926 6038 52 34 the
2003 6038 77 34 Rev.
2109 6038 128 34 Joseph
2265 6038 35 34 T.
2334 6040 120 41 Ixman,

1701 6081 124 34 Station
1846 6083 39 37 D,
1907 6085 76 32 New
2003 6085 85 33 York
2107 6086 84 42 City,
2211 6086 117 33 U.S.A.
