3540 4580
31 257 72 23 THE
135 255 116 25 CHEAP
276 253 123 25 MONEY
420 251 153 26 SCHEME.

65 346 123 24 Whether
201 352 89 22 money
302 344 23 23 is
336 346 27 21 to
380 342 33 25 be
430 341 146 25 considered

34 399 28 15 as
74 390 94 30 having
179 397 33 15 an
223 388 113 24 intrinsic
359 388 83 26 value,
455 393 28 17 or
494 393 29 16 as
534 385 42 24 be-

34 435 44 30 ing
87 442 14 16 a
113 432 149 30 commodity
268 450 5 9 ,
282 439 16 16 a
305 429 127 29 standard,
442 437 14 16 a
466 435 111 17 measure

35 486 29 16 or
82 485 14 16 a
108 477 116 30 plfdge—
228 483 28 16 as
270 474 21 24 is
303 474 123 29 variously
444 471 134 32 suggested

38 527 32 25 toy
82 521 124 24 writers—
209 519 50 24 and
271 518 111 24 whether
393 517 43 23 the
457 517 56 22 trne
523 515 55 24 idea

37 565 29 24 of
75 571 88 24 money
166 578 29 2 —
199 571 26 15 as
239 560 92 25 such—
334 560 31 24 be
377 561 45 22 not
442 558 138 32 altogether

40 608 56 24 that
110 608 24 22 oF
146 615 15 15 a
173 606 74 23 ticket
256 612 28 15 or
292 603 121 24 counter?

75 650 122 24 Whether
208 648 20 24 it
236 646 62 26 doth
309 647 45 23 not
366 646 64 23 have
442 643 77 25 much
534 643 45 23 im-

41 696 55 30 port
112 696 25 21 to
160 693 63 22 have
246 699 15 15 a
289 690 68 31 right
386 687 148 30 conception
556 685 27 25 of

42 745 89 22 money
141 737 11 23 ?
165 735 49 24 and
224 733 112 25 whether
347 733 33 22 its
392 733 56 22 true
468 729 49 24 and
527 729 54 30 just

43 781 56 23 idea
110 780 30 23 be
152 780 45 22 not
215 777 55 23 that
282 776 26 23 of
319 783 14 16 a
353 774 76 24 ticket
441 780 27 15 or
479 774 102 21 counter

44 823 116 27 entitling
170 823 25 22 to
207 827 88 24 power,
315 817 50 25 and
376 815 74 25 fitted
461 816 25 23 to
498 813 83 25 record

46 867 49 25 and
108 864 105 25 transfer
226 863 91 31 power?

79 907 118 24 Whether
216 912 79 25 power
306 906 26 22 to
344 900 133 27 command
489 900 43 23 the
543 898 37 24 in-

48 952 84 30 dustry
145 950 26 26 of
182 950 84 24 others
289 947 30 26 be
338 947 45 24 not
395 944 51 25 real
469 942 90 26 wealth
569 942 12 23 ?

47 995 50 23 and
108 994 111 24 whether
234 1000 86 21 money
345 990 30 23 be
395 989 45 23 not
462 987 27 24 in
512 985 70 25 truth

45 1038 89 23 tickets
147 1045 27 15 or
184 1036 85 24 tokens
290 1034 37 24 for
338 1030 135 32 conveying
485 1028 48 25 and
543 1035 38 16 re-

47 1079 102 31 cording
161 1077 59 25 such
233 1083 82 24 power
323 1076 11 22 ?
359 1075 48 23 a*nd
427 1072 113 24 whether
561 1070 21 23 it

47 1124 31 23 be
91 1122 26 24 of
127 1123 70 31 great
209 1124 166 25 consequence
381 1117 40 23 wh
426 1116 23 23 it
457 1112 125 26 materials

50 1168 43 23 the
106 1167 87 23 tickets
206 1172 39 16 are
257 1162 72 25 made
341 1161 44 24 of?

84 1209 120 23 Whether
216 1206 77 26 trade,
306 1204 79 24 either
396 1201 95 31 foreign
503 1208 27 16 or
541 1199 43 23 do-

50 1251 93 29 mestic,
154 1251 30 24 be
195 1251 27 22 in
235 1249 66 23 truth
315 1255 47 20 any
374 1252 68 17 more
460 1244 63 23 than
534 1241 49 24 this

50 1299 133 17 commerce
196 1289 25 25 of
228 1288 112 30 industry
349 1288 11 22 ?

85 1334 120 23 Whether
214 1336 25 20 to
258 1331 118 31 promote,
402 1326 109 29 transfer,
535 1323 48 25 and

49 1385 85 16 secure
144 1376 49 23 this
204 1380 136 18 commerce
353 1372 47 22 and
409 1369 51 23 this
468 1368 115 30 property

49 1421 26 23 in
91 1420 96 23 human
198 1416 95 28 labour,
306 1423 34 19 or,
354 1414 25 23 in
401 1411 71 25 other
494 1409 88 33 words,

51 1463 51 25 this
115 1470 79 23 power
206 1461 29 24 be
247 1462 44 22 not
303 1460 42 23 the
353 1458 51 24 sole
416 1463 86 17 means
510 1455 24 24 of
542 1460 41 17 en-

50 1506 98 30 riching
160 1513 14 15 a
186 1503 84 32 people
290 1502 46 24 anil
350 1501 56 23 how
416 1499 39 23 far
467 1498 47 24 this
527 1503 58 23 may

50 1549 31 24 be
93 1549 60 22 done
166 1545 190 31 independently
369 1542 25 25 of
404 1541 57 32 gold
481 1540 48 24 and
542 1538 41 25 sil-

50 1599 41 17 ver
101 1592 11 22 ?

85 1632 121 25 Whether
218 1639 15 16 a
244 1629 111 24 national
374 1633 119 23 currency
505 1623 80 25 would

51 1679 45 22 not
108 1676 30 24 be
152 1682 68 17 more
243 1670 129 26 beneficial
395 1670 61 24 than
479 1674 62 19 even
569 1674 15 16 a

51 1719 144 31 gold-mine,
209 1716 49 24 and
270 1714 111 24 whether
390 1712 54 24 that
453 1711 29 24 be
491 1713 41 22 not
542 1709 43 25 the

50 1766 55 20 true
117 1759 177 33 philosopher's
312 1759 70 22 stone
404 1756 26 22 in
459 1761 15 17 a
499 1753 69 24 State
578 1759 5 21 ;

49 1805 50 24 and
122 1803 109 25 whether
258 1808 91 23 money
378 1797 82 26 would
483 1804 57 16 ever
556 1796 29 23 be

49 1848 111 30 wanting
172 1848 25 22 to
210 1846 41 23 the
263 1843 118 25 demands
393 1841 27 25 of
438 1841 115 29 Industry
565 1837 21 25 if

47 1899 39 17 we
98 1891 64 23 have
174 1898 14 15 a
199 1888 113 24 national
324 1885 66 25 bank
400 1886 11 21 ?

347 1929 95 23 Bishop
458 1926 125 23 Berkley.

1202 102 174 31 OXFORD
1420 99 226 34 OBSERVER
1690 93 243 39 SATURDAY,
1974 85 166 36 AUGUST
2157 84 51 36 25,
2229 83 91 30 1894.

2930 4306 105 26 Printed
3058 4307 51 26 aM
3147 4308 140 28 Publiai^d
3314 4312 34 32 ly
3382 4313 89 27 Laura

2963 4345 82 25 Annie
3067 4346 96 26 Parish
3165 4363 6 14 >
3195 4349 27 24 at
3245 4349 47 26 her
3311 4370 3 2 .
3323 4350 146 33 Registered

2944 4383 137 50 ■Printing
3092 4390 85 31 QflSce,
3201 4391 68 32 Hifb
3274 4381 6 14 ;
3295 4392 91 27 Street.
3410 4395 64 26 East

2963 4431 91 26 OsfonJ
3059 4424 10 33 .'
3075 4428 164 38 (Oaibterbujy.

2963 4471 131 27 Satubday
3127 4473 103 26 August
3241 4476 31 25 25
3282 4484 41 21 th,
3342 4470 73 34 18^)4,

2979 215 54 44 A.
3052 215 54 46 P.
3121 215 274 62 TUTTON,

2955 287 231 29 AUCTIONEER,
3231 286 193 28 VALUATOR,

2925 326 106 24 GRAIN
3072 327 72 24 AND
3177 327 162 24 PRODUCE
3377 325 87 25 MER-

2940 365 123 32 CHANT,
3076 367 70 25 AND
3164 367 135 26 ESTATE
3312 366 128 26 AGENT.

3021 445 192 32 AUCTION
3229 445 131 32 SALES

3184 503 30 16 OF

2925 534 87 24 LIVE
3029 534 110 25 STOCK
3152 535 42 24 AT
3207 535 71 25 THE
3287 536 180 24 RANGIORA

2960 574 145 24 MARKET
3118 574 118 26 EVERY
3258 576 171 25 TUESDAY.

2927 649 97 24 Private
3034 649 68 26 Sales
3112 654 63 21 most
3184 651 130 33 efficiently
3323 652 143 25 conducted.

2928 725 81 32 Agent
3022 728 39 23 for
3073 729 41 23 the
3132 729 79 25 South
3228 730 91 25 British
3337 731 130 25 Insurance

2927 758 135 33 Company.

3078 799 29 24 A.
3117 800 29 23 P.
3159 800 145 30 TUTTON,

3110 839 153 31 Auctioneer,
3276 843 51 28 <fec,
3336 842 131 31 Rangbm.

2932 1032 57 45 S.
3026 1032 50 46 H.
3126 1030 310 52 fiIBEBMAH

2991 1103 129 22 PAINTER
3133 1105 58 19 AND
3204 1105 179 26 DECORATOR,

2931 1134 125 25 WRITER,
3076 1136 135 24 GBAINER,
3231 1137 110 22 GILDER
3360 1139 36 20 &O
3403 1155 8 9 ,
3422 1140 42 21 &G.

3031 1171 113 31 EAST
3182 1172 180 32 OXFORD.

3076 1355 252 47 j^OTICE.

3017 1447 1 1 ■
3048 1450 2 2 ■
3222 1432 1 2 '
3223 1432 57 5 —
3280 1422 14 22 :;
3307 1428 21 36 4
3379 1444 7 4 -

2929 1479 100 45 Job
3047 1479 235 61 Printing
3294 1484 10 43 !

3104 1559 101 44 Job
3228 1559 239 58 Printing

2973 1639 174 31 OXFORD
3205 1641 224 31 OBSERVER
3446 1656 8 5 -

3013 1689 162 41 Machine
3205 1692 181 51 Printing-

3110 1743 168 40 WORKS

2996 1791 91 25 MAIN
3099 1792 144 31 STREET,
3255 1795 148 25 OXFORD.
3419 1818 3 2 .

2996 1873 66 48 T^
3064 1870 61 26 INE

2971 1953 39 30 In
3023 1954 75 41 Any
3126 1954 128 41 Variety
3269 1967 36 20 or
3330 1957 98 38 Style.

3011 2058 165 30 Memorial
3193 2059 108 37 Cards,

3014 2099 51 40 (in
3091 2110 69 21 new
3188 2101 61 30 and
3278 2101 106 32 chaste

3010 2141 125 40 designs
3171 2141 44 40 5/-
3226 2154 57 28 per
3304 2143 67 30 doz.
3382 2143 12 40 )

3011 2187 176 31 Statement
3205 2188 117 37 Heads,

3011 2228 71 30 Ball
3096 2229 227 39 Programmes.

3012 2269 135 38 Posters,
3162 2270 178 38 Handbills,

3011 2310 169 37 Billheads,
3204 2312 140 39 Cheques
3382 2342 2 2 .
3403 2340 14 7 „
3435 2332 1 2 ■
3466 2345 1 2 .

3015 2352 105 30 Letter
3134 2352 59 31 and
3204 2352 81 31 Note
3298 2354 107 29 Heads

3013 2392 167 37 Circulars,
3202 2392 119 36 Menus,

3013 2433 194 39 Catalogues,
3224 2435 54 28 &c.
3289 2434 57 38 ,&c
3357 2458 7 14 ,
3389 2435 57 30 &c.

2928 2481 90 40 New
3033 2481 120 50 Styles
3167 2481 39 39 in
3221 2481 163 52 Visiting
3397 2482 70 40 and

3046 2571 166 40 Business
3229 2572 115 39 Cards.

2930 2655 38 30 R.
2990 2655 43 31 H.
3054 2655 120 34 Parish,
3234 2655 188 41 Proprietor.

3013 2708 66 30 The
3097 2707 181 32 NEWEST
3304 2709 162 32 STYLES

2930 2759 33 30 in
2974 2759 134 31 TYPES
3116 2761 61 29 and
3188 2760 279 37 ORNAMENTS,

2930 2799 61 31 and
3014 2800 53 31 the
3101 2801 108 31 Latest
3247 2802 220 41 Typographic

2931 2843 161 30 Novelties
3107 2853 52 21 are
3170 2854 37 20 co
3208 2845 141 39 jstantly
3375 2845 92 39 being

2930 2884 99 29 added
3043 2887 34 27 to
3091 2885 55 29 the
3160 2885 99 39 plant,
3272 2886 99 29 which
3384 2886 27 30 is
3423 2887 44 29 al-

2930 2924 95 40 ready
3042 2934 75 31 very
3132 2926 161 38 complete.

2932 3735 105 63 lAvi?h
3048 3737 27 23 to
3085 3736 86 24 inform
3195 3745 41 22 my
3255 3736 93 25 Oxford
3375 3737 92 25 friends

2986 3768 50 23 and
3058 3768 44 25 the
3122 3770 101 29 general
3240 3769 90 24 Public
3356 3769 58 25 that
3424 3779 43 22 my

2930 3806 126 33 Rangiora
3079 3809 115 25 business
3215 3810 46 24 has
3284 3810 129 25 increased
3441 3813 26 23 to

2930 3848 63 24 such
3004 3856 34 17 an
3049 3852 85 23 extent
3145 3852 54 24 that
3210 3850 92 27 Ishall
3321 3852 31 25 be
3380 3853 87 25 unable

2930 3890 27 23 to
2979 3890 59 28 visit
3050 3890 89 26 Oxford
3164 3892 77 25 until!
3261 3893 97 25 further
3377 3894 90 24 notice.

2930 3926 43 26 All
2989 3928 70 25 work
3081 3931 57 23 sent
3154 3930 33 31 by
3200 3930 115 26 Griffiths
3328 3931 67 29 Bro.,
3409 3932 58 25 Car-

2930 3967 70 29 riers,
3025 3968 49 25 will
3096 3970 95 25 receive
3213 3973 101 30 prompt
3334 3973 133 25 attention.

2930 4006 23 24 A
2988 4007 70 31 large
3093 4008 77 25 Stock
3208 4010 28 24 of
3256 4010 120 25 Watches
3419 4012 48 24 and

2930 4043 131 33 Jewellery
3088 4054 35 17 on
3152 4046 77 25 hand.
3266 4048 127 25 Traveller
3432 4050 35 24 for

2930 4081 84 26 North
3023 4083 156 34 Canterbury
3191 4085 99 27 district
3355 4086 25 26 J.
3395 4087 72 27 Gent.

3048 4122 70 28 GUS
3130 4123 118 32 JONES,
3268 4126 136 32 RaDgiora.

2415 216 425 49 EUCALYPTUS

2620 288 11 15 «

2415 316 59 20 THE
2490 315 71 19 BEST
2575 315 87 20 HOME
2679 313 140 21 BEMEDIE

2474 353 35 14 are
2523 346 37 21 the
2569 346 136 26 preparation
2714 346 26 22 of
2747 345 36 20 the

2359 384 170 21 TASMANIAN
2547 383 186 22 EUCALYPTUS
2747 382 48 22 OIL
2810 380 82 22 COMP.

2389 421 134 25 Universally
2533 421 104 20 admitted
2645 421 37 19 the
2691 420 79 24 BEST,
2782 418 114 22 PUREST

2360 459 43 21 and
2413 459 58 19 most
2480 458 93 20 effective
2584 458 134 25 Eucalyptus
2740 456 106 21 Globulus
2862 454 33 21 Oil

2360 491 33 21 for
2413 489 171 26 INFLUENZA,
2605 489 92 25 Coughs,
2717 488 64 21 Colds
2805 487 43 21 and
2866 487 29 20 all

2361 523 65 20 Chest
2443 521 42 20 and
2493 522 63 24 Lung
2573 521 112 20 affections
2699 520 76 26 speedy
2785 519 60 20 relief
2855 518 42 21 and

2362 554 55 20 Cure
2435 553 34 20 for
2484 553 156 23 Rheumatism,
2660 552 122 25 Neuralgia,
2798 552 99 25 Spraios-

2361 581 72 20 Burns
2453 581 34 19 &o.

2389 613 132 24 Eucalyptus
2540 612 103 20 Globulus
2661 612 92 20 Extract
2762 611 90 26 sprayed
2866 611 32 19 in-

2362 644 64 21 haled
2441 643 43 21 and
2498 644 65 19 taken
2573 644 115 25 internally
2706 643 33 20 for
2754 643 37 20 the
2808 642 87 25 Throat,

2363 680 97 26 Catarrh,
2476 680 59 25 Hay,
2559 680 98 26 Typhoid
2674 680 43 20 and
2731 680 82 21 Scarlet
2822 680 77 19 Fevers

2365 713 128 19 MEASLES
2503 713 37 19 the
2546 713 55 19 most
2611 712 136 25 satisfactory
2756 712 143 25 preventative

2364 743 42 21 and
2421 744 60 20 Cure.
2509 743 56 20 Send
2579 743 50 20 Post
2645 743 56 19 Card
2711 744 22 19 to
2744 743 36 20 the
2789 743 64 19 Office
2866 743 33 19 for

2363 774 96 20 Circular
2473 774 119 25 describing
2610 774 123 19 treatment.
2760 774 139 24 Eucalyptus,

2363 807 111 20 Ointment
2485 807 35 20 the
2530 807 70 25 Magic
2609 807 79 20 Healer
2701 807 23 19 of
2739 807 69 23 Sores,
2821 807 78 23 Burns,

2365 838 101 25 Wounds,
2482 839 60 20 Boils
2560 840 50 22 &c.,-
2628 838 134 25 Eucalyptus
2781 838 57 25 Soap
2852 837 42 21 Fra

2363 870 63 24 grant
2435 870 44 20 and
2487 870 125 26 refreshing.
2636 870 132 24 Eucalyptus
2777 869 89 26 Jujubes
2876 875 24 14 or

2363 900 102 20 Pastilles
2474 901 34 19 for
2518 901 36 19 the
2579 901 81 20 Throat
2670 900 43 20 and
2721 900 65 20 Voice
2802 906 29 14 an
2845 900 55 19 anti-

2365 931 67 26 septic
2441 932 43 20 and
2494 932 121 20 stimulant.
2786 936 8 12 >

2364 964 126 27 Veterinary
2506 966 36 20 Oil
2552 966 42 20 and
2605 966 111 20 Ointment
2725 965 34 21 for
2768 964 37 21 the
2814 964 87 22 stables.

2391 999 30 20 Be
2431 1005 48 14 sure
2488 1005 44 18 you
2541 999 109 21 Purchase
2664 998 39 20 the
2713 997 104 26 Platypus
2834 997 67 20 brand

2364 1030 50 25 only
2424 1030 22 19 of
2453 1030 30 19 all
2487 1030 119 24 .Chemists,
2611 1030 89 19 Grocers
2706 1028 43 21 and
2756 1028 146 26 Storekeepers

2364 1061 44 19 and
2421 1061 23 19 at
2458 1061 37 19 the
2506 1061 64 20 Office
2579 1062 12 20 9
2601 1060 114 20 Cathedral
2725 1066 76 18 square
2809 1060 92 20 between

2365 1091 100 21 Morten's
2479 1091 113 26 Buildings
2600 1093 41 19 and
2653 1091 37 20 the
2698 1091 52 21 Post
2760 1091 70 21 Office.

2529 1124 88 22 Oxford
2628 1125 79 26 Agent

2419 1160 26 22 R.
2455 1160 30 21 H.
2496 1161 122 26 PARISH,
2641 1161 77 21 EAST
2732 1162 119 21 OXFORD

2445 1199 142 26 Eucalyptus
2596 1200 38 20 Oil
2647 1199 31 27 1/-
2691 1206 41 19 per
2740 1200 79 20 bottle.

2365 1281 101 20 RONGO
2502 1281 54 21 PAI
2577 1282 95 21 TENEI
2685 1281 57 21 KEI
2755 1281 125 22 KOUTOU

2579 1316 111 21 KATOA.

2406 1352 191 38 MACBEAN
2641 1353 218 38 STEWART'S

2363 1406 75 21 NEW
2453 1406 79 21 CURE
2547 1407 60 21 FOR
2620 1407 127 21 ASTHMA

2418 1441 74 21 NEW
2507 1442 79 21 CURE
2600 1442 57 21 FOR
2672 1442 97 23 CROUP

2478 1477 73 21 NEW
2566 1478 79 21 GURE
2659 1478 59 21 FOR
2731 1479 171 21 DIPHTERIA

2418 1508 74 20 NEW
2506 1508 80 21 CURE
2600 1509 58 20 FOR
2673 1509 133 21 CHRONIC

2541 1545 189 23 BRONCHITIS.

2377 1582 115 27 Prepared
2501 1581 60 21 from
2569 1582 42 21 the
2619 1583 122 20 Mountain
2751 1583 47 21 and
2807 1584 81 22 Forest

2484 1609 81 20 Plants
2579 1609 24 20 of
2616 1609 64 21 New.
2686 1609 106 21 Zealand.

2363 1643 29 20 In
2401 1642 98 21 Asthma
2509 1642 41 20 the
2560 1642 55 20 New
2624 1642 59 21 Cure
2692 1642 42 21 has
2744 1643 86 26 proved
2837 1644 66 21 itself

2405 1670 25 21 to
2438 1669 29 20 be
2477 1668 65 21 Head
2551 1669 46 20 and
2607 1669 124 21 Shoulders
2740 1670 74 21 above
2822 1671 32 20 »11

2545 1696 73 23 Other
2631 1696 77 23 Cures.

2389 1738 29 19 In
2427 1743 30 14 no
2466 1737 103 20 instance
2578 1736 41 21 has
2629 1743 15 14 a
2650 1737 70 20 death,
2729 1738 107 19 occurred
2842 1738 60 19 from

2363 1763 132 27 diphtheria
2512 1763 67 21 when
2597 1764 41 19 the
2859 1764 42 21 has

2362 1790 58 21 been
2429 1790 73 26 freely
2511 1790 58 20 used
2577 1790 59 21 from
2642 1790 41 20 the
2692 1789 51 22 first
2749 1791 77 20 outset
2831 1790 24 21 of
2861 1790 40 22 the

2363 1818 93 25 disease,
2474 1817 47 20 and
2539 1823 26 14 so
2582 1817 67 27 great
2667 1823 39 15 are
2724 1818 32 21 its
2775 1818 126 26 protective

2361 1851 92 20 powers,
2465 1844 54 21 that
2527 1844 41 21 the
2577 1844 125 26 complaint
2710 1844 43 21 has
2763 1851 71 15 never
2844 1846 56 21 been

2362 1872 81 21 known
2452 1872 24 21 to
2486 1871 82 27 spread
2576 1872 26 20 to
2611 1870 68 23 other
2694 1872 111 21 members
2822 1872 23 21 of
2859 1873 41 22 the

2361 1899 88 25 family.

2389 1932 48 20 The
2445 1932 55 20 New
2509 1932 66 25 Cure,
2585 1934 24 19 3s
2619 1933 40 24 6d;
2671 1933 118 21 Grindelia
2797 1933 104 21 Robusta

2426 1959 135 26 Cigarettes,
2572 1961 24 19 2s
2603 1968 8 15 ;
2620 1959 99 21 Asthma
2731 1960 107 25 Tobacco,

2532 1987 24 21 2s
2571 1986 30 22 6d
2614 1986 46 22 and
2674 1988 30 20 Is.

2388 2047 186 39 HEALTH
2597 2047 41 38 IS
2660 2047 215 39 WEALTH.

2361 2097 39 21 TO
2406 2096 63 21 THE
2478 2096 171 21 SUFFERING
2655 2096 245 22 &UNFORTUNATE

2363 2160 87 57 ALL
2469 2159 88 28 Weak,
2568 2160 112 25 Nervous
2697 2161 47 24 and
2755 2160 144 25 Debilitated

2418 2192 117 26 Sufffirers
2543 2193 55 24 who
2607 2193 60 24 have
2676 2194 87 23 wasted
2772 2194 63 22 their
2842 2193 57 23 time

2362 2225 49 25 and
2422 2232 94 21 means,
2528 2225 103 31 sending
2639 2227 25 22 to
2672 2225 69 25 other
2750 2225 112 25 Colonies
2869 2224 29 25 P.

2363 2257 30 25 0.
2402 2257 81 25 Boxes
2493 2258 50 25 &c,
2551 2258 38 23 for
2597 2258 117 25 so-called
2720 2258 105 24 Electric
2832 2257 67 24 Belts

2363 2291 49 24 and
2432 2289 98 26 Useless
2548 2290 138 30 Nostrums,
2699 2290 87 26 should
2797 2291 43 25 not
2847 2309 6 8 N
2852 2290 47 24 dis-

2363 2324 59 31 pair,
2434 2324 46 24 but
2491 2325 96 24 consult
2597 2324 138 32 personally
2746 2332 28 17 or
2784 2324 32 31 by
2827 2328 63 28 post.

2363 2370 134 47 FREE.
2525 2380 32 21 w
2557 2397 6 5 -
2577 2370 197 47 kotmannJk
2797 2371 32 46 e
2863 2370 28 47 c

2363 2431 53 24 The
2427 2432 56 30 only
2495 2431 99 25 Electro
2612 2431 103 25 Medical
2725 2432 125 31 Specialist
2859 2433 41 23 ad-

2364 2464 117 32 vertising
2500 2464 68 32 [with
2586 2465 94 31 twenty
2688 2472 69 24 years
2769 2465 131 32 European

2363 2497 146 32 experience,
2532 2497 50 25 and
2598 2498 67 24 three
2683 2505 69 23 years
2767 2498 81 25 before
2859 2498 43 25 the

2363 2530 59 25 New
2433 2530 107 24 Zealand
2551 2530 95 33 public]}
2663 2531 55 24 who
2728 2532 45 24 has
2784 2531 72 25 made
2867 2531 34 25 all

2363 2563 94 25 chronic
2468 2570 67 17 cases
2544 2563 26 25 of
2580 2570 55 17 men
2651 2564 48 23 and
2710 2571 95 17 women
2816 2572 14 15 a
2848 2563 52 25 life-

2363 2595 59 25 time
2434 2596 80 31 study,
2527 2596 48 24 and
2591 2597 28 23 to
2645 2596 113 24 convince
2775 2596 44 25 the
2835 2599 66 22 moht

2363 2627 122 31 sceptical,
2498 2627 14 24 I
2523 2628 50 24 will
2582 2628 99 23 forward
2693 2628 121 25 electrical
2824 2629 76 30 appli-

2363 2667 72 18 ances
2454 2659 48 25 and
2521 2659 171 25 consentrated
2719 2661 130 25 treatment
2869 2669 32 17 on

2363 2700 59 25 easy
2433 2694 77 25 terms
2523 2692 28 26 of
2556 2695 124 31 payment.

2517 2733 190 28 [testimonial.]

2588 2766 115 24 Dunedin,
2713 2766 56 26 July
2779 2768 35 23 28;
2824 2768 60 19 1893.

2389 2798 26 22 It
2424 2798 66 27 gives
2504 2804 36 14 me
2552 2798 66 27 great
2625 2798 105 27 pleasure
2745 2799 26 21 to
2784 2799 77 26 report
2877 2805 25 14 so

2362 2825 135 28 favourably
2505 2825 26 21 in
2540 2826 56 21 such
2606 2832 14 14 a
2630 2826 64 20 short
2702 2826 63 25 time,
2780 2826 122 27 especially

2363 2853 61 21 after
2431 2853 71 26 being
2511 2853 91 21 treated
2617 2853 32 26 by
2667 2860 70 14 seven
2753 2853 149 27 professional

2363 2887 52 14 men
2424 2880 38 21 for
2469 2886 30 15 no
2507 2880 89 25 benifit,
2605 2881 47 20 and
2670 2881 14 20 I
2702 2880 60 22 have
2779 2881 123 26 gradually

2363 2914 96 25 gaining
2468 2914 106 24 strength
2587 2914 47 19 and
2643 2919 87 20 energy
2739 2915 61 19 since
2808 2914 93 26 placing

2362 2946 39 20 my
2410 2945 51 16 case
2480 2939 25 21 in
2516 2945 59 20 your
2591 2945 58 20 care,
2667 2940 47 20 and
2732 2940 13 21 I
2754 2940 60 21 shall
2823 2940 79 26 gladly

2361 2966 144 21 recommend
2512 2972 58 20 your
2578 2966 51 21 able
2638 2967 123 21 treatment
2770 2968 24 20 to
2803 2968 84 20 others.

2685 2994 22 21 J.
2716 2994 39 21 Me
2765 2995 108 21 Donald.

2395 3027 62 25 Free
2467 3027 58 24 trial
2537 3027 65 30 daily
2610 3027 61 25 from
2684 3029 30 23 11
2724 3036 58 16 a.m.
2791 3028 40 25 till
2843 3029 59 24 9.30

2361 3067 59 24 p.m.
2429 3060 28 25 of
2465 3060 41 24 the
2516 3060 73 25 latest
2601 3060 56 31 only
2669 3060 107 25 Reliable
2787 3060 49 25 and
2843 3061 57 25 Per-

2363 3093 97 24 manent
2480 3092 62 25 Cure
2562 3093 39 23 for
2616 3093 162 28 rheumatism,
2796 3094 104 29 sciatica,

2361 3125 129 31 neuralgia,
2495 3125 61 24 liver
2563 3125 183 31 derangement,
2756 3125 144 32 indigestion

2362 3158 104 31 buzzing
2476 3158 28 23 in
2515 3157 41 24 the
2564 3158 62 24 head
2638 3157 49 25 and
2695 3165 61 22 ears,
2771 3158 128 30 dizziness,

2362 3191 70 25 weak
2436 3191 70 29 back,
2511 3191 62 24 tired
2577 3190 96 32 feeling,
2681 3191 85 30 specks
2773 3191 81 25 before
2861 3192 40 25 the

2363 3231 61 24 eyes,
2446 3224 117 24 neivious
2583 3224 145 30 irritability,
2749 3225 150 28 exhaustion,

2362 3256 54 25 lack
2427 3257 26 23 of
2464 3264 96 24 energy,
2573 3256 96 24 bladder
2677 3256 48 24 and
2734 3257 90 31 kidney
2832 3259 65 22 trou-

2362 3291 58 27 bles,
2444 3290 105 24 varicose
2572 3290 73 28 veins,
2669 3290 47 23 and
2728 3290 33 24 all
2781 3291 118 23 weakness

2361 3322 99 31 pecular
2468 3323 25 23 to
2505 3329 65 17 men.

2395 3359 136 25 Numerous
2554 3360 105 31 grateful
2669 3360 84 24 letters
2765 3360 64 24 from
2841 3361 58 23 both

2363 3400 67 18 sexes
2443 3400 43 17 can
2495 3392 32 25 be
2542 3392 132 32 inspected.

2402 3431 64 39 W.
2490 3431 228 47 NOTMAOT,
2750 3431 131 40 M.E.C.

2440 3478 99 26 Market
2556 3480 81 29 Place,
2670 3480 179 25 Christchurch.

2411 3551 190 61 Money
2619 3555 54 45 to
2695 3556 155 44 Lend.

2403 3617 18 31 I
2456 3618 80 31 have
2556 3629 114 30 money
2704 3621 35 29 to
2760 3619 73 31 lend
2867 3619 34 30 in

2361 3659 87 41 large
2477 3671 35 19 or
2533 3660 90 32 small
2658 3671 84 21 sums
2769 3664 34 28 to
2839 3662 63 30 suit

2361 3700 178 32 Borrowers
2575 3705 35 27 at
2636 3702 109 31 lowest
2775 3706 127 27 current

2362 3747 91 25 rates.

2420 3782 63 39 W.
2509 3782 45 39 H.
2581 3783 260 40 SPACEMAN.

2538 3829 192 31 SOLICITOR,

2432 3869 192 25 Cheistchukoh
2634 3870 51 24 and
2696 3870 137 26 Rangiora.

2366 3937 214 41 MONEY
2607 3942 84 37 TO
2716 3942 181 40 LEND.

2373 3993 27 31 ,1
2413 3994 81 28 have
2506 3994 121 30 several
2641 4005 87 20 sums
2743 3996 33 28 of
2789 4007 113 29 money

2365 4036 31 25 fco
2410 4033 83 35 lend,
2509 4036 34 26 at
2570 4034 110 30 lowest
2693 4038 84 28 rates
2793 4036 33 29 of
2852 4036 50 29 in-

2362 4074 102 28 terest.

2445 4113 62 39 W.
2527 4113 38 42 E,
2584 4115 39 38 D.
2647 4115 167 40 BISHOP.

2539 4160 191 33 SOLICITOR,

2395 4204 49 26 2Q5
2463 4203 124 25 Hereford
2608 4204 39 25 St.
2666 4204 201 27 Chbistchttbch.

2383 4278 73 31 w.
2500 4278 374 35 woodward:

2360 4333 155 26 PAINTER
2533 4332 70 28 AND
2620 4334 272 35 PAPERHANGER,

2463 4384 113 31 EAST
2620 4385 187 33 OXFORD:

2409 4478 43 27 All
2461 4478 82 26 orders
2554 4480 120 31 promptly
2687 4482 114 25 attended
2813 4485 35 26 to,

1293 242 73 55 H.
1396 240 64 56 E.
1490 230 445 64 BOARDMAN
1974 226 55 57 &
2058 218 147 64 CO.,

1199 317 141 21 BAILIFFS
1355 317 64 20 AND
1434 312 184 23 COMMISSION
1636 310 128 21 AGENTS.
1810 307 100 22 HOTEL
1924 299 137 26 BROKERS
2076 296 64 21 AND
2153 292 149 21 VALUERS.

1298 365 59 29 222
1380 358 235 34 HEREFORD
1639 354 171 36 STREET,
1853 338 343 45 CHRISTOHURCH.

1486 424 378 21 »♦♦♦♦♦♦♦♦♦»+♦♦♦♦♦♦♦♦♦♦♦♦♦♦♦

1244 469 42 23 We
1304 468 150 31 respectfully
1467 466 39 29 beg
1524 469 22 19 to
1558 464 73 23 thank
1640 471 44 16 our
1695 462 90 23 Client,
1792 459 50 23 and
1850 458 36 22 the
1899 455 88 25 Public
1996 449 125 36 generally
2124 448 46 30 for
2178 445 39 25 the
2234 444 97 30 support

1175 513 115 24 accorded
1301 520 36 19 us,
1350 512 49 22 and
1411 518 45 16 can
1468 516 81 17 assure
1561 515 43 15 our
1608 506 100 32 friends
1719 504 52 23 that
1779 510 44 16 our
1833 501 104 24 business
1947 496 50 25 still
2003 494 103 25 remains
2122 491 76 23 under
2216 489 37 23 the
2270 491 61 18 same

1176 558 162 28 management
1356 561 28 16 as
1393 553 107 25 hitherto,
1511 551 48 23 and
1568 550 50 23 that
1627 548 134 30 everything
1772 543 119 25 entrusted
1901 546 22 19 to
1932 548 27 16 us
1971 538 51 24 will
2031 538 25 23 be
2064 536 79 24 under
2154 533 36 24 the
2202 531 129 24 immediate

1176 598 147 29 supervision
1335 597 30 29 of
1371 604 45 15 our

1375 635 124 33 MR.
1531 633 67 34 H.
1623 632 55 32 E.
1705 618 427 44 BOARDMAN

1412 752 268 37 -LOCAL

1295 803 403 49 BARLOW
1741 799 166 42 AMD
1953 787 277 48 PRICE

1483 855 191 41 Coventry
1712 850 114 44 Cycle
1873 845 131 36 Worhs

1347 913 37 29 88
1408 907 200 34 COLOMBO
1632 903 174 33 STREET,
1851 891 345 38 CHRISTCHURCH.

1179 974 56 31 We
1251 974 119 37 having
1385 972 94 29 taken
1495 980 74 19 over
1582 967 53 29 the
1648 965 72 30 well
1733 964 115 29 known
1858 959 112 34 works,
1985 954 181 33 machinery
2176 950 60 31 and
2247 948 84 32 stock

1178 1016 33 28 in
1225 1014 90 30 trade
1329 998 77 44 wish
1420 1015 34 26 to
1469 1010 111 29 inform
1596 1007 54 29 the
1672 1005 105 40 public
1790 1003 71 29 that
1874 1011 47 19 we
1936 1009 52 19 are
2003 994 151 41 prepared
2168 995 32 25 to
2217 991 114 50 _undei-

1178 1056 73 28 take
1266 1053 103 29 orders
1383 1053 49 28 for
1446 1060 68 19 new
1528 1047 158 31 machines
1702 1045 61 30 and
1778 1044 128 29 execute
1924 1047 119 30 repairs
2065 1038 33 27 at
2120 1035 54 28 the
2199 1035 132 26 shortest

1312 1093 103 29 notice
1428 1091 49 29 for
1499 1089 41 30 all
1554 1087 93 30 kinds
1662 1085 35 29 of
1707 1082 213 40 Engineering
1935 1079 62 29 and
2009 1076 94 39 Cycle
2114 1074 96 29 work.

1343 1143 127 25 SPECIAL
1484 1138 177 24 ATTENTION
1677 1136 94 23 GIVj^N
1785 1134 38 21 TO
1838 1131 141 23 COUNTRY
1994 1128 124 22 ORDERS.

1180 1186 121 30 Racine
1315 1183 160 30 Machines
1499 1180 61 29 and
1582 1178 99 38 Light
1703 1174 167 31 Roadsters
1886 1182 19 19 a
1919 1168 162 45 specialty^
2118 1164 49 30 No
2180 1161 151 41 imported

1179 1227 157 29 machines
1350 1224 76 37 kept
1439 1222 33 29 in
1488 1220 98 30 stock:
1603 1218 43 28 all
1660 1216 86 30 work
1761 1214 79 29 done
1855 1222 40 19 on
1908 1211 55 28 the
1985 1215 157 32 premises.
2194 1205 31 27 A
2249 1205 82 35 large

1209 1265 90 32 stock
1313 1264 35 30 of
1357 1264 126 37 Lamps,
1495 1259 95 33 Bells,
1606 1257 62 30 and
1684 1255 128 32 Saddles
1827 1262 40 20 on
1880 1249 85 32 hand
1980 1251 31 26 at
2025 1256 113 21 reduce
2150 1244 130 39 dpnees.

1310 1343 117 84 R.
1495 1338 132 84 H.
1686 1323 515 97 PARISH

1455 1465 198 61 EAST
1698 1458 328 63 OXFORD

1404 1555 77 29 lias
1497 1547 189 36 received
1706 1556 25 22 a
1747 1543 292 41 consignment
2056 1541 44 31 of

1178 1608 301 55 Messrs
1537 1599 419 58 Johnsons
2008 1591 69 57 &
2131 1589 200 55 Sons

1352 1681 266 60 GREAT
1679 1670 450 66 YARMOUTH

1241 1775 228 93 OIL
1550 1765 693 94 CLOTHING

1357 1909 338 50 ENORMOUS
1754 1903 389 46 REDUCTIONS

1175 2029 81 29 THE
1275 2027 115 31 question
1401 2025 22 25 is
1434 2022 134 27 natural—
1593 2020 67 32 Why
1671 2018 61 26 send
1747 2020 26 24 to
1785 2017 177 26 Christchurch
1982 2015 39 26 for
2037 2022 63 26 your
2117 2013 130 33 Drapery?
2281 2011 50 26 The

1183 2047 19 40 1
1240 2062 103 26 drapery
1355 2059 54 25 sold
1416 2059 27 22 in
1451 2057 58 24 that
1520 2056 50 30 city
1582 2062 72 22 every
1665 2061 47 16 one
1724 2053 94 28 knows,
1830 2050 23 24 is
1864 2051 45 23 not
1919 2049 73 25 made
2003 2049 77 28 there,
2098 2047 47 25 but
2154 2048 131 30 imported.
2319 2047 12 23 I

1176 2096 94 27 import
1281 2094 66 24 from
1357 2091 45 25 the
1412 2090 54 24 best
1477 2086 108 33 English
1597 2086 50 24 and
1664 2084 88 26 Scotch
1764 2084 100 23 houses.
1909 2083 73 23 lam
1993 2081 105 24 enabled
2108 2081 26 24 to
2145 2081 123 29 purchase
2286 2078 45 25 low

1176 2130 51 24 and
1236 2127 46 25 sell
1294 2128 27 23 at
1329 2133 15 17 a
1355 2126 54 24 rate
1420 2123 27 24 of
1456 2121 74 32 profit
1543 2121 53 32 (my
1608 2126 120 24 expences
1738 2116 73 32 being
1822 2114 82 33 small)
1916 2114 57 25 that
1984 2113 83 25 would
2077 2113 32 25 be
2126 2112 146 26 considered
2291 2111 40 26 ab-

1176 2161 59 26 surd
1246 2160 33 28 by
1295 2166 47 22 any
1363 2154 180 28 Christchurch
1565 2151 199 26 establishment.
1817 2148 43 32 My
1882 2148 77 25 Stock
1977 2147 22 24 is
2017 2146 44 25 the
2081 2146 94 32 largest
2193 2146 51 24 and
2265 2146 66 24 most

1174 2194 96 26 tvaried
1279 2192 58 25 that
1347 2191 45 24 has
1403 2196 58 17 ever
1470 2188 63 23 been
1545 2185 87 26 shown
1643 2184 27 24 in
1682 2182 44 26 the
1737 2181 103 29 district,
1853 2180 51 25 and
1914 2180 38 24 for
1963 2179 92 32 quality
2075 2179 49 24 and
2143 2178 72 25 value
2232 2180 59 30 puts
2308 2178 23 24 in

1176 2229 32 23 he
1220 2225 79 26 shade
1315 2223 77 32 goods
1404 2220 91 26 offered
1506 2218 33 32 by
1550 2217 104 31 visiting
1664 2215 117 25 hawkere
1792 2215 63 23 from
1867 2213 44 25 the
1928 2211 182 27 Ohristchurch
2121 2218 46 25 rag
2178 2212 89 24 marts.

1209 2279 95 26 Dress
1315 2276 167 30 Materials,
1494 2273 88 25 Plain
1594 2272 61 25 and
1664 2271 104 31 Fancy
1779 2269 80 25 from
1872 2268 50 25 3d.
1934 2272 55 27 per
1997 2267 85 30 yard.

1209 2340 28 26 A
1253 2339 111 29 Strong
1380 2337 88 26 Stout
1483 2334 133 25 Durable
1634 2331 127 32 Kaiapoi
1777 2330 113 26 Tweed
1906 2328 51 33 2/6
1969 2333 55 26 per
2035 2328 76 31 yard

1807 2373 108 25 Makes
1926 2372 157 24 first-class
2100 2370 91 31 Boys'
2209 2370 91 26 Suits.

1210 2433 59 25 Art
1284 2430 141 30 Muslins,
1444 2427 156 31 Gretones,
1619 2426 80 25 Lace
1716 2425 139 26 Curtains
1873 2424 55 24 &c.

1210 2500 26 30 A
1254 2498 110 26 Choice
1382 2496 167 26 Collection
1566 2495 33 24 of
1613 2493 122 31 Gloves,
1761 2491 78 31 Ties,
1869 2490 130 31 Aprons,
2029 2488 167 26 Insertions
2212 2488 55 25 &c.

1210 2551 121 32 Striped
1348 2550 124 26 Galatea
1488 2548 55 33 4/6
1554 2553 56 26 per
1620 2547 107 31 dozen,
1756 2545 104 25 worth
1870 2544 50 26 9d.
1938 2549 55 26 per
2009 2542 86 31 yard.

1209 2616 105 25 Prints
1325 2615 80 23 from
1416 2613 53 24 4d.
1481 2618 55 25 per
1547 2611 85 31 yard.
1644 2610 140 30 Muslins,
1797 2608 139 30 Selesias,
1949 2606 127 32 Calicos,
2090 2606 55 25 &c.

1796 2650 88 26 With
1900 2650 88 25 other
2004 2649 194 25 Manchester
2214 2649 86 29 lines.

1210 2711 88 31 Hats,
1317 2710 104 30 Fancy
1437 2709 60 24 and
1514 2707 106 32 Sailor,
1638 2707 32 25 in
1686 2705 105 27 White
1808 2705 60 25 and
1885 2704 116 26 Colors.

1754 2749 126 25 Newest
1896 2747 124 32 Shapes.
2055 2746 97 30 Large
2168 2746 132 32 Variety,

1209 2806 150 31 Flowers,
1376 2803 155 32 Feathers,
1549 2802 149 32 Ribbons,
1716 2801 106 31 Laces,
1840 2799 76 33 Jets,
1935 2799 56 26 &c.

1681 2842 88 26 With
1785 2843 42 23 all
1843 2841 184 25 necessaries
2044 2840 47 25 for
2107 2839 192 30 Trimmings.

1208 2898 104 28 Fancy
1328 2896 140 28 Frillings
1486 2895 78 30 3yds
1575 2895 47 24 for
1632 2893 35 32 1/-
1684 2893 103 25 worth
1798 2892 50 30 9d,
1866 2897 56 26 per
1931 2892 85 29 yard,

1744 2935 183 30 Umbrellas,
1945 2933 152 31 Parasols,
2115 2932 184 31 Sunshades,

1326 3039 333 44 SPECIAL
1745 3038 423 41 PUECHi.SE

1178 3113 110 33 BOYS
1320 3112 89 29 AND
1439 3108 174 31 YOUTHS
1651 3106 217 32 COLONIAL
1900 3106 155 30 TWEED
2081 3107 250 32 OVERCOATS

1660 3170 78 30 with
1760 3168 97 42 Capes

1453 3233 93 29 From
1570 3233 65 28 17s.
1680 3231 50 29 6d.
1775 3229 101 31 worth
1918 3229 66 30 255.
2032 3229 49 30 6d.

1329 3297 196 33 Men's
1569 3296 226 32 Tweecl
1838 3295 350 33 Overcoats

1651 3348 95 31 From
1770 3348 64 31 15s.

1176 3529 133 41 English
1324 3529 128 40 Witney
1461 3527 149 31 Blankets
1625 3530 33 27 to
1674 3527 36 31 be
1726 3527 68 31 sold
1809 3530 32 26 at
1851 3527 59 30 less
1919 3527 78 29 than
2010 3526 182 31 Melbourne
2204 3527 127 31 Whole-

1209 3593 30 19 ie
1260 3581 85 39 price
1346 3597 41 4 —
1387 3580 121 30 Double
1523 3580 67 29 Bed
1608 3579 68 31 Size
1699 3580 64 28 12s.
1789 3579 48 29 6d.
1889 3579 102 29 worth
2007 3579 65 29 16s.
2111 3578 49 29 6d.
2182 3587 56 29 per
2251 3579 79 38 pair.

1306 3677 3 3 .
1344 3650 131 41 cheaper
1488 3650 77 31 than
1582 3650 226 31 Ohristchurch
1822 3650 113 33 houses
1949 3650 65 32 will
2028 3650 58 31 sell
2100 3650 94 31 them.

1178 3742 279 80 MISSES
1462 3744 15 33 7
1538 3741 252 81 CAPES
1851 3744 58 77 &
1970 3745 361 79 JACKETS

1234 3852 88 49 Tfig
1338 3852 165 49 Hswsst
1533 3851 155 60 Stasss
1707 3853 109 49 from
1837 3852 84 57 3/8
1946 3855 142 48 wsrtit
2093 3854 192 61 ;4ttitlt.--

1178 3975 487 89 PEINTS
1683 3980 20 79 !
1749 3977 490 87 PRINTS
2265 3985 23 81 !
2303 3980 25 86 !

1248 4110 148 50 W#w
1413 4109 277 54 hnhitnt,
1712 4109 186 51 Edward
1919 4111 202 52 Bsaastts
2141 4113 120 50 $t*sk

1178 4186 335 101 ROLLER
1571 4170 534 130 TBifLLlltf
2171 4183 160 94 4d.

1225 4452 72 33 R.
1324 4452 77 33 IX.
1438 4440 312 53 JPAIIiSKt,
1809 4452 155 33 East
2011 4454 259 38 Oxford.
2325 4461 3 3 *

604 244 208 43 BURKE
854 245 129 43 AND
1025 244 116 44 SON

740 320 134 22 INQUIRY
910 320 124 21 AGENCY

663 363 131 20 Chancery
807 363 72 24 Lane,
894 364 187 19 Christchurch.

609 397 70 29 V[ext
696 398 23 19 of
736 397 54 23 Kin,
801 397 99 26 Missing
908 397 117 21 Relatives
1035 397 45 22 &c;
1099 396 45 20 Ad-

608 416 24 28 li
667 425 112 25 veitisiug
789 425 24 17 in
823 430 45 19 any
877 425 54 24 part
941 424 23 20 of
975 424 39 20 the
1024 423 76 21 world.

634 456 89 20 100.000
733 456 83 20 Names
826 456 98 20 indexed
934 462 39 20 up,
990 463 61 18 upon
1071 455 73 20 which

606 487 148 21 information
766 488 75 27 given,
862 488 121 22 Solicitors,
1004 489 87 22 Courts,
1111 488 33 19 in-

607 522 88 26 quirers
701 523 108 20 relatives
818 522 45 24 &c,
872 522 107 20 Searches
987 522 24 20 in
1018 522 73 20 Home
1101 522 43 19 and

607 554 67 20 other
682 555 136 21 Directions,
830 554 77 25 Army,
918 553 72 26 Navy,
997 554 60 24 Law,
1064 554 80 25 Clergy

608 586 106 25 Medical,
721 586 59 21 Civil
787 586 98 23 Service,
893 585 134 26 University
1033 585 46 20 and
1082 585 62 20 other

609 618 62 20 Lists
693 618 44 19 Old
743 618 98 20 Records
848 618 24 19 in
877 617 154 20 Government
1041 616 103 20 Gazettes

607 651 55 20 N.Z.
675 651 46 21 and
731 651 67 21 other
811 656 93 21 papers;
924 650 101 25 Country
1040 649 104 23 families,

609 684 129 26 Pedigrees,
761 685 89 20 Letters
860 684 98 23 written,
977 683 107 26 Register
1093 683 51 25 kept

609 717 24 21 of
651 718 99 20 Medical
775 717 46 20 and
846 717 66 20 other
927 715 152 27 professional
1107 722 37 14 me

611 750 90 20 wanted
710 750 24 19 in
744 750 32 19 all
785 749 39 20 the
835 748 110 21 Colonies.

637 783 72 26 Forty
718 788 66 20 years
793 782 138 25 experience,
938 781 97 25 enquiry
1043 780 37 20 fee
1098 780 37 26 2/6

794 818 79 26 Stamp
886 817 71 26 reply.

632 1015 223 23 OXFORD
901 1011 237 23 ZBJLZKHEIRry

715 1060 213 27 Established
954 1057 88 27 1862.

660 1123 125 28 FLOUE,
797 1122 56 25 best
863 1121 81 25 brand
955 1121 60 31 only
1025 1121 68 30 kept.

613 1166 144 29 SHAEPS,
794 1164 205 29 OATMEAL,
1035 1162 109 25 BEAN

702 1208 293 27 CHICKENWHEAT,
1013 1208 42 23 &c.

638 1253 41 19 AT
707 1251 122 21 LOWEST
857 1249 142 21 CURRENT
1027 1248 104 23 RATES,

701 1360 54 42 F.
789 1357 48 44 B.
861 1355 188 54 LANE.

718 1431 90 41 (Late
823 1431 38 29 E.
882 1428 160 40 Butcher.)

616 1491 248 33 Watchmaker,
893 1489 183 32 Jeweller,
1093 1486 51 29 &c.

613 1541 123 31 Importer
769 1540 27 23 of
836 1537 107 25 Musical
978 1536 166 25 Instruments

712 1576 111 26 Victoria
844 1575 37 26 St.
912 1574 134 31 Eangiora.

614 1665 98 31 Special
724 1665 71 25 value
816 1663 28 25 in
867 1663 81 24 Extra
969 1662 87 30 strong
1068 1659 76 25 Cased

612 1709 87 31 highly
708 1707 108 26 finished
830 1705 108 32 English
956 1705 79 25 Lever
1044 1702 100 27 Watch-

613 1759 34 17 es.
693 1749 191 26 Manufactured
901 1750 27 23 to
949 1756 43 22 my
1021 1747 71 25 order
1113 1745 31 32 by

614 1792 54 23 best
680 1790 103 25 London
802 1788 107 25 makers.
944 1786 157 33 Unequalled
1109 1785 35 25 for

614 1834 122 25 excellent
750 1832 177 31 Timekeeping
942 1830 50 26 and
1003 1829 141 33 durability.

646 1878 29 24 F.
693 1877 31 25 B.
737 1876 95 25 LANE
845 1874 140 33 personally
1006 1874 71 26 visits
1098 1872 46 26 Ox-

614 1920 53 23 ford
687 1918 124 31 monthly,
835 1918 115 30 carrying
969 1924 16 16 a
1006 1917 69 30 large
1098 1916 46 24 and

613 1962 84 25 choice
731 1960 70 25 stock
830 1959 27 26 of
888 1959 127 28 Watches,
1044 1958 100 29 Chains,

613 2005 134 28 Brooches,
757 2004 87 31 Eings,
856 2003 85 28 Studs,
959 2002 129 25 Pendants
1100 2003 44 27 etc,

614 2048 141 31 Spectacles
776 2046 124 32 (Pebbles,
917 2046 169 31 Pantoscopsc
1098 2045 46 24 and

613 2090 108 33 Crystal)
734 2088 96 30 Clocks,
850 2088 108 33 (Marble
978 2088 50 24 and
1046 2087 98 32 Wood,)

712 2131 156 26 Accordeons
880 2131 50 25 and
941 2130 107 26 Violins.

646 2176 81 24 Exact
738 2176 57 23 date
808 2175 27 24 of
845 2175 62 24 each
918 2174 60 25 visit
1000 2175 22 23 is
1034 2173 106 25 notified

759 2218 29 24 in
821 2221 15 11 *'
844 2217 129 25 Observer.

612 2261 115 25 Eepatbs.
729 2275 32 4 —
762 2260 42 25 All
814 2260 94 31 repairs
926 2267 42 17 are
985 2258 119 26 executed
1114 2258 30 32 by

612 2305 92 32 myself
724 2312 28 17 or
769 2304 79 24 under
864 2311 43 24 my
927 2303 217 31 superintendence

613 2355 27 17 so
663 2348 56 24 that
738 2348 102 30 patrons
852 2354 48 17 can
921 2347 52 30 rely
995 2354 33 17 on
1051 2345 93 32 getting

613 2390 154 24 satisfaction
776 2391 27 22 at
814 2389 44 24 the
869 2396 59 24 very
938 2388 87 24 lowest
1034 2389 110 30 charges.

645 2432 105 32 Eepairs
761 2439 28 18 or
798 2432 84 24 orders
890 2438 58 24 may
960 2431 30 24 be
999 2431 44 24 left
1055 2432 26 23 at
1081 2444 34 4 —

611 2480 27 25 J.
656 2479 134 30 Weeber's,
825 2479 66 25 East
914 2478 100 26 Oxford,

611 2525 27 23 at
661 2524 40 25 W.
725 2524 37 24 M.
773 2522 51 29 C,
848 2523 64 24 East
936 2522 101 25 Oxford.

611 2566 24 25 J.
653 2566 100 29 Brown,
766 2565 160 29 Bootmaker,
951 2565 70 24 West
1046 2563 98 26 Oxford.

611 2609 40 23 W.
664 2609 25 23 J.
702 2608 119 25 Crothers
830 2609 19 22 &
862 2608 59 24 Co..
943 2607 71 24 Cust.

643 2650 51 25 and
709 2650 53 26 will
768 2649 31 25 be
810 2648 127 33 promptly
948 2648 119 26 attended
1078 2650 35 24 to.

612 2695 55 31 All
789 2693 78 32 done
879 2704 39 21 on
932 2693 55 31 the
997 2693 147 31 Premises

734 2745 61 30 and
811 2745 200 39 guaranteed.

651 2888 91 40 ■W-
790 2886 313 44 STOCKS,

609 2946 343 33 MONUMENTAL
974 2946 170 36 MASON,

732 2999 133 30 Madras
888 2998 127 36 Street,

651 3050 322 32 CHRISTCHU
981 3050 124 31 RCH.

611 3140 160 29 TTTISHES
789 3144 27 22 to
832 3142 89 24 inform
932 3149 100 23 persons
1050 3142 26 23 in
1084 3142 60 24 want

620 3167 15 35 Y
639 3167 15 36 V
700 3175 26 25 of
740 3175 168 25 Monumental
930 3175 78 24 Work
1035 3174 54 24 that
1116 3174 28 24 he

607 3210 96 24 intends
723 3211 26 22 to
771 3207 90 26 SELL
889 3207 62 26 HIS
985 3207 159 26 PEESENT

607 3241 117 26 LAEGE
745 3241 118 29 STOCK,
881 3241 134 30 consisting
1031 3241 26 23 of
1069 3240 75 24 Gran-

607 3276 33 24 ite
658 3274 103 32 Marble,
787 3274 47 25 and
860 3274 69 25 other
955 3272 75 28 Stone
1058 3273 86 25 Monu-

609 3311 86 27 ments,
724 3311 26 22 at
778 3308 162 32 considerably
975 3307 169 26 EEDUCED

608 3341 133 26 PEICES.
774 3341 58 24 Iron
849 3341 101 29 Fences,
969 3341 113 24 Concrete
1100 3340 44 24 and

611 3375 73 25 Stone
701 3374 126 32 Kerbings,
846 3375 100 23 reduced
956 3374 26 24 in
999 3374 71 32 price.
1105 3373 39 24 In-

609 3409 126 31 scriptions
754 3408 47 25 and
819 3408 34 24 all
869 3407 67 25 work
952 3408 26 23 in
1006 3407 138 24 connection

610 3441 57 25 with
684 3442 41 24 the
741 3441 70 24 trade
823 3441 60 24 done
894 3440 26 24 in
931 3440 133 25 first-class
1077 3440 67 31 style.

609 3474 77 32 Early
703 3474 134 32 inspection
854 3474 100 24 invited.
992 3473 96 27 Several
1096 3480 48 17 new

610 3507 60 25 lines
687 3508 75 30 lately
792 3507 101 25 arrived.
928 3506 54 31 Any
1009 3506 135 25 reasonable

611 3540 59 24 offer
686 3540 38 24 for
740 3541 41 22 the
798 3544 95 26 present
910 3539 68 24 stock
995 3539 51 25 will
1071 3537 73 26 result

610 3573 25 23 in
651 3581 15 15 a
684 3574 58 23 sale.
778 3572 77 23 Want
878 3574 27 22 to
921 3572 92 24 realise.

614 3683 90 36 MR
725 3681 65 41 W.
816 3683 50 39 N.
891 3680 253 45 CATHRO,

654 3752 181 21 BAEKISTER
849 3752 69 21 AND
933 3751 174 22 SOLICITOR.

762 3793 233 32 RANGIORA.

611 3843 132 32 Attends
758 3843 123 32 Oxford
894 3855 40 20 on
946 3844 97 31 Court
1051 3843 93 41 Days.

610 3916 168 26 Instructions
786 3916 34 32 by
830 3918 57 31 post
898 3916 52 26 will
961 3916 93 26 receive
1065 3923 79 25 prom-

774 3956 29 29 pt
832 3955 132 24 attention.

731 4001 108 21 MONEY
867 4002 38 20 TO
933 3990 90 32 LEND^

660 4121 44 56 S.
737 4122 51 45 B.
811 4120 307 54 SEYMOUR,

809 4188 165 28 DENTIST,:;
1104 4196 3 11 ;

650 4231 42 20 215
706 4229 106 23 Colombo
827 4229 82 25 Street,
932 4228 170 22 Christchurcli.
1128 4233 3 4 •

778 4301 179 22 CHARGES:—
1016 4311 20 12 -;

677 4344 94 26 Pilling,
785 4343 25 20 5e
817 4351 15 17 y
846 4345 3 6 :
860 4341 134 22 Extraction
1042 4341 37 21 6d.
1112 4340 6 18 ~>

634 4408 96 21 Nitrous
739 4405 60 23 Oxid
808 4405 47 21 Gas
864 4403 169 33 Administereji
1037 4403 38 21 for
1080 4402 64 22 Pain-

607 4450 46 21 less
663 4448 134 23 Extraction
807 4447 25 21 of
840 4446 81 22 Teeth.
954 4445 47 22 Fee
1009 4445 37 22 for
1054 4443 90 23 Admin-

607 4488 110 22 istration
727 4486 32 21 ss.

48 2065 63 43 R.
150 2063 79 42 W.
246 2058 337 49 ENGLAND,

47 2130 141 36 Timber
203 2126 69 38 and
295 2125 75 38 Coal
399 2120 185 40 Merchant

48 2209 161 67 LAEGE
229 2207 107 26 STOCK
354 2206 44 24 OF
410 2201 173 30 BUILDING

222 2237 210 27 MATEEIALS.

118 2285 33 26 Of
172 2292 71 23 every
275 2281 157 32 description,
465 2277 118 27 seasoned

151 2322 74 31 ready
232 2321 38 24 for
276 2328 53 20 use,
338 2320 90 29 always
435 2325 31 17 on
473 2316 77 24 hand.

83 2367 68 26 Also,
183 2363 153 25 Galvanised
366 2361 68 28 Iron,
464 2358 119 25 Portland

49 2405 105 24 Cement
162 2403 50 24 and
223 2400 125 26 Builders'
360 2400 189 28 Ironmongery.

82 2454 111 31 Country
209 2451 91 25 Orders
323 2448 126 32 Carefully
471 2447 111 26 Selected

214 2491 50 25 and
272 2489 144 27 forwarded.

46 2531 98 25 TUAM
153 2528 144 28 STEEET,
311 2524 272 27 CHEISTCHUECH

75 2626 218 46 PUBLIC
342 2624 237 43 NOTICE.

75 2699 175 36 Telegraphic
263 2699 131 33 Messages
414 2706 50 17 can
475 2706 61 17 now
548 2696 33 26 be

41 2740 62 22 sent
127 2736 53 26 and
200 2734 119 27 received
339 2737 29 23 at
393 2733 65 25 East
479 2731 102 27 Oxford

42 2771 116 31 Station,
175 2770 53 26 and
246 2768 91 26 Postal
357 2768 87 25 Notes
463 2775 60 26 may
546 2767 35 24 be

41 2805 156 35 purchased.

100 2930 107 26 CHILD
219 2930 108 25 BIETH
341 2928 94 30 SAFE,
449 2928 74 25 AND

151 2973 136 26 ALMOST
297 2971 171 27 PAINLESS

41 3017 94 65 BY
182 3017 73 30 using
290 3016 48 24 DE
383 3014 196 26 FAWCETT'S

146 3049 130 25 Medicine.

76 3092 72 24 MES
171 3091 165 25 BUEEELL
358 3090 59 31 begs
440 3092 26 23 to
489 3090 90 24 inform

43 3130 44 24 the
99 3129 91 24 Ladies
201 3129 57 24 that
267 3128 44 25 she
319 3129 47 23 has
375 3128 63 24 been
447 3127 130 31 appointed

43 3169 58 25 Sole
122 3170 73 30 agent
216 3169 28 23 in
268 3167 177 26 Christchurch
472 3167 36 24 for
535 3167 44 24 the

43 3207 78 25 above
132 3207 124 24 Medicine
268 3207 26 24 to
309 3206 117 25 facilitate
440 3205 138 25 Accouche-

41 3249 89 22 raents.
165 3246 90 24 Ladies
267 3253 46 17 can
336 3245 30 25 be
387 3245 113 32 supplied
519 3245 60 25 with

42 3286 41 23 the
107 3286 75 23 above
204 3285 32 30 by
261 3285 106 30 sending
389 3292 28 16 or
439 3285 91 30 calling
553 3286 26 22 at

43 3323 40 25 Mr
106 3323 121 26 Burrell's
250 3323 181 32 Photographic
454 3323 70 32 place
555 3323 28 26 of

43 3363 123 25 business,
179 3363 106 23 Gould's
306 3363 141 32 Buildings,
469 3362 112 26 Victoria

47 3400 87 29 Street,
149 3400 180 29 Christchurch,
349 3400 82 26 where
450 3401 33 25 all
503 3402 77 25 infor-

45 3440 97 23 mation
170 3447 45 16 can
242 3439 31 25 be
301 3440 116 25 obtained
444 3441 57 29 free,
531 3442 51 24 and

46 3478 116 30 perfectly
205 3478 155 31 satisfactory
392 3478 50 25 and
475 3480 106 31 genuine

47 3515 165 25 testimonials
224 3523 47 16 can
282 3515 30 25 be
323 3523 66 17 seen.

47 3680 79 43 W.
148 3681 301 46 JOHNSON
456 3685 41 43 &
509 3685 73 44 Co

158 3748 56 26 (late
223 3748 87 20 Hamill
320 3749 18 18 &
347 3750 112 24 Johnson)

101 3788 82 20 LAND
198 3789 63 20 AND
271 3788 115 22 ESTATE
400 3790 126 26 AGENTS,

191 3830 26 20 71
228 3830 122 20 Cathedral
360 3831 91 26 Square,

90 3867 451 34 CHRISTCHURCH.

74 3933 48 20 The
132 3934 102 21 Farmers
241 3935 24 20 of
271 3935 91 26 Oxford,
375 3936 56 21 Oust
439 3937 46 21 and
495 3944 87 14 surrou-

46 3970 73 25 nding
128 3971 107 21 Districts
243 3972 49 20 who
302 3973 55 20 wish
366 3974 25 19 to
396 3973 89 26 dispose
494 3975 24 20 of
522 3975 61 20 their

47 4006 70 20 farms
130 4007 48 20 will
186 4007 49 21 find
250 4008 20 20 it
287 4009 24 20 to
330 4009 62 20 their
409 4009 130 28 advantage
556 4012 26 19 to

45 4044 64 25 place
118 4044 62 20 them
190 4045 25 19 in
224 4051 41 14 our
278 4045 81 21 hands.
395 4046 43 20 We
456 4048 66 20 make
540 4048 41 20 the

47 4080 51 21 Sale
112 4080 23 21 of
153 4082 65 21 Land
235 4082 41 21 the
294 4082 94 28 leading
402 4083 87 22 branch
503 4085 24 21 of
540 4092 49 14 our-

31 4118 123 26 i.B'^utess
164 4126 36 15 an(
200 4120 10 20 i
220 4127 32 14 we
262 4127 65 19 spare
334 4121 91 22 neither
429 4122 56 22 time
492 4123 89 22 trouble

27 4159 12 15 M
45 4161 42 14 nor
96 4162 96 20 expence
202 4157 24 20 in
231 4157 108 28 bringing
342 4159 108 27 property
456 4160 77 21 before
539 4161 41 20 the

27 4184 8 28 I
47 4192 73 20 notice
134 4193 23 21 of
166 4193 39 21 the
218 4195 83 25 public.

27 4214 11 45 |
139 4229 58 20 FOR
212 4230 75 21 SALE
300 4231 41 20 AT
355 4232 118 20 OXFORD

69 4272 21 19 A
99 4272 68 20 Farm
177 4272 25 20 of
209 4273 29 19 40
247 4278 61 15 acres
313 4273 59 26 good
380 4273 55 21 land
443 4274 52 20 well
499 4274 82 22 fenced

42 4308 47 22 and
99 4309 140 25 subdivided,
249 4309 53 22 Two
312 4310 108 28 dwelling
438 4310 82 22 houses
534 4310 46 23 and

43 4348 40 19 out
92 4347 123 27 buildings,
250 4348 65 21 Price
328 4348 54 26 only
391 4349 61 20 .£SOO
466 4355 45 21 any
520 4355 59 15 reas-

42 4385 81 19 onable
132 4385 70 20 terms
208 4385 80 26 given.

71 4432 48 20 Our
128 4433 51 21 List
193 4432 24 21 of
228 4432 78 22 Farms
316 4432 36 22 for
362 4433 52 21 Sale
429 4435 52 20 sent
489 4433 48 22 free
551 4439 30 15 on

43 4470 143 27 application.
