3300 4360
639 2656 123 17 VISITORS'
776 2655 55 18 LIST.

651 2715 82 19 Geysek
748 2717 78 18 Hotel.

546 2745 105 20 Mosdames
661 2747 97 23 Williams,
775 2746 87 22 Lundon,
881 2747 71 25 Mater,

522 2768 117 24 tVpllington
650 2768 3 26 :
679 2768 73 26 Bayles.
780 2772 56 17 Baird
859 2773 81 17 Victoria
949 2768 3 26 ;

523 2791 56 25 Kelly
599 2794 109 18 N.S.Wales
714 2800 7 18 j
747 2792 104 26 Robj'ohns,
877 2794 75 24 Cowefl,

523 2815 70 21 Snach,
616 2816 75 20 Stiibbs,
711 2818 81 22 Napier;
807 2818 66 23 Boyes,
891 2820 51 17 Auck-

523 2840 56 21 land;
593 2840 80 22 Zohrab,
808 2841 75 19 Meikle.
899 2843 41 17 Dun-

522 2863 49 17 edin.
604 2863 66 18 Misses
678 2863 74 23 Bayles.
762 2862 93 26 Victoria;
874 2864 78 23 French,

522 2887 76 22 Napier.
628 2887 70 16 Messrs
715 2884 98 25 Williams,
831 2885 121 25 Wellington;

522 2909 111 22 Mactavish,
659 2909 76 21 Meikle,
761 2908 99 27 Dunedin;
889 2912 63 23 Kolly,

522 2933 120 20 N,S.Wales;'
667 2934 104 22 Royjohns,
790 2934 69 21 Roach,
877 2931 75 25 Stubb's,

521 2956 81 24 Napier:
624 2957 102 18 Chalmers,
740 2957 75 23 Hodge,
837 2958 61 20 Baird,
910 2959 33 17 Vic-

522 2979 47 17 toria
594 2978 84 20 Gamier,
696 2978 82 23 Franco.;
799 2981 89 20 Baosslor,
907 2982 36 17 Ger-

521 3008 67 16 many;
608 3000 66 22 Pcako,
688 3003 28 17 W.
738 3004 93 17 Australia
839 3008 5 16 ;'
865 3002 87 23 Bennett,

521 3026 89 18 Thames;
625 3026 118 20 Erkenstein,
757 3024 80 24 Zohrab,
851 3025 101 25 England;

522 3048 66 21 Smith,
599 3049 104 17 Auckland.

586 3104 87 17 Brest's
686 3104 112 18 Bathgate
810 3103 77 20 House.

545 3132 104 20 Mesdamos
658 3133 99 21 McEnr,is,
764 3133 58 24 Back,
829 3137 66 20 Baker,
903 3137 38 17 Wel-

521 3157 74 23 lington
602 3157 4 23 ;
616 3159 72 21 Withy,
698 3159 68 19 Smith,
776 3159 56 19 Pino,
840 3160 112 20 McDonald,

521 3181 97 17 Auckland
628 3180 4 23 ;
659 3180 102 23 Langrige,
783 3183 70 16 Nelson
864 3180 3 23 ;
882 3180 62 22 Enarol-

521 3204 70 21 brecht,
610 3204 17 18 S.
644 3205 97 17 Australia
750 3204 4 25 ;
777 3205 112 24 Snodgrass,-
905 3207 37 17 Tau-

522 3232 68 16 langa;
613 3227 81 22 Roacne,
710 3227 101 23 Greytown
822 3225 3 25 ;
846 3225 108 25 Chambers,

522 3250 112 21 Cambridge
641 3249 3 22 ;
658 3249 112 20 Buektrout.
782 3252 80 17 Svdnov.
888 3253 66 18 Misses

523 3273 78 17 Siddeßs
609 3272 32 25 (2).
648 3274 66 16 Baker.
724 3271 98 20 MoEmiis.
833 3276 121 21 WolhWtnn;

523 3295 87 21 Graham,
628 3295 100 23 Corcoran,
747 3295 108 23 Auckland;
874 3299 80 19 Roache,

523 3319 106 22 Greytown.
655 3318 28 19 t)r
692 3321 79 20 R'tissell,
790 3321 75 18 Ireland
875 3318 4 23 ;
893 3322 61 17 Lieut.

523 3342 39 17 Col.
571 3340 91 22 Eilisdon,
672 3344 122 19 Melbourne;
806 3345 68 16 Messrs
884 3345 70 21 Withy,

522 3365 80 22 Harper,
612 3364 82 21 Hunter,
705 3367 63 22 Major
778 3365 54 23 Pi'rio,
841 3366 115 23 McDonald,-

523 3389 97 20 Corcoran,
628 3390 98 16 Auckland
734 3389 3 23 ;
752 3390 133 22 Engelbrecht,
896 3392 60 17 South

523 3412 99 20 Australia;
637 3413 59 20 Price,
707 3410 94 24 England;
809 3413 46 19 Cox.
862 3412 92 23 Fletcher,

523 3435 111 20 Alexander,
644 3436 82 22 Sydney;
734 3436 102 19 Chambers
843 3436 113 22 Cambridge

523 3455 97 24 PengalTy,
628 3458 84 18 Victoria
719 3455 3 27 ;
737 3460 27 16 Dr
773 3460 77 20 Martin,
861 3461 95 21 Dunedin;'

524 3481 57 23 Right
588 3481 44 17 Rev.
643 3481 159 24 Bishop'Verdon,
815 3484 93 17 Dunedin.

656 3526 43 19 The
712 3529 110 18 Laxoham.

547 3558 104 18 Mesdamos
660 3559 72 23 Bibley.
743 3558 129 25 Hawkesßny
880 3558 4 25 ;
907 3559 36 19 Tur-

524 3581 38 21 pin,
584 3580 115 22 Stratnioro;
724 3583 96 22 Handler,
851 3584 104 19 Auckland.

524 3605 66 17 Misses
608 3602 87 25 Beading
703 3605 33 24 (2),
759 3606 97 23 Katikati;
877 3608 78 19 Tunnel,

525 3627 121 18 Stiathinore.
684 3625 70 22 Messro
780 3631 73 21 Bibley,
874 3631 82 17 Hawkes

525 3650 39 22 Bay
574 3648 4 25 ;
592 3648 76 23 Tnrpin,
675 3652 78 20 Tunnel,
764 3652 126 21 Stiathinore;
902 3654 41 17 Han-

524 3672 37 23 ley,
589 3674 109 21 Auckland;
729 3676 92 21 Peaking,
856 3677 99 21 Katikati;

525 3696 87 21 Jackson,
622 3697 77 21 Martin,
714 3699 96 17 Maiuaku.

624 3740 58 21 Lake
695 3744 71 18 House
778 3745 77 19 Hotel.

549 3774 104 17 Mesdamos
677 3775 66 22 Parry,
766 3774 78 20 Loudon
852 3774 3 24 ;
878 3777 65 17 McCul-

526 3796 56 24 lough
590 3798 35 16 and
635 3799 38 16 two
688 3799 88 20 children,
788 3798 108 21 Auckland:
912 3801 33 16 Bal-

525 3826 44 15 mor,
588 3820 127 18 Switzerland.
748 3822 46 17 Rev.
810 3824 53 19 Paul,
888 3824 68 17 Messrs

526 3841 81 21 Rohson,
637 3841 99 25 England;
762 3846 79 20 Malony
858 3846 37 18 and
923 3852 33 12 son

526 3866 117 18 Queensland
653 3864 3 28 ;
683 3864 108 28 Blacklpck,
826 3867 116 24 Wellington
952 3864 4 28 :

526 3888 52 19 Got*.
588 3887 98 24 Tauranga
696 3887 4 24 ;
710 3888 112 23 Dickenson.
841 3890 59 19 Elliot,
919 3893 37 16 and

526 3918 38 12 son,
572 3909 94 23 O'Mooro,
677 3911 55 21 Halo.
741 3914 50 17 Hon.
801 3915 155 23 WMcCullough

526 3934 109 22 Auckland;'
653 3936 122 20 Richardson,
787 3935 24 19 To
824 3939 62 19 Puke;
907 3937 37 19 Her-

526 3955 40 22 ri'es,
576 3956 25 19 To
608 3957 73 22 Aroha;
696 3958 81 22 Bal'nier,
785 3961 75 20 Bornet,
870 3961 76 18 Switzer-

526 3981 49 17 land.

660 4029 83 17 MOKOIA
756 4027 66 20 VIEWV

550 4055 68 21 Messrs
637 4058 98 22 Cuiniiion,
749 4060 46 17 New
813 4062 59 17 South
882 4062 61 18 Wales
952 4055 3 27 ;

527 4081 91 22 Simpson,
629 4083 97 16 Auckland
734 4081 3 26 ;
745 4084 74 18 Morris,
827 4083 118 24 Canterbury
952 4081 3 26 ,

526 4104 51 17 Parr.
601 4105 73 17 Tiniaru
682 4104 3 26 ;
700 4104 63 22 Wells,
778 4107 46 17 New
841 4107 114 23 Plymouth;

525 4127 124 22 Kensington,
660 4129 87 17 Dunedin
757 4127 6 27 ;'
770 4128 64 24 Sykcs,
844 4127 111 27 \Vangarei;

525 4150 66 19 Smith,
601 4151 116 18 Melbourne.

1154 141 79 18 BIRTH.

1003 187 102 18 Fox.—At
1118 188 89 19 Botorua,
1223 194 24 10 on
1263 188 33 17 the
1312 188 43 17 16th
1369 188 44 19 ixvst,

980 211 31 17 the
1020 211 43 17 wife
1072 211 21 17 of
1101 211 25 17 H.
1137 210 18 18 J.
1166 211 46 19 Fox,
1223 211 20 17 of
1255 217 12 11 a
1273 211 101 23 daughter.

980 269 56 23 THE
1055 269 56 23 HOT
1130 269 94 23 LAKES
1243 269 170 23 CHRONICLE

1168 309 56 12 AND

1083 335 107 19 Tourists'
1207 335 184 25 Journal.

979 399 171 19 WEDNESDAY,
1161 399 144 19 NOVEMBER
1315 401 26 19 18,
1362 401 51 17 1896.

1002 460 60 18 THE
1082 459 61 19 HOT
1165 461 103 19 LAKES
1287 461 108 19 CHRONI-

979 492 58 18 CLE
1114 492 23 19 in
1153 493 78 18 future
1246 494 29 18 be
1289 494 123 23 published

980 529 30 13 on
1018 524 121 23 Saturday
1147 525 119 23 mornings
1276 525 25 19 in
1309 526 66 22 place
1389 525 27 18 of

979 555 153 24 Wednesday
1155 557 128 18 afternoon.
1313 558 47 18 The
1378 562 24 14 ar-

981 588 153 21 rangements
1156 588 46 18 will
1224 593 134 14 commence
1382 594 31 13 on

980 618 119 23 Saturday
1116 619 132 19 November
1272 621 64 17 28th.
1366 620 32 18 Ad-

978 649 152 20 vertisments
1137 651 104 19 received
1249 657 33 18 up
1287 652 26 18 to
1320 652 29 18 10
1357 658 54 17 p.m.

980 687 30 12 on
1020 681 87 24 Friday
1115 682 73 23 night.

1003 734 32 16 Mr
1049 734 29 17 W.
1089 734 26 17 11.
1129 734 82 23 Herries,
1226 736 42 16 who
1277 736 15 17 is
1305 736 109 21 contesting

979 756 38 17 this
1026 756 107 22 electorate,
1143 758 33 17 has
1190 759 45 17 been
1250 758 56 23 again
1324 759 89 17 returned

979 786 20 10 as
1009 786 35 10 one
1054 781 19 15 of
1079 781 32 16 the
1117 782 110 17 councillors
1237 783 29 15 for
1273 782 33 16 the
1315 782 25 16 Te
1350 782 62 17 Arohn

978 802 64 23 riding
1051 803 20 17 of
1080 803 31 18 the
1120 805 59 16 Piako
1188 806 75 20 county.
1296 805 32 17 Mr
1336 805 77 18 Horries

979 826 15 16 is
1002 827 104 22 extremely
1119 828 79 22 popular
1206 828 20 17 in
1241 828 43 17 that
1292 829 43 21 part
1344 828 21 17 of
1380 828 33 17 the

977 849 108 18 electorate.

1003 878 82 20 Mcssers
1106 882 21 17 T.
1145 882 52 18 Cook
1214 882 36 17 and
1261 882 36 17 Son
1315 889 98 10 announce

979 903 43 17 that
1031 904 47 22 they
1094 911 32 11 are
1143 905 90 22 prepared
1242 907 19 15 to
1270 911 80 16 arrange
1365 906 48 22 trips

979 928 19 16 to
1007 927 26 17 all
1048 927 32 17 the
1098 929 60 21 sights
1174 929 19 16 in
1207 929 31 17 the
1256 929 156 22 neighbourhood

977 950 39 17 and
1023 950 47 18 both
1077 956 88 18 passages
1171 953 20 16 to
1197 952 116 22 Wellington
1322 952 60 17 either
1388 952 25 22 by

979 973 32 17 the
1026 974 149 23 Taupo-Napier
1191 981 20 10 or
1234 975 107 23 Wanganui
1364 976 49 17 river

977 997 60 17 route.

1003 1028 70 17 Messrs
1082 1028 75 19 Kusabs
1163 1030 89 17 Brothers
1260 1030 36 16 call
1304 1030 108 17 fortonders

979 1050 30 18 for
1017 1051 33 17 the
1061 1052 82 18 erection
1151 1053 20 17 of
1188 1054 83 21 cottages
1288 1053 18 16 in
1324 1053 33 16 the
1370 1059 42 11 new

977 1074 59 18 town.

1000 1106 40 17 'i'lie
1055 1107 94 16 treasurer
1157 1108 20 16 of
1184 1108 32 16 the
1224 1108 79 18 .Library
1309 1106 68 19 desires
1393 1110 19 14 to

978 1129 135 22 acknowledge
1122 1130 32 19 tlio
1162 1130 69 22 receipt
1240 1130 21 17 of
1275 1130 22 17 .£'l
1318 1130 48 18 from
1383 1131 30 17 Mr

977 1151 78 19 Herries
1073 1159 19 11 as
1107 1160 10 10 a
1132 1153 88 17 donation
1240 1155 20 15 to
1275 1154 32 16 the
1325 1154 88 23 building

977 1174 53 18 fund.

1002 1207 33 17 Six
1051 1207 77 22 degrees
1142 1209 20 16 of
1174 1209 47 16 frost
1234 1214 38 11 was
1286 1209 89 17 recorded
1393 1211 20 15 at

977 1230 33 16 the
1019 1231 117 17 sanatorium
1144 1237 24 11 on
1177 1231 84 21 Monday
1272 1231 63 22 night.
1360 1233 39 17 Dur-

977 1253 34 20 ing
1019 1254 33 16 the
1061 1254 36 21 day
1115 1254 31 17 the
1160 1254 133 17 thermometer
1308 1256 104 22 registered

981 1277 31 15 122
1022 1277 78 26 degrees
1108 1277 19 17 in
1137 1278 32 17 the
1179 1284 34 10 sun
1227 1277 86 22 showing
1327 1284 12 11 a
1353 1284 59 17 range

980 1299 20 17 of
1009 1294 66 28 nearly
1085 1300 33 17 100
1128 1300 75 23 degrees
1213 1298 19 19 in
1242 1301 31 16 the
1282 1301 22 17 24
1312 1297 62 22 Lours.

1000 1331 40 17 The
1049 1331 85 17 Rotor'tia
1147 1332 90 16 Amateur
1250 1332 98 18 Dramatic
1364 1334 48 17 Club

978 1353 69 18 desires
1057 1356 19 15 to
1085 1355 67 17 tender
1169 1355 24 17 its
1209 1355 90 17 thanksto
1308 1356 31 17 Mr
1352 1357 48 17 Boul-

978 1377 32 16 ton
1021 1377 20 17 of
1051 1377 32 18 the
1098 1377 64 18 Grand
1171 1378 57 17 Hotel
1244 1379 29 16 for
1281 1379 30 17 his
1325 1379 87 19 kindness

977 1400 19 17 in
1005 1400 79 23 lending
1097 1401 60 17 chairs
1172 1401 92 18 furniture
1278 1402 39 21 &c.,
1333 1403 30 17 for
1379 1404 33 17 the

977 1424 130 21 performance
1115 1424 21 17 of
1143 1424 31 17 the
1184 1424 132 22 Shaughraun.

1058 1451 62 27 £SO,
1138 1451 59 27 £lO,
1212 1452 58 28 £lO,
1287 1452 43 26 £5.

978 1482 64 19 Given
1054 1490 57 18 away
1121 1484 31 18 for
1163 1491 10 10 n
1184 1484 65 24 single
1257 1491 67 16 guess.
1358 1487 53 18 Send

977 1511 67 22 stamp
1054 1509 32 18 for
1096 1510 118 24 particulars
1224 1510 40 19 and
1279 1511 96 20 circulars
1391 1516 20 15 to

977 1534 44 19 Box
1035 1535 110 24 170,J1'.0.,
1160 1536 129 25 Wellington.

1001 1565 102 18 Reference
1116 1569 21 14 to
1150 1572 11 11 a
1174 1567 106 23 paragraph
1299 1568 62 18 which
1377 1575 23 16 ap-

977 1589 69 22 peared
1062 1589 18 16 in
1090 1586 86 25 Friday's
1184 1590 40 22 Bay
1233 1591 23 21 of
1269 1591 65 23 Plenty
1352 1592 59 19 Times

977 1612 72 22 stating
1057 1612 44 17 that
1109 1613 31 17 Mr
1148 1610 104 20 Whitcome
1263 1614 15 17 is
1292 1617 34 14 not
1330 1614 71 19 benefit-

976 1635 34 21 ing
1018 1635 25 22 by
1053 1635 32 17 the
1093 1635 56 18 baths
1158 1636 43 17 here
1209 1637 38 16 and
1252 1637 42 17 that
1303 1638 24 16 ho
1335 1638 15 17 is
1360 1640 19 15 to
1388 1639 23 17 be

977 1658 56 17 taken
1050 1658 47 17 back
1113 1661 20 15 to
1147 1659 100 23 Tauranga
1258 1661 31 16 Mr
1305 1661 106 19 Whitcoine

976 1680 50 23 jujir.
1036 1687 74 12 assures
1118 1688 21 11 us
1154 1682 42 17 that
1209 1683 29 17 his
1252 1684 63 17 father
1323 1685 14 16 is
1354 1686 57 17 much

976 1705 97 21 improved
1082 1705 50 17 since
1140 1706 28 16 his
1177 1706 67 17 arrital
1253 1707 37 17 and
1299 1708 33 17 has
1341 1713 25 12 no
1374 1709 24 16 im-

976 1727 81 18 mediate
1064 1728 93 17 intention
1172 1729 20 17 of
1205 1730 99 23 returning
1318 1732 19 16 to
1351 1732 48 17 Taur-

977 1756 55 15 anga.
1054 1751 34 17 Wo
1096 1752 37 17 feel
1141 1758 42 11 sure
1192 1753 41 16 that
1242 1753 45 17 both
1298 1754 32 17 the
1339 1755 40 22 Boy
1391 1756 23 19 of

977 1774 65 22 Plenty
1069 1774 11 17 '1
1085 1780 42 12 imes
1154 1776 37 16 and
1215 1776 30 17 Mr
1276 1777 135 18 Whitcombfe's

976 1797 71 17 friends
1053 1797 19 17 in
1082 1798 100 23 Tauranga
1191 1799 37 17 will
1244 1800 24 16 be
1282 1800 45 22 glad
1344 1802 20 16 to
1381 1807 30 12 see

976 1820 36 17 this
1023 1821 143 18 contradiction.

1063 1852 111 18 WOLFE'S
1184 1853 138 19 SCHNAPPS.

976 1905 19 16 Is
1003 1905 122 18 harmonious
1134 1906 18 17 in
1162 1907 128 22 composition,
1301 1908 37 17 and
1347 1908 52 18 there-

976 1927 39 18 fore
1024 1927 105 23 preferable
1139 1931 19 16 to
1167 1930 54 17 those
1233 1931 101 17 medicines
1348 1932 61 17 which

976 1952 76 16 contain
1068 1952 75 23 jarring
1168 1953 95 18 elements.
1295 1955 78 17 Bewure
1390 1956 21 16 of

976 1974 110 17 imitations.

1067 2022 45 21 THE
1127 2022 166 21 SHAUGHRAUN.

1000 2072 38 16 The
1048 2072 86 17 Rotorua
1146 2074 90 17 Amateur
1248 2074 98 19 Dramatic
1362 2076 49 17 Club

976 2101 43 16 may
1028 2095 24 17 be
1064 2096 59 21 safely
1139 2096 143 23 congratulated
1299 2104 23 11 on
1339 2099 72 23 having

976 2118 54 17 made
1039 2124 12 11 a
1061 2120 49 16 most
1119 2120 100 16 successful
1228 2121 57 17 del/id.
1310 2121 39 18 The
1366 2128 33 17 pro-

977 2142 77 16 duction
1063 2142 19 16 of
1094 2142 45 17 such
1153 2149 11 10 a
1176 2143 45 21 play
1237 2149 20 12 as
1274 2144 49 17 Dion
1341 2145 59 18 Botici-

977 2164 51 18 catftt
1035 2169 8 13 s
1073 2163 126 24 Shaughwrnn
1228 2173 22 10 on
1261 2172 10 11 a
1280 2168 53 22 stage
1349 2164 60 22 wilich

976 2187 14 17 is
1000 2187 45 22 only
1054 2188 72 16 termed
1135 2194 20 11 so
1169 2188 26 23 by
1206 2191 91 20 courtesy,
1313 2192 97 22 naturally

976 2211 99 22 presented
1095 2217 58 15 many
1173 2211 111 22 difficulties,
1306 2214 35 17 but
1358 2215 52 17 these

976 2240 48 11 were
1033 2234 138 22 triumphantly
1181 2239 95 14 overcome
1285 2237 37 17 and
1339 2237 32 18 the
1380 2244 20 11 re-

976 2257 38 17 sult
1023 2260 39 14 Svas
1070 2257 33 17 tho
1108 2259 125 20 presentation
1245 2260 20 16 of
1270 2259 32 18 the
1309 2263 100 21 evergreen

976 2281 65 15 drama
1050 2281 19 16 in
1078 2286 12 10 a
1098 2281 57 21 shape
1165 2282 58 16 which
1233 2284 51 16 must
1292 2283 47 17 have
1354 2285 46 17 satis-

976 2303 36 17 fied
1021 2303 33 17 the
1063 2304 68 17 author
1137 2304 14 17 if
1160 2304 28 17 his
1203 2305 63 21 shade,
1277 2312 20 11 or
1314 2307 65 21 spook,
1390 2314 21 11 or

976 2326 91 17 mahatua
1080 2332 38 12 saw
1123 2326 23 18 fit
1156 2328 20 17 to
1182 2328 65 18 retisit
1251 2329 33 17 the
1293 2330 90 22 glimpses
1392 2332 19 16 of

976 2350 32 16 the
1017 2354 55 12 moon
1083 2356 23 11 on
1116 2350 32 17 the
1162 2352 37 15 two
1207 2352 66 21 nights
1282 2353 18 17 in
1316 2355 93 20 question.

977 2373 21 17 In
1009 2373 67 20 regard
1084 2374 20 16 to
1113 2374 32 16 the
1284 2377 19 15 of
1317 2377 31 16 the
1365 2377 44 22 play

976 2397 32 16 the
1017 2394 49 19 Club
1074 2397 15 16 is
1098 2397 55 16 much
1167 2397 88 18 indebted
1269 2400 19 15 to
1301 2399 32 18 Mr
1345 2399 65 20 James

977 2418 45 19 Reid
1032 2420 20 16 of
1065 2420 98 17 Hamilton
1177 2420 42 18 who
1233 2421 66 21 kindly
1315 2429 52 12 came
1383 2430 26 16 up

977 2443 36 16 and
1022 2442 81 18 relieved
1112 2443 31 17 Mr
1151 2444 65 21 Mayes
1225 2444 20 17 of
1253 2444 32 18 the
1294 2450 63 19 major
1365 2453 33 16 por-

976 2467 40 16 tion
1025 2466 20 17 of
1059 2466 28 17 his
1101 2467 73 16 trouble
1187 2467 18 16 in
1220 2469 109 17 connection
1346 2470 53 17 there-

977 2490 51 15 with.
1054 2489 39 16 The
1103 2490 100 17 orchestral
1212 2494 141 18 arrangements
1361 2499 48 12 were

976 2512 39 17 also
1023 2517 46 17 very
1077 2513 72 21 perfect
1162 2514 35 16 and
1212 2513 62 18 reflect
1290 2516 32 16 the
1338 2518 72 17 utmost

977 2535 58 17 credit
1044 2542 24 10 on
1076 2536 33 16 Mr
1117 2536 46 16 Alex
1177 2537 68 17 Mrtnro
1260 2538 41 17 who
1317 2540 44 16 with
1377 2540 32 17 the

976 2558 31 18 aid
1016 2559 20 16 of
1044 2563 37 12 one'
1089 2565 21 10 or
1118 2561 37 15 two
1165 2559 70 18 brasses
1247 2559 106 20 undertook
1367 2561 42 20 that

976 2584 41 20 part
1027 2582 20 17 of
1056 2582 31 17 the
1100 2582 150 19 entertainment.
1277 2585 32 16 We
1323 2585 47 18 have
1384 2592 26 12 no
1410 2582 2 22 1

977 2605 59 17 doubt
1049 2605 43 17 that
1105 2611 11 11 a
1127 2605 83 22 stringed
1224 2607 96 18 orchestra
1333 2610 39 16 will
1386 2610 27 17 be,

977 2625 98 26 gradually
1107 2629 76 17 evolved
1219 2630 19 16 hi
1263 2631 41 17 face'
1329 2632 21 17 of
1377 2633 33 17 the

976 2651 92 21 necessity
1078 2651 60 18 which
1152 2653 56 16 exists
1223 2653 29 17 for
1268 2655 45 16 such
1329 2656 37 16 and
1384 2657 25 19 by

976 2675 33 16 the
1023 2674 45 17 time
1082 2674 42 17 that
1137 2675 32 17 the
1183 2676 47 17 Club
1243 2674 63 21 mates
1323 2678 24 17 its
1364 2681 46 16 nefct

976 2703 116 17 appearance
1109 2698 62 17 before
1188 2698 31 18 the
1235 2700 64 21 public
1315 2702 38 17 this
1372 2703 37 17 will

976 2721 95 16 doubtless
1080 2721 24 16 be
1112 2727 24 11 an
1145 2722 135 22 accomplished
1296 2724 44 18 fact,
1370 2723 40 20 'the

976 2745 141 20 arrangements
1127 2745 29 16 for
1164 2744 32 17 the
1204 2739 74 28 seating
1286 2747 20 17 of
1314 2748 32 16 the
1355 2749 44 17 audi-

976 2773 44 11 ence
1030 2773 47 11 were
1086 2767 18 17 in
1115 2767 31 18 the
1155 2768 59 17 hands
1223 2769 19 16 of
1250 2770 70 17 Messrs
1329 2771 79 21 Burton,

977 2790 89 21 Fordyce,
1078 2791 84 19 Webber,
1178 2791 75 17 IVfham
1271 2793 37 17 and
1326 2786 82 28 Francis!

976 2813 36 17 and
1023 2813 44 22 they
1082 2818 47 12 were
1146 2816 48 15 most
1210 2815 98 19 assiduous
1324 2817 19 17 in
1361 2818 49 18 thflir

976 2837 93 16 attention
1087 2838 19 15 to
1123 2836 66 19 details
1203 2838 60 17 which
1278 2845 31 11 are
1326 2840 35 17 but
1378 2843 32 15 too

977 2859 108 22 frequently
1094 2859 103 23 neglected.

999 2883 20 16 It
1035 2881 63 19 would
1115 2882 23 18 be
1155 2885 155 23 supererogatory
1327 2887 20 16 fo
1364 2892 46 13 even

977 2905 71 18 outline
1057 2905 32 17 the
1097 2905 42 23 plot
1148 2906 19 17 of
1176 2912 19 11 so
1205 2907 122 19 well-known
1341 2916 11 10 a
1365 2911 45 22 play

976 2934 19 11 as
1005 2928 32 17 tho
1048 2930 13 7 "'
1227 2931 19 16 It
1255 2931 16 16 is
1279 2924 53 25 afine
1340 2933 58 18 whole-

976 2958 51 10 some
1036 2952 49 16 Irish
1101 2951 64 19 drama
1183 2953 19 17 of
1217 2952 32 19 the
1266 2954 143 20 Boucicaultian

976 2975 64 17 FC-hool
1048 2975 109 23 presenting
1165 2976 87 22 nrpicture
1257 2977 21 17 of
1283 2978 32 17 the
1315 2975 2 25 1
1327 2981 84 19 greatest

996 2998 86 22 pisantry
1098 2998 43 17 that
1157 3005 42 10 ever
1215 3006 37 11 was
1273 3001 64 17 reared
1358 3008 25 11 on
1400 3009 10 11 a

977 3021 75 17 fruitful
1062 3020 32 18 sod
1123 3022 47 20 who,
1181 3028 19 11 as
1211 3029 35 10 one
1255 3024 20 16 of
1284 3024 48 17 their
1346 3025 65 22 lyrists

976 3044 42 17 tells
1028 3050 28 12 us,
1066 3045 58 21 spend
1134 3045 49 16 their
1191 3045 44 17 time
1243 3046 20 16 in

1001 3067 3 25 '
1019 3067 85 22 Fightin'
1114 3067 36 18 like
1159 3067 54 19 divils
1222 3070 29 16 for
1260 3067 125 25 conciliation,

1000 3089 42 18 And
1052 3090 60 17 hiitin'
1122 3091 45 17 each
1176 3092 53 16 other
1243 3092 30 17 for
1287 3093 32 18 the
1335 3092 42 20 l'ote
1393 3096 17 16 o'

977 3137 55 16 From
1042 3136 32 18 the
1083 3137 45 16 time
1138 3137 20 16 of
1166 3137 32 17 the
1205 3138 60 22 rising
1274 3139 20 17 of
1299 3140 33 16 the
1338 3142 72 16 curtain

977 3161 19 16 to
1005 3159 32 18 the
1047 3159 33 17 fall
1090 3160 32 16 the
1131 3159 44 23 play
1184 3161 14 16 is
1207 3161 35 17 full
1252 3162 20 17 of
1288 3162 82 18 incident
1386 3165 25 17 all

976 3183 81 21 tending
1071 3184 19 15 to
1106 3183 32 16 the
1146 3184 113 17 vindication
1275 3185 20 16 of
1303 3186 61 17 virtu'e
1374 3188 37 17 and

976 3206 33 16 the
1018 3205 92 17 downfall
1118 3206 21 17 of
1148 3206 38 17 vice
1195 3206 19 17 in
1230 3207 32 17 tho
1277 3209 41 20 end,
1335 3210 37 17 and
1387 3217 24 10 on

977 3229 42 17 that
1028 3230 81 16 account
1116 3229 16 17 it
1141 3229 14 17 is
1164 3229 44 17 dear
1216 3231 20 16 to
1245 3231 32 17 the
1285 3231 55 18 heart
1348 3234 21 16 of
1379 3234 33 17 the

1083 3252 69 17 British
1170 3253 97 22 playgoer,
1299 3255 58 19 Conn,
1380 3257 32 17 tho

978 3276 71 16 central
1059 3274 59 24 figure
1128 3275 18 17 in
1161 3275 30 18 the
1191 3274 3 28 l
1205 3276 73 22 drama,'
1291 3284 38 11 was
1343 3279 68 23 played

977 3298 25 22 by
1012 3299 31 15 Mr
1052 3296 22 19 Cf.
1086 3298 27 17 W.
1123 3299 72 21 Mayes.
1226 3300 19 16 It
1261 3306 38 12 was
1317 3308 11 10 a
1344 3302 68 23 highly

979 3321 101 17 creditable
1089 3322 152 21 representation,
1252 3323 38 18 free
1306 3325 49 17 from
1370 3328 42 16 runt

978 3345 20 16 of
1014 3350 38 16 any
1061 3344 118 22 description,
1199 3346 36 16 and
1251 3346 76 24 leaving
1339 3354 24 11 on
1381 3349 31 17 tho

979 3367 61 17 minds
1050 3368 20 16 of
1078 3367 32 17 the
1119 3368 88 17 audience
1216 3375 11 10 a
1240 3368 59 19 desire
1311 3372 20 15 to
1345 3376 29 13 see
1387 3373 25 17 its

978 3392 94 20 exponent
1082 3391 19 15 in
1111 3391 53 16 other
1172 3393 59 20 parts.-
1255 3393 19 16 It
1283 3398 38 12 was
1330 3394 18 17 in
1359 3395 53 17 short

978 3420 10 11 a
998 3413 49 23 good
1057 3413 136 18 whole-souled
1202 3415 52 16 Conn
1263 3417 49 16 after
1321 3417 32 17 tho
1368 3420 33 20 pat-

977 3438 42 17 tern
1041 3436 20 17 of
1077 3436 33 17 the
1126 3438 131 17 actor-author
1273 3439 81 18 himself.
1388 3442 23 17 In

979 3460 80 21 Captain
1068 3460 98 17 Moliiicu*
1175 3460 30 17 Mr
1214 3462 22 16 A.
1246 3461 22 17 E.
1282 3462 55 18 Earls
1353 3464 59 17 fonnd

978 3484 62 21 apart
1054 3483 61 16 which
1130 3483 61 17 suited
1209 3484 38 17 him
1264 3485 37 17 like
1318 3485 32 17 the
1367 3490 33 19 pro-

978 3506 71 17 verbial
1059 3506 61 22 glove.
1146 3506 30 17 He
1189 3507 69 17 carried
1274 3508 75 18 himself
1366 3511 45 17 with

978 3535 24 11 an
1011 3534 50 17 easy,
1071 3529 119 19 ■non-'chalant
1199 3530 27 17 air
1239 3531 60 17 which
1315 3538 38 11 was
1368 3534 44 19 only

979 3551 125 22 occasionally
1117 3552 126 18 embarrassed
1252 3554 25 22 by
1292 3555 32 17 the
1335 3560 78 14 manner

978 3576 18 16 in
1006 3575 60 17 which
1076 3575 30 17 his
1115 3575 59 17 sword
1184 3577 62 16 would
1254 3580 58 14 assert
1318 3579 52 17 itseif
1377 3586 23 10 un-

978 3598 117 22 expectedly,
1104 3598 37 17 and
1155 3598 23 17 he
1194 3600 53 16 made
1261 3600 42 17 love
1317 3603 20 15 to
1352 3603 61 16 Claire

979 3622 87 16 Ffolliott
1075 3621 45 17 with
1130 3627 20 11 as
1159 3622 53 17 much
1223 3622 55 18 ardor
1286 3630 20 10 as
1324 3625 41 17 that
1381 3626 21 17 be-

979 3645 91 21 witching
1078 3644 52 22 piece
1139 3645 19 16 of
1167 3645 85 22 feminity
1261 3647 94 18 deserved.
1377 3647 36 19 His

978 3667 82 23 position
1069 3667 118 23 throughout
1198 3674 37 11 was
1244 3673 23 13 an
1277 3669 85 19 enviable
1371 3677 40 12 one.

979 3689 71 18 Father
1066 3690 80 21 Doolari,
1165 3691 32 17 the
1212 3692 63 21 parish
1293 3693 66 21 Priest,
1375 3700 37 12 was

979 3713 117 17 undertaken
1110 3714 24 21 by
1151 3714 31 17 Mr
1198 3714 19 18 T.
1235 3714 18 18 J.
1272 3716 79 21 Boland,
1370 3718 42 17 who

979 3736 84 17 divested
1077 3736 76 18 himself
1167 3737 20 17 of
1203 3738 42 16 that
1259 3740 66 21 strong
1341 3740 72 18 hirsute

979 3760 75 22 growth
1064 3760 61 17 which
1135 3760 33 17 lias
1177 3761 28 17 for
1220 3767 20 11 so
1255 3761 46 23 long
1318 3763 95 18 conduced

979 3785 19 15 to
1008 3782 55 18 make
1071 3783 39 17 him
1119 3789 34 11 one
1163 3784 19 16 of
1191 3784 31 17 tho
1237 3784 92 23 principal
1342 3787 60 17 attrac-

979 3806 49 17 tions
1037 3806 20 16 of
1066 3806 32 16 tho
1108 3807 46 16 local
1163 3807 41 22 post
1214 3807 61 18 office.-
1297 3805 37 21 His
1350 3814 38 13 was
1403 3817 10 10 a

980 3829 60 17 clever
1049 3829 116 23 assumption
1180 3830 20 17 of
1213 3831 32 17 tho
1259 3833 49 20 port,
1324 3832 35 17 but
1376 3833 37 17 this

980 3858 37 11 was
1026 3852 96 22 naturally
1125 3852 67 18 looked
1196 3853 29 18 for
1233 3853 19 18 in
1256 3859 35 13 one
1298 3855 41 17 who
1345 3856 68 22 spends

979 3881 10 11 a
999 3875 128 17 considerable
1139 3876 72 22 portion
1222 3878 19 16 of
1255 3877 29 17 his
1297 3883 54 17 spare
1368 3880 45 16 time

979 3898 19 16 in
1007 3898 33 17 tho
1049 3898 113 18 elucidation
1171 3900 20 16 of
1197 3899 110 23 theological
1316 3902 36 16 and
1359 3902 54 17 other

979 3921 169 23 problems—more
1162 3923 104 21 especially,
1275 3925 86 22 perhaps,
1382 3926 31 16 the'

979 3944 59 17 other.
1065 3944 31 17 Mr
1110 3945 20 16 0.
1148 3945 78 18 Bennett
1241 3942 18 21 ill
1274 3947 72 18 Robert
1359 3948 43 18 Ffol-

979 3967 44 17 liott
1031 3967 111 18 introduced
1151 3968 32 17 the
1192 3969 88 18 audience
1289 3972 19 15 to
1322 3977 10 10 a
1347 3977 66 17 young

979 3991 48 17 Irish
1038 3990 108 24 gentleman
1160 3991 78 18 without
1253 3997 11 12 a
1278 3994 56 21 spark
1348 3994 20 17 of
1380 3994 32 18 the

999 4014 44 16 divil
1071 4014 59 17 about
1139 4014 37 17 him
1186 4015 36 17 and
1231 4016 80 23 scarcely
1327 4023 11 11 a
1351 4017 29 17 bit
1393 4018 20 16 of

980 4036 32 18 the
1021 4036 78 22 brogue.
1123 4035 59 19 There
1195 4038 15 17 is
1224 4039 49 22 good
1287 4040 47 17 stuff
1345 4040 19 17 in
1381 4041 31 16 Mr

979 4060 87 19 Bennett,
1076 4059 91 23 however,
1177 4061 45 17 such
1228 4068 20 10 as
1255 4063 61 17 actors
1322 4068 30 12 are
1358 4064 54 16 made

979 4083 24 20 of,
1014 4082 38 18 and
1060 4083 15 17 if
1087 4083 29 17 his
1128 4084 128 21 performance
1270 4091 38 11 was
1322 4090 10 12 a
1349 4087 63 16 rather

980 4107 50 16 tame
1050 4111 35 12 one
1103 4106 15 17 it
1136 4112 36 12 was
1188 4113 45 11 even
1254 4108 38 17 and
1310 4109 102 18 consistent

979 4128 124 25 throughout.
1137 4128 59 25 Corry
1216 4130 92 18 Kinchela
1329 4132 39 23 (Mr
1388 4133 22 16 G.

979 4151 54 23 Parr)
1043 4158 37 11 was
1090 4158 20 11 as
1118 4153 98 18 undiluted
1230 4160 10 11 a
1249 4155 93 19 specimen
1351 4155 20 18 of
1379 4156 32 16 the

1435 142 54 22 stage
1498 140 65 18 villian
1572 146 20 12 as
1597 146 35 16 pan
1637 141 24 18 bo
1668 147 43 12 soon
1718 147 24 12 on
1749 147 25 12 an
1780 141 89 19 ordinary

1435 164 95 22 Saturday
1538 162 72 25 night's
1618 165 66 17 travel.
1710 165 31 16 He
1749 170 38 11 was
1796 170 10 11 a
1815 160 54 26 great

1435 187 112 22 acquisition
1556 189 20 15 to
1589 187 33 17 the
1635 193 93 17 company
1742 183 38 21 trnrl
1793 190 51 20 gave?
1858 192 11 10 a

1435 211 49 16 most
1493 210 101 18 creditable
1600 211 145 22 interpretation
1751 211 20 17 of
1780 211 32 17 the
1818 211 49 22 part.

1435 233 78 22 Harvey
1521 233 48 17 Duff
1576 239 37 11 was
1622 233 96 23 exploited
1726 233 26 23 by
1761 233 31 18 Mr
1806 233 21 18 C.
1844 233 23 17 A.

1435 256 67 18 Clurke
1511 256 37 17 and
1556 254 88 25 together
1650 258 52 17 these
1710 258 39 16 two
1761 257 107 23 gentlemen

1435 279 73 18 formed
1528 286 11 10 a
1555 280 84 22 precious
1655 280 42 22 pair
1713 280 21 18 of
1754 279 113 18 scoundrels.

1434 303 39 17 The
1481 303 106 22 subsidiary
1595 303 105 17 characters
1714 309 47 11 were
1775 299 52 25 filje'd
1843 303 26 21 by

1435 326 69 17 Messrs
1517 326 21 17 T.
1555 326 102 20 Henshavv,
1674 326 99 23 (Sergeant
1789 326 77 23 Jones);

1435 348 22 18 A.
1467 349 69 22 Brady.
1547 349 107 23 (Sullivan):
1664 349 130 20 MeCormack,
1801 349 66 22 Barry,

1435 372 66 17 lislier
1517 373 38 17 and
1570 373 84 17 Sinclair.
1680 373 24 17 In
1720 373 68 22 regard
1802 373 21 16 to
1836 373 32 16 the

1649 397 21 16 at
1682 396 34 17 the
1728 395 40 18 risk
1783 395 20 18 of
1811 395 58 23 being

1434 418 78 18 deemed
1520 419 96 18 intrusive,
1627 425 28 11 we
1663 419 39 17 will
1711 418 73 18 remark
1796 418 43 17 that
1844 425 24 10 no

1434 447 51 11 more
1494 442 117 22 captivating
1619 442 114 22 pourtroyef
1738 442 19 17 of
1762 442 80 21 Ihepatt
1849 442 20 16 of

1434 465 61 17 Claire
1504 465 87 17 Ffolliott
1599 465 47 17 than
1658 465 47 17 Miss
1719 465 61 17 Tottie
1797 465 71 17 Martin

1434 487 33 17 has
1477 494 42 11 ever
1528 494 51 11 come
1588 488 60 17 under
1656 494 35 11 our
1699 488 125 17 observation.
1849 487 20 18 If

1434 511 15 16 it
1458 511 21 20 is,
1489 517 21 10 as
1517 517 28 10 we
1553 517 31 12 are
1593 511 99 20 informed,
1699 512 33 16 the
1737 517 65 17 young
1808 510 60 22 lady's

1434 533 41 17 first
1495 540 116 15 appearance
1629 534 32 18 the
1678 534 104 18 excellence
1800 534 20 18 of
1836 534 32 19 the

1434 557 148 21 representation
1608 562 38 12 was
1674 559 50 15 most
1749 557 118 17 marvellous.

1434 580 47 17 Miss
1489 580 59 17 Louie
1557 580 71 17 Martin
1628 580 1 18 1
1641 585 19 12 as
1674 581 47 16 Arte
1735 580 81 18 O-'Ne'ale
1830 583 38 14 Was

1434 602 40 17 also
1488 603 106 21 admirably
1609 604 60 16 suited
1686 605 20 16 to
1722 604 34 17 her
1772 605 43 20 part
1831 603 37 17 and

1434 625 68 17 looked
1518 632 20 10 as
1552 626 41 16 nice
1608 632 19 11 as
1644 627 33 17 the
1694 627 112 17 sweetheart
1822 627 20 17 of
1858 633 10 10 a

1434 648 37 17 fine
1488 654 66 16 young
1573 649 48 17 Irish
1639 650 108 22 gentleirtan
1764 649 61 23 ought
1841 650 26 17 to.

1434 671 41 17 Mrs
1484 672 81 21 O'Kelly
1578 677 38 12 was
1629 668 20 21 in
1663 673 32 16 the
1709 673 61 16 hands
1787 674 19 16 of
1822 673 47 19 Miss

1434 694 59 17 Louie
1503 694 84 23 Seabury
1596 695 37 17 and
1642 696 15 16 it
1665 696 15 16 is
1696 696 93 17 sufficient
1802 696 21 18 to
1836 700 32 18 say

1434 717 42 17 that
1491 717 32 17 the
1537 718 89 17 audience
1641 719 81 17 testified
1740 721 18 15 to
1772 719 49 17 their
1834 725 22 16 ap-

1434 741 102 21 preciation
1546 741 20 16 of
1574 741 32 16 the
1612 742 85 17 actress's
1707 743 66 17 Brents
1780 743 28 16 far
1818 747 51 12 more

1434 764 135 21 emphatically
1577 764 46 16 than
1632 770 28 12 we
1668 771 34 10 can
1709 766 19 15 in
1735 766 41 17 cold
1782 765 87 22 printer's

1434 786 39 17 ink.
1498 787 47 17 Miss
1557 787 43 22 Lily
1614 787 95 18 Hutchins
1723 794 38 11 was
1777 788 90 23 perfectly

1434 811 21 14 at
1463 809 55 18 home
1526 810 20 16 in
1555 810 32 17 the
1595 812 44 20 part
1648 811 19 17 of
1676 811 66 23 Moya;
1754 812 38 16 and
1804 817 21 11 as
1833 817 34 11 one

1434 832 21 17 of
1463 832 32 17 the
1507 833 71 17 central
1595 833 69 22 figures
1679 835 20 16 of
1716 835 31 16 the
1764 835 51 21 piece
1832 834 36 17 had

1435 861 56 16 many
1500 856 45 16 calls
1554 856 54 17 made
1619 862 51 16 upon
1682 858 34 16 her
1729 859 19 15 to
1763 858 60 17 whi&li
1836 858 33 16 she

1434 879 103 21 responded
1547 881 49 15 most
1603 879 50 22 ably.
1679 881 40 17 One
1728 883 22 15 or'
1761 879 38 19 two
1815 881 54 17 other

1434 907 66 17 young
1509 901 57 18 ladies
1572 903 39 16 lent
1618 904 49 16 most
1674 900 87 21 valuable
1769 904 100 17 assistance

1434 924 37 17 and
1481 925 56 16 taken
1600 926 37 17 and
1728 933 20 10 as
1757 926 32 18 the
1804 927 66 17 sailor*?

1434 953 39 16 say,
1483 948 16 16 it
1508 954 37 11 was
1554 954 21 11 as
1584 948 83 18 effective
1675 950 38 16 and
1726 950 71 17 artistic
1806 955 11 13 a
1825 956 32 15 per-

1434 971 95 17 formance
1538 978 21 10 as
1568 977 43 11 ever
1620 978 50 11 came
1679 973 49 17 from
1740 973 31 17 the
1780 973 59 17 hands
1849 973 20 17 of

1434 999 23 11 an
1467 996 86 15 amateur
1562 995 91 17 dramatic
1662 1002 92 16 company
1757 995 4 23 <

1458 1017 55 17 After
1533 1018 32 17 the
1582 1018 129 23 performance
1729 1025 23 12 on
1775 1018 92 23 Saturday

1434 1040 56 21 night
1500 1041 31 16 the
1541 1046 49 18 corps
1604 1042 113 23 dramatique
1730 1042 103 18 assembled
1848 1043 20 17 nt

1434 1063 31 16 the
1475 1063 51 17 Lake
1533 1064 66 17 House
1607 1065 64 20 Hotel,
1684 1065 63 18 where
1761 1066 59 16 under
1836 1066 32 16 the

1434 1087 83 21 auspices
1534 1088 21 16 of
1571 1088 31 17 Mr
1622 1088 38 17 and
1676 1089 41 16 Mrs
1735 1089 102 21 Urquhart,
1857 1095 11 10 a

1435 1110 87 18 recherche
1531 1110 49 18 little
1590 1117 68 16 supper
1667 1117 38 12 was
1716 1112 70 17 served.
1812 1111 55 23 Capt;

1434 1133 52 17 licid,
1496 1133 43 17 who
1554 1134 37 16 had
1608 1135 53 16 acted
1668 1140 20 12 as
1702 1136 53 20 stage
1769 1141 96 16 manager,

1434 1161 38 11 was
1480 1156 19 17 in
1508 1156 32 17 the
1550 1157 57 19 chair,
1617 1158 36 16 and
1663 1164 11 10 a
1690 1159 86 21 pleasant
1783 1159 48 16 hour
1848 1163 20 13 or

1434 1185 19 9 so
1472 1185 36 10 was
1521 1181 56 21 spent
1591 1180 18 17 in
1620 1181 72 17 mutual
1706 1181 161 23 congratulations

1434 1202 36 16 and
1479 1202 19 17 in
1508 1203 125 22 anticipating
1642 1204 63 17 future
1720 1204 100 21 triumphs.

1491 1256 53 17 THE
1557 1256 102 17 COMING
1672 1257 129 16 ELECTION.

1520 1302 35 17 Mr
1564 1302 99 18 Hermes'
1673 1304 100 17 Address.

1458 1333 14 16 A
1482 1333 52 22 large
1544 1333 37 18 and
1590 1334 116 23 thoroughly
1722 1335 145 22 representative

1433 1356 89 18 audience
1531 1357 103 18 assembled
1644 1364 18 10 in
1675 1357 32 18 the
1722 1358 86 18 Pukeroa
1821 1359 45 17 Hull

1434 1385 24 11 on
1467 1380 84 21 Monday
1560 1380 56 21 night
1629 1381 54 16 when
1698 1382 31 15 Mr
1743 1380 76 18 Homos
1833 1382 22 16 ad-

1433 1402 75 18 dressed
1517 1402 32 18 the
1558 1402 84 19 electors.
1667 1404 32 16 Mr
1712 1401 21 21 T.
1742 1404 18 17 J.
1772 1405 93 17 Robinson

1433 1432 39 10 was
1480 1426 19 16 in
1508 1426 31 16 the
1548 1426 52 18 chair
1608 1426 36 18 but
1652 1427 28 17 his
1690 1427 61 18 duties
1760 1434 47 10 were
1823 1429 19 15 of
1856 1434 10 10 n

1433 1449 122 23 perfunctory
1564 1449 96 19 character
1675 1455 19 13 as
1710 1450 16 18 it
1737 1456 39 13 was
1792 1451 73 18 evident

1434 1472 42 17 (hat
1483 1472 53 17 those
1545 1473 42 16 who
1598 1479 48 10 were
1659 1472 75 23 present
1750 1474 38 17 had
1804 1474 51 17 deter-

1434 1495 62 17 mined
1514 1497 19 15 to
1552 1496 60 16 afford
1628 1496 32 17 the
1677 1498 49 20 spea'
1734 1503 20 11 er
1770 1503 11 11 a
1794 1498 70 21 patient

1434 1518 84 23 hearing.
1544 1518 94 23 Amongst
1651 1519 33 17 the
1695 1520 89 17 audience
1801 1526 38 11 was
1856 1527 10 10 a

1433 1542 127 17 considerable
1569 1542 79 17 number
1656 1543 20 17 of
1684 1542 65 18 ladies*

1456 1564 32 18 Mr
1493 1564 83 22 Hemes,
1586 1566 49 16 after
1646 1566 57 22 being
1713 1564 88 25 formally
1806 1568 50 16 intro-

1433 1588 59 16 duced
1507 1587 25 23 by
1552 1588 31 18 the
1599 1588 107 20 Chairman,
1717 1590 61 16 stated
1793 1590 43 17 that
1851 1591 15 16 it

1433 1611 84 17 afforded
1525 1611 39 18 him
1574 1612 54 16 much
1639 1612 85 22 pleasure
1733 1613 17 16 in
1760 1613 65 22 seeing
1834 1615 33 16 the

1433 1634 83 22 recently
1524 1635 130 16 enfranchised
1663 1641 33 11 sex
1713 1641 20 11 so
1748 1637 40 17 well
1803 1643 52 17 repre-

1433 1658 65 16 sented
1507 1663 19 11 as
1535 1658 15 16 it
1559 1658 73 17 shewed
1642 1658 41 17 that
1695 1658 32 17 the
1744 1660 57 17 ladies
1818 1661 48 23 fully

1433 1681 118 21 appreciated
1561 1681 32 17 the
1602 1681 81 22 position
1696 1682 45 21 they
1755 1685 42 16 how
1811 1691 44 11 occu-

1432 1703 43 22 pied
1484 1703 19 18 in
1513 1705 77 16 matters
1606 1704 89 22 political.
1722 1705 30 18 He
1759 1707 36 17 had
1809 1708 57 17 asked

1433 1726 32 18 the
1474 1727 66 22 people
1550 1728 20 15 of
1578 1727 85 18 Rotorua
1677 1730 19 14 to
1709 1731 48 14 meet
1771 1730 37 20 him
1825 1731 40 19 that

1433 1750 80 21 evening
1524 1756 21 10 so
1559 1750 42 17 that
1616 1750 45 23 they
1674 1752 62 21 might
1752 1752 24 18 be
1788 1752 42 21 able
1846 1757 20 16 to

1432 1773 59 21 judge
1500 1773 20 17 of
1527 1773 29 17 his
1566 1773 63 17 fitness
1639 1775 19 16 to
1667 1778 95 18 represent
1779 1779 51 18 theftf
1847 1780 18 16 in

1433 1792 120 23 Parliament,
1565 1796 35 17 and
1611 1797 19 17 at
1640 1797 32 17 the
1680 1797 38 18 risk
1728 1798 20 17 of
1755 1799 58 24 being
1822 1809 33 11 con-

1432 1819 71 17 sidered
1513 1820 106 21 egotistical
1628 1820 24 17 he
1659 1827 48 16 gave
1716 1828 10 9 a
1736 1822 64 21 sketch
1809 1821 23 22 of
1837 1825 30 19 his

1432 1843 51 21 early
1492 1843 32 16 life
1534 1843 37 16 and
1583 1843 118 21 experiences
1710 1851 20 10 as
1744 1851 10 11 a
1766 1849 69 16 farmer
1846 1850 19 16 in

1433 1866 31 17 the
1478 1865 25 18 Te
1517 1866 62 17 Aroha
1600 1866 78 17 district.
1712 1868 31 16 He
1759 1868 106 21 considered

1432 1889 42 16 that,
1483 1889 32 17 the
1524 1890 38 15 fact
1572 1889 42 17 that
1623 1890 23 16 ho
1653 1890 36 17 had
1703 1891 46 16 been
1764 1895 8 17 f
1773 1901 20 11 or
1810 1902 27 11 mH
1838 1889 1 25 '
1840 1901 26 13 nv

1433 1918 52 15 years
1505 1918 10 11 a
1538 1912 82 17 member
1640 1913 20 17 of
1674 1919 12 11 a
1698 1910 48 21 local
1762 1919 104 18 o-overninsr

1432 1935 55 22 body,
1498 1935 36 17 and
1545 1935 41 17 that
1596 1935 23 17 he
1627 1936 37 16 hail
1672 1937 46 17 been
1729 1938 33 20 the
1771 1942 55 17 other
1829 1941 37 21 day

1433 1959 100 16 re-elected
1545 1959 19 16 to
1573 1959 42 16 that
1623 1959 82 22 position
1715 1960 67 22 should
1797 1965 69 21 inspire

1432 1982 33 17 the
1473 1982 78 17 electors
1560 1982 46 16 with
1620 1988 50 11 some
1686 1989 33 11 con
1722 1982 35 22 fid',.
1759 1993 33 12 nce
1804 1984 7 21 J
1811 1994 12 11 n
1838 1994 10 11 n
1851 1989 5 16 j
1858 1995 8 10 s

1433 2004 90 23 integrity
1532 2005 20 16 of
1561 2011 86 16 purpose.
1673 2001 31 22 lie
1713 2007 78 21 claimed
1800 2013 20 15 to
1829 2006 20 21 iv>
1855 2018 9 9 n

1433 2027 145 24 representative
1588 2029 65 16 settler
1661 2029 37 17 and
1708 2034 106 17 considered
1825 2035 40 16 that

1432 2051 52 18 there
1501 2055 48 12 wfire
1563 2053 32 15 too
1609 2058 56 16 many
1679 2052 78 25 lawyers
1771 2058 37 16 and
1821 2064 33 14 pro-

1432 2075 87 16 fessional
1528 2074 107 22 politicians
1644 2076 17 16 in
1672 2076 32 17 the
1713 2080 65 17 House
1788 2081 37 17 and
1834 2082 31 16 too

1433 2098 35 17 few
1477 2098 77 17 farmers
1561 2099 5 19 ;'
1579 2098 33 16 the
1620 2098 57 18 latter
1686 2100 47 19 class
1743 2100 83 26 forming
1834 2105 5 15 f
1844 2105 22 16 he

1432 2121 96 17 backbone
1546 2121 20 16 of
1580 2121 33 17 the
1626 2124 86 23 country.
1748 2124 117 25 (Applause.)

1432 2144 87 17 Without
1533 2144 74 17 further
1623 2145 74 21 preface
1714 2149 24 17 he
1754 2151 61 16 would
1833 2156 33 11 sav

1432 2166 41 19 that
1483 2167 24 17 he
1516 2167 54 17 stood
1579 2173 20 11 as
1608 2173 24 11 an
1641 2173 97 17 opponent
1746 2173 20 16 of
1775 2173 31 17 the
1823 2179 32 15 pre-

1432 2192 41 15 sent
1482 2191 133 16 Government.
1640 2191 31 17 He
1679 2194 37 17 had
1722 2196 46 16 been
1776 2196 39 17 fold
1824 2195 41 18 that

1432 2214 22 17 he
1464 2213 61 17 would
1535 2219 63 12 secure
1614 2220 50 11 more
1679 2220 53 15 votes
1746 2219 15 17 if
1774 2216 23 20 lie
1814 2225 52 12 came

1432 2238 32 15 out;
1478 2243 20 10 as
1515 2242 23 11 an
1553 2236 127 22 independent
1694 2241 35 17 but
1745 2239 24 20 lie
1783 2232 82 33 thought

1432 2260 43 17 that
1482 2262 66 21 people
1558 2260 62 16 would
1629 2260 47 20 have
1686 2271 51 11 more
1751 2267 71 20 respect
1837 2264 29 19 for

1432 2290 10 10 a
1452 2290 42 10 man
1505 2283 14 17 if
1528 2283 23 17 ho
1560 2283 61 17 stated
1630 2285 83 20 straight
1721 2290 34 15 out
1766 2289 51 17 what
1826 2289 39 17 side

1431 2307 23 16 ho
1467 2306 90 17 intended
1572 2307 20 17 to
1609 2312 84 19 support.
1727 2312 26 17 At
1766 2312 33 17 the
1815 2318 50 12 same

1432 2331 45 16 time
1484 2330 25 17 he
1522 2330 62 17 would
1598 2331 33 15 riot
1644 2333 75 19 blindly
1735 2337 79 20 support
1828 2342 37 11 any

1432 2354 55 21 party
1496 2359 20 11 as
1524 2353 24 17 be
1555 2353 107 20 considered
1671 2358 53 17 there
1733 2365 38 10 was
1780 2365 24 10 no
1814 2365 51 11 more

1432 2377 77 21 pitiable
1518 2376 51 20 sight
1578 2377 46 16 than
1633 2380 20 16 to
1663 2387 30 11 see
1699 2387 11 11 a
1724 2382 51 21 body
1790 2382 19 17 of
1823 2388 41 11 men

1432 2400 66 22 voting
1507 2400 19 15 at
1535 2399 32 17 the
1576 2399 46 17 beck
1635 2404 37 16 and
1687 2405 35 16 call
1737 2400 65 22 of'the
1820 2406 34 16 Pre-

1432 2423 52 16 mier.
1509 2423 30 16 He
1549 2420 62 19 Would
1623 2427 70 16 always
1706 2424 53 26 place
1773 2429 28 16 his
1818 2429 47 17 duty

1432 2447 19 16 to
1467 2446 29 17 his
1510 2446 130 25 constituency
1654 2450 65 17 before
1733 2448 33 20 tiie
1781 2448 45 21 calls
1846 2452 20 17 of

1431 2470 62 22 party.
1526 2469 39 17 The
1582 2475 74 16 present
1670 2473 128 19 Government
1817 2481 48 11 were

1432 2492 61 22 guilty
1508 2493 19 16 of
1542 2492 79 22 jobbery
1642 2497 37 17 and
1696 2498 113 21 corruption-,
1828 2499 36 16 and

1432 2516 86 21 previous
1526 2517 20 15 to
1553 2516 49 19 their
1610 2518 80 20 holding
1699 2521 101 17 office'such
1808 2523 57 16 terms

1432 2545 19 11 as
1461 2539 4 27 '
1472 2539 72 20 wrong'
1553 2541 37 16 and
1607 2542 63 21 'right'
1680 2544 56 19 color,
1745 2544 36 17 and
1797 2539 3 27 '
1808 2545 57 21 spoils

1432 2564 19 15 to
1460 2561 32 18 the
1501 2562 68 17 victors
1577 2565 61 17 'were
1647 2568 34 15 not
1689 2567 58 17 heard
1756 2567 21 18 of
1784 2568 18 16 in
1816 2565 39 24 poli-

1432 2585 39 18 tics,
1477 2585 35 16 but
1519 2591 42 11 now
1571 2587 45 23 they
1621 2590 92 21 appeared
1721 2591 18 15 in
1746 2596 55 15 every
1807 2594 58 19 paper

1432 2608 36 17 and
1477 2614 48 11 were
1534 2612 87 18 reported
1630 2612 19 17 in
1658 2610 95 21 Hansard.
1779 2614 22 17 In
1810 2615 56 21 proof

1432 2632 19 16 of
1459 2632 32 16 the
1500 2631 79 23 jobbery
1589 2635 20 16 of
1617 2636 32 16 the
1657 2638 76 19 present
1739 2637 126 18 Government

1431 2655 23 16 he
1461 2655 106 19 mentioned
1574 2657 32 17 the
1614 2659 143 18 circumstances
1764 2660 20 17 of
1791 2660 74 18 tenders

1431 2678 57 21 being
1497 2678 58 19 called
1566 2681 29 16 for
1604 2682 31 17 the
1644 2683 85 21 printing
1744 2683 20 17 of
1778 2684 87 17 electoral

1432 2701 44 17 rolls
1485 2701 30 17 for
1522 2702 33 18 the
1564 2701 87 21 Waiknto
1659 2705 106 19 electorate,
1780 2707 36 16 and
1833 2707 32 17 the

1432 2725 67 16 tender'
1511 2726 19 17 of
1545 2726 31 17 the
1591 2728 77 20 highest,
1675 2729 87 18 tenderer
1767 2729 59 21 being
1833 2735 21 13 ac-

1432 2747 64 23 cepted
1506 2748 78 18 because
1593 2752 15 16 it
1617 2758 37 10 was
1663 2753 42 16 that
1720 2749 23 21 of'
1753 2759 11 10 a
1781 2753 72 18 Govern-

1432 2772 51 16 ment
1492 2777 65 16 organ.
1583 2775 61 19 Again
1659 2772 18 19 in
1694 2776 110 17 connection
1819 2777 45 17 with

1432 2794 31 16 the
1472 2796 69 21 supply
1550 2796 21 17 of
1575 2798 107 17 woodwork
1687 2798 31 18 for
1723 2799 33 18 the
1760 2800 26 17 Te
1791 2799 73 18 Aroha-

1432 2818 71 16 Paeroa
1512 2819 76 24 railway
1597 2820 32 18 the
1638 2821 60 17 whole
1704 2822 54 17 order
1764 2828 38 11 was
1809 2829 55 14 given

1432 2842 19 15 to
1461 2846 34 11 one
1505 2848 49 12 man,
1571 2850 11 12 a
1597 2846 99 20 supporter
1710 2845 21 17 of
1742 2846 32 16 the
1792 2847 74 20 present

1432 2864 132 21 Government,
1575 2867 91 21 although
1681 2868 53 17 there
1747 2874 48 11 were
1808 2874 57 18 many

1432 2889 106 20 carpenters
1555 2892 32 15 out
1603 2888 22 19 of'
1635 2891 52 16 work
1701 2891 19 17 in
1736 2892 32 16 the
1785 2889 79 20 district.

1432 2910 57 18 These
1499 2911 62 21 might
1570 2911 111 26 apparently
1690 2914 23 16 be
1722 2914 62 18 trivial
1800 2915 65 22 things

1432 2939 18 11 in
1463 2934 33 17 the
1510 2940 42 16 eyes
1566 2937 20 16 of
1599 2943 56 14 some,
1671 2937 35 17 but
1720 2938 24 16 he
1758 2939 107 17 mentioned

1432 2956 50 17 them
1492 2963 21 11 as
1521 2960 46 17 they
1579 2964 51 13 came
1639 2960 66 17 within
1714 2960 30 18 his
1749 2966 41 13 own
1799 2961 53 17 know-

1432 2979 60 23 ledge,
1503 2982 35 17 and
1548 2983 16 17 it
1572 2989 38 11 was
1621 2989 25 11 an
1663 2984 104 17 indication
1781 2985 20 16 of
1814 2985 52 17 what

1432 3008 38 12 was
1479 3005 59 21 going
1546 3012 23 10 on
1579 3007 25 16 all
1614 3012 44 10 over
1666 3007 32 16 the
1708 3007 77 22 Colony.
1807 3008 59 17 There

1432 3031 48 13 were
1491 3033 57 17 many
1562 3029 67 21 bigger
1646 3035 63 12 causes
1720 3031 21 16 of
1757 3027 108 25 complaint,

1432 3048 44 18 such
1486 3055 20 12 as
1515 3048 32 21 the
1560 3052 110 18 Fomohaka
1686 3053 76 17 scandal
1779 3054 86 20 whereby

1432 3069 43 21 land
1486 3074 55 17 taken
1552 3081 43 16 oyer
1604 3076 29 16 for
1639 3081 11 12 a
1655 3078 100 19 mortgage
1760 3077 21 16 of
1786 3076 80 18 £IO.OOO

1433 3102 37 11 was
1480 3097 73 19 bought
1561 3098 25 22 by
1600 3099 127 17 Government
1736 3100 29 16 for
1780 3097 85 21 £IS.OOO.

1433 3119 51 17 Then
1505 3121 33 17 the
1566 3120 188 24 Sergeant-at-Arm's
1783 3120 82 24 scandal,

1433 3141 87 25 whereby
1528 3150 11 11 a
1554 3151 43 10 man
1607 3151 38 10 was
1653 3144 109 19 'influenced
1776 3147 19 16 to
1809 3147 45 16 with-

1433 3166 51 17 draw
1493 3167 48 17 from
1551 3174 24 10 an
1588 3168 78 17 election
1680 3168 37 18 and
1731 3169 84 22 illegally
1832 3176 22 16 ap-

1433 3189 75 22 pointed
1539 3189 190 23 Sorgoant-at-Arms
1753 3193 20 16 in
1795 3194 70 16 return.

1433 3210 52 19 Most
1493 3214 20 16 of
1521 3212 29 18 his
1559 3212 74 19 hearers
1648 3215 93 21 probably
1754 3215 38 18 had
1809 3216 58 17 heard

1433 3236 33 16 the
1473 3236 73 22 history
1556 3237 20 16 of
1584 3238 32 16 the
1625 3237 103 18 MclTenzie
1738 3238 130 20 business.lrhe

1433 3265 66 15 person
1509 3260 107 16 mentioned
1625 3261 72 20 having
1705 3262 101 21 appointed
1818 3262 40 18 rela-

1433 3283 47 16 tives
1495 3283 36 16 and
1546 3283 70 17 friends
1630 3287 21 13 to
1665 3284 127 17 Government
1805 3284 63 18 iiiilefs

1433 3302 26 20 all
1468 3311 44 11 over
1524 3306 33 17 the
1572 3306 80 22 Colony,-
1659 3307 49 17 until
1719 3307 51 21 Shag
1778 3308 90 22 Valley—

1434 3328 32 18 the
1486 3328 55 18 home
1560 3330 20 16 of
1594 3330 32 16 the
1641 3330 172 18 McKenzics—had
1835 3332 22 17 be-

1434 3358 52 10 come
1498 3352 68 16 almost
1583 3351 132 23 depopulated.
1748 3354 120 24 (Laucrhter.)

1433 3372 31 19 Ho
1472 3375 40 16 also
1528 3372 58 24 spoke
1602 3376 21 17 of
1638 3376 32 17 the
1684 3377 84 21 peculiar
1785 3377 68 19 circum-

1434 3398 72 17 stances
1517 3398 127 19 surrounding:
1650 3399 32 17 the
1691 3405 62 11 career
1762 3401 20 16 of
1791 3401 31 17 the
1831 3400 37 19 late

1434 3421 79 17 colonial
1523 3422 93 16 treasurer
1624 3422 32 17 Mr
1663 3419 19 21 .f.
1693 3419 21 21 G.
1726 3423 55 17 Ward
1791 3424 36 17 and
1836 3424 32 17 the

1435 3444 68 17 frantic
1518 3444 62 17 efforts
1594 3445 60 17 which
1668 3446 38 16 had
1722 3447 84 18 recently
1821 3447 47 18 been

1434 3466 54 19 made
1504 3467 26 21 by
1546 3473 24 11 an
1585 3468 99 21 expensive
1699 3468 122 19 Commission
1848 3469 20 19 to

1434 3490 107 17 whitewash
1552 3490 43 18 that
1604 3492 113 19 gentleman.
1743 3493 30 16 He
1787 3494 81 17 referred

1434 3515 20 15 to
1465 3513 30 17 the
1504 3509 111 22 scandalous
1624 3516 48 16 state
1681 3515 20 17 of
1715 3515 63 17 affairs
1786 3517 83 21 existing

1434 3537 20 16 at
1463 3532 97 22 Hototika
1569 3537 42 21 gaol
1622 3534 61 21 where
1695 3538 16 17 it
1716 3539 45 16 took
1779 3537 24 19 £f
1806 3541 22 16 56
1837 3546 32 15 per

1435 3565 68 11 annum
1526 3561 20 15 to
1561 3561 79 21 snnport
1659 3561 44 17 each
1727 3562 84 21 prisoner
1832 3563 36 18 and

1435 3582 117 21 stigmatised
1573 3583 33 17 the
1622 3584 62 17 action
1701 3585 20 16 of
1736 3585 31 17 the
1781 3586 72 17 Govern-

1435 3607 51 15 ment
1494 3605 19 17 in
1523 3612 57 15 many
1596 3605 20 18 of
1626 3607 49 17 their
1691 3607 141 22 appointments
1848 3611 20 16 to

1434 3628 32 17 the
1475 3628 35 17 roll
1517 3629 20 16 of
1545 3628 81 18 Justices
1635 3630 20 17 of
1663 3631 32 16 the
1706 3631 59 17 Peace
1780 3638 19 11 as
1814 3638 44 12 scan-

1435 3647 65 22 dalous
1508 3651 19 17 in
1545 3652 32 17 the
1590 3654 89 16 extreme.
1705 3652 52 24 They
1772 3655 37 17 had
1826 3656 29 16 for-

1435 3675 85 20 tunately
1538 3680 24 11 no
1579 3676 108 21 experience
1702 3678 20 16 of
1738 3677 43 18 that
1794 3680 39 15 sort
1848 3679 20 17 of

1435 3697 56 21 thing
1503 3697 19 17 in
1538 3695 84 20 Potorua
1639 3700 62 16 where
1715 3701 42 17 able
1773 3707 40 11 men
1832 3702 36 17 had

1434 3718 46 19 been
1489 3720 73 22 singled
1572 3723 33 15 out
1618 3722 37 17 >ut
1663 3723 62 17 where
1735 3721 22 20 he
1763 3727 50 14 cariie
1821 3725 47 17 from

1435 3749 42 11 men
1484 3744 20 16 of
1520 3749 25 12 no
1560 3744 138 23 Qualifications
1715 3747 95 18 whatever
1826 3755 43 10 save

1435 3766 42 17 that
1483 3767 45 17 they
1536 3773 49 11 were
1597 3768 20 17 of
1632 3769 33 16 the
1681 3767 53 24 right
1752 3770 62 18 colour
1832 3772 36 17 had

1434 3790 46 16 been
1490 3790 108 21 appointed.
1633 3789 39 20 The
1690 3793 56 17 fount
1761 3794 20 16 of
1797 3794 72 18 Justice

1435 3812 66 17 should
1516 3812 23 17 be
1556 3813 46 22 kept
1615 3817 46 19 pure
1678 3816 37 17 and
1730 3816 38 17 free
1779 3817 47 18 from
1844 3818 25 17 all

1435 3836 103 21 suspicions
1547 3837 55 17 taint.
1626 3836 118 26 (Applause).
1755 3837 32 20 Mr
1793 3841 76 17 Herries

1435 3858 69 24 quoted
1515 3859 28 17 Sir
1553 3860 70 17 Robert
1633 3861 72 18 Stout's
1713 3862 84 20 remarks
1806 3864 19 17 in
1840 3870 19 11 re-

1435 3882 46 18 card
1491 3883 20 15 to
1520 3882 32 17 the
1569 3883 84 18 doctrine
1665 3885 21 17 of
1801 3888 19 16 to
1837 3888 32 16 the

1535 3906 60 17 which
1611 3913 38 11 was
1666 3905 67 25 slowly
1757 3909 35 18 but
1807 3911 62 21 surely

1435 3928 66 20 Wiling
1510 3928 32 17 the
1550 3929 75 19 Liberal
1631 3932 56 21 party
1706 3932 37 17 and
1760 3932 109 23 destroying

1435 3951 31 16 the
1476 3951 82 18 freedom
1577 3953 19 17 of
1613 3953 32 17 the
1661 3955 82 22 people's
1753 3958 105 20 representa-

1435 3974 52 17 tives.
1513 3974 30 17 He
1549 3975 60 23 hoped
1619 3977 43 17 that
1675 3975 33 20 the
1717 3979 59 17 moral
1791 3985 51 11 sense
1849 3979 20 18 of

1435 3997 31 17 the
1475 3997 78 18 electors
1562 3997 20 19 of
1597 4000 31 17 the
1642 4001 68 22 colony
1726 4002 62 17 would
1798 4000 35 19 rise
1843 4009 26 13 up

1435 4021 75 19 against
1521 4021 36 17 this
1567 4024 68 19 system
1644 4024 20 16 of
1672 4026 57 20 party
1738 4022 87 21 reward's.
1850 4027 19 16 It

1435 4043 59 17 rested
1504 4044 79 22 entirely
1592 4046 43 17 with
1654 4047 32 17 the
1693 4048 78 17 electors
1780 4049 20 17 to
1809 4055 32 16 say
1854 4050 15 16 if

1434 4066 14 16 it
1458 4066 66 17 should
1531 4068 87 17 continue
1627 4070 36 17 and
1673 4071 16 16 if
1695 4068 70 21 elected
1774 4072 24 17 lie
1807 4073 60 16 would

1435 4090 118 17 strenuously
1566 4097 68 16 oppose
1649 4094 44 16 such
1703 4100 10 11 a
1731 4095 58 18 spirit.
1816 4096 52 16 Good

1435 4112 44 17 laws
1498 4113 53 18 could
1560 4115 44 22 duly
1612 4115 22 17 lie
1640 4116 88 18 obtained
1738 4118 24 22 by
1773 4118 31 17 the
1821 4118 38 19 elec-

1435 4136 38 17 tors
1480 4135 79 25 sending
1576 4144 42 11 men
1635 4140 20 16 to
1675 4137 115 21 Parliament
1807 4141 62 17 whose

1434 4158 80 23 honesty
1526 4160 20 17 rf
1560 4163 81 21 purpose
1658 4168 38 13 was
1712 4163 83 18 Assured.
1821 4162 36 23 (Ap-

1890 141 80 24 plause).
2003 142 31 17 He
2051 146 37 12 was
2105 139 45 21 glad
2166 139 20 16 to
2201 143 30 12 see
2244 137 44 16 that
2306 142 20 11 so

1890 167 58 20 rnatoy
1964 166 69 20 agreed
2048 163 47 18 with
2110 162 46 17 him.
2181 159 94 19 Renewed
2291 165 23 16 ap-

1889 186 79 25 plause'/"

1913 207 58 25 Then,
1979 212 21 16 iri
2004 211 30 17 his
2039 209 77 24 opinion
2121 208 31 17 the
2159 207 75 23 present
2240 206 73 17 Govern-

1889 236 53 16 rrient
1950 235 39 17 had
2006 234 30 17 far
2048 235 32 16 too
2099 230 55 19 much
2163 235 64 18 power
2241 229 18 17 in
2277 228 49 17 their

1889 254 68 21 hands.
1990 258 53 20 They
2057 254 86 24 required
2152 259 51 11 some
2211 251 115 22 restraining

1889 280 99 18 influence;
2013 280 51 21 They
2072 278 38 18 had
2119 276 72 18 control
2201 275 19 18 of
2236 275 33 16 the
2280 275 36 16 rail-

1889 310 51 16 ways
1947 304 38 17 and
1992 301 134 24 consequently
2133 299 21 18 of
2161 299 33 17 the
2201 298 76 21 railway
2286 303 26 11 em-

1889 323 76 26 ployees
1972 321 4 28 ;
1991 333 44 11 over
2042 326 32 17 the
2079 324 51 17 bank
2138 321 77 19 officials
2224 327 64 14 owing
2305 322 21 16 to

1889 350 33 17 the
1930 350 86 22 banking
2025 343 113 29 legislation,
2150 351 44 11 over
2203 345 33 16 the
2244 344 80 20 settlers,

1889 371 47 19 both
1951 373 25 22 by
1994 373 33 17 the
2041 369 95 20 leasehold
2153 369 69 21 system
2239 367 37 17 and
2291 367 22 16 ad-

1889 397 70 16 vances'
1966 398 19 15 to
2004 395 73 18 Settlers
2086 390 4 24 ;
2105 392 37 18 and
2156 392 16 17 if
2182 390 107 23 legislation
2306 390 20 17 of

1889 420 39 16 this
1936 420 47 16 kind
1992 425 38 10 was
2038 416 79 19 allowed
2132 416 20 16 to
2159 420 25 17 go
2193 420 24 12 on
2225 414 54 16 there
2288 418 38 11 was

1889 444 25 16 fio
1923 442 68 23 tolling
2004 442 56 17 when
2075 439 15 18 it
2104 438 62 18 would
2183 439 42 20 stop
2237 442 21 12 or
2274 436 52 17 wbat

1889 466 70 21 liberty
1979 465 63 17 wonld
2061 464 23 16 be
2097 463 35 17 left
2149 463 22 14 ta
2192 460 33 17 the
2244 458 80 22 subject.

1889 489 52 21 They
1954 488 63 18 would
2030 488 77 17 become
2122 491 11 11 a
2149 484 64 17 nation
2231 483 20 17 of
2266 481 60 18 slaves

1889 512 74 17 instead
1977 511 21 18 of
2012 512 39 16 free
2062 515 48 12 men.
2142 507 62 22 Again
2217 506 53 17 there
2287 511 39 11 was

1889 536 32 16 too
1930 534 57 18 much
1996 533 108 24 legislation
2116 531 19 17 in
2152 529 110 19 connection
2278 528 46 17 with

1889 558 34 16 the
1936 557 90 17 relations
2043 557 84 16 between
2142 555 69 16 master
2222 554 37 15 and
2274 555 51 13 Irian.-

1889 580 60 18 There
1958 587 48 10 were
2015 580 33 17 the
2060 579 61 21 Shops
2135 578 42 19 Act,
2189 576 32 17 the
2230 574 96 18 Factories

1890 604 41 19 Act,
1942 597 32 26 th«:
1984 604 81 16 Masters
2072 601 37 17 and
2123 600 88 18 Servants
2228 597 42 20 Act,
2288 597 38 17 and

1890 634 20 10 so
1917 633 30 13 on,
1958 627 25 17 all
1989 627 81 19 tending
2078 625 19 17 in
2107 625 31 16 the
2148 621 90 19 direction
2248 621 20 18 of
2283 627 31 10 cur-

1890 650 69 22 tailing
1968 650 33 17 the
2013 649 70 21 liberty
2097 647 19 18 of
2130 647 32 16 the
2177 645 79 22 subject.
2286 644 40 17 The

1889 673 94 17 intention
1992 673 19 16 in
2022 673 52 16 these
2083 671 45 16 Acts
2137 675 37 11 was
2183 668 81 22 perhaps
2276 667 49 22 good

1889 696 36 18 but
1933 696 20 17 in
1963 701 57 12 manv
2029 700 50 12 cases
2089 694 31 17 the
2130 692 74 22 remedy
2214 697 38 11 was
2267 696 59 11 worse

1890 720 46 16 than
1945 719 34 17 the
1987 719 77 16 disease.
2077 717 50 17 That
2136 715 45 18 such
2191 720 38 11 was
2236 714 32 17 the
2277 719 47 14 case,

1890 743 31 16 Mr
1929 742 78 17 Hctrics
2016 741 69 20 stated,-
2094 741 15 16 is
2118 740 34 16 not
2160 735 44 25 only
2211 735 32 19 the
2248 737 76 22 opinion

1890 766 20 17 of
1919 766 104 21 opponents
2033 765 20 16 of
2061 764 32 17 the
2102 762 126 18 Government
2237 761 35 16 but
2286 759 39 17 also

1890 789 20 17 of
1918 789 50 17 their
1976 790 115 20 supporters.
2121 786 31 16 He
2164 784 70 23 quoted
2249 782 33 18 the
2295 788 20 11 re-

1890 812 63 17 marks
1963 812 19 16 of
1990 811 66 22 Major
2063 810 67 17 Harris
2138 809 38 16 and
2188 807 32 17 Mr
2234 806 60 17 Willis
2305 806 20 17 in

1890 836 80 20 support
1978 835 21 16 of
2007 834 29 17 his
2045 832 114 19 contention.

1910 858 37 16 The
1956 860 73 17 Country
2036 856 34 17 had
2078 855 75 20 recently
2161 854 34 16 hud
2204 853 41 15 such
2262 858 11 10 a
2285 852 40 16 dose

1889 879 19 15 of
1914 879 49 15 labor
1971 879 97 19 legislation
2081 877 38 16 that
2126 877 14 15 it
2150 874 68 17 wanted
2227 879 9 10 a
2245 875 35 15 rest
2288 874 15 15 if
2310 874 15 15 it

1890 905 44 11 were
1942 900 40 20 only
1994 901 17 14 to
2022 899 60 16 enable
2088 898 16 16 it
2112 901 18 13 to
2137 896 57 21 digest
2206 900 45 11 some
2265 896 18 15 of
2297 895 28 15 the

1889 923 85 14 situates
1987 921 68 20 paised-
2088 920 20 16 In
2121 924 52 14 many
2182 917 86 16 instances
2285 916 40 16 bills

1890 948 44 11 were
1942 942 104 16 introduced
2062 941 61 20 simply
2132 940 27 15 for
2175 940 28 14 the
2218 943 74 16 purpose
2307 938 19 15 of

1890 964 104 20 remedying
2010 969 46 10 some
2076 962 55 16 defect
2149 961 16 15 in
2185 966 9 9 ft
2203 961 80 20 previous
2295 959 29 15 bill

1891 985 56 16 which
1957 985 34 16 hud
1999 985 69 15 become
2077 984 39 15 law.
2148 982 29 16 He
2187 981 74 16 referred
2270 982 18 13 to
2296 980 29 16 the

1889 1007 53 14 Stock
1956 1008 31 13 Act
1997 1006 34 15 and
2048 1005 55 16 stated
2112 1004 38 16 that
2165 1003 15 15 if
2194 1004 22 14 itH
2231 1001 94 21 provisions

1889 1033 44 10 were
1941 1027 82 16 enforced
2031 1028 14 15 it
2054 1026 56 16 would
2117 1026 21 15 be
2147 1030 45 10 more
2201 1023 91 21 harassing
2307 1025 18 13 to

1890 1049 29 15 the
1927 1049 65 15 farmer
2000 1049 41 15 than
2051 1048 14 15 if
2072 1048 28 15 his
2114 1046 46 16 stock
2175 1051 43 10 were
2237 1044 78 16 occasion-

1890 1070 35 20 ally
1929 1070 58 16 driven
1993 1075 57 15 away.
2060 1069 37 15 The
2103 1068 53 20 object
2164 1067 18 15 of
2189 1067 47 15 these
2243 1066 41 15 laws
2290 1070 35 11 was

1890 1093 17 13 to
1916 1093 73 19 prevent
1998 1091 52 19 sheep
2060 1091 33 14 and
2102 1089 51 16 cattle
2161 1088 75 19 stealing
2244 1088 32 15 but
2283 1087 41 16 such

1889 1112 49 16 could
1948 1113 21 15 bo
1984 1111 93 21 prevented
2093 1111 23 20 by
2124 1109 69 21 uf/nplrr
2208 1110 64 23 ii'EapF.
2296 1107 29 17 He

1890 1134 36 15 also
1934 1134 46 14 drew
1995 1133 30 15 the
2040 1133 84 15 attention
2139 1131 18 16 of
2170 1130 26 16 his
2210 1130 82 15 audience
2307 1131 18 14 to

1889 1155 69 16 various
1965 1159 83 14 measues,
2065 1151 134 18 lOtuenowlaw
2218 1153 33 13 and
2268 1151 56 15 others

1889 1176 67 16 thrown
1970 1179 35 13 out.
2015 1175 55 16 which
2080 1175 43 15 have
2135 1175 42 15 been
2193 1172 100 16 introduced
2302 1173 22 18 by

1889 1197 29 16 the
1928 1199 70 18 present.
2006 1197 131 20 Goverrnmert,
2148 1194 41 16 such
2206 1199 18 10 as
2231 1194 28 15 the
2274 1193 37 16 Nox-

1890 1219 37 15 ious
1942 1218 64 16 Weeds
2025 1218 40 18 'Rill,
2076 1218 29 15 the
2114 1216 68 16 Garden
2198 1215 33 16 and
2248 1215 76 16 Orchard

1889 1240 49 15 Pests
1949 1241 38 18 Act,
1997 1239 30 16 the
2036 1239 69 16 treaties
2113 1237 83 21 proposed
2211 1236 42 16 with
2270 1236 53 16 South

1889 1262 90 15 Australia
1996 1261 33 15 and
2039 1260 75 17 Canada,
2128 1260 28 14 the
2171 1258 57 16 Tariff
2239 1258 38 18 Rill,
2291 1258 33 16 and

1889 1283 28 15 the
1927 1282 116 16 Undesirable
2052 1279 118 21 Immigrants'
2187 1279 42 16 Bill.
2258 1278 21 17 In
2296 1283 18 12 re-

1889 1303 42 20 gard
1940 1306 19 13 to
1968 1303 29 16 the
2005 1303 51 16 latter
2065 1302 29 16 Mr
2102 1302 71 15 Herries
2182 1301 54 15 stated
2245 1301 38 16 that
2293 1306 31 10 one

1888 1325 19 15 of
1914 1325 29 15 the
1952 1325 65 15 clauses
2034 1323 80 21 provided
2128 1324 37 14 that
2180 1326 22 12 Do
2216 1327 32 11 one
2263 1322 60 16 should

1889 1346 39 15 hind
1939 1347 18 14 in
1966 1346 29 15 the
2004 1345 64 20 Colony
2077 1345 56 15 unless
2141 1344 21 15 he
2177 1349 43 10 were
2237 1344 86 20 possessed

1889 1368 18 15 of
1916 1368 41 16 £25.
1982 1367 18 15 If
2008 1367 38 15 that
2054 1366 33 16 had
2097 1366 67 15 become
2182 1365 33 15 law
2230 1366 21 15 he
2267 1365 57 15 Would

1889 1392 29 13 not
1926 1389 45 16 have
1978 1388 35 16 had
2021 1388 30 16 the
2060 1387 77 21 pleasure
2152 1387 18 15 of
2182 1386 100 18 addressing
2298 1387 26 15 his

1888 1412 70 18 present
1966 1410 82 15 audience
2058 1415 18 8 as
2084 1409 44 14 after
2136 1408 27 15 his
2171 1408 33 15 last
2217 1408 34 21 trip
2264 1410 18 13 to
2295 1408 28 16 the

1888 1432 32 15 Old
1929 1432 79 19 Country
2017 1431 20 15 he
2046 1430 80 16 returned
2142 1432 17 12 to
2175 1429 89 16 Auckland
2281 1429 41 16 with

1888 1453 68 20 exactly
1964 1453 19 16 6s
1991 1453 17 14 in
2018 1452 26 15 his
2049 1451 101 21 possession.
2161 1450 109 20 (Laughter.)
2278 1449 46 18 That

1888 1475 29 14 the
1933 1473 98 20 legislation
2041 1472 60 21 passed
2116 1477 34 10 was
2164 1472 110 15 unworkable
2289 1477 35 11 was

1888 1495 63 21 proved
1961 1495 22 20 by
1992 1495 29 15 the
2029 1495 38 15 fact
2072 1493 38 16 that
2119 1495 30 14 out
2158 1493 19 16 of
2185 1494 19 15 74
2213 1493 38 15 bills
2262 1495 61 18 passed

1888 1517 28 16 the
1924 1516 62 17 session
2000 1516 58 15 before
2074 1515 33 15 last
2120 1515 21 16 39
2154 1518 43 12 were
2213 1515 110 16 amendment

1888 1538 38 16 bills
1936 1538 34 15 and
1979 1538 31 15 out
2019 1537 17 15 of
2045 1537 18 15 61
2074 1536 60 20 passed
2142 1536 34 16 last
2183 1536 62 15 session
2253 1537 22 15 29
2280 1542 43 10 were

1888 1559 111 16 amendment
2007 1558 46 16 bills.
2076 1557 21 16 In
2106 1557 61 20 regard
2175 1559 17 14 to
2203 1557 28 16 the
2243 1558 80 16 financial

1888 1581 55 20 policy
1965 1580 18 16 of
1998 1580 29 15 the
2043 1579 116 15 Government
2178 1579 21 15 he
2216 1579 56 15 would
2293 1583 30 12 not

1888 1602 60 16 bother
1956 1601 27 15 his
1993 1601 81 15 audience
2082 1600 41 16 with
2133 1605 10 10 a
2152 1600 25 16 lot
2187 1600 19 15 of
2213 1599 69 21 figures,
2292 1601 32 16 but

1888 1623 21 17 he
1916 1623 57 16 would
1982 1622 62 21 simply
2058 1623 44 14 state
2109 1618 38 19 that
2155 1621 91 20 according
2259 1623 18 14 to
2293 1622 30 16 tho

1888 1644 76 17 Premier
1972 1643 69 16 himself
2048 1643 28 15 the
2084 1643 58 20 public
2151 1643 39 15 debt
2197 1643 18 15 of
2220 1643 29 15 the
2257 1643 66 20 Colony

1887 1666 34 16 had
1931 1665 87 16 increased
2028 1665 22 19 by
2060 1665 107 19 £4,000,000.
2191 1664 46 15 That
2243 1662 80 19 inclide'd

1888 1688 29 15 the
1932 1689 72 13 amount
2019 1686 55 15 raised
2090 1686 53 15 nnder
2159 1686 28 14 the
2200 1685 90 17 Advancos
2305 1689 18 14 to

1889 1708 72 17 Settlers
1971 1709 33 14 Act.
2013 1708 30 15 but
2048 1709 29 14 not
2086 1707 38 16 that
2129 1707 77 16 incurred
2211 1707 112 20 owingtothe

1888 1730 78 19 banking
1980 1729 103 20 legislation.
2108 1728 36 15 One
2159 1728 18 15 of
2192 1728 29 15 the
2236 1731 86 17 strongest

1889 1752 110 15 indictments
2008 1750 69 19 against
2085 1749 29 16 tho
2126 1752 68 18 present
2207 1749 116 17 Government,

1889 1777 35 12 was
1932 1772 29 15 the
1970 1771 109 16 confiscation
2089 1771 17 15 of
2114 1771 29 15 the
2151 1771 69 19 sinking
2237 1771 53 16 funds
2304 1771 19 17 of

1888 1794 43 16 local
1938 1793 66 16 bodies.
2029 1793 20 15 In
2059 1792 61 19 regard
2135 1795 19 13 to
2168 1792 29 16 the
2213 1792 75 22 liability
2304 1795 19 15 of

1889 1816 28 15 the
1926 1815 65 20 Colony
2000 1815 17 15 in
2027 1816 63 18 respect
2100 1816 17 13 to
2135 1814 29 15 the
2181 1813 49 16 Bank
2245 1815 19 15 of
2278 1815 44 16 New

1888 1836 75 16 Zealand
1984 1836 29 15 Mr
2035 1835 71 15 lierries
2132 1835 69 20 pointed
2227 1838 30 13 out
2283 1837 39 16 that.

1888 1858 147 19 £2,0C0,000-was
2043 1857 106 19 guarntiteed
2164 1856 18 16 in
2198 1857 29 15 tho
2242 1857 37 16 first
2293 1858 18 16 in-

1888 1883 57 12 stance
1954 1879 31 14 but
1996 1878 37 15 that
2042 1878 28 15 the
2079 1879 71 14 amodnt
2163 1883 38 10 now
2215 1881 105 17 guaranteed

1888 1906 35 10 was
1931 1900 106 21 £5,-231,000.
2062 1899 22 15 Hi
2098 1899 74 20 thought
2184 1899 28 17 the
2226 1903 95 16 guarantee

1887 1921 60 17 should
1960 1924 51 13 never
2027 1921 42 15 hi.**
2085 1921 15 14 hi
2107 1926 19 10 en
2142 1921 51 19 given
2209 1922 33 15 and
2257 1922 39 15 that
2307 1923 12 16 it

1888 1944 56 15 would
1955 1943 43 15 have
2005 1943 41 14 been
2057 1943 53 14 better
2119 1942 13 15 if
2140 1942 29 15 the
2178 1942 44 16 bank
2236 1944 34 15 had
2279 1944 41 16 been

1887 1964 72 16 allowed
1968 1967 17 12 to
1994 1970 30 14 go.-
2048 1963 16 15 It
2081 1968 35 10 was
2131 1964 40 20 only
2187 1964 87 19 deferring
2293 1966 28 15 the

1887 1986 32 16 ovil
1928 1987 34 19 day
1970 1985 27 16 for
2004 1990 11 10 a
2023 1985 40 16 time
2071 1984 33 16 and
2112 1985 98 20 burdening
2227 1986 29 15 tho
2272 1986 49 17 State

1889 2008 40 15 with
1938 2013 10 9 a
1957 2008 25 15 lot
1989 2007 19 15 of
2015 2004 48 24 debt.-
2085 2004 74 22 Though
2175 2007 29 15 the
2219 2007 100 21 Opposition

1888 2034 35 10 was
1938 2031 19 13 to
1971 2034 11 10 a
1997 2028 64 16 certain
2077 2030 59 13 extent
2151 2029 92 15 concerned
2258 2029 18 15 in
2292 2030 29 15 the

1888 2050 75 20 banking
1973 2049 97 21 legislation
2079 2051 30 18 yet
2117 2048 28 16 the
2154 2048 116 18 Government
2275 2053 46 14 must

1888 2074 59 18 accept
1955 2072 29 15 the
1993 2071 32 15 full
2034 2070 127 21 responsibility
2170 2071 19 15 of
2196 2071 90 22 initiating
2292 2072 29 16 the

1886 2093 68 16 scheme
1962 2093 17 15 in
1988 2092 29 16 the
2025 2091 66 16 House.

1909 2112 18 18 It
1936 2110 34 20 had
1978 2114 42 15 been
2029 2113 50 15 axked
2089 2112 46 16 what
2143 2118 38 11 men
2194 2114 47 16 there
2250 2119 44 12 were
2302 2116 17 15 in

1887 2136 29 15 the
1924 2134 102 22 Opposition
2035 2135 51 15 ranks
2096 2137 17 13 to
2122 2135 39 15 take
2169 2135 29 16 the
2204 2135 56 21 places
2269 2137 17 15 of
2291 2137 29 15 the

1887 2159 69 18 present
1964 2156 90 19 Ministry.
2077 2156 30 15 Six
2119 2161 49 15 years
2177 2161 32 12 ago
2221 2157 47 16 there
2285 2162 35 11 was

1888 2183 9 9 a
1907 2181 60 16 strong
1976 2177 34 17 and
2026 2177 84 21 powerful
2123 2177 87 21 Ministry,
2217 2177 31 16 but.
2260 2180 31 14 out
2302 2179 19 15 of

1887 2199 48 16 those
1942 2194 41 20 then
1992 2198 17 15 in
2019 2198 47 15 office
2072 2198 47 16 there
2129 2203 42 11 were
2178 2198 31 16 bat
2213 2199 47 16 three
2267 2199 53 16 left—

1888 2220 73 18 Seddon,
1971 2217 101 21 Mc&enzie,
2083 2220 34 15 and
2125 2219 83 17 Cadmau.
2224 2216 37 21 The
2269 2221 52 17 latter

1888 2247 35 10 was
1932 2241 119 20 undoubtedly
2060 2241 28 15 the
2097 2241 36 15 best
2142 2246 38 11 man
2195 2241 18 16 of
2229 2242 28 16 the
2273 2243 47 15 three

1887 2263 33 16 and
1929 2263 34 15 had
1973 2262 29 16 the
2010 2264 65 19 respect
2084 2262 18 16 of
2112 2262 26 16 his
2152 2264 78 14 warmest
2244 2264 75 20 political

1887 2286 102 19 opponents.
2013 2283 47 15 Then
2074 2283 48 15 there
2135 2288 43 11 were
2190 2284 30 16 the
2232 2290 46 10 more
2293 2288 16 13 re-

1886 2307 39 14 cent
1933 2305 87 16 additions
2029 2309 17 12 to
2055 2305 29 15 the
2096 2305 81 19 Ministry
2191 2302 64 20 Messrs
2267 2304 52 19 Hall-

1888 2327 59 18 Jones,
1957 2326 99 21 Thompson
2065 2327 33 15 and
2108 2326 70 17 Carroll.
2202 2326 18 16 It
2227 2328 54 16 would
2290 2331 31 13 not

1887 2349 20 15 be
1918 2347 79 20 gainsaid
2006 2346 39 17 that
2053 2347 29 16 the
2095 2347 100 21 Opposition
2208 2349 49 16 could
2272 2350 48 16 show

1886 2370 55 15 better
1949 2374 39 11 men
1997 2369 40 16 than
2047 2369 55 16 these.-
2125 2365 60 22 (Hear,
2199 2370 54 21 hear)j

1908 2392 37 15 One
1957 2391 18 15 of
1983 2391 30 15 the
2021 2392 44 14 most
2073 2391 91 20 important
2175 2392 86 18 questions
2267 2392 19 16 of
2291 2392 29 16 the

1886 2413 34 20 day
1929 2418 35 12 was
1971 2413 30 16 the
2008 2412 40 16 land
2058 2412 82 20 question.
2165 2408 29 19 He
2201 2418 35 10 was
2241 2414 79 20 strongly

1886 2434 17 16 in
1913 2434 50 17 favor
1970 2434 19 16 of
1996 2432 30 18 the
2034 2433 76 16 freehold
2119 2436 59 13 tenure
2187 2434 17 15 of
2212 2434 29 16 the
2253 2435 41 16 land
2302 2441 19 10 as

1886 2457 75 19 opposed
1964 2458 18 14 to
1985 2455 56 16 leaseh
2045 2455 34 15 old.
2084 2451 62 23 People
2150 2460 46 11 came
2201 2455 38 16 here
2243 2456 44 16 from
2291 2457 29 15 the

1886 2477 33 15 Old
1928 2478 77 19 Country
2013 2476 43 16 with
2063 2478 28 14 the
2100 2476 37 16 idea
2145 2476 38 16 that
2190 2477 14 15 it
2209 2482 34 10 was
2250 2483 21 10 an
2279 2483 40 15 easy

1886 2500 63 15 matter
1957 2502 18 12 to
1987 2500 30 18 get
2030 2498 39 15 land
2084 2498 18 16 of
2115 2498 45 15 their
2173 2503 43 14 own,
2231 2498 31 16 but
2278 2500 41 19 they

1886 2520 53 16 found
1948 2521 39 15 that
1995 2519 53 16 under
2058 2516 27 19 Mr
2093 2516 108 19 McKenz'ie's
2206 2521 64 18 system
2276 2521 44 20 they

1886 2542 50 16 could
1936 2539 1 24 1
1947 2542 41 19 only
1996 2539 59 17 obtain
2065 2547 9 9 a
2082 2541 90 17 leasehold.
2197 2541 53 16 Lease
2256 2542 17 15 in
2280 2547 29 16 per-

1886 2566 27 18 pot
1929 2569 26 16 ..y
1964 2568 35 11 was
2006 2565 31 13 not
2043 2568 19 10 as
2069 2563 43 18 good
2120 2568 18 9 as
2145 2563 82 17 freehold,
2236 2563 83 18 although

1887 2585 30 16 999
1926 2589 50 16 years
1985 2588 36 11 was
2029 2589 10 10 a
2051 2584 52 20 fairly
2116 2584 41 19 long
2173 2585 47 14 term.
2253 2582 16 18 A
2280 2591 39 10 man

1886 2606 61 16 should
1956 2604 20 17 be
1985 2605 38 15 able
2031 2607 18 13 to
2057 2605 58 15 obtain
2131 2605 28 15 the
2168 2605 76 16 freehold
2258 2606 19 16 of
2291 2606 29 17 the

1886 2627 40 16 land
1934 2627 22 16 he
1964 2624 69 19 worked
2048 2627 14 15 if
2074 2625 21 18 he
2108 2632 18 10 eo
2141 2625 71 18 desired.
2244 2624 28 19 He
2288 2633 20 15 ap-

1886 2649 63 20 proved
1959 2649 19 15 of
1985 2648 30 16 the
2024 2648 69 18 cutting
2101 2653 23 15 up
2133 2647 17 16 of
2163 2648 31 19 big
2207 2651 67 16 estates,
2289 2650 31 15 but

1887 2669 76 22 thonght
1971 2671 39 14 that
2018 2670 29 15 the
2056 2669 36 16 best
2102 2669 39 16 land
2151 2669 60 16 should
2221 2670 21 15 be
2255 2672 29 14 cut
2297 2676 25 16 up

1887 2692 36 15 into
1932 2692 59 15 blocks
2000 2691 18 15 of
2026 2689 51 17 about
2087 2692 30 14 200
2126 2695 52 17 acres,
2187 2692 50 15 while
2251 2692 29 15 the
2293 2692 18 15 in-

1888 2713 51 15 ferior
1947 2718 20 10 or
1975 2711 34 17 bad
2019 2712 40 16 land
2068 2712 60 16 should
2137 2712 20 15 be
2165 2713 19 15 of
2191 2714 68 19 greater
2272 2718 47 13 area,

1887 2733 33 17 and
1929 2735 13 15 if
1951 2739 22 11 no
1990 2738 32 11 fine
2034 2733 64 16 wished
2112 2735 17 14 to
2142 2733 41 21 buy,
2198 2733 40 16 then
2252 2735 40 16 give
2307 2735 13 15 if

1886 2760 50 16 away
1945 2757 19 15 to
1973 2760 66 15 anyone
2047 2754 39 16 who
2095 2755 56 16 would
2164 2756 75 19 improve
2248 2756 21 16 it.
2291 2756 30 16 He

1887 2777 29 16 did
1925 2780 31 13 not
1964 2777 51 16 think
2023 2777 86 15 residence
2117 2776 60 16 should
2186 2777 20 15 bo
2214 2777 70 16 insisted
2291 2782 30 14 on,-

1887 2799 41 20 Only
1936 2798 140 21 improvements.
2100 2794 29 19 He
2140 2798 85 20 approved
2234 2798 18 15 of
2260 2798 61 21 giving

1888 2820 84 16 advances
1981 2821 18 14 to
2007 2819 68 16 settlers
2083 2819 31 16 but
2122 2819 21 16 he
2151 2819 76 20 thought
2240 2820 38 16 that
2292 2817 29 19 the

1887 2841 77 19 political
1973 2841 73 16 element
2055 2840 60 15 should
2123 2838 20 18 te
2157 2842 44 14 done
2213 2846 50 15 away
2278 2841 42 16 with

1887 2862 43 16 from
1935 2863 38 18 (the
1980 2862 63 16 Board.
2053 2860 24 17 As
2086 2862 59 19 things
2153 2867 43 10 were
2201 2861 40 22 only
2249 2867 39 11 men
2304 2864 18 14 of

1888 2883 28 16 the
2072 2885 31 16 got
2112 2883 28 16 tho
2151 2888 68 15 money.
2235 2883 18 16 It
2260 2883 61 17 should

1888 2905 35 16 also
1931 2906 21 15 be
1960 2910 10 10 a
1978 2905 37 15 sine
2023 2909 35 16 qua
2065 2909 35 11 non
2108 2904 37 16 that
2154 2904 29 16 tho
2190 2909 62 16 money
2260 2905 61 16 should

1886 2926 21 15 be
1916 2928 51 19 spent
1974 2930 23 12 on
2005 2925 30 17 the
2042 2926 41 15 land
2092 2925 34 16 and
2133 2925 77 17 diverted
2218 2927 19 15 to
2244 2932 22 10 no
2273 2927 49 16 other

1886 2950 81 18 ptfrpose.-

1911 2970 21 15 In
1941 2968 62 21 regard
2012 2969 18 15 to
2037 2968 30 16 the
2075 2968 56 20 liquor
2138 2968 79 20 question
2232 2968 28 17 Mr
2273 2969 36 17 Her-

1888 2991 33 15 ries
1929 2990 56 16 stated
1994 2991 40 15 that
2041 2990 22 15 he
2073 2994 36 11 wan
2117 2989 16 16 in
2142 2990 49 15 favor
2196 2990 18 16 of
2218 2990 30 16 the
2254 2994 68 17 present

1889 3013 64 20 system
1964 3012 52 19 being
2025 3012 50 19 given
2084 3016 10 10 a
2102 3010 33 16 fair
2143 3011 46 16 trial.
2213 3011 28 16 He
2249 3017 35 10 was
2292 3015 31 14 not

1888 3034 17 14 in
1917 3033 50 15 favor
1975 3033 18 15 of
2001 3032 105 21 prohibition
2115 3029 22 23 by
2153 3037 10 10 a
2176 3033 40 15 bare
2230 3034 80 20 majority
2317 3029 4 25 ;

1888 3055 50 16 there
1946 3053 62 17 should
2015 3051 21 18 he
2044 3055 18 14 at
2070 3053 43 16 least
2121 3059 9 10 a
2138 3052 106 18 three-fifths
2257 3056 54 20 major-

1888 3076 34 21 ity.
1946 3072 30 20 He
1983 3075 30 16 did
2021 3077 31 14 not
2059 3074 64 17 believe
2131 3075 17 15 in
2163 3080 10 10 a
2186 3075 39 16 bare
2241 3076 82 21 majority

1888 3097 75 21 settling
1971 3097 35 16 this
2013 3101 18 11 or
2039 3101 33 15 any
2079 3096 49 16 other
2133 3097 84 19 question.
2242 3094 17 19 It
2264 3098 58 16 would

1888 3118 39 16 lead
1936 3120 18 13 to
1964 3118 66 15 endless
2038 3118 95 15 discontent
2145 3118 15 15 if
2173 3118 58 16 abate
2241 3119 82 21 majority

1888 3144 46 11 were
1940 3141 19 14 to
1966 3139 59 16 decide
2030 3137 79 17 whether
2115 3139 28 15 the
2150 3140 105 20 community
2261 3141 60 15 should

1888 3161 45 16 have
1942 3161 57 19 liquor
2006 3165 19 10 or
2034 3161 36 16 not.
2093 3156 107 23 Prohibition
2213 3161 57 16 would
2285 3162 38 16 lead

1889 3184 18 14 to
1916 3182 50 16 illicit
1973 3182 102 15 distillation
2084 3182 33 15 and
2125 3182 27 21 sly
2163 3187 43 14 grog
2213 3183 62 20 selling
2287 3184 34 15 and

1888 3203 68 16 besides
1967 3203 29 16 the
2004 3203 84 20 principle
2096 3208 35 11 was
2137 3208 21 11 an
2168 3203 71 16 illiberal
2248 3208 31 12 one
2288 3205 33 15 and

1889 3226 30 14 not
1928 3224 94 16 conducive
2030 3226 18 14 to
2063 3224 29 16 the
2107 3224 44 20 pood
2166 3224 19 16 of
2199 3225 28 15 the
2243 3228 81 19 country.-

1889 3245 111 16 Prohibition
2008 3245 57 16 would
2074 3251 47 10 come
2129 3246 18 15 of
2154 3246 23 15 its
2185 3251 36 11 own
2231 3247 59 15 accord
2297 3247 27 16 for

1890 3267 29 16 the
1928 3267 61 20 people
2003 3272 44 10 were
2061 3266 89 19 becoming
2163 3271 45 12 mOro
2222 3268 48 15 sober
2283 3269 40 16 each

1889 3294 47 15 year.
1963 3287 20 17 In
1995 3290 40 14 Jbt9
2044 3290 28 14 tiie
2081 3290 49 14 drink
2140 3288 28 16 bill
2178 3294 34 10 was
2218 3289 50 18 equal
2277 3293 18 12 to
2306 3294 17 12 in

1889 3310 74 17 guineas
1971 3314 32 16 per
2010 3309 43 16 head
2063 3309 3 21 ;
2079 3309 17 16 in
2107 3310 39 15 18S0
2156 3310 13 15 it,
2178 3315 34 10 was
2224 3311 73 16 redue<d
2305 3314 20 13 to

1889 3331 59 16 £3-15s
1956 3333 5 16 ;'
1972 3332 17 14 in
2000 3331 41 15 1392
2049 3332 18 14 to
2075 3332 23 15 £3
2107 3332 17 15 5s
2133 3331 21 15 9d
2162 3332 33 15 and
2211 3332 33 15 last
2256 3337 41 16 year
2310 3333 14 16 it

1889 3358 35 10 was
1932 3353 41 19 only
1982 3353 23 15 £3
2013 3353 19 14 0s
2040 3352 27 16 sd.
2091 3351 21 17 So
2121 3353 40 19 they
2175 3353 58 15 Would
2244 3358 27 11 see
2284 3354 40 16 that

1889 3374 41 20 they
1939 3378 44 11 were
1988 3374 91 20 gradually
2088 3374 89 20 becoming
2186 3379 46 10 more
2239 3375 31 15 and
2277 3381 47 10 more

1889 3401 11 9 si
1909 3395 29 15 ber
1944 3395 63 15 almost
2012 3395 136 20 unconsciously.
2172 3394 111 23 (Laughter).
2295 3398 25 14 As

1890 3417 26 14 fir
1924 3422 18 9 as
1951 3416 30 15 the
1994 3421 60 15 young
2069 3421 37 10 men
2123 3416 41 16 born
2182 3417 16 15 in
2215 3417 29 16 the
2258 3417 66 21 Colony

1890 3443 10 9 v.
1907 3442 27 11 ere
1942 3438 94 15 concerned
2053 3437 21 16 he
2091 3438 75 20 thought
2178 3438 41 21 they
2237 3443 42 11 were
2295 3439 29 16 the

1889 3459 46 15 most
1943 3459 49 15 sober
2002 3459 17 15 in
2028 3459 29 15 the
2065 3459 61 15 World.

1912 3476 28 19 Ho
1950 3485 35 10 was
1994 3480 17 15 in
2021 3480 49 15 favor
2078 3480 18 15 of
2107 3480 30 15 tho
2149 3482 69 19 present
2231 3483 63 18 system
2307 3483 17 14 of

1890 3501 36 16 fiee
1935 3501 67 15 secular
2010 3501 90 15 education
2109 3501 33 16 and
2150 3507 36 10 was
2199 3503 30 15 not
2242 3503 16 15 in
2276 3503 49 16 favor

1890 3523 17 14 of
1916 3522 30 16 the
1956 3522 49 15 Bible
2013 3523 52 19 being
2073 3523 39 15 read
2121 3523 17 15 in
2147 3523 64 16 schools
2220 3523 66 21 though
2303 3524 21 16 he

1890 3544 13 15 tl
1911 3544 56 19 ought
1976 3543 39 16 that
2023 3544 86 15 ministers
2117 3544 60 16 should
2186 3541 20 19 ho
2220 3545 72 16 allowed
2305 3547 18 14 to

1890 3566 65 20 impart
1971 3565 84 19 religioun
2068 3565 100 16 instruction
2183 3566 45 15 after
2243 3566 52 16 hours
2307 3568 18 14 to

1890 3588 50 14 thoEO
1947 3586 19 15 of
1974 3586 88 15 theirown
2070 3586 134 17 denomination.
2214 3586 29 17 He
2247 3587 76 21 thought

1890 3608 39 15 that
1939 3604 51 18 much
1999 3605 64 17 benefit
2077 3608 55 15 would
2149 3612 59 12 accrue
2220 3605 24 23 by
2259 3609 66 19 having

1889 3629 54 16 ladies
1951 3629 20 15 oli
1977 3629 39 14 cted
2024 3630 18 13 to
2050 3629 29 14 the
2087 3629 57 15 school
2157 3629 67 17 boards.
2255 3629 18 17 It
2288 3635 36 12 was

1890 3651 40 21 only
1950 3650 100 16 reasonable
2065 3650 38 15 that
2118 3650 41 21 they
2172 3650 60 17 should
2248 3651 45 16 have
2315 3658 9 10 a

1891 3672 45 15 voice
1944 3671 19 16 in
1971 3671 30 16 the
2009 3671 112 16 educationof
2302 3673 22 16 In

1891 3693 61 20 rrgard
1961 3694 17 14 to
1987 3692 116 21 co-operative
2117 3692 56 16 works
2190 3691 21 18 he
2226 3693 33 16 had
2276 3699 47 11 some

1891 3715 99 20 experience
2009 3713 18 15 of
2042 3714 28 14 tho
2090 3719 37 15 way
2136 3714 17 15 in
2160 3714 55 16 which
2232 3715 40 20 they
2281 3721 43 11 were

1890 3735 66 16 carried
1964 3736 30 14 out
2003 3735 33 15 and
2044 3734 49 16 could
2102 3735 40 20 only
2150 3741 30 15 say
2194 3736 14 15 it
2222 3741 35 10 was
2265 3742 9 9 a
2288 3741 27 11 rot-

1891 3762 27 10 nn
1928 3759 69 18 system.
2022 3755 17 17 IS
2048 3761 35 10 was
2091 3761 10 10 a
2110 3759 62 18 system
2181 3757 55 16 which
2245 3758 59 19 p'aeed
2314 3763 10 11 a

1890 3778 44 20 good
1943 3782 39 11 man
1990 3777 33 15 and
2033 3782 10 10 a
2051 3777 56 16 duffer
2115 3777 33 16 arid
2157 3783 10 10 a
2175 3778 54 16 loafer
2236 3777 52 18 alfon
2295 3779 29 16 tho

1890 3805 46 10 sumo
1948 3798 50 17 level.
2022 3795 35 19 His
2072 3798 68 20 opinion
2154 3802 36 13 Was
2203 3800 38 15 that
2253 3805 11 10 a
2278 3801 45 20 good

1890 3826 10 10 n
1908 3826 21 10 an
1943 3819 62 17 should
2019 3820 44 15 have
2077 3825 10 10 a
2100 3820 43 20 good
2157 3825 49 15 wage
2218 3821 34 15 and
2265 3824 11 12 *
2291 3821 33 16 bad

1890 3842 88 16 workman
1993 3846 10 10 a
2015 3841 33 15 low
2056 3845 55 15 wage.
2121 3841 17 16 It
2146 3846 36 11 was
2194 3842 36 15 also
2237 3842 49 16 made
2295 3843 29 16 tho

1891 3868 14 10 vi
1911 3864 45 15 hiclo
1964 3862 28 16 for
1999 3862 96 16 favoritism
2096 3861 1 19 1
2098 3861 4 19 .
2118 3862 28 16 He
2155 3861 33 17 had
2196 3868 39 11 seen
2245 3869 31 10 one
2284 3869 39 11 man

1891 3884 16 17 iu
1916 3882 26 19 his
1951 3889 38 12 own
1999 3883 99 16 district—a
2109 3883 155 21 farmer—driving
2272 3887 18 13 to
2297 3885 27 16 his

1890 3911 12 10 c
1911 3905 98 22 -operative
2018 3904 46 17 work
2072 3904 18 16 in
2098 3905 26 15 his
2132 3905 136 20 buggy—while
2277 3906 47 16 there

1891 3933 9 8 v
1907 3932 28 11 ere
1945 3927 58 15 others
2011 3926 73 16 anxious
2092 3928 17 14 to
2117 3923 46 19 work
2171 3927 39 15 who
2217 3932 52 11 never
2274 3930 31 16 got
2313 3932 10 12 a

1889 3946 32 23 ji-h
1929 3951 17 13 at
1956 3948 28 16 all.
1994 3948 16 15 A
2020 3949 63 19 system
2091 3947 18 16 of
2117 3948 48 15 small
2173 3949 85 15 contracts
2266 3949 57 15 would

1891 3970 19 15 be
1919 3970 51 16 much
1980 3969 60 15 better.
2065 3969 36 15 The
2109 3969 38 15 best
2159 3974 37 10 men
2211 3970 56 15 would
2283 3970 40 16 then

1891 3993 29 17 git
1929 3991 30 16 the
1966 3989 38 17 best
2020 3994 63 13 wages.
2108 3990 106 21 (Applause).

1912 4012 29 16 Ho
1949 4011 99 17 considered
2058 4011 37 16 that
2110 4012 65 16 natives
2189 4012 60 16 should
2264 4012 20 16 bo
2298 4012 16 16 al-

1891 4033 10 16 ii
1910 4033 35 16 Vied
1956 4036 18 13 to
1981 4033 67 20 depose
2057 4032 17 15 of
2082 4031 44 17 their
2134 4033 39 16 land
2182 4035 17 14 to
2212 4033 55 16 whom
2283 4034 41 20 they

1890 4055 74 20 phased.
1978 4054 18 16 It
2004 4054 33 15 had
2046 4054 41 15 been
2097 4051 35 18 said
2141 4054 38 16 that
2191 4054 28 17 the
2228 4054 95 16 restriction

1891 4082 19 8 wi
1917 4080 9 11 s
1933 4076 77 20 imposed
2018 4076 31 14 out
2057 4076 17 14 of
2086 4075 124 16 consideration
2218 4076 28 15 for
2253 4076 30 16 tho
2291 4081 21 10 na-

1890 4097 41 19 tive,
1940 4097 33 16 but
1984 4096 27 16 bis
2025 4096 98 20 experience
2131 4097 64 20 taught
2203 4096 34 17 him
2254 4097 39 16 that
2305 4097 18 15 in

1891 4118 113 16 transactions
2012 4118 77 16 betwoen
2102 4118 100 20 Europeans
2210 4118 33 16 and
2250 4118 72 19 natives,

1891 4139 28 16 the
1928 4139 52 16 latter
1988 4139 62 16 seldom
2060 4139 34 15 had
2102 4139 29 16 the
2145 4141 51 14 worst
2209 4139 18 16 of
2241 4140 28 15 tho
2283 4140 30 15 bar-

1891 4160 49 20 gain.
1952 4160 30 16 He
1989 4160 71 16 favored
2069 4160 28 16 the
2105 4160 28 16 old
2140 4165 33 15 ago
2181 4161 69 19 pension
2257 4160 67 16 schemo

2348 136 32 16 but
2388 141 36 11 was
2430 136 32 16 not
2469 135 17 16 in
2494 135 50 16 favor
2551 135 18 15 of
2576 134 98 17 increasing
2687 133 29 16 the
2731 134 40 15 taxa-

2348 158 36 15 tion
2393 157 19 15 of
2427 157 30 15 the
2464 159 73 17 country
2551 159 18 13 to
2584 161 51 15 carry
2650 156 15 16 it
2680 157 36 15 out.
2746 155 37 16 The

2348 178 108 17 referendum
2465 183 35 11 was
2507 183 11 10 a
2531 178 44 21 good
2589 183 78 10 measure
2679 178 32 15 but
2726 176 57 16 before

2349 200 84 19 bringing
2440 199 15 15 it
2462 200 37 15 into
2506 200 88 20 operation
2608 199 30 16 the
2650 198 79 17 electsra!
2741 202 42 12 laws

2348 221 58 16 would
2414 220 42 17 need
2467 223 17 13 to
2492 221 20 16 be
2520 221 66 16 altered
2594 226 18 11 or
2620 221 30 16 the
2657 220 56 17 towns
2726 219 56 16 would

2348 243 21 15 he
2384 242 71 16 favored
2470 244 18 14 at
2504 243 29 16 the
2545 248 74 15 expense
2637 242 18 16 of
2667 242 30 16 the
2710 244 73 18 country

2348 263 76 17 districts

2370 285 21 15 In
2401 283 85 18 reference
2495 286 17 14 to
2520 284 43 17 local
2579 287 71 14 matters
2666 286 29 15 Mr
2711 286 71 17 Herries

2348 306 36 16 Slid
2393 306 40 16 that
2440 306 15 16 it
2466 306 75 16 behoved
2554 307 29 15 the
2598 307 116 16 Government
2727 310 19 14 to
2761 308 21 16 do

2348 327 48 16 what
2404 332 35 11 was
2446 332 89 14 necessary
2544 329 18 14 to
2569 329 56 15 retain
2634 329 30 16 the
2670 329 62 16 tourist
2738 330 35 15 traf-

2348 349 21 15 fic
2377 350 17 14 to
2407 348 29 16 the
2444 348 53 21 place.
2521 348 20 16 In
2550 350 35 16 this
2599 352 67 19 respect
2678 355 31 11 one
2722 352 18 18 nf
2753 351 29 16 the

2347 372 46 14 most
2411 370 94 20 importnnt
2524 372 71 14 matters
2610 376 35 11 was
2664 371 30 15 the
2709 372 72 16 efficient

2347 391 84 17 drainaco
2439 392 18 14 of
2464 392 29 15 the
2500 393 46 14 town
2555 392 34 15 and
2598 392 14 15 it
2621 398 36 10 was
2665 394 44 15 most
2717 394 65 15 unwise

2347 413 18 14 in
2375 413 29 15 the
2412 412 116 16 Government
2539 415 17 14 to
2568 413 49 16 defer
2629 414 23 15 its
2666 414 115 16 introduction

2347 438 35 16 any
2389 433 66 19 longer.
2478 434 52 15 From
2538 435 47 15 what
2594 435 21 15 ho
2627 435 50 16 could
2691 436 49 15 make
2751 434 31 18 out

2348 454 33 16 ml
2392 455 109 17 recollectine
2510 456 47 16 what
2565 456 45 16 their
2625 458 70 19 present
2707 458 75 14 member

2347 475 33 16 had
2389 476 70 15 himself
2466 477 36 15 snid
2514 478 18 15 in
2540 478 29 15 the
2577 477 62 16 House
2654 478 48 16 there
2716 479 65 15 seemed

2348 498 17 14 to
2373 497 21 16 be
2402 502 23 10 no
2433 503 60 15 money
2502 498 27 16 for
2537 498 20 17 it.
2580 498 19 16 It
2610 499 59 20 might
2680 499 20 15 be
2714 500 36 15 said
2764 500 18 15 of

2347 518 36 16 him
2392 519 39 15 that
2439 519 20 15 ho
2469 524 35 11 was
2516 525 11 10 a
2542 519 82 17 Wnikato
2636 526 40 10 man
2690 521 32 15 but
2734 523 47 13 there

2349 545 43 10 were
2400 545 52 15 many
2459 541 59 18 things
2524 541 29 16 the
2560 541 83 16 Waikato
2648 541 60 21 people
2714 542 67 15 wanted

2347 560 39 16 that
2394 560 77 16 Rotorua
2479 562 60 21 people
2553 564 67 14 wantei
2637 568 18 10 as
2671 563 45 16 well.
2747 563 34 15 PV

2347 581 78 16 instance
2432 583 47 16 there
2488 588 35 11 was
2530 583 30 16 the
2573 584 91 16 reduction
2676 585 17 15 in
2709 585 72 19 railway

2347 602 80 21 freights.
2451 603 18 17 If
2483 604 64 16 elected
2561 605 21 16 he
2598 606 57 15 would
2667 606 84 15 endeavor
2764 608 17 12 to

2347 625 40 14 visit
2395 624 29 16 his
2436 626 113 16 constituents
2561 626 100 21 frequently
2675 626 33 16 and
2721 627 58 15 attend

2347 646 18 15 to
2373 646 46 15 their
2427 648 54 14 WHnts
2490 648 17 14 to
2515 647 29 16 the
2552 648 37 15 best
2598 648 18 15 of
2623 648 27 15 his
2658 648 67 20 ability.
2747 648 34 15 His

2349 667 38 15 idea
2396 672 35 10 was
2440 667 38 15 that,
2485 670 42 14 next
2540 670 63 15 session
2617 669 48 15 there
2679 669 56 16 would
2751 670 30 14 not

2348 685 21 18 be
2377 687 50 16 much
2436 689 39 15 cash
2484 694 17 11 in
2511 690 28 15 the
2547 690 86 21 Treasury
2648 691 33 15 but.
2695 689 86 17 whatever

2349 709 47 16 there
2406 714 34 11 was
2448 710 21 16 he
2477 711 55 15 would
2541 713 28 19 try
2582 712 33 15 and
2631 713 31 18 get
2676 712 46 15 them
2736 712 45 15 their

2348 731 51 16 share
2406 731 20 15 of
2433 731 20 15 it.
2485 731 28 16 He
2521 732 32 15 had
2563 738 22 10 no
2594 738 32 10 axe
2634 733 18 15 of
2667 733 27 15 his
2709 738 38 10 own
2763 734 18 14 to

2349 752 50 17 grind
2408 757 19 10 so
2434 752 21 15 he
2464 753 54 15 would
2528 753 35 16 find
2572 755 41 14 time
2622 756 18 13 to
2648 753 51 18 arind
2707 754 48 15 those
2763 754 18 15 of

2347 773 27 15 his
2382 773 120 17 constituents.
2527 774 102 20 (Prolonged
2641 776 86 19 Applause
2735 776 5 19 )

2370 794 21 16 In
2400 794 49 20 reply
2464 797 16 13 to
2495 797 87 19 questions
2596 797 29 15 Mr
2640 796 72 17 Herries
2724 797 55 15 stilted

2347 816 39 15 thut
2394 816 22 15 ho
2424 815 29 16 did
2460 819 30 13 not
2499 822 73 15 approve
2581 819 19 15 of
2612 818 29 16 the
2650 820 30 14 tax
2694 823 20 11 on
2734 823 34 11 com-

2347 837 68 16 mercial
2424 837 89 16 travellers
2520 844 31 10 nor
2559 844 21 10 on
2595 839 79 21 bicycles.
2704 838 28 16 He
2746 844 35 10 whs

2347 861 30 13 not
2386 858 17 16 in
2412 858 49 16 favor
2473 860 18 15 of
2502 860 71 20 making
2589 866 35 15 any
2640 860 99 16 distinction
2754 860 18 15 be-

2347 881 54 14 tween
2411 879 56 16 Maori
2481 880 34 16 and
2530 880 91 21 European
2638 887 64 10 women
2718 881 18 16 in
2751 882 31 15 the

2348 903 64 13 matter
2419 901 18 15 of
2444 901 92 21 procuring
2542 903 119 16 refreshment.
2671 903 28 16 Ho
2706 903 76 18 thought

2348 922 38 16 that
2393 922 29 15 the
2431 922 102 19 application
2542 924 18 15 of
2573 924 30 16 the
2610 925 35 15 fair
2652 926 38 14 rent
2699 924 82 21 principle

2348 944 57 15 would
2413 943 20 16 be
2442 945 60 18 unjust
2510 947 18 13 to
2535 945 49 16 those
2594 946 39 15 who
2645 945 34 16 had
2694 946 50 15 taker,
2759 951 22 15 up

2347 964 53 16 leases
2408 964 18 16 in
2434 966 102 21 perpetuity.
2560 966 50 17 Land
2619 972 35 10 was
2662 967 51 15 tcken
2722 972 24 15 up
2759 971 22 11 on

2347 986 30 16 the
2387 986 137 21 understanding
2532 987 39 16 that
2586 988 30 16 the
2629 990 39 14 rent
2680 988 57 16 would
2751 989 30 14 not

2347 1007 21 16 be
2378 1007 70 18 altered,
2458 1009 28 18 yet
2495 1008 22 20 by
2525 1009 35 16 this
2568 1009 13 16 it
2593 1009 50 16 could
2652 1010 21 15 bo
2686 1009 65 16 altered
2764 1010 18 15 at

2348 1028 29 16 the
2386 1028 34 16 will
2429 1028 19 16 of
2455 1033 11 11 a
2474 1028 84 18 Minister.

2370 1049 29 16 Mr
2407 1049 69 21 Mossnp
2484 1050 51 17 asked
2547 1051 14 16 if
2575 1051 30 16 the
2620 1052 91 15 candidate
2725 1051 56 16 would

2349 1073 72 18 support
2429 1077 11 9 a
2455 1071 29 16 bill
2500 1072 103 21 compelling
2618 1074 84 15 members
2720 1073 19 16 of
2753 1073 30 16 the'

2349 1089 61 19 House
2419 1094 17 14 to
2447 1094 45 14 meet
2504 1093 23 15 all
2542 1094 45 15 their
2601 1094 38 21 just
2654 1094 86 16 liabilities
2756 1094 26 16 for

2349 1119 50 13 rates.
2410 1113 36 19 Sen.,
2455 1114 57 15 before
2520 1115 87 18 receiving
2620 1115 46 16 their
2673 1115 108 16 honorarium

2348 1134 90 16 otherwise
2447 1134 29 16 the
2483 1136 37 15 said
2528 1136 88 16 liabilities
2628 1140 19 12 to
2662 1137 20 15 be
2698 1137 84 15 deducted

2347 1156 46 15 from
2401 1156 45 15 their
2455 1155 126 18 salaries.—Mr
2589 1157 72 17 Herries
2673 1159 55 15 stated
2743 1158 38 15 that

2348 1177 21 16 he
2388 1177 58 16 would
2462 1178 20 16 be
2498 1178 16 16 in
2530 1178 49 16 favor
2594 1180 18 15 of
2627 1180 41 15 such
2681 1185 10 9 a
2699 1185 81 10 moasure.

2349 1199 52 15 After
2408 1204 11 9 a
2427 1199 33 15 few
2469 1204 45 11 more
2522 1201 78 19 question
2610 1197 33 19 had
2652 1201 42 15 been
2702 1203 32 18 put
2747 1199 34 17 and

2348 1220 88 15 answered
2446 1220 4 22 ,
2457 1220 28 15 Mr
2499 1220 85 17 Williams
2598 1222 83 20 cropoßed
2695 1227 9 10 a
2717 1223 39 14 vote
2765 1222 18 15 of

2349 1241 64 15 thanks
2420 1243 18 13 to
2446 1241 28 15 Mr
2485 1241 71 17 Herries
2569 1243 28 15 for
2612 1243 26 16 his
2653 1243 39 16 able
2706 1243 74 17 address.

2350 1262 29 15 Mr
2386 1262 67 16 Seddon
2462 1263 82 16 seconded
2553 1265 33 14 and
2595 1265 39 15 took
2643 1264 30 16 the
2680 1265 91 20 opportuni-

2350 1286 19 17 ty
2377 1284 18 15 of
2403 1284 65 20 paying
2477 1289 9 10 a
2494 1284 42 20 high
2546 1286 109 20 compliment
2664 1288 17 13 to
2694 1284 29 18 Mr
2735 1286 35 16 Her-

2351 1305 33 16 ries
2392 1306 98 19 reputation
2499 1306 27 15 for
2535 1307 69 20 probity
2612 1307 35 15 and
2662 1306 119 22 fair-dealing.

2349 1326 37 16 The
2394 1327 64 15 motion
2467 1331 35 11 was
2509 1328 63 15 carried
2582 1328 23 20 by
2620 1328 118 17 acclamation.

2370 1347 30 16 Mr
2408 1347 70 17 Herries
2486 1348 75 16 thanked
2574 1349 30 16 the
2616 1349 82 17 audience
2713 1350 27 15 for
2753 1350 29 16 the

2346 1369 86 19 reception
2440 1369 64 16 ac'c'ordc
2509 1369 12 16 d
2528 1369 36 17 him
2579 1371 34 15 and
2623 1371 83 21 proposed
2720 1376 10 10 a
2744 1375 38 12 vote

2348 1390 18 15 of
2374 1390 63 16 thanks
2446 1392 17 14 to
2471 1390 29 16 (he
2508 1391 93 17 Chairman
2618 1392 56 16 which
2690 1397 36 11 vas
2740 1392 42 19 duly

2346 1413 66 14 earned
2421 1413 32 14 and
2464 1413 26 15 the
2500 1413 75 19 meeting
2582 1413 64 16 closed.

2504 1461 117 18 MAMAKU.

2382 1507 81 17 Mifcssfts
2472 1507 80 18 Kt/sabs
2564 1507 58 19 Bros.
2632 1509 113 17 Saltmti/ls.

2495 1554 137 22 (Concluded.)

2369 1581 26 16 As
2406 1586 28 11 Wfi
2442 1582 53 15 outer
2504 1581 31 17 tlie
2545 1581 39 17 mill
2594 1587 10 12 a
2613 1583 50 21 huge
2669 1583 33 21 log
2707 1583 20 16 of
2733 1583 48 17 rimti

2346 1604 40 16 24ft
2396 1600 46 23 ions:
2451 1603 25 23 by
2485 1604 39 22 .'J.jft
2534 1605 15 16 is
2558 1604 58 23 being
2630 1606 66 22 placed
2710 1612 25 11 on
2749 1607 33 16 the

2347 1627 85 22 carriage
2441 1624 81 21 beneath
2531 1627 33 19 the
2573 1628 33 21 big
2616 1629 59 17 frame
2688 1635 44 12 saw.
2763 1630 17 17 II

2345 1651 16 16 is
2370 1651 53 16 there
2430 1656 50 12 sawn
2490 1657 26 15 up
2524 1651 40 17 into
2573 1651 75 18 flitches
2662 1653 61 16 which
2732 1651 25 24 by
2771 1659 11 11 a

2345 1674 51 16 hanrl
2406 1678 74 17 process
2488 1680 31 11 are
2528 1671 36 20 slid
2573 1681 23 10 on
2604 1677 20 14 to
2631 1675 32 17 the
2671 1676 43 17 rack
2721 1674 59 20 bench

2346 1696 62 18 where
2417 1701 11 13 a
2437 1697 79 17 circular
2524 1703 38 11 saw
2562 1696 1 20 1
2571 1700 41 15 etits
2621 1699 53 16 fheirr
2682 1699 41 17 into
2731 1700 40 16 vari-

2345 1726 34 10 ous
2388 1721 51 16 .sizes.
2465 1721 38 16 The
2512 1721 74 17 outside
2596 1721 60 22 piece's
2665 1728 31 11 are
2710 1723 70 17 carried

2345 1743 58 23 along
2416 1744 20 17 to
2453 1743 61 18 where
2535 1750 11 10 a
2563 1745 95 23 swinging
2676 1752 37 10 saw
2730 1746 15 17 is
2762 1747 20 16 at

2345 1767 51 16 work
2409 1767 60 16 which
2480 1768 41 15 cuts
2529 1767 51 17 them
2590 1768 40 17 into
2641 1769 75 21 lengths
2733 1769 38 17 suit-

2345 1790 41 16 able
2399 1790 30 16 for
2443 1788 93 20 firewood.
2568 1790 88 19 Between
2673 1792 32 17 the
2722 1793 59 16 frame

2345 1818 38 11 saw
2396 1813 37 17 and
2451 1813 31 17 the
2500 1813 43 17 rack
2561 1813 59 18 bench
2637 1815 16 17 is
2670 1815 32 17 the
2718 1816 63 17 breast

2344 1836 60 17 bench
2415 1836 45 17 with
2469 1836 79 18 another
2557 1837 79 17 circular
2645 1844 38 11 saw
2693 1839 43 16 used
2752 1839 30 17 for

2345 1859 75 18 various
2429 1865 95 16 purposes,
2535 1859 35 18 but
2579 1860 67 23 chiefly
2655 1861 19 17 in
2684 1861 32 18 the
2727 1863 40 16 mak-

2344 1882 34 21 ing
2387 1883 21 17 of
2419 1882 88 23 shingles.
2533 1884 16 16 A
2564 1886 108 21 competent
2684 1886 96 16 workmen

2345 1906 38 16 will
2392 1907 32 16 cut
2438 1907 51 19 1,000
2498 1912 33 16 per
2543 1907 55 16 hou'r.
2629 1908 33 16 We
2677 1910 46 15 next
2738 1909 42 17 visit

2344 1929 32 18 the
2397 1929 80 22 planing
2500 1929 36 17 and
2559 1930 99 22 moulding
2679 1932 99 17 machines.

2343 1952 39 17 The
2391 1953 41 16 best
2442 1953 20 16 of
2470 1952 52 17 these
2531 1953 16 16 is
2559 1953 25 22 by
2594 1954 40 21 Fay
2643 1954 37 17 and
2695 1955 14 17 is
2726 1955 54 18 fitted

2343 1976 46 17 with
2398 1979 11 14 it
2419 1975 105 18 four-sided
2532 1976 131 21 head-cutter;
2678 1978 32 17 the
2719 1979 59 19 other,

2343 2006 11 9 a
2364 1999 101 17 two-sided
2474 2004 42 15 one,-
2524 1999 16 17 is
2549 1999 25 22 by
2590 2000 68 18 Green.
2693 2002 86 17 Between

2343 2022 53 18 these
2413 2022 64 17 stands
2492 2028 35 11 one
2543 2023 20 16 of
2575 2023 111 18 Matthew's
2703 2025 77 22 drilling

2343 2046 38 16 and
2402 2046 101 21 morticing
2519 2046 102 19 machines,
2640 2048 36 16 and
2695 2048 48 17 close
2760 2050 20 16 at

2343 2069 51 17 hand
2404 2069 15 17 is
2429 2075 10 11 a
2449 2069 103 22 gulletting
2561 2070 85 16 machine
2653 2071 29 16 for
2689 2072 78 21 sharpen-

2343 2092 34 22 ing
2386 2093 32 16 the
2428 2098 46 11 saws
2484 2092 38 17 and
2538 2092 66 17 knives
2618 2093 21 17 of
2652 2093 32 18 the
2701 2094 79 23 planing

2343 2112 101 21 machine's.
2478 2115 38 17 The
2533 2115 72 18 motive'
2621 2122 64 16 power
2702 2119 29 16 for
2747 2119 32 17 the

2344 2139 109 21 machinery
2469 2139 15 16 is
2500 2139 85 22 supplied
2600 2139 25 22 by
2641 2146 23 11 an
2679 2141 68 22 engine
2760 2143 20 16 of

2343 2161 63 22 2oh.p.
2416 2161 83 17 nominal
2508 2162 35 16 but
2552 2162 85 23 working
2648 2169 26 15 up
2683 2165 20 16 to
2716 2165 64 22 .'JOh.p;

2342 2184 26 22 by
2377 2182 22 19 A.
2408 2185 36 16 and
2452 2184 22 17 G.
2482 2184 59 19 Price,
2549 2184 85 18 Thames.
2661 2187 119 23 Everything

2343 2208 15 16 is
2368 2208 64 17 driven
2442 2208 25 21 by
2477 2208 58 16 direct
2545 2208 61 17 action
2617 2209 48 18 from
2681 2210 33 17 the
2729 2211 50 17 main

2343 2230 57 18 shaft.
2426 2231 39 17 The
2474 2231 68 22 engine
2550 2231 16 17 is
2577 2231 55 18 fitted
2646 2232 45 18 with
2709 2240 24 10 an
2750 2234 19 17 in-

2343 2255 80 21 genious
2431 2254 119 17 contrivance
2566 2254 70 18 known
2650 2262 21 11 us
2686 2256 93 23 Tangyo's

2343 2277 109 23 gun-metal
2470 2277 114 21 single-feed
2601 2278 103 18 lubricator
2719 2277 59 21 which

2343 2301 94 22 regulates
2447 2300 32 17 the
2488 2300 101 18 admission
2599 2302 19 16 of
2623 2301 27 18 oil
2656 2304 20 15 to
2683 2303 95 19 the'steam

2342 2324 49 21 pipe,
2402 2324 37 17 and
2449 2324 44 17 thus
2502 2324 64 17 makes
2574 2324 35 18 the
2616 2327 60 15 steam'
2684 2326 51 17 itself
2747 2328 33 17 the

2342 2345 116 24 lubricating
2467 2347 80 17 medium
2563 2348 36 16 and
2613 2354 76 12 ensures
2703 2356 12 10 a
2728 2356 38 12 mea-

2343 2371 54 17 sured
2407 2370 69 22 supply
2484 2371 21 16 of
2512 2371 25 16 oil
2547 2373 19 14 to
2576 2371 32 17 the
2623 2372 78 17 interior
2717 2375 49 16 work-

2342 2394 34 22 ing
2396 2396 60 20 parts;
2487 2394 61 17 There'
2563 2394 14 17 is
2594 2394 40 17 also
2651 2401 11 11 a
2679 2396 101 19 condenser

2343 2414 61 20 which
2419 2418 51 21 gives
2487 2423 23 11 an
2529 2417 105 18 additional
2650 2419 50 22 oh.p.
2719 2420 15 17 if
2750 2427 20 10 re-

2343 2441 72 22 quired.
2441 2441 38 17 The
2488 2441 59 17 boiler
2556 2441 15 16 is
2580 2446 10 12 a
2608 2442 78 16 Cornish
2703 2443 38 18 loft
2754 2444 25 22 by

2343 2464 29 17 sft
2381 2464 37 17 and
2428 2464 31 17 the
2470 2465 58 16 water
2536 2465 63 16 enters
2608 2465 20 17 at
2637 2471 11 10 a
2654 2467 126 21 temperature

2343 2488 20 16 of
2372 2486 24 18 SO*
2404 2486 82 24 degrees.
2512 2487 38 17 The
2563 2488 71 20 engine'
2645 2489 37 16 and
2696 2491 72 16 machin-

2343 2514 32 18 ery
2384 2513 31 14 Ufa
2425 2510 17 17 in
2455 2507 99 21 first-class
2562 2510 55 18 order
2621 2511 61 18 tinder
2687 2512 32 18 the
2728 2519 41 11 care-

2343 2534 28 16 ful
2381 2533 117 23 supervision!
2507 2534 19 17 of
2544 2534 31 17 Mr
2589 2534 61 18 Franz
2663 2535 48 18 Erti.
2742 2538 38 16 The

2343 2558 59 16 water
2411 2557 68 23 supply
2494 2557 15 17 is
2524 2557 76 17 derived
2616 2558 47 17 from
2681 2564 11 12 a
2709 2566 71 17 swamp

2343 2586 45 11 near
2396 2580 33 17 the
2438 2580 40 17 mill
2492 2580 39 21 but.
2544 2581 19 16 in
2576 2587 42 11 case
2634 2582 20 16 of
2670 2587 110 19 emergency

2343 2609 11 11 a
2362 2604 47 16 tank
2420 2604 19 16 of
2448 2610 10 10 a
2467 2604 85 22 capacity
2563 2604 19 18 of
2592 2606 65 17 .'50,000
2667 2606 75 22 gallon's
2747 2607 33 18 has

2342 2626 47 17 been
2399 2627 126 17 constructed.
2552 2627 19 17 It
2579 2628 16 16 is
2602 2628 100 23 popularly
2711 2630 69 17 known

2343 2656 20 11 as
2372 2650 32 17 the
2434 2650 111 22 Engineer's
2636 2657 23 11 on
2669 2655 79 15 account
2761 2655 20 15 of

2343 2679 11 11 a
2363 2671 116 24 cofliretemps
2488 2670 61 21 which
2564 2675 89 16 occurred
2668 2675 69 24 during
2748 2677 32 17 the

2343 2697 94 19 marriage
2446 2697 98 18 festivities
2553 2698 20 16 of
2582 2697 31 18 Mr
2622 2698 20 17 C.
2653 2698 81 19 Kusabs.
2755 2697 25 20 Ar

2343 2721 75 20 present
2428 2721 21 16 2j
2459 2726 42 11 men
2510 2726 31 11 are
2550 2721 100 23 employed
2659 2723 19 16 at
2690 2722 90 20 Mamaku

2342 2744 36 16 but
2387 2749 20 10 as
2416 2743 32 16 the
2457 2743 80 23 Oliaupo
2547 2744 38 17 mill
2596 2744 15 18 is
2620 2750 42 11 now
2671 2745 57 23 being
2742 2747 28 17 dis-

2343 2766 84 18 mantled
2437 2766 37 17 and
2483 2766 33 18 the
2525 2767 107 23 machinery
2643 2768 83 23 brought
2736 2770 44 17 here

2343 2790 53 17 there
2405 2789 38 17 will
2453 2796 43 10 soon
2507 2789 22 19 be
2539 2791 88 22 upwards
2636 2792 20 16 of
2665 2793 21 15 00
2696 2799 41 11 men
2747 2799 22 11 en-

2343 2813 63 23 gaged
2406 2810 1 26 1
2408 2810 4 26 .
2449 2812 134 24 Employment
2600 2814 15 18 is
2631 2815 40 16 also
2688 2816 56 20 given
2760 2818 20 16 to

2344 2843 58 16 many
2411 2837 20 16 of
2439 2836 33 18 the
2481 2837 73 17 settlers
2561 2837 19 17 in
2590 2837 32 18 the
2637 2837 142 22 neighborhood

2344 2861 43 16 who
2396 2865 31 12 are
2437 2860 82 23 clearing
2528 2860 49 17 their
2585 2861 45 16 land
2639 2862 37 16 and
2686 2864 94 17 contracts

2345 2883 29 18 for
2383 2883 69 22 falling
2461 2890 30 10 are
2505 2884 38 16 also
2559 2884 26 17 let
2599 2885 20 16 to
2636 2885 78 20 natives,
2733 2888 20 16 at
2770 2893 10 11 a

2345 2907 71 16 certain
2425 2907 40 17 rate
2474 2912 33 16 per
2522 2907 30 17 100
2552 2907 20 17 ft
2587 2907 33 22 log
2636 2911 142 17 measurement.

2345 2930 64 17 About
2418 2930 23 17 CO
2457 2930 72 16 natives
2543 2936 31 11 are
2587 2931 45 16 thus
2647 2931 99 23 employed
2760 2935 20 16 a!t

2344 2954 77 19 present
2430 2953 36 17 and
2476 2954 51 16 these
2536 2954 60 16 reside;
2605 2954 46 17 with
2660 2954 49 17 their
2724 2956 44 17 fami-

2345 2977 33 16 lies
2387 2977 18 17 in
2420 2977 64 21 no'atl}-
2498 2977 48 16 built
2560 2977 72 17 wharos
2648 2984 11 10 a
2676 2978 49 18 little
2742 2980 28 18 dis-

2345 3001 54 16 tance
2409 2999 31 18 off.

2368 3024 56 16 After
2432 3023 32 16 the
2473 3022 104 22 inspection
2592 3024 21 16 of
2624 3024 33 17 the
2672 3025 108 24 machinery

2345 3052 23 11 an
2378 3046 132 23 adjournment
2520 3046 15 16 is
2545 3046 54 17 made
2608 3048 19 16 to
2637 3047 32 18 the
2674 3050 106 21 manager's

2345 3069 143 19 office—which,
2506 3069 25 22 by
2546 3070 31 16 the
2594 3076 47 16 way,
2660 3071 16 17 is
2693 3072 38 17 also
2748 3073 32 17 the

2345 3095 44 19 post
2398 3093 37 16 and
2445 3098 67 16 money
2521 3093 54 16 order
2583 3089 56 22 office
2646 3095 20 16 of
2675 3095 32 16 the
2715 3097 55 15 settle-

2345 3116 58 17 ment.
2429 3116 50 16 Here
2488 3116 48 16 from
2547 3122 12 11 a
2568 3118 76 20 stumpy
2653 3118 55 17 black
2721 3119 59 18 bottle

2345 3139 80 22 bearing
2430 3140 31 16 the
2468 3139 87 17 innocent
2563 3139 109 22 inscription
2698 3141 69 18 Lemon-

2418 3168 12 10 a
2446 3162 78 17 libation
2541 3162 16 17 is
2573 3163 73 21 poured
2662 3166 34 15 out
2712 3166 19 16 to
2749 3166 31 17 the

2345 3185 66 18 deities
2420 3186 42 16 who
2470 3185 73 22 preside
2557 3191 44 12 over
2616 3187 94 21 sawmills,
2717 3189 38 17 and
2770 3196 10 10 a

2346 3212 76 18 general
2432 3209 43 16 chat
2484 3214 65 11 ensues
2558 3209 85 18 relevant
2655 3212 19 15 to
2688 3210 31 17 flie
2735 3218 34 16 pur-

2345 3237 45 17 pose
2404 3232 20 17 of
2437 3238 34 11 our
2484 3232 49 16 visit.
2566 3230 23 18 In
2607 3239 88 16 response
2710 3236 21 16 to
2747 3242 35 11 our

2347 3255 92 22 enquiries
2449 3259 27 12 we
2484 3255 39 17 find
2533 3255 41 17 that
2583 3255 91 19 Mamaku
2688 3257 15 17 is
2718 3259 64 17 rather

2450 3278 128 22 hiVndieapped
2594 3279 17 14 in
2627 3279 33 14 tlie
2677 3283 69 12 innrtnr
2763 3283 19 16 r>f

2347 3302 103 22 supplying
2468 3302 32 16 the
2516 3298 110 26 gold-fields
2644 3303 45 17 with
2707 3304 75 19 timber.-

2346 3325 39 17 The
2394 3326 40 16 rate
2442 3325 21 16 of
2471 3325 83 20 carriage
2563 3330 24 11 on
2597 3325 68 17 timber
2677 3328 20 16 to
2710 3327 72 19 Paeroa

2346 3348 16 17 is
2371 3348 20 17 3s
2401 3353 35 17 per
2444 3347 84 18 hundred
2538 3348 38 16 feet
2584 3350 33 20 yet
2626 3351 77 19 strange
2715 3352 20 16 to
2749 3358 33 15 say

2341 3371 1 22 '
2347 3371 101 18 kahikatea
2458 3377 32 10 can
2500 3371 23 16 he
2531 3371 84 22 brought
2626 3372 46 18 from
2683 3373 71 18 Paeroa
2762 3377 20 15 to

2347 3394 84 18 Eotorua
2441 3394 29 17 for
2481 3395 17 16 Is
2507 3391 24 21 9'd
2540 3400 33 16 per
2592 3396 38 16 100.
2665 3396 44 18 This
2724 3402 58 13 seems

2347 3417 109 17 anomalous
2477 3423 44 11 even
2539 3417 80 24 bearing
2635 3419 20 16 in
2672 3420 51 17 mind
2740 3422 42 16 that

2341 3439 1 24 i
2346 3440 102 18 kahikatea
2456 3440 19 18 iff
2481 3446 11 11 a
2498 3439 71 24 lighter
2576 3441 75 18 timber.
2677 3441 54 19 Since
2748 3450 34 12 our

2341 3464 1 21 ,
2347 3464 43 17 visit
2399 3464 33 17 the
2441 3466 40 15 rate
2489 3464 34 16 has
2531 3464 45 16 been
2592 3464 80 19 reduced
2686 3467 20 16 to
2721 3467 21 17 2s
2758 3468 24 17 6d

2347 3493 33 16 per
2390 3488 41 19 100,'
2439 3487 35 17 but
2481 3486 19 18 in
2509 3486 33 18 the
2551 3486 49 24 light
2609 3488 20 17 of
2635 3491 59 15 water
2699 3491 83 22 carriage

2341 3510 1 25 '
2347 3511 49 16 from
2406 3511 45 16 Auc'
2459 3510 43 16 land
2512 3512 19 14 to
2545 3510 71 17 Paeroa.
2630 3511 58 23 being
2701 3513 44 22 only
2764 3515 18 17 Is

2347 3539 33 16 per
2390 3533 39 18 100,
2439 3540 10 10 a
2460 3533 72 17 further
2540 3533 97 18 reduction
2653 3541 33 17 say
2700 3537 19 15 to
2734 3537 20 17 2s
2767 3534 15 20 is

2347 3556 95 17 advisable
2451 3556 18 17 in
2479 3557 31 16 the
2519 3556 87 19 interests
2616 3558 20 16 of
2650 3558 32 17 the
2697 3559 85 19 Railway

2347 3580 131 21 Department.
2504 3580 23 16 In
2536 3580 68 21 regard
2613 3582 19 15 to
2642 3581 32 17 the
2685 3583 69 22 output
2763 3584 20 17 of

2347 3603 32 17 the
2388 3603 42 17 mill
2436 3608 27 12 wc
2472 3607 33 12 are'
2511 3603 93 17 informed
2614 3604 43 17 that
2671 3606 20 16 at
2707 3608 75 19 present

2347 3626 14 17 it
2378 3627 88 16 amounts
2481 3627 19 16 to
2514 3626 59 17 about
2588 3627 96 20 3,000,000
2699 3629 38 17 feet
2750 3635 33 17 per

2347 3655 77 11 annum.
2450 3649 19 17 It
2482 3649 14 17 is
2511 3649 99 18 estimated
2625 3651 43 17 that
2682 3652 53 17 there
2752 3659 30 12 arc

2347 3673 59 16 about
2415 3673 118 19 200,000,000
2544 3673 38 17 feet
2590 3673 19 17 in
2618 3674 33 16 the
2663 3680 44 12 area
2713 3675 70 22 leased,-

2341 3695 1 24 •
2347 3702 26 13 or,
2385 3695 115 23 calculating
2507 3700 22 12 on
2539 3702 11 10 a
2556 3696 64 22 yearly
2627 3697 106 22 increasing
2738 3700 33 16 out-

2347 3720 43 20 put,-
2399 3718 90 19 sufficient
2499 3720 19 15 to
2528 3719 36 16 last
2573 3720 30 15 for
2611 3720 22 16 20
2643 3725 59 17 years.
2721 3721 22 18 In
2749 3723 33 17 the

2347 3743 69 16 matter
2423 3742 19 17 of
2452 3742 54 16 roads
2515 3742 32 16 the
2556 3742 74 18 settlers
2636 3744 43 16 here
2686 3749 31 12 are
2724 3745 58 23 badly

2347 3765 89 17 situated.
2462 3765 40 17 One
2510 3765 45 17 road
2564 3765 15 17 is
2594 3768 21 15 at
2630 3768 75 20 present
2723 3768 59 19 under

2347 3787 127 19 construction
2495 3789 48 16 from
2561 3789 32 16 tlie
2610 3790 71 16 station
2700 3792 82 17 towards

2347 3812 83 16 Arahiwi
2439 3811 58 17 about
2507 3812 21 16 ~o
2537 3812 64 17 chains
2613 3812 32 17 but
2655 3813 14 17 it
2679 3813 37 18 will
2730 3815 24 17 he
2763 3816 19 17 of

2346 3834 50 18 little
2411 3834 115 22 advantage.-
2550 3835 53 22 They
2620 3838 51 15 want
2688 3837 31 17 tlie
2736 3839 46 17 road

2347 3857 92 17 extended
2449 3858 51 21 right
2510 3859 19 15 to
2538 3859 82 16 Arahiwi
2630 3859 38 18 and
2681 3860 66 18 thence
2761 3863 20 15 to

2347 3881 32 16 the
2387 3880 196 23 Oxford-Turukenga
2589 3882 52 17 road.
2663 3880 49 20 That
2718 3885 63 17 would

2346 3904 66 17 enable
2421 3904 32 21 the
2462 3904 73 17 settlers
2544 3906 20 15 to
2573 3904 52 19 drive
2634 3906 53 17 stock
2696 3908 20 15 to
2731 3913 37 12 mar-

2345 3927 33 17 ket
2387 3933 21 11 or
2416 3923 57 26 bring
2481 3927 16 17 it
2506 3930 23 14 Ori
2538 3928 23 17 to'
2567 3928 49 18 their
2627 3928 94 23 holdings.
2756 3928 25 21 At

2346 3951 76 21 present
2430 3951 55 17 there'
2491 3956 31 12 are
2530 3956 25 12 no
2563 3957 63 11 means
2633 3953 20 15 of
2660 3953 59 17 either
2727 3954 43 17 load-

2346 3974 34 22 ing
2390 3979 21 11 or
2419 3974 105 22 unloading
2538 3975 44 16 such
2594 3974 21 18 at
2629 3975 96 21 Mamaku,
2743 3978 37 17 and

2347 4003 24 11 on
2379 3997 43 17 that
2430 3998 80 16 account
2524 4003 56 17 many
2595 3998 86 17 hundred
2694 4005 50 12 acres
2761 4001 20 17 of

2347 4026 52 15 grass
2408 4020 44 17 land
2462 4026 29 11 are
2500 4019 107 25 absolutely
2611 4021 98 19 valueless.

2369 4043 40 17 The
2418 4044 106 21 cxigenices
2535 4045 20 15 of
2566 4050 54 16 space
2636 4045 40 17 will
2690 4045 34 18 not
2737 4050 32 19 per-

2347 4066 35 16 mit
2390 4073 11 10 a
2408 4066 113 23 description
2531 4067 19 17 of
2565 4067 32 18 the
2609 4068 48 17 walk
2672 4069 58 22 along
2745 4076 35 12 one

2347 4089 19 17 of
2376 4089 32 17 the
2417 4095 100 12 numerous
2532 4090 79 18 wooden
2623 4092 49 17 tram
2691 4093 61 16 tracks
2761 4095 19 16 to

2347 4112 62 18 where
2419 4113 32 17 the
2458 4113 69 17 timber
2535 4113 15 17 is
2556 4114 58 21 being
2626 4115 95 17 obtained.
2742 4117 39 17 Tlie

2347 4135 44 21 ring
2406 4135 21 17 of
2440 4135 32 18 the
2488 4142 41 14 axe,
2544 4142 21 12 or
2579 4137 32 17 the
2622 4143 52 12 more
2691 4144 90 13 sonorous

2347 4158 61 17 sound
2425 4160 19 15 of
2456 4159 32 17 the
2496 4165 47 15 saw,-
2551 4160 15 17 is
2575 4160 57 18 heard
2641 4167 21 11 us
2670 4161 33 18 the
2719 4163 61 22 virgin

2805 132 49 18 bush
2862 132 16 17 is
2885 134 116 20 penetrated.
3037 136 28 23 By
3073 138 37 17 and
3128 137 25 23 by
3165 143 70 19 we'ag,

2805 156 70 25 proach
2885 158 20 15 to
2915 158 60 18 whore
2985 165 9 12 a
3010 161 85 24 gigantic
3103 164 48 19 rimu
3160 166 15 18 is
3184 165 51 20 bei.ia

2805 179 89 25 opewvtod
2921 186 60 16 upon,
3017 186 15 16 a
3054 188 102 19 stentorian
3188 191 47 20 voice

2805 205 87 20 hoarsely
2906 204 47 22 yells
2986 206 50 19 Look
3048 212 32 14 out
3124 212 33 18 We
3168 215 43 19 hear
3225 222 9 11 a

2805 228 104 17 succession
2927 228 21 17 of
2963 230 65 18 cracks
3045 239 20 10 as
3080 234 31 17 ;ho
3129 242 40 12 men
3183 240 50 18 stand

2804 254 50 14 clear
2879 252 20 16 of
2912 252 78 20 dinger',
3014 255 32 17 the
3066 262 19 17 uj
3092 259 16 14 rY
3116 265 9 10 r
3203 264 7 8 ■<

2804 275 74 17 swerve'
2895 274 37 17 arirl
2951 274 47 19 with?
3014 284 10 10 a
3039 273 60 26 foeavv
3170 290 21 13 as
3198 286 15 18 if
3217 286 21 16 n/

2804 298 88 22 anguish,
2902 298 38 17 and
2949 304 12 12 a
2970 299 102 25 deafening
3086 296 88 31 roar*the'
3180 310 53 17 trunk

2804 320 75 19 crashes
2887 320 84 25 through
2981 322 34 19 the
3022 325 77 19 sm'aller
3119 328 67 20 timber
3202 335 31 15 and

2804 344 142 18 underarowth.
2973 346 51 18 Than
3032 348 25 17 all
3075 350 15 17 is
3098 351 67 19 silenno
3196 356 26 18 An

2803 367 106 23 proachiag
2918 367 35 18 the'
2959 368 58 19 fallen
3026 371 40 18 tree
3075 378 27 12 wo
3110 371 41 21 find'
3165 377 32 18 the
3206 385 32 12 saw

2803 397 69 16 oozing
2881 392 50 16 from'
2939 392 33 17 the
2980 394 56 17 trunk
3043 400 20 13 as
3070 397 31 16 red
3108 403 20 11 as
3132 398 54 20 blood
3200 402 35 17 Out

2803 414 61 18 ofthis
2874 416 39 15 tree
2918 414 58 18 about
2986 417 63 16 10.000
3059 418 35 19 feet
3102 421 21 17 of
3127 421 67 20 timber
3198 426 36 18 will

2803 437 23 17 be
2835 437 96 18 obtained.
2966 439 19 17 It
3002 445 93 15 measures
3113 444 47 19 close
3169 452 22 12 on
3208 450 25 16 6ft

2803 459 84 24 through
2897 462 22 17 at
2926 461 34 18 the
2967 461 43 18 butt
3026 463 110 21 decreasing
3143 469 20 17 to
3180 470 53 18 about

2802 484 30 17 4ft
2841 484 30 16 Gin
2880 485 41 16 40ft
2935 490 32 16 up.
2994 486 19 17 It
3022 487 38 18 will
3069 488 23 18 be
3101 495 50 12 o-os*
3159 495 30 15 cut
3198 494 35 19 into

2803 507 42 21 logs
2854 508 20 16 of
2881 507 48 18 fro,,,
2939 508 21 16 12
2970 510 19 16 to
3007 510 40 17 30ft
3179 518 16 16 to
3205 519 28 17 the

2803 531 98 20 tramway,
2911 531 66 17 thence
2988 533 19 15 to
3021 533 33 18 the
3065 535 43 18 mill.
3143 538 36 19 The
3189 541 44 18 tram

2803 553 59 20 track,
2873 553 62 18 where
2944 554 15 18 it
2968 555 14 16 is
2991 555 92 19 ballasted
3094 559 44 19 with
3146 567 62 16 pon<*a
3216 572 18 11 or

2803 578 38 15 free
2859 576 40 17 fern
2909 577 37 17 and
2954 578 51 17 filled
3015 579 17 18 in
3044 581 44 18 with
3097 583 52 18 wood
3158 585 49 21 chips
3216 595 18 11 or

2802 599 96 22 shavings,
2907 600 14 17 is
2931 606 44 17 easy
2981 603 20 15 to
3015 603 50 18 walk
3071 610 30 16 on;
3121 607 59 19 where
3193 609 12 18 if
3221 613 5 15 i
3228 619 6 11 s

2802 624 35 15 not.
2853 628 21 11 so
2890 624 74 16 treated
2981 625 16 16 if.
3010 629 84 18 presents
3109 635 10 11 a
3134 630 34 17 few
3186 632 37 18 diffi-

2802 646 67 17 culties
2891 647 20 16 to
2925 646 56 17 those-
2994 648 63 19 whose
3073 651 51 23 early
3142 653 92 22 elusation

2802 675 18 11 in
2830 669 32 17 the
2871 675 41 16 way
2921 670 20 16 of
2948 671 51 18 tight
3007 678 44 16 rope
3062 680 24 11 iva
3096 674 47 26 king
3153 677 31 19 has
3193 679 43 19 becri

2802 692 97 21 neglected
2941 694 26 16 At
2978 695 75 18 various
3069 699 63 20 points
3148 702 87 20 attention

2802 722 15 10 is
2834 717 84 16 directed
2935 718 19 15 to
2970 719 70 17 several
3058 720 50 22 huge
3125 724 110 22 earthqiviko

2802 739 75 16 fissures
2886 738 3 30 (
2899 738 8 18 f
2912 741 147 25 comparatively
3068 747 61 15 recent
3139 746 97 22 formation

2802 762 119 22 apparently.
2948 763 52 23 They
3014 764 78 21 descend
3116 770 18 17 to
3158 772 77 18 unkown

2802 785 69 21 depths
2888 786 37 16 and
2940 792 32 12 are
3002 793 89 20 uncanny
3099 792 11 7 »
3118 793 21 17 to
3156 796 67 18 contem-

2803 809 57 21 plate-.
2887 809 16 16 A
2913 809 76 19 bullock
2998 817 22 11 or
3028 818 11 11 a
3048 813 54 17 horse
3116 817 119 21 occasionally

2803 832 108 21 disappears
2921 833 40 18 into
2970 838 37 13 one
3015 835 20 18 of
3040 836 57 19 these.
3131 839 104 22 Sometimes

2803 854 32 18 the
2844 855 71 17 animal
2925 861 15 12 is
2954 858 168 21 retrieved—some
3132 862 45 20 ioies
3193 865 12 17 it
3222 867 14 16 io

2803 879 40 15 not.

2827 901 39 17 The
2874 901 46 18 visit
2925 903 21 17 to
2953 903 35 18 the?
2994 904 79 25 gloomy
3081 908 55 22 guUy
3147 910 58 19 which
3222 914 14 17 is

2803 925 75 16 habitat
2887 925 19 17 of
2916 926 33 17 the
2955 929 49 15 most
3012 927 60 25 lovely
3079 931 20 17 of
3106 932 24 17 all
3139 933 14 17 >
3154 925 4 29 T
3159 940 27 10 ew
3193 935 34 19 Zea

2803 972 63 16 Wales
2883 972 144 23 feather)—was
3035 979 83 16 reserved
3128 980 20 16 to
3157 980 31 19 the
3197 981 32 20 last

2805 995 15 16 A
2829 995 59 20 slight
2906 1001 40 11 ram
2956 997 37 17 had
3003 1001 118 18 coriimenced
3131 1003 20 17 to
3160 1003 33 18 fall
3205 1006 31 17 but

2804 1023 46 12 once
2858 1018 20 17 in
2886 1018 31 17 the
2927 1019 47 17 bush
2985 1021 52 18 there
3045 1023 16 17 is
3068 1024 74 19 shelter.
3176 1028 18 16 It
3203 1028 33 20 had

2803 1042 35 16 not
2844 1042 46 16 time
2899 1042 19 16 to
2928 1046 98 17 penetrate
3035 1046 32 17 the
3081 1048 56 17 dense
3157 1056 47 12 mass
3220 1053 16 17 of

2804 1064 75 22 leafage
2888 1065 92 19 overhead
2992 1068 60 18 which
3067 1072 112 22 completely
3188 1075 48 18 shuts

2956 1090 51 17 Here
3016 1092 53 18 there
3077 1094 15 16 is
3102 1101 24 10 no
3135 1098 90 18 conscious-

2805 1116 41 12 ness
2994 1120 20 11 -jv.
3022 1115 21 18 of
3052 1117 126 20 aninsatiabls
3193 1126 33 14 saw-

2804 1134 40 18 mill
2859 1134 60 17 which
2938 1136 37 17 will
2998 1138 76 23 quicl-Iy
3092 1141 73 18 denude
3189 1144 47 19 these

2803 1159 63 21 bushy
2883 1159 47 17 dells
2947 1160 38 16 .and
3003 1161 61 24 shady
3080 1169 80 14 avenues
3174 1168 19 16 of
3214 1169 22 17 all

2804 1180 50 18 their
2878 1180 105 20 loveliness.
3025 1183 89 21 Nature's
3130 1189 52 18 voice
3206 1197 31 12 can

2803 1204 56 17 alone
2865 1204 25 16 be'
2897 1204 59 18 heard
2966 1206 28 18 for
3004 1211 29 14 we'
3040 1210 50 17 walk
3098 1211 64 21 alon~,
3172 1215 65 18 mostly

2803 1233 19 11 in
2833 1227 68 17 silence
2927 1230 151 26 contemplating
3094 1234 32 18 the
3143 1235 93 21 luxuriant

2803 1256 71 12 masses
2888 1252 20 15 of
2916 1253 117 23 vegetation,
3041 1256 32 17 the
3089 1260 55 18 great
3161 1259 50 18 boles
3220 1262 17 17 of

2803 1274 33 17 the
2845 1274 51 22 huge
2906 1276 48 16 trees
2968 1277 60 18 which
3045 1279 56 18 shoot
3117 1287 25 15 up
3160 1284 78 18 straight

2803 1303 21 11 as
2840 1303 24 11 an
2873 1303 67 14 arrow,
2961 1299 54 18 down
3026 1302 20 16 to
3059 1303 33 17 the
3105 1304 79 18 delicate
3198 1314 29 11 ara-

2803 1321 71 22 besque
2891 1322 51 16 work
2958 1323 71 18 formed
3039 1325 26 22 by
3079 1326 32 19 the
3123 1334 69 13 mosses
3203 1332 34 16 and

2804 1345 51 16 ferns
2865 1345 61 16 which
2943 1351 28 11 we
2988 1353 31 10 are
3033 1346 103 25 compelled
3151 1354 19 15 to
3187 1355 50 17 crush

2803 1367 82 18 beneath
2895 1374 34 11 our
2939 1368 44 19 feet;
3008 1371 44 18 This
3066 1374 103 21 particular
3182 1376 56 19 haunt

2803 1390 21 18 of
2841 1390 32 18 the
2883 1390 82 19 tndeasu
2966 1399 21 16 pe
2988 1393 109 25 rld{iov~\i
3111 1397 6 17 i
3118 1404 9 11 s
3146 1399 43 17 foun
3193 1400 10 16 ,l
3220 1401 17 17 ;„

2803 1420 75 11 various
2887 1415 72 23 places)
2975 1422 60 12 seems
3048 1420 21 15 to
3085 1420 23 17 be
3128 1427 25 11 an
3170 1423 68 18 extinct

2803 1438 68 17 crater;
2904 1437 19 18 It
2935 1438 16 18 is
2968 1440 64 17 rather
3048 1442 80 19 difficult
3144 1445 20 17 of
3181 1451 57 14 access

2803 1460 35 18 but
2847 1460 33 18 the
2888 1460 75 20 trouble
2972 1463 15 16 is
2996 1463 49 24 fully
3049 1466 65 22 repaid
3123 1467 26 23 by
3158 1474 10 11 a
3177 1469 62 22 glance'

2802 1484 20 17 at
2831 1484 53 16 these
2896 1486 123 21 magnificent
3033 1489 55 18 ferns.
3104 1484 2 26 '
3114 1491 79 18 Neither
3207 1500 31 10 sun

2803 1513 35 10 nor
2847 1508 50 16 wind
2908 1514 34 11 can
2951 1510 55 17 reach
3017 1512 51 17 them
3077 1514 37 16 and
3123 1514 33 18 the
3163 1515 75 19 absence

2802 1530 21 17 of
2837 1531 53 16 these
2907 1535 59 14 seems
2988 1535 21 15 to'
3024 1530 23 22 fee
3068 1536 137 23 indispensable
3221 1542 17 15 to

2803 1554 49 16 their
2861 1555 82 20 growth.
2978 1557 19 16 It
3010 1556 6 18 j
3017 1563 8 12 s
3035 1559 46 17 with
3095 1562 83 17 extreme
3191 1562 39 18 diffi-

2803 1577 52 22 culty
2863 1578 42 16 that
2923 1578 31 18 the
2964 1580 55 22 plant
3028 1588 34 11 can
3072 1583 23 17 be
3104 1585 64 17 reared
3185 1592 51 15 away

2803 1602 49 15 trom
2862 1601 24 16 its
2893 1603 99 17 mountain
3002 1604 62 19 home.

2827 1623 42 17 And
2880 1630 19 11 so
2909 1625 46 17 with
2965 1627 37 17 this
3019 1627 37 19 last
3065 1630 36 16 and
3111 1626 86 26 pleasant,
3210 1639 18 11 re-

2802 1647 99 17 collection
2913 1652 28 13 wC
2953 1650 44 17 take
3009 1651 52 18 leave
3068 1653 20 16 of
3096 1654 92 18 Matnaku
3203 1656 36 18 and

2802 1670 25 18 its
2836 1672 138 24 surroundings
2984 1674 30 17 for
3022 1675 32 18 the
3063 1679 81 18 present.

2965 1724 108 24 TAUPO.

2836 1781 64 23 [Fl'tOM
2914 1787 41 14 OUR
2968 1788 45 13 OWN
3023 1788 185 23 COKKESPONKEXT.]

2826 1813 44 17 This
2881 1815 50 16 week
2942 1815 33 17 has
2992 1816 48 18 boon
3054 1818 52 21 quite
3117 1825 24 11 an
3157 1821 81 18 eventful

2803 1842 35 11 one
2848 1842 64 17 owing
2921 1839 19 16 to
2956 1839 33 17 the
3006 1841 87 21 eruption
3111 1842 20 17 of
3147 1839 25 21 te
3187 1844 51 17 Mare

2803 1860 60 16 which
2874 1860 15 17 is
2898 1860 59 23 really
2965 1868 10 11 a
2985 1863 104 19 steamhole
3095 1871 24 11 on
3129 1866 107 23 Tangariro.

2803 1884 9 16 I
2822 1884 63 16 would
2894 1884 44 17 that
2946 1891 10 10 a
2967 1891 51 12 more
3027 1887 54 17 facile
3090 1895 36 15 pen
3135 1889 47 18 than
3191 1891 49 17 mine

2802 1906 56 18 could
2867 1907 43 22 give
2926 1914 11 10 a
2953 1909 53 17 word
3023 1910 72 21 picture
3120 1912 20 17 of
3155 1913 83 22 Friday's

2802 1935 60 12 scone.
2888 1931 69 17 Would
2966 1934 34 15 not
3006 1939 58 16 many
3083 1940 11 11 a
3111 1936 69 18 tourist
3197 1933 41 26 give

2802 1954 95 21 anything
2912 1955 20 16 to
2945 1955 48 17 have
3007 1952 70 22 seen'it.
3112 1959 25 16 At
3145 1959 59 19 about
3217 1962 23 16 20

2802 1976 83 18 minutes
2893 1979 20 16 to
2924 1979 7 16 )
2942 1985 10 10 a
2967 1978 53 21 larjre
3029 1980 50 23 body
3097 1982 19 17 of
3130 1984 57 17 steam
3203 1985 35 16 and

2801 2001 65 16 smoke
2873 2004 38 14 was
2919 2002 75 17 noticed
3010 2004 19 15 to
3038 1999 55 22 shciot
3102 2011 26 16 up
3143 2007 48 17 from
3208 2008 30 17 the

2801 2023 76 22 usually
2891 2025 61 16 active
2961 2022 110 26 steamhole,
3082 2028 32 17 the
3123 2028 55 18 cloud
3195 2032 43 16 then

2801 2046 102 23 gradually
2932 2049 99 21 ascended,
3052 2051 36 16 and
3119 2053 65 21 spread
3206 2056 33 16 out

2802 2070 93 17 umbrella
2904 2071 73 17 fashion
2989 2073 78 22 making
3076 2075 23 16 its
3110 2081 40 17 way
3164 2077 74 21 against

2801 2093 33 17 the
2852 2093 50 17 wind
2919 2095 19 16 in
2956 2102 11 10 a,
2983 2095 153 26 Northwesterly'
3149 2099 87 20 direction

2801 2117 19 16 It
2829 2117 34 16 hits
2872 2117 47 17 been
2937 2119 88 21 reported
3041 2120 49 18 since
3107 2122 43 17 that
3166 2124 32 17 the
3208 2125 30 17 red

2801 2140 56 17 cloud
2879 2146 38 11 was
2934 2142 76 17 noticed
3021 2149 46 12 roar
3091 2145 94 19 Atiam'uri
3202 2149 36 16 and

2801 2163 54 16 a'shes
2863 2169 49 11 were
2921 2163 123 23 experienced'
3055 2168 54 16 there
3124 2175 21 10 as
3162 2170 39 17 also
3215 2177 23 12 on

2801 2186 32 16 the
2848 2186 100 23 Waiotapu
2958 2188 52 17 road.
3043 2190 26 16 At
3086 2192 9 15 3
3105 2197 45 16 p.m.
3161 2194 77 18 another

2801 2209 88 21 eruption
2898 2210 49 17 from
2957 2211 33 17 the
3002 2216 53 14 same'
3068 2220 44 11 cone
3126 2216 45 17 took
3187 2218 51 21 place

2801 2232 72 17 similar
2882 2234 20 15 to
2911 2233 33 18 the
2953 2234 70 18 former
3031 2242 41 14 one,
3091 2239 75 22 equally
3178 2242 60 20 grand

2801 2256 32 16 the
2843 2256 57 16 white
2910 2263 52 11 snow
2971 2258 42 17 clad
3031 2262 107 17 mountains
3156 2262 82 24 forming

2801 2285 11 10 a
2825 2279 94 17 beautiful
2937 2281 48 17 back
3003 2284 74 19 ground
3094 2285 37 17 and
3147 2286 34 17 the'
3196 2288 42 17 blue

2800 2302 43 17 like
2852 2308 10 11 a
2869 2303 121 23 picturesque
2999 2305 115 22 foreground
3123 2309 20 17 to
3152 2310 32 17 the
3201 2312 28 21 pic-

2801 2328 48 14 ture.
2857 2326 4 26 _
2876 2326 19 17 It
2905 2332 37 11 was
2952 2328 40 17 also
3010 2330 75 17 noticed
3102 2331 42 18 that
3160 2339 24 11 on
3201 2335 36 17 this

2801 2349 86 17 occasion
2897 2350 26 16 all
2932 2350 32 18 the
2974 2353 108 18 mountains
3093 2354 61 22 began
3170 2359 56 16 steam-

2801 2372 35 21 ing
2858 2371 94 25 Kuapehu
2970 2375 74 22 usually
3062 2383 20 11 so
3096 2379 53 21 quiet
3169 2383 60 16 contri-

2801 2396 71 21 buting
2879 2397 25 16 its
2911 2397 60 19 share,
2982 2398 184 25 wliile-Ngauruhoe
3178 2404 59 18 which

2801 2424 38 12 was
2857 2419 56 17 sdent
2926 2420 71 24 during
3014 2422 32 17 the
3062 2424 42 17 first
3119 2426 88 19 outburst
3221 2430 18 16 of

2806 2443 20 16 lo
2839 2443 53 16 Mare
2904 2449 42 11 now
2964 2444 76 19 showed
3057 2447 53 22 sighs
3126 2450 21 16 of
3161 2451 77 22 activity

2801 2467 38 15 and
2863 2467 34 16 the
2912 2467 33 16 hot
2955 2467 51 18 lakes
3026 2476 25 10 on
3068 2471 32 17 the
3126 2475 78 16 summit
3220 2476 19 17 of

2804 2491 103 18 lon'garirh
2925 2492 41 15 sent
2984 2498 24 15 up
3025 2493 65 18 clouds
3098 2495 19 17 of
3131 2498 60 17 steam
3208 2500 31 16 the

2802 2512 49 16 wind
2862 2514 96 17 increased
2969 2515 36 16 and
3013 2517 77 21 veering
3098 2520 61 16 round
3173 2523 19 15 to
3208 2523 31 16 the

2802 2535 98 17 south'ard
2917 2536 49 18 blow
2987 2537 33 19 the
3037 2542 125 23 outpourings
3179 2545 20 17 of
3215 2546 24 17 Te

2802 2559 53 16 Mare
2862 2558 118 20 downwards
2989 2568 62 11 across
3065 2564 32 17 the
3112 2564 46 20 base'
3172 2567 20 18 of
3208 2569 31 17 the

2803 2582 99 17 mountain
2912 2584 91 22 partially
3012 2583 102 27 obscuring
3130 2590 50 18 them
3213 2593 25 17 As

2803 2605 48 17 dusk
2861 2611 51 12 came
2922 2613 24 10 on
2963 2608 32 17 the
3010 2610 44 17 mist
3071 2612 37 17 and
3126 2615 64 17 smoke
3207 2622 22 14 ap-

2803 2629 69 21 peared
2888 2630 19 16 to
2923 2630 77 19 thicken
3019 2633 36 17 and
3069 2636 51 20 quite
3137 2637 45 18 shut
3207 2641 32 15 out

2803 2651 52 17 what
2877 2658 39 11 was
2940 2657 114 22 apparently
3073 2663 11 11 a
3105 2660 61 20 grand
3183 2661 56 22 sight.

2826 2676 34 15 We
2876 2681 32 11 are
2923 2677 79 23 looking
3020 2680 82 18 forward
3119 2684 77 21 eagerly
3213 2685 28 19 for

2803 2704 50 11 news
2863 2698 49 18 from
2919 2700 91 19 Tokaanu
3020 2709 20 10 as
3049 2704 15 17 it
3073 2704 16 19 is
3093 2701 50 27 My
3151 2709 90 17 surmised

2802 2723 44 15 that
2855 2723 45 21 they
2913 2724 63 17 would
2990 2727 33 19 get
3032 2733 12 10 a
3059 2729 48 20 good
3117 2730 42 17 deal
3175 2732 20 17 of
3211 2733 30 16 the

2803 2745 69 16 second
2886 2747 87 21 eruption
2990 2749 39 17 still
3039 2756 25 11 no
3078 2751 49 19 fears
3136 2759 31 11 are
3180 2757 51 15 enter-

2803 2768 63 17 tained
2877 2769 29 17 for
2915 2770 32 17 the
2957 2772 62 22 safety
3027 2774 20 16 of
3056 2780 34 12 our
3099 2776 71 18 friends
3178 2784 61 12 across

2802 2793 32 15 the
2853 2794 64 16 water.

2825 2815 48 17 Last
2882 2816 84 23 Monday
2976 2818 75 23 (Prince
3067 2827 10 10 n
3079 2822 7 16 f
3098 2822 61 18 Wales-

2801 2837 46 23 day)
2860 2840 16 15 it
2891 2845 39 12 was
2947 2843 75 17 noticed
3039 2843 44 19 that
3098 2846 25 17 To
3134 2846 54 19 Mare
3204 2855 37 11 was

2802 2862 104 22 unusually
2915 2864 61 18 active
2985 2865 36 18 but
3029 2867 45 22 only
3083 2874 11 11 a
3103 2869 53 22 large
3168 2872 73 17 column

2803 2887 19 15 Of
2832 2887 58 15 white
2900 2888 59 17 steam
2971 2888 61 19 issued
3043 2891 57 20 forth,
3109 2893 82 19 whereas
3201 2895 30 17 Fri-

2802 2907 55 23 day's
2867 2909 99 19 ebullition
2984 2917 38 13 was
3040 2913 142 26 unmistakably
3197 2919 20 16 of
3233 2925 9 10 a

2802 2937 51 11 more
2863 2933 115 19 substantial
2994 2936 97 19 character
3100 2939 37 18 and
3144 2946 11 11 a
3162 2942 80 19 grander

2801 2956 99 21 spectacle.

2826 2979 17 16 A
2858 2979 49 18 local
2919 2983 87 16 amateur
3015 2984 143 23 photographer
3166 2989 76 17 eao-erlv

2803 3001 60 18 Seized
2872 3003 33 17 the
2914 3006 125 22 opportunity
3054 3009 20 15 to
3088 3008 50 18 hand
3154 3010 55 18 down
3223 3015 19 14 to

2802 3027 93 21 posterity
2905 3032 11 11 a
2926 3027 78 19 faithful
3020 3031 64 17 record
3102 3032 19 17 of
3137 3032 33 18 the
3187 3039 55 13 event

2802 3048 35 17 but
2847 3050 131 23 unforfnately
2987 3052 30 17 his
3025 3053 41 18 lens
3075 3060 37 12 was
3121 3058 34 15 not
3169 3063 60 16 power-

2802 3071 28 17 ful
2840 3073 83 22 enough,
2941 3075 62 17 as'the
3018 3077 62 21 object
3097 3079 20 16 of
3125 3079 29 17 his
3171 3081 71 21 picture

2802 3100 39 11 was
2850 3097 33 15 too
2892 3096 71 18 distant
2973 3098 94 21 (between
3075 3102 23 16 40
3104 3096 4 29 ;
3109 3102 32 17 .-nd
3151 3104 22 16 50
3182 3104 59 21 miles)

2803 3118 20 17 to
2832 3118 80 23 imprint
2921 3120 33 17 the
2959 3121 58 20 glass.

1234 75 59 23 THE
1321 75 58 23 SOt
1407 73 93 25 LAKES
1528 74 174 26 CHKOMCLE,
1730 73 189 27 WeDNESDA*,
1949 73 159 25 tfOt'EMB'ETI
2137 73 29 25 18',
2185 72 49 21 1896

99 243 87 18 YNTOtt
190 242 312 20 STEAMSHIPCOMPANYOF

79 262 11 16 1
102 262 7 25 J
166 268 60 17 NEW
235 266 123 19 ZEALAND
368 266 88 18 Limited.

135 305 121 17 fJKOPOaJiD
269 304 82 16 DEI'AR
358 304 4 18 i
370 304 67 16 UKES.

205 336 47 15 FOR
265 335 102 16 SYDNEY.

75 369 147 18 RoTomaiiana,
233 366 90 22 Tuesday,
334 365 47 17 Nov.
393 364 26 19 10,
433 368 10 11 o
456 366 45 17 p.iu-.

146 409 48 15 for
205 407 131 17 suUi'HKUj)
348 406 78 15 rums.

71 635 160 46 nUDDART,
256 633 111 19 PARKER,
389 631 53 18 AND
463 626 32 21 GO

233 656 107 26 (limited.),

94 705 95 24 Splendid,
199 701 161 26 Well-appointed
366 701 93 17 Steamers
464 699 39 16 Will

71 730 22 18 be
102 728 113 24 despatched
224 729 48 16 from
280 728 118 16 Auckland,
409 729 20 11 as
444 722 59 18 under

71 753 89 23 [weather
175 751 36 18 and
232 751 53 17 other
301 748 143 19 cireumstancea

71 774 120 22 mitting):—
429 791 10 3 _
446 791 44 2 ___

71 800 40 16 Foit
118 797 134 20 GISBORNE,
259 795 104 19 NAPIER,
370 791 117 19 WELLING-

92 822 57 20 TON,
160 819 156 19 LYTTELTON,
327 818 15 17 &
350 815 128 20 DUNEDIN,

73 845 100 20 Anglian,
180 844 100 18 Tuesday,
287 842 48 17 Nov*
407 844 57 12 noon.

72 868 116 17 Tasmania.
196 866 122 19 ...Tuesday,
333 864 46 17 Dee.
388 863 16 20 1,
416 863 6 15 1
447 866 55 13 noon.

198 910 51 19 EOll
263 909 111 20 SYDNEY,
397 909 4 27 t

116 935 115 25 (Returning
243 937 19 15 to
271 932 99 20 Auckland
378 929 79 24 Direct.;

71 960 94 23 Carrying
185 960 111 20 Passengers
316 957 30 17 for
368 955 134 19 MELBOURNE,

83 983 54 18 other
143 983 130 17 Australian
280 981 69 17 Ports,
357 977 133 20 andHouART,

71 1009 115 19 Tasmania.
195 1006 14 22 ..
217 1009 105 18 .Monday,
332 1007 49 16 Nov,
391 1006 27 19 I<>,
430 1007 13 14 *
457 1009 46 17 p.m.

73 1035 99 17 Anglian,
222 1032 95 17 Monday,
329 1030 48 16 Nov.
392 1030 27 17 30,
437 1028 11 17 4
456 1032 47 17 p.m.

97 1060 31 18 All
136 1060 74 17 Tickets
217 1065 30 11 are
255 1057 92 18 available
355 1056 40 17 also
409 1056 29 16 for
447 1053 45 23 Stop-

73 1089 44 12 over
125 1089 21 11 or
155 1083 69 16 Return
239 1082 25 21 by
276 1080 54 18 ANY
346 1079 84 17 UNION
445 1077 58 19 CO.'S

74 1104 138 22 STEAMERS,
223 1105 37 17 and
266 1103 74 19 holders
349 1102 20 18 of
377 1102 67 17 U.S.S.
462 1101 42 16 Co's

73 1130 75 16 Tickets
167 1134 43 13 may
227 1127 58 18 travel
301 1127 26 21 by
349 1124 118 19 ANGLIAN
483 1129 21 11 or

72 1152 139 19 TASMANIA.

169 1181 23 17 L.
205 1181 24 16 D.
239 1176 104 21 NATHAN
359 1178 15 17 &
387 1176 46 20 CO.,

400 1200 80 22 Agents.

208 1243 95 27 rpnos.
327 1242 68 18 COOK
416 1241 15 18 &
456 1240 45 18 SOU

79 1290 6 6 '
101 1291 12 19 V
208 1291 87 17 TOURIST
298 1287 203 20 &GENERALPASSEJT

264 1317 39 14 gee
310 1313 86 19 Agents,
403 1313 36 15 etc

74 1380 39 19 All
120 1380 75 17 Lines.
210 1377 37 18 All
253 1376 94 18 Routes.
362 1374 38 18 All
405 1373 96 18 Classes,

142 1402 40 18 AT
195 1399 121 19 LOWEST
329 1397 102 19 RATES.

72 1448 91 22 Through
171 1447 74 18 Tickets
253 1444 61 18 issued
327 1446 20 15 to
361 1444 67 16 South
442 1442 48 17 AFRI-

97 1476 38 14 CAN
142 1471 132 18 GOLDEIELBS,
285 1467 151 20 Johannesburg,
444 1467 34 15 etc.

95 1519 38 16 For
141 1517 26 17 all
175 1515 119 18 information
304 1513 57 23 upply
370 1513 19 16 to

119 1545 88 17 COOK'S
219 1541 124 20 SHIPPING
356 1540 99 19 OFFICE,

116 1575 28 19 80,
159 1573 161 19 QUEEN-STKEET,
335 1570 119 17 AUCKLAND.

106 1602 85 18 Rotorua
199 1602 76 19 Agency
283 1596 4 25 :
300 1599 92 15 Hinomoa
403 1596 67 17 Street.

192 1651 25 12 1)Y
231 1647 148 16 APPOINTMENT.

69 1831 249 23 MANUFACTURING
341 1828 157 23 JEWELLER,

148 1860 59 19 AND
223 1856 196 23 SILVERSMITH,

69 1894 101 28 QUEEN
191 1893 123 27 STREET,
332 1889 167 28 AUCKLAND.

260 1933 40 13 AND

104 1962 29 24 B.
155 1959 191 26 PETERSEN
361 1958 23 25 &
405 1957 22 25 C
443 1977 13 11 ~

69 2002 63 24 High
153 2001 84 22 Street,
255 1998 243 20 CHRISTCHURCH.

91 2050 117 18 HIGHEST
220 2049 107 17 AWARDS
337 2048 138 17 OBTAINED.

67 2079 77 23 Sydney
153 2078 115 19 Exhibition,
278 2078 50 18 1879,
339 2076 37 17 and
388 2076 88 17 Mcibour

196 2101 116 19 Exhibition,
323 2101 52 16 1890,

76 2160 17 16 T
103 2159 56 17 OHN
183 2159 16 16 I.
229 2157 106 17 PHILIPS
367 2156 54 17 AND
454 2155 45 20 CO.,

69 2176 22 25 fj
177 2185 75 13 MINING
266 2183 119 16 ENGINEERS,

116 2207 128 16 AUTHORISED
258 2205 77 15 SIININO
348 2206 41 13 AND
398 2205 56 13 LAND

162 2231 102 13 TRANSFER
278 2229 122 13 SURVEYORS.

69 2275 55 17 Head
134 2269 67 25 Office:
224 2272 105 22 Halyday's
346 2269 105 24 Buildings,
470 2271 27 20 26,

139 2295 174 21 Shortland-street;
323 2292 105 20 Auckland.

69 2326 46 18 P.O.
125 2327 41 16 Box
175 2326 40 16 332.
343 2323 106 22 Telephone
458 2323 39 16 9SG.

69 2354 56 17 Cable
135 2353 80 17 Address
223 2350 4 22 :
240 2352 135 20 THEODOLITE,
393 2350 104 18 Auckland.

196 2399 74 17 Branch
287 2397 66 18 Offices
361 2397 4 19 :

69 2429 169 18 Vr'HAKF-STHF.F.T,
248 2423 163 21 PAEROA—MfF.
421 2425 23 17 A.
451 2427 36 16 Cut-

92 2453 38 19 ten,
141 2452 52 18 C.E.,
203 2450 75 22 Mining
292 2449 92 22 Surveyor
397 2449 19 16 in
429 2449 69 21 charge

92 2476 19 17 of
120 2472 82 23 district;
216 2474 32 17 Mr
258 2472 20 17 T.
295 2472 96 20 Whewell,
409 2472 90 17 Resident

92 2499 103 20 Secretary.

69 2522 166 18 BrcWN-StßeeT,
245 2518 139 18 Thames—Mr
396 2518 67 17 Albert
479 2518 18 17 S.

92 2544 68 20 Allom,
169 2543 42 17 Miu
221 2549 26 15 ng
256 2542 93 22 Surveyor
356 2541 20 17 in
393 2541 70 23 charge
479 2541 20 16 of

91 2567 77 18 district.

69 2590 99 18 Kavanga
188 2590 62 18 Road,
273 2589 139 17 Cokomandel
451 2587 46 17 P.O.

92 2615 40 15 Box
151 2613 25 17 17.
203 2613 30 16 Mr
249 2612 22 17 E.
289 2611 24 18 H.
332 2611 72 21 Hardy,
423 2610 68 22 Mining

92 2637 93 20 Surveyor
193 2635 18 18 in
221 2636 67 20 charge
297 2634 19 17 of
328 2631 84 26 district;
427 2631 32 19 Sir
475 2634 23 16 A.

92 2660 19 17 P.
124 2659 74 19 Billiner,
212 2658 87 17 Resident
313 2656 103 22 Secretary.

127 2711 315 50 TAILORING.

74 2787 103 26 Direct
202 2786 80 25 from
306 2785 56 25 the
390 2784 87 26 Manu-

208 2819 149 25 facturer.

104 2895 30 17 its
153 2895 25 17 to
199 2893 105 18 Measure
322 2893 24 17 at
363 2888 137 26 Up-to-date

146 2917 76 18 Prices
232 2916 35 18 for
278 2916 61 18 Cash
355 2914 66 24 Only.

123 2982 16 19 &
144 2977 220 24 WORKMANSHIP
371 2975 110 24 GUARAN-

243 3010 77 21 TEED.

135 3045 165 32 KOLESAIE
317 3041 150 35 FACTORY

168 3086 163 32 CLOTHING
348 3086 49 31 CO.

102 3146 112 45 TOE.
244 3142 232 56 MUNRO,

200 3213 177 25 HGENT,

171 3246 232 27 OHINEMUTU.

76 3314 288 47 Ehrenfried
377 3314 122 45 Bros

215 3370 140 24 BEEWERS,

152 3403 105 19 ALBERT
273 3401 147 24 BrtEWERY,

95 3432 15 26 (J
115 3435 17 20 U
136 3435 53 20 LEN
195 3436 34 18 ■bT
233 3434 75 24 KEET,
323 3434 39 19 AU
366 3432 115 21 CKLAND

105 3487 55 16 VINE
174 3487 48 15 AND
235 3486 78 16 SPIRIT
323 3483 155 21 MERCHANTS,

116 3513 119 17 BOTTLERS
247 3514 50 15 AND
313 3512 144 19 IMPORTERS,

158 3537 25 18 43,
199 3539 130 13 OAIEEN-fcTBEET
346 3539 59 10 WJlAIii
405 3537 4 18 -
411 3537 3 18 .

165 3587 49 11 PBIZK
226 3586 58 12 MI'HAL
295 3586 35 11 >ND
341 3584 71 13 AWABBS

75 3608 21 16 \t
106 3607 28 17 the
149 3608 87 16 following
253 3607 111 16 Exhibitions
379 3606 27 16 for
414 3610 33 12 our
454 3605 37 17 Well-

168 3629 60 16 known
243 3628 43 17 Bulk
295 3629 32 14 unci
337 3627 68 16 Buttled

184 3650 47 15 ALE
242 3649 50 17 AND
304 3646 85 20 STOUT:

81 3685 12 7 •.
112 3683 8 8 ii
134 3683 8 10 v
155 3676 120 16 International
282 3676 107 17 Exhibition,
401 3676 47 16 1879.

76 3694 99 20 Mfclbmnno
187 3697 119 16 rnteruutiomil
315 3696 107 19 Exhibition,
432 3697 69 14 1880-81

110 3716 3 22 ■
127 3718 72 16 Zealand
207 3718 203 19 industiialExhibitiou,
414 3716 77 22 Welling-

118 3744 34 14 ton,
165 3740 45 16 1885.

76 3763 18 14 ;,.
106 3767 10 8 ,v
139 3760 71 17 Zealand
225 3761 32 15 ar.il
271 3761 52 15 South
337 3761 40 15 Sean
393 3759 108 16 Exhibition.

116 3781 87 17 Dunedin.
216 3782 75 16 18SH-90.

76 3804 18 16 Ln
104 3803 76 17 addition
191 3804 15 15 to
217 3802 52 17 nhove
276 3803 42 16 have
337 3803 41 15 been
393 3801 79 17 awarded
485 3804 17 13 at

116 3824 104 16 Taf-maniun
254 3823 104 21 Exhibition,
386 3823 116 18 Lauiitentoii,

118 3846 78 16 1891-92.

160 3875 57 17 FIVE
229 3875 68 16 FIRST
314 3875 103 17 AWARDS

273 3900 31 13 FOR

118 3919 30 16 IE
167 3917 106 18 BOTTLED
289 3918 55 15 ALES
361 3918 51 15 AND
429 3918 75 16 STCVT

267 3939 13 15 A
284 3940 28 15 ho.

103 4003 62 23 Gold
181 4002 85 23 Medal
276 4001 28 23 of
313 4001 165 23 Australasia

79 4065 87 24 BULK
179 4064 70 23 AH33
268 4063 144 24 BCITLED
426 4064 64 23 ALE

170 4116 11 16 H
191 4116 47 20 ivicg
247 4121 7 11 u
268 4115 54 21 Luigo
330 4114 52 17 Slock
391 4116 18 15 of

262 4146 30 17 ND
306 4146 82 19 STOUT,

555 151 25 19 VO
594 153 52 17 THE
655 151 132 18 ELECTORS
795 152 34 17 OF
840 151 52 18 THE
905 150 51 17 BAY

527 151 53 33 rp'O
594 153 52 17 THE
655 151 132 18 ELECTORS
795 152 32 17 OF

664 198 33 18 OF
707 198 110 19 PLENTY,

526 279 76 19 Ladies
611 284 42 13 a:,-d
664 278 135 24 Gentlemen,

550 320 28 18 At
590 319 33 18 the
633 321 82 22 request
724 318 21 19 of
755 325 11 12 a
776 319 57 25 large
841 318 87 20 number
935 317 21 19 of

524 351 83 19 electors
616 347 12 22 t
638 351 51 19 h..ve
699 350 63 24 again
774 350 82 19 decided
873 352 20 17 to
909 355 36 14 con-

524 385 39 16 test
572 382 41 18 this
624 382 89 23 District,
726 384 35 16 not
778 388 23 13 as
808 388 26 12 an
850 383 103 24 opponent

525 416 20 15 to
555 412 33 19 the
600 414 81 23 present
691 412 142 23 Government,
846 412 36 19 but
891 418 21 12 as
920 417 37 13 one

524 444 62 24 ready
608 447 20 15 to
651 446 84 22 support
758 449 40 19 any
849 447 108 15 /vernment

525 475 66 19 whose
599 475 65 24 policy
672 481 18 12 is
698 475 73 19 liberal
778 475 40 19 and
825 475 131 25 progressive.

550 510 11 18 I
571 508 40 21 will
621 509 47 19 take
682 515 25 13 an
718 509 55 25 early
789 511 131 23 opportunity
936 510 21 17 of

525 541 88 23 meeting
635 541 35 19 the
687 541 84 19 electors
787 544 21 16 at
826 541 34 19 the
877 541 79 19 various

524 577 78 14 'centres
612 572 21 19 of
643 572 118 25 population
781 572 125 25 throughout
922 572 34 18 the

526 603 118 23 Electorate,
655 604 20 17 of
693 602 64 19 which
775 603 39 19 due
831 602 65 19 notice
916 602 40 19 will

525 633 25 19 be
561 633 66 25 given.

758 663 57 24 WM.
830 666 100 20 KELLY.

551 701 97 23 Rotorua,

578 733 85 19 October
674 732 55 23 24th-,
743 735 56 17 189f>.

527 797 55 32 rpo
595 793 53 21 THE
660 794 131 21 ELECTOES
804 795 32 20 OF
845 795 51 19 THE
905 797 51 17 BAY

602 843 32 17 OF
644 844 103 17 PLENTY
755 844 124 17 DISTRICT.

526 945 77 19 Ladies
613 952 42 12 and
665 945 134 24 Gentlemen
802 957 26 2 —

551 996 11 18 I
572 997 52 18 have
634 997 34 18 the
680 997 63 18 honor
753 999 20 16 to
780 997 73 18 inform
862 1002 40 18 you
912 996 44 18 that

526 1039 10 19 I
547 1039 53 19 shall
611 1039 25 19 be
645 1046 12 12 a
667 1039 111 19 Candidate
788 1039 31 19 for
825 1039 40 18 this
873 1039 83 19 District

526 1087 21 13 at
557 1082 35 18 the
600 1082 136 25 forthcoming
744 1082 85 18 General
836 1081 90 19 Election
934 1089 22 11 as

526 1131 26 12 an
564 1124 106 26 Opponent
688 1128 19 15 1o
718 1125 33 18 the
766 1128 80 21 present
865 1124 90 19 Govern-

617 1214 130 22 WILLIAM
759 1214 27 21 il.
798 1216 109 19 HEEEIE

552 1263 139 26 Shaftesbury)

577 1298 119 26 September
705 1298 54 23 25th,
771 1298 55 19 1896.

647 1534 190 23 NOTICE:

529 1585 131 43 ITNLESS
669 1587 36 19 the
715 1587 87 19 overdue
813 1590 62 17 water
882 1588 73 26 supply

554 1611 8 16 >
598 1612 43 19 fees
650 1619 34 13 are
693 1613 49 23 paid
759 1613 26 23 by
802 1613 35 20 the
855 1616 44 17 21st
915 1614 40 20 iust

526 1638 33 18 the
569 1638 72 25 supply
653 1638 38 20 will
703 1639 23 19 be
736 1642 33 16 cut
780 1640 34 18 off.

748 1665 39 19 BY
801 1663 101 22 OUDER.

550 1689 117 21 November
677 1691 41 21 sth,
733 1693 33 17 189
766 1693 22 17 G.

536 1790 19 27 \
570 1788 185 24 PPLICAtfIONS
776 1792 32 20 for
825 1793 33 20 the
869 1794 54 19 office
935 1795 19 18 of

523 1813 44 20 -£*-
578 1813 3 31 '
596 1816 74 21 Sexton
682 1818 40 19 will
735 1820 22 17 be
768 1820 90 18 received
877 1820 25 24 by
921 1821 33 18 the

523 1843 60 18 Town
594 1843 67 19 Hoard
672 1850 27 19 up
714 1847 20 17 to
751 1845 135 25 Wednesday,
906 1846 47 19 25th

522 1870 45 18 iust.

701 1896 21 19 C.
734 1896 140 25 MaLPEOY,

562 1920 108 21 Chairman
682 1922 91 20 Rotorua
783 1924 59 18 Town
855 1924 72 19 Board.

659 1982 150 23 TENDERS

524 2034 151 42 TENDERS
692 2034 41 19 will
749 2035 25 18 be
791 2033 89 21 received
888 2042 26 19 up
933 2037 20 18 to

590 2062 44 17 21st
644 2060 41 20 iust
696 2061 33 20 for
747 2062 89 24 erecting
855 2065 38 16 two
912 2066 31 15 cot-

523 2089 56 21 tages
589 2089 20 16 at
620 2086 95 20 Botorua.
752 2087 61 20 Flans
834 2088 40 18 and
893 2089 50 24 speci-

522 2112 89 19 fications
630 2115 21 16 to
671 2112 25 20 be
715 2121 46 12 seen
781 2116 20 17 at
824 2114 33 19 Mr
881 2114 24 19 B.
934 2115 19 18 S.

523 2137 93 25 Penny's,
628 2140 74 17 Arawa
712 2140 70 18 Street.

654 2165 107 19 KUSABS
772 2164 154 21 BROTHERS.

522 2224 132 22 ROTORtTA
686 2226 194 21 PROSPECTING
910 2229 30 19 AS-

659 2253 156 19 SOCIATION.

523 2302 79 45 TUE
611 2304 95 27 ordiflnry
720 2307 89 22 meeting
821 2306 39 19 will
872 2313 23 12 no
907 2305 47 20 held

596 2331 19 18 ill
630 2328 34 22 (he
676 2332 70 18 Grand
765 2333 61 17 Hotel
848 2339 24 11 on
891 2333 63 18 Wed'

522 2356 80 26 nesday,
614 2358 30 22 (to
655 2358 74 25 night),
740 2357 116 19 November
867 2359 54 23 18th,
932 2362 21 15 at

522 2384 43 17 8.30
575 2389 13 19 i>
598 2389 24 13 in.

771 2410 38 19 BY
825 2410 101 19 ORDER.

721 2476 80 22 Repairs
819 2477 18 16 to
860 2476 92 20 Watches,

534 2493 34 23 YY
609 2498 107 23 Jewellery,
735 2496 38 23 &c,
792 2499 39 17 also
848 2499 62 17 orders
926 2500 29 17 for

522 2526 40 11 new
571 2521 88 18 Watches
667 2518 36 20 and
721 2521 106 23 Jewellety,
845 2523 20 17 to
881 2523 23 16 be
919 2523 36 17 left

522 2544 45 17 with
576 2544 26 17 H.
613 2543 85 22 Stewart,
710 2544 16 17 Si
736 2542 57 24 ddl'er,
808 2546 58 22 agent
882 2546 30 17 for
928 2546 25 17 H.

522 2566 25 17 H.
557 2567 100 21 Howdex,
669 2568 132 17 Watchmaker
809 2568 38 18 and
860 2568 92 21 Jeweller,

522 2590 104 15 Hamilton.

1016 4243 101 38 Ask
1147 4243 70 39 for
1243 4243 263 44 Hancock's
1536 4250 278 39 Celebrated
1845 4245 188 43 XXXX
2059 4246 112 40 Ales
2198 4248 95 38 and
2320 4248 145 38 Stout

2804 3170 68 18 WILL
2881 3171 56 19 YOU
2945 3173 33 17 BE
2987 3175 65 18 WISE
3060 3177 7 17 ?

2887 3218 34 18 OR
2930 3220 163 21 FOOLHARDY
3104 3225 7 17 ?

2805 3262 69 19 SUCH
2881 3255 184 32 SYMPTX>MS~AS'-

2828 3287 37 9 TTT?
2873 3288 29 16 ITj
2909 3288 5 9 4
2922 3290 52 7 ftlTTi

2851 3309 149 24 BACKACHE'.

2877 3334 158 21 SLEEPINESS

2901 3357 179 27 INDIGESTION,
3092 3361 25 22 <£c

2829 3380 127 19 INDICATE
2964 3384 16 17 A
2990 3383 133 23 DISCmDED
3131 3385 79 23 LitEf

2853 3403 139 21 CLEMENTS
3001 3408 78 19 TONIC
3089 3411 23 16 IS
3121 3413 16 16 A

2828 3426 106 20 PROMPT
2943 3429 54 19 AND
3014 3432 119 19 POSITIVE
3143 3436 68 18 CURE

2885 3498 83 18 TREAT
2984 3500 139 22 SYMPTOMS
3140 3505 25 18 IT

2877 3519 124 21 REMOVES
3008 3522 56 20 THE'
3071 3524 91 21 CAUSE,

2824 3566 2 25 .
2844 3566 51 18 FOR
2904 3568 85 19 PROOF
2999 3571 70 18 READ
3076 3573 60 18 THUS
3146 3580 29 4 •

2804 3588 37 18 Mr
2858 3589 82 21 James
2957 3592 67 24 Neill,
3043 3595 142 21 Middleman*.
3196 3599 42 18 New

2863 3615 72 17 cured
2949 3615 27 19 of
3007 3615 3 26 .
3041 3615 89 26 Zealand,
3142 3622 62 18 writes
3218 3629 21 10 or.

2828 3636 78 22 Pains,
2917 3638 23 18 in
2954 3639 67 19 Back'
3044 3642 41 18 Oct.
3102 3642 42 24 2nd,
3163 3645 42 18 1894
3214 3651 25 7 •

2836 3660 47 18 and
2897 3660 114 26 Kidneys.
3045 3665 10 16 I
3072 3665 47 20 have
3131 3667 58 19 found
3199 3669 30 17 Cle-

2804 3683 61 17 ments
2874 3684 59 18 Tonic
2939 3687 20 15 to
2968 3686 23 18 be
3005 3692 12 12 a
3029 3689 106 18 wonderful
3144 3688 95 22 medicine,

2804 3707 10 16 I
2823 3707 48 16 have
2886 3707 46 23 beep
2949 3709 87 19 troubled
3055 3712 45 18 With
3110 3714 54 21 pains
3176 3715 20 17 in
3210 3721 29 16 my

2805 3730 46 15 hack
2858 3730 37 17 and
2905 3732 77 22 kidneys
2997 3733 29 18 for
3039 3735 58 17 about
3114 3737 53 17 throe
3181 3744 58 16 years.

2812 3752 9 16 I
2830 3752 49 17 have
2891 3754 49 18 tried
2957 3756 25 17 all
2998 3758 49 16 sorts
3061 3759 20 16 of
3208 3762 31 16 but

2804 3775 46 21 they
2859 3776 26 17 all
2894 3777 63 18 failed.
2984 3780 16 16 A
3007 3780 62 18 friend
3077 3782 21 17 of
3107 3783 49 17 mine
3165 3785 74 17 advised

2803 3803 31 12 me
2843 3800 23 15 to-
2872 3801 31 20 try
2913 3799 95 20 Clements
3018 3803 63 21 Tonic,
3091 3805 35 18 but
3135 3807 50 17 after
3199 3809 30 18 try-

2804 3826 34 19 ing
2848 3828 19 11 so
2877 3829 57 17 many
2943 3825 101 19 medicines
3059 3827 10 18 I
3084 3829 84 23 thought
3182 3831 16 17 it
3212 3832 18 16 al-

2804 3846 51 16 most
2863 3846 70 18 useless
2943 3849 20 16 to
2976 3850 30 21 try
3021 3856 37 16 any
3067 3857 57 12 more.
3159 3853 9 17 I
3182 3854 57 22 really

2803 3868 84 18 believed
2895 3876 31 16 my
2933 3876 42 12 ease
2983 3872 93 21 hopeless,
3086 3874 32 18 but
3130 3882 33 15 my
3179 3878 60 17 friend

2803 3892 64 16 would
2876 3894 34 15 not
2919 3893 23 18 bo
2950 3894 74 22 denied,
3057 3897 31 17 Ho
3098 3899 41 17 sent
3156 3906 29 12 me
3202 3902 37 16 two

2804 3915 69 17 bottles
2882 3916 20 16 of
2911 3916 95 19 Clements
3016 3920 63 20 Tonic,
3090 3922 60 17 which
3161 3923 9 17 I
3188 3930 39 12 com-

2803 3939 77 16 menced
2887 3940 20 16 to
2916 3940 50 21 take,
2977 3942 37 16 and
3024 3942 64 18 before
3097 3945 10 16 I
3114 3945 37 18 had
3160 3946 79 18 finished

2802 3960 33 20 the
2844 3961 42 18 first
2894 3962 67 22 bottle,
2980 3965 9 16 I
3006 3965 108 21 discovered
3130 3975 32 16 my
3179 3970 60 17 friend

2802 3984 55 17 knew
2864 3985 52 17 what
2924 3986 24 17 he
2961 3993 38 11 was
3008 3988 159 25 recommending,
3177 3994 38 16 and
3230 3994 9 16 I

2802 4013 30 11 am
2841 4013 45 16 very
2896 4010 83 21 grateful
2989 4013 19 14 to
3018 4012 45 18 him.
3074 4013 35 18 alsc
3122 4016 20 16 to
3159 4022 44 16 you.
3229 4017 10 17 I

2802 4036 34 11 can
2847 4031 44 17 with
2899 4032 107 20 confidence
3016 4036 37 17 and
3064 4036 88 25 sincerity
3166 4045 60 12 recom-

2802 4054 56 17 mend
2866 4054 94 18 Clements
2968 4057 57 17 Tonic
3034 4060 19 16 to
3063 4066 37 12 any
3113 4067 67 16 person
3197 4063 31 18 suf-

2803 4076 62 29 fering
2881 4078 45 17 with
2941 4079 70 23 kidney
3032 4083 109 23 complaint.
3167 4081 10 21 I
3194 4086 45 18 toolr

2802 4100 58 17 about
2877 4100 54 24 eight
2949 4104 54 17 small
3020 4104 70 19 bottles
3107 4107 20 17 of
3144 4108 94 18 Clements

2802 4123 63 21 Tonic,
2890 4125 62 17 which
2976 4127 82 18 resulted
3078 4130 19 16 in
3118 4137 10 10 a
3145 4132 94 22 complete

2803 4147 86 17 cure.—l
2911 4154 30 11 am
2955 4155 57 16 yours
3028 4151 56 24 truly,
3100 4153 64 17 James
3180 4156 48 14 Xnill
3237 4147 2 28 .

2803 4170 135 18 Muldlomnrsh
2947 4172 48 17 New
3006 4170 93 19 Zrnliinrl.
