3300 4360
67 145 120 20 ROTORUA
195 146 128 18 AMATEUR
331 146 78 18 BRASS
421 146 78 17 BAND.

181 209 88 17 Axxual
282 209 103 17 Meeting.

90 241 39 17 The
138 240 58 18 above
209 240 85 23 meeting
306 241 46 17 took
366 240 53 23 placo
430 240 24 17 .in
469 240 32 17 the

67 263 70 22 sample
146 269 52 11 room
214 264 21 16 of
250 263 53 19 Lake
318 264 66 17 House
402 263 58 17 Hotel
477 269 24 11 on

67 286 99 22 Saturday.
176 286 44 18 30th
231 287 87 18 October.
344 287 113 21 MrDausey
463 292 37 11 was

66 311 19 16 in
94 310 32 17 the
136 309 50 18 chair
195 310 38 17 and
240 310 52 17 there
301 316 38 11 was
348 316 12 10 a
369 309 48 23 good
424 309 66 17 attend-

66 339 45 11 ance
120 333 20 17 of
148 332 103 18 bandsmen
261 333 38 17 and
307 333 32 17 the
347 332 75 23 general
429 332 70 21 public.

89 355 39 18 The
149 357 98 21 secretary,
265 357 32 16 Mr
320 356 19 16 J.
367 355 28 17 W.
413 355 85 19 Webber,

66 379 84 22 brought
157 385 26 16 up
190 378 32 19 the
235 379 66 22 yearly
308 379 66 22 report
381 378 62 17 which
456 377 44 18 read

66 409 19 10 as
226 402 24 17 In
259 402 82 22 August,
350 402 50 19 1595,
411 401 63 22 owing
480 402 20 16 to

65 432 57 15 many
131 425 92 17 members
237 425 76 22 leaving
326 425 32 17 the
377 424 72 16 district
463 423 37 17 and

66 449 62 17 others
137 447 96 24 dropping
238 449 39 20 put,
287 449 32 16 the
329 447 121 17 bandmaster
455 453 33 15 pro-

66 472 56 22 posed
130 472 21 17 to
163 472 43 21 give
222 472 32 16 the
271 477 55 16 spare
341 471 123 16 instruments
480 472 21 15 to

66 495 72 17 natives
147 494 37 18 and
193 494 47 17 elect
253 494 52 18 them
323 493 91 17 members
431 493 21 17 of
468 494 33 16 the

65 519 85 17 Rotorua
169 517 92 17 Amateur
277 517 57 17 Brass
354 516 59 17 Band.
447 516 26 17 At
490 522 11 11 a

65 541 114 21 subsequent
193 540 84 21 meeting
285 540 39 17 this
340 545 39 11 was
391 539 54 20 done,
464 539 37 17 and

66 566 31 16 the
106 564 110 17 innovation
224 564 34 16 has
265 562 76 18 worked
349 561 112 24 splendidly,
469 563 32 17 the

66 588 72 16 natives
158 586 101 22 attending
274 592 51 10 more
341 585 96 22 regularly
454 586 46 17 than

66 611 115 21 Europeans,
191 609 56 17 while
256 609 46 21 they
315 609 48 16 have
380 608 53 17 made
451 609 50 21 good

66 638 92 18 progress.
183 632 39 17 The
231 632 55 17 Band
295 632 62 22 began
366 630 32 18 the
405 637 44 16 year
455 632 46 17 with

66 665 12 9 a
86 657 46 16 debt
140 656 20 17 of
169 654 43 21 £42,
223 655 38 17 this
269 655 34 17 has
311 655 47 17 been
365 654 77 21 cleared,
450 661 51 12 more

67 680 121 18 instruments
208 679 76 20 bought
304 678 38 16 and
362 678 86 23 working
468 684 22 12 ex-

67 708 66 18 penses
141 701 50 23 paid.
216 702 20 17 If
248 703 33 16 the
299 703 124 21 government
438 701 63 18 would

67 726 53 19 build
130 727 37 15 two
175 724 134 21 band-stands,
319 731 36 10 one
365 724 19 17 in
394 724 32 17 the
442 725 48 17 Sana-

68 750 68 17 torium
146 748 83 23 grounds
238 748 37 16 and
285 753 34 12 one
329 754 24 11 on
370 748 32 16 the
416 748 86 18 Pukoroa

68 773 40 20 hill,
118 778 28 11 we
155 771 66 17 should
230 771 37 17 feel
275 771 108 17 warranted
390 771 19 16 in
423 771 79 22 playing

68 799 32 14 out
122 795 54 17 much
198 801 51 11 more
270 795 51 17 often
343 795 47 17 than
407 795 94 21 formerly.

68 820 39 17 The
115 819 84 17 business
205 818 30 17 for
240 824 37 16 you
283 820 20 15 to
310 818 85 17 consider
400 818 37 17 this
445 824 45 11 even-

68 844 34 19 ing
116 840 86 23 is:—(l.)
214 841 39 17 The
270 842 79 16 election
365 841 19 17 of
400 840 101 23 president,

69 864 3 23 I
77 868 36 14 rust
118 872 19 9 ee
146 864 35 17 and
192 865 78 17 officers.
296 864 33 23 (2.)
342 865 39 16 The
389 865 86 21 working
484 865 19 17 of

68 890 32 16 the
109 887 53 18 Band
170 887 37 17 and
214 889 121 21 suggestions
342 893 20 12 re
367 893 37 14 any
408 887 82 23 improve-

68 913 66 17 ments.
168 910 5 23 (
176 910 3 23 :
181 910 20 23 >.)
214 911 28 17 R'o
256 911 71 17 annual
344 912 125 21 engagement
477 911 26 22 by

67 936 57 16 Town
134 934 61 17 Board
205 940 33 16 say
247 934 30 18 for
285 940 35 11 one
329 934 37 22 day
374 934 19 16 in
402 934 31 16 the
451 934 51 17 week

66 964 21 12 or

90 981 39 17 The
138 980 98 21 following
245 980 87 17 financial
342 981 100 16 statement
452 980 48 17 from

69 1005 30 17 the
110 1006 97 18 treasurer,
217 1004 32 16 Mr
257 1004 21 17 C.
294 1004 90 21 Malfroy,
403 1002 32 18 has
453 1003 47 17 been

67 1028 49 17 since
125 1027 102 17 submitted
235 1027 3 18 :

89 1994 64 24 [Prom
163 1994 31 16 the
205 1993 58 17 above
273 1994 14 16 it
295 1994 37 16 will
339 1994 23 16 be
372 1999 42 12 seen
419 1993 44 18 that
467 1994 32 17 the

67 2024 41 12 year
117 2018 57 17 starts
183 2017 55 20 again
250 2017 44 17 with
303 2023 11 11 a
323 2017 52 17 clean
385 2016 65 18 sheet.'
460 2018 39 16 The

66 2043 44 16 item
137 2040 49 18 Cash
195 2040 36 17 due
249 2042 19 15 to
421 2046 36 11 was
475 2046 23 11 an

65 2065 78 18 amount
151 2063 44 23 paid
205 2063 24 22 by
238 2063 32 17 Mr
276 2063 83 21 Malfroy
365 2069 21 11 so
393 2069 19 10 as
420 2064 19 16 to
444 2063 55 17 make

65 2089 31 16 the
104 2087 53 17 debit
165 2086 35 17 and
211 2086 58 18 credit
279 2086 48 18 sides
344 2087 82 17 balance.
459 2087 38 17 The

67 2112 22 16 £o
98 2111 19 17 in
127 2110 80 20 Savings
216 2109 54 17 Bank
280 2110 15 16 is
313 2110 31 16 (he
359 2116 39 10 sum
417 2109 81 18 donated

64 2135 23 21 by
97 2134 68 19 Petera
173 2132 100 18 Pukuatua
284 2139 20 11 as
321 2133 32 17 the
366 2133 76 17 nucleus
451 2133 20 17 of
488 2140 11 10 a

65 2163 69 12 reserve
144 2156 62 22 fund.]

86 2181 31 17 Mr
125 2179 63 22 Bpord
196 2178 92 23 proposed
299 2178 37 19 and
346 2180 31 16 Mr
386 2179 21 17 A.
426 2179 70 17 Munro

65 2202 90 20 seconded
169 2203 42 15 that
225 2203 33 16 the
275 2202 110 22 secretary's
397 2203 62 21 report
475 2203 23 16 be

64 2225 79 24 adopted
154 2225 36 17 and
200 2225 42 16 that
251 2225 32 18 the
292 2225 89 18 financial
398 2227 100 15 statement

66 2251 19 16 In;
95 2248 98 25 published
203 2248 55 17 when
266 2248 91 18 received.

157 2281 103 17 Election
266 2284 24 13 of
300 2279 104 21 Officers.

85 2314 39 16 The
133 2312 79 17 election
221 2312 21 16 of
250 2312 72 16 officers
331 2312 30 16 for
369 2311 32 17 the
418 2312 81 21 ensuing

64 2342 42 12 vcar
116 2342 37 10 was
162 2335 45 17 then
217 2334 103 23 proceeded
329 2335 47 17 with
388 2340 19 11 as
417 2335 79 17 follows.

66 2359 101 21 President,
177 2359 31 16 Mr
217 2358 20 17 C.
248 2358 95 22 Malfroy;
358 2359 92 20 secretary
461 2358 38 17 and

64 2387 98 16 treasurer,
171 2382 31 17 Mr
214 2380 91 23 Webber;
326 2382 85 17 trustees,
430 2381 69 17 Messrs

64 2407 82 20 Malfroy
155 2405 37 17 and
203 2404 82 22 Dansey.

85 2430 32 17 Mr
125 2429 18 17 J.
153 2429 69 16 Munro
237 2427 87 22 resigned
340 2427 29 17 his
386 2427 80 23 position
479 2434 20 10 as

64 2453 124 17 bandmaster.
214 2451 30 16 He
256 2451 91 17 intended
362 2451 19 17 to
399 2451 46 16 have
463 2457 23 10 no-

64 2477 54 20 thing
127 2481 51 12 more
186 2476 20 15 to
216 2474 23 17 do
249 2474 45 17 with
304 2474 21 17 it.

86 2499 55 18 Wera
150 2497 68 18 wished
229 2500 19 14 to
258 2497 57 17 know
323 2497 32 17 Mr
363 2497 85 17 Munro's
456 2503 32 11 rea-

64 2529 41 11 sons
114 2523 30 16 for
153 2521 103 21 resigning.

86 2545 31 18 Mr
126 2545 69 18 Munro
204 2544 41 17 said
258 2544 24 16 ho
298 2544 38 17 had
353 2549 57 16 many
424 2549 74 11 reasons

66 2570 29 16 but
106 2570 45 20 they
160 2567 37 18 bad
206 2567 83 21 nothing
298 2569 20 15 to
335 2567 23 16 do
376 2567 45 17 with
437 2567 59 17 Wera.

67 2594 15 16 if
90 2599 9 10 a
111 2598 42 11 man
164 2597 36 10 was
214 2589 113 19 dissatisfied
335 2590 25 17 he
368 2589 55 19 could
435 2590 62 22 surely

64 2616 61 22 resign
130 2614 81 18 without
227 2613 67 23 giving
306 2619 76 11 reasons
417 2613 30 17 He
461 2613 38 17 had

64 2639 46 18 done
120 2639 28 16 bis
157 2638 40 15 best
206 2638 20 16 to
231 2638 76 21 protect
311 2637 33 17 the
350 2636 51 18 band
408 2638 90 21 property

64 2662 36 17 and
106 2661 51 17 work
165 2662 14 16 it
189 2666 26 16 up
223 2660 38 16 and
277 2661 24 16 be
315 2660 85 23 thought
417 2660 41 16 that
475 2660 23 16 hi'

63 2692 38 10 was
110 2685 85 20 working
205 2685 89 19 amongst
310 2690 22 10 an
351 2684 67 16 honest
435 2683 27 17 lot
479 2684 20 16 of

63 2709 46 17 bovs
113 2709 37 17 but
157 2707 24 18 ho
188 2706 59 18 found
257 2706 43 17 that
308 2705 47 23 tliey
360 2711 49 13 were
426 2713 11 10 a,
453 2712 45 13 very

65 2731 107 21 ungrateful
180 2730 34 17 lot.
240 2730 30 16 He
279 2729 38 17 had
327 2730 47 16 been
383 2729 40 17 told
437 2731 19 15 to
470 2730 28 16 bis

65 2756 38 17 face
108 2755 42 17 that
160 2751 22 20 lie
191 2752 37 18 had
237 2753 71 21 taught
317 2753 50 17 them
377 2752 25 18 all
412 2753 23 17 he
444 2753 54 17 knew

65 2779 32 17 but
104 2778 25 18 he
137 2777 62 23 might
207 2776 35 18 tell
247 2776 53 18 them
313 2777 44 16 that
371 2777 45 21 they
433 2777 37 16 had
487 2783 10 9 a

63 2801 41 18 deal
111 2803 21 16 to
139 2801 54 17 learn
200 2800 38 22 yet.
272 2799 39 18 The
327 2799 133 18 heartlossness
477 2799 21 18 of

64 2824 89 19 members
161 2823 66 22 saving
234 2823 42 16 that;
283 2822 45 23 they
335 2823 37 16 had
380 2822 37 17 had
423 2823 74 20 enough

63 2850 19 15 of
89 2848 39 17 him
137 2847 37 17 and
184 2846 40 17 that
234 2846 24 16 he.
271 2852 39 11 was
325 2852 25 10 no
367 2846 50 21 good
431 2846 20 17 to
464 2846 34 17 the

63 2871 48 17 band
120 2876 38 12 was
162 2875 50 17 -.very
220 2869 60 23 great.
307 2869 77 17 Instead
398 2870 19 16 of
433 2869 66 23 trying

63 2897 18 14 to
90 2894 75 21 remedy
175 2893 30 16 the
214 2893 70 16 matter
300 2893 20 16 in
335 2899 11 10 a
361 2892 81 23 friendly
456 2899 42 15 way

63 2918 43 22 they
119 2916 38 19 had
165 2916 81 18 sneaked
252 2915 73 18 behind
332 2915 31 18 his
370 2915 54 18 back.
444 2916 52 21 They

63 2940 71 18 wanted
157 2939 79 18 another
254 2939 123 19 bandmaster
386 2939 4 19 ;
406 2939 42 16 well
470 2939 27 17 hit

63 2964 48 18 thorn
127 2964 47 17 have
191 2968 40 11 one.
266 2962 87 17 Another
364 2962 56 23 thiug
437 2962 60 17 which

63 2993 52 16 every
125 2986 103 17 bandsman
237 2985 57 17 knew
303 2991 37 11 was
355 2986 42 16 that
405 2986 45 20 they
459 2986 39 16 had

63 3017 23 10 no
95 3010 22 17 fit
128 3010 53 23 place
193 3010 20 16 to
228 3008 83 23 practice
327 3008 26 17 in.
386 3008 61 17 When
462 3009 36 22 put

63 3036 31 15 out
103 3034 20 16 of
131 3034 32 16 the
177 3032 122 18 schoolhouse
315 3032 33 16 the
362 3031 81 18 Maories
459 3032 38 16 had

62 3057 46 17 been
117 3056 50 22 good
174 3055 73 21 enough
257 3056 20 15 to
286 3055 43 21 give
337 3055 53 16 them
399 3055 87 19 Tam.a-te-

62 3079 67 23 kapua.
155 3079 30 16 He
195 3079 52 16 knew
257 3078 129 22 immediately
396 3077 45 23 they
447 3078 51 17 went

62 3104 51 16 there
122 3104 33 16 the
163 3102 51 17 band
228 3107 40 11 was
282 3101 55 17 done.
371 3101 32 17 All
414 3102 48 16 sorts
477 3101 21 17 of

62 3127 61 16 native
133 3125 91 21 meetings
234 3130 48 11 were
292 3124 43 17 held,
344 3125 53 16 there
414 3124 37 17 and
463 3125 33 16 the

63 3150 51 22 place
124 3156 37 10 was
167 3147 106 21 sometimes
280 3147 87 18 crowded
373 3147 44 18 with
426 3147 72 18 natives

63 3173 34 17 .oid
115 3172 64 17 native
193 3171 89 17 children.
318 3171 19 16 It
351 3170 62 17 would
430 3170 66 23 poison

63 3202 35 16 any
108 3196 60 17 man's
181 3194 55 22 lungs
252 3195 19 16 io
289 3193 78 19 breathe
381 3194 32 17 the
427 3199 60 12 atmos-

64 3220 60 20 phere,
157 3219 20 16 'ft
193 3223 38 11 was
247 3218 35 16 not
299 3217 28 17 bis
344 3217 50 17 fault
407 3217 42 17 that
465 3217 33 17 the

64 3242 48 18 band
122 3248 38 10 was
169 3245 17 13 at
197 3247 10 10 a
216 3240 95 17 standstill
321 3240 74 17 instead
406 3241 19 16 of
439 3240 60 22 going

63 3266 64 16 ahead.
162 3264 30 17 He
212 3263 61 22 hoped
294 3264 42 16 that
353 3264 54 16 those
424 3264 74 21 present

63 3288 61 18 would
136 3287 43 19 take
188 3287 43 17 such
242 3287 64 17 action
321 3292 20 11 as
358 3286 63 17 would
436 3292 63 11 secure

64 3313 30 15 the
103 3311 51 17 band
163 3311 89 21 property
259 3311 19 15 to
288 3309 33 17 the
334 3309 115 17 subscribers
461 3309 38 17 and

64 3337 76 19 prevent
162 3334 31 17 the
221 3332 124 20 instruments
371 3333 48 17 from
441 3332 58 24 being

64 3357 89 18 scattered
164 3357 63 16 about.

87 3381 37 18 The
134 3380 99 18 Chairman
244 3379 39 17 said
294 3378 43 18 that
341 3378 64 23 might
411 3378 23 18 be
440 3378 59 23 easily

65 3404 46 17 done
119 3405 26 21 by
155 3403 70 19 calling
233 3403 19 16 in
262 3402 32 17 the
303 3401 52 18 band
363 3403 89 21 property
461 3402 38 16 and

64 3427 75 23 placing
146 3426 17 18 it
170 3427 21 16 in
199 3422 69 26 charge
283 3425 20 18 of
319 3431 51 11 some
385 3425 114 22 responsible

64 3456 72 17 person.

89 3474 49 17 Worn
158 3473 39 22 (Mr
213 3472 77 22 Dansey
306 3470 134 24 interpreting)
457 3471 41 17 said

64 3497 40 17 that
113 3497 52 17 there
174 3501 36 11 was
220 3501 24 11 no
253 3495 72 21 feeling
338 3495 126 20 antagonistic
479 3495 20 16 to

64 3521 30 16 the
103 3517 126 20 bandmaster.
254 3518 53 22 They
317 3518 37 17 laid
361 3518 37 16 had
409 3518 90 22 toputup

65 3544 42 16 with
125 3551 9 9 a
154 3542 52 23 great
224 3541 42 17 deal
282 3542 49 16 from
350 3541 39 17 him
407 3541 91 16 however.

64 3566 88 22 Recently
163 3566 53 16 when
230 3565 16 16 if
259 3570 38 11 was
313 3564 77 17 decided
409 3565 42 16 that
467 3564 32 17 the

66 3590 45 16 hand
134 3588 66 18 should
217 3587 65 17 attend
301 3588 31 16 the
350 3587 72 16 funeral
438 3587 19 16 of
475 3587 24 17 Te

67 3613 51 17 I'urei
127 3614 23 15 he
161 3618 37 10 was
205 3613 32 15 not
247 3611 53 17 there
313 3612 19 16 at
343 3611 31 17 the
389 3610 48 17 hour
450 3610 49 17 fixed

65 3636 35 17 and
110 3636 48 16 after
167 3634 78 23 waiting
254 3634 30 16 for
294 3640 50 11 some
353 3634 46 16 time
408 3633 44 22 they
461 3633 38 17 had

66 3661 17 15 to
92 3659 63 17 inarch
169 3657 80 18 without
266 3657 45 17 him.
342 3657 31 17 lie
390 3656 110 17 afterwards

65 3682 63 22 joined
133 3681 52 18 them
193 3681 21 16 at
221 3680 33 17 the
269 3680 73 22 bridge;
376 3680 59 16 There
453 3685 47 10 were

66 3706 52 17 other
127 3704 94 18 occasions
234 3704 55 16 when
304 3703 32 18 the
353 3702 92 18 members
461 3702 40 17 had

68 3728 42 18 been
118 3726 162 20 inconvenienced.
303 3726 40 18 The
347 3725 83 23 position
438 3725 60 17 which

66 3758 49 11 some
123 3752 20 16 of
151 3751 33 17 the
194 3749 71 18 natives
279 3749 46 17 took
340 3755 26 16 up
383 3754 38 11 was
437 3748 16 17 if
469 3749 32 16 Mr

67 3776 67 15 .Munro
143 3772 94 21 remained
247 3773 45 22 tlioy
301 3772 63 17 would
374 3772 68 22 resign,
452 3771 14 17 if
475 3772 24 16 ho

67 3797 83 23 resigned
160 3797 45 22 they
214 3795 63 18 would
286 3796 79 16 remain.

90 3820 30 19 Mr
127 3819 65 19 Boord
203 3819 92 23 proposed
313 3819 44 17 that
370 3818 32 17 Mr
414 3817 86 18 Munro's

67 3843 112 24 resignation
200 3843 23 16 be
248 3841 89 24 accepted
363 3841 47 17 with
430 3841 69 21 regret.

66 3860 89 25 'nils'was
164 3864 90 18 seconded
264 3865 24 22 by
297 3864 60 18 Worn.

88 3892 29 16 An
126 3888 119 19 amendment
255 3888 44 16 that
307 3888 32 16 the
349 3887 114 21 resignation
476 3887 23 16 be

66 3916 31 15 not
115 3909 88 26 accepted
224 3916 37 11 was
282 3910 72 18 carried
375 3910 25 20 by
417 3916 11 11 a
447 3910 53 22 large

65 3937 95 22 majority.

89 3961 29 16 Mr
127 3960 70 17 Munro
205 3956 39 18 said
254 3957 39 16 that
310 3957 23 17 he
342 3962 38 11 was
388 3955 75 23 pleased
478 3956 20 16 to

66 3989 28 11 see
101 3984 43 16 that
153 3988 20 11 so
183 3986 55 16 many
248 3986 49 10 were
304 3979 18 17 in
334 3980 53 16 favor
396 3979 19 17 of
424 3979 32 17 bis
470 3984 20 12 re-

64 4006 90 22 maining,
165 4005 34 16 but
208 4004 23 17 lie
238 4003 37 17 had
282 4002 55 17 made
346 4007 26 17 up
381 4002 29 17 bis
419 4002 51 17 mind
480 4003 21 15 to

66 4030 59 20 le.igu
135 4028 37 18 and
183 4026 61 18 would
254 4026 24 17 do
294 4032 26 10 so.
350 4025 60 17 There
424 4031 37 11 was
475 4031 25 11 no

65 4052 82 19 occasion
158 4052 19 17 to
187 4050 56 18 break
252 4050 32 16 the
290 4049 51 16 band
348 4054 31 16 up.
405 4048 32 16 Mr
444 4048 42 16 Web-

66 4076 31 17 ber
104 4075 56 18 could
169 4074 43 18 take
221 4073 69 22 charge
305 4071 29 18 till
351 4068 68 21 it'was
433 4071 68 21 placed

65 4105 22 11 on
94 4106 10 10 a
113 4104 68 18 proper
190 4096 80 22 footing.

89 4123 27 16 On
127 4123 31 16 the
168 4120 70 18 motion
248 4120 20 16 of
277 4119 31 17 Mr
325 4116 87 21 Webber,
421 4116 50 23 (who
480 4118 20 15 at

66 4146 89 16 lhesame
165 4145 44 16 time
219 4141 87 23 resigned
315 4140 92 19 thooffico
416 4139 73 17 ofbaiid-

63 4168 103 23 /j'ago.inl,)
177 4166 91 23 seconded
277 4165 26 23 by
311 4162 110 20 Mi'l'ureell
429 4163 30 16 Mr
465 4162 36 17 Joe

524 146 69 16 Munro
602 150 38 12 was
645 145 106 22 .appointed
766 145 127 19 bandmaster.
926 146 32 17 Mr

524 168 48 18 Alex
581 168 69 17 Munro
659 174 42 12 was.
706 167 135 24 subsequently
854 170 70 16 chosen
938 176 20 10 us

524 190 154 23 band-sergeant.

547 214 19 17 It
576 219 36 11 was
621 213 77 17 decided
708 213 42 17 that
762 215 115 22 application
891 215 67 17 should

523 237 23 17 bo
559 237 53 17 made
625 237 20 16 to
662 237 33 16 the
708 237 57 17 Town
779 238 63 17 board
861 239 30 16 for
908 244 50 12 some

523 259 101 18 assistance
633 265 21 11 as
662 260 103 21 suggested
772 261 20 16 in
801 261 32 17 the
845 261 72 18 annual
929 267 20 12 re-

522 284 50 20 port.
597 282 38 17 The
645 282 83 22 meeting
736 281 49 19 then'
791 284 67 17 closed.

628 334 130 18 ELECTION
778 336 66 18 SONG.

524 380 30 17 On
566 381 47 16 next
626 381 86 16 Election
726 381 43 23 day,
783 382 53 22 boy:.:,
852 383 53 17 don't
920 388 38 17 you

569 404 62 17 throw
640 409 48 17 your
696 405 52 16 votes
757 411 53 16 away
819 404 2 23 ■

522 426 40 18 But
570 426 46 18 with
626 432 47 17 your
682 426 84 23 darlings
776 433 23 12 on
806 435 48 16 your
866 435 40 11 arm
915 430 43 17 vote

570 451 30 15 for
609 450 57 22 Kelly
675 456 23 10 on
707 450 44 17 that
759 451 43 22 day.

524 473 41 17 'Cos
580 473 73 22 Kelly's
666 473 40 16 he's
719 479 25 11 an
760 473 100 23 Irishman,
879 476 34 17 not
930 475 28 18 far

569 496 50 17 from
628 496 75 22 County
713 496 59 20 Clare,

524 519 43 17 And
576 520 15 16 if
599 519 68 17 there's
677 525 29 11 ere
716 525 11 10 a
740 526 40 10 row
793 520 21 17 in
831 520 127 18 Government

570 543 58 16 bouse
637 548 41 11 sure
688 542 72 22 Kelly's
769 543 71 19 always
852 545 58 16 there.

524 566 52 17 He'll
584 566 70 22 always
663 567 42 15 vote
715 566 30 16 for
753 566 98 22 goodness,
859 567 39 18 and
903 573 55 12 never

570 590 44 16 vote
623 588 29 18 for
660 588 43 19 bad,

524 611 43 17 And
590 612 61 16 round
673 612 58 16 about
748 612 32 17 the
796 612 94 21 building;,
909 620 49 13 sure,

572 635 66 17 there's
649 635 67 17 dozens
725 635 35 18 call
772 635 39 18 him
843 637 43 18 Dad

548 666 21 18 Ci
572 670 58 13 tonus
631 675 23 3 —

567 695 59 17 won't
633 696 44 16 vote
685 696 30 16 for
724 694 81 21 Hemes,
815 702 30 13 no,
859 697 25 18 by
894 694 64 21 iinjro!

571 720 15 15 it
595 724 28 10 wo
631 720 30 18 do,

524 741 64 18 We've
596 743 34 20 got
638 741 32 17 the
678 743 60 19 votes,
748 743 56 17 we've
813 745 34 21 got
860 745 32 17 the
909 751 49 15 men,

571 765 58 16 we've
637 766 34 21 got
680 765 32 16 the
722 771 71 12 women
802 769 38 16 too.

524 787 35 17 We
567 787 56 18 voted
631 788 30 17 for
670 788 57 21 Kelly
736 788 62 18 before
808 790 37 17 and
854 792 50 16 we'll
916 792 42 17 vote

572 812 30 15 for
610 811 56 22 Kelly
678 811 45 21 still,

525 833 42 18 'Cos
576 834 73 21 Kelly's
658 835 32 16 the
699 835 48 21 chap
756 837 20 16 to
786 837 58 21 spend
859 838 32 18 the
903 838 54 20 .cash,

572 857 38 17 and
619 859 64 20 empty
692 859 33 15 out
734 859 32 16 the
775 859 35 18 till.

525 897 76 18 T'other
616 898 57 21 night
685 898 25 18 be
725 898 44 18 held
786 905 11 11 a
813 901 85 22 meeting
911 901 21 17 in
948 907 10 11 a

571 920 123 18 well-known
703 921 68 19 Public
779 922 53 22 Hall,

524 943 44 18 And
576 943 27 18 all
611 943 32 18 the
651 949 43 17 way
708 945 47 17 from
772 945 72 19 Jordan
860 954 52 10 came
927 948 31 16 the

571 966 101 19 Chairman
682 969 19 16 at
710 967 29 18 his
752 969 41 18 call.

524 989 59 18 There
592 995 47 11 were
648 990 58 17 ladies
714 991 20 16 in
743 992 32 17 the
785 993 52 17 front
850 995 55 19 seats,
922 994 36 16 and

571 1013 78 17 rowdies
659 1019 19 11 at
687 1014 32 17 the
728 1014 53 21 back,

524 1035 41 18 And
575 1036 58 22 Kelly
641 1037 20 16 to
670 1037 50 17 their
728 1039 96 21 questions
833 1045 42 12 sure
881 1040 23 17 ho
911 1046 47 17 gave

572 1060 34 16 'em
616 1059 143 23 Paddy-whack
767 1059 4 23 !

524 1082 30 17 He
564 1083 64 17 vowed
640 1083 77 17 himself
730 1090 11 10 a
755 1084 71 19 Lib'ral
840 1088 34 15 not
888 1088 20 15 to
922 1093 36 15 any

546 1107 56 21 party
612 1112 57 15 gang,

524 1129 43 16 Ami
576 1129 62 17 would
647 1129 70 23 always
729 1133 43 15 vote
785 1132 51 22 good
849 1133 49 17 Irish
913 1133 45 17 laws

567 1152 40 17 ■like
615 1159 37 15 any
661 1153 67 18 honest
736 1160 50 11 man.

523 1192 64 17 Frank
597 1192 43 18 S—t
650 1194 94 21 appeared
757 1200 51 16 upon
822 1195 32 17 the
870 1197 54 21 stage
939 1197 19 16 to

570 1216 54 21 point
632 1221 22 11 us
663 1216 52 22 right
725 1216 47 18 from
782 1223 72 18 wrong,

523 1239 49 17 He'd
582 1245 11 11 a
601 1239 53 22 lump
663 1244 50 17 upon
728 1239 29 18 his
771 1241 63 17 snider
848 1248 38 16 you
903 1242 55 18 could

570 1261 52 23 hang
630 1268 48 16 your
686 1263 82 17 trousers
782 1270 22 11 on
812 1261 3 24 ;

523 1285 46 17 He's
578 1288 33 14 not
620 1291 11 11 a
639 1286 43 16 true
691 1287 106 17 teetotaller
812 1288 30 17 for
854 1288 25 17 he
892 1289 66 17 owned

570 1308 23 17 he
602 1308 54 18 loved
665 1309 29 16 his
703 1309 28 19 iiz,

523 1332 44 16 And
576 1332 31 16 the
616 1331 40 17 hair
665 1332 24 16 he
698 1333 37 16 had
745 1339 50 16 upon
804 1334 30 18 his
848 1335 48 17 head
912 1340 46 18 poor

547 1355 75 17 S-nis-n
633 1355 82 23 thought
724 1356 53 17 'twas
786 1357 33 18 his.

523 1378 51 17 Then
583 1384 26 17 up
618 1379 41 22 gets
668 1379 51 22 billy
729 1379 72 18 S—d-n
814 1381 37 16 and
866 1382 23 16 lie
904 1382 54 17 made

570 1401 32 17 the
611 1401 65 22 people
685 1408 48 15 roar,

523 1425 30 16 He
563 1425 38 16 said
609 1430 47 16 poor
665 1425 45 17 S—t
717 1426 19 16 in
747 1427 86 18 bluchers
843 1428 62 17 would
914 1428 43 17 look

570 1448 61 17 better
639 1454 24 11 on
672 1448 33 18 the
716 1449 53 18 floor.

524 1488 58 17 When
604 1488 57 22 Kelly
677 1489 57 21 spoke
752 1490 19 17 of
785 1489 60 19 ladies
862 1491 60 23 going
938 1497 20 12 as

571 1511 90 18 members
670 1513 5 16 1
680 1519 10 10 o
699 1512 32 17 the
739 1513 65 20 bouse,

524 1535 15 17 A
548 1534 77 23 Mayscr
636 1535 20 17 in
670 1535 33 17 the
716 1541 66 12 corner
924 1534 12 23 11
938 1538 20 17 ill

571 1558 35 17 wid.
615 1557 71 19 Robert

526 1582 27 15 lie
563 1581 39 17 said
616 1582 31 16 (lie
661 1582 71 23 raising
747 1583 20 16 of
783 1589 10 10 a
811 1583 41 18 loan
870 1590 39 11 was
927 1585 31 16 the

570 1609 84 18 pressure
663 1611 24 11 on
696 1605 32 17 the
736 1605 57 18 bank.

524 1627 19 18 It
550 1633 40 12 was
597 1633 43 12 now
653 1629 58 21 quite''
718 1629 35 17 full
768 1629 37 17 and
823 1631 83 23 running
921 1631 37 17 o'er

571 1651 36 16 like
616 1651 95 18 Cobban's
717 1652 85 18 mustard
810 1653 52 18 tank.

524 1674 29 17 Ho
562 1674 64 18 talked
635 1674 21 18 of
663 1674 47 18 Bills
723 1676 64 17 before
800 1676 33 17 the
847 1677 65 17 House
927 1677 31 18 the

571 1698 78 22 country
659 1698 32 17 did
700 1698 83 18 beseech.

525 1725 9 4 •'
544 1721 49 22 Why
602 1721 67 22 you've
678 1721 64 23 fargot
752 1722 31 16 the
798 1723 82 18 Weasels
894 1724 37 16 Bill

571 1743 47 18 cried
628 1745 57 16 noted
694 1745 39 17 Jim
743 1745 42 18 O'K
787 1747 36 16 —f.

524 1784 57 19 When
593 1784 55 23 Kelly
659 1785 56 23 spoke
725 1786 20 16 of
754 1786 103 18 thousands
866 1788 46 21 they
921 1787 36 18 had

571 1808 53 22 spent
633 1814 51 16 upon
692 1809 33 16 the
734 1809 50 18 land.

523 1830 58 18 There
590 1837 48 12 were
645 1829 97 21 hundreds
759 1833 37 17 wid
812 1834 49 16 their
878 1834 80 17 families

570 1855 23 16 all
603 1855 144 22 working-hand
756 1856 19 16 in
785 1856 49 18 hand
844 1855 2 22 ;

524 1877 29 17 He
563 1877 56 23 spoke
632 1878 59 18 about
707 1879 31 16 the
753 1879 91 18 National
859 1881 44 16 debt
921 1881 37 16 and

570 1901 80 23 secuiity
659 1907 25 11 on
692 1902 60 20 loans,

524 1924 41 17 Wid
574 1924 45 17 milk
628 1924 37 18 and
675 1925 64 17 butter
748 1926 35 16 and
804 1932 38 11 raw
857 1932 46 18 eggs
921 1933 36 16 you

570 1950 46 14 must
628 1954 37 16 pay
674 1949 15 16 it
698 1949 48 17 from
757 1955 46 16 your
812 1949 73 22 homes.;

522 1970 47 18 Thin
584 1977 25 15 up
626 1973 42 21 gets
685 1971 72 23 railkcy
772 1973 85 17 D-lb—h
877 1974 35 17 wid
929 1974 29 17 his

569 1994 53 17 shoes
631 1995 37 16 and
677 1995 96 23 stockings
785 2002 29 11 mi.

600 2018 31 16 (be
640 2018 45 18 debt
694 2025 23 10 on
727 2014 37 22 ibis
774 2024 29 12 ere
821 2020 84 22 Country
921 2021 36 16 Bill

569 2041 62 17 would
640 2041 84 23 frighten

522 2081 52 17 Then
582 2082 33 16 the
622 2081 99 18 Chairman
730 2083 35 22 put
769 2088 48 17 poor
822 2083 74 17 S—d-n
901 2084 56 18 down

569 2111 19 10 as
598 2105 42 16 he'd
649 2110 57 12 never
714 2105 48 18 done
771 2105 70 20 before.

522 2128 30 17 He
561 2128 46 19 said,
638 2128 65 17 That's
711 2130 34 15 not
754 2136 11 10 a
773 2130 87 21 question
873 2137 39 15 you
926 2137 32 11 are

568 2151 68 22 asking
644 2157 24 11 on
678 2152 32 16 the
719 2152 67 18 floor.'•'

521 2174 43 17 And
574 2175 56 21 Kelly
639 2175 81 22 mopped
732 2181 26 16 up
773 2176 78 22 M—s-p
865 2177 55 17 when
933 2177 24 17 he

568 2198 34 22 got
611 2197 38 17 him
659 2204 24 11 on
692 2199 28 16 bis
729 2198 43 21 feet,

594 2220 71 18 cooked
681 2227 11 10 a
710 2224 84 15 concrete
811 2222 82 21 pudden,
911 2224 44 21 boy,

569 2244 29 16 for
607 2243 86 24 working
702 2250 41 11 men
753 2246 19 15 to
783 2246 49 16 eat."'

520 2267 52 16 Then
582 2267 32 16 the
628 2267 64 17 Miller
708 2267 84 23 thought
809 2268 42 17 he'd
869 2269 60 18 Steele
946 2277 11 9 a

569 2290 62 18 march
642 2290 36 17 and
688 2292 20 15 at
717 2291 55 21 Kelly
782 2291 47 18 have
838 2299 11 10 a.
862 2293 70 20 smack,

577 2313 14 17 it,
610 2314 48 21 forty
675 2314 92 17 thousand
785 2315 74 23 coming
876 2316 44 17 here
937 2323 21 10 or

569 2336 42 23 fifty
621 2337 59 22 going
689 2337 47 17 back
743 2338 19 16 ':"

521 2377 25 16 As
556 2377 31 16 (he
597 2377 100 17 Chairman
708 2384 51 12 came
769 2379 47 17 from
830 2378 73 20 Jordan
918 2379 39 19 he's

568 2406 44 16 very
622 2406 42 11 sure
672 2401 19 17 to
701 2403 31 17 i\x,

521 2422 58 23 Kelly
586 2423 56 18 down
656 2426 19 14 at
690 2424 120 23 ninety-nine
828 2425 36 17 and
879 2425 78 19 Herrios

569 2448 117 20 twenty-six.

520 2469 54 17 He'll
583 2471 53 15 make
645 2476 46 15 poor
700 2471 57 21 Kelly
765 2471 67 24 pledge
845 2472 75 18 himself
932 2479 23 11 on

569 2499 54 11 every
632 2493 88 22 platform
734 2495 58 21 plank

521 2516 26 17 To
556 2512 82 21 fetch'us
647 2516 42 22 fifty
699 2518 103 17 thousands
816 2519 19 16 to
852 2520 42 21 stop
911 2519 33 18 Col-

569 2540 59 16 man's
638 2541 82 17 mustard
731 2542 51 16 tank.

520 2563 54 16 We'll
584 2563 65 22 poison
665 2563 22 17 all
703 2565 32 15 the
749 2563 55 19 fishes
821 2565 44 19 hero
882 2566 18 16 in
919 2566 37 18 this

568 2586 44 17 here
621 2586 61 17 lovely
691 2587 41 18 lake

520 2608 44 19 Wid
573 2609 85 23 stinking
666 2609 34 18 fish
717 2610 35 17 and
768 2612 64 22 empty
849 2612 39 17 dish
906 2613 49 16 we'll

568 2632 25 18 all
603 2639 24 16 go
636 2633 54 22 bung
698 2634 36 16 and
745 2634 65 19 Quake
818 2632 3 23 !

520 2672 50 18 Now
578 2672 97 18 when-thp
683 2673 45 18 time
737 2673 30 18 for
774 2674 68 23 voting
856 2681 61 12 comes
932 2682 23 10 on

569 2702 50 11 some
628 2695 103 18 December
739 2697 42 22 day.

520 2719 66 17 You'll
595 2725 30 11 see
633 2719 37 17 Pat
684 2719 36 17 and
734 2720 62 19 Mack,
812 2726 37 13 aria
863 2721 38 18 Jim
919 2723 37 16 and

567 2742 54 22 Jack,
632 2743 38 16 wid
678 2742 61 19 Maria
748 2749 23 11 on
781 2744 32 17 the
823 2751 41 15 way
872 2742 3 24 ;

520 2766 73 21 They'll
604 2767 41 20 stop
662 2766 20 16 at
696 2772 55 16 every
766 2772 64 12 corner
847 2768 25 21 by
889 2768 68 17 dozens

567 2791 35 15 not
611 2796 11 10 a
630 2789 42 20 few,

520 2812 44 17 And
573 2812 64 22 they'll
648 2813 62 21 rough
719 2813 37 16 and
765 2813 71 18 tumble
845 2813 77 19 Herrios
931 2820 25 17 up

567 2836 41 16 into
618 2841 23 11 an
651 2835 48 20 Irish
710 2836 45 17 stew
762 2835 3 20 ;

520 2859 39 17 But
568 2858 68 18 should
645 2859 56 21 Kelly
711 2865 29 11 ere
757 2860 22 16 be
793 2859 72 22 beaten,
882 2861 40 22 just,
937 2868 19 10 as

567 2882 54 22 quiet
629 2888 20 11 as
657 2888 12 11 a
677 2888 64 11 mouse

520 2906 47 16 He's
576 2905 27 17 off
610 2906 30 16 for
647 2905 33 16 life
689 2906 36 16 and
732 2905 63 21 death,
802 2912 32 16 my
841 2907 53 20 boys,
901 2907 55 17 down

567 2930 20 16 to
597 2928 32 18 the
638 2928 66 22 Upper
714 2929 71 17 House.

774 2952 18 16 J.
802 2952 28 17 W.
842 2951 89 20 Choker.

544 2975 90 16 Rotoriia,
645 2974 107 17 November
762 2976 49 15 10th,
823 2976 50 15 1890.

1224 82 60 20 THE
1308 83 61 21 EOT
1395 83 94 21 LAKES
1517 83 175 25 CHBONICLE,
1720 85 192 24 WEDNESDAY,
1940 86 158 21 NOVEMBER
2127 90 30 22 18,
2174 92 49 18 1896

230 1057 106 18 Keceitts.

412 1088 14 20 £

451 1094 8 12 .?

489 1089 11 17 d

66 1115 26 15 To
101 1113 81 17 Balance
191 1112 49 17 from
248 1112 38 17 last
294 1117 45 17 year
346 1112 45 17 nil..

101 1137 74 16 Dances

409 1136 20 15 12

443 1136 21 15 1G

490 1136 9 10 o

101 1159 79 17 Various
189 1158 135 23 subscriptions

420 1159 9 16 7

454 1160 10 13 0

489 1160 10 15 0

101 1183 31 17 Mr
149 1182 77 17 Samson
245 1181 144 22 subscription..

443 1182 21 16 10

489 1183 10 15 0

100 1206 33 17 Mr
141 1205 95 18 Johnston
351 1217 11 8 ,,

419 1205 10 16 (3

454 1205 10 16 0

489 1205 11 16 0

100 1230 32 16 Mr
140 1228 28 17 W.
179 1228 63 20 Kelly,
251 1228 88 20 M.II.R.,
351 1241 11 4 ..

419 1228 10 15 3

454 1229 10 14 0

489 1229 10 16 0

100 1252 33 17 Mr
144 1252 21 16 T.
175 1251 59 17 Brent

422 1252 3 14 l

453 1252 11 15 0

489 1252 11 16 0

100 1276 32 16 Mr
141 1275 21 17 F.
172 1274 88 17 (Cheshire
351 1287 11 7 ,,

421 1275 5 15 i

454 1275 10 15 0

489 1275 11 16 0

100 1299 41 16 Mrs
150 1297 72 18 Hewitt

420 1298 8 15 i

454 1297 10 17 0

489 1299 10 14 0

99 1321 59 18 MrT.
167 1320 99 23 Urquliavfc
350 1334 12 7 ,,

420 1321 7 15 l

453 1321 9 16 1

489 1322 11 15 0

100 1345 67 17 Petera
175 1343 102 18 Pukuatua
350 1357 12 7 ,,

419 1350 10 10 o

454 1344 10 16 0

489 1345 11 15 0

99 1367 79 18 Natives
186 1367 87 17 Awabou

418 1367 10 16 2

453 1368 10 15 0

488 1368 11 16 0

100 1391 78 18 Natives
186 1390 80 17 Mnketu

419 1391 10 16 2

454 1391 10 16 0

489 1391 11 16 0

101 1415 75 21 Cheque
182 1413 70 18 K.F.C.

417 1414 12 16 4

454 1414 10 16 3

489 1415 11 15 0

136 1450 12 6 ,,
184 1436 72 22 Jockey
266 1437 48 17 Club

416 1437 10 16 3

452 1438 10 15 0

487 1438 12 16 0

98 1461 104 17 Christmas
205 1459 73 19 dinner,
283 1459 72 23 Sports,
361 1460 31 20 &c,

409 1461 20 16 10

454 1461 10 16 0

489 1461 10 16 0

100 1484 32 19 Coi
135 1483 144 18 lecrtsSanafori
282 1484 50 16 uniit
335 1485 61 20 sports

124 1508 22 16 St
155 1506 92 18 Patrick's
256 1506 51 22 Day.
316 1506 2 22 .

406 1506 22 17 13

452 1507 11 16 0

489 1508 10 15 s

99 1531 76 21 Cheque
183 1530 25 16 Te
217 1529 54 18 Puko
280 1529 67 22 Sports

418 1531 10 15 (3

452 1531 11 15 0

488 1531 11 16 0

100 1553 48 19 Cash
153 1553 35 17 due
191 1554 21 16 to
215 1554 94 16 treasurer
313 1552 82 18 donated

123 1579 20 15 to
152 1576 55 17 Band

421 1577 5 15 1

454 1577 10 16 5

490 1578 7 15 1

392 1622 37 17 £S0

456 1623 6 15 1

480 1623 16 16 11

205 1654 158 17 ExrEXDITUKE.

68 1688 25 22 By
101 1686 95 23 Lighting

419 1687 10 16 9

454 1687 10 16 0

490 1687 9 16 0

99 1710 47 17 Hire
155 1710 20 17 of
182 1709 68 17 Hall..

419 1710 10 15 3

454 1711 10 14 0

489 1711 11 15 0

99 1733 48 17 New
156 1732 68 18 Cornet

409 1732 20 17 10

454 1734 10 14 0

489 1734 10 15 0

99 1756 63 17 Music
170 1755 70 20 stands,
254 1755 66 21 music,
330 1756 61 20 &c.,..

419 1756 10 16 8

443 1757 18 15 11

489 1757 11 16 4

99 1780 71 21 Buggy
180 1778 46 21 hire,
236 1779 25 16 Te
271 1779 53 17 Puko

419 1779 10 16 G

453 1779 11 16 0

489 1781 11 14 0

99 1802 56 18 Band
164 1802 42 17 Ball

419 1804 10 14 0

454 1803 10 16 s

480 1803 20 16 10

99 1825 134 22 Entertaining
238 1825 80 17 Muketu
322 1825 73 17 natives

421 1826 7 16 1

454 1826 10 16 0

489 1826 11 17 0

99 1848 127 22 Advertising,
253 1849 77 21 stamps,
357 1848 38 17 and

122 1872 103 21 stationery

420 1872 7 16 1

443 1872 21 17 17

489 1873 11 16 0

99 1896 30 16 Mr
138 1895 109 17 JasMunro
255 1894 139 24 (instruments)

407 1896 22 16 34

443 1896 21 16 lj

489 1896 11 16 0

99 1919 49 17 Casli
157 1918 18 17 in
182 1918 80 22 Savings
268 1918 55 18 Bank

418 1924 10 10 i>

453 1919 11 15 0

489 1920 10 14 0

390 1964 38 17 £S6

454 1966 7 15 1

478 1965 18 16 11

544 3044 17 16 A
570 3043 63 19 choice
642 3043 88 19 selection
744 3044 20 16 of
778 3044 23 18 oil
817 3044 97 24 paintings
931 3045 26 22 by

520 3067 32 17 Mr
561 3067 20 17 C.
591 3066 100 18 Blomfield
700 3073 44 16 may
752 3073 43 10 now
804 3068 23 16 I>.■>
837 3073 41 13 scon
888 3069 19 16 at
926 3069 31 17 the

521 3090 118 19 CHRONICLE
648 3090 64 17 Oilier-.
737 3090 51 21 They
798 3091 91 22 comprise
900 3091 57 17 views

521 3114 19 16 in
550 3114 38 17 this
596 3113 150 23 neighborhood,
757 3113 100 22 Wairnkei,
873 3114 70 18 Whaka-

521 3142 106 15 rewarowa,
637 3137 40 20 &c.,
691 3136 37 17 and
746 3137 48 19 from
807 3137 49 17 their
869 3137 79 18 faithful-

521 3165 42 13 ness
584 3159 37 18 and
639 3159 94 18 attention
750 3161 20 15 to
792 3159 57 18 detail
870 3166 32 12 arc
915 3161 42 17 well

521 3183 61 16 worth
595 3183 33 17 the
637 3183 92 16 attention
740 3183 21 16 of
769 3183 60 17 lovers
843 3183 20 16 of
872 3185 35 14 art.
933 3184 23 16 Tn

521 3206 85 17 addition
616 3207 19 17 to
644 3206 53 17 those
707 3206 52 18 there
773 3211 31 12 are
820 3211 11 12 a
845 3207 80 18 number
938 3208 20 16 of

521 3230 59 17 water
587 3229 50 17 color
646 3229 84 18 sketches
740 3229 80 17 .suitable
829 3230 30 16 for
867 3229 90 24 birthday

521 3258 21 11 or
550 3253 68 16 Easter
624 3252 74 18 Cards.''

547 3284 41 19 For
722 3284 49 18 mail
778 3283 91 22 arriving
875 3285 21 18 in
904 3284 54 19 Lon~

522 3310 37 19 don
575 3316 24 13 on
611 3309 111 20 December
733 3310 54 18 30th.
817 3310 76 19 Packet
910 3317 36 12 con-

522 3336 80 25 taining
614 3338 22 16 12
651 3336 111 18 Christmas
780 3335 40 19 and
837 3336 51 19 New
903 3337 55 19 Year

522 3363 65 18 Cards
596 3362 21 20 of
628 3362 50 18 New
689 3361 89 19 Zealand
789 3368 88 17 scenery.
889 3363 68 18 Maori

522 3389 51 22 Life,
587 3389 31 17 &:c.
640 3388 52 23 .One
704 3387 91 24 shilling.
823 3389 28 17 At
865 3388 93 22 Oiikon]>

522 3420 36 13 cue
568 3414 83 19 Oflicoi*

550 3451 61 26 Pijou
631 3451 51 18 local
701 3450 93 19 sketches
813 3450 21 19 in
853 3450 36 20 oils
917 3451 40 19 and

522 3479 65 17 water
595 3477 71 19 colors.
694 3477 49 18 Also
754 3477 94 18 Martin's
856 3477 72 24 photos
937 3478 21 18 of

522 3504 34 18 tho
567 3504 77 18 district
658 3509 46 18 may
716 3503 24 18 bo
750 3502 97 19 obtained
858 3505 21 16 at
889 3503 57 19 Ciuto-

522 3536 21 12 xi
546 3535 36 13 CLE
591 3529 81 20 Office;*

549 3572 43 19 The
602 3571 106 25 following
719 3578 42 12 new
773 3571 64 18 books
844 3578 32 12 are
884 3578 24 13 on
917 3572 41 19 sale

522 3601 21 16 at
568 3598 121 19 Chronicle
901 3598 57 19 Xltii

736 3623 27 23 by
793 3623 27 19 11.
854 3623 103 23 Sutcliffe.;

544 3650 60 19 Peter
755 3649 27 23 by
800 3650 34 17 the
848 3650 73 18 nuthor
938 3650 20 17 of

522 3676 82 24 Trilby;
652 3676 64 17 Seven
729 3674 63 19 Little

523 3702 40 18 and
648 3701 62 19 Little
724 3701 112 22 Duchess,''
855 3701 26 24 by
898 3701 60 18 Ethel

522 3728 93 23 Turner;
652 3727 43 18 The
705 3726 56 19 Trail
778 3727 21 18 of
815 3726 34 19 the

523 3754 27 23 by
560 3754 81 19 Gilbert
648 3752 83 23 Parker,
745 3753 40 24 &c;,
798 3753 32 19 fix.

524 3827 191 27 DIARIES!

634 3874 193 27 DIARIES!
837 3874 7 26 1

733 3926 191 26 DIARIES!
933 3926 24 26 1!

524 4048 102 18 ORDERS
632 4048 52 17 AEE
691 4046 59 18 NOW
759 4046 82 18 BEING
851 4046 106 18 BOOKED

614 4125 150 18 CIIKONICLE
792 4125 99 17 OFFICE.

548 4161 159 22 N.B.—Country
716 4161 91 17 residents
815 4161 62 22 please
884 4162 49 16 note.

982 146 43 28 JF
1038 146 60 19 YOU
1118 146 58 20 ARE
1197 146 65 20 SICK
1279 148 20 19 in
1312 155 40 19 any
1368 157 45 18 way

981 176 25 14 J-
1034 172 102 20 whatever
1151 172 49 20 send
1217 179 12 13 a
1244 176 92 23 stamped
1353 182 48 13 enve-

981 197 45 26 lope
1035 201 21 16 to
1065 205 37 12 our
1112 199 89 24 Agency,
1214 199 136 26 Wellington;
1361 205 52 16 state

981 225 34 17 the
1025 230 43 12 ease
1079 231 22 12 as
1116 225 100 24 minutely
1224 232 22 12 as
1264 226 89 25 possible
1373 228 40 18 and

980 256 40 17 you
1036 250 76 19 receive
1131 251 69 18 advice
1220 251 26 24 by
1270 254 70 17 return
1360 258 51 20 post.

981 278 42 16 Uur
1033 281 71 20 agents
1118 282 34 12 are
1162 276 29 19 all
1200 276 101 25 qualified.
1336 279 21 18 If
1373 285 39 18 3-011

981 302 77 18 encloso
1068 304 22 16 2s
1108 302 25 18 Gd
1151 309 27 11 we
1196 302 41 20 will
1253 309 26 13 sc
1291 304 12 18 d
1317 310 40 17 you
1376 311 37 13 our

981 327 45 19 best
1034 328 82 24 remedy
1125 327 32 20 for
1166 328 35 18 the
1211 335 50 12 .case
1281 329 77 26 Itstiiig
1373 337 40 18 you

980 357 40 15 two
1042 353 73 19 weeks.
1153 354 44 18 You
1217 361 47 13 save
1283 362 72 19 money
1374 358 40 18 and

981 379 84 19 doctors'
1076 379 53 20 bills.
1157 380 47 19 You
1214 382 77 18 receive
1308 382 70 19 advice
1388 383 25 19 oh

981 405 28 19 all
1018 406 72 24 points,
1103 406 40 18 and
1153 406 35 19 the
1197 410 70 21 purest
1278 408 21 18 of
1315 409 99 19 remedies

981 437 51 17 sent,
1040 433 21 16 at
1068 438 26 12 no
1101 435 58 16 extra
1166 435 40 16 cost
1217 433 50 19 than
1274 433 17 19 if
1298 435 116 24 personally

982 457 83 25 bought,
1074 458 27 23 by
1109 458 63 26 doing
1178 465 52 17 your
1235 459 91 20 business
1334 460 47 19 with
1390 467 24 12 us

982 483 27 24 by
1018 486 51 21 post.
1098 484 85 19 Consult
1197 489 19 15 at
1226 491 55 13 once.
1314 486 101 19 Ailments

983 509 64 19 which
1057 515 39 18 are,
1108 513 21 16 at
1135 510 36 20 the
1180 510 49 20 time
1246 512 88 24 thought
1351 514 20 16 to
1389 512 25 19 be

981 535 59 25 light,
1052 542 32 12 are
1094 537 56 18 often
1160 536 34 19 the
1204 537 114 25 beginning
1328 538 21 18 of
1364 538 41 18 seri-

982 567 36 13 ous
1027 568 153 18 consequences,
1192 563 66 18 which
1274 564 20 20 .if
1312 563 62 19 taken
1393 564 22 19 in

981 588 49 18 time
1039 594 33 12 are
1082 588 87 19 checked
1181 589 40 18 and
1230 590 68 17 cured.

982 621 168 20 GKEATFORD
1164 623 161 19 BOTANICAL
1345 623 67 24 COY.,

1086 656 141 21 Welmngtoh
1227 656 3 24 -
1230 672 5 8 ,
1246 658 41 18 and
1296 660 22 17 at

1006 682 80 25 Sydney,
1096 682 117 22 Melbourne,
1224 683 50 23 Cape
1281 684 62 17 Town,
1355 684 37 17 and

1103 706 85 20 Lincoln,
1201 706 96 22 England.

982 811 204 26 ACCOUNTANT
1198 813 60 24 AND
1274 813 139 26 GENERAL

1139 847 110 25 AGENT.

1004 903 128 17 Tradesmen's
1141 904 62 18 Books
1217 905 51 22 kept,
1287 905 91 18 balanced
1394 912 22 11 or

982 927 81 16 audited.

1004 954 94 18 Accounts
1113 955 54 17 made
1185 957 33 16 out
1234 956 38 17 and
1288 956 90 18 collected
1391 962 24 12 on

984 1148 220 23 PIONEER
1247 1150 168 26 STORE,

1061 1187 101 24 Opposite
1178 1187 73 20 Palauci
1267 1188 69 20 Hotel.

981 1238 137 25 GROCERY,

1022 1269 138 20 OILMEN'S
1174 1269 112 26 STORES,

1062 1299 219 25 IRONMONGERY,

1113 1330 157 20 CROCKERY
1274 1332 92 23 WARE,

1166 1365 143 25 DRAPERY,
1327 1368 42 22 *c,
1380 1369 23 18 AC-

1027 1396 74 19 NEW
1114 1396 252 20 SEASQN'SGOODS

1124 1420 47 19 Just
1181 1423 21 16 to
1213 1421 60 18 hand.

1009 1458 14 15 A
1042 1453 147 22 well-assorted
1207 1454 58 21 stock
1282 1456 20 18 in
1320 1456 26 18 all
1363 1455 51 20 lines

981 1481 21 19 of
1012 1481 34 19 tlie
1054 1481 62 19 above
1127 1484 20 16 at
1158 1481 71 19 lowest,
1241 1488 70 17 prices.

982 1521 48 19 New
1042 1521 85 20 Zealand
1137 1521 65 25 Dairy
1211 1520 146 20 Association's
1366 1521 36 20 Fac-

1018 1550 44 20 tory
1073 1546 74 21 Butter
1159 1547 52 19 fresh
1221 1547 60 20 'twice
1293 1547 81 26 weekly'.

1056 1582 49 19 New
1117 1582 48 19 Laid
1178 1582 60 24 EiiUS,
1250 1583 42 22 etc.,
1305 1584 33 18 &c.

983 1782 2 26 .
997 1782 66 20 ■"'•HE
1087 1782 208 20 UNDERSIGNED
1325 1783 50 25 begs
1394 1785 21 16 to

994 1803 12 24 jl
1049 1808 50 20 offer
1109 1809 101 19 Nursery
1222 1808 64 21 Stock
1298 1809 20 18 of
1328 1809 27 18 all
1370 1809 33 18 des-

981 1836 100 24 criptions,
1102 1835 58 18 seeds
1180 1835 41 20 and
1241 1835 161 25 appliances—in-

981 1862 82 24 eluding
1074 1861 48 18 New
1134 1861 89 18 Zealand
1240 1861 67 23 Trees,
1328 1862 85 22 Shrubs,

982 1888 75 20 Hants,
1077 1887 49 18 Tree
1138 1887 69 22 Ferns,
1225 1887 70 23 Ferns,
1316 1888 39 22 &c.,
1373 1890 40 21 Ac,

983 1914 74 24 packed
1068 1914 18 18 in
1099 1913 56 18 wood
1169 1913 38 19 and
1223 1921 73 10 canvas
1312 1920 56 12 eases
1384 1914 30 18 for

981 1940 34 18 the
1024 1938 97 25 Colonies,
1134 1939 39 19 and
1185 1940 20 17 in

981 1966 31 19 for
1035 1966 75 17 distant
1133 1965 107 20 countries.
1282 1966 69 18 Medal
1374 1966 40 18 and

985 1991 90 26 Diploma
1086 1991 89 19 received
1187 1991 31 19 for
1231 1992 72 24 plants,
1315 1993 40 22 &c,
1367 1994 47 16 thus

981 2021 44 16 sent
1034 2020 20 16 to
1067 2017 33 19 tlio
1226 2017 125 24 Exhibition,
1362 2018 39 18 Lon-

981 2044 45 23 don,
1280 2044 21 18 in
1308 2044 106 19 Auckland

981 2072 23 17 35
1016 2076 63 14 years.

1059 2105 36 33 a
1114 2104 42 32 T,
1174 2104 161 36 WBEK,

980 2146 39 18 mt.
1030 2144 103 20 hobson
1141 2145 129 19 nursery;
1280 2145 133 19 remuera,

1085 2231 89 18 MAS
1187 2229 17 21 S
1216 2231 23 18 A
1253 2231 19 19 G
1284 2231 25 18 E.

982 2302 48 19 jjuL
1058 2311 38 11 can
1115 2304 112 24 M.asseuseJ
1249 2304 16 19 is
1275 2304 139 26 pei'manently

980 2330 78 19 located
1074 2330 19 18 in
1110 2329 99 20 Rotorua.
1249 2330 39 18 She
1315 2331 36 18 has
1374 2330 39 19 had

980 2356 137 19 considerable
1132 2356 118 25 experience
1261 2356 20 18 in
1300 2358 33 17 the
1353 2358 52 17 treat-

981 2385 54 16 ment
1054 2383 21 17 of
1092 2382 62 18 Indie.-
1167 2382 37 19 and
1217 2382 114 24 gentlemen
1343 2382 60 20 suffer-

981 2409 35 24 ing
1025 2408 51 19 from
1096 2407 89 25 Sci.itica,
1208 2409 107 18 idiGiunati
1329 2415 25 16 m,
1368 2410 47 17 .Still'

980 2435 72 21 .(oints,
1076 2434 112 25 Dyspepsia
1209 2434 38 19 and
1268 2435 26 18 all
1314 2436 61 18 forms
1394 2436 21 17 of

981 2460 92 19 Nervous
1089 2460 113 19 Disorders.

1030 2503 101 19 Addkess:
1148 2504 99 17 tiJJAN'D
1263 2504 98 19 HOTEL.

1072 2554 81 25 THE
1174 2554 139 26 MAILS.

1011 2628 146 18 ROTORUA
1171 2628 74 18 POST
1265 2629 116 18 OFFICE.

1049 2677 67 18 Mails
1126 2678 62 18 close
1198 2683 26 12 as
1233 2678 75 18 -ander
1317 2685 28 12 :

1149 2707 98 17 MOXHAY.

1004 2743 21 13 jr
1034 2738 121 23 Tauranga
1164 2739 26 17 at
1199 2739 54 17 6.30
1262 2744 52 13 a.m.

1003 2776 10 8 „
1039 2761 126 19 Auckland
1187 2762 47 18 and
1251 2762 162 18 intermediate

1037 2785 83 22 offices,
1132 2784 54 20 7.30
1196 2789 52 15 a.m.

1145 2817 102 18 Tuesday.

1004 2853 21 13 jr
1040 2848 126 18 Auckland
1183 2848 46 18 and
1250 2848 163 19 intermediate

1041 2871 83 22 offices,
1134 2871 53 26 7J30
1196 2877 52 13 a.m.

1004 2909 9 7 ~
1040 2894 253 24 RotomaKoadGamp,
1301 2896 55 18 9.30
1356 2896 56 18 a.m.

1004 2918 2 24 ,
1009 2918 4 24 ;
1040 2918 96 18 Galatea
1145 2918 47 18 and
1207 2918 134 24 Waiotapu,
1361 2919 54 19 7.30

1040 2946 54 17 p.m.

1004 2979 10 7 ~
1040 2965 84 22 Taupo,
1143 2964 124 23 Atiamuri,
1286 2965 126 23 Wairakei,

1041 2988 46 17 and
1096 2987 91 24 Napier,
1199 2987 54 19 7.30
1265 2994 54 18 p.m.

1004 3055 21 14 3r
1035 3050 125 19 Auckland
1181 3052 47 17 and
1251 3052 162 19 intermediate

1137 3074 54 19 7.30
1199 3080 53 13 a.m.

980 3142 45 19 For
1042 3142 122 19 Auckland
1183 3143 46 18 and
1252 3144 163 19 intermediate

1042 3166 84 21 offices,
1137 3166 55 18 7.30
1201 3172 51 13 a.m.

1003 3203 11 9 „
1040 3189 96 22 Matata,
1153 3189 155 24 Pongakawa,
1327 3191 86 22 Ohiwa,

1042 3212 156 22 Whakatane,
1207 3213 101 23 Opotiki,
1316 3214 98 19 Maketu

1042 3236 45 17 and
1096 3235 31 19 Te
1136 3236 71 21 Puke,
1220 3235 53 20 7.30
1282 3242 53 19 p.m.

1154 3268 87 18 FiMD.vy.

980 3299 45 17 For
1035 3299 127 22 Tauranga,
1174 3299 54 18 6.30
1236 3304 53 14 a.m.

1004 3336 10 8 ~
1040 3321 124 19 Auckland
1186 3322 46 18 and
1253 3323 162 19 intermediate

1042 3345 82 22 offices,
1135 3344 54 20 7.30
1197 3351 52 12 a.m.

1004 3382 10 8 ~
1041 3368 85 23 Taupo,
1146 3368 124 23 Atiamuri,
1289 3370 46 17 and
1352 3369 48 19 Wai-

1042 3391 70 22 rakei,
1124 3391 55 19 7.30
1187 3396 54 19 p.m.

1138 3424 117 17 iSattrday.

981 3454 46 19 For
1040 3455 96 23 Matata,
1153 3455 155 23 Pongakawa,
1328 3455 85 23 Ohiwa,

1042 3478 156 22 Whakatane,
1207 3478 101 23 Opotiki,
1317 3479 98 18 Maketu

1043 3501 46 18 and
1098 3501 29 18 Te
1138 3501 70 22 Puke,
1220 3501 54 19 7.30
1282 3507 53 18 p.m.

980 3544 53 17 THE
1046 3544 115 19 ENGLISH
1174 3545 67 16 MAIL
1256 3549 37 13 via
1311 3545 103 22 'FRISCO.

1006 3598 80 17 Closes
1091 3598 110 22 Eotorua,
1210 3598 91 23 Friday,
1308 3598 60 18 Nov.
1378 3597 35 23 27,

981 3622 26 17 at
1015 3620 55 20 7.30
1079 3626 58 17 a.m.,
1148 3621 45 18 due
1209 3621 23 18 in
1247 3621 99 19 London
1361 3621 52 19 Dec.

981 3644 64 18 30th.

1012 3695 62 18 POST
1088 3694 92 19 OFFICE
1194 3695 189 18 REGULATIONS.

1004 3744 47 18 The
1061 3743 71 18 Office
1140 3743 21 19 is
1169 3749 61 18 open
1239 3744 36 18 for
1284 3744 40 19 the
1334 3744 49 19 sale
1392 3744 24 18 of

980 3768 97 22 stamps,
1089 3767 101 23 delivery
1205 3768 46 18 and
1265 3767 150 23 registration

981 3791 26 17 of
1013 3789 87 23 letters,
1111 3789 88 23 receipt
1214 3790 26 18 of
1252 3790 96 23 parcels,
1367 3790 46 22 &c,

981 3814 61 18 from
1051 3814 15 17 9
1074 3818 52 13 a.m.
1136 3814 25 17 to
1171 3814 15 17 5
1195 3819 54 17 p.m.

1006 3837 45 18 For
1068 3841 85 18 money
1169 3836 68 18 order
1254 3836 47 19 and
1319 3835 96 24 savings

980 3860 64 18 bank
1057 3859 113 22 business,
1187 3860 14 18 9
1216 3865 52 13 a.m.
1286 3860 26 17 to
1329 3860 15 19 4
1361 3864 53 18 p.m.

981 3882 136 22 Saturdays,
1127 3882 16 18 9
1151 3888 52 13 a.m.
1249 3883 14 18 5
1272 3883 62 22 p.m.'

1005 3906 45 18 For
1058 3901 122 28 telegraph
1195 3906 115 21 business,
1326 3905 61 18 from
1401 3906 15 17 9

981 3934 52 14 a.m.
1043 3929 25 17 to
1077 3928 16 19 5
1101 3934 54 17 p.m.

1006 3952 97 22 Letters,
1115 3951 75 19 books
1207 3951 47 19 and
1265 3956 151 18 newspapers

981 3975 75 18 canbe
1063 3974 127 23 registered
1197 3975 26 18 to
1230 3979 47 18 any
1285 3975 53 22 part
1345 3974 26 18 of
1375 3974 41 18 the

981 3998 73 20 -world
1064 4003 30 12 on
1101 3998 117 23 payment'
1225 4002 23 13 ot
1265 4003 14 12 a
1292 3998 36 17 fee
1345 3997 26 18 of
1385 3997 31 18 3d

981 4021 24 19 in
1012 4021 104 18 addition
1122 4021 26 18 to
1151 4021 41 18 the
1197 4020 218 23 ordinarypostage.

995 4043 2 23 '
1005 4045 47 18 The
1061 4043 71 19 Office
1141 4043 47 19 will
1195 4049 95 17 re-open
1297 4049 29 13 on
1336 4043 67 19 Satur-

981 4068 59 26 days
1049 4068 55 22 only
1113 4067 36 18 for
1162 4066 28 19 15
1205 4066 103 19 minutes
1324 4066 36 19 for
1376 4066 40 19 the

981 4087 103 26 delivery
1098 4090 25 18 of
1137 4090 83 18 letters
1233 4090 60 18 after
1307 4090 41 18 the
1362 4090 54 18 mail

981 4114 103 22 arriving
1093 4114 25 18 at
1127 4112 54 20 7.40
1190 4118 52 18 p.m.
1254 4113 20 18 is
1282 4113 87 19 sorted.

1129 4136 25 19 R.
1169 4136 26 19 D.
1214 4136 131 23 DANSEY,

1239 4160 153 16 Postmaster.

1535 207 52 17 Next
1596 207 32 17 tin;
1644 207 45 18 Post
1701 208 62 20 Office,

1435 238 236 22 SHORTLAND-ST,
1685 238 181 19 AUCKLAND.

1481 270 79 22 Agent
1566 269 37 18 for
1608 269 93 18 Gordon
1708 270 20 17 &
1737 270 81 19 Gotoh.

1516 315 57 17 LIST
1582 315 33 17 OF
1623 315 60 18 NEW
1694 316 91 18 BOOKS.

1757 353 56 19 Paper
1818 353 49 16 Cii.tli

1435 374 71 17 Cameos
1535 386 17 4 ...
1599 387 17 4 ...
1662 374 55 16 Muric
1727 374 61 16 Corelli
1800 376 28 14 2G
1839 376 10 15 3
1858 376 9 14 G

1429 391 43 20 'The
1488 395 71 20 Mighty
1575 397 51 14 Atom
1722 407 12 9 ~
1803 398 8 13 2
1820 397 9 14 0
1842 397 9 15 3
1860 398 9 13 (i

1434 416 37 16 The
1479 416 76 17 Sofrowd
1564 416 18 16 of
1590 417 11 15 S
1608 418 35 13 itan
1723 429 11 7 „
1801 419 9 13 2
1821 418 9 14 G
1841 419 10 14 3
1860 419 9 14 G

1436 438 111 16 Barabhas...
1570 433 4 24 '
1596 450 16 4 ...
1723 450 12 7 ~
1802 439 9 14 2
1821 438 9 15 6
1842 440 9 14 3
1860 440 9 14 6

1435 459 67 16 Behind
1511 458 29 15 the
1549 458 59 21 Magiu
1616 458 62 16 Minor
1730 459 60 16 Birrell
1803 461 8 13 2
1820 461 9 13 G
1841 461 10 14 3
1860 461 9 14 G

1435 480 37 15 The
1477 480 82 15 Eleventh
1564 480 146 18 Commandment,
1717 480 11 15 S
1735 480 59 16 it'clrflie
1803 482 6 14 i
1820 482 9 13 G
1842 482 9 14 3
1860 483 9 13 G

1438 503 11 12 A
1457 500 87 17 Viotimof
1551 501 48 15 Good
1605 500 53 18 Lu-k,
1668 501 54 17 WE.
1728 501 61 19 Norri.a
1801 503 9 14 2
1820 503 9 14 G

1436 522 36 16 The
1480 522 55 16 Wood
1540 522 71 20 Beyond
1618 523 29 15 die
1652 522 65 18 World,
1728 522 62 16 Morris
1802 524 9 14 2
1820 524 9 14 G

1436 544 70 18 Amoiifr
1514 543 28 15 (lie
1550 543 64 15 Freaks
1665 543 28 15 W.
1702 544 22 15 Ij.
1734 544 55 15 Alden
1802 545 9 14 2
1821 546 9 13 G
1842 546 9 14 3
1860 546 9 14 G

1437 564 35 16 Out
1479 565 19 14 of
1502 564 40 15 Due
1547 563 63 17 Season
1626 564 73 16 Adeline
1705 564 84 19 Sarireaut
1801 567 29 14 2G

1436 585 98 16 Transition
1662 586 22 15 G.
1695 585 19 17 P.
1724 586 66 16 Brooke
1802 588 9 14 2
1820 588 10 14 0

1436 606 36 17 The
1474 605 54 18 Years
1536 606 38 15 that
1580 607 29 16 the
1616 607 63 15 Loonst
1686 607 44 15 hath
1741 607 52 15 Katen

1582 628 56 15 Annie
1647 628 21 16 K.
1677 627 112 17 Holdsworth
1802 630 9 14 2
1821 630 9 14 G
1843 630 8 15 3
1861 630 9 14 G

1437 648 52 17 loban
1498 648 54 16 Israel
1567 649 16 21 (a
1592 649 54 16 South
1659 649 66 16 African
1737 650 56 20 S'nry)

1648 670 66 21 George
1723 671 67 16 Covins
1842 673 9 13 3
1860 673 9 14 G

1437 691 28 15 Mr
1476 690 55 19 Bailoy
1541 691 66 16 Martin
1627 705 18 3 ...
1669 691 53 20 Percy
1732 692 58 15 White
1802 693 9 15 2
1821 693 9 14 d
1842 694 9 14 3
1861 694 8 14 G

1438 715 15 12 A
1463 712 55 15 Home
1526 713 17 14 in
1554 713 81 15 Inveresk
1674 712 21 16 T.
1704 713 20 16 Li.
1736 714 54 15 l'aton
1802 717 9 12 'i
1820 716 9 13 0
1843 715 8 14 3
1861 715 8 14 G

1436 732 36 17 The
1481 733 55 17 Green
1545 734 66 16 Groves
1625 734 19 15 of
1656 732 98 21 Balfrowrie

1642 755 17 16 J.
1669 755 25 16 ]T.
1702 755 90 17 Findlater
1797 755 4 23 t
1803 757 8 14 2
1821 757 30 15 G3
1861 757 9 14 G

1437 776 26 16 Br
1471 776 34 16 Con
1508 776 75 21 gallon'B
1593 776 67 20 Legacy
1671 776 24 17 H.
1705 776 84 17 Johnston
1797 771 14 21 '2
1821 779 9 13 G
1842 779 9 13 3
1861 779 8 13 (i

1437 797 36 16 The
1481 797 48 17 Kinir
1538 798 19 15 of
1566 798 91 15 Andaman
1720 798 69 15 CoMvm
1803 800 8 14 2
1821 800 9 14 G
1842 800 9 14 3
1861 800 9 12 G

1437 820 16 13 A
1462 819 40 16 Man
1512 819 17 14 of
1538 819 28 16 the
1575 819 62 21 Fjords
1751 819 41 16 Deir
1843 821 26 14 3G

1437 840 42 19 Clepr
1488 839 52 21 K>lly
1659 840 16 16 S.
1682 839 22 17 R.
1712 840 80 16 Crockett
1803 842 8 14 2
1821 842 9 14 (5
1843 843 8 13 3
1861 842 9 14 G

1437 861 49 21 Lady
1495 861 156 21 Val'sElopemoiit
1656 861 12 16 J
1687 861 104 21 Biekerdyke
1803 864 8 13 2
1820 863 10 14 G
1843 864 8 13 3
1861 863 9 15 G

1437 882 36 17 The
1481 882 94 22 Expiation
1584 885 17 13 of
1610 883 56 20 Wynn
1676 882 73 16 Palisser

1689 903 20 17 B.
1719 903 73 17 Mitford
1803 905 9 15 2
1822 906 9 13 G

1438 927 15 14 A
1463 925 77 18 Humble
1547 925 106 21 Enterprise.
1660 926 21 15 A.
1688 925 103 17 Cambridge
1803 927 9 14 2
1822 927 8 14 G
1843 927 9 14 3
1861 927 9 14 G

1436 947 38 16 The
1482 948 87 14 Beautiful
1579 947 59 15 While
1646 946 56 19 .Oovil,
1712 943 79 24 Boo'thby
1803 948 9 14 2
1822 948 8 14 G
1843 949 8 13 3
1862 949 8 13 G

1440 969 13 15 A.
1462 969 32 15 Bid
1502 969 27 14 for
1536 968 78 16 Fortune
1745 979 10 7 ~
1801 970 10 15 2
1820 969 10 15 6
1843 971 8 12 X
1862 971 8 12 G

1468 989 73 20 Strange
1550 989 89 20 Company
1746 1001 10 7 ~
1803 992 8 13 2
1822 991 8 13 G
1843 992 8 12 3
1862 992 8 12 (1

1437 1011 37 15 The
1483 1011 87 15 Mi:r:-:a'-B
1579 1012 17 14 of
1608 1010 59 16 Esther
1803 1012 9 14 2
1822 1012 8 14 G
1843 1012 9 14 3
1862 1012 8 14 6

1437 1032 37 15 The
1481 1032 84 16 Tremlett
1573 1031 96 18 Diamonds
1692 1030 25 17 S>-.
1727 1030 63 22 Aiibyu
1843 1034 27 13 3G

1437 1052 20 16 In
1467 1052 55 17 Haste
1528 1053 35 16 and
1568 1053 92 16 uiLusu.ro
1668 1052 22 16 E.
1698 1052 20 16 L.
1728 1052 62 16 Liaton
1803 1054 9 14 2
1821 1055 9 13 G

1437 1075 37 15 'lho
1483 1074 64 16 Master
1573 1088 16 3 ...
1637 1070 18 21 '.'.
1682 1075 15 14 1.
1707 1073 84 17 Zan»will
1843 1076 8 14 3
1862 1076 8 13 G

1437 1094 251 18 AJJomamseofTwoWorlrhj
1700 1094 22 18 M.
1730 1095 47 17 Corel
1779 1095 11 16 li
1803 1098 9 13 2
1822 1097 8 13 G
1843 1098 9 14 3
1862 1098 8 13 G

1437 1116 46 17 Jude
1491 1117 30 16 the
1529 1116 77 17 Ob.-cure
1646 1116 75 17 Thomas
1728 1116 62 22 Hardy
1803 1118 28 15 26
1843 1119 9 14 3
1862 1119 8 14 G

1438 1138 20 15 In
1468 1138 29 15 the
1506 1138 48 21 Days
1563 1139 18 14 of
1589 1138 92 20 Adversity
1721 1138 64 15 Burton
1843 1139 9 15 3
1862 1139 8 15 G

1437 1159 37 16 The
1482 1159 56 16 Heart
1547 1159 18 15 of
1574 1159 29 15 the
1615 1159 59 15 World
1705 1159 86 20 Haggard
1803 1160 27 15 1G
1843 1162 9 14 3
1862 1162 8 12 G

1437 1181 37 15 The
1482 1181 93 19 Courtship
1583 1181 18 15 of
1610 1181 63 15 Morice
1682 1180 74 16 Buckler

1701 1202 20 16 A..
1731 1201 60 17 Mason
1804 1203 28 15 2-6
1844 1204 8 14 3
1862 1204 8 14 G

1437 1224 37 15 The
1481 1223 57 21 Light
1547 1224 38 15 that
1592 1223 61 16 Failed
1704 1222 88 22 Kippliug
1804 1225 27 19 2,0
1843 1226 9 14 3
1862 1225 8 14 G

1495 1251 40 15 Add
1543 1250 80 20 Postage,
1634 1250 21 15 2d
1664 1250 17 15 in
1691 1250 28 16 the
1727 1250 74 21 Shilling
1801 1250 2 21 1
1805 1250 4 21 .

1517 1292 182 21 FORTHCOMING-
1706 1292 82 19 BOOKS,

1437 1324 87 16 Vendetta
1669 1322 56 17 Marie
1730 1322 63 18 Corelli
1804 1323 9 15 2
1822 1324 10 15 (5
1843 1324 9 15 3
1862 1324 8 15 6

1437 1345 71 16 Tholrr.a
1726 1356 10 7 ~
1804 1346 9 13 2
1823 1347 8 12 G
1844 1347 8 13 3
1863 1346 7 13 G

1436 1366 67 16 Ardath
1579 1366 3 19 .
1637 1380 10 3 ..
1726 1378 11 7 ~
1804 1367 9 14 2
1822 1367 9 14 G
1844 1367 8 14 3
1863 1367 7 14 6

1436 1387 38 17 The
1481 1387 41 16 Soul
1529 1386 19 17 of
1557 1387 56 17 LHith
1631 1400 18 4 ...
1724 1399 11 7 ~
1803 1390 8 12 2
1822 1389 8 13 G
1843 1388 8 14 3
1862 1388 8 14 G

1439 1409 105 16 Wormwood
1565 1423 17 3 ...
1630 1421 18 4 ...
1724 1420 11 7 ~
1770 1409 2 18 ■
1803 1410 27 14 2G
1844 1411 7 13 3
1862 1410 8 13 G

1458 1430 37 16 The
1503 1430 54 15 above
1566 1430 33 16 will
1609 1430 20 14 hi!
1639 1429 54 16 issurd
1703 1432 17 12 at
1733 1430 46 14 short
1789 1430 81 15 intervals

1436 1452 17 15 in
1465 1452 29 15 the
1505 1451 50 16 ordtr
1571 1451 59 16 named
1647 1451 16 15 in
1680 1450 98 16 Methuen's
1795 1450 75 17 Colonial

1437 1473 81 20 Library.
1542 1472 52 21 Early
1604 1473 57 15 orders
1669 1477 29 10 are
1710 1472 94 21 requested.

1437 1545 112 15 Sentimental
1557 1545 73 20 Tommy
1670 1545 18 14 J.
1698 1544 25 16 M.
1734 1544 57 16 Barrie
1803 1545 27 14 2G
1844 1546 8 13 3
1863 1545 7 14 G

1439 1562 52 20 liodii.
1500 1572 8 10 v
1519 1569 51 12 '.rone
1581 1580 16 3 ...
1637 1566 22 15 A.
1669 1565 58 16 Cnnan
1738 1566 54 15 Movie
1804 1567 27 13 20
1844 1567 8 14 3
1863 1567 7 14 G

1437 1587 97 18 The.Gr.ei,
1545 1587 41 17 Mm
1653 1587 10 15 S
1683 1587 20 15 R.
1712 1587 80 16 Crockett
1804 1588 9 14 2
1823 1588 9 14 G
1844 1588 9 15 3
1863 1588 7 15 C

1437 1609 37 16 The
1489 1608 83 20 Martian,
1589 1615 8 9 a
1614 1614 37 9 new
1667 1608 47 16 novel
1730 1608 21 20 by
1767 1607 29 18 Du

1481 1630 81 20 Maimer,
1584 1630 62 15 author
1663 1630 17 15 of
1696 1629 94 21 '•Trilby*'
1804 1630 66 15 2C3C

1472 1665 82 18 OhijEhs
1568 1670 38 12 for
1619 1669 65 14 above
1701 1669 100 13 received
1817 1665 20 17 at

1528 1688 150 19 CHRONICLE
1691 1689 79 17 Office.

1437 1746 204 41 SOMETHING
1674 1746 45 40 TO
1754 1746 116 39 READ!

1441 1880 240 56 Supplied
1705 1880 138 55 Regit

1513 1972 131 55 lady
1665 1971 49 45 ff
1716 1983 79 33 oir

1538 2058 12 26 i
1704 2058 11 16 *
1764 2058 13 26 1
1846 2058 9 26 j
1861 2058 9 26 j

1539 2116 61 48 111
1623 2116 194 49 Ulllulu

1505 2219 286 37 .OFFIC6.

1488 2286 193 31 Canterbury
1714 2286 108 30 Times,

1483 2328 220 25 Christchurch
1733 2328 94 30 Press,

1496 2369 71 25 New
1581 2369 136 25 Zealand
1741 2369 74 30 Mail,

1529 2411 110 32 Family
1656 2411 126 30 Reader,

1454 2453 107 31 Young
1583 2452 116 25 Ladies'
1721 2453 135 30 Journal,

1507 2494 90 25 Black
1623 2494 59 25 and
1700 2493 105 31 White,

1439 2535 172 26 Illustrated
1634 2535 125 26 London
1777 2536 95 31 News,

1436 2578 63 24 The
1519 2577 117 30 Album,
1671 2576 63 27 The
1749 2577 123 31 Sketch,

1516 2620 121 31 Sydney
1658 2618 134 30 Bulletin,

1689 2660 74 30 Mail,

1492 2702 90 25 Town
1596 2702 60 25 and
1673 2701 142 33 Country,

1543 2744 221 29 Australasian,

1594 2785 132 30 Referee,

1438 2827 231 33 Cosmopolitan
1706 2827 166 31 Magazine,

1538 2869 113 25 Strand
1757 2889 14 9 „

1516 2910 141 25 Windsor
1759 2930 12 10 „

1517 2952 139 32 Ludgate

1491 2994 117 24 Review
1630 2994 33 24 of
1682 2992 140 31 Reviews,

1503 3035 128 25 Woman
1651 3036 32 24 at
1702 3034 104 31 Home,

1437 3076 152 26 Weldon's
1601 3076 129 26 Fashion
1745 3076 126 26 Journal

1472 3118 129 25 Schild's
1616 3118 129 25 Fashion
1794 3138 13 9 „

1483 3159 182 32 Something
1686 3161 34 23 to
1737 3159 92 31 Read,

1438 3201 184 32 Snapshots,
1644 3201 148 30 Answers,
1814 3200 44 25 Tit-

1519 3243 66 29 bits,
1601 3243 123 31 Scraps,
1745 3243 51 24 &c.

1438 3284 64 25 And
1519 3284 35 26 all
1574 3285 97 24 Home
1688 3284 61 25 and
1765 3283 90 26 Colon-

1456 3325 35 26 ial
1509 3325 113 33 Papers
1636 3326 22 24 &
1674 3325 183 32 Magazines,

1605 3410 101 22 thg

1437 3461 249 41 lASTOIECE
1706 3461 163 41 LIBRARY.

1438 3534 143 32 Popular
1594 3535 129 30 Novels,

1472 3594 64 26 The
1681 3595 64 25 Poe
1761 3602 23 24 s,

1504 3657 109 26 Books
1625 3657 51 26 for
1688 3657 40 25 lie
1740 3658 130 27 Bairns,

1437 3770 206 52 Jewries'
1676 3770 194 46 Famous

1576 3855 164 45 Books.

1473 3987 168 47 JBROADER
1681 3987 152 40 BRITAIN-.

1439 4058 30 25 A
1498 4057 177 26 Collection
1698 4057 35 25 of
1756 4057 97 26 Photo-

1505 4106 133 33 graphic
1653 4106 109 26 Views
1775 4106 35 26 of

1554 4147 56 25 the
1632 4147 120 25 World.

994 4253 99 40 Ask
1119 4253 70 39 for
1225 4249 264 41 Hancock's
1534 4247 272 40 Celebrated
1848 4242 187 45 S.SXX
2055 4241 125 39 'Ales
2208 4243 93 37 and
2328 4243 144 41 Stout

1996 150 39 19 s=ga
2056 150 38 17 Eg
2117 151 32 12 sa
2205 153 37 16 rs
2265 154 33 13 &&
2316 155 39 12 sszs

2807 332 28 26 A-
2876 337 58 25 J=d
2962 332 54 33 X^
3020 355 10 21 ?

1894 435 20 10 ■i:
1936 435 37 10 LL.Q
1986 435 53 17 myso
2048 435 88 17 eiegant,
2147 435 133 14 comiortaoie
2288 435 40 14 ana
2341 435 42 14 Dest
2393 435 112 20 appointed
2514 435 184 18 establishments
2719 435 50 19 Now
2787 437 88 19 Zealand
2901 441 15 15 if
2936 443 30 13 i„;
2983 450 6 6 ,

1900 443 23 27 X
2361 456 50 19 with,
2421 456 34 19 the
2466 460 51 15 most
2531 458 82 19 modern
2628 461 146 19 conveniences.
2879 443 3 37 '
3013 447 72 24 rGplete
3103 449 18 19 tb
3122 450 81 25 -rougho

1919 478 57 18 THE
1989 478 92 19 HOTEL
2100 485 17 12 is
2134 486 22 11 in
2175 480 35 19 the
2228 480 116 21 immediate
2359 481 170 25 neighbourhood
2547 484 21 18 of
2586 485 34 18 the
2638 485 72 23 Priest,
2730 487 82 23 Rachel,
2832 489 121 21 Postmaster
2975 502 22 8 -,„
3006 496 5 14 1
3041 498 13 12 fi
3101 478 4 32 1
3136 500 5 10 i

1893 508 88 14 curative
1991 508 112 21 properties
2114 505 20 19 of
2146 506 63 18 which
2225 513 34 11 are
2275 506 148 21 world-fumed.
2451 507 54 20 Bath
2517 508 66 20 chairs
2594 511 39 18 and
2644 511 115 20 attendants
2770 520 34 12 are
2814 516 94 18 provided
2919 523 19 11 tn
2957 503 3 31 .
2975 503 3 31 ,
3102 503 64 21 baths,
3185 503 34 17 the

1893 530 52 19 from
1955 530 35 18 the
1998 529 82 20 various
2091 529 142 21 bath-houses.
2261 532 42 18 The
2314 532 106 19 bedrooms
2430 534 41 17 and
2489 534 87 26 retiring
2598 542 65 12 rooms
2683 543 34 13 are
2736 537 57 21 fitted
2811 541 47 18 with
2887 549 8 12 s
2911 524 3 37 ,
2918 524 8 34 I
2941 530 16 31 „']
2975 528 35 32 "/'
3011 529 12 17 y
3036 531 41 30 iT
3114 532 9 13 S
3140 529 20 16 *°
3179 534 11 12 a
3192 534 5 23 !
3198 527 22 19 ld

1893 558 66 16 ments
1968 555 22 19 of
1997 557 71 24 guests
2077 555 23 19 in
2108 557 70 19 search
2188 557 21 19 of
2217 557 93 19 renewed
2315 558 103 25 .strength.
2849 547 1 36 '
2887 549 8 13 s
2896 550 7 18 l
2904 547 56 19 )e<;iul
2971 553 21 12 ie
2994 548 49 24 gard
3057 551 20 18 to
3090 551 34 20 the
3140 558 80 19 require

1919 581 43 19 The
1974 581 70 21 Baths,
2047 583 21 17 at
2079 581 35 19 the
2120 581 131 21 Sanatorium
2261 583 53 19 have
2324 584 99 19 attracted
2432 591 62 16 manv
2503 585 81 20 visitors
2604 588 21 18 of
2642 587 41 20 late
2704 595 69 14 years-
2799 595 92 14 amount
2907 595 56 14 tl,™.
2994 581 3 28 1
3027 600 5 9 i
3091 603 107 6 ■••,,.

1894 607 32 19 bei
1936 607 33 19 the
1979 607 145 24 convalescent,
2135 614 92 17 nervous,
2239 609 118 22 rheumatic,
2369 609 39 19 and
2419 610 100 25 sleepless.
2874 601 9 11 s
2884 601 7 12 t
2907 601 56 15 ™ose
2976 601 42 17 who
3027 601 50 18 have
3090 603 61 18 found
3163 604 58 19 relief

1920 632 91 20 Rotorua
2021 633 16 18 is
2047 633 35 18 the
2101 636 66 16 centre
2185 635 54 17 from
2257 634 64 19 which
2340 635 28 18 all
2388 635 68 25 points
2467 637 21 18 of
2494 636 87 20 interest
2586 638 25 22 .in
2628 638 34 21 the
2671 638 95 21 Thermal
2775 642 85 24 Springs
2876 645 81 21 District

1910 658 57 20 >ecial
1976 658 96 19 facilities
2082 664 34 13 are
2126 659 97 24 provided
2232 661 32 17 for
2272 660 57 18 those
2336 660 21 18 in
2368 661 69 19 search
2446 662 22 18 of
2475 663 35 17 the
2521 663 100 19 beautiful
2632 665 40 18 and
2686 667 120 19 marvellous
2837 659 11 9 °

1987 689 182 24 MAGNIFICENT
2181 691 176 19 APARTMENTS.
2487 694 84 17 LOFTY
2583 695 145 20 BEDROOMS.
2844 699 112 22 PERFECT

2038 714 26 18 In
2074 713 57 19 short
2140 720 14 12 a
2162 719 125 14 etrst-class
2301 714 171 21 Estajslisiijikxt
2482 717 87 22 offering
2578 718 59 21 equal
2647 720 93 18 comforts
2749 723 20 16 to
2780 722 33 17 tho
2823 724 45 15 l«Nf
2881 722 51 17 uU
2954 713 4 26 ;

2982 706 147 22 iANITATION.

2983 729 84 27 Europe.

2136 765 85 23 Suites
2239 765 28 23 of
2278 765 168 30 Apartments
2456 768 67 22 with
2534 771 97 27 special
2644 771 153 24 attendance
2812 775 38 23 for
2865 776 126 27 Families-

1893 796 99 30 Spacious
2003 798 129 20 Promenade
2140 799 114 24 Balconies,
2263 799 58 26 Snug
2332 800 91 25 Alcoves,
2433 801 41 20 and
2490 802 126 26 luxuriously
2634 805 108 26 appointed
2751 806 97 27 Drawing
2874 811 62 19 Music
2960 814 32 19 Coi

2348 826 98 26 Smoking
2456 828 39 18 and
2508 828 84 21 Billiard
2602 829 80 20 Rooms.
2710 832 70 19 Baths.
2835 825 10 9 C
2849 822 4 30 '
2938 822 4 30 '
2955 822 2 30 '
2976 822 55 13 tmv(il
3032 822 3 30 '
3037 822 2 30 :

2185 859 118 19 SPECIAL
2317 859 137 21 ATTENTK)

1922 892 33 19 All
1966 891 177 22 communications

2670 865 66 19 SINE
2749 866 60 21 AND
2823 868 49 19 SEP
2876 870 69 21 VICE,
2969 879 13 12 r

2922 954 243 54 Manager.

1898 1113 151 46 COAL
2071 1112 125 45 AND
2220 1112 320 45 FIREWOOD
2575 1114 202 46 DEPOT.

1938 1203 144 39 [ESSRS
2102 1204 32 26 F.
2155 1202 195 27 GOODSON
2372 1202 29 26 &
2422 1204 32 24 C.
2476 1204 228 26 GRIFFITHS
2723 1204 59 31 beg

1896 1228 58 40 [l\
1988 1237 33 25 to
2033 1235 107 33 notify
2154 1235 54 26 the
2221 1235 172 26 Residents
2407 1235 34 26 of
2453 1236 143 27 Rotoraa
2615 1237 71 24 that
2704 1237 78 32 xliej

1895 1277 54 19 are
1957 1276 73 19 now
2043 1270 156 31 prepared
2208 1270 31 24 to
2251 1268 120 25 deliver
2380 1271 31 23 to
2422 1275 64 26 any
2495 1271 73 26 part
2581 1269 34 25 of
2624 1270 53 24 the
2686 1270 96 25 Town

1978 1311 104 32 THE
2108 1310 124 33 BEST
2258 1310 286 33 HOUSEHOLD
2567 1312 126 35 COAL,

2277 1352 127 23 HLSO

1928 1387 156 33 RATA
2108 1386 112 32 AND
2245 1385 165 33 TAWA
2435 1386 314 37 FIHEWOOD,

1896 1429 44 25 At
1952 1428 54 26 the
2025 1427 171 27 LOWEST
2211 1427 199 26 CURRENT
2423 1427 135 26 RATES
2573 1430 32 23 at
2618 1428 53 25 the
2681 1428 84 25 short-

2255 1461 48 25 est
2320 1460 113 26 notice.

1922 1517 83 23 Goods
2025 1517 132 23 delivered
2172 1516 68 24 with
2262 1518 163 28 promptness
2441 1518 28 22 to
2489 1517 36 23 all
2541 1519 72 27 parts
2627 1518 28 22 of
2668 1517 44 23 the
2728 1517 42 23 Dis-

1895 1545 62 22 trict
1968 1544 67 23 after
2043 1543 136 24 arrival.of
2186 1544 91 22 trains-

2092 1577 91 23 Orders
2203 1584 62 22 may
2279 1578 31 22 be
2330 1577 50 23 left
2394 1578 26 22 at
2434 1578 45 22 the
2495 1577 92 28 Yards,

2197 1940 65 24 (Late
2272 1940 26 18 of
2302 1940 149 23 Melbourne.)

2376 1990 159 24 TAILOR.

2098 2100 119 26 Clothes
2232 2100 92 25 made
2343 2102 33 23 to
2399 2100 92 24 order
2513 2105 37 19 on

2147 2133 54 25 the
2216 2134 143 25 Shortest
2375 2132 115 25 Notice.
2580 2152 5 10 ,
2603 2124 24 33 i
2639 2124 30 33 II

2602 2149 64 48 |i
2695 2149 28 38 L

2101 2193 42 17 FIT
2152 2192 54 18 AND
2216 2192 80 18 STYLE
2303 2191 50 18 XOT
2361 2192 32 17 TO
2403 2192 34 16 BE
2443 2191 99 19 EQUAL-
2572 2185 109 30 .!:!/,.,
2714 2190 9 21 ,'

2230 2232 52 18 LED
2291 2232 30 18 IX
2331 2231 80 18 TOW.
2599 2212 55 40 IP
2665 2197 54 46 111

2128 2326 116 18 Address:
2254 2324 135 19 -AF.AWA
2402 2324 95 18 SPREE

2574 2503 133 33 sieve
2715 2500 67 35 ies

1898 2619 223 39 iiieycie-s

2098 2716 54 25 AT
2173 2715 239 27 AUCKLAND
2424 2714 160 26 PRICES.

1898 2789 190 19 HOUSEHOLD

2176 2819 160 22 CLOTHING,
2353 2818 151 23 DRAPERY,

2122 2920 54 34 S.
2219 2919 44 33 D
2287 2918 119 41 K.N
2438 2919 43 32 D
2505 2918 15 28 (

1943 2971 237 28 AUCKLAND
2208 2970 89 27 AND
2328 2970 207 26 WAIKATO
2561 2968 180 31 AGENCY,

2138 3020 86 21 NEAR
2243 3019 152 19 CATHOLIC
2410 3019 133 19 CHURCH.

2230 3132 230 32 ROYORUA,

2167 3330 88 23 (Under
2269 3330 58 18 New
2340 3329 181 22 Management.)

1923 3394 93 21 Situated
2026 3394 22 19 in
2058 3394 35 19 the
2102 3395 54 18 most
2163 3393 76 20 central
2256 3393 87 25 position
2361 3393 20 18 in
2402 3391 32 20 the
2454 3397 45 13 new
2517 3389 106 25 township,
2644 3389 89 22 opposite
2749 3386 34 17 the

1896 3420 127 20 Courthouse
2034 3420 40 22 fijul
2084 3420 20 19 in
2116 3419 52 23 clp.-e
2179 3419 109 25 proximity
2298 3422 20 15 to
2328 3419 35 18 the
2374 3418 48 18 Post
2432 3417 68 23 Office,
2511 3415 133 22 Sanatorium,
2665 3413 63 19 Paths
2745 3412 38 18 and

1897 3447 92 24 Railway
2005 3447 84 18 Station.

1923 3481 43 19 The
1976 3481 73 18 Hotel
2058 3480 117 20 commands
2185 3486 12 13 a
2206 3479 131 26 magnificent
2346 3479 51 18 view
2408 3478 21 18 of
2438 3477 34 19 the
2483 3476 57 19 Lake
2550 3476 40 18 and
2601 3475 5 18 i
2624 3472 104 21 furnished
2735 3471 48 20 with

1896 3514 26 13 an
1932 3514 36 18 eyo
1978 3509 20 16 to
2007 3507 35 19 the
2052 3507 85 18 comfort
2147 3506 21 18 of
2178 3506 26 19 its
2214 3509 90 22 patrons.

1922 3542 43 18 The
1975 3542 86 24 position
2070 3540 24 21 .of
2103 3540 35 20 the
2150 3540 70 19 House
2236 3539 83 20 renders
2336 3539 16 19 it
2371 3538 111 25 peculiarly
2502 3535 87 21 suitable
2607 3535 32 19 for
2660 3531 122 23 commercial

1896 3575 46 12 men
1952 3567 85 24 visiting-
2046 3567 35 19 tht>
2092 3570 59 15 town.

1932 3614 168 29 MILLIARD
2122 3613 114 26 ROOM.
2381 3610 147 27 SAMPLE
2552 3607 133 30 ROOMS,
2698 3607 51 24 &c.

2063 3668 177 32 Telegrams
2256 3665 153 35 promptly
2422 3664 150 27 attended
2587 3664 39 24 to.

1898 3742 46 44 F.
1969 3740 272 54 WATERS,

1936 3899 70 26 SHIP
2016 3899 21 26 &
2048 3898 101 27 YACHT
2164 3897 125 26 BROKER.

1955 3934 193 19 COMMISSION
2161 3933 109 22 AGENT,

1894 3962 47 43 S~J
1950 3963 33 18 AS
2006 3962 56 19 POP
2085 3961 70 19 SALE
2174 3968 13 12 a
2204 3961 87 19 number
2310 3961 20 19 of

1915 3982 27 25 Ti
1977 3989 65 17 steam
2065 3988 103 22 launches,
2189 3988 78 24 yachts,
2289 3986 41 19 and

1895 4014 81 24 pulling
1989 4014 58 18 bouts
2067 4013 87 19 suitable
2175 4012 32 20 for
2225 4013 46 18 Lko
2290 4014 40 18 and

1895 4040 54 18 river
1958 4039 60 20 work.

1964 4069 185 19 CoBREsrONDENOE
2169 4068 96 20 IKVITED.

2062 4121 32 18 Ad
2097 4121 67 18 dross:

1924 4153 31 22 15,
1970 4150 152 24 QUEEN-ST.,
2138 4149 165 21 AUCKLAND.

2395 3848 114 34 MISS
2540 3845 207 36 FRENCH,

2369 3913 262 31 RNGLO-FRRISIfIN
2663 3911 88 26 DRESS-

2511 3957 111 27 MAKER.

2453 4015 64 23 (Late
2527 4014 25 18 of
2559 4011 121 22 Dunedin.)

2353 4073 93 43 BEGS
2459 4075 20 16 to
2489 4071 91 19 intimate
2592 4071 20 17 to
2630 4068 35 19 tho
2679 4066 63 19 ladies
2760 4066 20 20 pf

2420 4099 90 19 Potoruii
2535 4096 43 19 that
2598 4095 35 18 she
2651 4094 37 18 has
2705 4091 75 20 started

2353 4120 93 24 business
2467 4125 21 17 in
2511 4122 156 23 Fentqn-streot,
2691 4118 89 26 opposite

2352 4152 35 18 tho
2397 4150 68 20 Grand
2479 4148 68 21 Hotel.

2916 1075 36 19 TO
2965 1077 149 22 TOURISTS.

2816 1121 16 17 A
2846 1121 129 22 SOUVENIR
2987 1126 31 18 OF
3030 1128 51 18 THE
3094 1129 121 21 DISTRICT.

2805 1170 135 45 BE-FORE
2952 1180 39 17 you
3008 1175 54 21 leave
3083 1177 93 26 Rotorua,
3194 1181 23 18 in-

2877 1201 54 20 spect
2939 1199 34 19 the
2980 1201 104 20 miniature
3093 1204 24 18 oil

2804 1221 21 20 of
2832 1222 34 19 the
2877 1223 7 18 'J
2891 1223 28 18 Lot
2928 1225 64 19 Lakes
3006 1233 85 20 scenery,
3103 1230 31 19 for
3153 1231 40 19 sole
3208 1235 21 16 at

2804 1247 35 20 the
2850 1248 47 19 Hot
2912 1249 69 20 Lakes
2993 1251 116 23 Chronicle
3124 1256 65 24 OiUcc,
3210 1261 20 16 at

2804 1274 53 18 from
2869 1276 20 16 Is
2898 1274 26 20 3d
2931 1276 54 19 each.

2864 1317 22 24 J.
2902 1318 25 24 P.
2943 1319 230 36 BACKHOUSE,

2955 1368 133 19 KRTIST,

2808 1399 125 27 NEWTON
2959 1402 82 30 ROAD,
3064 1405 165 28 AUCKLAND..

2916 1458 206 28 ROTORUA.

2806 1531 234 50 Tar&wera
3063 1537 162 48 Jiouse.

2860 1594 177 22 TUTANEKAI
3051 1599 119 21 STEEBT.

2832 1626 78 20 Within
2935 1636 44 12 easy
3004 1636 64 14 access
3093 1633 21 17 of
3129 1632 34 20 the
3182 1633 47 20 Post

2806 1652 66 24 Ofiicc,
2881 1653 68 24 Baths,
2959 1656 37 18 and
3004 1655 124 22 Sauutorium
3138 1658 91 21 Grounds

2806 1679 38 17 ami
2855 1681 138 26 commanding
3007 1689 11 11 a
3035 1684 127 23 magnificent
3180 1686 49 19 view

2806 1705 21 17 of
2837 1705 33 17 the
2880 1705 60 19 Lake.

2834 1735 85 19 Visitors
2942 1737 37 19 will
2999 1737 40 20 find
3058 1745 58 19 every
3133 1742 96 18 attention

2808 1761 46 24 paid
2865 1764 19 16 to
2895 1762 50 19 their
2956 1765 80 17 comfort
3046 1766 39 17 and
3099 1768 33 17 the
3142 1767 87 25 require*

2808 1792 63 13 nieiits
2883 1789 19 16 of
2912 1789 73 19 invalid
2996 1792 67 23 guests
3074 1791 40 19 will
3123 1792 25 19 bo
3164 1793 55 18 assid-

2808 1814 71 23 uously
2890 1815 92 19 attended
2991 1820 26 14 to.

2919 1849 70 20 Terms
2999 1850 120 22 Moderate.

2858 1888 35 33 C»
2912 1888 269 38 WXLLMOTT,

2810 2053 90 45 Rot
2904 2067 55 32 of
2962 2067 30 33 it
2996 2069 27 31 a
3062 2057 165 45 Tours.

3001 2140 20 16 to
3030 2139 83 17 Rotorua
3121 2145 30 11 are
3158 2140 73 17 advised

2810 2156 22 22 JL
2873 2160 40 16 that
2922 2166 11 10 a
2946 2161 74 23 regular
3030 2161 50 23 daily
3093 2163 55 17 coach
3166 2163 65 17 service

2808 2182 83 17 between
2900 2183 88 18 Okoroire
2996 2185 36 16 and
3042 2185 83 17 Rotorua
3140 2185 37 17 and
3193 2186 38 17 vie.;

2808 2211 50 12 versa
2868 2206 14 16 is
2892 2212 41 10 now
2942 2208 85 22 running.

2830 2229 38 17 The
2876 2229 114 23 advantages
2996 2237 10 10 o
3021 2230 36 18 this
3062 2232 54 16 route
3121 2236 30 12 arc
3156 2237 62 13 numer-

2808 2257 38 16 ous,
2856 2258 11 11 a
2876 2253 101 17 somewhat
2989 2253 70 18 tedious
3068 2254 76 23 railway
3152 2254 79 23 journey

2807 2274 15 18 is
2830 2275 75 20 broken,
2915 2276 37 17 and
2961 2276 31 17 the
3008 2279 51 14 route
3076 2278 89 17 traverses
3182 2284 49 11 some

2808 2298 19 17 of
2845 2298 31 16 the
2892 2298 83 18 loveliest
2990 2300 51 17 Bush
3057 2300 78 23 Scenery
3152 2300 19 17 in
3185 2301 45 17 Now

2808 2321 86 17 Zealand.

2847 2352 101 23 PARES,
2964 2354 40 18 10s
3013 2354 81 19 EACH
3107 2355 79 19 WAY.

2808 2380 89 23 Special
2913 2382 161 23 Conveyances
3091 2388 42 13 can
3153 2383 28 18 be
3197 2388 22 13 ar-

2950 2406 85 23 ranged
3043 2407 40 17 for.

2807 2451 86 20 Leave-
2906 2452 107 19 Okoroire
3022 2453 34 17 for
3069 2452 102 19 Rotorna
3185 2453 44 18 and

2875 2475 212 20 Whakarewarewa
3117 2476 60 23 daily
3205 2482 13 12 a

2876 2499 29 18 10
2912 2504 51 14 a.m.

2806 2521 74 19 Leave
2905 2523 100 17 Rotorua
3013 2522 44 18 and
3066 2522 146 19 Whakarewa-

2874 2551 59 13 rowa
2950 2547 35 16 for
2998 2545 113 23 Okoroire,
3127 2546 61 23 daily
3204 2549 24 16 at

2877 2570 28 17 10
2913 2574 51 13 a.m.

2830 2592 28 17 All
2880 2598 107 17 passengers
3006 2598 30 10 are
3052 2592 75 18 advised
3148 2594 19 14 to
3182 2593 47 17 avail

2808 2615 107 19 thouisclvos
2923 2616 20 17 of
2950 2615 37 18 this
3003 2615 59 17 Route
3077 2620 20 12 as
3112 2615 87 19 Okoroire
3215 2617 13 15 is

2808 2645 33 10 one
2857 2639 19 16 of
2886 2639 31 16 the
2926 2639 49 16 show
2984 2638 59 22 places
3060 2639 21 16 of
3096 2639 32 16 the
3144 2639 83 16 Thermal

2808 2662 81 18 District,
2910 2662 35 16 ami
2963 2668 22 10 no
3001 2662 42 16 visit
3057 2662 20 17 to
3093 2662 31 16 the
3138 2662 59 16 Lakes
3215 2662 13 16 is

2808 2686 89 21 complete
2905 2685 79 17 without
2989 2685 23 17 its
3017 2685 95 16 inclusion.

2831 2709 69 22 Special
2909 2708 90 17 attention
3011 2708 15 15 is
3039 2708 58 16 called
3111 2709 19 15 to
3143 2707 30 17 the
3191 2709 36 16 fact

2808 2732 40 17 that,
2857 2738 10 10 a
2876 2732 54 16 coach
2940 2732 57 16 leaves
3011 2730 81 17 Rotorua
3102 2730 35 17 and
3149 2730 66 17 YVhaka-

2807 2760 94 8 mu-nrmvn
2912 2760 21 8 on
2945 2754 74 14 Riinil.iv
3026 2754 19 14 nt
3057 2755 19 13 10
3085 2760 42 8 a.m.

2808 2906 14 16 A
2841 2903 108 19 MEMBER
2968 2902 30 18 OF
3018 2902 51 18 THE
3090 2902 84 19 HOUSE
3195 2903 31 17 01'

2830 2968 92 23 Speaking
2935 2973 22 11 on
2973 2967 30 16 the
3016 2966 102 21 Pharmacy
3131 2965 36 19 Bill
3180 2966 44 18 said,

2864 2990 100 23 profession
2978 2990 32 16 has
3023 2989 51 17 made
3091 2989 35 17 less
3140 2994 85 18 progress

2807 3015 66 22 during
2883 3015 30 16 the
2930 3013 34 16 last.
2983 3014 30 15 100
3027 3018 52 16 years
3093 3012 44 17 than
3153 3012 39 16 that
3206 3012 19 16 of

2922 3042 20 11 or
2950 3036 59 16 words
3017 3037 19 15 to
3044 3036 42 16 that
3098 3034 57 18 effect.
3187 3035 37 16 The

2807 3060 76 19 M.H.R.
2899 3059 55 22 spoke
2967 3059 77 16 without
3057 3058 92 22 thinking,
3166 3063 21 11 or
3202 3058 22 16 he

2809 3084 59 17 would
2882 3084 32 16 not
2930 3082 45 17 have
2992 3081 51 18 made
3059 3081 43 16 such
3119 3086 21 12 au
3158 3079 67 19 absurd

2808 3107 102 18 statement.
2935 3106 29 15 He
2974 3104 91 22 evidently
3078 3104 53 16 knew
3145 3103 80 23 nothing

2808 3131 18 18 of
2836 3132 29 15 (he
2874 3135 40 11 new
2922 3128 74 22 remedy
3004 3126 69 19 termed

2944 3151 147 17 NEURGL

2808 3175 57 17 which
2875 3174 20 17 is.
2900 3173 134 20 ineomparison
3041 3172 43 16 with
3090 3171 85 17 remedies
3182 3171 44 16 used

2808 3205 43 10 evc7i
2891 3202 51 17 years
2950 3201 42 18 ago,
3001 3200 20 13 as
3027 3194 48 23 light
3084 3197 18 14 to
3111 3194 91 17 darkness.

2944 3224 146 17 NEUROL

2807 3250 14 16 is
2830 3255 10 9 a.
2854 3246 125 23 scientifically
2995 3244 86 23 prepared
3098 3243 93 21 medicine,
3208 3243 17 16 in

2807 3272 31 16 the
2848 3272 45 16 form
2903 3270 19 17 of
2930 3268 87 24 powders.
3043 3268 17 16 It
3067 3267 14 17 is
3090 3268 33 15 not
3135 3267 80 21 disagree-

2806 3295 40 17 able
2855 3289 3 25 ;
2872 3293 16 18 it
2894 3293 16 17 is
2917 3293 34 16 not
2958 3290 96 24 expensive
3061 3289 4 25 ;
3079 3291 15 16 it
3102 3290 33 16 lies
3142 3290 19 16 in
3175 3289 52 17 small

2807 3321 81 19 compass
2897 3312 2 28 ;
2914 3316 13 16 it
2937 3315 81 17 contains
3027 3320 23 10 no
3058 3313 68 22 opium,
3144 3312 73 22 morphia-

2807 3347 19 10 or
2841 3339 113 22 antipyriue;
2973 3338 14 16 it
3004 3337 37 16 will
3057 3337 33 16 not
3106 3341 41 12 cure
3164 3340 63 22 every?

2806 3363 56 23 thing
2868 3363 34 17 but
2917 3362 14 16 it
2945 3361 14 16 is
2973 3360 80 17 effective
3065 3360 20 16 in
3098 3359 26 16 all
3137 3364 48 11 cases
3199 3358 28 17 for

2807 3386 58 19 which
2874 3386 15 16 it
2897 3386 15 15 is
2924 3382 142 19 recommended.

2943 3412 148 17 NEUROL

2807 3436 35 17 will
2852 3435 65 18 relieve
2926 3439 53 17 every
2988 3434 46 16 form
3051 3432 19 17 of
3088 3431 91 17 headache
3194 3433 35 15 not

2806 3459 66 18 caused
2880 3459 25 21 by
2913 3457 50 17 brain
2975 3455 72 18 disease.

2943 3485 148 16 NEUROL

2805 3520 50 13 euros
2875 3512 96 23 neuralgia
2991 3513 19 15 of
3026 3511 30 17 the
3073 3511 39 16 face
3128 3509 36 17 and
3180 3508 48 18 head

2805 3543 49 12 more
2862 3535 94 23 promptly
2965 3535 45 17 than
3019 3534 79 22 quinine.

2827 3561 33 17 LA
2866 3560 13 16 0
2886 3558 78 21 RIPPE,
2975 3564 21 10 or
3001 3558 24 16 IN
3030 3555 115 20 FLUENZA
3151 3555 46 19 loses
3204 3554 23 18 its

2805 3586 67 15 terrors
2881 3583 14 15 if
2904 3579 104 20 NEUROL
3016 3581 14 16 is
3039 3579 55 18 taken
3103 3580 20 16 at
3131 3578 32 17 the
3177 3583 36 12 com-

2805 3606 112 18 mencement
2926 3605 20 16 of
2954 3605 31 16 the
2994 3603 67 17 attack.

2827 3629 85 18 COLDS,
2952 3624 136 23 CATARRHS,,
3123 3622 101 21 FEVERS,

2805 3648 170 22 RHEUMATISM
2999 3655 30 11 are
3054 3648 24 17 all
3100 3647 78 17 relieved
3201 3646 24 21 by

2805 3674 109 19 NEUIiOL.
3171 3691 13 7 ~
3205 3690 5 8 ,

2827 3698 36 18 For
2884 3701 70 13 women
2973 3694 103 19 NEUROL
3093 3699 14 12 is
3126 3692 98 23 peculiarly

2804 3720 84 20 suitable,
2898 3721 15 16 it
2921 3725 52 11 cures
2981 3718 25 17 all
3019 3717 72 23 painful
3105 3720 70 17 cramps
3188 3713 36 18 and

2825 3767 63 21 Every
2908 3765 62 23 miner,
2992 3763 89 18 bushman
3105 3760 35 19 and
3162 3760 62 17 settler

2804 3789 65 21 should
2878 3794 71 17 possess
2957 3794 11 10 a
2977 3788 36 16 box
3021 3787 20 16 of
3049 3783 107 20 NEUROL:
3182 3782 18 17 It
3208 3788 15 10 is

2804 3821 11 9 a
2823 3812 89 18 medicine
2921 3812 50 17 chest
2980 3810 19 17 in
3007 3809 51 19 small
3068 3812 86 17 compass.

2826 3835 44 18 .Sold
2879 3835 25 22 by
2912 3835 25 16 all
2945 3833 123 21 storekeepers
3080 3830 42 19 and.
3132 3828 88 21 chemists,

2804 3861 19 15 2s
2830 3864 34 17 per
2872 3859 43 18 box,
2924 3862 21 13 or
2953 3858 43 21 post
3008 3857 38 16 free
3061 3855 46 16 from
3120 3850 103 19 NEUROL

2804 3883 39 18 Co.,
2853 3880 103 19 Auckland,
2966 3881 20 15 2s
2997 3879 26 16 Id.

2825 3901 103 21 Wholesale
2937 3904 46 15 from
2994 3900 123 23 Kempthorne
3125 3897 36 17 and
3167 3897 10 16 I
3184 3901 29 12 ros-

2805 3934 31 9 ier,
2847 3933 21 10 or
2877 3925 90 18 Sharland
2977 3925 35 17 and
3020 3924 31 17 Co.

2964 4062 13 13 •d
2993 4060 39 14 1875
3049 4065 6 3 -
3079 4054 34 21 .C/
3113 4054 105 21 1,837,000

2963 4071 19 6 '"
2993 4080 39 14 1835
3050 4085 5 4 -
3073 4075 145 19 £6,^06,000

2992 4094 27 21 ISO
3028 4094 9 21 3
3046 4094 9 21 -
3072 4094 73 21 &9,20
3145 4094 73 21 C,OOO

2972 4134 14 14 j.

3092 4145 128 13 CemuiiriiiiDUor.
