3280 4290
61 108 57 23 THE
139 103 151 25 VICTORIAN
317 103 163 20 CREMATION

143 162 94 16 FURTHER
254 161 143 14 PARTICULARS.

85 194 40 20 The
134 192 54 25 body
197 192 20 19 of
225 190 35 20 the
269 190 41 19 late
327 190 43 19 Mrs
379 188 106 20 Elizabeth

61 222 59 24 Inger
142 217 110 23 Honniker,
276 222 25 13 an
325 215 51 25 agod
395 214 48 25 lady
466 214 22 19 of

61 244 83 28 English
153 244 60 23 birth,
227 242 44 20 who
280 242 78 19 resided
368 241 21 18 in
398 240 90 20 Victoria

63 274 30 18 for
97 270 68 24 nearly
172 271 25 16 40
204 274 64 20 years,
277 273 41 14 -was
325 266 105 23 cremated,
437 266 50 19 -with

61 299 33 20 the
115 292 94 24 sanction'
221 294 22 19 of
259 294 35 18 the
317 292 59 20 Chief
390 291 84 21 Commis-

61 324 64 20 sioner
134 322 20 19 of
169 320 73 23 Police,
254 319 40 19 and
311 319 22 19 in
351 318 33 19 tho
393 324 95 19 presence

62 350 20 19 of
92 355 11 13 a
111 346 107 27 gathering
225 345 21 19 of
254 345 94 19 relatives
354 343 40 19 and
403 343 82 24 friends,

62 382 24 13 on
100 374 33 19 the
151 373 104 19 afternoon
269 370 21 19 of
307 369 71 19 March
393 371 30 22 19,
443 369 22 19 in
477 375 11 13 a

61 400 50 21 little
120 399 92 20 seashore
228 397 41 24 bay
278 396 90 20 between
377 395 98 25 Sandring-

61 428 46 19 ham
116 425 39 21 and
164 422 123 22 Beaumaris.
314 421 48 19 This
375 420 16 20 is
401 421 34 19 the
445 421 44 19 first

62 453 46 19 time
129 451 45 19 that
205 456 12 14 a
239 449 106 24 European
376 446 37 20 has
435 447 52 19 been

61 477 99 21 cremated
180 477 22 19 in
225 474 93 23 Victoria,
343 472 100 26 although
466 479 22 13 as

60 503 87 26 recently
157 509 20 13 as
195 503 38 18 last
242 499 55 21 week
314 499 35 19 the
366 505 69 19 corpse
445 499 22 18 of
476 505 11 13 a

60 530 82 20 Hindoo
151 535 40 14 was
200 526 84 21 reduced
297 527 21 18 to
328 525 57 19 ashes
394 531 50 13 near
453 524 34 19 the

60 562 54 14 same
123 557 50 24 spot,
184 552 103 25 according
294 553 21 18 to
324 551 34 19 the
367 550 49 20 rites
426 550 21 19 of
456 550 31 19 his

60 582 91 25 religion.
176 580 21 19 It
205 584 40 15 was
254 578 28 24 by
297 577 37 19 her
343 583 45 14 own
406 583 81 19 express

61 609 50 20 wish
127 607 43 19 that
184 606 34 19 the
227 603 53 25 body
290 603 21 19 of
320 603 42 19 Mrs
381 602 107 19 Henniker

61 640 40 14 was
123 630 89 28 disposed
235 630 21 19 of
279 629 28 25 by
329 628 42 25 fire,
390 628 38 19 and
452 628 34 19 the

62 665 101 17 ceremony
177 662 40 15 was
227 655 77 20 carried
321 657 36 17 out
364 655 21 18 in
395 661 13 12 a
417 655 70 18 accent

62 686 40 20 and
110 684 76 24 orderly
195 688 89 17 manner,
299 680 65 21 which
373 679 114 20 minimised

63 719 21 13 as
92 712 31 18 far
132 717 20 12 as
164 707 87 27 possible
261 707 35 19 the
304 706 80 20 natural
393 705 63 19 shock
466 706 19 18 to

61 738 34 19 the
108 735 83 25 feelings
209 734 21 19 of
248 733 34 20 the
292 732 109 23 onlookers,
419 731 66 20 which

61 764 34 19 the
111 760 79 25 novelty
205 760 21 18 of
244 759 34 19 the
292 758 96 25 spectacle
402 757 83 19 excited.

62 790 40 18 Tho
120 787 58 24 body,
198 785 66 21 which
277 790 40 14 was
435 782 21 20 in
475 789 11 12 a

62 813 56 22 kauri
127 813 45 25 pino
188 811 62 23 coffin,
261 816 42 14 was
312 809 100 25 conveyed
421 809 21 19 in
451 809 34 19 tho

61 840 109 23 customary
176 843 83 14 mannor
268 837 52 19 from
329 836 34 18 tho
373 834 112 20 deceased's

60 867 39 19 lato
107 864 99 20 residence
216 865 21 17 at
245 861 113 21 Richmond
366 863 21 17 to
396 861 35 19 tho
440 862 45 24 spot

60 890 83 22 selected
151 890 31 19 for
191 889 110 24 cremating
310 888 22 19 it.
359 887 28 19 As
397 887 34 19 the
449 887 36 18 iiro

59 917 71 26 gained
148 915 92 26 strength
255 915 39 19 and
308 915 55 24 crept
377 913 64 19 round
451 913 33 18 tho

59 943 56 19 coffin
129 941 34 20 the
182 947 105 13 mourners
304 947 52 17 sang
373 939 61 25 softly
449 939 35 18 tho

58 975 64 14 verses
131 968 21 19 of
160 967 35 20 tho
207 966 64 26 hymn
282 966 52 20 'Wo
343 965 55 20 Shall
409 964 75 21 Gather

58 997 20 17 at
87 995 33 19 tho
129 993 74 20 Rivor.'
230 992 69 21 Whon
306 992 34 19 the
349 992 35 18 firo
393 990 47 19 died
449 992 35 17 out

57 1021 84 24 nothing
159 1025 39 14 was
211 1018 38 19 loft
259 1018 38 19 but
306 1025 12 12 a
332 1017 51 19 little
400 1016 52 25 heap
463 1016 21 19 of

58 1046 57 21 black
132 1046 40 19 and
188 1044 93 24 smoking
299 1043 63 19 ashes.
390 1042 94 25 Nothing

57 1072 100 20 remained
170 1071 21 20 of
204 1070 35 20 tho
257 1075 68 19 corpse
339 1075 21 13 or
378 1068 34 19 tho
424 1068 59 19 coffin

58 1100 67 24 except
134 1098 33 19 the
176 1097 44 20 iron
233 1096 73 19 handle
316 1096 40 18 and
364 1095 34 19 the
414 1100 55 14 name-

57 1125 59 25 plate.

82 1150 21 19 It
132 1155 63 14 seems
230 1148 44 20 that
298 1147 43 19 Mrs
376 1146 106 20 Henniker

57 1176 106 25 originally
179 1174 99 25 belonged
290 1175 19 18 to
327 1173 34 19 the
371 1172 81 20 Church
461 1173 21 19 of

57 1202 98 25 England,
174 1201 37 20 but
226 1206 54 14 somo
301 1206 57 19 years
376 1204 38 20 ago
429 1200 53 18 went

57 1235 46 13 over
118 1230 19 18 to
155 1227 34 20 the
207 1226 122 23 Unitarians,
349 1224 39 20 and
405 1224 75 20 drifted

57 1254 68 20 thence
134 1254 42 19 into
183 1253 33 19 the
225 1254 64 18 tenets
299 1252 20 18 of
337 1250 142 26 .Spiritualism,

56 1280 64 20 which
129 1279 34 20 sho
173 1278 106 20 continued
293 1279 20 17 to
322 1277 48 19 hold
379 1283 27 19 up
416 1278 21 18 to
446 1276 34 19 the

57 1307 46 19 time
113 1305 19 20 of
141 1305 35 19 her
187 1305 66 19 death.
280 1303 19 19 A
308 1309 39 13 van
364 1302 117 26 containing

57 1333 54 19 three
129 1333 43 18 tons
190 1331 20 19 of
228 1329 92 21 firewood
334 1329 38 19 and
387 1335 11 13 a
409 1329 41 25 keg
460 1329 21 18 of

56 1358 94 20 keroseno
158 1363 40 14 was
207 1357 44 19 sent
266 1362 26 13 on
301 1356 21 19 in
336 1355 92 23 advance,
440 1354 40 19 and

57 1383 115 26 everything
181 1389 40 13 was
239 1381 62 26 ready
318 1381 58 20 when
391 1380 34 19 tho
435 1387 34 19 pro-

57 1410 73 19 cession
153 1408 76 20 arrived
250 1409 20 18 at
292 1407 34 20 the
342 1407 72 19 chosen
428 1408 50 24 spot.

57 1436 42 19 The
118 1435 56 20 coffin
196 1441 39 14 was
257 1433 91 20 removed
371 1433 52 18 from
445 1432 35 19 the

56 1462 74 23 hearse,
141 1461 38 20 and
188 1460 69 26 placed
268 1466 25 13 on
303 1459 33 20 the
345 1465 34 13 sea
386 1458 62 20 beach
459 1460 21 17 at

57 1488 34 20 the
108 1488 47 19 base
168 1487 20 20 of
199 1493 12 13 a
221 1486 45 20 cliff.
294 1486 53 24 Logs
364 1491 52 14 were
425 1484 55 26 piled

57 1514 65 21 round
136 1513 38 20 and
190 1519 46 14 over
253 1510 27 26 it;
295 1518 53 13 somo
362 1511 36 25 dry
407 1510 60 21 brush-

57 1540 62 24 wood,
137 1538 101 28 sprinkled
257 1538 48 21 with
318 1538 101 23 kerosene,
439 1543 41 14 was

57 1566 43 21 laid
117 1572 70 18 among
204 1565 34 20 the
251 1563 56 27 logs;
322 1564 39 20 and
374 1563 49 21 then
445 1563 35 20 the

58 1592 136 21 undertakers
219 1597 51 19 men,
297 1590 74 26 having
393 1589 87 20 finished

59 1618 52 23 their
120 1618 49 25 task,
184 1617 106 21 withdrew.
318 1616 41 21 The
368 1622 110 19 mourners,

57 1644 94 27 carrying
172 1643 84 22 wreaths
278 1643 20 20 of
318 1642 58 21 white
394 1641 84 25 flowers,

58 1670 57 22 stood
123 1670 64 21 round
205 1670 33 20 the
252 1676 52 20 pyie,
320 1668 56 21 while
386 1675 11 13 a
406 1675 37 14 son
459 1668 21 20 of

58 1697 34 21 the
102 1696 92 21 deceased
203 1696 47 26 lady
259 1696 47 21 witli
314 1695 30 21 his
362 1701 43 15 own
414 1694 66 22 hands

56 1722 80 28 applied
144 1722 33 21 the
186 1722 73 20 match,

57 1792 58 23 THE
148 1790 169 23 'TEMPORARY
330 1790 148 25 INSANITY'

205 1815 126 23 VERDICT.

82 1869 40 23 The
131 1870 65 22 burial
210 1871 83 25 penalty
304 1871 39 20 still
359 1870 91 21 attached
458 1872 21 19 to

56 1906 13 13 a
77 1898 72 20 verdict
158 1898 20 19 of
185 1898 39 24 felo
235 1898 22 19 de
267 1905 17 12 se
294 1898 17 19 is
328 1898 100 19 doubtless
445 1897 34 20 the

56 1925 52 20 thief
125 1930 67 13 reason
214 1924 47 25 why
283 1924 63 25 juries
367 1924 113 25 invariably

57 1951 74 20 declare
141 1950 42 19 that
196 1956 38 13 one
243 1950 45 19 who
304 1948 38 21 has
358 1950 61 19 killed
428 1949 39 21 bim-

56 1977 50 21 fiolf'
116 1976 110 20 committed,
233 1976 76 19 suicide
316 1976 59 20 while
383 1976 97 26 suffering

56 2004 51 19 from
120 2004 110 24 temporary
239 2002 103 25 insanity.'
369 2002 68 20 When
446 2002 34 20 the

55 2035 44 14 case
108 2028 16 19 is
141 2028 110 24 examined,
269 2034 31 13 wo
317 2028 43 20 find
371 2028 56 19 often
436 2028 45 20 that

57 2057 6 9 '
70 2057 108 23 temporary
200 2053 102 26 insanity'
325 2054 18 19 is
365 2054 63 26 really
445 2054 35 19 the

55 2079 39 22 last
103 2080 125 26 explanation
245 2079 94 27 possible
367 2079 113 21 'Domestic

55 2106 132 26 linhappincss
196 2106 5 11 '
224 2106 17 19 is
262 2113 13 12 a
295 2106 94 25 frequent
407 2106 71 26 cause;

55 2134 6 12 '
71 2133 90 20 deceased
178 2132 41 20 had
230 2132 51 20 boon
300 2134 35 18 out
344 2132 21 20 of
382 2132 56 20 work
447 2132 32 20 for

54 2164 52 15 some
114 2159 53 23 time,
177 2158 40 20 and
225 2164 41 14 was
281 2157 22 20 in
320 2158 38 20 low
368 2157 68 27 spirits
446 2157 4 27 '
461 2158 17 19 is

54 2184 87 21 another.
167 2184 113 20 Elsewhere
295 2184 50 19 than
353 2184 21 19 in
383 2184 95 25 England

54 2218 13 13 a
75 2217 53 14 sense
137 2210 21 20 of
167 2210 83 24 honour;
261 2209 38 21 niis
301 2216 12 10 oi
314 2209 60 21 uided
383 2211 93 24 perhaps,

54 2237 36 20 but
99 2237 20 19 in
127 2242 26 14 no
161 2236 72 26 degree
243 2236 76 24 insane,
335 2236 56 20 often
407 2237 71 19 makes

55 2270 44 14 men
115 2263 45 19 take
177 2263 53 19 their
240 2269 44 13 own
299 2263 59 24 lives;
373 2262 40 20 and
422 2263 56 19 there

55 2288 49 21 lave
125 2289 49 20 boon
195 2288 88 26 period's
302 2289 23 19 in
343 2289 34 19 tho
399 2289 79 20 world's

54 2315 73 26 history
148 2315 57 20 when
226 2314 76 21 suicide
319 2315 37 20 has
374 2315 51 19 been
443 2317 35 17 not

55 2341 71 26 merely
146 2341 123 20 honourable
285 2341 39 21 but
344 2341 132 25 fashionable,

57 2367 38 20 and
102 2374 42 12 men
151 2367 38 19 and
197 2373 76 14 women
291 2367 52 21 have
353 2367 64 21 ended
426 2367 52 19 their

56 2393 48 20 lives
124 2394 29 19 for
174 2400 81 13 reasons
272 2393 66 21 which
347 2395 21 19 to
385 2400 23 13 us
425 2400 53 13 seem

56 2419 64 20 trivial
129 2419 37 20 and
178 2420 81 20 absurd.
287 2420 64 20 These
360 2421 39 19 last
407 2419 50 21 bear
466 2427 12 13 a

57 2446 106 26 superficial
193 2446 135 20 resemblanco
350 2449 20 17 to
393 2446 85 20 suicides

57 2471 60 22 based
135 2479 25 13 on
180 2472 93 26 insanity.
301 2473 26 19 In
341 2473 71 25 reality
430 2473 48 25 they

56 2504 34 14 arc
104 2498 29 20 far
149 2501 56 23 apart
222 2499 52 19 from
292 2499 35 19 the
341 2499 98 20 instances
457 2499 22 20 of

56 2524 98 20 irrational
170 2525 37 19 but
229 2526 141 25 commanding
384 2525 92 25 impulse,

56 2550 63 21 which
128 2557 33 13 can
169 2551 62 26 really
240 2551 26 20 bo
275 2552 79 19 defined
363 2558 21 13 as
395 2551 83 20 suicidal

57 2576 69 21 mania.
151 2577 66 20 When
243 2578 35 19 the
309 2578 77 19 mother
408 2578 21 19 of
452 2585 26 12 an

57 2602 119 26 illegitimate
198 2604 59 24 child,
273 2604 91 20 deserted
386 2604 28 25 by
435 2604 38 19 her

57 2628 54 21 lover
125 2629 37 20 and
174 2630 30 19 nf
207 2630 47 19 used
271 2630 75 19 shelter
359 2631 20 18 in
389 2630 35 19 her
434 2637 44 13 own

57 2654 62 25 home,
137 2661 21 14 or
174 2656 105 26 permitted
297 2656 56 20 there
368 2656 46 26 only
423 2658 20 17 to
453 2656 25 20 bo

57 2681 80 19 taunted
156 2682 117 25 incessantly
295 2683 49 20 with
362 2683 36 19 her
415 2682 64 19 fall

57 2707 58 20 when
123 2708 33 19 she
165 2708 44 20 kills
219 2708 74 20 herself
302 2715 22 13 or
342 2709 35 19 her
384 2708 61 26 baby,
457 2715 22 13 or

58 2733 55 24 hoth,
123 2734 31 19 sho
164 2735 15 19 is
185 2737 34 17 not
228 2735 52 19 mad.
309 2735 40 19 She
358 2736 17 18 is
384 2734 94 26 helpless,

59 2766 28 17 or,
97 2759 57 27 being
170 2762 98 25 ignorant,
279 2761 70 20 thinks
367 2761 74 20 herself
450 2767 28 14 so.

61 2785 38 21 Sho
108 2792 39 14 sees
155 2794 24 12 no
188 2794 43 19 way
241 2789 34 18 out
285 2788 21 19 of
324 2794 26 13 an
360 2787 120 26 intolerably

60 2811 122 28 humiliating
195 2814 85 25 position
288 2811 4 28 ;
307 2814 35 20 she
350 2814 16 19 is
374 2814 106 19 misorable

59 2838 22 20 in
90 2838 32 20 the
138 2842 81 23 present,
235 2840 40 19 and
292 2846 43 14 sees
349 2847 25 13 no
388 2840 53 25 hopo
458 2840 23 20 in

61 2864 21 19 in
90 2864 32 20 the
131 2865 69 25 future,
219 2866 99 20 therefore
337 2867 35 19 she
387 2867 48 19 ends
445 2867 36 19 her

61 2890 40 20 life.
127 2891 40 20 Her
174 2892 48 20 deed
230 2893 17 19 is
257 2899 26 13 an
290 2893 63 20 active
363 2893 108 25 interpreta-

61 2917 41 19 tion
120 2917 19 19 of
154 2918 33 20 the
204 2919 121 19 Psalmists's
340 2926 39 18 cry,
391 2917 4 27 '
402 2919 38 19 Let
450 2925 32 13 mo

62 2943 35 19 fall
106 2943 38 21 into
162 2945 32 19 the
207 2945 64 19 hands
285 2945 21 19 of
320 2945 49 24 God,
389 2945 40 19 and
447 2947 35 17 not

62 2969 41 19 into
113 2970 30 19 the
151 2971 62 19 hands
223 2971 20 19 of
259 2972 60 19 man.'
346 2972 20 20 It
375 2971 17 19 is
401 2971 80 24 foolish,

64 2996 99 25 cowardly,
177 2996 74 25 sinful;
266 2998 37 19 but
320 2999 17 19 it
355 2998 16 19 is
384 2999 35 17 not
428 2997 54 20 mad.

64 3020 103 28 Similarly,
181 3023 33 19 the
230 3030 47 13 man
294 3025 45 19 who
353 3024 36 19 has
403 3024 39 19 lost
451 3024 32 19 his

63 3049 116 23 occupation,
191 3049 38 19 and
242 3052 72 18 cannot
322 3051 49 19 bear
380 3051 21 18 to
410 3056 33 13 seo
452 3050 31 19 his

65 3073 45 20 wife
119 3074 35 19 and
167 3075 87 20 children
271 3077 98 24 suffering
376 3076 106 25 privation,

66 3099 62 20 shows
148 3100 76 21 himself
245 3102 28 26 by
288 3103 33 19 his
334 3102 74 20 suicide
422 3104 21 18 to
458 3102 26 20 be

66 3126 70 24 selfish,
147 3128 99 26 cowardly,
258 3129 39 19 and
312 3129 82 25 lacking
402 3129 21 19 in
433 3129 41 19 fore-

65 3151 107 26 eightfor
188 3154 44 21 how
249 3155 41 20 will
304 3155 34 20 the
356 3155 40 20 loss
414 3155 21 20 of
450 3155 35 20 the

64 3178 84 24 possible
156 3179 143 22 bread-winner
307 3181 114 25 advantage
428 3181 57 20 those

64 3204 26 19 he
99 3204 51 21 loves
159 3206 69 20 ?but
240 3209 40 23 not,
292 3208 78 25 strictly
379 3207 104 26 speaking,

64 3230 53 24 mad,
146 3238 20 13 as
192 3233 90 20 madness
313 3235 17 18 is
358 3234 78 19 defined
458 3234 28 25 by

66 3256 99 21 scientists.
202 3259 85 20 Neither
308 3260 17 20 is
344 3260 35 20 the
395 3260 91 25 gambler

64 3283 45 19 who
117 3284 34 19 has
160 3285 34 20 lost
203 3286 30 19 his
242 3286 38 20 last
290 3293 75 19 penny,
374 3286 40 20 and
422 3286 64 20 blows

64 3311 35 17 out
108 3309 29 19 his
146 3310 62 21 brain?
222 3314 19 17 at
250 3312 70 21 Monte
328 3310 67 27 Carlo,
405 3319 37 14 nor
451 3313 34 19 the

64 3335 71 21 ruined
154 3338 114 24 speculator,
287 3340 55 19 often
363 3339 122 24 fraudulent,

66 3361 47 21 who
133 3364 70 24 prefers
231 3365 61 20 death
310 3367 21 18 to
360 3367 83 25 poverty
465 3372 23 13 or

66 3387 74 27 prison.
165 3388 63 22 When
249 3391 34 20 the
304 3398 84 19 averago
410 3392 77 19 human

68 3414 56 20 mind
134 3421 33 13 can
175 3422 30 13 see
215 3423 11 13 a
240 3423 70 14 reason
320 3418 31 19 for
368 3418 86 25 despair,
465 3425 23 12 or

67 3446 52 14 even
127 3440 47 27 deep
182 3442 173 27 discouragement,
370 3451 30 13 we
410 3450 33 13 are
453 3446 35 17 not

69 3465 88 27 justified
165 3467 19 19 in
192 3469 54 24 point
255 3470 20 19 of
291 3470 55 19 strict
356 3477 99 18 accuracy,
466 3470 22 19 in

68 3491 88 26 defining
165 3495 44 18 such
219 3496 71 19 suicide
307 3503 21 13 as
338 3496 39 20 duo
394 3499 20 17 to
426 3491 3 26 '
438 3501 37 15 tem-

67 3524 73 20 porary
148 3519 95 25 insanity.'

504 99 58 21 THE
577 99 145 21 PROPOSED
743 100 137 22 REUNION
901 103 37 19 OF

604 126 57 19 THE
676 126 161 21 CHURCHES.

532 185 65 19 There
603 191 16 13 is
627 184 104 25 naturally
739 185 59 20 much
806 187 130 24 controversy

506 217 25 13 on
542 211 35 19 the
587 211 63 19 above
659 210 80 25 Bubject
749 211 19 18 in
788 211 99 26 England,
899 212 39 20 hut

506 237 98 19 desirable
612 243 21 13 as
641 242 11 14 a
661 235 65 21 closer
736 237 52 19 bond
798 238 21 19 of
830 239 106 24 sympathy

506 263 91 19 between
616 262 33 20 the
659 262 103 20 Christian
778 264 97 20 churches
892 265 23 24 is,
926 272 12 12 a

506 289 41 19 real
570 289 84 19 reunion
677 288 22 20 of
717 289 36 19 the
776 291 101 23 Anglican
898 291 38 19 and

506 315 78 19 Roman
607 314 97 20 branches
723 321 62 13 seems
801 317 78 24 utterly
901 317 24 19 im-

507 341 91 25 possible,
621 347 21 13 as
666 341 127 20 concessions
817 342 66 20 would
912 343 25 19 be

506 374 105 18 necessary
635 367 64 19 which
723 367 34 19 the
781 368 107 20 adherents
915 369 21 19 of

506 393 78 20 neither
593 393 73 20 church
676 399 21 13 as
707 399 11 13 a
728 394 64 19 whole
806 395 66 19 would
882 395 32 19 for
925 402 10 13 a

506 421 88 19 moment
617 419 143 25 contemplate.
788 420 104 26 Replying
914 423 22 18 to

507 446 95 20 Cardinal
619 445 119 25 Yaugkan's
753 446 40 20 lost
812 449 122 23 utterances,

506 472 64 20 which
593 478 81 19 express
694 472 109 19 somewhat
824 473 35 19 the
882 480 54 14 same

506 499 59 20 views
589 505 22 13 as
633 498 35 19 the
685 498 70 24 above,
777 498 34 21 the
835 500 100 25 Anglican

506 525 77 25 Bishop
590 524 21 20 of
618 524 114 20 Wakefield
744 531 45 19 says
797 526 21 18 in
826 533 13 12 a
846 527 90 24 pastoral

505 552 46 19 that
572 551 36 20 the
631 550 94 19 Cardinal
757 550 36 21 has
816 552 74 25 sought
913 555 22 17 to

505 578 57 19 make
572 577 34 20 the
615 576 100 26 approach
725 578 21 17 to
756 576 65 21 Rome
835 578 64 21 easier
908 579 27 25 by

506 603 89 25 showing
614 602 35 20 the
658 602 69 26 length
742 602 47 21 that
808 611 60 19 many
885 604 50 21 have

505 630 81 24 already
597 635 51 19 gone
659 629 86 19 towards
754 629 22 20 it.
804 630 41 21 The
857 631 77 25 Bishop

505 663 46 18 says
562 655 36 26 :'
610 656 20 18 It
653 655 17 20 is
694 658 44 17 true
757 656 24 19 he
802 658 99 23 produces
924 665 12 12 a

505 682 80 20 curious
608 681 76 26 jumble
703 681 21 20 of
739 682 74 25 things,
838 690 53 13 some
912 684 23 19 of

505 708 63 20 which
592 715 33 12 are
645 708 94 25 accepted
760 708 26 25 by
810 709 27 19 all
848 708 4 27 ;
875 717 59 18 some,

504 735 86 24 changes
601 734 64 19 which
675 734 49 19 have
735 741 25 13 no
767 735 101 20 doctrinal
879 736 44 20 bear-

504 762 34 24 ing
549 769 5 16 ;
569 767 59 17 some,
639 760 83 20 revived
732 760 102 21 decencies
854 762 39 19 and
903 769 21 13 re-

504 789 70 18 verent
597 787 130 19 observances
746 787 21 19 of
782 794 48 19 very
852 788 82 20 ancient

504 814 64 23 times,
578 813 37 19 but
625 819 54 13 some
689 813 139 26 distinctively
842 814 40 20 and
892 821 28 13 un-

503 839 133 25 mistakeably
651 839 88 20 Eomish.
767 840 35 20 All
813 840 57 21 these
887 841 36 19 mis-

503 866 113 20 cellaneous
635 865 74 26 things,
719 865 25 21 he
758 873 51 19 6ays,
820 873 34 14 are
873 870 21 17 to
908 867 26 19 be

503 893 64 19 found
591 891 71 20 within
687 892 34 19 the
745 892 84 21 borders
856 894 22 19 of
900 893 34 19 the

503 918 81 20 Church
594 918 22 19 of
625 918 100 25 England.
753 919 51 19 lam
814 919 66 20 afraid
891 920 16 19 it
917 920 17 18 is

502 947 52 18 true.
582 944 43 20 But
642 945 12 18 I
670 945 49 19 have
734 945 76 19 several
828 946 68 25 things
911 947 21 17 to

502 979 34 18 say
546 971 64 20 about
625 970 48 20 this.
701 972 18 18 1.
734 971 12 19 I
756 971 76 21 believe
842 973 35 19 tho
892 972 30 20 dis-

503 997 103 25 tinctively
618 997 84 19 Romish
712 997 94 26 teaching
821 999 38 19 and
871 1005 49 18 prac-

502 1024 48 20 tices
560 1030 34 13 ar3
604 1023 92 20 confined
706 1026 20 17 to
737 1030 12 13 a
758 1031 47 18 very
816 1025 38 19 few
867 1025 20 19 of
898 1024 34 20 the

501 1051 74 24 clergy.
604 1051 18 18 2.
637 1050 54 19 lam
702 1056 46 19 very
756 1051 97 19 thankful
861 1053 21 17 to
892 1050 39 20 feel

501 1077 45 19 that
557 1083 29 13 we
595 1076 21 20 in
626 1075 35 21 the
669 1075 69 21 North
748 1076 49 20 have
807 1084 49 19 very
874 1077 58 20 much

500 1103 39 20 less
559 1102 22 20 of
590 1103 57 19 these
657 1102 48 20 than
715 1102 17 20 is
748 1103 33 20 the
800 1110 44 13 case
863 1103 21 20 in
898 1103 34 19 the

500 1129 72 20 South.
599 1130 19 18 3.
633 1129 41 19 We
693 1131 54 17 must
766 1129 26 20 all
807 1130 58 20 allow
886 1129 46 20 that

501 1162 28 13 wo
539 1155 50 20 have
598 1155 50 20 been
656 1155 105 26 gradually
771 1156 32 20 led
814 1156 73 25 during
897 1156 35 19 the

499 1182 41 19 last
550 1183 26 18 50
585 1188 57 19 years
662 1183 22 18 to
694 1188 55 14 more
758 1183 79 19 careful
852 1183 39 19 and
903 1183 19 18 in-

500 1208 96 26 telligent
606 1208 95 26 teaching
710 1208 21 19 of
742 1208 80 20 Church
833 1209 98 23 doctrine,

499 1235 39 19 and
558 1236 21 18 to
595 1241 54 13 moie
666 1237 100 21 reverent,
787 1235 85 26 orderly,
892 1235 37 19 and

499 1261 72 20 decent
579 1260 110 26 rendering
707 1260 21 20 of
747 1261 80 20 Church
838 1262 93 19 services.

498 1288 19 19 4.
532 1288 12 19 I
564 1286 74 21 believe
658 1287 34 20 the
706 1289 45 18 true
774 1288 68 26 policy
857 1288 22 19 of
897 1288 34 19 the

499 1313 81 20 Church
590 1313 17 20 is
618 1320 38 13 one
666 1314 21 19 of
698 1314 139 20 considerable
855 1315 74 25 liberty

498 1340 40 20 and
548 1340 22 19 of
579 1340 92 19 absolute
681 1340 74 25 justice
765 1342 21 17 to
797 1340 40 21 all.'

533 1409 71 21 HOW
618 1409 179 21 LOBENGULA
811 1410 72 20 DIED.

524 1470 19 19 A
554 1470 160 26 correspondent
722 1470 81 26 writing
813 1472 20 18 to
843 1478 12 12 a
865 1470 64 20 South

497 1496 85 21 African
603 1498 152 24 contemporary
770 1497 90 25 supplies
875 1497 54 20 what

497 1523 25 20 ho
531 1524 64 19 states
605 1523 17 20 is
630 1522 36 21 the
676 1524 46 19 true
731 1525 57 24 story
798 1524 21 19 of
828 1524 34 19 the
870 1524 59 19 death

497 1550 23 19 of
535 1549 36 20 the
585 1550 57 25 great
661 1549 104 21 Matabele
779 1549 54 21 chief
850 1550 66 20 Loben-

497 1576 48 26 gula
556 1576 4 26 :
563 1576 32 26 '
605 1576 124 26 Lobengula,
753 1576 101 26 suffering
877 1576 52 21 from

498 1602 114 27 Binall-pox,
621 1609 55 13 worn
687 1604 36 19 out
731 1602 27 27 by
769 1602 29 21 his
807 1602 49 28 long
864 1603 64 26 flight,

498 1629 141 27 disappointed
650 1629 20 20 in
679 1628 30 21 his
720 1629 50 25 hope
780 1629 22 21 of
812 1636 67 20 peace,
890 1630 37 21 and

497 1655 115 27 altogether
622 1655 77 21 broken
709 1656 58 21 down
774 1656 28 28 by
812 1656 35 21 the
857 1656 40 21 loss
908 1656 21 21 of

497 1682 30 21 his
547 1684 91 25 country,
654 1682 29 21 his
704 1689 73 20 power,
793 1683 40 20 and
847 1690 71 19 posses-

497 1710 61 24 sions,
569 1716 54 14 came
631 1710 22 19 to
663 1716 12 13 a
685 1709 42 21 halt
737 1712 22 18 at
765 1711 40 19 last
814 1716 74 20 among
895 1710 34 21 the

497 1736 117 21 mountains
637 1736 62 20 north
722 1736 22 20 of
767 1737 35 20 the
826 1737 102 26 Shangani

497 1764 59 20 river.
591 1762 56 21 Here
670 1763 25 20 he
718 1762 77 27 begged
816 1762 31 21 his
870 1764 58 20 witch

497 1790 72 20 doctor
579 1791 21 18 to
610 1789 45 26 give
665 1789 41 20 him
716 1790 72 25 poison
798 1790 49 20 with
864 1790 64 21 which

497 1819 21 17 to
529 1816 39 21 end
584 1816 32 20 his
625 1815 42 25 life,
678 1816 37 19 but
734 1816 35 21 the
779 1823 46 14 man
840 1816 88 21 refused.

496 1844 42 19 The
548 1843 116 26 despairing
673 1842 54 21 chief
737 1845 54 18 went
801 1850 27 19 up
839 1850 11 13 a
860 1843 36 20 hill
906 1845 21 18 to

497 1870 35 20 the
542 1870 46 19 foot
596 1869 21 20 of
628 1869 35 20 the
672 1877 47 18 crag
727 1870 64 20 which
800 1871 46 24 tops
856 1870 22 25 it,
889 1871 39 19 and

497 1898 74 24 sitting
581 1896 57 20 there
647 1896 25 20 he
683 1896 61 25 gazed
754 1896 32 21 for
796 1904 12 13 a
822 1897 49 25 long
881 1897 47 19 time

497 1925 22 18 at
538 1923 35 20 the
583 1929 38 14 sun
631 1929 22 13 as
664 1923 16 19 it
695 1922 68 26 slowly
773 1924 51 20 sank
843 1924 85 19 towards

497 1950 35 20 the
541 1951 57 18 west.
625 1949 57 20 Then
692 1950 127 26 descending,
835 1950 24 19 he
870 1950 57 25 again

497 1976 110 21 demanded
626 1976 71 25 poison
715 1976 21 19 of
748 1976 31 21 his
795 1978 77 22 doctor,
888 1977 38 19 and

498 2003 92 24 insisted,
600 2002 32 20 till
648 2002 70 26 finally
729 2002 17 19 it
755 2011 40 12 was
811 2003 59 26 given
882 2003 45 20 him.

498 2030 54 20 Once
572 2035 54 14 more
643 2028 109 28 ascending
771 2030 36 20 the
825 2030 64 25 slope,
903 2029 24 20 he

498 2056 69 21 seated
589 2055 81 20 himself
691 2055 79 25 against
789 2057 34 20 the
847 2055 80 25 krantz,

498 2083 48 20 took
555 2082 34 19 the
600 2082 75 26 poison,
687 2082 37 19 and
736 2084 61 24 gazed
813 2084 21 19 at
840 2082 38 20 .the
889 2085 28 18 set-

497 2110 45 24 ting
552 2115 45 17 sun,
607 2108 89 26 stolidily
710 2111 95 25 awaiting
816 2109 34 20 the
867 2109 58 20 death

497 2135 63 20 which
580 2135 105 25 presently
708 2138 39 22 put
761 2143 25 13 an
802 2136 38 20 end
859 2138 21 17 to
896 2136 29 19 his

496 2161 111 25 sufferings
617 2160 40 20 and
673 2160 29 21 his
718 2161 149 21 Mood-stained
885 2161 40 20 life.

496 2188 64 19 There
567 2187 16 20 iB
594 2186 112 26 something
716 2188 91 26 pathetic
813 2188 40 20 and
864 2188 62 25 grand

497 2221 20 12 in
527 2216 35 17 tie
572 2216 86 23 piclure.
686 2215 22 18 Xt
718 2224 16 11 i
745 2215 32 20 the
786 2215 40 20 last
837 2221 59 14 scene
906 2214 21 20 of

496 2241 35 19 the
541 2242 59 24 great
609 2240 51 25 epic,
671 2239 34 20 the
722 2244 96 24 conquest
828 2242 21 19 of
859 2241 52 20 Mata-

496 2266 99 21 beleland.
623 2266 40 20 His
682 2266 101 22 followers
798 2267 65 21 found
886 2266 39 21 him

496 2294 69 19 seated
588 2292 57 21 there
664 2294 21 18 in
706 2294 66 25 death,
796 2295 47 24 and,
863 2294 62 26 piling

497 2322 69 19 stones
576 2320 40 19 and
626 2319 60 20 rocks
696 2322 65 19 round
773 2321 47 25 him,
830 2321 49 24 they
889 2320 38 20 left

496 2347 46 20 him.
570 2346 102 21 Whether
686 2346 25 21 he
722 2355 38 12 was
779 2348 69 24 placed
859 2346 21 20 in
897 2346 30 20 his

496 2374 56 25 royal
576 2372 60 25 chair,
661 2373 78 21 flanked
762 2375 26 25 by
811 2381 53 19 guns
888 2373 38 20 and

496 2400 84 21 covered
599 2406 46 13 over
665 2400 48 20 with
728 2400 30 20 his
777 2401 93 20 blankets
888 2400 39 19 and

496 2427 57 20 other
564 2426 131 27 possessions,
711 2433 21 14 as
743 2427 102 20 described
856 2428 20 19 in
893 2426 34 20 the

496 2454 64 19 South
579 2453 87 20 African
676 2454 85 25 Keview,
776 2454 11 19 I
807 2454 59 19 know
883 2455 43 17 not.

496 2480 34 20 All
541 2480 40 19 this
593 2486 45 19 may
649 2480 24 19 be
688 2482 51 23 true,
751 2480 38 20 and
801 2481 42 19 also
863 2480 44 19 that
917 2486 10 13 a

496 2506 89 27 palisade
604 2507 21 19 of
638 2508 45 19 tree
699 2507 75 20 trunks
789 2514 39 13 was
844 2506 83 27 planted

497 2534 65 19 round
581 2533 35 20 the
631 2535 52 24 spot,
694 2534 38 19 but
741 2534 11 19 I
766 2534 45 25 give
821 2533 35 20 the
872 2535 55 24 story

496 2567 22 14 as
537 2560 12 20 I
559 2560 62 20 heard
631 2560 22 23 it,
666 2560 40 20 and
720 2560 75 20 believe
814 2560 50 24 that,
875 2567 21 13 as
912 2560 16 18 it

496 2589 102 18 emanates
617 2586 53 20 from
681 2587 34 19 Mr
729 2587 94 24 Dawson,
835 2587 17 19 it
861 2588 16 18 is
894 2586 34 20 the

496 2617 78 18 correct
583 2614 51 20 one.'

530 2693 18 18 A
562 2691 189 20 BOY-LABOUR
765 2690 121 21 DISPUTE.

583 2745 19 19 A
612 2745 98 20 CH.TNESE
722 2744 117 20 PabaLLEL.

524 2781 42 20 The
576 2780 94 26 question
680 2779 21 20 of
712 2779 33 20 the
760 2779 139 26 employment
908 2778 21 20 of

498 2810 38 23 boy
546 2807 78 22 labour,
641 2806 64 20 which
715 2806 17 19 is
743 2807 22 18 at
776 2807 82 22 present
875 2812 43 13 exer-

498 2834 64 24 cising
571 2833 33 20 the
612 2832 153 21 Boilermakers'
774 2832 75 19 Trades
859 2832 69 19 Union

498 2862 20 20 in
684 2859 22 24 is,
722 2858 103 27 curiously
843 2858 86 25 enough,

499 2890 37 18 not
558 2886 104 21 unknown
681 2885 21 20 in
718 2885 68 25 China,
807 2885 66 20 where
896 2885 33 19 the

499 2915 73 20 unions
583 2913 51 19 have
644 2919 11 13 a
664 2912 192 25 characteristically
866 2911 54 21 orien-

499 2942 28 19 tal
538 2939 81 21 method
630 2938 21 20 of
661 2938 105 25 enforcing
781 2938 53 20 their
844 2938 86 20 decrees.

499 2968 42 21 The
552 2966 53 23 Gold
616 2966 90 20 Beaters'
717 2965 69 20 Union
804 2965 21 19 of
833 2964 96 21 Souchow

527 2994 35 21 the
581 2993 80 20 Athens
685 2992 22 20 of
722 2991 146 20 Chinasome
883 2991 48 20 time

501 3029 37 19 ago
556 3019 89 22 wrecked
657 3026 12 13 a
682 3018 84 20 terrible
777 3024 114 19 vengeance
906 3025 24 13 on

501 3055 38 14 c.ne
562 3047 23 20 of
604 3046 52 20 their
670 3046 57 19 cratt.
764 3045 53 20 Gold
836 3045 42 19 leaf
892 3052 39 12 was

502 3074 76 21 needed
588 3075 21 18 to
620 3079 24 13 an
654 3072 87 20 unusual
752 3073 83 19 amount
854 3071 33 19 for
898 3071 34 19 the

502 3103 104 24 Emperor.
634 3099 45 20 One
698 3099 21 19 of
738 3099 34 19 the
791 3097 54 21 craft
863 3104 59 19 repre-

503 3128 69 21 sented
592 3128 20 17 to
627 3126 34 19 the
677 3126 113 25 magistrata
814 3125 45 19 that
877 3124 17 19 if
908 3124 25 20 he

503 3161 52 14 were
576 3152 81 21 allowed
677 3155 21 17 to
712 3152 48 20 take
779 3159 11 13 a
808 3150 85 22 number
912 3151 21 19 of

503 3180 128 28 apprentices
638 3179 37 20 the
684 3179 54 20 work
746 3178 65 21 would
821 3178 25 20 be
854 3177 78 26 greatly

503 3206 113 27 expodited,
635 3206 40 20 and
689 3206 73 25 having
776 3205 95 21 obtained
890 3210 32 19 per-

504 3234 88 23 mission,
616 3232 25 20 he
659 3232 111 26 proceeded
793 3234 21 18 to
833 3237 76 19 engage
923 3237 11 13 a

503 3262 59 26 great
585 3266 59 19 many
673 3259 134 26 apprentices,
836 3257 98 25 violating

503 3287 87 26 thereby
600 3293 11 13 a
620 3286 37 20 law
668 3286 21 20 of
699 3286 34 20 the
743 3286 58 20 trade
819 3284 65 20 which
895 3283 29 20 dis-

505 3313 83 23 allowed
595 3319 26 14 an
627 3313 101 26 employer
738 3314 20 18 to
765 3312 48 20 take
823 3318 55 13 more
884 3310 49 21 than

505 3349 38 13 one
561 3340 118 26 apprentice
688 3343 22 17 at
719 3347 11 12 a
744 3340 53 19 time.
826 3339 40 19 His
886 3344 36 14 con-

505 3370 48 19 duct
577 3366 112 21 infuriated
707 3367 34 19 the
755 3366 59 24 craft,
838 3365 40 19 and
901 3365 34 19 the

505 3394 55 22 word
570 3393 71 26 passed
652 3394 72 23 round,
741 3391 4 28 '
757 3393 71 25 Biting
838 3394 22 17 to
876 3391 58 20 death

505 3423 17 19 is
531 3423 36 18 not
586 3427 12 13 a
608 3420 75 25 capital
698 3419 90 21 offence.'
818 3419 44 19 One
880 3419 42 19 hun-

505 3448 48 20 dred
564 3446 40 20 and
611 3446 145 27 twenty-three
766 3445 21 21 of
795 3445 56 21 them
860 3445 74 20 rushed

505 3482 27 13 on
542 3474 35 20 the
595 3473 106 20 miserable
711 3480 51 16 man,
777 3472 48 20 each
844 3472 71 25 taking
926 3480 10 12 a

505 3502 48 20 bite.
583 3499 67 21 Death
660 3506 50 13 soon
720 3499 87 19 relieved
822 3499 36 19 the
866 3499 69 19 victim

505 3528 22 20 of
546 3526 86 21 fiendish
645 3532 93 14 rancour.
766 3525 27 20 To
814 3525 57 20 make
890 3532 46 14 sure

506 3555 46 20 that
571 3553 52 20 no'ne
633 3553 82 20 shirked
734 3552 49 27 duty
799 3558 26 14 on
844 3553 47 19 that
906 3559 20 13 oc-

507 3581 74 24 casion,
592 3587 26 13 no
629 3586 37 13 one
677 3586 40 13 was
724 3579 82 19 allowed
816 3581 21 17 to
848 3578 46 27 quit
903 3579 33 20 the

506 3608 50 26 bhop
567 3607 67 20 whose
644 3606 74 25 bloody
728 3605 39 26 lips
777 3605 39 20 and
835 3612 57 18 gums
903 3605 32 20 did

506 3637 37 18 not
553 3636 62 18 attest
634 3635 21 18 to
667 3633 29 20 his
708 3632 82 26 fidelity.
818 3632 43 20 The
880 3638 42 14 mur-

506 3662 57 19 derer
574 3660 44 20 who
628 3659 49 21 took
687 3659 35 21 the
733 3659 44 19 first
786 3659 43 19 bite
849 3666 38 12 was
899 3658 28 20 dis-

506 3687 84 21 covered
600 3687 39 20 and
649 3686 108 20 beheaded.

1005 105 79 21 'YOUR
1098 105 119 20 PRISONS
1231 106 57 20 ARE
1301 107 51 20 TOO

1126 131 87 20 GOOD.'

982 184 26 20 So
1026 184 44 20 said
1083 183 56 20 John
1157 183 67 19 Burns
1244 184 22 19 in
1286 185 99 19 America.

955 209 33 19 Mr
997 209 89 24 Tallack,
1103 211 101 23 secretary
1213 210 22 19 of
1244 210 35 20 the
1296 211 91 19 Howard

955 235 131 24 Association,
1105 235 83 25 writing
1206 242 26 13 on
1253 236 34 19 the
1306 238 79 22 matter,

955 267 46 19 says
1012 261 4 26 :
1033 261 4 26 '
1048 261 92 26 Suppose
1158 268 30 12 we
1202 261 47 19 take
1258 262 35 18 the
1303 268 44 13 case
1365 263 22 18 of

955 294 26 12 an
990 287 72 19 honest
1072 287 109 24 workman,
1193 294 37 18 say
1239 287 21 19 in
1268 288 51 19 New
1328 288 58 19 York

955 319 22 12 or
986 313 42 19 San
1036 313 114 24 Prancisco,
1167 313 74 25 toiling
1249 313 53 19 from
1319 320 55 12 morn-

955 338 35 26 ing
1000 339 31 19 t'U
1037 339 66 25 night,
1114 339 44 25 just
1165 339 46 20 able
1221 341 21 17 to
1251 341 35 24 get
1294 346 13 13 a
1313 339 72 25 living,

955 364 37 19 but
1014 365 50 19 with
1086 365 40 19 few
1149 365 94 19 comforts
1272 365 40 20 and
1334 365 52 20 little

955 392 129 22 amusement,
1105 390 33 19 for
1154 390 83 20 himse)f
1251 391 40 19 and
1306 391 78 25 family.

955 416 33 19 He
997 423 47 18 may
1052 416 59 24 have,
1122 416 33 19 for
1164 423 12 12 a
1181 416 120 25 neighbour,
1313 424 26 12 on
1348 423 38 13 one

954 442 48 23 side,
1014 449 12 12 a
1035 442 45 25 lazy
1096 442 89 19 theivish
1193 442 65 19 loafer
1270 438 45 23 who
1326 449 61 13 never

953 464 66 23 works
1029 468 40 19 and
1078 474 27 13 on
1119 468 35 19 tho
1164 468 57 19 other
1230 468 43 19 side
1283 474 11 13 a
1310 468 76 19 violent

953 493 65 26 bully,
1028 494 66 26 girlty
1104 494 21 19 of
1135 494 55 19 cruel
1199 494 87 19 assaults
1303 500 26 13 on
1338 501 47 12 man

954 520 40 18 and
1012 520 63 23 beast,
1087 519 40 19 and
1147 520 22 19 of
1181 520 94 18 indecent
1291 521 95 24 outrages

953 552 26 12 on
988 552 77 14 womon
1075 545 40 19 and
1125 545 96 19 children.
1249 545 40 19 Yet
1298 545 17 19 is
1325 545 16 19 it
1349 546 36 19 Sot

953 578 13 12 a
974 572 42 19 fact
1032 571 45 19 that
1086 571 17 19 if
1112 571 64 19 cither
1191 571 34 19 the
1239 571 65 19 loafer
1313 578 23 12 or
1350 571 35 19 the

953 597 58 25 bvVy
1028 597 18 19 is
1056 599 45 17 sent
1117 599 22 17 to
1155 604 27 12 an
1199 596 103 20 American
1316 597 69 25 prison

953 623 35 19 tho
1007 623 84 19 chances
1107 629 41 18 are,
1159 625 20 17 at
1193 624 86 23 present,
1298 622 45 20 that
1359 623 26 19 ho

953 649 25 19 wi
979 649 13 11 11
1003 649 56 19 there
1069 648 42 20 find
1121 649 93 19 comforts
1221 649 21 18 of
1251 648 83 25 dietary,
1353 655 22 13 re-

952 675 94 24 creation,
1064 675 69 23 music,
1158 680 133 20 newspapers,
1308 674 75 24 novels,

953 701 127 25 gymnastics,
1091 701 41 18 and
1141 700 127 26 professorial
1283 700 99 25 teaching,

953 733 50 13 even
1030 726 21 19 in
1068 726 36 19 tho
1136 727 73 25 higher
1232 726 98 19 branches
1364 726 21 19 of

953 752 112 25 education,
1080 752 66 19 which
1165 752 35 19 the
1218 752 72 19 honest
1307 751 78 21 worker

952 785 36 13 can
995 785 61 12 never
1068 778 53 26 hope
1139 781 21 16 to
1176 778 85 19 obtain?
1288 778 46 19 And
1349 779 36 17 not

953 805 47 23 only
1009 811 27 17 so,
1048 804 38 19 but
1096 804 34 19 the
1139 804 59 26 bully
1220 804 39 19 and
1273 804 35 19 tho
1326 804 56 23 thief,

953 831 16 18 f
978 830 82 24 obliged
1069 832 20 17 to
1099 830 56 19 work
1165 830 20 19 in
1195 830 74 25 prison,
1280 830 41 19 will
1340 836 33 18 pro-

951 856 62 24 bably
1028 856 26 19 bo
1072 857 37 25 put
1127 858 21 17 to
1165 856 74 19 labour
1254 856 21 19 of
1284 862 11 13 a
1312 855 73 25 higher

952 882 102 19 character
1081 882 41 19 and
1155 882 79 19 shorter
1258 882 54 25 daily
1339 887 33 14 con-

953 908 93 19 tinuanco
1056 908 51 19 than
1116 908 36 19 tho
1161 908 63 24 other,
1236 908 40 19 and
1290 907 93 26 perhaps,

953 934 47 23 also,
1012 934 26 19 be
1047 934 80 19 trained
1136 936 21 17 to
1176 940 54 13 somo
1249 934 61 25 fancy
1327 933 58 19 trado

952 966 22 13 or
983 960 101 25 profit-art
1091 960 67 19 wHch
1165 960 32 24 ho,
1209 962 38 22 too,
1333 961 52 18 most

951 986 69 25 glac'ly

963 1039 18 19 A
991 1039 99 20 MAYOR
1098 1039 92 20 TWICE
1206 1039 111 20 LOCKED
1324 1039 45 19 UP.

977 1096 18 19 A
1012 1096 84 19 remark.
1166 1096 89 19 incident
1277 1095 106 26 happened

949 1128 54 13 somo
1012 1122 52 19 little
1071 1122 48 19 time
1138 1122 58 24 back,
1213 1122 59 19 whon
1282 1122 32 19 Mr
1329 1122 54 19 John

950 1147 92 25 Christie,
1062 1148 73 25 Mayor
1153 1148 22 20 of
1193 1148 34 19 the
1252 1148 93 25 borough
1362 1148 21 18 of

949 1174 83 20 Browns
1039 1174 154 23 andScarsdalo,
1201 1181 41 13 was
1249 1174 56 19 twice
1313 1170 70 23 locked

951 1207 27 18 up
987 1201 29 24 by
1025 1200 108 20 Constable
1145 1200 78 20 Walsh.
1251 1200 42 19 Tho
1312 1199 71 26 Mayor

950 1228 62 18 states
1021 1227 45 18 that
1076 1228 21 18 at
1106 1227 63 19 about
1181 1228 56 17 11.30
1247 1232 38 14 one
1297 1226 86 25 evening

950 1253 25 18 lie
981 1258 41 14 saw
1030 1253 109 19 Consuible
1146 1253 73 20 Walsh
1226 1254 63 17 arrest
1295 1258 11 13 a
1314 1258 69 19 young

948 1285 48 13 man
1006 1279 32 19 for
1056 1279 146 19 drunkenness.
1229 1278 91 19 Another
1335 1285 48 12 man

949 1311 54 13 came
1014 1311 32 20 up,
1059 1305 40 19 and
1114 1305 63 19 asked
1195 1305 34 19 the
1246 1304 101 20 constable
1362 1310 20 13 to

948 1331 28 19 let
985 1331 42 19 him
1037 1337 32 19 go.
1101 1330 70 22 Walsh
1181 1331 91 19 declined
1281 1332 20 17 to
1318 1330 25 19 do
1352 1337 28 17 so,

948 1357 41 19 and
998 1357 34 19 the
1039 1363 48 13 man
1096 1357 45 19 said
1220 1363 37 13 can
1266 1357 47 19 tako
1332 1356 48 24 him,

948 1383 37 19 but
995 1390 40 18 you
1044 1383 53 19 can't
1106 1389 44 18 mo;
1167 1389 42 19 you
1227 1389 33 13 are
1279 1385 34 17 not
1329 1383 53 25 gocd

1072 1409 109 19 Constablo
1203 1409 73 19 Walsh
1293 1408 89 20 released

948 1435 31 19 his
997 1435 90 26 prisoner
1104 1435 41 19 and
1152 1442 36 12 ran
1205 1435 52 19 after
1272 1435 34 20 the
1325 1435 57 19 other

948 1468 54 18 man,
1012 1462 45 19 who
1066 1461 58 20 twice
1133 1461 81 26 tripped
1223 1462 34 18 tho
1273 1461 107 20 constable.

948 1488 43 19 The
1009 1488 71 25 Mayor
1099 1487 91 20 accosted
1208 1487 34 19 the
1266 1487 114 24 Constablo,

948 1514 74 25 asking
1030 1514 43 19 him
1082 1515 21 18 to
1112 1514 76 18 release
1196 1513 34 19 tho
1237 1520 53 18 man,
1302 1513 39 20 and
1355 1514 26 19 he

948 1540 68 19 would
1024 1540 48 19 hold
1081 1540 83 19 himself
1173 1539 61 20 liable
1244 1540 31 19 for
1294 1540 32 19 his
1347 1546 23 20 ap-

947 1572 99 20 pearance
1056 1568 21 17 at
1085 1566 35 19 the
1130 1566 62 20 Court
1202 1566 52 19 after
1264 1566 34 20 the
1307 1566 74 24 charge

947 1592 57 20 eheet
1018 1599 40 14 was
1077 1592 78 26 signed.
1183 1592 108 21 Constable
1308 1592 73 21 Walsh

947 1618 67 21 would
1023 1620 35 19 not
1067 1618 25 21 do
1100 1625 27 18 so,
1139 1618 40 20 and
1189 1618 34 19 tho
1237 1618 57 21 three
1303 1618 78 21 walkod

948 1647 21 18 to
978 1645 35 20 the
1023 1644 80 25 station,
1114 1644 41 21 and
1164 1644 52 21 after
1226 1644 34 21 the
1270 1644 56 21 sheet
1340 1651 41 14 was

947 1672 59 20 made
1015 1673 34 18 out
1059 1670 34 21 tho
1103 1671 91 27 prisoner
1204 1677 41 14 was
1251 1674 37 24 put
1297 1671 21 20 in
1327 1671 53 27 gaol.

948 1698 42 20 The
1004 1704 69 20 mayor
1085 1698 103 26 protested
1206 1704 26 13 on
1251 1698 33 20 the
1303 1697 78 27 ground

948 1724 45 21 that
1004 1725 34 19 the
1047 1731 47 13 man
1104 1730 41 15 was
1155 1726 35 18 not
1200 1724 67 20 drunk
1282 1724 40 21 and
1338 1724 43 21 that

948 1750 27 20 he
986 1750 43 27 (the
1039 1750 80 26 mayor)
1127 1757 42 14 was
1179 1751 63 25 ready
1251 1754 20 17 to
1280 1750 42 21 bail
1331 1750 49 21 him.

947 1778 33 19 An
990 1777 118 20 altercation
1118 1777 75 20 ensued
1202 1778 100 26 resulting
1310 1777 22 20 in
1347 1778 34 19 the

946 1811 70 18 mayor
1025 1804 62 25 being
1095 1803 72 20 locked
1176 1810 34 19 up.

974 1825 32 24 Mr
1016 1829 84 25 Bonnet,
1111 1829 52 25 J.P.,
1172 1837 41 12 was
1223 1832 44 18 sent
1286 1830 36 25 for,
1341 1830 39 20 and

946 1856 43 20 bail
999 1863 40 14 was
1047 1856 91 20 allowed.
1166 1856 34 20 Mr
1216 1856 104 20 Christie's
1334 1856 47 21 wife

948 1883 40 19 and
998 1883 77 20 several
1084 1883 82 19 citizens
1175 1889 53 14 were
1236 1885 87 24 present,
1341 1884 40 18 and

948 1909 35 19 tho
992 1916 70 19 mayor
1071 1909 95 26 formaPy
1176 1909 89 26 charged
1279 1910 102 19 constable

946 1935 74 20 Walsh
1032 1936 50 20 with
1099 1936 147 19 drunkenness.
1273 1936 33 20 An
1322 1936 49 20 alter-

948 1962 65 19 cation
1024 1962 61 25 again
1099 1963 82 23 ensued,
1200 1962 41 19 and
1260 1962 34 20 the
1311 1969 70 18 mayor

946 1994 40 14 was
997 1989 61 24 again
1067 1990 38 24 put
1114 1989 21 19 in
1144 1989 35 19 tho
1194 1989 83 25 lock-up
1296 1989 47 25 only
1359 1990 21 18 to

947 2014 26 19 be
982 2015 68 19 bailed
1059 2016 35 18 out
1103 2015 144 26 immediately.

976 2041 106 19 Constable
1094 2041 72 19 Walsh
1176 2041 17 19 is
1202 2048 49 18 very
1258 2041 83 20 reticent
1355 2048 25 12 on

947 2067 36 19 the
1000 2069 79 23 matter,
1096 2067 115 26 preferring
1234 2069 21 17 to
1277 2070 68 23 report
1359 2070 21 17 to

946 2093 152 26 headquarters.
1135 2093 40 24 He,
1195 2093 98 24 however,
1319 2096 61 17 states

945 2119 45 19 that,
1008 2119 57 20 when
1084 2119 27 19 ho
1128 2119 78 21 wished
1223 2122 21 17 to
1266 2122 56 17 enter
1346 2120 34 19 the

945 2145 74 26 charge
1029 2145 81 25 against
1119 2145 33 19 his
1160 2145 91 26 prisoner
1260 2146 35 19 the
1309 2152 71 19 mayor

945 2171 99 26 objected,
1069 2171 77 26 statiug
1173 2172 46 19 that
1237 2171 26 20 ho
1285 2178 41 14 was
1348 2172 32 20 his

945 2197 96 22 superior.

985 2243 142 20 RAILWAY
1136 2244 61 19 AND
1206 2244 65 19 LIFT
1279 2244 56 20 FOR

1054 2270 104 20 MOUNT
1167 2270 102 20 BLANC.

973 2330 17 20 A
1088 2330 109 27 periodical
1208 2331 85 19 devoted
1303 2333 21 17 to
1334 2331 44 19 civil

946 2357 131 26 engineering
1094 2358 18 19 is
1129 2357 89 25 actually
1242 2357 112 26 discussing
1367 2364 12 13 a

946 2385 79 19 scheme
1033 2387 20 16 to
1060 2384 48 20 take
1118 2391 11 12 a
1136 2383 83 27 railway
1229 2385 22 18 to
1261 2384 33 20 the
1305 2387 33 22 top
1356 2384 22 20 of

947 2411 75 20 Mount
1032 2411 68 20 Blanc.
1129 2411 21 19 If
1160 2410 34 20 the
1205 2411 127 25 suggestions
1343 2413 36 23 put

947 2437 86 21 forward
1060 2444 52 13 were
1139 2437 77 20 carried
1233 2441 36 16 out
1286 2437 35 20 the
1338 2437 40 21 line

947 2465 66 19 would
1024 2465 53 19 start
1087 2464 53 19 from
1148 2462 70 28 Miage
1227 2464 87 24 Bavine,
1329 2470 49 14 near

947 2491 29 19 St.
985 2491 91 23 Gervais,
1100 2491 40 19 and
1161 2490 66 19 would
1242 2490 136 26 immediately

947 2524 38 13 run
992 2517 64 20 under
1066 2517 34 19 the
1108 2517 105 20 mountain
1231 2517 26 26 hy
1276 2524 11 12 a
1307 2517 70 20 tunnel

947 2551 47 13 over
1006 2551 59 13 seven
1075 2544 94 19 hundred
1174 2544 61 25 yards
1244 2545 53 24 long,
1314 2544 62 19 which

948 2570 65 20 would
1023 2571 38 19 end
1076 2571 21 18 at
1105 2570 50 20 such
1166 2577 11 12 a
1192 2570 57 25 point
1268 2577 21 12 as
1308 2571 21 18 to
1345 2570 22 19 ad-

947 2597 37 19 mit
998 2597 22 20 of
1030 2604 11 13 a
1056 2596 84 21 vertical
1159 2596 55 20 shaft
1233 2596 61 24 being
1317 2597 60 20 bored

948 2624 51 20 from
1007 2623 72 20 thence
1089 2625 21 18 to
1121 2623 34 20 the
1164 2625 82 18 summit
1265 2624 21 19 of
1303 2624 76 19 Mount

948 2651 68 19 Blanc.
1045 2650 42 19 The
1106 2650 56 19 shaft
1181 2650 66 19 would
1265 2650 24 20 bo
1317 2650 61 20 about

948 2677 56 20 three
1013 2676 102 21 thousand
1124 2676 60 26 yards
1198 2676 48 26 high
1257 2677 39 20 and
1307 2677 17 20 it
1339 2676 39 21 will

948 2704 23 19 be
982 2704 55 19 fit:ed
1054 2703 49 19 with
1120 2710 13 13 a
1142 2702 41 20 lift.
1211 2704 22 18 It
1252 2704 64 19 would
1332 2704 47 19 take

948 2730 55 26 quite
1014 2732 34 18 ten
1059 2737 56 17 years
1127 2731 19 18 to
1159 2730 99 25 complete
1265 2730 40 20 this
1316 2730 62 24 work,

947 2757 40 20 and
997 2757 35 20 the
1039 2758 44 18 cost
1097 2756 67 20 would
1174 2757 24 20 be
1208 2757 112 26 something
1339 2757 40 20 like

948 2784 112 24 338,000.

976 2841 107 19 Constable
1112 2841 78 26 Cooper
1210 2841 66 20 stated
1301 2841 21 19 in
1345 2841 35 21 the

949 2867 87 20 District
1064 2867 65 20 Court
1157 2869 21 17 at
1206 2868 116 19 Masterton
1355 2876 25 12 on

950 2893 73 26 Friday
1051 2893 45 20 that
1130 2894 157 26 cattle-stealing
1315 2894 16 20 is
1359 2895 22 19 of

949 2920 74 20 almost
1056 2920 52 25 daily
1141 2927 119 14 occurrence
1295 2921 20 20 in
1346 2921 34 21 the

950 2947 97 19 Pahiatua
1058 2947 85 21 district.

976 2979 56 20 Kere
1044 2978 69 22 Kaihu
1122 2980 35 19 has
1167 2980 51 20 been
1225 2980 89 21 released
1330 2980 51 21 from

950 3006 35 19 the
994 3005 74 21 Mount
1078 3006 56 20 Eden
1145 3007 56 24 Gaol,
1217 3008 55 19 after
1281 3007 80 25 serving

952 3034 50 18 term
1013 3032 20 20 of
1050 3032 154 26 imprisonment
1222 3034 20 19 in
1263 3033 118 21 connection

952 3059 47 20 with
1011 3060 34 19 the
1056 3059 80 26 dispute
1144 3067 46 13 over
1197 3060 34 21 the
1243 3061 138 20 Government

951 3093 71 19 Eurvey
1032 3086 20 20 in
1068 3086 34 19 the
1122 3087 90 25 Opuatia
1222 3088 69 19 Block.
1319 3087 61 22 There

953 3121 39 13 was
1012 3120 11 12 a
1047 3112 107 27 gathering
1180 3113 21 20 of
1229 3114 33 20 the
1290 3114 53 20 tribe
1362 3116 20 19 to

952 3140 101 20 celebrate
1063 3139 30 20 his
1101 3140 82 20 release.

979 3171 28 20 At
1013 3170 34 20 the
1055 3170 57 20 Bulls
1120 3171 133 26 Magistrates
1258 3173 63 19 Court
1327 3173 56 20 three

952 3198 50 25 boys
1039 3197 63 20 found
1137 3198 67 26 guilty
1228 3198 21 21 of
1277 3199 106 26 damaging

953 3226 94 24 property
1057 3231 25 12 on
1093 3223 34 20 tho
1140 3225 81 27 railway
1237 3226 41 20 line
1296 3228 21 18 at
1334 3226 37 20 Hal-

953 3251 68 20 combe
1028 3257 50 13 were
1086 3252 47 19 each
1144 3251 53 20 fined
1211 3253 36 19 20s
1267 3253 38 19 and
1324 3255 59 18 costs.

953 3278 42 19 Tho
1013 3277 92 20 evidence
1124 3278 82 20 showed
1228 3279 45 20 that
1292 3281 92 24 amongst

953 3304 59 20 other
1022 3304 75 24 pranks
1109 3304 49 26 they
1169 3307 37 23 put
1225 3306 74 20 timber
1318 3313 65 14 across

954 3331 34 20 tho
999 3330 53 24 rails,
1063 3330 38 19 and
1113 3332 58 19 could
1183 3332 48 21 thus
1238 3333 49 19 have
1294 3333 89 20 wrecked

954 3365 12 12 a
972 3358 60 19 train.

981 3396 18 19 A
1010 3398 59 24 party
1077 3396 21 20 of
1106 3398 35 18 ten
1148 3404 44 14 men
1204 3397 35 21 has
1249 3397 49 21 been
1310 3398 75 20 formed

955 3425 21 18 to
996 3425 95 23 prospect
1100 3423 51 20 New
1173 3425 85 19 Guinea.
1286 3424 100 20 Brisbane

956 3449 72 27 people
1038 3449 49 20 have
1094 3451 129 19 contributed
1239 3451 45 19 GO
1300 3451 85 20 towards

956 3476 34 20 tbe
1000 3476 70 22 funds,
1086 3476 40 20 and
1140 3477 34 20 the
1184 3479 60 24 party
1262 3477 39 20 left
1311 3478 25 24 by
1353 3478 34 20 tlie

955 3505 86 18 steamer
1056 3502 77 21 Morrie
1155 3503 95 26 England
1267 3504 31 20 for
1317 3504 70 20 Bartle

956 3531 49 25 Bay,
1018 3529 49 20 with
1079 3530 30 19 six
1119 3530 86 20 months'
1216 3530 118 26 provisions.

1132 3561 34 20 the
1175 3569 43 13 new
1225 3563 95 19 woman's
1325 3570 62 19 paper

957 3589 46 19 does
1009 3590 37 18 not
1054 3595 59 16 spare
1119 3588 35 20 the
1159 3588 40 20 fair
1206 3596 40 12 sex.
1274 3590 22 19 It
1302 3597 45 19 says
1357 3599 30 11 :

957 3615 84 19 Heaven
1061 3615 68 19 knows
1147 3615 45 19 that
1210 3622 62 20 many
1289 3623 46 14 men
1354 3625 33 12 aro

957 3641 48 20 hard
1017 3641 79 25 enough
1107 3648 55 17 upon
1173 3648 73 14 women
1265 3643 56 20 when
1340 3644 47 25 they

957 3668 43 20 hire
1011 3667 52 19 their
1075 3667 91 25 services,
1185 3669 38 19 but
1241 3676 22 12 as
1282 3670 104 26 compared

957 3694 48 20 with
1021 3693 34 21 the
1073 3700 83 19 average
1180 3702 76 13 woman
1281 3698 47 24 they
1355 3704 33 13 are

957 3721 70 25 angels
1046 3720 21 20 of
1090 3727 74 19 mercy.
1194 3721 68 21 When
1282 3729 12 13 a
1313 3730 74 14 woman

956 3754 87 19 engages
1061 3754 11 12 a
1086 3754 113 18 governess,
1221 3750 126 25 sempstress,
1367 3757 21 13 or

957 3776 88 22 servant,
1057 3773 36 20 her
1103 3773 69 26 object
1180 3781 62 13 seems
1253 3777 21 17 to
1284 3775 26 20 be
1320 3778 20 18 to
1356 3778 32 24 try

957 3801 44 20 how
1011 3799 59 21 much
1080 3800 56 20 work
1147 3800 34 20 she
1195 3808 36 13 can
1242 3803 35 24 get
1296 3803 50 19 done
1355 3803 33 20 for

958 3834 34 17 the
1001 3829 90 22 smallest

985 3866 41 20 The
1036 3864 143 21 Christchurch
1190 3864 47 26 City
1252 3864 84 20 Council
1355 3864 34 20 has

959 3892 90 26 recently
1056 3891 39 20 had
1105 3891 26 20 its
1142 3890 50 26 deep
1203 3891 54 20 wells
1270 3891 70 24 tested,
1350 3891 38 20 and

959 3920 35 20 the
1010 3917 74 22 results
1103 3917 54 20 show
1177 3917 46 20 that
1241 3917 35 20 the
1303 3917 85 20 artesian

960 3945 75 26 supply
1060 3944 15 20 is
1095 3944 138 25 diminishing.
1268 3944 121 20 Particulars

960 3973 40 19 will
1010 3973 25 19 be
1049 3971 40 20 laid
1097 3970 70 21 before
1185 3970 35 20 the
1235 3970 85 21 Council
1334 3973 22 17 at
1365 3970 24 20 its

960 4000 49 19 next
1018 3998 94 25 meeting.

1194 50 58 20 THE
1265 50 60 22 HOT
1338 50 94 22 LAKES
1448 51 176 22 CHRONICLE,
1640 50 192 23 WEDNESDAY,
1846 46 87 23 APRIL
1947 45 31 26 24,
1994 44 56 25 1895,

92 3593 19 18 A
118 3600 40 12 man
168 3600 31 13 pan
210 3596 21 17 lie
240 3597 76 18 married
329 3598 74 23 cheaper
411 3597 19 17 in
439 3596 36 18 Mel-

70 3617 70 18 bourne
148 3617 42 18 than
205 3619 19 18 in
243 3626 34 17 any
294 3621 51 18 other
360 3622 42 22 part
421 3620 19 18 of
456 3619 33 19 tho

71 3640 65 19 world.
159 3641 91 19 Ministers
259 3644 87 18 advertise
355 3645 19 17 in
380 3645 30 17 the
422 3649 66 18 papers

69 3664 76 23 against
153 3664 40 17 each
210 3666 56 18 other.
289 3667 39 18 Ono
343 3668 51 17 offers
410 3668 20 17 to
443 3667 46 18 hind

69 3687 83 22 together
160 3686 59 23 loving
226 3690 68 21 couples
299 3691 28 16 for
336 3692 29 16 10s
372 3691 30 22 (id,
411 3690 78 17 another

71 3710 30 18 for
109 3710 20 18 7s
136 3711 29 19 Get,
174 3710 35 17 and
226 3717 18 11 so
252 3718 23 11 on
283 3713 51 18 down
343 3718 19 14 to
382 3715 20 17 2s
410 3713 29 19 (id.
464 3714 25 17 In

69 3739 53 14 some
131 3739 46 11 eases
186 3733 82 24 wedding
275 3735 108 21 breaakfasts
391 3737 36 18 and
436 3737 53 23 rings

68 3762 31 14 aro
108 3756 73 18 thrown
190 3755 25 20 in.

87 3787 35 16 Tho
134 3786 77 17 Customs
219 3791 14 11 r(

69 3807 63 15 diction
146 3806 39 16 that
195 3806 38 16 Nc!f

250 3793 32 10 irns
292 3793 47 15 prove
346 3790 64 20 lioyonfl
420 3791 59 16 contra-

253 3811 9 15 il
271 3807 52 17 Moalo
334 3810 32 16 and
377 3810 37 16 Co's
422 3810 32 16 lino
461 3811 29 15 tea

113 3826 48 21 being
175 3826 106 19 appreciated
294 3826 21 22 by
325 3828 26 17 the
358 3829 84 21 majority,
463 3829 27 16 for

71 3847 17 15 in
103 3846 40 20 spite
155 3846 19 15 of
184 3845 30 16 tho
221 3850 77 12 nnmerou

71 3866 17 15 in
96 3866 27 15 the
135 3866 78 15 Colonics
221 3865 38 16 that
273 3870 26 11 arc

69 3887 78 14 turnover
160 3885 14 16 is
182 3890 18 11 as
267 3890 17 10 as
292 3890 7 11 c

68 3909 18 11 so
104 3906 46 19 great
161 3905 39 15 that
213 3904 41 20 they
268 3905 29 15 soil

67 3925 32 16 and
119 3924 69 17 Mended
205 3925 37 15 teas
261 3923 38 16 than

341 3854 20 10 us
371 3854 16 11 in
395 3855 48 14 every
452 3854 27 15 pai

341 3868 43 22 lying
397 3869 50 18 tlicm,
462 3869 22 14 tin

346 3888 31 16 a.h!
387 3888 27 15 tho
421 3888 63 16 domain

341 3911 8 10 o
358 3907 5 16 '}
372 3907 49 20 idian,
435 3908 49 20 Coyoi

340 3927 2 16 i
360 3927 50 16 wliolo
425 3927 17 16 of
463 3927 22 15 till

69 3945 70 19 imports
155 3944 32 16 and
202 3944 66 16 dealers
289 3944 30 19 put
341 3945 73 20 together
426 3946 17 17 in
459 3947 33 15 last

69 3964 68 20 quarter
143 3964 17 16 of
167 3964 28 16 tlio
205 3964 72 17 Colony.

92 3989 42 15 Puro
141 3989 52 15 Blood
205 3989 14 16 is
226 3989 27 16 the
261 3988 54 16 secret
326 3989 17 14 of
353 3989 10 16 b
370 3991 43 16 .ali.li.
415 3992 43 15 T)r
469 3991 15 16 E

72 4009 81 16 Gwdon's
162 4008 75 17 BLOOJ)
248 4008 63 16 PIILS
322 4008 62 17 oloonso
397 4010 26 17 the
430 4011 60 20 system

73 4029 17 16 of
97 4029 22 16 all
127 4029 61 15 imiure
198 4027 54 21 blood,
268 4033 38 10 euro
317 4027 104 23 Indigestion,
433 4030 49 16 Const-

71 4048 64 21 patian,
146 4048 47 16 Oliver
205 4047 101 21 Complaint,
321 4047 49 17 Pains
382 4048 14 16 In
408 4048 41 18 book
461 4050 31 16 and

73 4068 49 19 sides,
139 4068 103 19 Biliousness,
265 4067 38 16 Sick
315 4066 87 17 Headache
409 4066 3 21 j
429 4074 64 11 remove

74 4087 73 22 pimples,
158 4088 82 17 Scrofula,
249 4087 69 19 Scurvy,
326 4087 30 15 ect.
377 4087 51 19 Large
434 4088 37 19 box,
477 4090 16 14 lis

75 4112 26 13 yro
177 4108 25 15 10s
215 4111 5 14 ;
231 4108 39 19 poet
281 4107 21 16 fr<
313 4106 4 21 )
343 4106 17 17 J.
374 4106 26 17 W.
416 4107 77 17 Oivyion

154 4127 78 18 DiQod'u

533 3757 41 20 The
585 3755 126 26 astonishing
721 3755 38 19 and
768 3754 95 20 inhuman
874 3754 54 25 possi-

507 3784 57 25 bility
587 3782 20 20 of
621 3782 93 25 building
733 3788 26 18 up
773 3781 62 24 living
855 3779 83 20 animals

508 3810 51 20 from
571 3810 56 25 parts
635 3808 21 20 of
666 3807 74 21 several
748 3807 84 19 animals
842 3806 37 20 has
888 3806 49 20 been

508 3835 150 21 demonstrated
669 3835 27 25 by
715 3834 30 20 Dr
757 3833 21 20 C.
790 3833 61 24 Bom,
867 3840 11 12 a
889 3832 36 20 Ger-

509 3869 45 14 man
573 3861 141 28 physiologist.
741 3860 41 19 The
804 3859 135 26 experiments

509 3896 51 13 were
580 3888 57 20 made
656 3887 47 19 with
721 3886 91 25 tadpoles
827 3885 40 20 and
882 3885 58 21 other

509 3918 56 19 larva
565 3911 3 29 1
580 3916 21 20 of
620 3913 132 27 amphibians.
780 3911 55 21 Each
846 3912 21 19 of
885 3912 55 20 these

510 3951 39 12 was
569 3944 35 18 cut
621 3942 21 19 in
663 3947 44 17 two,
719 3939 39 21 and
773 3939 97 19 different
886 3941 54 24 parts

509 3976 53 15 were
572 3968 72 27 placed
654 3967 93 25 togother
758 3965 20 20 in
788 3965 79 20 various
881 3972 59 19 ways,

510 3997 58 19 when
580 4002 53 13 some
643 3994 22 19 of
675 3994 56 19 them
739 3992 77 22 united,
827 3991 35 20 the
872 3991 68 21 hinder

510 4029 54 14 more
588 4021 76 26 readily
684 4019 49 21 than
754 4018 34 20 the
811 4017 44 21 fore
878 4020 62 24 parts.

510 4050 47 19 Two
566 4048 73 20 hinder
655 4049 62 24 parts,
728 4045 47 21 each
787 4045 48 19 with
853 4052 22 12 or
886 4045 44 19 with-

512 4077 36 19 out
567 4082 12 13 a
601 4074 64 25 heart,
684 4073 70 19 united
769 4072 21 20 in
810 4071 130 26 twenty-four

506 4100 73 32 jhourti,
603 4101 36 19 the
661 4098 131 26 monstrosity
816 4097 63 26 living
903 4098 37 20 and

512 4128 90 27 growing
613 4127 31 21 for
654 4134 11 13 a
675 4125 55 22 week
740 4132 22 13 or
772 4132 60 13 more.

980 4059 181 18 RHEOMA.TISM.
1165 4059 25 15 Dr
1202 4059 20 16 B.
1230 4059 83 16 Gordon's
1326 4059 64 19 remedy

963 4084 29 11 sin
997 4084 25 11 eh;
1037 4082 49 13 fails
1102 4078 17 15 in
1137 4078 116 21 permanently
1269 4077 58 21 curiae;
1338 4078 44 14 Ithou-

963 4099 69 19 matisn!)
1045 4098 91 19 liUinl)ii(io,
1149 4097 80 21 Soiatioa,
1239 4097 52 19 Gout,
1303 4099 38 16 otc,
1360 4096 30 16 and

963 4119 82 16 onolioitlo
1053 4118 51 19 gives,
1112 4118 53 15 relief.
1187 4117 53 18 Price,
1250 4118 31 18 10a,
1288 4118 38 17 post
1333 4117 40 16 free.

963 4139 21 15 W
1004 4139 80 15 C-tWi'ON
1096 4137 73 16 T.OBox
1179 4137 29 16 234
1220 4137 113 16 .Dyucdin.

1407 111 25 23 <*
1447 101 130 37 Rotoiti
1628 100 171 38 Sawmill.
1814 112 26 24 *>

1418 175 127 42 WHITE
1566 174 60 20 AND
1727 174 68 20 PINE
1818 174 22 19 of

1503 202 35 19 the
1548 201 61 20 finest
1627 200 78 27 quality
1723 200 41 20 and
1783 206 46 14 care-

1406 227 53 26 fully
1470 230 42 17 cut.

1579 253 80 21 ALSO

1406 275 100 25 MATAI,
1534 275 138 19 PUKATKA
1687 274 39 19 and
1752 274 87 19 TAWA

1405 300 100 26 Shingles,
1520 300 102 25 Palinges,
1642 301 71 18 Blocks
1723 300 39 20 and
1771 300 67 19 Posts.

1445 348 12 21 A
1465 350 41 26 good
1516 350 33 21 and
1559 349 75 21 assorted
1647 350 61 25 supply
1715 349 65 25 always
1790 353 22 17 en

1493 374 43 21 hand
1543 374 19 21 at
1571 374 28 21 the
1607 373 66 22 Timber
1687 374 50 22 Yard.

1406 442 53 21 N.B.
1462 441 126 27 Special
1601 448 57 13 care
1668 441 74 20 taken
1760 442 23 19 in
1794 441 44 20 the

1487 469 146 25 seasoning.

1433 508 86 40 Prices
1546 508 26 39 at
1594 507 104 40 Current
1719 507 87 44 Rates,

1524 587 35 21 W.
1573 587 60 20 HEN
1637 587 93 22 SHAW,

1704 613 106 22 Manager.

1893 129 30 30 J.
1947 127 38 30 H.
2007 118 253 39 BUCHANAN,

1898 173 118 22 STOKE
2031 166 218 27 MERCHANT.

1955 205 173 19 ESTABLISHED
2138 204 49 16 1892.

1858 258 106 19 Statuary,
1984 253 145 20 Monumental
2151 251 39 19 aed
2208 247 88 21 General

2030 275 81 18 Mason-

1885 298 119 21 MARBLE
2021 297 63 20 AND
2104 292 164 23 .FREESTONE

1860 330 137 22 CHIMNEY
2016 328 108 25 PIECES,
2137 326 102 24 MASES,
2249 326 45 19 Etc.

1898 365 131 33 VICTORIA
2049 362 110 33 STREET
2186 361 74 35 EAST,

1950 407 252 34 AUCKLAND.

1883 475 65 25 Desig
1990 472 41 20 and
2051 472 68 19 Prices
2136 469 115 21 forwarded
2269 475 26 14 on

1857 500 125 27 application
1992 501 22 18 to
2023 505 38 19 any
2072 500 48 24 part
2127 498 22 19 of
2155 497 36 20 tho
2197 496 98 21 Province

1857 528 86 24 Colony.

1473 675 93 32 H.C
1587 676 193 34 WRIGHT,

1479 722 139 21 SURGEON
1628 724 131 21 DENTIST.

1454 776 119 24 (Successor
1582 777 22 18 to
1614 778 27 17 A.
1652 776 23 21 L.
1685 777 105 25 Wright),

1430 828 90 20 Notifies
1529 828 46 20 that
1585 828 26 20 he
1629 829 17 19 is
1665 830 121 25 continuing
1805 829 34 20 the

1402 854 94 20 business
1506 854 22 20 of
1538 862 12 12 a
1560 855 86 19 Dentist
1654 858 21 17 at
1686 857 34 20 the
1732 856 105 20 Premises.

1402 881 231 24 SIIORTLAND-ST.,
1648 883 86 20 assisted
1753 882 27 26 by
1798 882 40 20 Mb

1403 907 34 19 W.
1447 907 28 19 H.
1486 907 107 20 Weight.
1613 907 41 21 The
1664 909 110 26 high-class
1783 909 54 20 work

1402 933 22 19 of
1435 933 36 19 the
1480 933 42 20 lato
1532 934 36 19 Mr
1577 934 27 19 A.
1614 934 23 20 L.
1649 936 85 26 Wright
1753 935 41 19 will
1813 935 24 20 be

1402 959 89 21 adh.red
1501 961 28 23 to,
1538 961 38 18 and
1588 966 38 19 any
1637 962 39 19 left
1686 962 116 20 unfinished
1811 962 26 25 by

1406 985 38 20 hat
1454 986 119 25 gentleman
1585 986 42 20 will
1646 988 24 20 be
1686 988 113 27 completed
1811 988 25 25 by

1496 1012 35 20 the
1541 1020 44 12 new
1595 1018 148 23 management.

1472 1074 215 32 Established
1709 1084 60 20 wig>

1468 1133 98 37 John
1596 1132 36 38 J.
1663 1131 105 48 Keys,

1404 1188 120 27 Builder
1557 1187 59 27 and
1649 1187 187 33 Contractor,

1472 1225 297 27 ROTORUA.

1401 1259 110 21 Estimates
1531 1260 58 24 given
1604 1258 33 21 for
1647 1258 115 26 Buildings,
1773 1258 52 21 alter-

1419 1286 79 21 tationa
1506 1287 39 19 and
1556 1286 77 24 repairs
1642 1286 21 18 in
1674 1285 27 20 all
1710 1284 99 21 branches

1559 1312 22 19 of
1592 1312 34 19 the
1634 1312 64 19 trade.

1428 1366 140 19 FUNERAL
1597 1365 174 19 FURNISHER.
1808 1365 1 20 '

1880 603 72 46 W.
1977 598 290 53 THOMAS,

1867 660 260 26 MONUMENTAL
2137 658 128 22 MASON.

1906 696 140 23 VICTORIA
2056 694 106 21 STREET
2171 692 75 23 EAST,

1989 729 173 23 AUCKLAND.

1892 786 94 24 Orders
2006 785 29 24 in
2056 782 110 29 Marble,
2187 779 108 25 Granite

1858 820 50 24 and
1917 819 87 29 Stone,
2014 816 133 33 promptly
2157 814 52 25 and
2215 812 65 26 faith-

1857 853 69 32 fully
1940 850 133 27 executed.

1885 912 111 32 Designs
2008 910 52 25 and
2071 909 85 33 prices

1990 943 168 33 application.

1919 1043 99 31 GEO-
2039 1042 31 31 S.
2089 1039 145 38 WOOD,

1952 1087 80 17 ErSOM
2053 1085 142 18 AUCKLAND.

1892 1126 24 21 It
1920 1125 41 21 nil
1964 1125 53 20 tier
2032 1123 25 20 &
2067 1121 198 22 Contractor.*

1940 1176 158 21 ESTIMATES
2110 1173 101 23 GIVEN.

1882 1230 86 20 Houses
1975 1230 55 20 built
2039 1229 41 19 and
2094 1226 117 22 Eurnishod
2221 1226 21 20 in
2253 1232 38 19 any

1856 1257 57 26 Style
1923 1259 23 17 at
1956 1257 71 19 lowest
2037 1256 63 19 Rates
2110 1254 33 20 for
2152 1253 59 21 Cash.

1856 1309 116 21 Furniture
1989 1309 22 19 of
2030 1314 38 19 any
2089 1307 135 25 Description
2245 1313 36 19 sup-

1908 1336 56 26 plied
1974 1337 21 18 at
2006 1336 71 18 lowest
2088 1335 66 24 prices
2164 1335 23 18 at
2206 1333 35 20 the

1974 1361 94 21 Shortest
2091 1360 82 20 Notice.

1633 1493 98 66 D-
1807 1489 93 70 S-
1974 1488 98 68 C

1470 1596 68 59 PA
1573 1594 146 61 ATVPD
1743 1594 163 60 ATTI?
1986 1592 140 59 WAD
2138 1589 60 61 IN

1470 1653 438 67 IATUfMIAIIIL
1990 1651 232 68 OlUllfiO,

1399 1805 489 61 .Manufacturers
1908 1801 59 63 &
1978 1804 315 72 Importers

1484 2218 90 39 ur
1587 2217 241 54 tains,

1573 2289 372 89 Carpets,

1802 2389 485 83 Cretonnes,

1507 2488 484 72 Linoleums
2046 2483 120 77 &c.

1404 2645 374 75 Household
1834 2643 129 75 and
2007 2641 277 77 General

1546 2749 282 94 Drapery
1864 2746 66 75 of
1976 2768 185 72 every

1402 3017 301 82 Tailoring,
1740 3015 378 67 Dressmakin;

1705 3097 304 73 Millinery,

1494 3233 218 67 MWT
1783 3231 217 69 QTIBDIY
2038 3268 9 32 .
2039 3231 26 37 n

1559 3381 161 64 Queen
1748 3381 89 64 St.,
1878 3379 261 53 Auckland.

1680 3685 350 29 TKURKNGM

1407 3721 82 41 Smith
1518 3722 49 39 and
1585 3720 115 50 Carriage
1722 3720 106 47 Works,
1859 3720 82 40 Coach
1968 3720 49 40 and
2047 3720 112 52 Wagon
2195 3721 105 51 Factory

1615 3788 216 21 ESTABLISHED
1846 3788 83 21 OVER
1946 3789 26 21 10
1986 3788 108 22 YEARS.

1427 3837 37 17 Tlio
1472 3835 120 21 undersigned
1600 3841 29 10 aro
1636 3835 140 18 manufacturers
1783 3837 19 16 of
1810 3837 23 16 all
1841 3837 63 16 classes
1912 3837 18 16 of
1939 3837 81 17 Vehicles
2028 3837 13 16 &
2051 3837 123 20 Agricultural
2183 3838 118 21 Implements.

1428 3859 37 16 Our
1473 3858 115 17 well-known
1595 3857 99 20 reputation
1703 3863 19 10 as
1729 3857 86 18 Practical
1829 3858 103 17 Mcchanica
1948 3858 34 17 and
1997 3858 58 17 W.F's
2067 3860 20 16 27
2103 3864 52 16 years
2166 3860 102 22 experience
2286 3861 17 16 in

1407 3882 29 15 tlio
1445 3879 121 17 Australasian
1574 3878 86 19 Colonies,
1668 3878 64 21 justify
1740 3884 20 11 us
1769 3878 17 18 in
1802 3879 84 22 claiming
1898 3881 40 16 that
1953 3885 25 11 wo
1994 3885 32 11 cun
2039 3880 70 17 furnish
2124 3887 10 10 a
2150 3882 58 16 better
2223 3882 45 16 class
2287 3882 17 16 of

1407 3902 80 18 vehicles,
1496 3901 96 16 consistent
1600 3899 112 17 withhonost
1719 3901 49 16 work
1776 3902 19 15 at
1802 3907 11 10 a
1821 3901 75 21 cheaper
1907 3903 37 15 rate
1953 3902 42 15 than
2004 3906 34 16 any
2046 3902 19 15 of
2072 3907 33 11 our
2112 3904 121 20 competitors.

1428 3924 37 15 Tho
1472 3922 63 16 Tublio
1543 3921 37 17 will
1590 3920 36 16 find
1634 3920 14 16 it
1660 3922 17 14 to
1691 3921 45 16 their
1751 3922 101 21 advantage
1868 3925 18 14 to
1902 3922 151 18 ENCOURAGE
2072 3923 82 17 LOCAL
2172 3925 131 21 INDUSTRY,

1408 3945 56 16 where
1475 3944 42 20 they
1529 3949 33 10 can
1569 3943 45 15 have
1620 3941 28 17 tho
1654 3942 80 20 ploasuro
1740 3943 19 16 cf
1767 3944 60 21 seeing
1841 3945 94 16 first-class
1951 3944 80 16 material
2043 3944 35 16 and
2093 3945 132 23 workmanship
2241 3948 33 20 put
2288 3947 15 16 in

1407 3965 80 18 Vohicloj
1496 3965 50 16 made
1553 3965 18 15 to
1580 3963 46 17 their
1632 3963 62 16 valued
1702 3964 65 17 orders.

1428 3985 154 22 N.B.Vohiolos
1589 3984 18 16 of
1614 3984 23 16 all
1645 3984 115 21 descriptions
1769 3987 87 21 ropairod,
1867 3988 80 21 painted,
1957 3988 96 17 renovated
2062 3988 34 17 and
2114 3989 50 17 made
2181 3991 27 20 to,
2216 3989 40 18 look
2274 3996 29 15 cqi;

1410 4054 204 31 WILLIAM
1634 4053 186 36 PARKER,
1840 4056 256 31 Ooachbuilder

1769 4094 141 28 JAMES
1930 4096 135 33 HAUA,
2086 4097 219 29 Blacksmith

1666 4125 152 18 DKVONrORT
1831 4127 76 21 ROAD,
1920 4127 150 20 TAURANGA.

812 4185 128 57 Ask
964 4190 96 53 for
1104 4187 291 55 Hancoks'
1425 4190 346 56 Celebrated
1800 4201 207 46 XXXX
2030 4195 145 53 Ales
2199 4190 117 53 and
2338 4189 198 52 Stout.

2347 489 73 68 E.
2458 487 272 74 HARE,

2356 619 355 45 HERBALIST,

2313 751 162 37 JWedieal
2512 753 237 37 Electrician.

2414 832 246 32 AUCKLAND.

2476 948 108 27 BEST

2338 1004 164 38 Electric
2528 1006 198 41 .Machines

2438 1078 58 21 FOR
2505 1080 71 19 SALE
2587 1080 37 19 AT

2346 1132 182 31 LOWEST
2555 1134 160 28 PRICES.

2365 1244 177 21 INSPECTION
2565 1245 132 21 INVITED.

2344 1350 78 25 Prom
2427 1352 46 24 the
2481 1360 78 24 many
2568 1352 65 25 facts
2641 1353 36 25 all
2681 1353 72 25 must

2311 1405 100 26 believe
2436 1407 58 25 that
2523 1407 75 25 there
2622 1409 22 23 is
2667 1409 47 23 not
2738 1415 13 17 a

2312 1460 82 33 single
2405 1461 97 26 disease
2511 1462 28 25 in
2551 1470 61 17 man
2622 1463 59 24 that
2692 1470 61 26 may

2312 1517 46 24 not
2366 1517 69 26 have
2446 1515 35 26 its
2493 1517 107 35 remedy
2612 1526 29 18 or
2651 1526 61 17 cure
2725 1517 28 26 in

2312 1582 70 18 some
2394 1573 65 26 herb
2478 1580 26 18 or
2518 1573 75 26 other
2613 1573 21 26 if
2653 1581 39 18 we
2704 1573 50 26 but

2313 1630 76 18 Vnnitr
2522 1629 77 19 nlnnf.
2660 1628 94 19 Tliiwftr

2313 1684 80 36 years'
2424 1685 47 26 life
2494 1683 27 27 in
2546 1684 65 27 New
2641 1684 113 28 Zealand

2314 1741 66 26 have
2394 1743 48 24 not
2451 1740 68 27 been
2528 1740 100 27 wasted
2652 1741 27 26 in
2700 1739 54 28 this

2313 1799 111 32 respect,
2438 1805 29 18 so
2479 1806 39 17 we
2532 1797 64 26 offer
2608 1800 27 22 to
2648 1797 35 25 all
2695 1797 60 26 who

2314 1854 80 25 suffer
2406 1853 57 33 just
2475 1853 72 26 what
2559 1853 64 25 each
2636 1860 56 19 case
2713 1861 27 17 re-

2314 1908 94 34 quires.

2349 2037 55 24 Our
2417 2036 116 26 Electric
2547 2037 82 24 Baths
2641 2044 44 17 are
2709 2036 47 25 the

2314 2092 57 25 best
2389 2092 29 25 in
2441 2093 46 24 the
2517 2093 63 33 city,
2609 2100 68 17 none
2701 2091 54 26 like

2314 2147 82 26 them.
2476 2147 56 25 Our
2560 2147 116 26 Mineral
2704 2146 51 26 and

2314 2202 108 33 Vapour
2434 2202 82 26 Baths
2530 2211 44 17 are
2586 2203 55 25 also
2665 2202 27 26 of
2711 2202 45 26 the

2314 2258 57 25 first
2384 2258 81 26 order.

2319 2655 32 22 u
2389 2662 141 32 Buying
2563 2662 38 26 in
2639 2662 115 32 Large

2316 2695 205 28 Quantities.
2544 2695 17 26 I
2587 2702 58 20 am
2669 2694 84 27 thus

2314 2728 146 28 enabled
2512 2729 36 27 to
2601 2734 152 27 procure

2315 2762 105 32 goods
2462 2762 38 27 at
2534 2762 61 27 the
2631 2761 123 28 lowest

2314 2795 151 33 possible
2507 2796 126 33 prices,
2683 2794 70 27 and

2313 2828 175 28 therefore
2502 2836 58 19 am
2577 2829 36 26 in
2627 2835 21 20 a
2660 2827 73 34 posi-

2314 2862 75 27 tion
2396 2862 36 27 to
2453 2862 65 28 sell
2531 2862 37 27 at
2586 2861 167 34 cheapest

2314 2895 103 31 rates.
2453 2896 48 27 As
2526 2902 47 21 an
2592 2895 160 33 example

2314 2929 16 26 I
2354 2929 103 32 quote
2479 2928 61 28 the
2570 2928 183 34 following

2314 2962 141 28 articles
2473 2962 55 27 for
2547 2961 92 28 Cash
2653 2961 99 34 Only,

2314 3015 52 22 Jam,
2377 3014 130 20 Australian,
2526 3013 65 21 dozen
2602 3013 42 20 tins
2698 3015 13 17 0
2740 3015 13 18 0

2332 3057 13 9 ~
2363 3041 87 21 Mennie
2460 3041 17 20 &
2488 3041 66 25 Dcy's
2700 3041 11 18 G
2740 3042 13 18 6

2314 3068 113 23 Kerosene,
2458 3067 72 21 White
2558 3067 54 20 Hose
2641 3067 40 20 and

2340 3093 119 26 Snowflake,
2471 3095 39 19 150
2525 3096 41 18 test
2686 3094 26 19 15
2740 3095 13 18 6

2314 3121 65 26 Sugar
2389 3121 43 20 No.
2443 3122 11 19 1
2470 3121 48 20 561b
2526 3121 51 25 bags
2685 3120 27 20 14
2740 3122 13 18 6

2397 3163 11 11 ~
2434 3149 13 18 2
2686 3147 26 20 13
2741 3149 13 19 6

2395 3190 10 9 ,-
2434 3176 12 18 3
2686 3174 26 19 12
2741 3175 13 19 6

2314 3201 96 24 Tobacco,
2422 3201 33 19 61b
2465 3201 114 26 quantifies
2700 3201 13 20 5
2741 3203 12 19 8

2314 3229 46 22 Tea,
2371 3228 24 20 L.
2406 3228 26 20 D.
2444 3228 103 20 Nathan's
2554 3228 39 20 and
2602 3227 79 21 Nelson

2341 3253 88 21 Moate's
2440 3257 21 17 at
2472 3254 25 22 Id
2508 3255 30 20 off
2548 3255 34 20 for
2591 3254 35 20 Gib
2638 3254 40 20 lots

2317 3282 65 23 Flour,
2411 3281 48 20 50lb
2489 3281 123 21 Housewife
2631 3281 41 21 and

2341 3308 112 26 Champion
2465 3315 23 13 os
2501 3309 39 19 and
2552 3311 23 17 5s
2587 3309 32 19 6d.

2316 3335 96 21 Waikato
2424 3335 99 20 Potatoes
2533 3337 22 18 8s
2566 3341 12 13 a
2592 3335 54 21 sack.

2341 3362 41 20 The
2393 3361 65 20 aT)Ove
2478 3361 116 26 quotations
2614 3368 35 14 are
2672 3362 84 26 subjeot

2316 3391 20 18 to
2345 3388 79 20 market
2430 3387 138 21 fluctuations.

2342 3415 67 21 Other
2419 3415 63 25 goods
2495 3415 80 26 equally
2591 3414 69 27 cheap.

2343 3483 100 26 Monthly
2451 3484 106 23 accounts,
2572 3482 47 21 that
2631 3483 15 20 is
2657 3485 99 18 accounts

2317 3511 44 24 paid
2373 3509 73 22 defore
2453 3509 35 21 the
2499 3509 49 20 10th
2559 3510 23 19 of
2595 3510 73 20 month
2678 3510 66 20 follow-

2316 3538 35 25 ing
2361 3537 48 20 date
2418 3537 24 19 of
2448 3537 42 20 sale
2498 3536 40 20 will
2547 3536 25 20 be
2582 3537 82 19 treated
2671 3543 22 13 as
2699 3536 55 20 cash.

2458 3571 138 21 WILLIAM
2606 3571 122 20 KOGERS.

2381 3652 38 45 J.
2455 3650 235 47 LARKIN,

2339 3733 408 33 BOOTMHKSR,

2381 3801 325 64 F(OTORUA.

2396 3890 149 21 INSURE
2573 3890 106 21 WITH

2326 3921 47 16 IHE
2391 3919 75 18 SOUTH
2479 3920 94 17 BRITISH
2584 3920 13 15 F
2605 3918 40 17 IKE
2656 3919 14 17 &
2683 3919 76 16 MARIN

2403 3949 43 16 Coy.
2457 3949 28 15 OF
2495 3948 54 16 NEW
2560 3947 114 16 ZEALAND.

2324 3986 75 17 CA.HTAL
2663 3984 17 20 C
2680 3984 79 20 1,900,000

2384 4017 92 17 Unlimited
2484 4017 64 20 libality
2553 4017 18 15 of
2577 4017 123 16 Shareholders.

2324 4042 53 20 Jeing
2384 4047 10 11 a
2401 4041 75 17 Colonial
2483 4041 97 16 Institution
2586 4040 60 18 Profits
2652 4046 27 10 aro
2686 4039 73 16 invested

2509 4060 65 20 locally.

2326 4095 49 18 Head
2389 4095 57 19 Office,
2673 4093 8 17 A
2689 4092 70 16 nckloud

2326 4130 50 16 Local
2388 4130 58 18 Ajrent
2613 4128 46 16 J.W.
2667 4125 36 19 Wrl
2709 4126 42 21 gloy

2832 90 176 23 ITZROY
3052 90 118 25 HOTEL

2886 129 93 20 Wakefield
2991 129 32 25 St.,
3034 129 94 21 Auckland.

2823 176 137 29 Newman
3007 179 125 31 Meider

2790 633 67 20 Having
2867 633 51 16 taken
2928 632 28 15 the
2970 631 51 15 above
3032 630 110 15 well-known
3153 626 50 16 Hotel

2770 653 34 17 will
2814 653 20 15 be
2845 652 38 20 glad
2894 653 17 14 to
2921 656 25 11 see
2957 651 32 15 and
3000 650 78 16 welcome
3088 648 23 16 all
3131 647 25 16 hi
3176 651 27 11 *

2950 670 67 16 friends.

2859 706 52 18 ONLY
2921 706 39 18 THE
2968 705 51 18 BEST
3028 703 81 19 BRANDS

2830 743 17 15 of
2854 742 56 16 Wines
2916 742 31 15 and
2954 741 61 20 Spirits
3023 741 42 20 kept
3071 740 18 15 in
3096 739 50 16 Stock

2814 778 113 19 SPARKLING
2935 778 54 17 XXXX
2998 778 38 17 ALE
3043 782 21 13 on
3078 776 80 22 draught.

2770 814 56 19 Every
2833 812 109 17 convenience
2952 811 86 16 combined
3048 810 40 15 with
3096 809 63 20 civlity
3169 809 33 16 and

2790 833 72 16 comfort
2868 833 27 14 for
2902 832 69 18 country
2984 830 64 15 visitors
3056 830 32 15 and
3095 830 96 17 Boarders.!
3195 830 8 17 J

2770 904 242 46 STEELE
3045 903 155 42 Bros.

2807 991 164 39 IVlararoa
2998 985 170 40 Sawmill.

2771 1065 117 41 DESIRE
2911 1065 23 17 to
2946 1061 67 20 thank
3029 1061 37 19 the
3083 1061 68 22 public
3172 1061 32 19 fo

2833 1088 47 22 past
2888 1086 76 19 favors,
2977 1083 40 19 and
3024 1083 38 22 beg
3069 1084 23 17 to
3101 1086 103 15 announce

2769 1110 48 19 that
2840 1108 75 21 having
2927 1112 12 13 a
2954 1106 56 20 large
3033 1105 59 18 stock
3103 1105 28 21 of.
3146 1104 49 19 well-

2769 1131 98 19 seasoned
2889 1128 106 20 first-class
3017 1126 75 18 timber
3109 1131 26 14 on
3149 1125 55 19 hand

2768 1153 51 21 they
2842 1157 35 14 are
2895 1148 99 24 prepared
3006 1149 22 18 to
3040 1147 53 19 fulfil
3102 1147 68 19 ordera
3181 1147 24 18 t

2768 1174 89 19 reduced
2867 1173 66 19 rates.

2770 1265 189 34 JECKLIN
2982 1264 26 31 &
3024 1261 178 33 COTTER

2776 1313 114 21 YTTISH
2900 1315 23 18 to
2930 1317 106 15 announce
3043 1310 47 20 that
3097 1309 49 26 they
3153 1308 52 20 hare

2770 1368 77 27 opened
2857 1374 11 14 a
2878 1365 108 22 Butcher's
2997 1364 55 26 Shop
3068 1364 93 26 oppoitte
3170 1362 34 19 the

2770 1421 144 21 Court-House
2932 1419 40 20 and
2989 1419 84 25 request
3091 1423 11 14 a
3116 1416 58 19 share
3183 1413 22 22 of

2772 1475 68 28 public
2854 1476 118 25 patronage.

2928 1597 126 25 PRIVATE

2776 1647 228 39 BOARDING
3044 1643 152 37 HOUSE

2774 1763 133 24 OPPOSITE
2925 1761 50 21 (PH&
2993 1759 66 23 OS*
3069 1759 50 21 kUb
3129 1753 71 27 fefe'iifi

2993 1789 96 20 OPPIGB

2774 1824 48 21 And
2838 1830 49 14 near
2906 1823 34 20 the
2963 1820 122 22 Celebrated
3106 1817 100 22 PRIEST

2827 1856 116 22 EACHEL
2952 1855 40 20 and
2998 1854 57 21 other
3063 1851 97 26 BATHS,

2923 1884 139 24 ROTORUA.

2797 1941 122 38 MRS
2943 1936 215 43 YOUNG,

3010 1985 144 27 Proprietress.

2892 2015 70 20 Terms
2977 2013 111 20 Moderate.

2773 2069 46 36 B.
2851 2068 41 37 S.
2934 2063 274 41 COKLETT,

2857 2138 260 31 AKCHITECT.

2774 2218 201 23 BUILDING
3008 2214 200 23 SURVEYOR

2808 2295 91 34 COMET
2919 2294 95 36 STORE,
3038 2291 134 33 ROTORUA.

2774 2398 212 25 DRESSMAKING
2996 2398 21 20 in
3028 2397 26 21 all
3065 2397 27 20 its
3102 2395 100 22 branches

2798 2483 59 37 M,
2883 2479 296 41 BRENNEN,

2795 2599 133 22 GENERAL
2939 2598 92 24 STORE,
3041 2594 138 24 ROTORUA.

2772 2648 68 25 Every
2854 2645 122 27 description
2990 2644 21 21 of
3029 2644 59 19 Fruit
3101 2642 40 21 and
3154 2642 53 20 Coh*

2812 2673 118 25 fectionery,
2946 2671 97 24 Tobacco,
3059 2670 118 25 Cigarettes,

2855 2701 33 19 &c.
2970 2698 33 20 &c.
3084 2697 33 19 &c.

2876 2729 71 20 Finest
2957 2728 88 21 Smoked
3052 2726 50 21 Pish

2851 2763 71 19 Finest
2937 2762 81 22 Oysters
3029 2767 25 13 on
3063 2757 62 22 hand.

2772 2834 50 28 K.
2859 2829 346 33 WRRBRICK,

2772 2890 40 21 T>
2818 2886 183 23 OATBUILDER
3005 2887 16 19 &
3026 2885 90 22 C.ONTB
3118 2883 92 22 ACTOR

2761 2888 2 23 '
2819 2888 92 21 OATBU

2919 2984 141 22 ROTORUA.

2803 3037 110 20 Estimates
2922 3034 107 21 furnished
3038 3035 43 19 free
3091 3034 22 19 of
3123 3036 51 18 cost.

2770 3095 44 40 J.
2841 3094 50 39 B.
2928 3090 274 47 HARKER,

2771 3166 208 30 Watchmaker
2985 3164 150 36 Jeweller,
3158 3166 48 25 Ac.

2892 3226 190 26 Hamilton.

2785 3269 87 26 Repairs
2896 3272 20 17 to
2940 3267 93 24 watches,
3058 3266 72 24 clocks,
3154 3265 41 23 &c,

2826 3295 98 21 executed
2946 3293 101 28 promptly
3066 3293 42 19 and
3126 3294 21 18 at

2903 3321 102 21 moderate
3015 3322 61 18 rates.

2773 3349 69 26 Agent
2850 3349 33 20 for
2896 3348 100 20 Rotorua:
3034 3347 20 19 J.
3079 3344 123 21 SEVERIN

2777 3399 130 48 A.N.
2949 3398 42 45 B
3022 3396 21 21 c
3073 3396 14 21 s
3116 3396 18 21 B
3161 3396 22 21 T

2903 3450 57 21 THE
2968 3450 134 21 ORGINAL

2775 3483 150 23 VENETIAN
2932 3483 62 20 AND
3014 3483 81 20 WIRE
3113 3481 97 22 GAUZE

2881 3517 93 20 BLIND
2991 3516 111 24 MAKER,

2818 3571 28 28 J.
2865 3570 51 28 W.
2937 3568 221 33 WRIOLEY,

2852 3625 201 23 RCHIT
3087 3625 18 20 E
3138 3625 16 20 C
3187 3625 23 24 T,

2810 3652 5 13 i

2920 3678 139 21 ROTORUA.

2802 3709 72 24 Agent
2890 3707 31 19 for
2935 3705 34 21 the
2988 3705 65 20 South
3072 3703 82 21 British
3163 3704 47 19 Fire

2775 3737 18 19 &
2803 3735 83 20 Marine
2895 3734 114 19 Insurance
3019 3732 112 25 Company.

2767 3786 1 43 i
2826 3790 164 36 Rotorua
3004 3786 161 43 Library.

2778 3899 114 48 OPEN
2907 3898 53 20 from
2972 3899 24 18 10
3008 3904 45 13 am.
3062 3897 23 19 to
3095 3898 11 18 5
3114 3902 45 20 p.m.
3170 3894 38 21 and

2838 3927 12 19 6
2859 3926 26 21 30
2893 3927 20 17 to
2924 3925 25 19 10
2958 3931 14 19 p.
2979 3930 24 14 m.
3014 3923 95 25 Sundays
3117 3922 31 20 till
3156 3923 52 24 9p.m

2779 3956 194 23 Subscription:
2982 3956 53 17 SOs
3048 3959 49 18 per
3109 3956 97 16 milium

2804 3988 88 20 Visitors
2911 3993 44 19 may
2975 3992 85 21 procure
3075 3984 67 21 Book
3157 3983 50 20 from

2779 4016 33 19 the
2829 4015 87 24 Library
2933 4020 25 13 on
2976 4012 81 26 making
3074 4019 13 13 a
3099 4010 78 26 deposit
3187 4008 21 19 of

2779 4044 36 18 not
2829 4041 41 19 less
2888 4040 49 20 than
2954 4040 28 20 ss.
3001 4038 40 20 and
3057 4036 119 28 purchasing
3185 4036 22 18 Is

2779 4073 79 20 coupon
2868 4066 32 20 for
2910 4072 60 19 every
2983 4065 55 20 Four
3047 4064 69 21 books.

2805 4099 42 20 The
2866 4098 87 25 Library
2971 4097 18 21 is
3012 4103 52 20 open
3087 4094 70 24 during
3174 4090 33 21 the

2779 4125 92 24 evening.
