2540 4029
597 483 220 37 PUBLISHED
863 483 132 37 EVERY
1039 481 258 39 WEDNESDAY
1340 482 89 37 AND
1476 483 228 37 SATURDAY
1749 484 205 36 MORNING.

651 599 129 31 PORT
804 599 285 39 NICHOLSON,
1112 599 258 33 SATURDAY
1393 599 239 40 MORNING,
1654 602 122 32 JUNE
1801 606 49 34 11,
1876 595 88 40 18*42.

83 608 63 32 No.
164 606 84 39 149.]

2274 604 99 40 [Vol.
2396 602 67 31 111.

1249 29 97 30 THE

62 89 467 134 NEW
634 86 878 135 ZEALAND
1619 89 861 137 GAZETTE

1251 251 97 31 AND

59 282 1155 151 WELLINGTON
1329 282 1155 151 SPECTATOR.

190 703 52 20 For
277 698 105 22 Nelson
411 695 94 24 direct,

227 736 30 19 To
265 734 40 20 sail
313 734 23 18 in
346 738 12 14 a
361 731 46 26 few
416 730 58 25 days,

228 769 115 31 rpHAT
366 768 45 22 fine
428 773 49 15 new
499 765 43 21 fast
560 763 81 26 sailing

86 790 113 37 ■S§zfs®<v
234 790 29 30 JL
302 796 108 22 schooner
419 793 117 24 Elizabeth,
547 793 26 20 60
583 794 54 22 tons,

84 815 133 41 JStTSrw'
240 825 84 26 Joseph
366 822 71 22 Smith
474 823 88 22 master,
600 817 41 21 has

240 851 104 30 splendid
378 846 192 25 accommodation
606 844 35 21 for

61 870 160 39 !g|^Ay!fea
239 884 137 23 passengers.
406 877 52 21 Part
477 875 24 21 of
516 874 41 20 her
575 879 66 20 cargo

242 907 68 25 being
329 903 91 28 already
437 901 105 28 engaged,
561 900 80 21 imme-

53 939 60 22 diate
132 936 132 29 application
280 934 35 21 for
333 931 81 28 freight
429 938 25 14 or
467 935 92 22 passage
574 931 21 17 to
612 926 29 22 be

52 966 67 22 made
130 968 22 19 to
464 984 8 8 n
488 983 28 9 ,„

185 991 121 23 Wallace,
322 987 92 25 White,
431 984 41 22 and
488 984 123 20 Wallace.

80 1027 57 26 May
146 1027 35 24 28,
193 1025 60 21 1842.

281 1074 53 20 For
344 1072 70 23 Sale,

82 1107 63 28 '-gjS,
178 1106 97 29 rfIHE
303 1103 51 22 well
384 1103 90 25 known,
500 1100 139 26 fast-sailing,

75 1132 92 28 ffiJtek
188 1124 25 31 JL
247 1135 72 19 cutter
337 1131 68 25 Royal
425 1130 99 23 William,
544 1129 27 19 43
590 1131 51 17 tons

70 1152 102 31 •wEOE.
223 1159 99 28 register,
340 1157 53 22 with
409 1157 29 21 all
456 1156 40 22 her
513 1159 75 22 stores,
601 1154 39 21 &c.

58 1178 115 40 s§g|ggll
193 1188 39 21 &c.
251 1187 39 21 &c.
320 1185 70 21 Stows
407 1191 13 14 a
432 1183 61 26 large
509 1188 72 20 cargo,
597 1180 46 22 and

193 1215 77 20 makes
286 1220 31 19 up
332 1212 50 20 four
397 1210 77 22 berths
487 1209 24 22 in
522 1209 37 21 the
569 1208 73 22 cabin.

56 1243 43 22 She
114 1242 41 22 has
164 1241 83 28 proved
258 1239 85 23 herself
353 1246 14 14 a
378 1237 59 27 good
447 1244 39 14 sea
500 1237 58 25 boat,
570 1235 44 21 and
624 1235 18 20 is

54 1270 49 21 well
118 1269 96 27 adapted
228 1268 35 21 for
277 1267 90 25 trading
383 1266 101 20 between
501 1263 36 21 the
555 1268 88 14 various

55 1297 138 22 settlements
204 1303 28 14 on
244 1295 37 20 the
292 1296 61 19 coast
364 1293 25 21 of
401 1291 55 22 New
467 1289 107 23 Zealand.

82 1331 44 22 For
134 1331 86 21 further
228 1328 139 29 particulars,
380 1326 67 27 apply
458 1328 22 18 to
510 1350 8 9 f

268 1363 21 22 J.
302 1362 34 21 M.
345 1362 102 25 Taylor,
460 1358 155 28 Ship-Broker,

382 1395 31 21 Te
427 1395 55 21 Aro.

54 1443 185 52 WANTED,
250 1450 13 14 a
273 1446 76 22 strong
359 1441 73 21 active
442 1439 38 21 lad
496 1439 33 21 for
539 1437 37 21 the
587 1444 57 14 boot

138 1479 46 14 AND
195 1476 160 16 SHOE-MAKING
367 1474 114 15 BUSINESS.
511 1464 74 27 Apply
596 1469 22 16 to

484 1500 28 21 R.
524 1500 64 25 Seed,

453 1526 190 27 Lambton-qutiy.

55 1560 144 27 Wellington,
212 1559 66 26 June,
289 1560 21 24 3,
319 1558 61 20 1842.

219 1605 42 19 Ex
437 1601 44 20 &c.

57 1639 71 50 ON
145 1639 84 26 SALE,
242 1641 23 18 at
274 1637 38 21 the
322 1640 70 18 stores
403 1635 25 21 of
439 1634 38 21 the
487 1631 155 28 undersigned,

120 1665 140 23 ENGLISH
277 1664 88 25 HOPS,

82 1694 70 22 Dates
172 1693 44 21 and
235 1691 65 22 dried
318 1690 71 27 fruits,
407 1688 69 22 coffee
494 1687 43 22 and
555 1694 45 14 rice
620 1693 23 14 in

54 1720 61 27 bags,

82 1748 80 22 Chests
173 1747 43 21 and
227 1749 12 19 *
250 1745 72 22 chests
331 1743 67 23 black
409 1746 42 22 tea,
463 1749 28 14 ex
504 1742 103 24 Clarinda,

82 1775 115 21 LADIES
209 1773 100 25 SATIN,
320 1771 40 21 kid
371 1770 44 22 and
427 1769 123 22 enamelled
559 1768 85 22 leather

54 1801 71 28 shoes,
136 1802 70 21 men's
217 1801 63 21 boots
296 1798 45 22 and
357 1799 71 25 shoes,
440 1796 45 22 and
495 1796 92 26 English
598 1795 45 21 sole

64 1837 10 13 6
82 1846 108 32 WHITE
204 1855 59 22 KID
284 1851 130 26 GLOVES,
437 1850 110 22 GENOA
571 1850 73 20 VEL-

54 1883 67 26 VET,

80 1910 105 22 CHEAP
206 1908 119 26 PRINTS,
343 1906 57 27 slops
417 1905 25 21 of
461 1912 66 19 every
547 1903 96 28 descrip-

51 1937 54 27 tion,
533 1958 4 5 .

80 1964 60 22 Shirt
150 1964 79 21 collars
240 1962 42 22 and
291 1962 80 25 fronts,
383 1959 93 23 woollen
491 1958 95 26 hosiery,

80 1992 105 26 Superior
199 1989 68 23 broad
283 1988 66 26 cloth,
366 1987 55 26 pilot
432 1986 62 25 ditto,
511 1985 44 21 and
571 1985 71 21 Cassi-

250 2039 133 24 LONDON
396 2038 93 22 MADE
500 2038 139 27 BRIDLES,

79 2070 64 21 Nails
153 2070 25 20 of
189 2069 29 21 all
228 2068 62 25 sizes,
302 2067 32 21 tin
347 2066 68 26 tacks,
424 2065 114 28 japanned
547 2065 77 28 lamps,

79 2097 75 22 FINE
170 2095 84 22 CORK
264 2093 124 23 BUTTER
397 2093 45 21 and
451 2092 85 22 barrels
547 2093 24 21 of
577 2093 63 27 pork,

79 2124 74 21 White
163 2123 58 26 lead,
232 2121 87 23 linseed
329 2120 45 22 and
383 2119 76 22 boiled
470 2119 46 26 oils,

79 2151 54 22 Fine
144 2150 37 21 old
190 2152 49 25 port
256 2148 57 22 wine
331 2147 43 22 and
389 2147 50 26 pale
449 2146 77 27 sherry
534 2146 24 22 in
567 2148 14 20 4
592 2147 49 22 doz.

51 2186 68 15 cases.

406 2200 22 22 J.
439 2200 35 22 M.
485 2201 100 26 Taylor,

545 2228 32 22 Te
587 2229 54 22 Aro.

51 2260 143 26 Wellington,
206 2258 60 21 June
277 2259 19 24 3,
309 2258 60 21 1542.

51 2305 50 47 A
117 2304 67 22 FEW
198 2302 94 28 original
301 2300 183 26 PAINTINGS,
494 2307 28 14 on
532 2300 53 21 sale.

458 2327 22 22 J.
493 2327 33 21 M.
536 2328 103 21 Taylor.

51 2358 144 26 Wellington,
207 2358 59 20 June
277 2358 20 24 3,
310 2358 61 19 1842.

100 2405 44 19 Ex
339 2402 54 21 and
409 2401 78 21 other
501 2401 86 26 Ships.

51 2437 183 50 HOSIERY.
235 2448 26 3 —
265 2437 52 21 Just
325 2436 112 26 received,
448 2435 45 22 and
502 2435 35 22 for
550 2435 45 21 sale
607 2435 32 27 by

144 2465 39 21 the
201 2464 158 26 undersigned,
378 2463 73 22 men's
470 2462 73 27 black,
564 2462 72 27 white,

51 2492 43 21 and
104 2492 107 21 coloured
221 2490 114 27 stockings
345 2490 45 22 and
402 2490 72 21 socks.

78 2519 106 21 BOOTS.
186 2530 27 3 —
215 2518 77 22 Men's
312 2521 78 23 strong
413 2517 130 21 hob-nailed
566 2517 69 26 boots,

51 2546 93 22 suitable
154 2546 35 21 for
199 2545 78 21 winter
290 2552 65 14 wear.

78 2573 22 21 A
108 2573 42 21 few
162 2580 61 14 cases
234 2572 100 27 superior
344 2571 94 28 English
449 2571 86 21 cheese.

78 2599 129 22 BUTTER.
209 2611 28 3 —
239 2599 21 21 A
270 2599 103 27 quantity
383 2599 25 21 of
421 2598 120 27 powdered
555 2599 80 25 butter,

52 2627 65 26 equal
129 2631 22 17 to
160 2627 69 27 fresh,
241 2627 57 21 from
308 2626 40 22 Dr.
362 2625 92 28 Imlay's
465 2625 62 28 dairy
536 2626 23 22 in
573 2626 64 22 Two-

50 2654 48 22 fold
107 2654 57 27 Bay.

78 2683 22 19 A
110 2681 63 27 large
183 2681 84 27 variety
279 2680 25 22 of
311 2680 176 27 confectionery,

78 2708 78 27 Sperm
167 2709 45 21 and
221 2708 66 22 black
297 2707 48 22 oils.

295 2735 129 21 Anderson
439 2734 46 22 and
499 2734 109 22 Rowand.

51 2762 80 26 Stores,
142 2762 152 22 Willis-street
305 2762 45 21 and
359 2761 200 28 Thorndon-quay.

52 2806 73 48 ON
140 2806 85 27 SALE,
241 2806 81 22 timber
339 2806 93 21 suitable
442 2806 35 21 for
493 2806 28 21 all
536 2806 103 27 building

129 2840 111 20 purposes,

77 2859 129 22 Manewatu
219 2862 107 25 potatoes.

369 2886 83 21 Waitt
467 2886 45 22 and
526 2887 83 22 Tyser.

79 2913 143 27 Wellington,
232 2913 60 22 June
303 2914 19 26 7,
333 2914 60 21 1842.

223 2959 77 20 Land
315 2958 30 21 in
359 2958 106 21 Karori.

49 2992 180 50 WANTED
261 2992 40 21 TO
331 2992 172 27 PURCHASE,
533 2993 54 22 land
613 2994 24 21 in

148 3019 81 22 Karori
239 3019 92 22 district.
360 3019 77 27 Apply
446 3022 22 18 to

449 3046 64 23 John
527 3047 82 22 Wade.

77 3073 31 22 Te
119 3073 55 26 Aro,
186 3073 61 22 June
258 3074 19 26 1,
289 3074 61 21 1842.

258 3119 169 20 Manewatu.

51 3153 88 48 FOR
154 3152 85 27 SALE,
258 3159 13 14 a
285 3152 104 21 valuable
406 3152 85 22 section
507 3153 26 22 of
546 3153 52 22 land
614 3158 24 17 at

122 3180 138 26 Manewatu,
279 3179 98 22 selected
386 3179 71 22 under
471 3180 41 22 No.
524 3181 25 21 of
560 3180 77 23 choice

50 3208 46 20 420.
134 3207 45 22 Mr.
200 3207 86 27 Kettle,
306 3207 121 27 Surveyor,
447 3207 46 22 will
515 3208 60 21 shew
598 3208 39 22 the

50 3234 94 25 ground.

76 3260 44 22 For
130 3265 75 23 terms,
216 3260 68 29 apply
294 3264 23 18 to
328 3261 38 22 the
376 3260 130 29 proprietor,

425 3288 29 21 A.
472 3288 34 22 W.
522 3289 85 22 Shand.

130 3334 121 26 Country
265 3334 78 20 Land
362 3334 190 20 Association.

49 3367 50 48 A
114 3366 151 23 GENERAL
280 3367 148 22 MEETING
442 3367 26 21 of
475 3366 38 22 the
523 3367 114 22 Members

126 3393 45 22 will
180 3394 27 21 be
221 3394 53 22 held
284 3402 29 14 on
326 3394 143 27 Wednesday
482 3394 99 28 evening,
599 3395 37 22 the

49 3419 50 22 15th
112 3420 90 33 instant^
214 3424 23 18 at
249 3421 39 22 the
304 3421 141 22 Mechanic's
461 3421 113 27 Institute,
590 3426 23 17 at
624 3422 13 23 7

49 3446 85 22 o'clock
143 3448 115 28 precisely,
269 3449 34 22 for
318 3448 37 22 the
368 3455 95 21 purpose
479 3448 26 22 of
517 3449 96 27 electing
623 3457 14 14 a

49 3473 130 23 Committee
195 3475 33 21 for
237 3476 39 21 the
291 3475 96 27 ensuing
402 3483 59 21 year,
474 3476 44 22 and
533 3484 28 14 on
573 3477 64 22 other

48 3499 127 24 immediate
184 3502 107 23 business.

286 3530 30 21 A.
333 3530 26 22 B.
374 3530 123 28 Brandon,

351 3564 123 29 Honorary
484 3565 121 28 Secretary.

74 3587 60 22 June
144 3588 21 27 7,
176 3590 60 21 1842.
246 3606 10 7 ,.

49 3634 90 48 THE
162 3635 79 20 Nelson
263 3636 117 21 Examiner
403 3640 43 19 and
465 3640 54 19 Hew
541 3641 94 20 Zealand

122 3662 108 21 Chronicle
244 3662 128 27 (published
381 3668 23 18 at
413 3666 102 28 Neluon,)
531 3667 19 21 is
567 3675 67 20 regu-

46 3687 55 28 larly
119 3689 141 24 transmitted
275 3692 23 19 to
314 3689 146 31 Wellington,
480 3694 44 22 and
538 3702 53 20 may
605 3695 28 21 be

46 3713 43 23 had
99 3718 23 19 at
130 3715 39 22 the
179 3716 63 22 office
251 3716 26 21 of
287 3716 46 22 this
341 3725 75 21 paper.

72 3742 48 22 The
130 3744 78 20 Nelson
216 3744 117 20 Examiner
348 3746 45 21 will
403 3746 27 22 be
439 3746 71 24 found
519 3756 29 14 an
559 3749 73 22 excel-

46 3768 47 21 lent
100 3770 99 22 medium
208 3770 36 23 for
253 3770 139 23 advertisers.

71 3795 77 24 Terms
159 3797 33 22 for
202 3797 37 23 the
249 3805 75 21 paper,
335 3802 37 18 ten
380 3798 102 30 shillings
495 3808 39 21 per
543 3806 91 23 quarter

43 3822 93 27 payable
143 3824 26 21 in
178 3824 109 23 advance.

73 3849 80 23 Orders
176 3851 35 22 for
230 3851 37 22 the
289 3859 70 21 paper
381 3852 46 23 and
448 3854 184 25 advertisements

46 3877 102 22 received
157 3880 24 19 at
190 3878 37 21 the
237 3878 71 23 Office
320 3880 25 20 of
357 3878 45 23 this
409 3887 77 21 paper.

47 3919 121 49 SEEDS,
179 3922 37 23 the
225 3923 99 27 produce
339 3923 25 22 of
377 3923 38 23 the
433 3925 94 27 Colony,
536 3927 35 22 for
587 3928 45 22 sale

108 3951 25 19 at
141 3948 38 22 the
213 3949 95 23 Gazette
340 3950 78 24 Office.

1425 691 88 20 Town
1531 690 29 20 of
1573 691 165 21 Manewatu.

1289 723 92 49 THE
1403 723 215 23 PROPRIETORS
1644 724 25 22 of
1692 724 39 22 the
1751 724 60 22 three
1826 724 48 22 first

1377 750 89 23 choices
1483 754 22 18 at
1514 752 36 21 the
1569 752 42 21 last
1625 752 106 21 selection
1742 752 26 21 of
1782 755 92 24 country

1288 776 69 28 lands,
1371 777 85 28 having
1476 778 135 22 determined
1625 786 61 20 upon
1703 779 37 21 the
1757 779 41 21 site
1812 780 34 20 for
1860 786 14 14 a

1301 811 93 22 TOWN
1411 812 44 21 ON
1470 812 65 22 THE
1549 813 189 21 MANEWATU
1753 813 104 26 RIVER,

1287 845 56 21 after
1348 847 79 19 several
1435 847 60 20 visits
1505 849 21 18 to
1536 846 37 22 the
1582 846 186 27 neighbouroood,
1780 846 45 22 and
1836 847 36 21 the

1286 875 57 18 most
1361 873 85 21 careful
1466 873 44 21 and
1529 873 81 21 minute
1632 874 149 20 examination
1797 874 25 20 of
1835 874 37 20 the

1287 903 70 18 entire
1374 900 93 27 district,
1484 900 63 21 aided
1564 900 30 27 by
1603 900 37 21 the
1657 900 144 28 professional
1815 900 56 27 skill,

1286 925 137 28 knowledge,
1444 927 45 21 and
1504 927 129 27 experience
1648 927 25 21 of
1686 927 36 21 the
1739 931 60 17 most
1813 935 60 14 com-

1286 956 75 23 petent
1368 954 90 27 judges,
1476 961 92 20 propose
1583 957 22 19 to
1622 954 54 22 offer
1688 954 32 21 for
1737 954 102 27 disposal,
1851 958 23 18 at

1437 981 39 21 the
1490 985 87 23 present
1587 982 59 26 time,
1658 981 67 22 about

1286 1013 221 23 TWENTY-FIVE
1542 1015 104 26 ACRES,
1686 1015 35 22 IN
1759 1015 114 22 ALLOT-

1286 1040 113 28 MENTS,
1416 1041 87 22 EACH
1526 1041 37 22 OF
1588 1042 62 21 ONE
1672 1042 147 24 QUARTER
1834 1042 38 22 OF

1505 1068 42 22 AN
1564 1069 89 22 ACRE.

1312 1101 46 21 The
1368 1105 50 25 spot
1427 1102 52 22 thus
1488 1102 95 22 selected
1595 1110 110 21 possesses
1714 1103 38 21 the
1761 1107 57 19 most
1835 1112 38 14 ex-

1285 1128 84 23 tensive
1384 1129 102 27 frontage
1502 1132 22 18 to
1542 1129 53 28 deep
1608 1134 67 18 water
1691 1130 25 21 of
1727 1138 44 19 any
1787 1139 27 13 on
1835 1132 37 21 the

1286 1155 64 22 river.
1380 1156 22 21 It
1420 1155 19 23 is
1458 1156 94 22 situated
1568 1157 47 26 just
1627 1160 23 18 at
1666 1157 48 21 that
1733 1158 63 26 point
1815 1159 57 22 from

1349 1182 73 22 which
1431 1190 14 14 a
1455 1183 54 21 road
1521 1183 70 21 would
1600 1183 85 22 branch
1696 1185 33 21 off
1735 1188 22 18 to
1768 1185 37 22 the

1288 1223 93 14 WOODED
1406 1224 46 14 AND
1475 1224 96 14 FERTILE
1591 1225 116 14 DISTRICTS
1729 1226 75 14 ALONG
1828 1227 44 14 THE

1459 1251 55 14 BASE
1530 1251 24 14 OF
1571 1251 44 14 THE
1632 1252 73 19 HILLS,

1288 1277 43 21 and
1343 1277 71 22 above
1425 1277 74 21 which
1509 1277 36 21 the
1559 1278 128 27 navigation
1702 1279 34 21 for
1745 1279 81 22 vessels
1834 1280 40 22 be-

1289 1311 72 15 comes
1373 1305 86 25 tedious,
1470 1305 24 25 if
1498 1307 37 18 not
1545 1305 92 26 difficult.
1668 1306 22 21 It
1696 1306 18 22 is
1721 1306 107 22 therefore
1836 1307 36 21 the

1487 1332 61 27 point
1557 1333 72 21 where
1641 1333 35 21 the

1276 1363 100 24 ;?LAND
1392 1366 68 21 AND
1476 1366 113 22 WATER
1603 1367 162 22 CARRIAGE
1780 1367 92 28 MEET,

1289 1399 44 21 and
1342 1399 74 22 where
1426 1407 13 14 a
1449 1401 69 21 Town
1536 1408 58 14 must
1609 1409 27 14 be
1652 1409 90 14 formed
1759 1402 65 21 when
1835 1402 38 21 the

1289 1426 86 22 district
1389 1426 19 22 is
1418 1427 87 22 settled.
1535 1427 20 22 It
1565 1435 43 14 was
1618 1429 96 21 selected
1730 1429 31 26 by
1771 1429 37 21 the
1822 1430 52 21 Sur-

1289 1453 79 27 veying
1379 1454 60 22 Sicff
1450 1462 25 15 as
1485 1454 38 22 the
1531 1455 134 22 rendezvous
1676 1456 35 21 for
1726 1455 58 22 their
1797 1456 60 27 body
1866 1464 5 18 ;

1289 1480 42 22 and
1342 1481 40 21 has
1392 1481 56 22 been
1460 1489 50 15 now
1523 1481 75 28 found,
1609 1483 56 20 after
1677 1483 86 21 several
1778 1484 95 21 months'

1288 1506 109 29 location,,
1403 1511 22 18 to
1441 1509 27 21 be
1477 1509 37 21 the
1526 1512 55 19 most
1596 1509 164 27 advantageous
1770 1510 102 27 position,

1289 1533 57 22 from
1362 1536 28 20 its
1404 1536 99 26 peculiar
1524 1536 83 28 facility
1623 1536 25 21 of
1660 1536 111 28 approach
1782 1537 52 22 both
1844 1538 28 27 by

1289 1560 50 22 land
1352 1562 44 21 and
1406 1566 75 18 water.

1317 1588 28 21 In
1356 1589 154 24 confirmation
1521 1590 25 21 of
1550 1590 37 22 the
1597 1589 131 29 superiority
1738 1590 28 25 pf
1775 1590 40 22 this
1825 1594 49 24 spot

1289 1621 53 15 over
1350 1622 44 21 any
1405 1616 64 21 other
1477 1620 38 24 yet
1524 1616 86 28 known,
1622 1617 41 22 the
1670 1618 90 23 Messrs.
1770 1617 102 27 Kebbell,

1289 1641 58 22 after
1363 1641 38 22 the
1422 1644 149 22 examination
1587 1645 26 22 of
1628 1646 37 21 the
1684 1645 58 22 river
1759 1646 56 22 from
1836 1645 37 21 the

1291 1669 87 22 Paneiri
1389 1669 46 22 Pah
1446 1674 23 17 to
1479 1671 28 21 its
1517 1671 82 27 mouth,
1611 1672 139 23 determined
1764 1680 28 15 on
1804 1677 58 19 erect
1868 1685 5 3 -

1528 1698 37 26 ing
1578 1698 57 23 their

1290 1729 66 21 SAW
1369 1730 82 22 MILL
1473 1730 227 25 IMMEDIATELY
1715 1733 156 24 OPPOSITE.

1289 1763 47 22 The
1354 1764 71 21 works
1444 1764 26 21 of
1486 1764 48 22 that
1550 1766 167 23 establishment
1735 1775 37 14 are
1792 1773 22 17 at
1830 1770 42 20 this

1291 1795 98 17 moment
1407 1792 23 21 in
1446 1792 63 27 rapid
1524 1799 105 21 progress,
1647 1794 44 21 and
1710 1794 37 22 the
1766 1796 106 27 proposed

1288 1816 69 23 Town
1367 1818 44 21 will
1422 1820 130 26 necessarily
1558 1821 92 27 partake
1657 1822 26 21 of
1689 1822 41 21 this
1740 1822 131 28 advantage.

1316 1853 47 21 The
1382 1853 94 23 nucleus
1492 1855 24 21 of
1533 1862 12 14 a
1562 1855 68 22 Town
1646 1857 24 26 is,
1682 1857 22 21 in
1719 1858 51 26 fact,
1783 1858 89 28 already

1289 1879 95 26 created,
1394 1881 30 26 by
1435 1881 37 21 the
1484 1883 161 22 concentration
1662 1884 26 21 of
1702 1884 36 21 the
1750 1886 122 27 Surveying

1289 1907 57 21 Staff
1353 1914 29 14 on
1393 1907 48 21 that
1451 1911 54 24 spot,
1518 1916 24 14 as
1549 1909 37 21 the
1597 1915 73 17 centre
1688 1912 24 20 of
1723 1913 149 21 communica-

1289 1934 44 21 tion
1345 1937 22 19 to
1378 1935 37 21 the
1426 1936 147 26 surrounding
1583 1936 96 28 district;
1695 1938 37 21 the
1743 1940 96 21 erection
1850 1941 26 20 of

1289 1960 89 23 Messrs.
1391 1961 116 22 Kebbell's
1523 1963 47 21 Saw
1587 1964 61 21 Mills
1665 1966 98 26 opposite
1770 1973 6 19 ;
1792 1966 29 27 by
1835 1967 37 22 the

1276 2012 4 5 k
1289 1992 163 23 arrangements
1468 1989 34 21 for
1517 1997 28 14 an
1561 1992 112 21 extensive
1686 1992 97 22 General
1796 1994 60 21 Store
1865 2002 5 18 ;

1289 2024 43 11 «-iiu
1344 2024 22 17 Oj
1380 2025 36 11 »iit,
1427 2016 44 20 Iriti.
1482 2017 130 26 iipj>li«;u.tioa
1620 2019 32 20 fci*
1662 2027 12 12 a
1681 2019 107 22 Licensed
1797 2021 74 21 IJvuae

1288 2048 28 13 on
1325 2041 36 21 the
1371 2046 51 23 part
1432 2043 24 20 of
1469 2050 28 13 an
1507 2043 121 22 individual
1643 2045 48 22 who
1706 2046 46 26 has,
1764 2046 60 23 since
1834 2048 37 21 the

1288 2068 117 22 formation
1423 2069 26 21 of
1464 2069 38 21 the
1519 2070 88 28 Colony,
1623 2072 96 26 pursued
1735 2080 14 14 a
1768 2074 104 22 lucrative

1289 2095 61 21 trade
1361 2095 53 22 with
1424 2096 38 21 the
1473 2097 90 27 natives,
1576 2098 44 21 and
1632 2098 71 22 whose
1714 2100 128 28 knowledge
1851 2102 25 21 of

1289 2121 36 22 the
1336 2122 136 27 advantages
1483 2124 25 20 of
1514 2124 36 21 the
1561 2126 99 26 position,
1669 2128 116 26 prompted
1794 2128 45 22 him
1851 2132 22 18 at

1289 2156 54 14 once
1356 2153 21 17 to
1385 2151 74 26 prefer
1470 2151 47 20 that
1530 2152 139 26 application.

1315 2183 46 21 The
1372 2184 95 22 Natives
1481 2185 29 26 by
1521 2185 71 22 whom
1608 2186 43 22 this
1661 2187 53 23 land
1726 2196 44 14 was
1780 2189 94 23 claimed

1288 2216 37 15 are
1335 2211 60 27 quite
1406 2212 108 26 prepared
1525 2216 21 17 to
1554 2213 50 26 give
1611 2221 30 20 up
1647 2217 131 26 possession,
1787 2218 43 21 and
1836 2225 37 14 are

1288 2238 145 27 exceedingly
1443 2239 93 21 anxious
1549 2243 22 17 to
1586 2240 57 22 have
1654 2249 12 13 a
1676 2241 118 29 European
1804 2251 69 21 popu-

1286 2262 67 23 lation
1364 2272 82 19 among
1458 2265 66 27 them,
1536 2266 82 29 having
1636 2267 55 23 been
1701 2277 59 20 upon
1771 2271 37 21 the
1817 2276 58 17 most

1286 2291 94 28 friendly
1388 2292 88 27 footing
1486 2293 52 21 with
1547 2294 37 21 the
1596 2295 124 28 Surveying
1731 2298 58 21 Staff
1796 2298 78 28 during

1284 2317 38 22 the
1331 2318 49 22 four
1390 2326 25 14 or
1424 2319 45 22 five
1479 2320 87 22 months
1575 2321 53 28 they
1647 2322 56 22 have
1720 2324 57 22 been
1788 2324 87 24 located

1283 2344 70 23 there.

1314 2373 32 21 As
1357 2373 37 21 the
1403 2373 139 27 Proprietors
1549 2382 94 21 purpose
1651 2380 23 18 to
1685 2377 86 28 dispose
1782 2379 25 21 of
1813 2380 40 22 hut
1862 2389 12 14 a

1284 2399 85 22 limited
1385 2400 89 27 portion
1493 2401 24 21 of
1529 2401 37 22 the
1580 2403 69 22 Town
1665 2408 23 17 at
1706 2409 96 24 present,
1822 2408 52 26 they

1284 2426 77 27 pledge
1373 2427 134 23 themselves
1515 2429 53 26 that,
1580 2434 23 17 at
1611 2438 30 13 no
1660 2431 73 23 future
1743 2434 63 27 sales,
1818 2435 56 22 shall

1286 2453 36 21 the
1333 2454 129 22 allotments
1472 2455 27 21 be
1509 2458 38 25 put
1552 2463 31 21 up
1593 2460 22 18 at
1625 2465 13 14 a
1649 2455 44 26 /ess
1704 2467 48 15 sum
1763 2461 53 22 than
1825 2470 49 15 now

1287 2480 88 22 offered.

1312 2508 22 21 A
1354 2508 132 28 Prospectus
1506 2510 44 22 and
1570 2511 54 22 Plan
1646 2513 25 21 of
1686 2513 36 22 the
1740 2515 70 22 Town
1829 2516 44 22 will

1286 2534 84 28 shortly
1380 2536 27 21 be
1417 2536 70 27 ready
1496 2537 34 21 for
1539 2537 122 28 inspection
1677 2544 22 18 at
1712 2541 37 22 the
1761 2542 79 23 Offices
1851 2545 25 20 of

1288 2562 88 22 Messrs.
1389 2563 69 21 Waitt
1467 2564 45 21 and
1522 2565 74 27 Tyser,
1606 2567 31 21 Te
1648 2568 54 21 Aro.

1314 2594 144 28 Wellington,
1470 2596 65 28 April
1544 2599 32 25 22,
1589 2600 59 20 1842.

1288 2639 87 36 T^OR
1390 2641 86 27 SALE,
1488 2641 29 28 by
1528 2642 36 22 the
1575 2644 148 28 undersigned
1723 2657 29 4 —

1314 2693 104 28 Superior
1427 2698 51 24 port
1487 2696 44 21 and
1543 2697 75 28 sherry
1627 2699 24 21 in
1662 2707 67 20 cases,

1315 2720 144 29 Champagne
1470 2723 23 21 in
1504 2723 62 28 ditto,

1315 2747 91 29 Brandy
1415 2749 24 21 in
1449 2754 91 23 quarter
1549 2751 69 29 casks,

1316 2775 43 21 Gin
1369 2775 25 22 in
1404 2775 66 24 hhds.

1289 2827 24 7 „,
1613 2807 25 22 T.
1653 2808 33 21 M.
1702 2809 142 23 Partridge.

1289 2827 77 24 March
1376 2831 35 26 25,
1424 2832 61 21 1842.

1481 2878 25 19 J.
1522 2878 36 21 M.
1575 2879 108 27 Taylor,

1302 2907 151 25 LICENSED
1479 2911 239 26 CUSTOM-HOUSE
1742 2916 115 29 AGENT,

1289 2965 2 1 .
1536 2947 27 14 TE
1578 2947 51 16 ARO.

1289 2982 160 48 GEORGE
1460 2985 128 23 WATERS
1597 2987 54 28 begs
1662 2992 22 18 to
1693 2989 82 21 inform
1786 2990 37 22 the
1835 2991 38 21 In-

1354 3010 113 23 habitants
1484 3012 26 21 of
1522 3013 52 22 Port
1590 3014 127 29 Nicholson,
1730 3017 48 21 that
1793 3017 27 22 he
1833 3017 40 23 has

1283 3040 48 22 just
1346 3039 145 21 commenced
1502 3040 97 23 business
1615 3049 24 15 as
1654 3050 80 19 house,
1752 3052 59 19 sign,
1828 3045 45 22 and

1288 3070 155 17 ORNAMENTAL
1455 3074 105 20 PAINTER,
1573 3069 44 22 and
1627 3078 106 14 GLAZIER.
1763 3071 110 23 Allkinds

1286 3092 22 19 of
1326 3092 75 21 woods
1418 3093 45 21 and
1477 3095 96 21 marbles
1587 3096 108 28 imitated,
1713 3098 53 27 &c;
1785 3100 44 21 and
1844 3100 28 21 he

1286 3118 54 21 feels
1356 3119 116 22 confident
1481 3121 48 21 that
1539 3121 36 23 the
1590 3124 72 26 prices
1673 3125 44 21 and
1733 3127 140 27 punctuality

1287 3146 51 19 with
1353 3146 73 21 which
1443 3147 101 22 business
1557 3146 45 25 will
1615 3151 28 21 be
1658 3151 107 23 attended
1783 3156 29 24 to,
1828 3154 44 21 will

1287 3178 77 15 ensure
1375 3173 47 21 him
1432 3181 13 14 a
1454 3175 84 21 second
1547 3177 48 22 trial
1604 3177 30 28 by
1643 3179 29 21 all
1680 3179 48 21 who
1737 3180 80 23 favour
1826 3180 46 23 him

1285 3198 52 22 with
1347 3199 38 22 the
1394 3200 57 22 first.

1313 3233 62 23 Near
1384 3234 45 22 Mr.
1446 3236 144 28 Catchpool's,
1606 3239 163 30 Dixon-street,
1780 3241 32 23 Te
1825 3243 47 21 Aro

1287 3266 13 14 r
1305 3261 38 21 lat.

1287 3305 38 20 To
1336 3306 45 21 the
1392 3307 162 23 Mercantile
1566 3311 54 21 and
1636 3311 134 29 Shipping
1785 3314 87 21 Inter-

1408 3336 58 19 ests
1477 3335 31 21 of
1519 3337 65 21 Port
1593 3338 161 23 Nicholson.

1287 3366 157 40 rpHOMAS
1462 3369 107 23 BEVAN
1585 3372 45 21 and
1647 3373 82 27 SONS,
1740 3374 58 22 New
1814 3376 58 21 Zea-

1293 3394 29 21 X
1346 3401 61 16 LAND
1427 3403 59 14 ROPE
1505 3404 44 14 AND
1570 3405 74 16 TWINE
1667 3408 203 21 MANUFACTURERS,

1287 3422 41 25 beg
1342 3424 22 18 to
1375 3422 83 21 inform
1469 3423 57 22 their
1535 3424 83 23 friends
1631 3427 44 22 and
1686 3427 36 21 the
1731 3429 81 26 public,
1824 3429 48 21 that

1286 3448 51 26 they
1347 3448 57 23 have
1421 3451 107 22 removed
1544 3454 22 19 to
1580 3453 59 22 their
1655 3462 50 14 new
1720 3455 105 26 premises
1841 3463 28 14 on

1286 3474 189 30 Lambton-quay,
1491 3485 78 15 corner
1584 3480 26 21 of
1626 3481 156 27 Willis-street,
1799 3483 72 21 where

1285 3508 66 20 every
1361 3503 77 22 article
1448 3504 24 21 in
1481 3504 36 22 the
1528 3506 69 22 above
1606 3508 75 22 trades
1691 3516 50 19 may
1752 3509 26 21 be
1788 3508 44 23 had
1841 3517 29 15 on

1284 3529 37 20 the
1331 3529 96 23 shortest
1436 3532 84 22 notice.

1311 3555 93 29 Fishing
1413 3562 57 23 nets,
1481 3562 64 24 mats,
1555 3560 49 27 &c,
1615 3561 66 21 made
1690 3561 45 21 and
1743 3563 108 26 repaired.

1312 3584 23 20 r.
1344 3583 26 22 B.
1382 3584 47 23 and
1439 3586 57 21 Sons
1506 3593 37 14 are
1550 3588 68 26 ready
1629 3591 22 18 to
1660 3588 125 22 undertake
1792 3595 79 22 export

1284 3609 75 22 orders
1368 3614 24 19 to
1402 3619 45 20 any
1457 3616 84 23 extent,
1551 3621 30 14 on
1590 3614 130 22 reasonable
1730 3619 76 19 terms.

1310 3637 129 24 November
1447 3640 35 26 30,
1495 3641 57 20 1841.

1283 3684 201 49 WNEAL,
1506 3686 86 21 Watch
1614 3686 45 22 and
1680 3687 76 22 Clock
1773 3688 96 30 Maker,

1355 3722 10 11 •
1410 3712 56 27 begs
1484 3713 142 27 respectfully
1643 3716 23 19 to
1685 3714 83 23 inform
1784 3716 36 23 the
1834 3718 35 21 in-

1282 3737 113 24 habitants
1413 3739 27 21 of
1456 3739 53 21 Port
1516 3739 130 28 Nicholson,
1663 3741 49 27 &c,
1730 3742 49 22 that
1787 3743 28 22 he
1829 3744 40 23 has

1282 3766 106 22 removed
1401 3765 35 23 his
1450 3765 100 22 business
1567 3766 50 22 S.E.
1628 3767 26 21 of
1664 3768 92 23 Messrs.
1767 3770 102 24 Bethune

1282 3792 46 21 and
1337 3792 118 31 Hu^t&fs,
1466 3791 46 23 and
1520 3791 76 29 hopes,
1606 3793 30 28 by
1646 3795 63 22 strict
1717 3798 117 27 attention,
1846 3802 23 19 to

1282 3819 67 21 merit
1362 3824 25 17 a,;
1392 3817 151 30 continuance
1557 3820 27 22 of
1598 3820 59 22 their
1671 3822 97 29 favours,
1785 3824 83 28 having

1281 3844 46 24 had
1335 3846 26 22 2i)
1371 3845 75 28 yeara?
1455 3846 132 27 experience
1595 3847 25 22 in
1629 3848 102 23 London.

1296 3870 53 25 .All
1359 3869 117 35 j&na^of
1487 3872 93 29 foreign,
1597 3875 91 28 British,
1703 3877 101 29 musical,
1823 3880 45 21 and

1280 3899 220 28 repeatingrwatches
1506 3900 43 22 and
1559 3899 82 30 clocks,
1649 3903 45 22 and
1702 3903 165 26 chronometers

1281 3925 97 24 cleaned^
1383 3924 47 25 and
1438 3926 109 28 repaired.

1307 3965 5 4 '
1584 3960 69 24 boxes
1662 3962 108 27 repaired.

1906 691 149 27 Township
2072 691 31 21 of
2118 693 37 19 Te
2175 693 97 25 Maire,
2288 700 35 15 on
2338 696 44 19 the
2405 696 87 19 banks

1935 718 29 20 of
1988 719 46 19 the
2059 719 169 25 Manawatu,
2250 722 54 19 two
2326 722 68 25 days
2418 722 75 20 walk

1934 744 69 22 from
2020 746 67 20 Port
2101 745 160 21 Nicholson.

1907 778 160 50 MESSRS.
2087 779 93 27 HORT,
2199 780 158 27 MOCATTA,
2375 781 44 21 and
2438 782 53 26 CO.,

1982 805 59 22 have
2051 806 103 21 received
2170 807 141 21 instructions
2325 807 57 22 from
2397 809 37 20 the
2443 816 50 19 pro-

1905 832 92 26 prietors
2014 833 105 21 Captain
2137 833 26 21 E.
2179 833 114 28 Daniell,
2311 834 24 22 F.
2353 835 29 21 A.
2401 835 91 21 Moles-

1905 866 89 20 worth,
2006 867 47 13 and
2064 859 23 22 J.
2098 860 79 26 Watt,
2189 860 90 27 Esqrs.,
2290 861 46 21 and
2342 861 54 22 'will
2410 861 83 28 shortly

2004 886 56 21 offer
2068 886 36 21 for
2114 887 45 21 sale
2170 887 29 27 by
2209 887 74 27 public
2293 888 97 27 auction,

1905 919 52 20 283
1969 919 211 22 ALLOTMENTS
2196 920 35 21 IN
2246 921 63 21 THE
2323 921 169 22 TOWNSHIP

2089 947 39 21 OF
2142 947 38 21 TE
2196 947 111 22 MAIRE.

1905 971 46 23 The
1960 973 135 27 proprietors
2111 973 116 28 intending
2243 977 21 18 to
2281 974 106 22 establish
2403 983 12 13 a
2425 978 67 19 town-

1905 999 48 27 ship
1964 1002 22 18 at
2003 1000 130 21 Manawatu
2148 1000 56 21 have
2224 1001 54 21 been
2293 1005 23 17 at
2325 1006 64 22 great
2399 1004 61 24 pains
2469 1003 23 21 in

1904 1026 124 27 personally
2045 1027 130 27 examining
2192 1027 49 22 that
2257 1028 92 27 district,
2373 1029 43 21 and
2435 1037 56 14 were

1905 1054 110 21 fortunate
2026 1054 91 27 enough
2128 1058 21 17 at
2159 1054 38 21 the
2208 1054 43 22 late
2267 1054 105 23 selection
2383 1056 25 21 of
2420 1056 72 22 Coun-

1904 1082 34 24 try
1957 1080 70 27 Land,
2047 1084 24 17 to
2090 1081 75 22 obtain
2184 1081 38 22 the
2239 1089 53 19 very
2309 1082 97 22 sections
2421 1083 72 22 which

1904 1107 109 28 appeared
2024 1111 22 17 to
2057 1108 61 21 them
2127 1108 38 21 the
2180 1112 58 17 most
2254 1108 87 28 eligible
2352 1110 44 21 and
2409 1110 85 21 advan-

1905 1137 91 24 tageous
2010 1134 35 21 for
2063 1135 36 21 the
2115 1142 102 20 purpose.
2252 1136 62 27 They
2325 1137 112 21 entrusted
2452 1136 39 23 the

2036 1162 141 26 preparation
2188 1162 26 21 of
2224 1162 38 22 the
2272 1163 52 27 plan
2335 1166 23 18 to

1948 1194 125 23 ROBERT
2088 1195 92 27 PARK,
2196 1196 62 27 Esq.,
2275 1197 173 26 SURVEYOR,

1905 1222 52 21 And
1966 1222 49 21 that
2030 1223 129 25 gentleman
2176 1223 41 21 has
2233 1224 109 27 surveyed
2359 1225 45 21 and
2411 1225 81 26 judici-

1905 1248 63 27 ously
1977 1248 46 22 laid
2033 1252 40 18 out
2089 1249 37 21 the
2142 1249 93 22 sections
2246 1257 24 14 as
2284 1258 13 13 a
2312 1251 117 27 township,
2441 1252 51 22 with

2088 1276 71 27 ample
2168 1283 100 15 reserves
2277 1277 34 22 for

1905 1309 141 27 WHARFS,
2077 1309 110 27 QUAYS,
2213 1310 185 28 EXCHANGE,
2428 1312 64 22 CUS-

1962 1336 69 22 TOM
2046 1336 112 26 HOUSE,
2176 1336 134 23 MARKET
2325 1338 107 27 PLACE,

1906 1363 138 26 CHURCH,
2072 1363 154 27 CEMETRY,
2253 1364 103 23 COURT
2379 1366 111 26 HOUSE,

1976 1390 69 21 AND
2062 1390 181 22 BOTANICAL
2259 1392 157 27 GARDENS,

1905 1416 45 22 and
1966 1420 104 24 amongst
2086 1417 62 21 other
2166 1417 75 27 things
2260 1426 13 13 a
2290 1426 88 15 reserve
2399 1420 35 21 for
2452 1420 38 22 the

2010 1451 195 22 MECHANIC'S
2220 1452 166 22 INSTITUTE

1905 1477 40 22 has
1954 1481 40 18 not
2008 1478 57 21 been
2083 1478 139 22 overlooked.
2252 1479 46 21 The
2312 1480 110 28 township
2439 1488 53 14 con-

1907 1505 48 21 sists
1965 1505 26 21 of
2001 1506 41 20 586
2052 1505 133 26 allotments,
2198 1506 24 20 of
2234 1505 71 23 which
2314 1507 37 21 the
2361 1508 131 26 proprietors

1905 1532 70 21 retain
1991 1539 40 14 one
2048 1531 52 22 half
2109 1532 24 21 in
2151 1532 56 22 their
2222 1540 50 14 own
2290 1533 77 27 hands,
2379 1535 45 21 and
2438 1536 54 20 offer

1893 1574 2 2 ■
1975 1559 35 21 for
2020 1559 45 21 sale
2075 1559 37 21 the
2121 1559 134 26 remainder,
2267 1561 120 26 consisting
2398 1562 25 20 of

1957 1593 53 20 283
2026 1592 182 22 HALF-ACRE
2224 1593 217 24 ALLOTMENTS.

1905 1619 46 22 The
1967 1620 128 21 allotments
2109 1620 35 21 for
2161 1620 44 21 sale
2223 1620 45 21 and
2283 1627 88 15 reserve
2387 1629 56 15 were
2453 1623 39 21 de-

1905 1646 64 22 cided
1982 1646 30 27 by
2028 1647 43 26 lot,,
2081 1647 44 21 and
2142 1646 64 22 while
2221 1647 38 22 the
2275 1649 134 25 proprietors
2425 1649 67 21 selec-

1905 1674 38 20 ted
1956 1673 58 22 their
2031 1681 57 19 own,
2102 1674 48 21 Mr.
2162 1674 65 21 Park
2237 1674 65 21 chose
2312 1676 63 20 those
2385 1676 107 22 intended

1904 1700 35 23 for
1949 1700 51 27 sale,
2012 1700 76 21 which
2101 1708 36 13 are
2153 1700 116 28 decidedly
2278 1701 73 22 better
2361 1710 28 13 on
2404 1710 27 14 an
2441 1711 50 13 ave-

1904 1734 53 22 rage
1968 1727 53 22 than
2033 1728 64 21 those
2105 1727 73 22 which
2187 1728 37 21 the
2231 1730 131 26 proprietors
2368 1729 57 22 have
2436 1731 55 21 been

1987 1754 96 22 enabled
2093 1758 21 17 to
2125 1761 87 15 reserve
2222 1756 35 20 for
2268 1756 142 22 themselves.

1904 1789 63 22 THE
1982 1784 118 27 WHOLE
2114 1787 45 23 OF,
2168 1788 64 22 THE
2246 1789 161 22 PROCEEDS
2418 1791 25 21 of
2454 1791 37 22 the

2159 1815 79 22 SALE

2050 1841 46 24 •nill
2106 1842 28 21 be
2145 1842 117 27 expended
2272 1850 30 14 on
2309 1843 38 21 the

1955 1875 238 24 IMPROVEMENT
2209 1876 39 21 OF
2262 1876 63 22 THE
2340 1877 99 27 TOWN,

2148 1902 47 23 .and
2210 1903 37 21 the

1904 1931 238 22 CONSTRUCTION
2160 1930 41 24 OF
2222 1930 141 29 WHARFS,
2379 1932 111 28 QUAYS,

1904 1984 52 22 And
1965 1984 44 22 will
2018 1985 29 21 be
2058 1985 110 27 managed
2178 1987 44 21 and
2237 1984 117 26 regulated
2364 1985 30 26 by
2405 1993 12 15 a
2427 1987 64 21 Com-

2009 2012 77 21 nr'ttfte
2097 2013 25 21 of
2133 2020 68 14 seven,
2210 2020 52 15 cons
2267 2018 6 9 l
2272 2011 61 30 ,?tiri^
2342 2012 54 26 nf-^;
2437 2032 8 5 %
2469 2024 3 6 .

1904 2045 67 21 Capt.
1992 2044 152 27 DANIELL,
2179 2046 49 21 Mr.
2258 2046 229 29 MOLESWORTH,

2041 2072 49 21 Mr.
2102 2072 93 27 WATT,
2212 2081 46 13 and
2269 2074 84 22 FOUR

1904 2101 22 18 to
1935 2098 28 21 be
1974 2098 88 22 elected
2075 2099 29 27 by
2113 2099 38 21 the
2168 2100 129 26 purchasers
2312 2101 58 22 from
2387 2106 103 24 amongst

2128 2126 140 23 themse'ves.

1904 2152 47 21 The
1964 2153 134 27 proprietors
2113 2161 37 14 are
2170 2153 111 22 confident
2298 2154 49 23 that
2366 2155 57 22 their
2441 2164 49 14 own

1904 2179 101 22 interests
2022 2180 45 21 will
2084 2180 27 21 be
2126 2188 61 14 more
2205 2181 124 29 effe'tually
2345 2184 98 27 secured,
2460 2184 30 27 by

1904 2207 124 26 sacrificing
2048 2215 44 14 one
2107 2207 51 22 half
2175 2208 26 21 of
2217 2208 57 21 their
2288 2210 96 21 sections
2405 2210 22 21 in
2446 2211 44 21 this

1905 2234 70 26 mode,
1988 2234 65 21 while
2064 2234 38 21 the
2111 2234 131 27 purchasers
2252 2236 43 21 will
2305 2236 57 21 have
2373 2237 39 21 the
2421 2238 69 22 whole

1905 2260 26 21 of
1942 2261 35 21 the
1987 2260 110 28 purchase
2107 2269 79 19 money
2197 2263 105 21 returned
2312 2267 22 17 to
2344 2264 62 21 them
2415 2265 23 21 in
2448 2266 31 20 im

1904 2289 94 26 proving
2007 2288 46 21 and
2064 2288 125 27 enhancing
2204 2289 37 22 the
2257 2290 63 22 value
2337 2291 26 21 of
2373 2291 58 22 their
2441 2300 49 14 own

1904 2318 109 24 property.

1932 2342 46 21 The
1989 2342 72 21 whole
2078 2342 25 21 of
2114 2342 37 22 the
2168 2342 52 22 land
2234 2343 19 22 is
2268 2344 107 27 perfectly
2390 2345 45 28 flat,
2447 2347 45 21 and

1905 2368 37 22 the
1957 2369 39 22 soil
2015 2369 26 21 of
2059 2369 37 22 the
2111 2370 83 21 richest
2208 2370 139 28 description,
2368 2372 63 22 while
2452 2374 38 21 the

1905 2396 122 27 prevailing
2042 2396 71 22 winds
2130 2405 37 13 are
2182 2405 69 13 never,
2266 2406 23 13 so
2304 2399 85 21 violent
2405 2407 24 13 as
2438 2400 52 27 they

1905 2431 37 13 are
1952 2423 21 22 in
1987 2423 36 21 the
2034 2424 163 27 neighbouring
2208 2424 101 23 districts.
2339 2425 90 23 Vessels
2441 2427 26 22 of
2478 2436 13 13 a

1905 2450 59 26 large
1980 2450 98 27 draught
2092 2450 25 22 of
2133 2455 68 17 water
2216 2458 41 15 can
2272 2451 36 28 lay
2323 2453 113 26 alongside
2452 2455 38 21 the

1905 2477 58 21 bank
1973 2480 23 18 at
2005 2478 30 20 all
2046 2478 65 21 times
2121 2478 24 21 of
2157 2478 37 22 the
2205 2479 52 26 tide,
2269 2486 22 14 as
2300 2479 63 22 there
2373 2481 18 20 is
2401 2488 14 14 a
2424 2481 67 28 depth

1905 2504 25 21 of
1942 2504 77 27 nearly
2029 2504 52 22 four
2090 2505 94 21 fathoms
2194 2505 59 22 close
2263 2505 30 23 in.

1904 2537 47 23 The
1959 2538 148 21 Auctioneers
2116 2538 74 22 would
2201 2538 42 23 call
2250 2541 109 21 attention
2369 2543 22 19 to
2400 2541 36 22 the
2446 2542 46 22 fact

2109 2566 25 21 of
2141 2566 62 21 there
2214 2566 65 28 being

1905 2599 21 21 A
1949 2599 108 22 LARGE
2081 2600 67 21 SAW
2168 2600 81 22 MILL
2271 2601 154 23 ALREADY
2445 2603 47 22 ES-

2107 2627 180 23 TABLISHED

1904 2661 13 13 a
1927 2653 60 22 short
1998 2653 100 22 distance
2112 2654 58 22 from
2187 2655 36 21 the
2239 2655 105 23 intended
2358 2656 42 22 site
2415 2657 25 21 of
2453 2657 38 22 the

1904 2681 78 26 Town;
2004 2681 52 26 and,
2078 2688 24 14 as
2119 2681 36 21 the
2175 2681 70 22 whole
2266 2683 24 21 of
2307 2683 37 21 the
2364 2683 127 24 allotments

1972 2707 90 22 abound
2071 2708 24 22 in
2105 2715 77 20 groves
2191 2709 26 21 of
2223 2709 102 27 splendid
2336 2710 87 28 timber,

1904 2741 63 22 THE
1996 2742 167 22 PURCHASE
2194 2742 115 23 MONEY
2337 2744 83 22 WILL
2452 2746 40 21 BE

1977 2768 172 23 RETURNED
2165 2770 87 22 WITH
2267 2770 154 22 INTEREST

1904 2796 24 21 in
1938 2803 13 14 a
1959 2803 54 20 very
2023 2796 63 21 short
2095 2796 83 27 period,
2191 2804 24 15 as
2225 2805 59 14 sawn
2293 2798 82 21 timber
2384 2798 44 22 will
2438 2799 27 22 be
2479 2807 13 14 a

1904 2822 68 28 staple
1989 2822 77 23 article
2082 2824 25 21 of
2119 2826 79 25 export
2207 2824 57 21 from
2278 2825 131 21 Manawatu
2418 2830 21 17 to
2454 2826 38 22 the

1904 2850 67 27 ready
1981 2850 89 21 market
2079 2850 98 22 afforded
2192 2851 29 27 by
2231 2852 37 21 the
2278 2852 161 27 neighbouring
2448 2857 44 17 set-

1904 2877 109 27 tlements,
2032 2880 23 19 to
2075 2878 73 21 which
2163 2878 129 22 abundance
2313 2879 25 21 of
2354 2879 65 21 small
2438 2881 55 21 craft

1904 2904 45 21 will
1959 2908 22 17 at
1989 2904 30 21 all
2025 2904 66 21 times
2100 2904 70 22 afford
2179 2905 38 21 the
2225 2913 76 13 means
2312 2906 26 20 of
2344 2913 148 20 conveyance.

1905 2932 21 21 A
1941 2935 62 23 great
2015 2932 89 26 portion
2119 2932 26 21 of
2160 2932 37 21 the
2216 2932 53 21 land
2288 2933 148 27 surrounding
2454 2935 38 21 the

1904 2958 67 22 Town
1982 2959 68 26 being
2058 2958 24 21 in
2091 2958 37 21 the
2138 2959 123 25 possession
2272 2959 24 21 of
2307 2959 38 21 the
2356 2960 137 27 Proprietors

1904 2986 26 20 of
1937 2985 36 21 the
1983 2985 128 27 Township,
2121 2985 45 21 will
2179 2986 27 20 be
2219 2986 31 21 let
2260 2989 38 18 out
2307 2986 24 21 in
2342 2987 66 21 small
2424 2987 68 23 farms

1904 3012 25 21 of
1940 3012 56 21 from
2006 3012 44 21 five
2061 3014 22 19 to
2098 3015 37 18 ten
2151 3019 66 20 acres,
2231 3020 28 14 on
2276 3020 50 20 easy
2337 3013 78 22 leases.
2443 3015 48 22 The

1904 3039 83 21 district
1996 3039 17 21 is
2025 3039 37 21 the
2072 3038 49 22 best
2131 3039 47 21 that
2187 3040 40 20 has
2234 3043 39 23 yet
2282 3040 56 22 been
2345 3041 67 26 given
2422 3045 38 19 out
2468 3043 24 21 in

2094 3066 55 21 New
2159 3066 99 22 Zealand
2268 3067 32 21 for

1984 3099 248 22 AGRICULTURAL
2247 3100 164 30 PURPOSES,

2116 3133 24 14 as
2149 3127 50 21 well
2210 3134 23 14 as
2243 3128 35 21 for

1905 3153 145 23 GRAZING
2081 3153 67 21 AND
2182 3154 166 23 BREEDING
2377 3157 112 22 STOCK:

2041 3180 69 21 AND
2125 3180 104 23 DAIRY
2243 3182 106 23 FARMS

1978 3207 73 27 might
2064 3207 29 21 be
2107 3208 85 21 earned
2207 3215 29 15 on
2252 3210 52 21 with
2319 3217 96 16 success.

2072 3240 73 22 SHIP
2160 3241 159 24 BUILDING

1903 3267 70 28 might
1986 3267 46 22 also
2044 3267 190 29 advantageously
2244 3269 27 22 be
2283 3270 140 28 established,
2436 3272 56 22 from

1903 3295 37 21 the
1959 3295 103 21 facilities
2081 3295 98 21 afforded
2198 3296 30 27 by
2245 3297 43 21 this
2302 3298 72 26 really
2389 3299 103 26 splendid

1902 3322 64 26 river,
1974 3321 45 22 and
2029 3321 38 22 the
2078 3322 85 27 quality
2173 3323 26 21 of
2206 3323 37 21 the
2252 3324 80 22 timber
2338 3332 29 14 on
2375 3325 29 22 its
2414 3326 76 21 banks.

1931 3349 21 21 It
1960 3355 52 20 may
2022 3349 29 21 be
2062 3349 124 27 remarked,
2203 3350 49 22 that
2262 3351 36 21 the
2309 3352 88 21 natives
2406 3353 85 21 neither

1903 3375 85 28 dispute
1999 3375 37 21 the
2047 3376 60 21 titles
2116 3380 21 17 to
2151 3377 38 21 the
2204 3377 60 28 land,
2279 3386 42 14 nor
2331 3379 28 21 do
2375 3379 54 26 they
2438 3380 54 21 offer

1903 3409 42 20 any
1956 3409 131 20 annoyance
2098 3407 22 17 to
2130 3404 94 22 settlers.

1930 3429 50 22 Full
1994 3430 131 27 particulars
2140 3438 43 15 can
2199 3431 28 22 be
2237 3431 103 23 obtained
2355 3440 28 13 on
2394 3433 96 28 applica-

1902 3456 47 22 tion
1967 3459 23 19 to
2003 3457 39 21 the
2060 3457 155 28 Auctioneers,
2232 3459 73 22 where
2321 3467 14 13 a
2344 3459 57 22 Plan
2416 3461 25 20 of
2453 3461 37 21 the

1902 3483 118 28 Township
2036 3484 28 21 of
2074 3484 32 22 Te
2123 3485 72 22 Marie
2215 3493 42 14 can
2272 3486 26 22 be
2314 3493 59 15 seen.
2403 3485 50 29 Day
2468 3488 25 21 of

1902 3509 45 23 sale
1956 3511 44 21 will
2017 3511 27 21 be
2056 3511 105 28 specified
2170 3512 24 22 in
2205 3520 13 14 a
2225 3513 74 21 future
2309 3513 180 24 advertisement.

1930 3537 63 28 April
2001 3539 35 26 22,
2048 3539 62 21 1842.

2045 3582 144 23 CHARLES
2205 3584 140 28 HARVEY,

2111 3611 102 25 Tailor,
2226 3612 54 24 &c,

2030 3645 115 26 Adjoining
2159 3646 71 20 Kumu
2246 3646 49 20 Toto
2309 3646 56 27 Pah,

2118 3680 158 19 WELLINGTON,

1901 3698 107 48 BEGS
2024 3701 22 19 to
2064 3702 76 18 return
2158 3699 81 23 thanks
2257 3703 22 19 to
2295 3700 38 22 the
2349 3702 82 26 gentry
2444 3702 46 22 and

1976 3725 77 28 public
2065 3726 23 22 of
2097 3726 57 22 New
2165 3726 99 22 Zealand
2273 3727 34 22 for
2314 3727 38 22 the
2361 3732 91 23 support
2461 3730 29 21 he

1900 3751 41 23 has
1956 3753 104 21 received
2075 3753 58 21 from
2149 3753 61 21 them
2225 3754 61 21 since
2300 3754 29 21 he
2344 3756 147 22 commenced

1900 3779 108 27 business,
2027 3779 46 22 and
2092 3779 27 23 he
2138 3787 86 15 assures
2240 3780 61 22 them
2318 3781 49 22 that
2382 3782 19 21 it
2419 3782 18 22 is
2455 3783 35 22 his

1900 3806 111 22 intention
2022 3810 23 18 to
2055 3807 106 21 continue
2171 3807 34 21 his
2220 3810 59 19 most
2293 3811 120 19 strenuous
2427 3817 63 14 exer-

1900 3833 59 21 tions
1968 3836 23 18 to
2002 3833 67 22 merit
2078 3840 13 15 a
2102 3833 148 22 continuance
2260 3835 26 21 of
2292 3836 59 21 their
2359 3840 130 24 patronage.

1928 3861 24 21 C.
1963 3860 29 22 H.
2003 3860 64 22 takes
2083 3860 43 22 this
2147 3861 143 28 opportunity
2305 3863 27 21 of
2342 3862 84 28 stating
2443 3864 48 22 that

1900 3886 35 22 his
1945 3887 62 22 stock
2017 3887 94 22 consists
2121 3887 26 21 of
2159 3894 13 14 a
2180 3888 62 26 good
2250 3889 85 27 variety
2345 3889 27 22 of
2378 3890 111 27 superfine

1900 3913 77 28 cloths,
1989 3913 112 28 doeskins,
2118 3916 88 25 tweeds,
2222 3915 129 29 moleskins,
2363 3916 125 28 velveteen,

1899 3939 57 28 pilot
1970 3940 66 28 cloth,
2048 3941 42 21 &c.
2101 3941 48 28 &c,
2165 3942 44 22 and
2224 3942 34 23 his
2271 3943 92 27 charges
2375 3944 47 25 (for
2435 3946 54 20 -cash

1899 3969 58 25 only)
1968 3967 123 22 moderate.

704 691 199 21 Manewatu—
905 691 84 26 cheap
1004 691 77 20 Land
1095 690 42 21 for
1153 691 68 21 Sale.

672 726 50 47 A
738 724 202 23 GENTLEMAN
957 724 84 28 having
1055 724 99 22 selected
1173 724 85 23 several

752 752 96 21 sections
858 752 23 21 in
897 759 43 14 one
955 751 66 22 block
1030 753 23 20 in
1073 751 37 22 the
1128 752 129 22 Manewatu

672 778 97 28 district;
793 779 65 21 offers
875 781 23 18 to
912 778 47 22 real
972 778 133 27 cultivators,
1123 786 91 20 persons
1236 779 25 21 of

672 806 62 21 small
752 806 87 26 capital,
851 806 45 21 and
913 805 37 21 the
967 805 99 27 working
1082 806 87 26 classes,
1182 811 21 16 to
1215 806 43 21 dis-

670 839 52 20 pose
730 833 26 21 of
766 833 38 21 the
814 840 67 18 same,
893 832 23 21 in
928 832 36 21 the
974 832 114 27 following
1097 841 95 13 manner
1199 841 5 14 :
1207 844 29 4 —

698 859 23 22 It
732 860 19 21 is
765 859 110 27 proposed
889 862 22 18 to
929 860 138 26 appropriate
1082 860 68 21 about
1164 863 92 24 twenty-

672 886 41 21 five
724 893 62 15 acres
796 886 34 21 for
841 893 14 14 a
865 889 57 18 town
935 893 27 14 on
972 886 37 21 the
1025 886 71 21 banks
1107 887 25 21 of
1143 886 37 22 the
1192 887 63 25 river,

671 912 67 28 depth
754 914 24 20 of
797 913 38 21 the
851 917 68 17 water
935 912 60 22 three
1016 913 44 21 and
1077 921 13 13 a
1107 913 50 21 half
1168 917 22 18 to
1207 914 50 21 four

670 940 96 21 fathoms
782 940 59 21 close
856 942 23 19 to
896 939 37 22 the
948 939 71 27 shore,
1035 940 25 21 of
1070 940 73 22 which
1159 940 63 22 there
1238 941 19 21 is

670 967 125 26 something
809 966 44 22 less
868 966 54 21 than
935 974 12 13 a
962 967 53 21 mile
1025 967 23 21 in
1063 966 77 28 length
1148 976 5 18 ;
1169 968 37 21 the
1223 975 33 14 re-

671 994 98 20 mainder
780 994 26 20 of
818 994 37 20 the
870 993 54 21 land
941 995 22 19 to
980 994 28 20 be
1025 994 89 22 divided
1130 995 46 21 into
1192 995 63 21 small

670 1020 75 26 farms,
756 1020 26 21 of
793 1020 42 22 five
846 1027 24 14 or
881 1023 38 18 ten
936 1027 61 15 acres
1014 1021 60 27 each,
1086 1028 67 21 every
1162 1021 93 28 purcha-

671 1054 33 14 ser
715 1048 25 20 of
751 1047 43 21 five
805 1054 62 14 acres
877 1051 22 17 to
908 1048 29 20 be
954 1047 90 22 entitled
1061 1051 21 19 to
1094 1056 41 13 one
1146 1049 109 21 sixteenth

671 1074 24 21 of
706 1082 14 14 a
729 1078 59 18 town
799 1081 50 15 acre
861 1074 121 27 GRATIS,
995 1075 44 21 and
1054 1082 24 14 so
1094 1082 28 14 on
1132 1076 24 20 in
1166 1082 90 21 propor-

672 1101 53 21 tion.

698 1128 82 26 Spaces
794 1128 45 22 will
855 1128 27 21 be
898 1128 42 22 left
954 1128 35 22 for
1006 1129 136 21 ornamental
1158 1136 97 20 squares,

671 1154 86 22 market
766 1154 81 27 places,
860 1162 76 21 quays,
946 1155 74 28 places
1029 1156 34 21 for
1071 1156 74 27 public
1155 1156 99 27 worship.

672 1181 73 27 public
757 1181 122 27 buildings,
890 1183 41 21 &c.

698 1208 48 22 The
756 1208 54 22 land
819 1208 19 22 is
848 1209 26 21 of
884 1208 38 22 the
933 1216 53 20 veiy
995 1209 47 22 first
1057 1209 92 28 quality,
1160 1209 98 22 watered

672 1235 29 27 by
710 1235 65 21 small
784 1238 98 24 streams,
895 1235 68 28 finely
970 1236 109 22 timbered
1088 1237 24 21 in
1129 1237 73 26 places
1213 1237 45 21 and

674 1266 57 22 parts
742 1262 89 27 already
841 1262 96 27 cleared,
948 1262 46 22 and
1009 1263 19 21 is
1042 1263 152 28 immediately
1204 1271 54 13 con-

674 1289 87 26 tiguous
776 1293 24 17 to
816 1289 38 22 the
870 1289 57 22 lines
943 1289 25 21 of
986 1289 37 22 the
1039 1290 50 21 best
1102 1290 75 27 public
1192 1291 65 21 roads

673 1315 90 28 leading
773 1319 22 17 to
806 1316 54 21 Port
868 1316 131 22 Nicholson.

701 1343 58 21 Cash
768 1347 125 22 payments,
903 1343 52 22 with
964 1343 37 22 the
1011 1343 117 28 exception
1139 1344 25 21 of
1172 1351 13 14 a
1194 1343 62 23 small

675 1369 90 27 deposit,
777 1369 44 22 will
830 1373 41 18 not
880 1370 27 21 be
921 1371 109 26 required,
1042 1371 40 21 but
1096 1371 110 27 approved
1222 1378 36 14 ac-

675 1399 115 24 ceptances
800 1397 95 27 payable
905 1400 23 18 at
938 1404 12 14 a
959 1397 54 26 long
1022 1398 50 21 date
1089 1406 25 13 or
1195 1405 62 15 secu-

674 1423 59 22 rities
745 1430 24 14 or
785 1423 129 22 LABOUR
928 1423 43 22 will
987 1424 103 22 betaken
1106 1432 23 14 as
1145 1430 120 23 payment.'

675 1449 70 22 There
756 1450 45 22 will
813 1451 26 21 be
850 1458 29 14 no
896 1451 41 21 law
954 1451 90 27 charges
1058 1452 34 21 for
1109 1452 37 21 the
1162 1460 97 19 convey-

675 1484 66 15 ances
759 1477 27 22 of
802 1477 37 21 the
858 1481 111 24 property,
988 1478 127 22 immediate
1133 1479 125 28 possession

675 1503 42 23 will
728 1505 27 21 be
765 1505 65 26 given
847 1508 22 17 to
885 1505 37 21 the
936 1505 119 27 purchaser
1069 1506 45 21 and
1131 1514 81 19 money
1222 1507 37 21 ad-

675 1531 84 21 vanced
769 1532 21 20 if
799 1531 111 27 required.

701 1558 48 22 The
761 1559 126 26 Proprietor
896 1559 87 21 intends
999 1562 22 18 to
1036 1559 71 22 reside
1124 1568 28 14 on
1162 1560 37 22 the
1210 1568 50 19 pro-

675 1589 69 22 perty,
757 1585 44 21 and
811 1586 90 27 pledges
908 1586 92 21 himself
1006 1590 21 18 to
1037 1587 95 28 employ,
1142 1587 118 21 whenever

674 1612 140 27 practicable,
826 1613 51 26 only
889 1613 61 21 those
965 1613 49 22 who
1032 1621 36 15 are
1084 1614 89 22 located
1183 1622 28 14 on
1222 1615 36 21 the

674 1639 57 22 land.

701 1667 142 28 Application
852 1667 44 21 will
911 1667 28 21 be
955 1667 65 22 made
1035 1670 23 19 to
1073 1668 37 22 the
1126 1667 132 28 Legislative

675 1693 92 22 Council
776 1694 34 21 for
820 1702 29 13 an
861 1695 44 21 Act
915 1699 22 16 to
947 1695 97 26 regulate
1055 1695 36 21 the
1102 1695 116 27 township.

701 1721 34 26 By
746 1721 38 21 the
795 1721 70 21 above
882 1726 155 22 arrangement
1047 1722 35 21 the
1094 1730 105 19 expenses
1211 1722 25 21 of
1248 1730 11 13 a

674 1747 73 27 public
757 1747 44 22 sale
812 1748 45 21 will
866 1749 26 20 be
903 1748 100 27 avoided,
1015 1750 43 20 and
1070 1749 37 22 the
1117 1749 54 21 land
1178 1749 44 21 will
1233 1750 26 20 b»

675 1775 103 21 obtained
788 1778 23 18 at
825 1783 14 13 a
855 1775 66 21 lower
937 1778 45 19 rate
1000 1776 51 21 than
1067 1776 38 21 the
1122 1776 87 27 usually
1225 1783 33 14 re-

675 1802 77 21 served
762 1803 59 26 price
831 1805 25 18 at
865 1810 28 13 an
910 1803 95 20 auction.
1035 1803 155 27 Applications
1200 1808 22 16 to
1233 1804 25 20 bf

674 1829 65 21 made
763 1833 24 17 to
809 1829 45 21 Mr.
881 1829 21 21 J.
929 1829 33 21 M.
986 1830 87 27 Taylor,
1098 1830 31 21 Te
1150 1831 53 26 Aro,
1230 1831 23 26 ty

675 1856 71 21 whom
755 1856 87 21 further
851 1857 129 26 particulars
991 1857 43 20 will
1045 1857 25 21 be
1081 1857 121 22 furnished.

727 1902 61 20 Sale
804 1902 29 20 of
846 1902 101 20 Leases
962 1902 30 21 of
1005 1903 86 20 Town
1105 1903 98 21 Lands.

675 1936 160 48 MESSRS.
852 1936 94 26 HORT,
962 1937 157 27 MOCATTA,
1131 1938 68 21 AND
1213 1939 36 20 CO

764 1963 57 21 have
837 1963 103 22 received
956 1964 140 21 instructions
1109 1968 22 17 to
1147 1969 40 23 put
1197 1973 30 19 up
1237 1969 17 18 ti

672 1989 75 26 public
758 1990 97 25 auction,
866 1989 37 22 the
919 1990 111 27 following
1045 1991 101 21 valuable
1157 1992 70 21 leases
1233 1996 15 20 f
1256 2004 9 13 s

672 2017 67 19 Tu'.vu
756 2017 83 25 Land.-,,
851 2017 23 20 iv
889 2017 126 21 allol.iibiitt,
1032 2022 21 16 to
1065 2018 42 20 t>u'il
1121 2019 144 25 puicLiuseft,.'

672 2042 45 21 The
729 2042 44 22 sale
785 2043 44 21 will
846 2043 51 21 take
912 2043 63 27 place
990 2048 23 17 at
1027 2044 36 21 the
1082 2044 128 28 Exchange,
1227 2046 31 21 Te

675 2069 51 26 Aro,
743 2069 23 21 in
787 2070 36 21 the
840 2077 78 14 course
937 2070 25 21 of
978 2078 13 14 a
1006 2071 42 21 few
1065 2071 61 26 days,
1146 2072 25 21 of
1188 2073 70 21 which

672 2096 42 22 due
725 2097 74 21 notice
810 2097 45 22 will
863 2097 27 22 be
900 2097 74 27 given.
1004 2099 21 20 A
1039 2098 68 21 lunch
1117 2098 44 21 will
1171 2099 27 21 be
1209 2107 50 20 pro-

930 2124 73 22 vided.

872 2151 42 22 AT
928 2151 38 22 TE
981 2152 72 26 ARO,

672 2177 52 22 Two
739 2178 159 21 Allotments
917 2185 28 14 on
964 2179 87 21 Section
1068 2182 48 24 209,
1137 2180 79 23 situate
1236 2182 22 21 in

673 2204 116 22 Manners
814 2206 94 25 Street,
929 2206 99 26 frontage
1048 2210 21 17 to
1088 2207 55 22 each
1161 2210 28 19 33
1205 2209 51 27 feet,

672 2231 66 27 depth
748 2234 26 19 80
785 2232 50 25 feet,
845 2232 117 27 adjoining
971 2233 37 21 the
1017 2234 105 26 premises
1133 2234 25 21 of
1165 2235 91 22 Messrs.

672 2257 130 27 Ridgways,
821 2259 105 27 Guyton,
943 2260 44 21 and
1002 2260 70 27 Earp,
1086 2261 45 21 and
1146 2262 84 27 having
1244 2271 13 13 a

671 2285 58 27 right
739 2286 25 21 of
776 2293 49 19 way
836 2290 22 17 to
869 2286 37 21 the
922 2287 77 21 beach.
1028 2288 71 21 These
1109 2288 45 22 will
1169 2289 28 22 be
1208 2290 48 22 sold

672 2319 27 14 on
713 2312 37 22 the
768 2313 114 21 condition
893 2313 26 21 of
931 2314 61 21 brick
1003 2314 112 28 buildings
1129 2316 52 27 only
1191 2316 65 28 being

671 2340 93 21 erected.
804 2340 73 26 Term,
895 2341 126 21 remainder
1040 2342 25 21 of
1082 2349 12 14 a
1110 2342 59 22 lease
1189 2344 24 21 of
1230 2346 26 20 14

755 2374 70 20 years,
839 2369 38 23 12i
888 2375 64 19 years
961 2368 66 27 being
1036 2370 131 26 unexpired.

670 2393 38 22 Six
730 2394 158 22 Allotments
905 2402 29 13 on
954 2396 87 21 Section
1061 2398 45 25 120,
1128 2397 128 22 Ingestre-

670 2428 91 20 street,
773 2424 56 19 term
846 2423 26 20 14
881 2429 71 19 years.
990 2423 22 21 A
1020 2427 80 18 stream
1112 2424 24 21 of
1145 2425 111 21 excellent

768 2451 66 18 water
844 2456 52 14 runs
905 2449 96 27 through
1012 2450 41 21 this
1063 2451 91 21 section.

669 2474 76 22 Eight
760 2476 158 21 Allotments
934 2483 28 14 on
977 2478 86 20 Section
1081 2479 45 25 164,
1139 2479 117 21 Dickson-

670 2509 91 15 street.
800 2503 74 26 Term,
889 2503 126 22 remainder
1034 2504 25 21 of
1071 2512 14 14 a
1101 2505 58 21 lease
1179 2506 34 21 for
1231 2508 25 20 10

798 2537 72 19 years,
882 2532 25 19 8i
920 2538 63 19 years
993 2532 130 26 unexpired.

771 2563 216 23 WELLINGTON
1001 2565 152 23 TERRACE.

670 2589 76 23 Eight
764 2591 160 22 Allotments
945 2599 28 14 on
993 2592 86 22 Section
1096 2594 47 22 187.
1181 2594 74 23 Term.

813 2619 27 20 14
848 2625 71 20 years,
932 2620 24 20 12
959 2620 9 19 J
979 2620 130 26 unexpired.

669 2643 76 22 Eight
762 2645 159 22 Allotments
941 2653 28 14 on
990 2647 87 22 Section
1095 2648 48 21 455.
1181 2648 74 28 Term,

904 2672 39 22 the
952 2680 68 15 same.

669 2697 76 22 Eight
766 2699 160 22 Allotments
946 2707 28 14 on
990 2701 89 22 Section
1094 2702 49 21 461.
1181 2703 74 27 Term,

910 2728 27 20 14
945 2734 71 20 years.

668 2751 47 22 The
726 2755 42 18 two
776 2752 45 22 last
832 2752 59 23 have
901 2761 30 14 an
942 2754 111 23 excellent
1062 2759 81 18 stream
1154 2756 26 22 of
1190 2760 68 19 water

818 2780 96 26 running
929 2781 96 27 through
1038 2782 67 22 them.

792 2806 203 24 HAWKSTONE
1010 2810 123 22 STREET.

670 2832 75 22 Eight
760 2834 158 22 Allotments
940 2843 28 14 on
988 2836 89 22 Section
1095 2838 48 26 557,
1160 2838 98 27 opposite

732 2860 37 21 the
780 2861 116 22 residence
905 2862 27 21 of
940 2862 79 28 Henry
1030 2864 30 21 St.
1072 2864 55 28 Hill,
1139 2865 53 27 Esq.

671 2892 159 29 WALLACE,
853 2895 139 26 WRIGHT,
1011 2904 45 14 and
1077 2898 180 23 HARGRAVE

894 2922 139 29 STREETS,

724 2947 88 22 Section
826 2948 48 27 697,
884 2949 98 27 fronting
995 2950 206 25 Wright-street.

724 2975 89 21 Section
826 2977 48 25 698,
886 2976 95 27 fronting
995 2977 206 24 Wright-street.

670 3001 89 22 Section
778 3004 46 26 699,
844 3003 54 21 with
913 3003 112 28 frontages
1044 3008 22 19 to
1086 3005 29 22 all
1135 3006 36 22 the
1187 3008 69 21 above

920 3033 85 19 streets.

719 3055 90 23 Section
819 3056 47 27 714,
877 3057 97 28 fronting
983 3058 221 25 Wallace-street.

715 3083 90 22 Section
817 3084 46 25 722,
874 3084 99 28 fronting
983 3085 122 23 Wallace-
1112 3095 91 15 street.

668 3109 47 23 The
726 3110 69 22 above
807 3118 37 14 are
855 3111 34 22 for
904 3112 13 22 7
932 3120 70 19 years,
1013 3114 26 25 5§
1051 3114 25 20 of
1086 3114 72 23 which
1169 3123 37 14 are
1215 3123 41 14 un-

670 3137 90 27 expired
766 3146 5 19 ;
788 3138 37 22 the
835 3142 88 23 greater
933 3142 49 24 part
991 3139 57 22 have
1057 3140 57 23 been
1125 3142 128 28 cultivated,

669 3164 43 22 and
724 3165 60 21 there
800 3165 20 21 is
834 3173 29 14 an
875 3166 110 23 excellent
994 3173 81 16 stream
1086 3169 26 20 of
1124 3173 69 18 water
1204 3178 52 14 run-

668 3191 54 26 ning
731 3191 95 28 through
836 3193 69 21 them.
936 3193 46 22 The
995 3194 70 22 leases
1075 3195 44 22 will
1131 3196 28 22 be
1171 3197 47 22 sold
1231 3198 24 21 in

668 3217 49 22 half
733 3226 50 15 acre
803 3227 25 14 or
844 3223 91 21 quarter
952 3229 49 14 acre
1021 3221 131 29 allotments,
1173 3227 22 18 to
1213 3225 43 21 suit

668 3245 136 28 purchasers,
813 3246 44 22 and
865 3250 91 24 present
964 3255 29 15 an
999 3249 110 23 excellent
1117 3252 139 27 opportunity

668 3274 23 19 to
708 3272 128 23 mechanics
855 3274 44 21 and
917 3274 112 23 labourers
1048 3277 26 22 of
1093 3279 85 26 getting
1198 3280 57 26 good

907 3302 104 26 gardens.

795 3333 163 23 ORIENTAL
973 3335 152 24 TERRACE.

669 3358 86 23 Section
765 3360 42 21 406
814 3367 6 20 ;
837 3360 44 21 this
890 3361 65 21 abuts
969 3369 29 15 on
1013 3364 36 21 the
1068 3372 65 14 town
1154 3373 101 15 reserve

667 3386 70 22 under
754 3386 82 22 Mount
852 3387 141 28 Wellington,
1005 3390 43 22 and
1058 3391 73 22 would
1147 3393 65 22 make
1227 3401 28 14 an

668 3413 110 21 excellent
801 3421 97 14 station
922 3422 44 15 for
988 3423 72 16 sheep
1088 3426 45 14 and
1160 3427 94 15 cattle.

867 3441 74 27 Term,
953 3444 26 20 14
992 3450 70 20 years.

820 3476 166 23 ADELAIDE
1007 3478 95 24 ROAD.

668 3502 86 22 Section
764 3504 54 21 1023
825 3511 5 19 ;
848 3502 116 29 adjoining
974 3504 36 22 the
1020 3507 112 23 residence
1143 3509 26 21 of
1178 3509 77 22 James

668 3529 66 27 Watt,
753 3530 61 27 Esq.,
835 3529 125 29 admirably
975 3532 95 28 adapted
1085 3535 34 21 for
1135 3543 13 14 a
1167 3544 86 14 cattle

788 3565 105 14 station.
933 3558 73 28 Term,
1018 3561 26 20 14
1057 3568 71 18 years.

838 3584 120 23 WADE'S
979 3586 101 24 TOWN.

680 3611 48 22 One
737 3610 51 23 half
795 3619 57 19 acre,
862 3612 80 21 situate
951 3612 23 22 in
985 3621 41 14 one
1034 3614 25 21 of
1065 3615 38 22 the
1113 3616 48 22 best
1170 3621 68 24 parts.

856 3646 101 23 RIVER
971 3648 91 23 HUTT.

665 3673 56 22 Five
734 3673 87 28 Acres,
835 3681 56 14 near
905 3673 38 22 the
954 3675 106 23 Village
1075 3685 27 14 of
1116 3678 136 28 Richmond,

664 3701 24 21 in
703 3701 37 22 the
755 3700 73 28 valley
838 3701 27 22 of
871 3701 36 21 the
922 3701 76 28 Hutt,
1009 3703 52 22 with
1067 3708 69 19 water
1145 3706 106 28 frontage.

691 3734 43 22 For
749 3734 45 22 sale
811 3735 31 27 by
849 3735 87 28 private
951 3739 98 19 contract
1063 3738 34 22 for
1111 3746 46 21 any
1173 3739 25 23 of
1215 3741 38 21 the

727 3762 77 27 above,
816 3762 66 28 apply
893 3765 23 19 to
926 3763 37 22 the
973 3763 144 30 Auctioneer,
1128 3774 26 14 or
1162 3770 22 18 to

732 3795 91 23 Messrs.
838 3796 133 29 Ridciways,
987 3798 107 27 Guyton,
1109 3795 109 30 &E\akp,
1229 3807 25 15 or
1262 3793 4 29 I

732 3822 36 22 W.
783 3823 29 22 V.
828 3823 109 27 Brewer,
952 3824 55 24 Esq.
1087 3814 7 15 '
1155 3815 63 39 gS,,J

891 3868 54 21 For
957 3869 70 20 Sale.

663 3900 148 48 WRITS,
827 3899 47 23 and
887 3901 25 21 in
921 3906 15 16 a
949 3901 43 22 few
1008 3901 60 27 days,
1081 3901 29 22 all
1125 3902 37 23 the
1173 3903 77 23 Forms

759 3926 106 27 required
880 3927 29 26 by
919 3927 37 21 the
971 3927 70 28 Legal
1055 3929 134 29 Profession,
1205 3930 55 28 •wiU;

663 3953 27 21 be
701 3953 33 21 for
745 3953 44 21 sale
800 3955 23 19 at
832 3953 38 22 the
881 3953 71 23 Office
962 3953 27 24 of
994 3955 38 22 the
1044 3956 91 22 Gazette.
1250 3956 11 23 ft

999 3988 4 6 *
1158 3990 3 4 •
1249 3989 3 10 t
