2540 4029
1928 3407 40 17 The
1979 3406 48 16 New
2038 3406 98 16 Zealand
2148 3405 92 16 Gazette
2246 3405 37 16 and
2294 3405 138 19 Wellington
2444 3408 57 16 Spec-

1908 3431 65 14 tator,
1977 3427 16 16 is
1999 3426 99 21 published
2104 3429 54 17 every
2164 3426 114 21 Wednesday
2281 3440 3 5 ,
2288 3426 38 17 and
2337 3428 96 21 Saturday.
2455 3429 45 16 Sub-

1905 3448 64 21 joined
1975 3452 30 12 are
2011 3448 33 16 the
2050 3448 65 16 terms:
2116 3455 23 4 —
2153 3454 3 6 <
2184 3454 5 2 -
2261 3459 3 5 ,
2327 3454 1 7 r
2340 3452 2 9 i

1929 3470 63 16 Price
1999 3473 25 12 of
2030 3468 49 17 the'
2079 3468 75 17 Paper.
2154 3475 22 4 —
2176 3467 55 20 Forty
2236 3467 86 21 shillings
2327 3473 33 17 per
2370 3474 78 16 annum,
2459 3475 43 17 pay-

1908 3491 41 17 able
1954 3490 20 16 in
1980 3489 80 17 advance
2065 3494 5 14 ;
2081 3493 21 12 or
2108 3492 34 12 one
2150 3488 76 21 shilling
2231 3488 28 17 for
2265 3489 60 20 single
2332 3491 94 17 numbers.

1929 3512 190 16 Advertisements.
2119 3518 21 3 —
2141 3509 33 16 Six
2183 3509 48 18 lines
2241 3510 38 16 and
2288 3510 69 21 under,'
2363 3513 27 15 3s.
2398 3512 31 16 6d.
2435 3512 28 17 for
2469 3511 31 17 the

1909 3532 40 17 first
1958 3531 94 20 insertion,
2064 3530 38 17 and
2112 3534 35 12 one
2157 3530 76 22 shilling
2238 3531 28 16 for
2273 3531 46 17 each
2325 3533 113 20 subsequent
2443 3533 58 17 inser-

1909 3553 48 19 tion;
1969 3552 47 17 from
2022 3553 30 16 six
2058 3553 20 15 to
2085 3553 31 14 ten
2123 3551 54 19 lines,
2184 3551 35 17 five
2227 3551 86 21 shillings
2323 3553 29 17 for
2361 3554 32 16 the
2405 3554 45 20 first;
2462 3553 36 17 and

1909 3578 35 12 one
1954 3572 76 21 shilling
2039 3573 37 16 and
2087 3572 87 21 sixpence
2184 3572 28 17 for
2222 3573 45 16 each
2278 3574 112 21 subsequent
2400 3574 100 19 insertion;

1909 3595 57 16 above
1976 3595 31 15 ten
2017 3593 54 19 lines,
2082 3593 37 16 five
2129 3592 85 22 shillings
2224 3594 29 16 for
2262 3594 33 16 the
2306 3594 40 17 first
2356 3596 31 16 ten
2397 3595 57 20 lines,
2464 3595 36 17 and

1910 3616 96 19 fourpence
2012 3618 33 16 per
2050 3614 39 16 line
2095 3614 29 16 for
2130 3614 32 16 the
2169 3618 64 13 excess
2239 3615 20 16 of
2267 3615 45 16 that
2315 3617 78 16 number
2396 3621 5 15 ;
2413 3617 39 16 and
2458 3617 42 16 two-

1910 3640 57 17 pence
1973 3640 32 16 per
2010 3635 38 16 line
2054 3635 29 16 for
2089 3635 46 16 each.
2138 3635 116 20 'subsequent
2258 3635 96 18 insertion.

1932 3655 156 19 Advertisements
2095 3655 38 17 will
2139 3657 33 15 not
2177 3661 66 16 appear
2254 3656 20 17 in
2285 3657 31 16 the
2327 3657 85 21 ensuing-
2417 3658 85 20 number,

1911 3678 17 16 if
1936 3676 82 18 received
2025 3676 47 17 later
2078 3677 45 16 than
2135 3678 21 15 10
2162 3676 73 21 o'clock,
2243 3682 49 15 a.m.,
2300 3682 24 13 on
2331 3678 30 17 the
2368 3678 94 21 mornings
2471 3679 29 16 be-

1911 3699 38 16 fore
1962 3697 119 21 publication.
2103 3697 157 18 Advertisements
2267 3698 54 17 'will"
2324 3699 22 17 be
2356 3699 100 17 continued
2463 3699 35 17 and

1911 3719 77 20 charged
1998 3718 50 17 until
2057 3719 167 20 counter-ordered;
2236 3720 47 16 such
2289 3720 56 17 order.
2348 3721 50 16 must
2405 3720 23 17 be
2434 3722 42 15 sent
2481 3722 19 14 to

1911 3741 33 16 the
1952 3740 56 16 Office
2019 3741 36 15 two
2074 3740 46 21 days
2137 3740 61 16 before
2209 3740 119 21 publication,
2339 3740 40 18 and'
2382 3742 56 16 mast
2445 3742 24 16 be
2479 3741 20 16 in

1911 3761 79 20 writing.
2014 3760 158 17 Advertisements
2186 3762 81 16 received
2286 3761 53 21 after
2353 3762 24 17 10
2383 3761 9 18 '
2392 3761 70 18 o'clock
2476 3765 23 13 on

1912 3781 83 21 Tuesday
2008 3782 38 16 and
2055 3781 67 22 Friday
2132 3782 95 21 mornings
2238 3780 38 19 will
2286 3782 23 16 be
2320 3781 78 22 charged
2408 3782 53 18 twice
2469 3782 30 16 the

1912 3802 55 17 usual
1972 3803 53 16 rates.

1933 3823 33 17 All
1971 3823 67 20 orders,
2048 3823 160 20 advertisements,
2219 3824 36 16 and
2265 3824 167 17 communications
2441 3825 21 15 to
2472 3823 30 17 the

1912 3843 70 20 Editor,
1989 3848 30 12 are
2026 3844 98 21 requested
2129 3846 20 15 to
2156 3845 21 16 be
2184 3845 99 16 addressed
2288 3846 19 14 to
2313 3844 38 17 this
2358 3845 64 16 Office.

1915 3889 74 19 Printed
2003 3890 37 16 and
2052 3890 100 21 published
2163 3892 59 18 'every
2238 3889 115 22 Wednesday
2368 3890 38 16 and
2416 3890 87 20 Saturday

1936 3910 90 21 morning,
2041 3911 22 20 by
2083 3911 85 16 Samuel
2181 3911 90 18 Revans,
2287 3913 20 14 at
2322 3911 31 16 the
2368 3911 57 16 Office
2440 3911 21 17 of
2471 3913 31 14 tne

1937 3932 47 18 New
1998 3931 101 18 Zealand
2109 3932 93 17 Gazette
2212 3936 43 13 and
2267 3931 137 18 Wellington
2403 3936 3 2 1
2422 3932 81 17 Specta-

1937 3957 43 15 tor,
1991 3951 159 21 M&nnen-»tre«t,
2158 3952 116 22 Wellington,
2285 3952 45 17 Port
2341 3952 114 20 Xiohelson,.
2460 3952 43 18 Ntw

1937 3973 86 19 Ztaland.

34 136 96 25 Russell,
140 136 41 22 but
190 135 71 22 under
271 135 37 22 the
323 132 119 24 Auckland
460 132 161 22 Government,

34 165 18 20 it
60 169 44 16 was
114 163 60 22 clear
181 162 30 22 lie
223 169 44 14 was
276 162 74 26 acting
359 160 71 22 under
447 159 37 22 the
497 166 45 14 one
552 165 24 14 or
585 157 37 21 the

35 190 68 22 other.
141 189 23 22 It
177 195 46 16 was
237 188 81 21 almost
332 187 89 28 equally
431 185 85 22 certain
526 184 56 26 that,
594 185 28 20 he

34 216 67 23 could
111 218 41 19 not
159 215 29 22 be
197 216 77 26 acting
282 214 72 23 under
367 213 65 22 those
445 213 25 21 of
486 211 62 23 Lord
562 210 60 22 John

34 242 88 23 Resell
137 242 66 26 since,
223 242 59 21 from
295 242 36 21 the
342 239 113 23 excellent
464 239 45 21 and
519 236 104 24 concilia-

34 274 50 23 tory
99 269 62 27 spirit
174 268 97 28 adopted
286 268 32 27 by
331 268 50 21 that
395 265 122 23 nobleman
529 263 94 23 towards

35 296 38 22 the
83 296 57 21 New
149 295 100 22 Zealand
260 296 114 25 Company
383 291 47 24 and!
439 293 37 21 the
486 291 97 26 settlers;
594 289 28 22 he

34 322 75 23 would
119 329 68 15 never
194 322 59 22 have
263 319 131 24 sanctioned'
399 319 38 22 the
448 318 121 25 vexatious,
578 317 45 21 and

34 348 174 29 procrastinated
220 349 101 26 enquiry,
330 347 74 22 which
409 353 45 15 was
461 352 50 15 now
517 343 105 28 pending.

38 376 59 22 Lord
109 376 60 21 John
181 375 89 22 Russell
279 381 45 16 was
333 377 38 18 too
380 372 95 23 finished
482 379 14 14 a
503 374 120 19 statesman

35 406 23 19 to
68 402 98 28 imagine
174 402 56 27 that,
247 403 35 20 the
295 402 43 20 lest
353 407 47 20 way
415 400 28 25 of
451 400 85 26 placing
552 404 14 14 a
580 404 43 14 new

35 431 72 25 colony
126 435 26 14 on
168 436 12 13 a
188 430 56 26 firm
260 430 54 20 basis
327 434 43 15 was
380 429 61 24 first,
459 427 23 25 if
487 426 97 27 possible,
604 427 20 19 to

35 457 124 25 accomplish
168 458 28 19 its
204 458 57 21 ruin.
289 456 54 21 This
353 454 94 22 sublime
455 454 114 25 discovery
580 460 44 14 was

33 484 105 22 reserved
147 483 33 22 for
188 483 39 22 the
240 484 153 21 Government
402 484 23 18 at
439 479 126 26 Auckland,
581 479 44 22 and

34 511 45 22 like
98 510 31 21 all
147 510 64 21 other
229 512 64 25 great
310 508 134 27 inventions,
460 507 73 22 would
548 506 78 22 doubt-

34 537 49 27 less,
101 537 25 21 in
138 536 56 22 New
215 536 100 22 Zealand
338 538 23 18 at
385 534 63 28 least,
466 534 83 22 render
568 533 59 22 their

37 570 103 20 memory
146 563 121 22 immortal.
300 562 37 21 He
352 569 43 14 was
405 568 68 21 sorry,
482 561 111 26 however,
604 562 22 20 to

36 597 37 14 see
83 590 49 21 that
141 597 28 14 an
179 589 162 22 unfavourable
350 588 129 28 impression
489 595 46 14 was
544 587 83 22 abroad

37 616 53 23 with
106 616 81 27 regard
196 620 24 17 to
237 616 47 23 Mr,
295 616 74 26 Spain.
408 615 23 22 It
444 622 45 15 was
503 614 37 22 his
555 613 70 26 office,

39 643 44 22 and
92 647 41 18 not
143 643 94 27 himself,
250 642 72 22 which
336 649 46 15 was
395 641 129 22 obnoxious.
560 641 65 21 From

35 670 35 21 his
79 669 103 28 personal
190 669 132 27 knowledge
331 669 26 22 of
368 669 46 22 Mr.
432 668 74 27 Spain,
521 667 29 22 He
560 667 66 22 could

35 704 40 20 say
94 696 54 27 that,
166 696 28 22 he
216 703 46 15 was
277 703 30 15 an
321 695 136 22 honourable
475 693 45 23 and
538 693 89 29 upright

35 730 60 20 man,
115 723 116 27 respected
251 724 31 26 by
300 722 29 22 all
343 722 51 22 who
409 722 66 21 knew
493 721 55 26 him,
568 717 55 30 who,

37 750 65 22 could
110 750 37 21 the
159 750 101 27 enquiry,
272 757 23 14 as
306 749 117 27 originally
429 747 111 22 intended
548 748 30 27 by
588 747 37 22 the

37 776 74 23 Home
122 777 160 27 Government,
298 776 58 21 have
369 776 59 21 been
443 774 43 22 left
499 776 23 20 to
533 773 33 23 his
577 781 48 15 own

37 804 70 21 sound
118 811 103 14 common
230 810 71 19 sense,
318 802 74 22 would
401 801 59 22 have
468 801 99 27 pursued
576 801 18 21 it
602 801 24 21 in

37 838 14 13 a
60 830 33 22 far
108 830 103 22 different
226 830 63 27 spirit
298 834 23 17 to
330 829 56 26 that,
403 827 72 23 which
484 828 30 21 he
523 835 45 14 was
577 835 50 14 now

38 857 125 28 compelled
182 860 20 18 to
222 857 75 26 adopt,
317 856 75 21 Avhilst
405 855 74 26 acting
498 854 73 22 under
590 855 37 21 the

37 884 75 21 orders
119 884 26 21 of
156 884 93 27 Captain
265 882 103 23 Hobson.
406 883 52 26 But,
477 881 19 21 it
510 881 66 22 could
585 884 41 18 not

35 909 28 23 be
83 910 99 22 endured
197 910 30 28 by
239 910 38 21 the
293 909 66 22 latter
378 909 128 27 gentleman
522 908 55 27 that,
598 915 29 14 an

37 937 146 27 enterprising
192 937 82 27 colony
284 936 26 22 of
321 943 67 15 seven
400 943 26 14 or
440 935 62 27 eight
518 935 110 22 thousand

35 964 80 27 people
132 963 81 22 should
230 971 96 20 prosper,
350 963 47 21 and
415 963 90 21 Messrs.
528 962 98 27 Godfrey

39 991 44 21 and
109 990 137 27 Richmond,-
269 989 184 22 Commissioners
472 989 26 21 of
521 989 35 21 his
579 996 48 14 own

40 1017 103 27 creation,
168 1017 27 22 be
216 1016 106 28 deprived
342 1016 26 22 of
387 1016 59 21 their
467 1015 90 28 offices;
582 1015 45 22 Mr.

41 1044 74 26 Spain,
136 1044 121 26 therefore,,
275 1043 110 28 appeared
402 1046 23 17 to
442 1042 59 21 have
519 1043 57 20 been
594 1042 34 21 in-

40 1070 127 28 corporated
178 1070 53 23 with
241 1070 69 27 them,
320 1069 87 22 instead
418 1069 27 22 of
455 1069 68 27 being
538 1069 90 27 permit-

39 1098 38 21 ted
94 1100 24 18 to
133 1100 36 19 act
186 1105 60 21 upon
262 1097 36 22 his
317 1104 49 14 own
382 1096 141 27 judgement,
544 1103 24 14 as
583 1102 45 15 was

39 1124 113 25 do.ubtless
171 1124 37 22 the
223 1124 110 21 intention
350 1123 26 22 of
394 1123 40 22 her
448 1123 117 26 Majesty's
582 1123 46 21 Go-

40 1154 126 19 vernment.

67 1178 46 21 But
127 1178 38 21 the
178 1180 58 19 most
253 1177 169 27 extraordinary
431 1175 65 28 thing
505 1176 28 21 of
546 1176 29 21 all
584 1183 44 14 was

40 1204 48 21 that
97 1204 38 22 the
144 1204 57 22 local
213 1204 160 25 Government,
385 1203 78 22 should
474 1203 28 21 do
513 1210 44 20 any
566 1203 63 27 thing

39 1234 22 18 to
75 1231 73 26 injure
165 1231 37 22 the
212 1231 124 28 prosperity
346 1230 26 21 of
381 1230 54 21 Port
444 1230 129 26 Nicholson,
591 1230 37 21 the

39 1258 91 21 wonder
139 1264 44 15 was
193 1257 48 22 that
251 1258 54 26 they
315 1257 39 22 did
366 1260 40 19 not
416 1257 28 21 do
455 1264 66 20 every
532 1257 63 26 thing
605 1257 23 21 in

39 1284 58 22 their
106 1292 74 20 power
188 1288 23 18 to
224 1288 100 24 promote
333 1284 32 21 its
375 1284 95 26 welfare,
482 1283 46 22 and
538 1283 47 22 that
594 1283 35 22 for

41 1319 12 14 a
62 1319 55 19 very
125 1312 92 27 striking
226 1319 85 19 reason,
322 1310 73 23 which
401 1310 115 27 generally
522 1310 106 27 operated

41 1338 130 28 powerfully
175 1338 54 22 both
235 1338 53 22 with
300 1341 66 19 states
376 1337 44 22 and
430 1337 142 26 individuals,
579 1338 36 20 viz
621 1345 5 14 :

40 1375 24 5 —
68 1365 49 21 that
133 1365 57 27 they
201 1372 57 15 were
275 1366 63 25 living
347 1371 55 20 upon
416 1365 25 20 it.
470 1364 52 27 Yes,
537 1363 92 28 nothing

41 1392 66 21 could
114 1392 27 21 be
150 1399 61 14 more
221 1395 48 18 true
279 1392 54 21 than
342 1392 51 21 that
401 1392 37 21 the
447 1391 154 21 Government
607 1394 22 18 at

41 1418 122 22 Auckland
172 1426 57 15 were
244 1420 111 25 subsisting
365 1425 56 20 upon
435 1418 35 21 the
476 1418 57 21 Port
541 1418 87 21 Nichol-

41 1453 36 13 son
86 1452 92 15 revenue.
203 1445 38 22 He
249 1446 56 26 (Mr.
313 1447 68 27 Earp)
389 1445 45 22 had
440 1446 18 21 it
464 1445 59 22 from
531 1452 14 14 a
552 1452 76 15 source

41 1480 59 20 upon
112 1472 71 23 which
192 1472 29 22 he
233 1473 66 22 could
309 1473 62 27 place
385 1473 38 21 the
432 1475 84 18 utmost
524 1472 103 26 reliance,

41 1500 47 21 that
98 1499 38 22 the
146 1499 168 22 Sub-Collector
323 1500 24 21 of
360 1500 103 21 Customs
471 1498 47 21 had
528 1498 101 22 acknow-

41 1526 80 27 ledged
131 1530 23 17 to
169 1526 54 25 him,
241 1526 50 21 that
305 1526 37 22 the
357 1526 44 21 last
418 1528 99 24 quarters
531 1533 96 14 revenue

40 1554 57 21 from
104 1554 102 21 Customs
213 1553 71 22 duties
290 1554 65 21 alone
361 1560 45 15 was
412 1553 84 26 £4,500
503 1559 25 14 or
533 1552 97 26 £18,000

42 1587 40 21 per
91 1587 91 19 annum,
194 1587 41 14 nor
245 1580 66 22 could
320 1580 18 21 it
345 1580 30 22 be
383 1580 51 26 less,
453 1579 19 21 if
486 1578 55 28 they
549 1578 80 22 looked

42 1610 23 18 at
74 1606 38 22 the
122 1606 102 32 shipping
232 1607 38 22 list
279 1607 26 21 of
313 1607 58 22 their
381 1606 102 26 harbour,
495 1605 54 28 they
557 1606 73 21 would

42 1633 47 22 find
99 1633 49 22 that
157 1640 24 15 in
187 1636 44 19 two
240 1641 65 20 years
315 1634 57 21 from
379 1633 38 22 the
424 1633 48 21 first
479 1632 120 22 formation
608 1633 26 21 of

42 1660 37 22 the
89 1660 92 28 Colony,
199 1664 41 18 not
249 1661 44 22 less
308 1660 53 22 than
375 1661 56 25 four
447 1660 95 21 hundred
550 1660 80 22 vessels

41 1687 45 22 had
98 1686 81 23 visited
187 1686 38 23 the
234 1691 57 25 port,
308 1695 14 14 a
330 1688 105 27 quantity
444 1686 74 23 which
528 1694 29 14 no
568 1686 62 22 other

44 1714 85 26 Colony
138 1714 24 21 in
171 1714 37 21 the
218 1714 70 22 world
299 1714 65 22 could
373 1715 66 21 boast
448 1713 25 22 of
479 1714 24 21 in
512 1721 25 14 so
547 1713 61 22 short
617 1721 14 14 a

43 1740 76 28 period
139 1741 25 21 of
181 1741 28 21 its
227 1741 48 22 first
292 1741 118 22 existence.
453 1740 87 23 Nelson
558 1740 72 22 would

42 1767 87 22 furnish
143 1768 89 26 £4,000,
250 1775 60 15 more
325 1771 23 18 at
364 1768 37 22 the
415 1768 62 22 least.
507 1768 57 21 New
579 1767 53 28 Ply-

41 1794 79 22 mouth
134 1794 72 21 would
221 1795 87 22 furnish
323 1796 81 26 £1000,
423 1794 46 23 and
483 1794 39 22 the
537 1794 94 22 licences

42 1821 45 22 and
98 1821 64 22 other
168 1829 89 14 sources
266 1822 25 21 of
298 1829 97 15 revenue
404 1822 59 22 from
472 1821 31 22 all
512 1821 38 22 the
557 1821 75 22 settle-

42 1852 73 18 ments
125 1848 23 21 in
160 1848 80 22 Cook's
250 1849 86 27 Straits,
352 1849 66 22 could
433 1852 40 18 not
481 1848 29 21 be
524 1848 44 22 less
578 1848 52 21 than

43 1876 81 26 £3000,
141 1874 93 28 making
249 1883 15 14 a
279 1883 48 14 sum
338 1876 26 21 of
380 1876 97 26 £26,000
493 1883 40 19 per
549 1882 82 15 annum

44 1902 90 22 derived
143 1902 56 21 from
215 1902 38 22 the
264 1902 56 23 New
333 1902 101 23 Zealand
445 1902 135 28 Company's
590 1905 42 18 set-

43 1929 105 22 tlements
155 1928 73 23 alone.
253 1929 69 22 What
329 1930 47 21 had
383 1930 39 21 the
431 1929 153 22 Government
594 1936 38 15 ex-

42 1956 89 28 pended
144 1956 24 21 in
179 1955 62 23 these
257 1957 138 22 settlements
408 1957 26 22 in
442 1955 76 29 public
528 1956 71 21 works
609 1963 24 14 or

41 1983 189 27 improvements?
230 1994 29 5 —
260 1983 47 22 Not
316 1991 39 14 one
370 1983 102 27 shilling!
474 1994 29 4 —
503 1983 48 22 The
561 1982 71 23 whole

46 2010 102 22 Customs
155 2017 98 15 revenue
263 2010 26 22 of
295 2010 276 26 Aucklan&togetherwith
578 2011 56 20 their

44 2038 49 19 land
102 2038 54 19 sales
164 2036 34 22 for
215 2038 38 21 the
267 2040 88 24 present
368 2045 62 19 year,
446 2037 74 22 would
530 2040 40 18 not
583 2044 50 20 pro-

44 2064 56 22 duce
110 2071 45 21 any
164 2063 64 29 thing
240 2064 47 22 like
298 2064 43 21 this
355 2071 56 14 sum.
441 2063 79 23 Surely
531 2064 37 21 the
576 2063 58 22 least

43 2091 53 27 they
107 2090 67 23 could
190 2090 29 23 do
233 2090 74 23 would
320 2091 28 21 be
362 2093 23 19 to
399 2093 37 20 eat
450 2097 39 16 out
503 2090 70 23 bread
588 2090 45 22 and

43 2118 78 21 cheese
140 2118 46 21 and
199 2118 29 22 be
245 2117 111 22 thankful.
387 2117 22 22 It
425 2125 44 14 was
483 2124 15 15 a
512 2125 62 20 sorry
589 2118 44 27 dog

42 2145 47 21 that
98 2144 73 22 would
179 2144 46 22 bite
235 2144 39 22 the
283 2144 62 22 hand
354 2144 73 22 which
437 2144 63 22 feeds
508 2144 26 22 it.

72 2172 27 21 In
121 2171 135 27 conclusion,
279 2170 30 23 he
328 2171 74 22 would
427 2171 144 22 recommend
595 2170 37 23 the

42 2198 99 27 meeting
150 2201 23 18 to
187 2205 62 21 press
267 2198 38 22 the
322 2198 75 21 Home
414 2198 153 22 Government
576 2198 35 21 for
620 2205 14 14 a

44 2225 68 22 Local
129 2226 156 21 Government
303 2228 23 18 to
340 2226 29 21 be
385 2224 134 22 established
538 2226 23 20 in
580 2225 54 21 Port

43 2252 130 22 Nicholson.
211 2253 23 21 It
249 2259 45 15 was
310 2252 107 28 similarly
432 2252 97 22 situated
541 2255 23 18 to
581 2252 53 21 Port

43 2279 83 27 Phillip
133 2287 6 19 ;
155 2279 84 28 though
249 2283 40 17 not
298 2279 61 27 quite
369 2286 25 14 so
402 2279 35 21 far
446 2279 57 21 from
515 2278 119 22 Auckland

42 2306 24 21 in
85 2306 74 22 actual
176 2306 99 22 distance
295 2313 24 14 as
339 2306 54 22 Fort
411 2305 82 27 Phillip
512 2313 45 15 was
576 2306 58 21 from

43 2333 98 27 Sydney,
152 2333 19 21 it
179 2340 45 14 was
237 2332 86 22 farther
335 2333 25 21 in
377 2333 79 26 sailing
471 2332 106 28 distance,
590 2332 45 22 and

42 2360 20 22 if
74 2360 37 21 the
121 2360 99 27 meeting
227 2360 131 22 considered
364 2360 49 21 that
423 2361 62 21 other
497 2360 138 22 settlements

43 2387 73 21 would
132 2387 29 21 be
177 2387 135 21 established
326 2394 29 14 on
369 2386 38 22 the
425 2386 110 22 Southern
550 2386 83 27 Island,

44 2413 61 23 these
117 2413 73 22 would
194 2413 29 23 be
231 2413 87 22 farther
324 2413 58 22 from
392 2413 38 22 the
441 2417 48 19 seat
500 2413 25 22 of
533 2413 102 22 Govern-

44 2444 61 18 ment
113 2441 55 21 than
183 2441 52 21 Port
251 2440 88 27 Phillip.
376 2440 54 22 This
444 2441 59 21 boon
521 2440 73 22 would
606 2441 29 21 be

44 2467 38 22 the
98 2467 57 22 least
169 2467 50 22 that
235 2467 39 22 the
293 2467 75 22 Home
392 2467 157 22 Government
570 2467 65 22 could

44 2499 73 23 grant.
147 2495 23 21 It
178 2502 45 14 was
232 2494 99 27 scarcely
340 2497 23 19 to
378 2495 28 21 be
422 2494 73 28 hoped
509 2495 55 26 that,
582 2495 53 26 they

43 2521 74 22 would
126 2525 64 24 grant
199 2528 16 15 a
223 2521 184 28 Representative
418 2521 144 28 Legislature,
575 2521 59 22 how-

45 2556 52 14 ever
107 2548 116 27 desirable,
239 2548 86 27 though
339 2549 29 21 he
385 2556 45 14 saw
445 2556 29 14 no
491 2556 77 14 reason
584 2548 50 28 why

42 2575 37 22 the
89 2582 61 14 same
161 2582 77 15 course
248 2575 79 22 should
336 2579 40 18 not
390 2576 30 22 be
436 2575 99 27 pursued
550 2583 23 14 as
588 2575 47 22 had

46 2602 106 27 formerly
162 2603 57 21 been
230 2602 96 28 adopted
337 2603 25 21 in
373 2610 40 14 our
422 2601 62 23 West
495 2602 81 22 Indian
591 2603 44 21 and

46 2629 123 22 American
176 2629 105 22 colonies.
310 2629 139 28 Something,
455 2627 111 29 however,
576 2633 60 19 must

46 2656 28 22 be
84 2656 64 27 done,
164 2655 44 23 and
225 2656 28 22 he
270 2656 68 22 relied
354 2664 61 19 upon
430 2656 38 22 the
483 2656 93 22 wisdom
591 2656 45 22 and

44 2683 81 27 justice
145 2683 26 21 of
187 2683 41 22 her
247 2682 117 29 Majesty's
385 2683 113 22 Ministers
512 2683 56 28 that,
583 2683 24 22 in
623 2691 14 14 a

48 2709 61 22 short
127 2709 60 27 time,
208 2711 38 21 the
261 2711 54 21 Port
330 2710 126 22 Nicholson
469 2711 87 21 settlers
564 2711 73 21 would

47 2736 58 22 have
121 2737 96 27 nothing
233 2740 22 18 to
272 2737 53 26 fear,
343 2737 72 22 either
426 2737 56 21 from
498 2737 39 22 the
553 2740 46 19 acts
615 2737 25 22 of

47 2763 104 23 omission
181 2771 27 14 or
235 2763 144 23 commission
408 2764 26 22 of
463 2763 59 23 their
549 2768 89 23 present

46 2789 78 23 rulers.
159 2790 22 22 It
194 2798 45 14 was
255 2790 83 22 indeed
352 2798 14 14 a
380 2790 68 22 bitter
457 2790 65 26 thing
531 2790 55 26 that,
600 2791 37 23 the

47 2817 121 28 enterprise
176 2817 26 21 of
213 2817 85 23 British
307 2817 96 28 subjects
413 2817 81 22 should
502 2817 52 22 thus
570 2817 68 28 sillily

46 2844 28 22 be
85 2843 99 23 checked
192 2844 24 22 in
225 2844 30 22 its
265 2851 81 20 career,
357 2845 31 26 by
397 2844 64 22 those
470 2847 23 19 to
503 2845 72 21 whom
584 2845 54 27 they

48 2871 70 27 ought
128 2875 22 17 to
159 2871 53 22 look
220 2871 36 22 for
272 2871 132 28 protection.
439 2871 44 21 But
492 2870 18 22 it
519 2871 89 22 seemed
616 2875 22 19 to

47 2898 29 22 be
85 2898 38 22 the
132 2898 47 22 fate
188 2898 27 22 of
232 2897 84 23 British
331 2897 99 23 colonies
443 2897 24 22 in
481 2898 97 27 general,
596 2899 43 21 and

46 2925 124 28 unhappily
179 2925 54 23 Port
241 2924 125 24 Nicholson
380 2924 87 22 formed
475 2931 30 15 no
515 2925 123 28 exception.

47 2952 44 22 Mr.
103 2950 60 29 Earp
173 2953 54 21 then
237 2951 125 23 concluded
370 2951 31 28 by
410 2951 93 27 moving
513 2951 37 22 the
557 2951 83 23 follow-

47 2979 40 27 ing
96 2979 129 28 resolution,
235 2979 75 23 which
319 2986 44 15 was
373 2978 87 22 carried
468 2978 171 29 unanimously,

70 3014 16 16 5.
108 3013 48 16 That
162 3013 36 17 this
207 3013 82 20 Meeting
296 3013 63 21 deeply
366 3014 59 19 regret
432 3012 31 17 the
470 3013 106 20 apparently
583 3014 58 19 syste-

48 3034 55 17 matic
114 3034 81 21 hostility
202 3035 37 16 and
250 3034 86 21 injustice
342 3033 61 17 which
415 3034 42 20 they
463 3033 53 19 have,
529 3035 32 15 not
568 3035 42 20 only
620 3035 20 16 in

48 3054 31 18 the
86 3055 80 20 method,
174 3055 77 23 adopted
258 3055 21 16 in
286 3055 31 16 the
324 3055 106 16 settlement
437 3054 21 17 of
465 3054 52 17 Land
525 3054 72 20 Claims,
608 3056 33 16 but

47 3076 21 16 in
76 3080 97 12 numerous
180 3076 52 17 other
238 3076 97 18 instances,
344 3076 82 16 endured
433 3075 47 17 from
488 3075 31 17 the
523 3080 91 13 measures
622 3077 21 17 of

48 3097 31 16 the
87 3097 54 16 Local
148 3097 132 19 Government;
297 3101 91 12 measures
396 3097 32 16 the
441 3101 49 12 more
498 3098 142 17 unaccountable

48 3118 48 16 from
101 3118 32 16 the
140 3118 36 16 fact
183 3118 40 16 that
230 3118 45 20 they
281 3122 31 12 are
317 3117 80 20 drawing
403 3122 24 12 an
433 3116 67 18 annual
507 3122 80 12 revenue
594 3118 46 17 from

50 3139 43 16 Fort
100 3135 97 20 Nicholson
208 3139 36 16 and
250 3139 32 16 the
293 3139 52 16 other
352 3138 114 17 settlements
476 3138 20 16 in
504 3138 64 17 Cook's
579 3139 60 21 Strait,

49 3163 51 12 more
107 3159 45 16 than
159 3159 104 20 equivalent
269 3161 19 14 to
296 3160 30 15 the
334 3160 84 15 Customs
424 3159 58 16 duties
491 3160 37 15 and
534 3159 49 17 Land
591 3160 48 17 Sales

51 3181 19 15 at
74 3179 96 17 Auckland
173 3181 34 19 put
211 3181 87 20 together,
303 3180 77 16 -without
383 3180 70 20 having
456 3181 93 19 expended
553 3181 88 22 anything

51 3200 59 17 either
122 3200 20 17 in
156 3200 60 21 public
229 3202 60 15 works
303 3205 20 12 or
336 3201 141 20 improvements
493 3200 58 17 either
564 3202 19 16 in
599 3202 42 17 Port

51 3221 100 17 Nicholson
162 3225 61 17 or,any
230 3222 20 16 of
258 3222 32 16 the
301 3222 113 16 settlements
425 3221 44 17 •with
478 3221 62 17 which
550 3222 15 16 it
572 3222 17 17 is
600 3228 41 12 con-

50 3242 71 17 nected.
143 3241 44 17 This
195 3242 82 21 Meeting
284 3243 71 16 further
362 3242 92 17 considers
463 3242 41 17 that
512 3241 31 18 ttie
553 3244 86 17 obstacles

51 3262 111 21 continually
170 3262 70 18 thrown
250 3263 20 17 in
278 3263 32 17 the
319 3268 40 16 way
366 3263 21 17 of
394 3263 48 17 their
453 3263 130 17 advancement
594 3265 46 17 have

51 3283 43 21 only
100 3283 29 17 for
136 3283 47 16 their
190 3284 58 19 object
253 3284 32 16 the
291 3284 108 21 repressing,
408 3289 19 12 as
435 3284 54 17 much
498 3289 19 12 as
524 3285 78 21 possible
609 3287 31 16 the

51 3309 67 16 energy
125 3304 37 16 and
168 3304 69 21 rapidly
244 3304 101 21 increasing
357 3304 99 21 enterprise
463 3305 20 17 of
493 3305 31 17 the
534 3306 41 16 Port
586 3306 55 17 Nich-

51 3326 50 17 olson
110 3325 76 18 settlers,
197 3325 29 16 for
235 3325 32 16 the
277 3330 77 16 purpose
362 3325 21 18 of
391 3326 80 20 drawing
479 3327 63 19 public
552 3328 89 16 attention

50 3348 19 15 to
77 3346 31 17 the
118 3347 39 15 seat
164 3346 20 16 of
192 3346 132 19 Government;
342 3351 22 11 an
373 3348 78 19 attempt
462 3351 19 12 as
492 3347 83 21 hopeless
587 3348 19 17 in
616 3349 25 16 its

51 3367 67 17 results
126 3371 19 12 as
153 3366 89 20 injurious
248 3368 19 15 to
275 3367 31 16 the
313 3368 48 15 most
366 3367 94 21 populous,
467 3369 49 15 most
521 3369 78 21 wealthy
605 3370 36 17 and

51 3389 48 16 most
105 3387 82 21 thriving
196 3388 42 20 part
244 3388 21 15 of
274 3388 32 15 the
317 3388 72 20 Colony.

73 3409 45 17 This
133 3408 82 21 Meeting
225 3409 66 15 connot
305 3408 89 16 therefore
407 3410 81 19 separate
502 3410 78 17 without
589 3416 52 12 'once

51 3434 50 13 more
117 3428 95 22 recording
227 3428 49 17 their
292 3429 91 16 traabated
397 3429 73 20 opinion
484 3430 42 17 that
540 3431 42 21 they
594 3432 47 17 have

51 3451 78 20 nothing
136 3451 19 16 to
164 3450 47 21 hope
221 3450 49 16 from
281 3449 32 17 the
319 3450 45 16 Acts
375 3449 20 17 of
403 3450 32 16 the
447 3450 53 17 Local
514 3452 127 21 Government,

51 3473 35 16 but
98 3476 24 13 on
133 3471 31 17 the
171 3471 84 20 contrary
265 3474 54 16 every
328 3470 55 19 thing
395 3471 19 16 to
420 3470 47 20 fear;
484 3472 37 17 and
532 3473 40 17 that
578 3473 20 17 in
611 3475 31 16 the

52 3494 77 16 absence
140 3492 21 17 of
169 3496 11 12 a
191 3492 124 17 Government
325 3487 110 21 established
449 3493 19 15 at
482 3492 45 17 Port
538 3493 103 22 Nicholson,

52 3515 21 16 to
84 3513 61 17 which
158 3513 47 17 from
215 3513 24 16 its
253 3511 78 21 position
345 3511 37 17 and
395 3511 105 21 population
513 3513 16 17 it
542 3514 15 16 is
573 3516 69 21 equally

52 3534 77 17 entitled
135 3534 45 16 with
190 3534 44 16 Port
241 3532 74 21 Phillip,
327 3532 51 17 there
385 3537 42 15 may
436 3533 22 16 be
465 3537 54 13 cause
531 3535 18 16 to
555 3536 38 16 fear
603 3537 40 16 that

51 3555 31 16 the
93 3555 85 22 industry
185 3555 38 16 and
234 3553 99 21 enterprise
340 3553 21 17 of
369 3553 32 16 the
412 3553 43 16 Port
463 3553 97 19 Nicholson
573 3557 70 17 settlers

51 3576 37 16 will
103 3577 33 15 not
148 3576 49 16 meet
211 3576 41 16 that
265 3574 70 17 reward
348 3574 61 16 which
422 3574 43 20 they
477 3574 49 17 have
540 3581 10 11 a
563 3577 48 20 right
625 3579 18 16 to

53 3597 70 20 expect,
131 3597 37 15 and
173 3596 66 18 which,
248 3595 163 20 notwithstanding
418 3595 31 15 the
456 3596 134 22 extraordinary
603 3603 41 12 con-

53 3617 45 16 duct
105 3617 21 16 of
134 3617 31 16 the
173 3617 52 17 Local
234 3617 128 18 Government,
374 3615 39 16 Her
420 3614 91 22 Majesty's
524 3617 120 19 Government

53 3638 21 16 in
81 3638 85 21 England
172 3638 32 16 has
212 3638 21 17 in
239 3638 26 16 all
269 3638 25 16 its
301 3637 44 17 Acts
352 3637 47 16 been
402 3637 50 15 most
458 3637 78 17 anxious
541 3639 18 15 to
565 3641 80 19 promote

54 3659 37 17 and
98 3663 106 17 encourage.

81 3686 47 22 Da.
139 3686 78 22 Evans
232 3685 26 23 in
274 3684 18 23 a'
303 3684 61 23 short
379 3683 88 29 speech,
482 3686 112 26 proposed
607 3687 37 23 the

53 3712 62 22 sixth
132 3713 129 27 resolution,
278 3711 74 23 which
367 3718 46 16 was
428 3711 114 23 seconded
554 3713 31 27 by
601 3714 44 22 Mr.

55 3739 118 23 Chetham.

77 3774 16 16 6.
115 3772 49 18 That
170 3777 11 12 a
187 3777 46 17 copy
239 3773 21 17 of
267 3773 33 17 the
307 3772 93 21 foregoing
405 3772 110 16 resolutions
521 3773 21 15 be
549 3772 97 18 forwarded

54 3794 21 17 to
82 3793 36 17 His
128 3793 109 22 Excellency
244 3794 31 16 the
288 3793 97 20 Governor,
397 3793 78 20 through
488 3793 30 16 the
531 3793 68 20 Sheriff,
611 3795 36 16 and

54 3815 20 15 to
93 3814 31 17 the
138 3814 45 17 New
195 3814 82 18 Zealand
291 3815 97 20 Company,
404 3814 80 21 through
499 3814 48 17 their
559 3814 89 23 principal

55 3835 67 21 Agent.

84 3861 52 23 Mb.
156 3861 95 23 Revans
270 3861 54 23 then
344 3861 83 23 moved
442 3861 49 23 that
508 3861 46 23 Mr.
573 3862 25 22 F.
617 3863 29 22 A.

58 3888 146 30 Moleswor^h
215 3889 28 21 do
253 3889 64 22 leave
327 3888 39 22 the
376 3888 68 27 chair,
456 3888 44 22 and
517 3890 108 27 proposed
636 3897 12 15 a

57 3918 54 18 vote
121 3915 26 21 of
154 3915 81 22 thanks
244 3916 37 21 for
287 3915 37 22 his
333 3915 115 28 impartial
463 3915 103 28 conduct,
576 3917 72 22 which

58 3949 47 15 was
122 3941 83 28 agreed
223 3946 23 18 to
262 3942 167 28 unanimously,
440 3942 45 23 and
500 3942 39 23 the
552 3944 98 28 meeting

58 3968 72 23 broke
140 3976 37 20 up.

531 42 99 46 ®i)t
653 40 123 43 Wtfa
800 38 211 43 Zcalantr
1036 37 190 43 &anttt
1249 36 96 39 autr
1366 34 306 47 nmtilinqton
1696 27 262 52 Spectator.

2067 120 91 21 'Book
2170 118 128 27 Binding.

1893 152 116 48 BOOK
2037 152 139 22 BINDING
2199 152 59 22 done
2269 155 37 19 lat
2328 152 38 22 the
2389 153 98 23 Gazette

1971 178 79 22 Office.
2268 201 4 4 .

1894 222 89 49 FOR
1996 222 79 22 SALE
2089 226 24 18 at
2129 223 43 22 this
2186 223 73 27 office,
2276 222 81 28 Hymn
2370 223 77 22 Books
2460 223 26 22 in

1966 249 37 22 the
2014 249 76 23 native
2099 250 119 27 language.

1919 282 129 22 December
2055 284 35 24 28,
2101 284 62 21 1841.

1987 327 157 26 Stationery
2160 327 62 27 just
2234 328 153 26 unpacked.

1895 359 71 48 ON
1982 359 84 27 SALE,
2082 363 24 18 at
2115 360 38 21 the
2165 361 85 20 Gazette
2266 360 79 27 Office,
2362 367 29 16 an
2404 363 86 19 exten-

1972 386 45 21 sive
2027 385 46 22 and
2082 387 77 21 varied
2168 390 134 19 assortment
2319 388 26 22 of
2361 388 130 26 stationery

1893 413 26 22 of
1930 419 67 20 every
2007 412 143 28 description.

1920 439 102 27 January
2032 440 20 26 7,
2066 441 62 20 1842.

1893 501 222 24 WHOLESALE
2144 502 125 24 PRICES
2304 503 185 24 CURRENT.

1993 546 135 16 CORRECTED
2142 547 29 14 UP
2186 547 29 15 TO
2229 548 67 14 LAST.
2301 548 81 16 NIGHT.

2196 583 2 3 •
2236 573 15 18 £
2274 579 24 13 s.<
2314 575 19 17 d.
2387 574 17 19 £
2427 580 16 12 b.
2469 576 24 16 d-

1894 601 64 22 Ale:
1975 600 28 22 In
2012 600 78 29 bottle,
2104 601 121 29 perdoz...
2238 604 13 19 0
2266 604 27 21 13
2320 605 14 20 0
2353 618 17 7 ..
2388 606 14 20 0
2417 604 30 21 14
2472 606 20 19 0>

1994 627 198 29 Alsop'sperhhd.
2201 644 19 5 ..
2239 630 13 21 8
2280 631 15 20 0
2320 632 50 19 0..
2387 633 15 20 0
2431 632 14 21 0
2471 632 21 20 ft

1894 655 99 22 Arrack
2001 662 6 14 :
2022 655 44 22 Per
2074 655 46 27 gal.
2130 656 24 21 in
2163 655 62 22 bond
2238 658 14 19 0
2281 658 11 19 1
2321 658 14 19 9
2353 672 5 5 .
2365 672 5 5 .
2388 660 14 19 0
2430 659 14 20 2
2471 662 20 20 0>

1893 682 81 21 Bread
1982 689 5 14 :
2002 681 45 23 Per
2054 682 45 23 21b.
2111 682 51 23 loaf
2240 685 13 19 0
2280 684 15 20 0
2321 684 14 21 7
2353 698 5 7 .
2365 698 6 7 .
2388 686 14 20 0
2431 686 13 20 0
2472 686 19 20 0-

1893 708 74 23 Beef:
1982 708 78 28 Fresh,
2079 716 91 15 carcase
2184 716 42 21 per

2010 735 24 22 lb
2236 738 13 19 0
2277 737 56 21 alO
2350 751 18 6 ..
2386 740 15 19 0
2430 738 11 20 1
2470 739 19 20 0-

2001 762 54 28 Salt,
2066 770 42 20 per.
2120 762 68 23 tierce
2202 778 5 5 .
2215 777 11 6 ..
2238 765 19 20 6.
2266 765 28 20 10
2321 764 14 21 0
2353 778 17 6 ...
2389 766 15 20 0
2431 765 14 20 0
2473 766 19 19 0>

2001 788 45 23 Do.
2055 797 41 19 per
2110 790 73 22 barrel
2201 804 5 6 .
2213 804 6 7 .
2237 792 56 20 410
2320 792 15 19 0
2352 804 18 7 ...
2387 793 15 19 0
2431 792 13 20 0
2472 792 18 20 O

1893 815 106 22 Butter:
2015 815 66 28 Irish,
2092 824 40 20 per
2139 817 31 22 lb.
2202 819 51 20 ..0
2281 818 11 21 1
2321 818 14 20 9
2353 831 18 7 ..
2389 820 14 19 0
2432 818 13 20 2
2474 819 18 20 0*

2015 842 70 23 Fresh
2239 846 13 19 0
2280 846 13 20 3
2321 845 14 20 3
2353 858 18 7 ..
2389 846 14 20 0
2432 846 13 19 0
2473 846 14 19 0

1894 874 83 16 jbrand
1981 876 11 14 if
1998 876 5 13 :
2019 868 60 22 First
2085 870 93 27 quality,
2184 877 42 21 per

2044 896 77 26 gallon
2130 896 24 21 in
2164 897 61 21 bond
2238 899 14 20 0
2280 900 12 19 6
2321 899 14 20 0
2352 912 5 6 .
2364 912 6 6 .
2388 900 14 19 0
2431 899 14 20 9
2472 900 14 19 0

1894 922 87 21 Brown
2001 922 87 21 Stout:
2113 930 40 20 per
2166 923 54 22 hhd.
2236 926 19 19 0.
2277 926 14 19 0
2318 926 14 19 0
2349 938 18 7 ..
2387 926 14 20 6
2430 924 13 21 0
2471 926 14 19 0

1895 949 99 22 Cigars:
2006 948 103 28 Manilla,
2118 957 40 19 per
2163 951 60 26 1000,
2238 952 13 19 3
2280 953 13 19 0
2320 952 50 19 0..
2388 953 14 20 0
2431 952 12 20 0
2472 953 28 19 0-

2003 975 98 22 Inferior
2238 978 12 20 1
2266 978 27 21 18
2320 979 14 20 0
2352 991 18 7 ..
2387 979 14 20 2
2431 979 12 20 0
2471 980 14 19 0

2004 1002 136 28 Havannah,
2146 1010 40 20 per
2193 1003 30 22 lb.
2238 1006 13 19 0
2266 1006 26 19 16
2320 1006 13 19 0
2351 1018 18 7 ..
2388 1006 12 20 1
2430 1006 13 20 0
2471 1006 14 20 0

2003 1029 170 27 Chinsurahper
2180 1031 52 21 1000
2239 1032 10 20 1
2266 1032 31 21 10.
2320 1032 13 20 0
2351 1045 18 7 ..
2387 1033 14 20 0
2429 1033 14 20 0
2470 1033 14 20 0

2002 1056 157 23 Alexandrian
2172 1072 46 6 ....
2238 1059 10 20 1
2265 1059 28 20 10
2320 1059 81 21 0..0
2430 1059 13 20 0
2471 1060 14 19 0

1895 1084 87 22 Coffee
1989 1091 5 14 :
2006 1083 64 27 Java,
2081 1091 42 20 per
2130 1084 24 21 lb
2214 1086 37 20 -0
2280 1086 14 20 1
2320 1086 15 20 4
2352 1099 4 6 .
2363 1099 7 7 .
2387 1087 14 20 0
2431 1086 10 20 1
2472 1086 19 20 6.

1895 1111 102 22 Cheese:
2013 1110 108 22 Cheshire
2238 1114 14 19 0
2280 1114 11 19 1
2320 1113 13 20 6
2352 1126 18 7 ..
2388 1114 14 19 0
2431 1113 14 20 0
2473 1114 14 19 0

2013 1137 55 22 Pine
2078 1137 75 28 Apple
2238 1140 14 20 0
2280 1141 13 19 0
2321 1140 14 19 0
2353 1153 17 6 ..
2389 1141 13 20 0
2433 1139 10 20 1
2472 1140 15 19 2

2012 1164 77 21 Dutch
2240 1167 13 20 0
2280 1168 14 19 0
2321 1167 14 20 0
2353 1180 18 6 ..
2389 1168 14 19 0
2433 1166 10 21 1
2473 1168 18 19 O

1896 1191 105 22 Candles
2009 1197 4 14 :
2021 1190 95 27 English
2124 1198 56 20 wax,
2186 1199 41 20 per

2039 1218 23 21 lb
2240 1220 13 20 0
2280 1220 14 20 3
2321 1220 14 19 6
2354 1233 17 6 ..
2390 1221 13 20 0
2433 1221 13 19 0
2474 1221 12 20 0

2026 1244 82 22 Mould
2238 1248 14 19 0
2280 1246 33 19 ov*
2321 1247 14 19 0
2353 1260 5 6 .
2365 1260 5 6 .
2389 1248 14 19 0
2433 1247 13 20 0
2473 1248 14 19 0

2027 1271 70 27 Dips.
2238 1274 14 20 0
2280 1274 12 21 0
2320 1274 14 19 0
2352 1287 18 6 ..
2388 1275 13 19 0
2431 1274 14 19 0
2472 1275 14 19 0

1896 1299 93 22 Flour:
1999 1298 132 28 lstquality,
2142 1301 83 24 perton

2019 1325 135 22 of2ooolbs
2224 1328 27 19 30
2279 1328 13 19 0
2320 1328 14 19 0
2352 1328 49 20 ..33
2431 1328 13 19 0
2473 1329 12 19 0

1995 1352 47 22 2nd
2052 1352 55 21 ditto
2226 1355 27 20 28
2281 1355 17 20 O
2321 1354 14 20 0
2353 1368 18 6 ..
2389 1355 14 20 0
2432 1355 13 19 0
2473 1356 13 19 0

1897 1380 61 22 Gin:
1978 1378 53 23 Pale
2048 1380 24 20 in
2083 1379 59 21 bond
2239 1382 13 19 0
2279 1381 14 20 2
2321 1382 14 19 6
2353 1394 17 7 ..
2388 1383 14 19 0
2431 1382 12 19 3
2473 1383 13 19 0

1947 1408 61 25 Case,
2016 1406 58 27 4gal
2083 1407 38 20 4-5
2130 1406 24 21 in
2163 1406 61 22 bond
2239 1409 10 19 1
2278 1408 14 20 2
2321 1409 13 19 0
2352 1422 18 5 ..
2388 1409 13 20 0
2431 1408 12 19 0
2472 1410 13 19 0

1897 1434 19 21 IJ
1922 1442 44 14 ams
1974 1442 10 14 :.
1994 1433 131 27 Yorkshire,
2139 1441 40 19 per
2186 1434 24 21 lb
2219 1449 5 6 .
2240 1436 13 19 0
2281 1435 13 20 0
2322 1435 14 20 0
2353 1449 5 5 .
2365 1449 6 6 .
2390 1437 13 19 0
2433 1436 13 19 0
2474 1437 18 19 0.

1896 1461 128 21 Mustard:
2039 1460 44 21 Per
2092 1460 72 21 dozen
2240 1463 13 19 0
2268 1462 26 20 18
2323 1462 14 19 0
2354 1475 23 7 ...
2390 1463 14 19 0
2433 1462 14 20 0
2475 1464 13 19 0

1897 1488 114 21 Mutton:
2032 1488 95 21 Carcase
2136 1494 41 20 per
2184 1487 24 22 lb
2219 1503 5 6 .
2240 1490 13 19 0
2281 1490 13 19 0
2323 1489 12 19 9
2354 1503 18 6 ..
2390 1490 13 19 0
2433 1489 13 20 0
2462 1490 23 20 11

1897 1515 122 21 Muskets:
2035 1514 95 21 Walnut
2135 1514 93 22 stocked
2241 1517 14 19 0
2282 1516 13 20 0
2323 1516 14 19 0
2354 1529 18 6 ..
2390 1517 15 19 0
2420 1515 25 21 15
2474 1517 14 19 0

1896 1542 68 21 Milk
1970 1549 5 14 ;
1991 1542 43 20 Per
2041 1541 50 27 pint
2240 1543 14 20 0
2282 1543 31 19 0•
2322 1543 14 19 3
2354 1556 5 6 .
2366 1557 6 5 .
2391 1544 13 19 0
2433 1543 13 19 0
2473 1543 18 21 4,

1897 1569 43 21 On,
1949 1576 5 14 :
1970 1568 104 25 Linseed,
2084 1575 41 20 per
2133 1568 76 26 gallon
2219 1570 34 20 .0
2280 1569 13 20 5
2322 1570 14 19 0
2354 1583 18 6 ...
2390 1571 13 19 0
2433 1569 12 21 7
2475 1572 13 18 0

1972 1594 283 28 Black,incask,pertonl6
2283 1597 13 19 0
2323 1597 14 19 0
2354 1610 18 6 ..
2390 1597 14 20 0
2433 1597 14 19 0
2474 1597 14 21 0

2008 1622 78 26 Sperm
2224 1623 26 21 75
2279 1623 16 19 0.
2321 1623 13 19 0
2352 1637 22 6 ...
2388 1624 17 19 0.
2432 1623 11 19 0
2473 1625 12 18 0

1897 1649 77 22 Pork:
1989 1649 80 27 Fresh,,
2083 1655 90 15 carcase
2187 1656 40 20 per

2013 1676 24 22 lb
2240 1678 13 19 0
2281 1678 13 20 0
2321 1677 14 21 5
2354 1691 4 7 .
2365 1692 6 6 .
2389 1680 14 20 0
2433 1679 12 20 0
2474 1681 13 19 0

1898 1703 65 21 Pork
1970 1710 5 14 :
1991 1703 65 27 Irish,
2067 1710 42 20 per
2116 1703 75 21 barrel
2203 1718 5 5 .
2215 1718 6 5 .
2240 1705 13 20 0
2281 1706 13 19 0
2323 1706 13 20 0
2354 1719 5 6 .
2366 1720 6 6 .
2389 1706 14 20 5
2433 1707 14 19 0
2475 1708 13 19 0

1898 1730 130 22 Potatoes:
2050 1730 56 21 New
2120 1730 106 27 Zealand,
2333 1733 4 3 '
2354 1735 4 3 '

2074 1764 40 20 per
2124 1761 37 17 ton
2239 1759 16 20 4
2281 1760 13 20 0
2323 1760 13 20 0
2354 1773 4 6 .
2366 1773 6 7 .
2390 1761 14 20 0
2433 1761 13 19 0
2474 1762 13 19 0

1899 1785 92 21 Porter
2000 1791 6 14 :
2035 1785 103 26 Dunbar,
2148 1785 25 21 in
2180 1785 46 21 bot.

2064 1818 42 21 per
2116 1811 42 21 doz
2241 1814 13 20 0
2269 1813 26 21 13
2323 1815 14 19 0
2354 1828 6 6 .
2367 1828 5 6 .
2391 1816 14 19 0
2434 1815 13 19 0
2476 1816 12 18 0

2006 1837 87 28 Bryant
2104 1839 44 21 and
2157 1838 70 22 Davis
2241 1841 55 20 013
2324 1842 14 19 0
2355 1855 5 5 .
2368 1855 5 6 .
2392 1843 14 19 0
2435 1842 13 20 0
2476 1842 13 20 0

1898 1865 97 22 Pickles
2007 1872 5 14 :
2043 1865 117 28 Assoi:«d,
2189 1873 40 20 per

2070 1892 58 26 doz.,
2153 1896 75 24 quarts
2243 1895 51 19 11
2326 1896 12 19 0
2356 1909 19 6 ..
2393 1896 14 20 0
2436 1896 12 20 0
2477 1896 11 18 0

1899 1919 73 21 Pitch
1984 1926 5 14 :
2021 1919 139 27 Stockholm,
2190 1927 40 20 per

2048 1943 176 25 barre1...:....
2243 1949 17 20 0.
2284 1949 13 20 0
2326 1949 13 20 0
2356 1963 23 7 ....
2393 1950 12 20 1
2424 1949 24 21 15
2480 1950 14 20 0

1899 1973 80 21 Plank
1986 1980 10 14 ::
2019 1972 55 22 Port
2095 1973 132 28 Nicholson,

2038 2007 49 20 *per
2096 2001 40 20 100
2145 2000 48 21 feet
2205 2008 18 12 .-.
2242 2003 17 19 0-
2283 2003 17 19 O
2325 2003 14 19 0
2355 2016 18 7 ..
2393 2003 11 20 1
2436 2004 11 19 1
2476 2005 17 20 0-

1898 2025 70 21 Rice:
1980 2026 110 21 CCminon
2100 2033 39 20 per
2146 2030 49 17 cwt.
2206 2041 23 5 .-
2243 2029 14 19 0
2284 2029 13 19 0
2323 2029 16 19 X)
2356 2042 19 6 ..
2393 2030 15 19 1
2436 2030 12 19 0
2478 2031 12 19 0

1980 2052 69 22 Good
2243 2055 11 19 1
2270 2055 27 19 10
2325 2056 14 19 0
2355 2069 6 6 .
2368 2069 5 6 .
2392 2057 14 19 0
2434 2057 14 19 0
2476 2058 13 19 0

1899 2079 55 21 Rum
1961 2086 5 14 :
1983 2079 25 21 P.
2018 2079 27 21 B.
2056 2078 34 26 P.,
2105 2086 39 19 per
2154 2079 76 26 gallon

2020 2105 25 22 in
2058 2105 63 22 bond
2243 2108 14 20 0
2283 2108 16 20 4
2327 2108 12 20 0
2356 2123 19 5 ..
2394 2110 14 20 0
2436 2109 12 21 5
2478 2110 13 20 0
2507 2124 2 6 .

1900 2132 87 22 Sugar:
2004 2132 121 22 Mauritius
2133 2140 40 19 per
2180 2137 49 17 cwt.
2244 2135 13 20 0
2285 2136 14 19 0
2327 2137 13 19 0
2357 2149 18 6 ..
2394 2137 14 19 0
2437 2137 13 19 0
2479 2138 12 19 0

2008 2159 82 22 Brown
2104 2159 55 22 ditto
2240 2162 15 20 2
2269 2162 26 20 10
2324 2163 81 21 0..0
2434 2164 13 20 0
2476 2165 12 19 0

2008 2186 98 22 Refined
2121 2186 52 28 loaf,
2191 2194 40 20 per

2034 2213 22 22 lb
2208 2218 17 16 ;.
2244 2217 13 19 0
2285 2217 14 19 0
2327 2217 13 20 9
2357 2231 18 5 ..
2394 2218 14 19 0
2436 2218 14 19 0
2478 2218 13 19 0

2010 2239 97 23 Manilla
2126 2248 39 20 per
2179 2244 48 19 cwt.
2242 2244 14 19 0
2284 2244 13 19 0
2326 2244 13 20 0
2356 2257 19 6 ..
2393 2244 14 20 3
2436 2245 14 19 0
2478 2246 12 19 0

1900 2267 59 22 Salt
1968 2274 5 14 :
1987 2267 128 28 Liverpool,
2125 2274 41 21 per
2175 2271 39 19 ton
2222 2270 35 20 .3
2285 2271 12 19 0
2326 2271 13 20 0
2356 2284 6 6 .
2369 2284 6 6 .
2393 2271 15 20 4
2436 2272 13 19 0
2478 2272 12 19 0

1900 2294 59 22 Soap
1969 2302 5 14 :
1999 2294 105 22 Hawes's
2126 2295 103 28 London,

2026 2325 87 22 perton
2229 2324 28 20 40
2285 2324 18 21 0.
2327 2324 13 21 0
2357 2338 18 6 ..
2394 2324 13 20 0
2438 2326 12 19 0
2479 2326 13 19 0

2018 2349 120 27 Liverpool
2229 2351 28 20 36
2285 2351 14 20 0
2327 2351 13 20 0
2356 2364 19 7 ..
2394 2352 13 20 0
2437 2352 11 19 0
2479 2353 27 20 0'

1900 2375 91 22 Starch
1999 2383 6 13 :
2020 2375 43 23 Per
2071 2375 23 22 lb
2245 2378 14 20 0
2286 2379 14 19 0
2328 2378 12 20 9
2358 2392 5 6 .
2371 2392 6 6 .
2395 2380 14 19 0
2438 2380 13 19 0
2480 2380 13 19 0

1900 2403 144 21 Scantling:
2059 2402 45 22 Per
2110 2404 41 20 100
2159 2403 68 22 feet..
2245 2405 14 20 0
2274 2404 26 21 18
2328 2405 14 20 0
2359 2418 18 7 ..
2397 2406 11 20 1
2438 2406 14 20 0
2480 2408 12 18 0

1901 2429 127 22 Shingles:
2045 2430 43 21 Per
2095 2431 62 26 1000,
2166 2430 29 21 N.
2204 2430 25 21 Z.
2245 2432 11 19 1
2286 2430 14 22 7
2328 2432 13 20 0
2358 2445 19 6 ..
2396 2434 14 19 0
2438 2434 14 19 0
2480 2434 12 19 0

2031 2457 71 26 Ditto,
2125 2456 28 22 V.
2163 2457 30 22 D.
2203 2457 26 22 L.
2244 2458 15 20 2
2285 2458 14 20 5
2328 2459 14 20 0
2358 2472 5 6 .
2371 2472 6 7 .
2395 2460 32 20 0■
2438 2461 13 19 0
2479 2462 13 18 0

1900 2483 63 22 Tar:
1979 2483 54 22 Coal
2246 2485 54 21 110
2328 2486 14 20 0
2360 2499 17 6 ..
2397 2487 14 20 0
2439 2487 14 20 0
2481 2488 12 19 0

1982 2511 131 21 Stockholm
2248 2512 53 21 115
2330 2514 48 19 0..
2398 2514 14 20 0
2440 2514 14 20 0
2481 2515 13 19 0

1901 2537 63 22 Tea:
1974 2538 80 27 Hyson
2059 2537 58 27 skin,
2123 2544 40 21 per
2173 2538 62 21 chest
2248 2540 12 19 0
2289 2541 13 19 0
2330 2540 14 20 0
2361 2541 51 20 ..10
2440 2541 14 20 0
2481 2542 13 19 0

1977 2565 95 26 Congou
2236 2566 26 21 12
2290 2568 14 19 0
2332 2568 14 19 0
2361 2580 19 7 ..
2398 2568 14 19 0
2440 2568 14 20 0
2481 2568 16 20 0

1900 2591 119 22 Tobacco:
2033 2591 144 27 Negrohead,
2193 2599 41 19 per

2059 2618 32 21 lb.
2104 2618 25 21 in
2145 2618 60 21 bond
2246 2620 14 20 0
2288 2620 11 20 1
2329 2621 49 20 0..
2397 2622 14 19 0
2440 2622 9 19 1
2479 2622 13 20 2

1900 2645 164 21 Turpentine:
2081 2645 148 26 Pergallon..
2247 2648 13 19 0
2288 2648 14 19 8
2330 2648 14 20 0
2361 2660 18 7 ..
2398 2648 15 20 0
2440 2650 14 19 0
2482 2649 13 20 0

1902 2671 161 22 Whalebone:
2080 2671 45 22 Per
2133 2675 95 17 t0n....
2234 2672 26 21 85
2289 2674 13 20 0
2330 2674 14 20 0
2361 2675 51 20 ..90
2440 2677 14 19 0
2482 2677 15 19 0

1902 2697 82 22 Wine:
1999 2698 91 27 Sherry,
2100 2705 40 20 per
2148 2698 52 27 pipe
2211 2700 49 20 ..28
2289 2701 14 19 0
2331 2701 82 20 0..40
2441 2703 14 20 0
2483 2703 13 20 0

2010 2725 72 27 Ditto,
2097 2732 42 20 per
2153 2725 80 22 dozen.
2248 2727 11 20 1
2288 2728 15 19 4
2330 2728 14 20 0
2361 2741 18 6 ..
2398 2728 14 20 2
2441 2730 14 19 0
2483 2731 12 18 0

1903 2779 121 22 Poultry:
2040 2779 81 27 Fowls,
2126 2786 41 20 per
2173 2780 49 27 pair
2228 2796 6 6 .
2248 2782 14 20 0
2290 2782 14 20 8
2332 2783 14 20 0
2362 2796 18 6 ..
2399 2784 14 19 0
2429 2783 26 20 16
2483 2784 14 20 0

2039 2806 85 28 Ducks,
2135 2806 57 22 ditto
2211 2821 6 6 .
2224 2822 6 6 .
2249 2808 10 21 1
2290 2810 14 19 0
2331 2810 36 20 0.
2375 2822 5 7 .
2399 2811 14 19 0
2441 2811 14 19 0
2483 2811 14 20 0

2041 2834 81 26 Geese,
2132 2833 57 22 each
2211 2848 6 7 .
2224 2849 5 6 .
2249 2836 11 20 1
2290 2837 14 19 0
2331 2837 14 20 0
2361 2850 6 6 .
2373 2850 7 6 .
2398 2838 15 19 0
2440 2838 15 19 0
2483 2838 13 20 0

2039 2860 110 28 Turkeys,
2160 2860 56 23 each
2251 2862 10 21 1
2291 2864 15 19 0
2332 2864 14 20 0
2363 2877 5 6 .
2376 2877 5 6 .
2400 2864 15 21 0
2443 2865 14 20 0
2484 2865 13 20 0

2040 2888 104 26 Pigeons,
2155 2888 78 28 (wild,)

2066 2922 41 20 per
2116 2915 49 27 pair
2186 2917 77 20 ...,0
2291 2917 14 20 0
2333 2918 82 21 0..0
2443 2918 12 21 1
2484 2919 13 20 0

2040 2942 86 26 Ducks,
2134 2942 36 22 do.
2180 2942 53 22 do..
2251 2944 13 20 0
2292 2944 14 19 5
2333 2945 14 20 0
2364 2958 18 6 ..
2401 2946 14 19 0
2443 2946 15 20 0
2485 2946 13 19 0

1904 2969 63 22 Eggs
1974 2976 5 15 :
1994 2968 45 23 Per
2048 2968 75 23 dozen
2252 2971 13 20 0
2292 2970 14 21 5
2334 2972 49 20 0..
2401 2973 15 20 0
2444 2973 15 20 0
2485 2973 14 20 0

1905 3021 77 24 Cows:
1996 3022 73 23 Milch
2157 3031 20 13 -.;
2187 3024 79 21 ..'..20
2292 3026 15 19 0
2333 3026 15 20 0
2364 3026 52 20 ..30
2443 3026 14 20 0
2485 3026 12 20 0

1905 3050 96 22 Mares:
2017 3050 76 21 Brood
2236 3052 28 21 50
2292 3053 14 20 0
2333 3053 14 20 0
2363 3053 52 20 ..90
2442 3053 15 20 0
2484 3053 14 20 0

1905 3076 117 23 Working
2038 3077 134 22 Bullocks:
2194 3077 44 22 Per

1931 3104 50 28 pair
2173 3106 93 20 .....40
2293 3106 14 20 0
2334 3107 14 20 0
2363 3106 54 20 ..60
2443 3107 16 20 0
2485 3106 16 21 0

1906 3130 64 23 Hire
1980 3138 27 14 of
2017 3138 69 15 ditto
2093 3139 6 14 :
2115 3132 43 21 Per
2165 3131 51 27 day,
2224 3139 14 14 a

1932 3161 61 18 team
2003 3158 46 21 and
2055 3158 75 22 driver
2253 3160 10 19 1
2293 3160 14 19 0
2334 3160 14 19 0
2364 3172 19 7 ..
2400 3160 16 20 2
2443 3161 15 19 0
2485 3161 14 19 0

1907 3185 87 22 Sheep:
2010 3183 63 24 Each
2252 3186 10 20 1
2292 3186 14 21 8
2333 3187 14 20 0
2363 3198 19 8 ..
2401 3186 12 21 1
2431 3187 27 21 10
2485 3188 14 20 0

1907 3212 64 22 Boat
1980 3212 66 22 Hire
2050 3219 4 14 :
2069 3212 45 22 Per
2119 3212 51 30 day,
2175 3212 63 21 with-

2099 3242 40 18 out
2147 3238 73 22 hands
2229 3253 5 7 .
2250 3240 14 20 0
2279 3239 27 20 10
2333 3240 14 20 0
2363 3252 19 7 ..
2402 3240 11 20 1
2443 3241 15 21 0
2485 3241 14 20 0

1907 3293 99 22 Wages:
2034 3292 141 27 Mechanics,
2200 3299 40 20 per

1982 3318 10 21 'i
2061 3319 64 22 week
2253 3319 13 20 2
2294 3320 14 20 0
2335 3321 14 19 0
2366 3334 18 6 ..
2403 3321 15 21 3
2446 3322 14 20 0
2487 3323 13 19 0

2045 3346 127 22 Labourers
2189 3359 44 7 ....
2253 3346 10 20 1
2281 3346 26 21 10
2335 3347 14 21 0
2366 3361 18 6 ..
2405 3348 12 20 1
2433 3349 27 20 16
2487 3349 13 20 0

896 134 14 14 A
926 133 68 16 CARD-

651 155 108 48 MRS.
771 154 28 22 A.
815 153 114 23 LOWE'S
945 158 138 19 MILLINERY,
1100 157 77 20 DRESS,
1192 157 47 15 AND

729 188 77 14 STRAW
817 188 46 14 HAT
873 185 199 19 ESTABLISHMENT,
1082 180 23 18 at
1114 177 45 22 Mr.
1168 177 70 22 JabeZ

651 208 92 27 Allen's,
756 214 52 15 near
821 206 124 22 Wakefield
961 205 56 22 Club
1034 204 84 27 House,
1130 204 109 22 Lambton

651 235 73 27 Quay.

841 279 94 20 James
951 277 100 26 Spiers,

651 312 194 24 PROSPECT
867 308 212 25 BOARDING
1102 308 136 27 HOUSE,

733 346 130 15 GUILDFORD
878 345 112 19 TERRACE,
1001 344 54 14 HILL
1070 342 92 21 STKEET,

705 364 43 29 Xn>'
753 373 41 19 the-
805 378 50 14 reap
873 371 27 24 of
914 371 42 19 Bt:
975 368 90 22 Evanses
1077 369 112 20 residence.

835 405 74 15 TERMS
924 402 131 16 MODERATE.

808 450 78 21 Land,
902 455 35 15 on
952 448 46 21 the
1013 448 77 20 Hutt.

653 486 69 48 TO
736 484 40 22 BE
791 483 88 27 SOLD-,
891 490 12 14 a
911 482 61 22 lease
983 481 25 22 of
1015 481 37 21 the
1063 480 89 22 Section
1161 480 45 22 No.
1213 480 27 20 24

729 518 30 15 on
767 510 37 21 the
813 510 64 25 Hutt,
885 508 55 23 with
949 515 14 14 a
972 507 74 28 newly
1053 507 88 22 erected
1148 507 91 22 wooden

653 542 96 24 cottage,
766 538 37 21 the
822 540 88 25 potatoe
927 543 53 19 crop
998 542 29 14 on
1041 533 37 22 the
1093 533 92 28 ground,
1197 533 44 22 and

654 566 63 22 other
723 565 180 28 improvements.
932 562 45 22 For
985 565 68 18 terms
1059 561 25 21 of
1088 560 53 27 sale,
1149 560 64 29 apply
1218 564 23 18 to

884 597 77 26 Hort,
977 595 123 25 Mocatta,
1116 595 45 21 and
1176 595 38 21 Co.

797 644 54 20 For
865 642 70 25 Sale,
950 642 30 20 at
995 639 104 23 Karori.

653 677 159 51 APIECE
822 677 38 21 OF
870 675 96 27 LAND,
978 674 129 27 containing
1114 674 14 21 5
1138 681 68 20 acres,
1217 673 24 22 in

733 705 45 21 this
794 704 97 27 district;
912 705 50 25 part
976 702 26 21 of
1013 701 38 21 the
1069 701 87 21 Section
1173 700 68 26 lately

655 733 45 21 Mr.
721 731 83 23 Yule's.
839 731 77 21 Terms
932 728 88 22 liberal.
1053 728 44 21 For
1114 727 127 29 particulars

654 759 66 28 apply
729 762 24 18 to
762 758 28 22 R.
800 757 67 27 Park,
881 757 61 26 Esq.,

804 803 40 20 To
858 803 35 20 be
908 802 50 20 Let
974 807 30 15 or
1022 799 71 21 Sold.

655 832 52 48 A
722 829 106 24 SMALL
844 829 89 22 FARM
950 827 26 22 of
982 828 27 21 25
1019 834 61 14 acres
1090 833 27 15 on
1130 826 36 22 the
1177 825 63 25 Hutt,

735 857 38 22 the
780 856 71 22 whole
862 855 95 27 cleared,
966 853 111 28 stumped,'
1081 853 106 27 inclosed,
1199 852 44 22 and

655 886 26 21 fit
690 885 34 22 for
735 884 36 21 the
786 883 84 28 plough
877 891 6 18 ;
898 886 50 24 part
962 881 72 21 under
1046 888 59 18 crop.
1135 879 108 28 Together

655 912 52 22 with
727 919 14 14 a
760 910 131 23 substantial
910 909 44 22 and
973 907 144 22 comfortable
1137 907 106 22 weather-

654 938 100 23 boarded
768 937 45 22 and
828 936 72 23 slated
915 936 79 25 house,
1006 933 122 23 three-stall
1138 933 105 23 weather-

654 965 101 23 boarded
763 964 77 27 stable,
849 964 44 22 and
901 963 63 22 other
970 961 168 22 conveniences.
1165 961 78 22 Terms

655 992 86 27 liberal,
754 991 71 28 apply
829 995 24 18 at
861 990 44 23 this
916 989 79 22 Office!

684 1020 54 26 May
749 1020 33 25 24,
794 1020 61 20 1842.
1016 1015 11 34 f

847 1063 93 20 House
956 1062 31 19 to
997 1061 58 20 Let.

656 1100 52 48 A
730 1097 87 22 GOOD
837 1095 132 24 suhstantial
987 1094 76 27 house,
1083 1093 54 22 with
1154 1092 90 23 kitchen

736 1124 47 22 and'
791 1124 137 25 out-houses,
940 1125 23 18 to
973 1121 33 22 let
1013 1121 25 21 in
1048 1117 192 26 Manners-street

656 1152 46 22 For
708 1151 138 29 particulars,
858 1149 67 28 apply
936 1152 23 18 to
971 1148 45 22 Mr.
1027 1147 120 23 Brewer's
1159 1147 84 21 Office..

805 1197 41 20 To
860 1196 34 20 be
910 1194 66 22 Sold
997 1199 30 15 or
1040 1194 56 19 Let.

655 1231 12 12 r
672 1230 78 22 riWO
763 1229 100 22 Wooden
875 1229 96 24 Houses,
983 1225 260 27 ontheTinakore-road,

665 1249 25 28 X
733 1258 38 21 the
789 1256 84 22 second
891 1262 50 15 acre
959 1255 60 21 from
1039 1252 92 28 Captain
1148 1253 95 26 Smith's,

702 1284 130 26 containing
846 1283 49 22 four
904 1288 75 16 rooms
990 1279 44 23 and
1050 1286 13 15 a
1074 1286 100 21 passage,
1190 1277 55 24 each

656 1312 53 21 with
728 1312 50 21 zinc
797 1310 67 25 roofs,
891 1309 45 21 and
959 1308 24 21 in
1008 1314 66 19 every
1091 1310 88 23 respect
1196 1305 49 23 well

656 1338 102 23 finished.
787 1337 107 22 Terms—
895 1336 24 21 lf
926 1335 56 26 sold,
994 1334 59 22 £150
1064 1333 34 21 for
1104 1333 54 22 each
1163 1333 68 22 house
1237 1342 6 19 ;

656 1366 20 22 if
687 1366 37 26 let,
736 1366 32 21 £1
778 1371 42 21 per
829 1363 63 22 week
900 1363 35 21 for
945 1361 57 23 each
1009 1361 78 21 house.
1115 1360 76 27 Apply
1201 1363 22 19 to

1051 1394 75 23 James
1140 1395 78 22 Watt.

669 1426 144 27 Wellington,
822 1425 59 21 Nov.
891 1424 34 26 27,
934 1424 63 20 1841.

917 1469 77 24 Lost,

657 1497 108 50 LAST
785 1495 136 26 SUNDAY,
942 1495 38 21 the
999 1493 53 23 29th
1071 1493 63 27 May,
1154 1501 14 14 a
1184 1493 61 26 large

734 1524 67 21 white
811 1523 92 27 English
912 1523 56 21 Sow.
997 1521 112 21 Whoever
1115 1520 44 22 will
1169 1523 76 18 return

658 1559 25 15 or
691 1552 49 26 give
752 1550 142 22 information
910 1549 26 22 of
949 1549 40 21 the
997 1555 69 17 same,
1077 1547 44 22 will
1137 1547 27 22 be
1177 1545 69 23 hand-

658 1578 87 28 somely
754 1577 113 22 rewarded
876 1577 30 27 by

942 1603 31 21 D.
990 1603 21 21 S.
1027 1601 79 23 Doric
1120 1601 44 21 and
1180 1601 38 21 Co.

687 1632 58 27 May
754 1632 33 25 31,
798 1632 62 21 1842.

859 1674 78 22 Fruit
957 1674 91 20 Trees.

659 1703 91 49 FOR
772 1702 85 27 SALE,
878 1709 14 14 a
910 1700 95 22 numher
1027 1700 26 21 of
1070 1699 106 22 first-rate
1194 1698 53 22 fruit

732 1733 64 22 trees,
815 1728 109 28 imported
935 1728 73 21 direct
1017 1727 55 21 from
1088 1726 110 27 England,
1209 1725 37 22 the

659 1757 100 27 superior
767 1756 54 21 fruit
830 1756 25 21 of
866 1754 73 23 which
948 1754 83 27 gained
1044 1754 37 21 the
1096 1753 72 27 prizes
1178 1756 23 18 at
1210 1752 36 22 the

660 1787 42 18 two
717 1784 44 21 last
776 1782 156 23 horticultural
952 1781 79 22 shows.
1060 1780 63 27 They
1142 1787 36 14 are
1197 1786 49 15 now

658 1810 70 28 ready
746 1810 34 21 for
798 1813 48 18 trail
850 1808 142 28 splantation,
1013 1807 43 22 and
1079 1807 106 27 comprise
1209 1806 37 21 the

658 1838 51 21 best
719 1837 45 22 and
771 1836 69 22 latest
848 1836 66 22 kinds
928 1836 61 21 from
997 1835 37 21 the
1049 1834 72 27 Royal
1135 1833 112 22 Horticul-

660 1864 58 22 tural
729 1863 108 23 Gardens.
867 1862 73 28 Apply
953 1865 23 18 to

787 1899 108 20 Charles
910 1897 26 22 E.
952 1896 54 22 Yon
1021 1896 117 26 Alzdorf,

983 1923 74 22 Breda
1067 1930 28 14 on
1105 1922 38 22 the
1154 1921 66 23 Hutt.

688 1952 57 27 May
755 1951 32 27 27,
799 1952 60 21 1842.

662 1994 72 52 ON
750 1996 79 23 SALE
843 1997 31 25 by
890 1996 36 21 the
943 1994 156 28 undersigned,
1116 2002 29 15 ex
1162 1996 86 20 London

740 2024 44 21 and
793 2024 45 21 late
849 2022 59 28 ships
909 2034 28 4 —
1046 2034 5 9 f
1159 2029 50 14 frrt-

687 2052 42 20 400
742 2050 54 27 kegs
805 2050 74 28 paints
890 2049 44 22 a*hd
945 2048 92 26 colours,

688 2079 14 20 9
716 2081 70 18 crates
797 2076 157 27 earthenware,

688 2106 28 20 20
730 2104 63 21 casks
803 2104 123 26 glassware,

688 2131 51 27 Tar,
750 2130 68 28 pitch,
830 2130 46 21 and
885 2129 98 27 varnish,

688 2158 161 28 Apothecaries
858 2157 131 27 perfumery
997 2155 46 23 and
1051 2155 169 27 confectionery.

1019 2191 88 21 Willis
1121 2189 47 22 and
1182 2190 38 21 Co.

730 2237 44 20 Ex
811 2238 96 26 Agnes
947 2236 55 21 and

670 2270 161 22 TOHNSON
842 2269 46 23 and
897 2269 114 22 MOORE
1020 2268 56 22 have
1083 2268 49 27 just
1140 2267 108 28 received,

662 2292 27 28 tl
726 2297 57 23 New
794 2297 43 22 and
846 2296 140 22 fashionable
996 2295 43 22 silk
1051 2295 103 27 honnets,
1167 2295 83 21 bonnet

663 2332 58 20 caps,
732 2325 44 21 and
786 2328 65 18 straw
860 2324 104 27 honnets,

690 2352 140 21 Artificial
846 2358 104 14 flowers
966 2357 47 15 and
1028 2356 116 19 wreaths,

691 2379 106 26 Ribbons,
813 2378 108 27 galloons,
936 2384 54 14 silk
1003 2384 46 14 and
1064 2384 107 14 worsted
1185 2383 65 15 bind-

663 2413 61 20 ings,

691 2433 103 21 Persian
810 2439 46 14 and
872 2438 88 14 glazed
976 2437 81 15 calico
1067 2438 102 19 linings,

691 2459 89 22 Ladies'
797 2457 158 23 tortoise-shell
971 2457 49 22 side
1035 2457 80 27 combs,
1133 2457 45 22 fine
1190 2456 61 22 teeth

663 2487 84 26 combs,

691 2513 101 22 Infants
806 2520 108 14 worsted
928 2518 71 15 boots
1013 2518 47 14 and
1074 2518 75 20 socks,

691 2540 85 23 Tinn'd
792 2547 78 19 tacks,
886 2546 37 14 pit
940 2546 48 14 saw
1001 2546 70 19 files,
1086 2537 33 28 pit
1135 2537 44 23 and
1193 2545 58 15 cross

663 2570 39 19 cut
711 2574 62 19 saws,
785 2566 69 22 coffee
865 2565 45 22 and
918 2565 60 28 spice
990 2565 64 27 mills,

692 2594 107 21 Cottage
815 2600 94 19 grates,
919 2593 90 21 various
1018 2594 104 25 patterns,
1135 2593 40 21 &c.
1183 2614 3 7 t

692 2622 69 21 Stone
771 2627 58 15 ware
839 2621 23 20 in
872 2619 103 28 pitchers,
987 2619 87 27 bottles,
1085 2619 45 21 and
1137 2619 53 28 jars,

693 2648 59 21 Fine
768 2655 73 14 black
855 2654 44 15 tea
913 2647 25 21 in
954 2648 12 24 J
985 2646 79 27 chests,
1078 2646 74 22 butter
1165 2646 24 21 in
1205 2645 50 22 half

663 2674 84 28 firkins,
760 2688 3 4 •

693 2702 54 21 Best
756 2701 76 27 coffee,
843 2701 103 26 Manilla,
956 2700 67 27 Siam,
1033 2700 44 21 and
1086 2699 87 23 refined
1182 2707 69 20 sugar,

693 2728 73 23 Patna
775 2728 52 27 rice,
837 2728 86 26 raisins,
934 2728 50 26 &c,

694 2755 75 27 Cheap
778 2755 46 22 rice
834 2755 34 22 for
876 2754 95 28 poultry.

665 2782 190 27 Lambton-quay,
869 2784 55 25 May
933 2783 35 25 14,
980 2782 61 21 1842.

853 2828 44 20 Ex

668 2861 92 49 THE
774 2860 153 28 undersigned
941 2860 43 21 has
996 2861 48 26 just
1060 2859 103 22 received
1178 2868 14 13 a
1201 2867 52 14 con-

743 2888 112 27 signment
874 2887 26 22 of
915 2894 65 21 maps
999 2887 45 21 and
1064 2886 72 22 charts
1154 2887 58 25 fopm
1231 2887 21 21 J.

667 2915 94 27 Wyld's,
785 2914 98 27 Charing
906 2914 72 27 Cross,
1004 2913 145 28 Geographer
1171 2917 23 18 to
1217 2913 36 22 the

669 2942 86 26 Queen,
765 2941 36 22 viz
809 2949 5 13 :
815 2953 29 4 —

696 2968 72 27 Large
778 2971 44 19 two
832 2968 63 22 sheet
904 2974 52 21 map
967 2967 27 21 of
999 2967 57 21 New
1065 2966 107 29 Zealand,

696 2996 51 21 One
757 2995 63 22 sheet
829 3002 52 20 map
891 2995 26 21 of
923 2994 58 21 New
992 2993 104 28 Zealand,

697 3022 105 22 Chaffers'
821 3022 63 22 chart
900 3021 25 22 of
940 3020 81 23 Cook's
1041 3021 85 27 Straits,
1144 3021 54 22 with
1216 3020 37 22 the

668 3049 68 22 latest
746 3048 117 28 additions,

697 3076 106 22 Chaffers'
814 3076 62 22 chart
886 3075 26 22 of
918 3075 54 22 Port
982 3073 128 28 Nicholson,

696 3103 133 22 Mercator's
839 3102 63 23 chart
912 3102 24 21 of
948 3101 40 22 the
997 3101 75 27 world,
1084 3102 41 21 &c.
1137 3102 39 22 &c.
1187 3102 38 22 &c.

1029 3134 111 23 William
1154 3135 72 23 Lion.

669 3164 85 22 Corner
763 3163 26 23 of
795 3163 153 22 Willis-street
957 3162 45 22 and
1013 3162 188 28 Lambton-quay.

844 3190 79 22 March
933 3191 20 26 8,
965 3190 62 21 1842.

855 3235 43 20 Ex

670 3269 74 50 ON
766 3268 85 28 SALE,
872 3271 24 19 at
914 3268 37 22 the
971 3269 75 21 Stores
1069 3268 26 22 of
1113 3269 40 22 the
1175 3269 82 23 under-

749 3296 85 27 signed,

670 3323 99 23 SEVEN
794 3323 69 21 AND
888 3322 22 22 A
933 3322 89 22 HALF
1045 3322 78 22 TONS
1149 3323 108 23 SHING-

778 3349 80 22 LING
873 3349 67 22 AND
955 3349 79 23 ROSE
1048 3349 101 28 NAILS,

696 3379 42 20 200
749 3376 53 27 kegs
812 3376 48 22 best
870 3376 66 22 white
945 3376 59 27 lead,

698 3403 98 23 Linseed
806 3403 37 27 oil,
854 3403 136 27 turpentine,
1001 3403 45 22 and
1055 3403 80 28 paints,

697 3430 104 23 Window
810 3430 66 27 glass,
887 3429 30 22 all
925 3429 66 28 sizes,
1001 3430 40 22 &c.
1052 3429 39 23 &c.

1017 3463 22 22 J.
1054 3463 33 26 M-
1102 3458 103 34 Taylor,'

1131 3491 32 22 Te
1177 3494 54 19 Aro.

674 3537 73 49 ON
761 3536 108 22 SALE—
869 3536 112 25 MAIZE,
993 3535 37 22 the
1039 3536 43 21 last
1090 3536 26 20 of
1126 3536 37 22 the
1173 3543 86 15 season.

924 3563 26 21 F.
962 3562 29 22 V.
1002 3563 98 21 Martin
1110 3563 46 21 and
1166 3563 38 27 Co,

1136 3591 32 21 Te
1178 3591 54 21 Aro.

701 3617 56 28 May
767 3616 32 29 17,
813 3619 59 21 1842.
1152 3643 4 3 ,

915 3661 107 26 Bricks,

676 3696 87 48 FOR
779 3696 84 27 SALE,
876 3699 23 19 at
914 3697 45 21 60s.
977 3703 41 20 per
1034 3695 118 22 thousand.
1185 3696 77 32 Apply

734 3727 23 17 to
773 3723 23 21 J.
811 3723 97 27 Pitnble,
919 3726 24 18 at
956 3722 39 22 the
1013 3722 169 28 Sydney-street
1195 3724 67 21 Brick

675 3749 45 22 and
729 3749 47 22 Tile
794 3749 88 28 Works,
893 3753 24 19 at
924 3750 40 22 the
980 3757 50 14 rear
1040 3750 25 21 of
1076 3749 94 23 Colonel
1183 3749 80 23 Wake-

865 3777 72 21 field's
950 3776 122 22 residence.

743 3810 77 22 Terms
822 3821 27 5 —
850 3810 52 22 cash
913 3818 28 14 on
953 3810 100 28 delivery
1063 3812 25 20 at
1097 3809 38 23 the
1144 3810 55 23 kiln.

680 3854 87 49 FOR
781 3854 86 27 SALE,
877 3854 32 28 hy
917 3855 86 27 private
1015 3857 104 25 contract,
1130 3855 135 32 horsgSj-and

752 3887 57 15 cows
826 3880 44 23 and
884 3881 82 22 heifers
982 3882 22 21 in
1020 3881 49 24 calf,
1097 3881 77 29 !&pply
1174 3884 7 7 J
1181 3880 34 26 to''
1214 3888 4 6 <
1218 3882 46 22 Mr.

677 3908 96 26 Revans,
792 3915 25 14 or
834 3911 22 18 to
870 3908 46 22 Mr.
931 3908 86 27 Hulke,
1036 3904 228 37 Cd^astureJ'Eftrm,

678 3935 81 22 Evans'
769 3934 56 28 Bay.
1065 3936 14 11 '*-
1078 3934 5 6 1
1085 3937 4 4 '
1138 3945 11 17 /
1163 3949 7 6 »
1183 3931 44 33 1^-
1258 3955 5 6 ,

706 3968 147 28 Wellington,
864 3968 56 28 May
929 3968 35 27 17,
974 3969 62 21 1842.
1134 3971 23 22 '/
1166 3957 39 40 --f
1206 3964 16 14 x
1222 3961 33 32 '^'

1443 122 90 26 Cheap
1550 120 139 26 Clothing.

1271 155 193 31 /COMPLETE
1479 155 87 23 SUITS
1582 154 26 20 of
1620 153 77 27 neatly
1709 153 65 22 made
1791 153 73 21 Gam-

1271 174 41 31 0
1351 180 71 24 brodn
1443 182 92 27 clothes,
1556 184 24 19 at
1596 180 59 22 from
1674 180 35 24 £3
1728 183 22 19 to
1768 180 35 24 £3
1821 180 41 26 55.,

1269 209 120 27 according
1400 212 24 18 to
1434 209 52 22 size.

1457 237 28 21 E.
1502 237 127 23 Stafford,
1643 232 83 28 Tailor,

1519 269 63 22 Near
1592 267 138 26 Wellington
1739 267 96 22 Tavern.

1299 296 57 28 May
1364 296 35 28 27,
1412 298 61 21 1842.

1345 342 134 26 Building
1493 341 172 21 Allotments
1680 341 30 19 to
1725 340 59 21 Let,

1270 375 91 48 THE
1379 374 203 23 ADVERTISER
1597 373 66 21 offers
1676 379 63 21 upon
1754 371 110 27 Building

1344 401 90 27 Leases,
1446 409 13 14 a
1467 401 98 22 number
1575 400 26 22 of
1610 399 71 22 Town
1690 399 139 22 Allotments
1838 399 24 21 in

1269 428 38 21 the
1316 430 59 20 most
1384 428 109 21 desirable
1502 431 63 24 parts
1574 427 27 22 of
1611 426 43 22 this
1665 425 141 23 Settlement.

1295 455 49 22 The
1362 455 112 22 attention
1491 455 27 21 of
1533 455 40 21 the
1589 453 76 28 public
1681 453 20 21 is
1716 451 147 29 particularly

1269 481 73 22 called
1360 484 22 19 to
1403 481 38 22 the
1458 481 127 27 advantage
1604 479 26 22 of
1646 479 109 28 Building
1770 479 92 26 Leases,

1269 508 73 22 which
1351 508 37 21 the
1398 507 154 28 undersigned
1559 508 20 21 is
1590 506 96 22 enabled
1695 509 23 19 to
1727 508 74 25 grant,
1809 506 53 27 viz.,

1270 535 58 22 from
1337 542 67 15 seven
1415 537 24 19 to
1456 536 140 26 twenty-one
1612 540 73 20 years,
1703 533 121 26 according
1839 535 25 19 to

1270 562 37 21 the
1326 561 65 22 value
1411 562 27 21 of
1458 561 38 22 the
1521 560 113 27 buildings
1654 560 111 27 proposed
1787 562 23 19 to
1834 559 29 22 be

1271 588 95 23 erected.
1396 588 78 28 Apply
1484 591 23 18 to

1434 622 30 22 A.
1479 622 108 26 Ludlam,
1599 627 26 14 or

1434 656 37 21 W.
1486 655 30 22 V.
1530 656 108 24 Brewer,
1653 654 200 22 Manners-street..

1442 700 90 21 Beach
1545 700 152 25 Frontage.

1272 734 68 49 TO
1351 734 39 22 BE
1406 734 87 26 SOLD,
1501 734 24 22 in
1533 733 46 22 lots
1589 732 26 22 of
1620 735 41 19 not
1669 731 44 23 less
1719 732 54 22 than
1783 733 29 21 20
1818 732 46 22 feet

1359 761 24 21 in
1402 761 102 26 breadth,
1525 760 37 22 the
1583 759 71 21 whole
1674 759 26 21 of
1720 759 38 21 the
1777 759 86 21 section

1271 788 44 21 No.
1322 788 41 21 485
1373 795 30 14 on
1414 788 39 21 the
1459 787 57 22 Plan
1526 787 26 22 of
1556 787 39 21 the
1604 785 69 22 Town
1684 785 27 21 of
1716 785 146 27 Wellington,

1271 815 83 27 having
1363 815 115 27 frontages
1486 821 61 21 upon
1559 812 184 27 Lambton-quay
1749 811 42 22 and
1802 819 62 20 upon

1272 841 242 28 Wellington-terrace.
1544 839 113 23 One-half
1669 839 23 21 of
1708 838 37 22 the
1754 838 110 28 purchase

1272 876 82 19 money
1361 868 45 22 will
1415 868 28 22 be
1451 867 94 22 allowed
1554 870 23 19 to
1584 865 85 22 remain
1678 872 60 19 upon
1748 869 117 22 mortgage

1272 895 35 22 for
1316 895 43 22 five
1368 902 73 21 years,
1458 898 23 19 at
1498 896 27 21 10
1538 902 42 19 per
1594 896 57 18 cent.
1681 892 78 22 Terms
1768 900 54 19 may
1836 892 29 21 be

1272 922 91 21 learned
1373 929 30 14 on
1414 922 136 28 application
1562 926 23 17 to

1541 956 102 21 Hanson
1658 952 46 23 and
1717 953 118 22 Alzdorf.

1408 1001 88 20 Town
1511 999 78 21 Land
1600 998 42 20 for
1657 997 69 21 Sale.

1273 1034 93 22 fTiHE
1381 1032 73 23 whole
1471 1034 26 21 of
1510 1036 61 19 to\vn
1582 1032 95 22 sections
1692 1030 53 23 Nos.
1756 1031 47 27 285,
1815 1032 48 25 106,

1281 1053 29 30 X
1348 1060 45 22 and
1410 1061 48 27 878,
1469 1060 46 22 and
1528 1063 52 24 part
1589 1058 26 22 of
1628 1062 60 18 town
1704 1058 96 21 sections
1814 1058 49 25 204,

1272 1089 49 25 248,
1332 1088 45 21 and
1390 1088 42 21 528
1450 1095 36 14 are
1501 1086 84 23 offered
1589 1085 39 32 /or
1637 1085 54 21 sale.
1719 1084 59 23 Half
1788 1084 27 21 of
1827 1084 38 21 the

1272 1114 110 29 purchase
1399 1121 84 20 money
1491 1117 24 18 to
1525 1112 86 23 remain
1622 1119 28 14 on
1666 1114 121 24 mortgage,
1800 1114 24 18 at
1838 1112 28 20 10

1272 1149 41 21 per
1323 1144 59 19 cent.
1411 1140 45 23 For
1464 1140 139 28 particulars,
1614 1138 66 28 apply
1690 1142 22 17 to

1546 1173 99 22 Hanson
1660 1171 46 22 and
1719 1172 118 21 Alzdorf.

1388 1224 125 26 Country
1528 1222 79 22 Land
1622 1222 42 21 for
1679 1222 67 21 Sale.

1274 1258 68 49 TO
1358 1258 39 21 BE
1411 1258 79 21 SOLD
1509 1257 35 22 IN
1559 1255 83 27 LOTS,
1658 1258 23 19 to
1698 1255 44 22 suit
1756 1255 37 21 the
1811 1262 55 14 con-

1349 1285 109 22 venience
1469 1285 26 21 of
1501 1284 138 28 purchasers,
1649 1282 44 22 No.
1702 1283 12 20 3
1724 1282 23 22 in
1758 1282 36 22 the
1805 1285 61 18 town

1274 1312 91 26 district,
1378 1312 44 21 No.
1432 1313 28 20 44
1469 1312 22 21 in
1502 1311 37 22 the
1555 1310 61 22 Hutt
1625 1309 93 26 district,
1730 1309 43 22 and
1783 1309 45 21 No.
1838 1310 28 20 68

1273 1340 24 20 in
1314 1338 38 22 the
1371 1338 94 22 Porirua
1485 1338 86 21 district
1578 1344 6 15 :
1599 1336 50 21 half
1660 1336 26 21 of
1702 1335 38 22 the
1756 1335 111 28 purchase

1275 1373 82 20 money
1365 1365 47 22 will
1426 1366 28 21 be
1464 1364 95 23 allowed
1574 1368 23 17 to
1606 1363 86 22 remain
1703 1370 29 14 on
1741 1366 124 24 mortgage,

1275 1396 23 18 at
1308 1394 27 20 10
1342 1399 40 21 per
1392 1396 60 18 cent.
1481 1392 45 21 For
1534 1390 139 29 particulars,
1685 1390 66 27 apply
1761 1393 21 18 to

1549 1425 99 23 Hanson
1662 1424 45 21 and
1721 1424 117 21 Alzdorf.

1277 1472 66 49 TO
1358 1472 39 21 BE
1413 1472 68 26 LET,
1495 1472 40 21 the
1554 1474 63 18 town
1634 1477 52 14 acre
1702 1469 45 22 No.
1758 1471 51 25 210,
1836 1476 31 14 on

1349 1498 104 28 building
1461 1499 67 27 lease,
1537 1498 36 21 for
1583 1497 103 21 fourteen
1697 1504 69 19 years.

1301 1526 34 22 To
1344 1526 27 21 be
1381 1525 34 22 let
1422 1533 25 14 or
1456 1526 55 26 sold,
1523 1525 37 22 the
1572 1528 59 18 town
1639 1531 51 14 acre
1700 1523 43 21 No.
1755 1524 48 21 642.

1603 1557 29 21 A.
1647 1556 107 28 Luolam,

1676 1583 72 22 Willis
1758 1584 80 21 Street.

1295 1633 85 20 Town
1397 1632 55 20 and
1467 1632 124 24 Country
1605 1629 77 21 Land
1696 1630 29 19 to
1741 1629 32 20 be
1789 1629 59 20 Let.

1279 1665 167 31 CJECTIONS
1462 1664 45 22 and
1523 1664 101 27 portions
1640 1662 27 22 of
1679 1662 101 21 Sections
1795 1661 26 22 in
1836 1660 31 22 all

1278 1685 33 30 >5
1345 1695 61 24 parts
1424 1691 27 23 of
1464 1691 39 21 the
1521 1691 71 21 Town
1611 1688 26 23 of
1651 1688 147 28 Wellington,
1820 1687 52 22 also.

1276 1720 99 26 Country
1384 1719 103 21 Sections
1500 1718 25 21 in
1535 1718 40 21 the
1591 1716 96 22 districts
1705 1715 26 22 of
1742 1716 38 21 the
1798 1714 68 27 Hutt,

1276 1747 38 21 the
1326 1745 90 27 Karori,
1431 1745 35 22 the
1477 1745 77 26 Ohiro,
1568 1743 45 23 and
1625 1742 37 22 the
1672 1742 99 22 Porirua.
1801 1742 67 26 Long

1275 1773 70 22 leases
1356 1772 25 22 of
1387 1772 40 22 the
1444 1775 94 23 country
1548 1770 58 22 land
1619 1770 46 21 will
1680 1770 29 21 be
1723 1768 96 28 granted
1837 1775 30 14 on

1275 1799 131 23 reasonable
1418 1803 73 18 terms.
1522 1798 45 22 For
1575 1796 132 29 particulars
1716 1796 66 28 apply
1792 1799 24 18 to

1302 1834 99 21 Hanson
1412 1832 46 22 and
1472 1832 118 25 Alzdorf,
1599 1829 199 28 Thorndon-quay.
1809 1836 25 14 or
1845 1832 22 18 to

1302 1861 95 21 Robert
1408 1860 94 25 Stokes,
1514 1859 66 21 Land
1594 1858 111 25 Surveyor
1723 1856 43 22 and
1780 1856 86 27 Agent,

1461 1884 220 23 Woolcomb-street.

1276 1933 87 19 Town
1386 1932 58 20 and
1467 1932 125 24 Country
1611 1928 77 21 Land
1709 1929 30 20 to
1760 1928 50 20 Let
1831 1933 37 14 on

1467 1958 81 26 Long
1568 1957 108 20 Leases.

1277 1992 100 49 NOS.
1394 1991 26 22 of
1436 1991 38 22 the
1493 1995 62 17 town>
1572 1996 62 16 acres
1653 1996 30 14 on
1700 1988 37 22 the
1757 1989 112 26 Surveyor

1479 2016 117 22 General's
1606 2015 63 26 Plan,
1700 2030 4 2 -
1725 2020 4 4 *

1384 2044 43 22 224
1552 2044 42 20 510
1717 2041 41 21 263

1279 2071 44 22 For
1330 2070 139 29 particulars,
1482 2069 67 28 apply
1559 2073 24 18 to

1442 2097 126 26 Wallace,
1580 2095 92 26 White,
1684 2093 47 23 and
1742 2093 127 22 Wallace.

1307 2125 56 27 May
1371 2125 25 21 31
1400 2125 78 25 ,1842.
1865 2120 6 34 [

1378 2169 107 21 Nelson
1500 2168 78 21 Land
1593 2166 145 27 Agencies.

1279 2203 90 49 THE
1384 2202 153 28 undersigned
1551 2202 45 25 beg
1605 2203 22 19 to
1638 2200 54 22 offer
1703 2199 133 22 themselves
1847 2201 22 19 to

1352 2229 38 22 the
1400 2230 77 27 public
1487 2237 24 14 as
1521 2231 79 25 agents
1609 2227 35 21 for
1654 2226 38 22 the
1702 2226 107 22 selection
1824 2226 46 21 and

1279 2257 96 27 disposal
1384 2257 27 21 of
1419 2260 59 18 town
1488 2256 45 22 and
1543 2257 95 24 country
1653 2253 66 22 lands
1729 2254 23 21 in
1763 2253 38 21 the
1819 2260 51 14 new

1279 2284 127 22 settlement
1434 2283 26 22 of
1484 2283 95 22 Nelson.
1617 2280 77 28 Apply
1716 2283 23 19 to
1760 2280 109 26 Wallace,

1279 2310 81 27 White,
1371 2310 47 22 and
1426 2310 107 27 Wallace,
1545 2308 147 27 Wellington.

1400 2344 123 22 Patchett
1536 2343 47 22 and
1597 2342 91 26 White,
1700 2340 63 23 Land
1773 2340 96 28 Agents,

1396 2379 7 8 v
1581 2368 93 22 Nelson.

1306 2397 133 27 December,
1450 2398 63 21 1841.

1447 2443 90 19 Beach
1554 2441 147 25 Frontage.

1281 2477 66 49 TO
1361 2476 40 22 BE
1417 2476 65 26 LET,
1497 2475 72 22 beach
1580 2474 101 25 frontage
1695 2473 44 22 lots
1749 2473 23 21 in
1782 2475 89 20 section

1352 2504 42 21 490
1404 2510 30 15 on
1450 2503 38 21 the
1498 2502 57 22 Plan
1566 2501 26 22 of
1600 2500 37 22 the
1646 2500 68 21 Town
1730 2500 25 21 of
1761 2500 110 27 Welling-

1279 2534 45 24 ton,
1337 2530 116 28 adjoining
1462 2530 44 21 Mr.
1515 2528 90 23 Taine's
1612 2530 68 24 store;
1697 2527 44 21 and
1751 2527 22 21 in
1783 2527 88 21 section

1279 2560 47 25 616,
1335 2558 101 21 between
1444 2556 76 28 Major
1526 2554 94 23 Baker's
1630 2553 44 22 and
1683 2553 45 22 Mr.
1735 2554 136 21 Swainson's

1279 2585 86 22 houses.

1307 2612 54 21 Also
1372 2610 38 21 the
1419 2610 114 26 following
1543 2608 97 23 sections
1650 2614 30 14 on
1690 2607 38 21 the
1735 2607 56 22 Plan
1799 2607 27 21 of
1832 2607 39 21 the

1279 2639 77 26 Town,
1366 2638 37 21 viz
1408 2645 5 14 :
1415 2648 29 5 —

1382 2665 28 21 55
1547 2663 43 22 319
1739 2662 40 20 922

1370 2692 43 21 240
1548 2690 43 22 718
1727 2689 52 21 1079

1307 2718 76 29 Apply
1398 2721 24 18 to

1458 2744 27 22 E.
1501 2744 22 22 J.
1537 2743 153 25 Wakefield,
1707 2748 25 15 or

1458 2772 35 20 W.
1510 2770 27 22 V.
1553 2770 108 25 Brewer,
1677 2768 194 22 Manners-street.

1282 2819 122 24 Country
1418 2816 126 22 Sections
1563 2815 43 21 for
1626 2814 60 21 Sale
1709 2819 35 15 on
1762 2813 111 21 Liberal

1526 2843 104 20 Terms.

1284 2875 164 52 SEVERAL
1483 2875 102 22 Sections
1613 2873 26 21 of
1671 2873 99 27 Country
1798 2871 74 28 Land,

1347 2902 92 28 already
1449 2902 82 22 chosen
1540 2902 26 21 in
1576 2900 37 21 the
1627 2899 94 22 Porirua
1735 2899 92 27 district,
1838 2899 36 21 for

1283 2931 57 27 Sale,
1351 2937 76 15 terms
1436 2936 107 16 liberal.
1573 2927 75 28 Apply
1658 2930 23 18 to

1377 2963 26 22 F.
1418 2963 30 22 A.
1462 2963 173 25 Moleswortii,
1651 2958 187 29 Murphy-street,
1850 2966 25 15 or

1378 2990 35 22 W.
1429 2990 28 22 V.
1473 2991 109 25 Brewer,
1594 2988 193 21 Manners-street.

1283 3036 79 23 PORT
1382 3034 186 23 NICHOLSON
1598 3032 68 22 AND
1690 3031 186 23 WANGANUI.

1396 3062 92 21 Lands
1499 3064 28 18 to
1537 3062 35 20 be
1583 3060 49 20 Let
1643 3065 29 14 or
1683 3059 73 21 Sold.

1284 3089 164 50 SEVERAL
1468 3089 71 21 Town
1558 3086 45 23 and
1617 3086 100 27 Country
1736 3085 97 22 sections
1851 3085 25 22 in

1347 3116 37 21 the
1399 3116 54 21 Port
1462 3115 126 22 Nicholson
1605 3113 91 26 district,
1711 3112 45 22 and
1775 3113 101 26 Country

1283 3143 95 23 sections
1384 3143 25 21 in
1419 3143 38 21 the
1466 3140 130 29 Wanganui
1605 3139 92 26 district,
1708 3139 52 22 with
1768 3139 39 22 the
1816 3139 62 27 right

1284 3170 25 23 of
1329 3170 60 26 early
1409 3169 89 22 choices
1518 3168 82 27 (under
1617 3166 33 27 14)
1669 3166 26 21 of
1714 3165 39 23 the
1766 3166 112 22 intended

1283 3196 110 28 township
1400 3196 69 26 there,
1478 3198 23 19 to
1507 3195 27 21 be
1540 3193 51 24 sold
1598 3200 25 15 or
1627 3193 40 21 let.
1695 3192 44 23 For
1745 3193 133 28 particulars

1284 3224 46 23 and
1337 3228 76 22 terms,
1425 3222 66 28 apply
1502 3225 23 18 to

1469 3249 97 22 Robert
1580 3247 28 21 R.
1624 3246 101 27 Strang,
1739 3247 111 22 Solicitor.

1311 3276 147 27 Wellington,
1467 3276 59 21 Nov.
1536 3276 36 25 25;
1584 3274 51 21 1841

1288 3320 116 52 LAND
1420 3323 23 19 to
1452 3320 29 21 be
1492 3319 53 22 Sold
1556 3325 25 16 or
1587 3318 47 22 .Let
1648 3325 29 14 on
1692 3318 102 28 building
1806 3318 73 23 leases

1362 3348 24 21 in
1397 3346 31 23 all
1437 3350 61 24 parts
1507 3346 25 22 of
1540 3346 39 22 the
1589 3345 76 22 Town.
1695 3345 74 28 Apply
1780 3351 22 16 to

1396 3380 91 23 Messrs.
1503 3380 79 22 Evans
1597 3378 43 22 and
1655 3378 122 28 Chetham,

1594 3405 118 27 Solicitors,

1658 3432 192 29 Lambton-quay.

1314 3463 56 26 May
1378 3463 35 24 23,
1425 3462 61 21 1842.

1528 3504 110 23 Notice.

1290 3539 90 52 THE
1392 3537 233 24 UNDERSIGNED
1635 3537 84 26 having
1726 3545 14 14 a
1747 3537 62 28 large
1817 3537 64 23 stock

1352 3566 25 22 of
1387 3566 117 22 fire-wood
1517 3573 29 15 on
1564 3564 72 27 hand,,
1642 3563 74 23 would
1730 3565 33 21 be'
1772 3565 76 27 happy
1857 3568 24 18 to

1290 3594 78 28 supply
1378 3593 83 28 parties
1478 3593 54 21 with
1550 3599 45 19 any
1605 3591 102 28 quantity
1707 3602 28 4 —
1735 3591 58 22 from
1808 3594 40 19 ten
1857 3595 24 17 to

1289 3622 44 22 five
1349 3619 104 23 hundred
1468 3619 64 23 loads
1541 3627 5 19 ;
1564 3617 46 23 also
1624 3624 68 21 spars,
1707 3617 69 28 poles,
1792 3618 88 26 rafters,

1291 3648 45 23 and
1345 3647 69 22 knees
1429 3647 35 21 for
1471 3643 3 8 '
1480 3644 170 30 ship-building,
1662 3647 23 19 to
1701 3644 28 22 be
1742 3642 69 24 taken
1823 3645 60 21 from

1291 3673 236 24 Wordsworth-street.
1567 3671 64 23 Price
1651 3674 23 18 to
1692 3671 29 22 be
1744 3671 82 27 agreed
1845 3678 35 21 on,

1290 3709 60 21 upon
1360 3700 137 29 application
1507 3703 23 19 to

1592 3725 82 21 Baker
1687 3724 111 28 Polhill,

1653 3751 36 21 At
1700 3751 45 23 Dr.
1756 3751 127 23 Butler's.

1292 3781 147 28 Wellington,
1450 3780 66 29 April
1524 3781 34 25 14,
1570 3779 60 22 1842.

1532 3830 108 23 Notice.

1293 3867 91 50 ALL
1405 3866 140 23 PERSONS
1567 3864 84 27 having
1667 3863 95 28 Agency
1779 3870 26 15 or
1820 3863 65 22 other

1359 3894 103 23 business
1478 3893 53 23 with
1547 3892 46 23 Mr.
1610 3891 22 22 J.
1647 3890 27 23 T.
1690 3890 135 27 Wicksteed,
1847 3897 38 15 are

1293 3920 119 29 requested
1417 3924 24 19 to
1448 3920 66 29 apply
1519 3923 23 19 to
1548 3920 47 22 Mr.
1601 3917 81 24 Alfred
1688 3917 101 28 Ludlam,
1805 3917 81 22 Willis-

1294 3951 76 18 street.
1377 3957 2 7 '
1424 3951 5 19 i

1289 3971 4 8 '
1319 3973 148 34 -Welia^tdn,
1479 3971 58 29 May
1545 3974 21 24 2,
1579 3972 60 21 1842.
