2550 4029
664 1151 93 65 New
788 1151 218 65 Zealand
1037 1151 217 65 Gazette

711 1217 67 21 AND
793 1216 211 23 WELLINGTON
1020 1217 187 22 SPECTATOR.

762 1285 129 26 Saturday,
907 1285 125 22 February
1049 1287 32 24 19,
1098 1286 59 20 1842.

1317 139 50 23 The
1380 144 108 19 accounts
1501 140 58 24 from
1577 140 93 30 Sydney
1680 145 120 25 represent
1816 141 58 22 New

1284 172 75 23 South
1371 172 78 22 Wales
1469 180 24 15 as
1506 173 24 23 in
1552 181 13 15 a
1582 177 59 19 most
1654 172 129 31 deplorable
1796 173 78 23 condi-

1283 205 57 23 tion.
1377 204 76 24 There
1461 213 39 15 are
1511 213 30 16 no
1553 210 131 26 symptoms.
1688 205 25 23 of
1722 205 85 23 revival
1816 205 58 24 from

1284 237 37 23 the
1334 237 132 31 depression
1484 238 73 23 which
1576 239 40 22 has
1632 238 59 23 been
1710 245 24 16 so
1753 238 55 30 long
1825 238 48 29 felt,

1283 269 31 31 by
1326 270 83 23 almost
1419 278 68 23 every
1501 271 67 23 class.
1604 271 51 23 The
1666 278 63 16 news
1737 271 58 23 from
1807 271 67 30 Eng-

1283 302 54 23 land
1355 303 73 23 would
1445 308 41 19 not
1506 304 52 23 tend
1580 309 22 18 to
1618 305 61 22 raise
1698 304 38 23 the
1757 304 78 30 spirits
1853 304 24 23 of

1284 335 94 31 Sydney
1400 336 131 24 merchants
1554 337 44 23 and
1627 337 148 31 speculators.
1823 337 51 23 The

1283 368 87 30 bounty
1383 374 94 24 system;
1489 369 74 24 which
1576 377 45 16 was
1634 375 22 18 to
1668 369 90 24 furnish
1771 369 38 23 the
1819 370 55 23 sub-

1284 401 80 22 stitute
1375 401 36 22 for
1421 402 90 22 convict
1522 402 86 29 labour,
1626 402 42 23 has
1679 403 58 22 been
1753 402 122 31 paralyzed

1285 434 28 29 by
1336 433 39 23 Sir
1399 433 92 31 George
1515 435 80 30 Gipps'
1620 435 129 31 imprudent
1768 436 104 22 conduct.

1286 466 40 23 He
1346 466 60 23 drew
1423 475 61 22 upon
1502 467 38 23 the
1558 468 88 22 British
1665 468 116 30 Treasury
1792 468 35 22 for
1846 476 28 15 no

1284 499 47 23 less
1345 499 62 28 ,tlian
1417 500 140 28 £979,563,
1580 501 43 22 and
1643 501 36 22 his
1692 501 52 30 only
1756 501 84 23 chance
1853 501 24 23 of

1284 532 91 30 getting
1387 536 39 19 out
1439 532 24 23 of
1480 533 39 22 the
1538 541 78 22 scrape
1627 534 20 22 is
1667 534 31 30 by
1711 534 36 22 the
1766 539 109 26 stoppage

1285 565 25 22 of
1320 565 163 30 immigration,
1495 565 74 23 which
1578 566 44 22 will
1632 567 81 22 render
1724 567 36 22 the
1768 572 107 25 paymeat

1284 598 26 22 of
1325 605 25 16 so
1363 598 62 30 large
1438 606 13 15 a
1463 606 51 15 sum
1533 606 160 23 unnecessary.
1731 600 39 22 Sir
1785 600 90 30 George

1284 629 41 24 has
1339 630 56 23 tried
1404 638 21 15 to
1435 631 119 30 exculpate
1567 631 97 29 himself,
1677 633 42 22 but
1729 633 18 22 it
1757 633 21 22 is
1786 633 90 23 evident

1284 663 59 24 from
1355 663 37 23 the
1405 668 52 19 tone
1470 664 55 23 both
1537 664 25 23 of
1571 664 62 23 Lord
1646 664 60 24 John
1719 665 96 24 Russell
1830 666 45 23 and

1285 696 38 23 Sir
1347 696 89 23 Robert
1456 696 64 29 Peel,
1545 697 48 23 that
1616 697 37 23 his
1675 698 116 23 character
1813 707 26 15 as
1863 707 12 15 a

1284 734 125 18 statesman
1423 730 20 23 is
1458 730 156 30 irretrievably
1627 730 116 31 damaged.
1782 730 39 24 He
1834 740 40 15 can

1284 770 29 14 no
1326 762 80 31 longer
1417 763 27 23 be
1457 762 108 31 regarded
1574 771 24 14 as
1611 771 12 15 a
1630 763 101 30 prudent
1740 763 118 25 Governor
1867 774 5 19 ;

1284 795 45 22 and
1341 795 35 23 his
1388 796 70 23 recall
1470 795 46 24 will
1536 796 105 31 probably
1655 796 53 23 take
1719 796 64 31 place
1792 796 49 31 just
1853 802 23 19 at

1285 828 38 22 the
1334 836 54 23 very
1401 834 69 18 worst
1482 830 54 22 time
1548 829 34 23 for
1600 829 35 23 his
1654 830 136 29 reputation.
1828 830 47 23 His

1284 861 80 23 failure
1373 862 19 22 is
1401 862 95 23 another
1504 863 67 30 proof
1579 862 25 23 of
1611 870 13 15 a
1631 862 52 28 fact,
1694 870 48 15 now
1750 863 126 31 beginning

1285 899 21 17 to
1319 894 28 23 be
1364 896 140 22 understood
1522 896 29 29 by
1564 895 167 23 Governments
1744 903 25 15 as
1782 896 48 22 well
1851 904 24 14 as

1284 927 143 29 individuals,
1447 929 51 22 that
1508 937 14 14 a
1534 929 157 23 Government
1708 932 61 19 must
1787 929 88 31 employ

1284 961 141 30 responsible
1439 967 88 25 agents,
1546 962 56 22 such
1615 970 24 14 as
1654 961 37 23 the
1705 962 56 22 New
1775 962 100 23 Zealand

1286 993 125 31 Company,
1423 995 24 22 in
1460 995 39 22 the
1511 995 63 22 work
1583 995 25 23 of
1619 995 168 23 Colonization.
1823 996 52 23 The

1284 1031 101 25 greatest
1409 1028 107 22 Colonies
1540 1028 38 23 the
1599 1028 69 23 world
1692 1036 51 15 ever
1773 1036 53 21 saw,
1852 1030 22 22 in

1284 1060 91 23 ancient
1396 1068 24 15 or
1440 1061 95 22 modern
1555 1062 61 27 time,
1638 1061 56 22 have
1708 1061 57 23 been
1777 1061 98 24 founded

1284 1092 29 31 by
1326 1094 147 22 associations
1487 1094 23 23 of
1527 1094 87 30 private
1631 1102 102 23 persons,
1753 1094 65 24 aided
1830 1096 44 22 and

1285 1127 126 22 comforted
1422 1127 31 30 by
1466 1127 59 22 their
1536 1133 155 24 government.

1317 1159 43 23 We
1379 1167 37 15 are
1435 1160 113 23 informed
1565 1160 49 23 that
1625 1160 38 23 the
1682 1162 143 29 immigrants
1836 1170 37 14 re-

1284 1193 76 30 cently
1372 1193 88 23 arrived
1473 1197 24 18 at
1509 1192 100 32 Sydney,
1627 1201 41 15 can
1680 1199 39 25 get
1730 1202 29 14 no
1771 1195 102 29 employ-

1286 1231 60 18 ment
1358 1226 42 22 and
1420 1234 38 15 are
1470 1226 73 30 living
1558 1227 23 22 in
1593 1231 60 18 tents
1666 1234 28 15 on
1713 1227 36 22 the
1768 1227 104 24 Govern-

1284 1264 61 18 ment
1358 1259 114 28 demesne,
1488 1267 29 15 on
1529 1259 157 23 Government
1697 1261 94 22 rations.
1827 1261 46 23 Yet

1284 1292 62 23 these
1360 1300 54 22 very
1426 1292 93 30 Sydney
1530 1293 80 31 people
1627 1292 50 23 who
1690 1297 81 19 cannot
1784 1294 89 31 employ

1284 1325 38 23 the
1334 1325 79 23 labour
1432 1326 54 30 they
1505 1326 99 23 clamour
1615 1325 43 28 for,
1672 1334 38 14 are
1724 1327 23 22 in
1767 1326 38 24 the
1818 1335 54 15 con-

1283 1363 62 18 stant
1357 1358 62 23 habit
1432 1359 25 22 of
1466 1360 107 30 sneering
1584 1364 24 18 at
1621 1359 56 25 Port
1690 1359 126 24 Nicholson
1828 1361 44 23 and

1283 1391 38 23 the
1343 1391 139 32 Company's
1501 1392 157 24 Settlements.
1706 1392 66 31 They
1790 1395 82 29 permit

1283 1432 43 15 one
1334 1433 24 14 or
1366 1430 43 18 two
1417 1425 91 29 houses,
1520 1431 39 18 not
1567 1426 25 23 of
1601 1426 38 23 the
1646 1425 92 31 highest
1748 1426 122 30 character,

1284 1463 22 17 to
1320 1466 95 23 engross
1435 1467 12 14 a
1458 1466 55 23 very
1524 1459 118 31 profitable
1664 1459 63 23 trade
1728 1471 34 4 —
1763 1460 38 23 the
1819 1468 52 23 per-

1283 1499 55 15 sons
1357 1492 103 30 carrying
1481 1492 18 23 it
1510 1500 30 15 on
1557 1492 84 31 having
1654 1492 37 23 the
1705 1493 38 22 wit
1760 1498 23 17 to
1795 1494 42 23 rail
1849 1499 23 18 at

1284 1525 45 23 this
1346 1525 72 31 place,
1438 1527 23 21 in
1475 1525 66 23 order
1559 1531 21 17 to
1599 1527 73 21 retain
1690 1525 39 23 the
1747 1526 90 24 market
1850 1532 21 18 to

1284 1558 145 23 themselves.
1449 1558 59 24 This
1513 1566 66 23 game
1586 1564 83 17 cannot
1675 1559 29 23 be
1710 1558 56 32 kept
1773 1567 29 23 up
1807 1560 62 30 long.

1317 1609 48 23 Mr.
1376 1609 124 31 Benjamin
1512 1609 66 31 Boyd
1589 1609 41 23 has
1643 1610 88 23 arrived
1743 1614 24 19 at
1780 1611 92 30 Syduey

1283 1642 24 23 in
1323 1642 38 23 the
1372 1642 61 23 Juno
1454 1647 105 24 steamer,
1579 1643 56 23 after
1654 1644 91 29 putting
1767 1644 48 22 into
1835 1644 37 23 the

1284 1675 63 30 Cape
1366 1676 25 22 of
1409 1675 69 25 Good
1498 1675 68 32 Hope
1584 1677 35 22 for
1642 1677 94 29 repairs.
1773 1677 44 23 We
1835 1685 38 15 are

1283 1709 119 28 informed,
1416 1717 28 15 on
1463 1710 59 29 good
1542 1710 121 29 authority,
1683 1710 49 22 that
1744 1710 48 22 Mr.
1807 1710 66 30 Boyd

1284 1743 19 22 is
1316 1743 149 29 empowered,
1487 1743 30 29 by
1529 1743 38 22 the
1585 1743 76 30 Royal
1683 1743 68 23 Bank
1769 1743 25 23 of
1809 1744 64 22 Aus-

1284 1775 72 29 tralia,
1369 1779 23 20 to
1405 1776 108 23 establish
1527 1776 110 23 branches
1648 1776 24 23 of
1683 1776 48 23 that
1740 1776 133 24 Institution

1283 1809 24 23 in
1317 1809 57 23 New
1387 1809 103 23 Holland
1501 1809 44 23 and
1558 1809 56 23 New
1624 1809 112 23 Zealand.

1319 1859 97 31 Captain
1451 1859 107 28 Hobson,
1587 1868 34 15 we
1651 1860 147 29 understand,
1833 1861 42 23 has

1285 1894 82 22 turned
1390 1901 95 22 sawyer.
1524 1893 38 24 He
1583 1894 102 30 employs
1705 1901 14 16 a
1736 1894 98 23 number
1854 1894 24 23 of

1284 1934 52 15 men
1359 1927 24 22 in
1407 1928 87 29 sawing
1510 1934 31 23 up
1560 1928 80 22 cowrie
1661 1927 57 30 logs,
1738 1926 74 24 which
1836 1927 38 23 the

1285 1959 164 24 Government-
1462 1960 54 30 only
1535 1967 42 16 can
1594 1960 76 28 touch,
1684 1960 43 23 and
1747 1960 54 23 sells
1813 1960 63 23 them

1284 1993 34 22 for
1331 1993 59 22 what
1411 1993 28 22 he
1458 2000 43 15 can
1517 1997 45 26 get.
1600 1993 43 22 We
1656 2000 37 15 are
1706 1993 46 22 also
1767 1993 45 22 told
1827 1993 49 22 that

1284 2025 38 22 the
1342 2033 98 21 sawyers
1451 2025 49 23 find
1518 2025 109 30 difficulty
1639 2026 24 22 in
1682 2026 118 30 obtaining
1816 2025 59 23 their

1286 2065 80 23 wages,
1387 2058 45 22 and
1447 2058 128 31 frequently
1588 2059 70 22 abuse
1678 2059 37 22 his
1734 2058 142 31 Excellency

1284 2093 24 21 in
1318 2099 14 15 a
1341 2099 53 22 very
1407 2092 86 22 uncivil
1505 2099 101 16 manner.

109 2215 169 24 SHIPPING
300 2216 274 25 INTELLIGENCE.

1319 2143 51 24 The
1393 2143 115 23 members
1533 2143 24 23 of
1583 2143 38 23 the
1644 2143 143 30 Wellington
1809 2143 68 24 Land

1286 2176 147 24 Association
1451 2176 68 24 dined
1537 2176 102 31 together
1658 2184 29 15 on
1707 2176 130 31 Thursday,
1855 2182 23 18 at

1286 2210 40 23 the
1348 2211 85 22 Bolton
1458 2211 81 27 Arms,
1564 2215 22 17 to
1610 2209 112 24 celebrate
1745 2209 59 24 their
1829 2211 49 22 first

1286 2244 161 29 anniversary;
1463 2243 49 24 Mr.
1524 2243 39 24 W.
1577 2243 31 24 A.
1620 2243 88 30 Cooper
1719 2244 25 22 in
1756 2244 38 23 the
1807 2243 69 24 chair.

1287 2277 71 23 From
1381 2286 13 14 a
1418 2281 77 27 report
1517 2277 53 23 read
1592 2281 22 19 to
1636 2277 38 23 the
1698 2277 122 28 members,
1840 2277 38 23 the

1287 2311 76 22 aifairs
1377 2310 25 23 of
1412 2310 37 23 the
1462 2310 149 23 Association
1622 2310 111 30 appeared
1754 2313 24 20 to
1789 2310 28 23 be
1830 2311 23 22 in
1865 2319 13 14 a

1286 2343 136 31 flourishing
1435 2343 123 23 condition.
1595 2343 51 23 The
1658 2343 47 23 fact
1715 2344 28 27 is,
1754 2343 50 23 that
1811 2352 67 22 every

1287 2377 140 23 industrious
1446 2385 55 14 man
1512 2378 23 21 in
1548 2377 45 22 this
1606 2377 138 30 community
1756 2385 60 22 may,
1830 2378 23 22 in
1865 2385 13 15 a

1288 2411 42 23 few
1343 2410 98 28 months,
1450 2418 55 15 save
1517 2418 81 22 money
1606 2409 114 23 sufficient
1733 2415 21 18 to
1766 2410 112 30 purchase

1288 2453 13 13 a
1313 2444 66 22 small
1386 2443 112 23 freehold.

1322 2477 43 23 We
1386 2485 37 15 are
1442 2476 113 24 informed
1573 2476 49 24 that
1633 2476 39 24 the
1688 2477 107 30 proposal
1807 2477 25 23 of
1841 2477 38 23 the

1289 2510 139 24 Governor's
1440 2510 86 29 health,
1545 2510 30 30 by
1592 2510 37 23 the
1642 2510 125 28 chairman,
1784 2519 46 15 was
1841 2519 38 15 re-

1289 2544 77 23 ceived
1385 2544 54 23 with
1463 2543 80 31 hearty
1564 2543 44 23 and
1627 2544 135 22 unanimous
1781 2544 97 31 hissing,

1289 2578 64 23 when
1373 2585 42 16 one
1433 2577 25 23 of
1467 2577 39 23 the
1519 2577 112 23 members
1644 2577 123 31 suggested
1780 2578 49 22 that
1842 2577 37 24 the

1289 2611 117 23 chairman
1425 2614 63 20 must
1510 2610 57 24 have
1586 2610 109 24 intended
1715 2615 21 18 to
1759 2615 60 19 toast
1839 2611 40 23 the

1290 2644 140 24 Governor's
1447 2651 126 16 successor.
1609 2643 77 24 There
1705 2651 59 16 were
1776 2646 31 21 95
1827 2652 53 23 per-

1290 2686 55 15 sons
1356 2682 93 27 present
1460 2677 66 23 when
1540 2677 97 31 Captain
1650 2677 98 23 Hobson
1760 2685 47 15 was
1818 2685 63 15 com-

1291 2711 124 32 plimented
1431 2712 23 22 in
1468 2710 38 23 the
1519 2718 94 15 manner
1625 2710 125 23 described.
1788 2710 93 24 Several

1291 2746 142 30 appropriate
1452 2748 71 19 toasts
1542 2752 57 15 were
1611 2744 78 30 given,
1703 2744 43 23 and
1759 2743 39 24 the
1815 2749 66 26 party

1291 2779 38 23 did
1341 2783 40 18 not
1393 2783 103 25 separate
1507 2777 36 23 till
1555 2785 12 15 a
1578 2777 45 23 late
1633 2777 67 24 hour.

271 2267 143 20 ARRIVED.

76 2294 49 21 Feb.
138 2294 33 23 17,
184 2296 68 18 cutter
268 2295 113 24 Pickwick,
392 2296 112 24 Williams,
515 2296 55 20 from
589 2296 49 21 Port

49 2322 81 20 Nelson
149 2322 34 19 via
202 2322 81 26 Cloudy
294 2323 43 25 Bay
346 2324 40 23 ;in
403 2323 82 21 ballast.
515 2323 123 27 Passengers

49 2360 27 4 —
80 2350 41 19 Mr.
132 2350 39 19 and
183 2350 53 19 Mrs.
247 2350 89 25 Wright,
350 2351 41 19 and
402 2351 43 20 Mr.
457 2351 54 20 Cave
522 2352 42 19 and
573 2358 46 14 son.

80 2378 59 19 Same
150 2377 46 25 day,
209 2378 101 19 schooner
327 2378 61 26 Lady
406 2379 73 26 Leigh,
499 2380 47 23 109,
559 2380 79 24 Roche,

49 2405 54 20 from
115 2404 83 26 Sydney
206 2411 5 17 ;
228 2406 64 19 sailed
307 2412 27 13 on
352 2406 36 19 the
405 2407 39 19 3rd
460 2407 80 20 instant
548 2414 5 16 ;
569 2414 69 19 cargo,

50 2432 103 20 sundries.
202 2432 122 26 Passengers
327 2444 25 3 —
355 2434 42 19 Mr.
429 2434 136 24 Fitzherbert,
596 2435 42 20 Mr.

49 2460 105 25 Hausard,
167 2460 43 19 Mr.
223 2460 25 20 R.
259 2461 26 19 A.
298 2461 64 26 King,
372 2461 43 19 and
428 2462 49 20 four
492 2462 23 19 in
529 2463 36 19 the
575 2465 65 17 steer-

49 2494 46 19 age.

79 2515 60 19 Same
158 2515 47 25 day,
228 2516 102 20 schooner
352 2517 104 24 Cheerful,
478 2518 47 23 124,
546 2517 93 24 Patrick,

49 2542 56 20 from
123 2541 83 26 Sydney
214 2550 5 16 ;
234 2543 39 19 left
289 2544 38 19 3rd
343 2544 81 20 instant
432 2552 6 16 ;
453 2551 69 20 cargo,
536 2545 102 21 sundries.

52 2571 124 24 Passengers
179 2580 26 4 —
207 2570 87 21 Messrs.
311 2571 80 26 Foster,
410 2572 81 25 Porter,
509 2573 42 19 and
569 2580 39 14 one
617 2574 23 19 in

50 2598 37 20 the
96 2602 100 19 steerage.

79 2626 60 19 Same
156 2625 47 25 day,
214 2626 47 26 ship
278 2627 85 24 Clifton,
376 2628 48 25 579,
442 2627 21 20 J.
475 2627 26 21 A.
517 2628 52 24 Cox,
581 2635 59 13 com-

50 2653 94 22 mander,
155 2653 55 19 from
227 2653 95 25 London,
334 2654 50 20 with
395 2655 130 26 immigrants
542 2656 34 20 for
592 2656 49 20 Port

50 2680 127 23 Nicholson,
189 2681 40 19 and
242 2682 83 24 general
335 2682 152 21 merchandize.
497 2681 6 5 '
517 2684 124 25 Passengers

50 2719 28 3 —
80 2708 54 20 Mrs.
147 2707 44 20 Cox
209 2709 40 19 and
264 2710 62 23 child,
338 2710 89 21 Messrs.
442 2710 26 20 R.
480 2710 88 25 Collins,
579 2712 62 19 Wea-

50 2736 84 25 therby,
146 2735 34 20 W.
193 2735 85 27 Moody,
290 2738 40 19 and
348 2738 40 19 283
399 2738 24 19 in
439 2739 35 18 tho
484 2741 99 23 steerage.
614 2739 26 20 G.

52 2763 30 20 H.
91 2763 76 24 Smith,
177 2764 58 25 Esq.,
244 2766 281 25 surgeon-superintendant.
527 2777 27 3 —
554 2768 86 24 Agents,

56 2792 67 19 Waiit
134 2790 18 26 Sf
162 2792 71 24 Tyser.

273 2847 2 4 •
290 2837 116 20 SAILED.

79 2864 50 20 Feb.
149 2864 33 24 18,
192 2863 78 27 barque
287 2865 59 19 Lord
362 2866 118 24 Auckland,
499 2866 95 25 Jardine,
609 2867 32 20 for

51 2893 52 21 Port
113 2891 80 21 Nelson
202 2900 6 16 ;
223 2892 50 20 with
283 2893 113 26 emigrants
407 2893 42 20 and
458 2893 90 26 original
558 2901 69 18 cargo.

1326 2830 50 23 The
1390 2829 151 29 Corporation
1552 2828 136 24 Committee
1698 2833 47 19 met
1753 2828 47 24 last
1809 2829 72 31 night,

1291 2863 45 24 and
1347 2863 81 31 agreed
1442 2867 23 19 to
1478 2862 38 23 the
1527 2862 116 31 following
1655 2870 78 15 names
1754 2868 40 18 out
1806 2863 24 23 of
1845 2863 38 23 the

1292 2896 103 31 eighteen
1420 2901 23 18 to
1473 2896 29 23 be
1528 2896 83 23 chosen
1621 2904 6 15 :
1658 2896 97 23 Messrs.
1781 2895 101 30 Hunter,

1291 2930 80 29 Wade,
1385 2929 74 31 Lyon,
1475 2929 157 28 Molesworth,
1643 2928 102 29 Revans,
1757 2929 44 23 and
1815 2929 67 32 Capt.

1293 2963 63 31 Hay.
1393 2963 66 31 They
1472 2963 46 22 will
1536 2968 61 17 meet
1664 2962 103 31 Monday
1780 2967 22 19 to
1815 2962 70 24 select

1292 2997 38 23 the
1343 2997 134 23 remainder.
1505 2996 66 31 They
1583 2995 47 24 also
1640 2995 84 32 passed
1731 3004 14 15 a
1751 2996 132 29 resolution,

1292 3030 58 23 after
1362 3038 62 15 some
1437 3030 136 31 opposition,
1586 3034 23 19 to
1622 3029 95 24 exclude
1729 3029 38 23 the
1780 3029 73 24 Press
1863 3035 22 18 at

1292 3064 58 23 their
1362 3064 75 23 future
1449 3064 122 29 meetings.

1326 3115 99 23 Births
1437 3124 5 14 :
1444 3128 34 3 —
1480 3115 117 30 February
1622 3117 14 21 5m5
1640 3131 15 10 m
1668 3118 23 19 at
1710 3114 91 29 Petoni,
1822 3114 62 24 Mrs.

1293 3149 140 31 Spackman,
1447 3149 26 22 of
1488 3157 15 14 a
1514 3148 119 30 daughter.

1327 3182 58 24 Feb.
1394 3184 39 27 12,
1442 3187 23 18 at
1472 3182 91 28 Petoni,
1571 3182 62 22 Mrs.
1642 3181 63 23 Yule
1713 3181 25 23 of
1745 3189 14 15 a
1765 3181 119 31 daughter.

280 2938 32 20 IN
328 2938 85 23 PORT.

108 2966 51 26 Ship
170 2966 121 24 Mandarin,
303 2966 70 21 Yuile.

106 2994 109 20 Schooner
224 2994 77 24 Fidele,
312 2994 97 20 Salvator
420 2994 95 21 Cemino.

107 3022 83 25 Barque
203 3022 110 25 Clydeside,
328 3022 129 20 Mathieson.

108 3049 108 20 Schooner
226 3050 61 24 Kate,
300 3049 76 26 Styles.

106 3088 3 4 ■
230 3077 102 20 Governor
341 3077 94 25 Hobson,
447 3077 95 21 Skelton.

108 3104 51 25 Urig
168 3105 100 23 Caroline,
280 3104 98 21 Coombs.

109 3131 108 20 Schooner
231 3133 64 24 Mary
308 3133 49 19 Ann
375 3133 71 24 Wade,
462 3133 79 21 Tulett.

233 3159 69 24 Sarq.h
310 3161 109 20 Maxwell.

109 3187 84 26 Barque
203 3187 124 25 Brougham,
341 3189 128 19 Robertson.

110 3215 108 19 Schooner
228 3215 72 24 Mana,
311 3215 77 21 Munn.

108 3254 2 4 ■
221 3243 97 23 Look-in,
329 3243 97 20 Cannon.

109 3270 124 25 Brigantine
245 3270 118 25 Vanguard,
377 3272 95 26 Murray.

111 3298 76 19 Cutter
196 3298 114 23 Pickwick,
321 3298 112 21 Williams.

111 3326 108 19 Schooner
228 3325 61 25 Lady
298 3326 73 25 Leigh,
384 3326 79 21 Roche.

108 3365 4 4 ■
233 3353 103 24 Cheerful,
348 3353 92 20 Patrick.

110 3381 52 25 Ship
175 3380 85 26 Clifton,
273 3380 51 21 Cox.

231 3434 117 15 CUSTOM
365 3434 106 15 HOUSE.

302 3469 103 8 IMPORTS.

82 3497 30 20 In
131 3502 48 14 the
398 3500 66 14 prom
488 3494 106 22 Sydney.
595 3507 27 3 —
622 3497 23 21 J.

58 3524 72 23 Wade,
141 3524 76 25 Agent.
219 3533 26 4 —
247 3520 33 23 25'
280 3520 80 23 tierces
369 3523 25 19 10
406 3522 78 20 barrels
494 3522 54 25 beef,
561 3524 25 18 15
598 3526 48 18 tons

54 3553 62 22 flour,
128 3552 26 19 29
165 3551 63 20 hhds.
238 3553 78 24 porter,
325 3550 26 21 70
362 3556 59 14 cases
430 3549 80 20 bottled
521 3550 39 24 ale,
569 3552 12 18 5
592 3557 55 20 pun-

55 3582 79 19 cheons
150 3579 44 25 gin,
209 3579 12 20 3
238 3578 35 20 do.
290 3585 54 15 rum,
356 3578 13 19 4
386 3577 63 20 hhds.
466 3577 87 26 brandy,
570 3578 11 19 1
600 3585 47 14 case

55 3609 75 25 cigars,
142 3607 25 19 20
179 3606 69 20 chests
266 3608 40 21 tea,
318 3606 26 20 73
355 3611 58 14 cases
424 3606 42 24 gin,
480 3605 24 19 15
523 3607 48 18 tons
582 3606 64 23 coals,

57 3637 9 19 1
80 3641 46 15 case
143 3634 87 26 cutlery,
243 3634 25 19 10
279 3639 49 14 cans
344 3634 60 25 paint
414 3632 40 25 oil,,
463 3632 11 19 1
486 3632 40 19 box
540 3633 83 25 raisins,
636 3634 10 19 1

55 3670 48 14 case
113 3662 81 20 bottled
203 3662 59 24 fruit,
276 3662 9 19 1
298 3661 78 20 bundle
385 3660 87 23 leather,
484 3660 12 19 2
506 3666 59 13 cases
576 3660 10 19 1
598 3661 49 20 cask

56 3692 69 22 shoes,
139 3690 24 19 15
181 3690 47 26 logs
245 3690 39 19 100
303 3688 74 21 boards
393 3688 26 19 of
431 3687 68 23 cedar,
510 3688 10 18 1
539 3688 51 19 hhd.
600 3688 48 21 iron

56 3721 56 24 pots,
132 3718 39 19 100
188 3717 84 20 baskets
290 3717 136 25 champagne,
445 3715 25 20 10
488 3714 80 21 barrels
584 3717 40 23 tar,
638 3717 9 19 1

57 3748 38 18 ton
104 3751 70 19 sugar,
188 3745 24 19 10
224 3745 63 19 boxes
302 3744 90 24 candles,
405 3744 12 19 2
428 3742 60 21 casks
499 3742 62 20 white
570 3743 54 25 lead,
637 3744 10 19 I

56 3773 47 20 bale
120 3772 105 24 blankets,
242 3773 13 19 3
273 3775 48 17 tons
337 3777 60 20 soap,
416 3771 13 20 2
447 3770 57 20 bales
524 3776 93 19 canvass,
637 3771 12 20 5

57 3800 65 20 boxes
131 3799 63 26 glass,
206 3801 12 19 3
229 3799 60 20 casks
300 3800 10 19 5
322 3799 51 25 bags
388 3798 62 24 nails,
463 3799 12 19 D
485 3797 53 20 hhds
550 3798 26 19 14
587 3804 62 20 quar-

57 3832 33 16 ter
100 3827 60 20 casks
170 3827 61 24 wine,
242 3828 26 18 20
280 3827 68 20 dozen
363 3827 78 23 chairs,
452 3827 26 19 2'J
494 3825 117 25 bedsteads,
622 3826 27 19 40

57 3855 66 21 boxes
138 3854 80 24 cheese,
238 3855 10 19 1
267 3861 46 13 case
329 3854 115 22 hardware,
461 3854 13 19 2
491 3853 60 19 sack
559 3853 7 19 3
570 3854 55 22 seed,
638 3854 12 19 2

57 3883 76 20 tierces
146 3882 8 18 1
172 3882 47 19 half
231 3882 35 20 do.
280 3882 96 23 tobacco,
388 3883 40 19 100
439 3881 48 25 bags
497 3881 63 24 flour,
576 3881 67 21 Order

87 3918 29 20 In
126 3922 46 15 the
210 3916 68 21 Lady
402 3922 65 14 from
478 3916 105 21 Sydney.
584 3928 29 4 —
617 3919 32 19 W.

57 3944 141 23 Fitzherhart,
209 3944 76 25 Agent.
287 3954 26 4 —
315 3945 12 19 2
341 3944 104 26 packages
456 3945 12 18 2
478 3944 81 24 parcels
570 3945 80 20 British

57 3973 76 26 goods;
146 3972 83 20 Water*
239 3971 18 26 Sf
266 3971 77 20 Smith.
346 3981 28 4 —
376 3971 8 19 1
397 3971 50 20 cask
458 3971 72 24 coffee,
538 3971 23 20 J.
573 3972 77 21 Smith.

700 1349 36 30 By
746 1349 37 23 the
797 1348 87 31 Clifton
896 1350 58 22 from
965 1348 107 29 London,
1085 1349 44 23 and
1142 1349 38 23 the
1187 1349 66 32 Lady

667 1381 73 31 Leigh
751 1383 58 22 from
823 1383 99 31 Sydney,
935 1390 33 15 we
980 1381 57 24 have
1045 1383 103 22 received
1155 1383 99 31 English

667 1423 142 23 newspapers
821 1420 21 18 to
856 1416 38 23 the
903 1415 57 24 24th
971 1415 24 23 of
1005 1415 108 24 October.
1146 1416 108 24 Extracts

668 1449 24 22 of
707 1449 38 22 the
757 1454 59 17 most
829 1449 135 30 interesting
975 1452 84 19 matter
1075 1449 47 22 will
1140 1449 29 23 be
1184 1449 70 24 found

667 1482 23 23 in
702 1491 13 14 a
727 1482 138 29 subsequent
878 1483 97 22 column.

699 1516 25 23 A
746 1516 128 30 paragraph
895 1515 77 31 copied
994 1515 31 30 by
1053 1515 38 23 the
1119 1515 135 24 Australian

669 1548 117 24 Chronicle
797 1550 58 22 from
868 1557 14 14 a
898 1548 96 24 London
1016 1557 77 22 paper,
1112 1549 97 23 informs
1226 1558 28 15 us

668 1582 48 23 that
728 1583 37 22 the
776 1590 52 15 sum
838 1586 43 26 put
900 1583 63 22 down
978 1581 35 23 for
1033 1581 58 24 New
1111 1582 101 23 Zealand
1230 1584 23 22 in

668 1616 37 22 the
729 1617 114 21 estimates
865 1616 25 22 of
916 1614 38 24 the
977 1619 92 19 current
1091 1623 54 23 year
1162 1616 21 22 is
1203 1616 51 31 only

667 1650 96 27 £3,000
765 1661 32 4 —
798 1657 26 15 so
833 1649 49 23 that
889 1649 95 29 Captain
992 1648 100 23 Hobson
1100 1649 72 30 ought
1178 1654 22 18 to
1209 1649 45 24 find

667 1684 112 27 £52,000
793 1683 24 22 in
830 1682 38 23 the
888 1682 88 29 Colony
988 1686 23 18 to
1024 1682 81 30 satisfy
1117 1682 36 23 his
1167 1691 85 22 expen-

668 1715 73 24 diture
752 1716 34 23 for
800 1717 103 22 1841-2.
951 1714 64 29 This,
1041 1715 111 28 however,
1173 1717 20 21 is
1211 1717 43 22 im-

667 1750 98 29 possible
774 1758 7 20 ;
802 1749 43 23 and
856 1757 26 15 as
893 1749 28 23 lie
934 1755 42 16 can
987 1752 29 19 rio
1029 1748 79 31 longer
1122 1749 60 23 draw
1194 1757 59 23 upon

668 1783 99 30 Sydney,
779 1782 29 23 he
821 1787 61 18 must
894 1788 35 24 try
941 1781 38 23 the
992 1786 86 27 temper
1091 1781 23 24 of
1133 1782 39 23 the
1193 1783 62 31 Tory

668 1816 155 23 Government
834 1816 31 30 by
877 1824 13 15 a
902 1815 69 24 series
983 1815 25 23 of
1017 1815 52 23 bills
1077 1823 61 23 upon
1148 1815 104 25 London.

668 1849 60 23 That
740 1851 19 21 is
774 1854 20 18 to
807 1857 48 22 say,
876 1849 21 23 if
917 1849 29 23 he
964 1856 41 15 can
1023 1849 47 23 find
1082 1856 43 23 any
1137 1856 83 24 person
1233 1850 24 23 of

668 1883 81 30 capital
765 1883 44 23 fool
831 1883 89 30 enough
939 1886 22 19 to
981 1881 105 24 discount
1104 1882 70 24 them.
1217 1883 37 23 No

666 1917 117 30 provision
793 1916 91 30 beyond
896 1917 36 22 the
940 1915 97 28 £3,000
1046 1915 69 23 above
1126 1917 128 23 mentioned

667 1950 40 22 has
720 1950 56 23 been
797 1950 65 22 made
880 1950 30 31 by
929 1948 148 29 Parliament,
1102 1949 44 23 and
1166 1953 22 19 to
1207 1949 48 24 that

667 1988 79 18 extent
766 1983 53 30 only
836 1983 47 23 will
903 1982 94 29 Captain
1018 1981 118 23 Hobson's
1157 1983 54 22 bills
1226 1983 29 23 be

666 2016 123 23 honoured.
811 2015 37 23 On
858 2015 45 24 this
908 2016 64 30 point
979 2014 64 23 there
1052 2022 40 15 can
1099 2015 26 22 be
1131 2023 30 14 no
1170 2015 68 23 doubt
1246 2025 7 18 ;

666 2049 34 23 for
720 2049 23 23 in
765 2049 36 23 his
825 2048 82 31 speech
931 2055 29 15 on
984 2047 104 23 Colonial
1107 2048 148 30 expenditure

667 2082 110 23 delivered
788 2082 23 23 in
823 2082 38 23 the
876 2082 80 23 House
968 2080 25 23 of
1016 2080 132 28 Commons,
1171 2089 29 15 on
1217 2081 38 24 the

671 2115 54 26 17th
744 2115 135 31 September
897 2115 51 27 last,
971 2113 37 23 Sir
1032 2114 89 23 Robert
1139 2114 58 24 Peel
1214 2122 41 16 ex-

668 2149 87 31 pressly
776 2153 70 19 states
870 2148 48 23 that
941 2146 52 24 bills
1012 2152 24 18 to
1061 2147 37 24 the
1117 2152 94 19 amount
1233 2148 24 23 of

666 2183 113 28 £14,000
792 2183 75 22 drawn
887 2182 31 31 by
937 2181 37 23 the
994 2180 119 24 Governor
1132 2181 25 23 of
1183 2181 72 24 South

666 2216 118 23 Australia
801 2216 57 23 have
877 2216 57 23 been
953 2214 122 31 prolested,
1102 2214 98 23 because
1216 2220 41 18 not

668 2249 103 23 included
783 2250 24 22 in
819 2249 38 23 the
875 2257 50 15 sum
945 2247 25 23 of
990 2248 132 29 £155,000
1145 2248 66 23 voted
1234 2253 22 19 to

667 2288 60 18 meet
739 2283 36 23 the
788 2289 113 24 expences
913 2281 25 24 of
953 2281 49 23 that
1015 2280 96 32 Colony.
1148 2281 76 24 There
1237 2282 19 23 is

668 2324 28 15 no
709 2324 80 16 reason
801 2316 51 31 why
865 2316 38 23 the
917 2314 118 24 Governor
1049 2315 23 23 of
1088 2314 57 24 New
1157 2315 100 23 Zealand

668 2350 81 23 should
767 2350 27 23 be
813 2349 87 24 treated
924 2348 137 30 differently.
1106 2348 38 23 Sir
1171 2348 86 24 Robert

669 2383 51 23 thus
734 2383 89 23 adverts
834 2388 22 18 to
870 2382 96 31 Captain
979 2381 119 23 Hobson's
1109 2381 81 24 drafts.

696 2425 11 21 I
718 2432 49 14 now
783 2432 62 14 come
863 2426 22 19 to
903 2423 54 22 New
974 2422 108 22 Zealand.
1111 2423 56 21 Bills
1182 2426 23 18 to
1221 2423 37 22 the

669 2455 93 18 amount
776 2452 25 20 of
822 2451 12 25 d
834 2451 85 25 233,000
936 2449 57 21 have
1008 2450 56 21 been
1082 2450 75 21 drawn
1174 2458 30 14 on
1222 2450 37 22 the

670 2479 109 26 bankrupt
790 2482 100 23 treasury
902 2477 23 22 of
938 2477 55 21 New
1004 2476 70 22 South
1085 2477 82 21 Wales.
1209 2478 50 21 And

670 2505 26 22 do
713 2510 39 16 not
768 2505 73 21 flatter
855 2503 129 29 yourselves
1002 2503 49 21 that
1068 2503 42 22 this
1127 2504 19 21 is
1161 2504 31 22 all
1200 2512 5 19 ;
1221 2505 38 21 be-

670 2540 64 14 cause
746 2533 61 21 there
818 2540 37 14 are
872 2531 133 22 indications
1017 2531 48 22 that
1081 2531 83 26 £54,00
1174 2533 5 17 )
1199 2539 60 15 more

670 2559 49 22 bills
738 2567 36 14 are
794 2567 29 14 on
842 2559 60 21 their
918 2565 54 20 way.
1012 2558 22 21 A
1051 2566 48 16 sum
1116 2559 25 21 of
1158 2559 101 21 between

669 2587 96 26 £80,000
775 2587 45 21 and
830 2587 97 26 £80,000
939 2585 18 21 is
963 2585 103 28 required
1075 2585 33 21 for
1115 2585 44 22 this
1166 2586 93 27 Colony.

703 2623 58 23 Now
778 2623 66 23 when
864 2623 20 23 it
903 2623 19 23 is
942 2621 84 23 known
1045 2621 24 23 in
1089 2621 109 31 England
1210 2621 49 23 how

670 2656 37 23 the
720 2656 60 31 large
793 2664 63 15 sums
869 2654 71 25 called
952 2655 34 22 for
998 2655 31 29 by
1051 2654 95 32 Captain
1162 2654 97 24 Hobson

671 2698 37 15 are
718 2689 126 32 expended;
856 2690 51 23 how
920 2688 68 24 much
994 2689 19 22 is
1022 2688 84 23 wasted
1113 2690 25 22 in
1145 2689 116 30 buildings

671 2723 43 23 and
725 2724 23 22 in
761 2723 64 24 other
837 2731 69 23 ways,
927 2722 35 23 for
979 2722 35 23 his
1027 2722 92 30 private-
1127 2722 134 23 accomoda-

671 2758 60 28 tion;
749 2757 49 23 how
808 2757 70 23 much
896 2757 24 23 in
939 2755 87 23 useless
1049 2755 83 28 offices,
1155 2755 45 24 and
1212 2755 49 23 how

671 2790 68 23 much
760 2790 78 31 public
860 2794 108 27 property
991 2789 51 22 that
1065 2789 69 30 ought
1158 2794 23 18 to
1205 2789 56 23 have

670 2823 111 31 produced
795 2832 107 20 revenue,
921 2822 42 24 has
981 2822 60 23 been
1054 2822 113 23 bestowed
1179 2830 25 16 as
1214 2822 48 23 free

670 2857 55 31 gifts
739 2865 28 15 on
779 2857 35 22 his
834 2862 122 22 creatures,
958 2868 34 4 —
993 2855 66 23 when
1077 2856 31 22 all
1129 2856 64 23 these
1214 2856 47 23 dis-

671 2890 100 31 graceful
782 2895 48 18 acts
842 2898 64 16 come
918 2895 22 17 to
960 2888 37 23 the
1018 2889 135 30 knowledge
1176 2889 25 23 of
1223 2889 39 23 the

672 2924 63 30 Tory
746 2924 110 28 Premier,
875 2930 54 24 very
945 2922 119 30 unwilling
1081 2922 47 23 will
1143 2922 29 24 he
1193 2922 27 24 be
1239 2928 23 18 to

672 2962 60 18 meet
750 2957 37 24 the
798 2956 126 24 Auckland
947 2955 79 29 drafts,
1051 2955 43 23 and
1114 2955 149 32 particularly

672 2991 64 29 alert,
765 2999 33 15 we
828 2990 80 23 should
938 2989 108 29 imagine,
1075 2989 25 22 in
1123 2990 80 30 giving
1225 2989 38 24 the

673 3024 37 23 the
724 3024 109 23 thriftless
845 3023 120 24 Governor
976 3022 36 23 his
1025 3022 124 24 dismissal.

707 3058 115 31 Probably
838 3057 79 23 orders
936 3056 59 23 from
1018 3055 110 31 England
1148 3064 38 15 are
1208 3064 55 15 even

673 3100 50 14 now
736 3100 27 15 on
775 3091 39 24 the
833 3098 49 23 way
902 3095 22 19 to
943 3094 38 18 cut
1000 3089 66 23 down
1086 3089 38 23 the
1147 3089 116 24 Shouraki

673 3126 157 31 expenditure.
878 3124 49 24 The
953 3122 119 24 Governor
1093 3122 46 24 will
1156 3128 42 18 not
1209 3123 54 31 long

673 3159 56 23 have
741 3160 17 23 it
770 3160 23 22 in
804 3159 36 23 his
852 3165 76 25 power
939 3161 23 19 to
978 3156 69 23 make
1067 3156 38 23 the
1124 3157 67 23 usual
1209 3156 54 24 offer

674 3197 21 19 to
707 3201 95 22 persons
814 3192 74 23 whom
901 3192 26 23 he
940 3190 92 30 designs
1040 3194 23 19 to
1072 3190 70 31 crimp
1145 3202 33 4 —

673 3227 51 29 give
736 3226 47 23 him
795 3226 71 24 £150
881 3234 13 14 a
905 3232 53 24 year
971 3223 44 23 and
1027 3231 15 15 a
1053 3231 54 22 very
1117 3223 147 24 comfortable

804 3259 61 30 Nay,
880 3267 31 15 we
932 3261 93 27 suspect
1044 3256 28 24 he
1090 3256 47 24 will
1154 3257 29 23 be
1202 3265 61 16 com-

674 3293 74 31 pelled
760 3297 22 19 to
795 3298 49 26 stop
858 3292 40 24 the
910 3290 74 25 clerks
997 3290 102 29 salaries,
1122 3289 74 25 which
1214 3298 51 16 now

673 3326 47 23 find
734 3326 57 24 their
804 3333 48 19 way
864 3326 47 23 into
931 3324 48 23 Mr.
1000 3324 110 30 Cooper's
1131 3324 84 31 pocket
1230 3324 35 23 for

675 3360 37 23 the
725 3361 98 22 services
835 3360 26 22 of
875 3359 36 23 his
923 3357 56 32 boys
981 3370 33 3 —
1015 3366 14 14 a
1043 3357 40 32 job
1094 3357 132 31 reminding
1237 3365 28 15 us

675 3394 24 22 of
714 3394 38 22 the
763 3392 36 24 old
810 3393 100 31 practice
922 3390 26 25 of
961 3392 94 30 putting
1065 3390 78 23 babies
1160 3391 49 23 into
1227 3390 38 24 the

675 3435 71 23 army,
763 3427 53 23 with
830 3426 38 24 the
881 3425 157 24 commissions
1048 3424 44 23 and
1103 3432 44 23 pay
1160 3424 25 23 of
1200 3424 65 24 field-

675 3461 88 23 officers
772 3469 6 21 ;
797 3460 65 23 when
876 3459 37 24 the
925 3465 80 16 nurses
1015 3457 57 24 used
1085 3462 22 18 to
1126 3457 41 24 tell
1183 3458 82 23 aristo-

675 3495 69 22 cratic
755 3501 111 16 mammas
878 3493 49 24 that
939 3491 37 23 the
988 3491 102 23 General
1107 3491 45 23 had
1172 3496 39 18 cut
1228 3491 37 23 his

676 3528 86 28 thumb,
775 3527 45 23 and
832 3527 38 23 the
884 3521 94 28 Colonel
990 3524 56 32 spilt
1056 3524 36 23 Ins
1105 3524 66 24 milk.

709 3561 51 23 The
771 3561 55 22 time
845 3559 139 32 approaches
1007 3557 66 24 when
1090 3557 63 24 there
1174 3557 46 24 will
1238 3557 28 25 be

675 3594 92 31 wailing
777 3594 45 23 and
834 3601 48 16 woe
894 3598 23 19 at
927 3591 126 24 Shouraki.
1090 3591 51 24 The
1155 3592 48 23 sole
1210 3599 56 24 prop

677 3628 24 22 of
724 3627 38 23 the
784 3627 83 31 capital
890 3627 20 23 is
933 3626 69 22 about
1026 3630 23 18 to
1071 3625 30 23 be
1124 3625 141 24 withdrawn.

678 3661 102 30 Suppose
806 3660 99 23 Hobson
923 3658 94 25 allowed
1037 3663 24 18 to
1085 3659 87 22 remain
1174 3671 33 4 —
1207 3658 60 23 what

678 3694 82 23 benefit
772 3694 45 23 will
830 3694 27 23 be
877 3694 24 23 in
921 3701 13 15 a
953 3692 117 31 bankrupt
1085 3691 164 29 government
1258 3692 8 24 ?

678 3727 65 23 Even
755 3735 50 16 now
818 3727 38 23 the
869 3726 104 25 Colonial
985 3726 144 30 Secretary's
1141 3726 78 23 orders
1229 3733 38 16 are

679 3764 38 19 not
729 3760 113 31 regularly
854 3761 61 30 paid.
958 3759 54 23 You
1025 3767 51 22 may
1089 3759 43 23 call
1145 3759 66 31 again
1223 3767 37 16 am
1266 3780 2 2 .

678 3794 67 30 again
750 3794 34 23 for
791 3801 57 23 your
856 3794 63 23 cash.
939 3792 47 24 But
993 3801 58 15 soon
1060 3797 92 19 matters
1160 3793 99 23 musti'al
1266 3813 2 3 .

679 3827 58 23 from
749 3827 42 23 bad
804 3832 23 18 to
834 3835 79 15 worse.
951 3826 38 23 Sir
1002 3825 90 24 Robert
1101 3825 78 24 Peel's
1186 3834 66 23 speec
1263 3834 4 17 i

679 3860 85 23 sounds
775 3860 48 23 like
836 3855 37 28 trie
886 3858 64 25 knell
960 3859 26 23 of
1000 3859 40 23 the
1052 3859 96 24 Hobson
1159 3860 97 23 adminis
1264 3854 3 24 '-

680 3895 90 22 tration.
808 3893 98 24 Hobson
918 3893 46 23 will
980 3900 29 23 go
1022 3892 39 24 the
1073 3900 49 23 way
1134 3893 26 23 of
1171 3893 85 23 Gawlei
1265 3898 2 28 j

680 3928 44 23 and
743 3935 61 16 some
824 3927 63 31 Tory
901 3926 95 30 Captain
1016 3926 64 30 Grey
1099 3926 46 23 will
1164 3927 64 30 reign
1246 3927 7 22 i
1263 3933 4 17 i

680 3961 71 22 stead.
1256 3956 7 21 '-

1297 3241 27 19 To
1334 3241 35 18 the
1379 3241 78 18 Editor
1466 3241 28 22 of
1503 3241 35 17 the
1575 3241 52 17 New
1640 3241 96 17 Zealand
1747 3241 87 17 Gazette
1844 3241 40 18 and

1455 3267 126 21 Wellington

1329 3298 52 25 Sir,
1384 3308 34 4 —
1418 3298 36 20 As
1476 3303 43 15 one
1531 3298 26 20 of
1574 3298 38 20 the
1629 3298 98 28 original
1745 3298 142 21 subscribers

1297 3334 20 18 to
1330 3329 37 23 the
1380 3328 143 32 Wellington
1537 3328 83 24 Public
1632 3328 94 31 Libary,
1745 3329 45 23 and
1803 3329 84 31 having

1297 3363 55 23 been
1364 3363 25 22 of
1405 3363 93 30 opinion
1511 3362 48 23 that
1580 3363 38 22 the
1635 3362 77 23 aifairs
1724 3363 24 22 of
1766 3363 37 23 the
1814 3363 73 24 Insti-

1297 3397 70 23 tution
1377 3403 60 16 were
1448 3396 25 22 in
1486 3396 56 22 such
1555 3396 72 23 hands
1639 3404 25 15 as
1672 3396 75 24 would
1758 3396 129 31 ultimately

1297 3430 74 23 insure
1383 3430 30 22 its
1425 3437 101 21 success,
1547 3429 12 23 I
1573 3429 48 29 felt,
1632 3429 12 24 I
1658 3434 62 19 must
1738 3430 97 29 confess,
1849 3436 38 17 not

1297 3472 12 14 a
1319 3463 59 23 little
1390 3463 118 31 surprised
1520 3468 23 18 to
1555 3463 63 23 learn
1630 3471 13 15 a
1656 3463 42 23 few
1712 3463 54 31 days
1776 3472 51 23 ago,
1840 3463 47 23 that

1297 3498 28 22 its
1336 3497 129 31 prosperity
1477 3504 46 15 was
1536 3499 38 20 wo?
1581 3497 152 31 progressive,
1741 3497 45 23 and
1799 3497 49 24 that
1860 3498 27 22 its

1297 3531 102 19 ultimate
1412 3530 173 20 establishment
1596 3538 46 12 was
1656 3538 55 12 even
1724 3530 113 20 doubtful.

1329 3563 66 24 Your
1411 3563 94 31 journal
1529 3564 26 23 of
1577 3563 57 24 19th
1652 3563 137 29 December,
1815 3566 74 27 1841,

1294 3597 96 24 informs
1406 3604 35 16 me
1459 3597 51 23 that
1526 3597 40 23 W.
1585 3597 31 24 V.
1634 3597 103 28 Brewer,
1757 3597 68 31 Esq.,
1844 3605 46 16 was

1296 3630 121 32 appointed
1435 3630 129 31 Secretary,
1582 3630 44 24 and
1646 3630 36 24 M.
1697 3630 111 32 Murphy,
1821 3631 68 31 Esq.,

1296 3665 135 27 Treasurer,
1449 3664 55 22 with
1517 3664 64 31 eight
1592 3664 25 23 of
1632 3671 41 15 our
1686 3669 59 18 most
1762 3665 72 22 active
1847 3665 44 22 and

1297 3697 126 24 influential
1438 3697 118 24 Colonists
1576 3705 24 15 as
1611 3705 31 15 an
1655 3698 77 30 acting
1745 3697 145 29 Committee,

1297 3731 45 25 and
1360 3731 12 23 I
1392 3735 83 19 cannot
1493 3731 41 23 hut
1552 3738 94 23 express
1662 3738 39 23 my
1716 3730 175 30 astonishment,

1298 3766 48 23 that
1363 3764 38 24 the
1419 3764 143 23 snbscribers
1579 3764 56 23 have
1649 3770 38 17 not
1708 3764 58 23 been
1784 3764 107 24 favoured

1297 3799 55 23 with
1364 3797 132 31 something
1513 3797 49 23 like
1577 3806 13 14 a
1602 3802 77 27 report
1692 3797 25 23 of
1733 3797 38 23 the
1783 3805 108 24 manage-

1298 3838 69 19 ment.
1407 3832 51 23 Has
1472 3832 44 23 Dr.
1529 3831 73 25 jinox
1614 3831 105 31 resigned
1738 3831 36 24 his
1788 3832 103 30 appoint-

1298 3872 63 19 ment
1370 3867 9 23 ?
1416 3865 56 24 And
1485 3865 60 23 what
1556 3865 40 23 has
1609 3865 93 23 become
1715 3864 25 24 of
1755 3865 39 23 the
1806 3865 68 23 funds
1883 3865 8 24 ?

1298 3901 66 23 Your
1385 3900 111 23 insertion
1510 3900 24 22 of
1552 3899 36 23 the
1602 3898 70 24 above
1684 3904 53 18 note
1755 3900 25 22 in
1793 3898 37 24 the
1846 3898 45 24 Ga-

1298 3937 66 24 zette,
1378 3933 45 23 will
1439 3933 70 23 much
1524 3932 83 32 oblige,

1335 3966 57 23 Feb.
1408 3967 39 23 17.
1581 3967 24 22 A
1618 3967 140 23 Constant
1770 3966 121 24 Reader.

555 60 99 31 THE
677 60 108 32 NEW
804 58 229 32 ZEALAND
1058 55 223 33 GAZETTE
1303 54 101 34 AND
1430 57 324 31 WELLINGTON
1780 54 295 36 SPECTATOR.

148 661 276 22 METEOROLOGICAL
439 660 102 20 TABLE.

73 694 42 19 For
125 691 35 20 the
169 690 55 20 week
238 690 73 25 ending
324 689 116 24 Thursday,
450 688 24 20 Feb.
474 688 10 20 17,
484 688 135 20 1842.

669 152 26 4 —
697 143 11 18 1
720 142 78 20 shower
798 141 68 24 -bath,
883 142 49 24 Hay
946 140 18 25 8f
979 140 124 19 Machattie.
1104 149 28 4 —
1132 139 27 19 25
1170 142 53 17 mats
1234 139 23 21 of

670 175 68 19 sugar,
755 169 13 19 2
774 168 100 20 'bundles
891 167 85 22 leather,
989 167 9 19 1
1010 167 42 25 bag
1068 165 107 27 grindery,
1188 167 68 19 Incase

669 195 68 24 boots,
749 196 11 19 2
775 195 58 20 bales
842 195 104 21 blankets,
958 194 25 20 10
1000 193 80 20 barrels
1095 193 62 26 pork,
1171 193 25 19 10
1207 193 49 26 bags

670 223 49 24 rice,
734 222 69 21 W.-B.
814 222 83 20 Rhodes
909 222 17 23 8f
939 221 15 20 C
954 221 46 20 0.
1040 221 47 19 bars
1099 220 25 20 16
1134 220 57 20 bolts
1201 221 53 25 iron,

669 250 11 18 5
701 250 51 25 kegs
771 249 60 24 nails,
852 250 11 19 1
885 254 45 15 case
950 247 113 24 hardware,
1077 248 13 18 5
1108 247 117 24 bedsteads,
1243 248 11 19 1

670 276 76 19 bundle
755 282 59 17 saws,
828 277 9 18 1
849 276 50 19 cask
916 275 93 24 whiting,
1021 275 10 19 1
1045 274 49 20 cask
1108 275 147 23 earthenware,

670 304 11 19 2
692 304 60 19 casks
762 303 64 23 cider,
838 304 25 19 12
875 302 84 21 bullock
975 302 64 23 bows,
1051 301 12 19 6
1073 301 72 26 yokes,
1157 302 11 18 1
1179 301 77 26 weigh-

669 330 36 26 ing
716 330 101 24 machine,
830 330 25 19 13
865 330 94 25 weights,
971 328 12 20 6
995 330 75 24 grates,
1084 328 10 20 1
1106 328 49 19 cask
1164 328 91 24 varnish,

671 358 9 19 1
689 357 51 20 cask
749 358 65 25 paint,
824 358 11 19 2
845 358 103 25 packages
955 355 111 24 furniture,
1077 355 31 22 Iff.
1115 355 140 20 Fitzherbert.

668 395 27 4 —
696 386 13 18 2
719 384 78 21 barrels
807 385 13 19 3
831 390 57 14 cases
897 383 61 24 cider,
970 384 12 18 4
993 382 63 20 cedar
1062 382 68 20 chests
1140 384 91 22 cottons,
1243 384 11 19 1

669 417 46 14 case
725 414 40 20 tea,
777 412 13 19 2
807 412 47 19 bale
870 411 104 22 blankets,
987 410 11 19 1
1010 409 51 20 hhd.
1072 415 68 19 sugar,
1153 410 10 18 1
1179 410 77 19 bundle

669 445 58 17 saws,
747 439 9 19 1
775 439 51 18 cask
845 438 113 22 hardware,
981 437 23 20 T.
1025 436 28 20 B.
1072 436 58 20 Hine
1138 447 27 3 —
1167 437 12 18 4
1200 443 56 14 cases

669 466 74 24 cigars,
755 466 10 19 1
776 465 40 20 box
834 465 90 26 apparel,
935 464 20 19 A
970 464 77 23 Perry.
1048 473 29 5 —
1077 464 10 18 4
1103 469 57 14 cases
1178 464 54 23 hats,
1242 465 14 18 2

670 492 63 20 boxes
748 493 94 25 samples,
855 494 11 18 5
885 497 56 14 cases
958 490 72 23 shirts,
1044 490 21 19 C.
1077 490 31 23 M,
1119 490 81 26 Penny.
1202 501 26 4 —
1230 492 25 19 80

669 519 63 20 Boxes
748 520 61 24 glass,
828 520 77 23 20,000
918 518 77 23 bricks,
1014 517 113 25 Ridgways
1143 517 19 25 8c
1215 528 26 4 —
1245 519 9 18 1

669 547 90 25 package
774 546 113 24 furniture,
900 547 11 19 6
926 545 50 25 bags
993 545 73 23 coffee,
1078 545 11 19 1
1100 544 51 20 hhd.
1162 551 68 19 sugar,
1242 547 14 18 5

669 574 101 24 packages
790 574 58 26 dairy
867 572 95 23 utensils,
984 572 26 19 20
1031 572 64 19 boxes
1117 572 92 25 candles,
1230 573 26 19 12

669 601 60 20 casks
735 620 4 4 t
739 601 54 23 beer,
806 602 61 21 1,000
880 601 40 20 feet
931 598 81 24 timber,
1027 600 11 19 1
1058 602 44 16 cart
1119 599 41 19 and
1171 599 85 20 harness

669 628 109 25 complete,
796 629 12 18 3
831 628 103 22 bullocks,
953 626 21 20 /.
994 627 26 20 P.
1040 626 107 20 Hansard.
1149 636 27 4 —
1179 626 11 19 1
1211 633 45 13 case

669 655 70 25 plated
748 656 73 24 goods,
833 656 11 19 7
862 656 56 19 bales
936 654 86 23 leather,
1034 654 13 19 2
1059 659 55 14 cases
1125 654 54 19 olive
1197 654 35 22 oil,
1244 655 10 18 1

669 682 39 26 bag
725 683 106 25 saltpetre,
849 683 26 19 10
892 682 63 20 boxes
971 683 40 21 tea,
1023 681 27 19 20
1068 680 44 26 pair
1128 680 103 24 blankets,
1243 682 12 19 2

669 709 61 20 hhds.
741 709 85 26 liquers,
838 711 25 18 10
875 715 56 14 cases
941 708 81 19 bottled
1032 708 39 24 ale,
1085 708 9 19 1
1107 714 46 13 case
1164 708 68 24 shoes,
1244 709 10 18 1

669 743 46 13 case
731 737 64 25 slops,
814 737 10 19 1
844 737 36 19 do.
898 735 160 25 haberdashery,
1075 735 11 19 9
1105 735 34 19 do.
1160 735 65 25 slops,
1242 736 13 19 8

669 764 69 19 chests
748 767 38 22 tea,
798 765 26 18 20
840 763 67 26 caddy
917 763 62 20 boxes
995 765 40 22 tea,
1049 763 12 18 2
1078 768 57 13 cases
1152 762 102 24 blankets,

668 791 86 25 skipped
762 791 26 25 by
807 791 33 19 W.
851 792 85 24 Joyncr,
946 789 86 20 marked
1049 789 83 20 T.B.H.
1135 800 27 3 —
1163 790 13 19 5
1188 790 68 19 chests

669 821 40 21 tea,
727 819 13 19 3
755 824 57 14 cases
835 821 158 22 counterpanes,
1011 817 12 19 2
1042 823 56 13 cases
1116 817 39 23 ale,
1171 817 12 19 4
1200 823 56 13 cases

669 845 71 24 claret,
756 847 12 17 2
784 839 68 26 casks*'
862 846 90 25 vinegar,
965 844 25 19 13
1007 843 64 20 boxes
1091 844 82 24 raisins,
1193 844 9 19 1
1216 844 40 26 bag

668 873 72 23 coffee,
753 874 9 18 1
774 873 42 19 box
826 873 91 26 apparel,
932 872 32 18 W.
975 871 139 20 Fitzherbert.
1120 882 23 3 —
1147 872 9 18 1
1169 871 40 19 box
1219 878 36 19 ap-

669 900 63 25 parel,
744 901 68 24 Hegg.
818 911 22 3 —
843 901 11 18 1
866 906 47 14 case
923 899 58 23 silks,
996 898 73 20 Order.
1072 909 27 4 —
1101 899 10 19 1
1124 904 47 14 case
1181 899 73 24 cigai-3,

668 927 86 25 shipped
771 927 24 24 by
811 928 88 25 Joyner,
915 925 85 21 marked
1016 926 30 19 D.
1065 925 17 26 8f
1100 927 34 19 Co.
1136 937 28 4 —
1165 927 12 19 5
1195 926 59 20 hhds.

668 955 43 24 giii,
725 954 72 20 Order.

840 1007 119 15 LATEST
976 1007 108 15 DATES.

680 1033 75 16 London
842 1033 43 16 Oct.
915 1033 27 16 2i.
971 1033 41 19 Bay
1020 1033 22 14 of
1052 1033 149 15 Islands..Nov.
1219 1033 23 16 17.

682 1052 75 22 Sydney
849 1053 43 17 Feb.
925 1053 17 16 2.
971 1051 83 17 Thames
1146 1052 46 17 Jan.
1226 1054 16 16 8.

680 1074 39 16 Van
746 1074 94 17 Dieman's
910 1083 1 6 ,
972 1073 45 16 Port
1025 1072 70 22 Phillip
1151 1073 50 17 Nov.
1216 1075 26 15 22.

698 1095 53 14 Land
843 1095 50 14 Nov.
915 1096 27 13 29.
971 1093 91 16 Adelaide
1148 1094 44 15 Oct.
1227 1096 15 13 9.

70 773 48 15 1841.

156 750 52 16 Time
215 750 20 15 of

152 771 87 16 Observa-

172 792 44 15 tion.

270 759 52 16 Baro-

264 781 61 14 meter.

339 758 91 16 iThermo-

339 776 2 18 I
355 781 64 13 meter.

455 747 58 59 pi

455 806 18 8 r*
477 804 15 8 *—

557 765 59 17 Wind.

51 850 82 20 Friday...

174 848 10 16 8

173 870 53 19 Ip.m.

174 910 9 15 8

174 931 5 15 1
184 934 40 16 p.m.

172 952 10 14 r>

172 973 10 14 8

173 993 53 20 lp.m.

172 1014 9 14 5

172 1035 10 14 8

173 1055 5 15 1
184 1059 41 16 p.m.

172 1077 9 14 5

171 1097 10 15 S

171 1117 53 20 lp.m.

170 1138 10 15 5

171 1159 10 14 8

172 1179 53 20 lp.m.

171 1201 10 14 5

171 1221 10 15 8

172 1241 52 20 lp.m.

170 1263 11 14 5

268 847 57 16 30.124

267 869 25 15 30.
297 868 28 16 U4

268 889 56 15 30.118

266 910 57 15 30.822

266 927 57 19 3D.300

266 952 19 15 31)
294 952 29 14 252

267 973 56 15 30.200

268 993 55 15 30.1(10

266 1014 57 15 30.0U0

266 1034 56 15 30.0.K
318 1035 5 9 1

266 1055 57 15 30.030

266 1075 58 16 30.014

266 1096 57 16 30.150

266 1117 58 16 30.104

265 1138 58 16 so.ors

264 1160 20 14 2!)
293 1159 30 15 924

264 1179 58 16 29.800

265 1200 58 16 29.784

265 1221 57 16 29.{>12

264 1242 58 16 29.600

264 1263 57 16 29.580

367 847 27 16 02.

367 868 26 15 64.

367 889 27 16 64.

367 910 26 15 fi9.

368 930 25 15 73.

368 950 25 16 72.

366 973 27 14 68.

367 992 37 15 70.5

367 1013 26 15 70.

367 1034 37 15 69.5

368 1055 25 15 /0.

367 1076 37 15 6U.5

367 1096 26 16 63.

366 1117 26 16 67.

366 1138 27 15 63.

366 1159 27 15 63.

366 1180 27 15 64.

366 1200 26 16 62.

365 1221 38 16 6G.5

365 1242 26 16 65.

365 1263 20 16 62
393 1263 9 15 5

534 845 23 16 N.
565 846 23 19 by
596 846 26 16 W.

534 866 23 16 N.
565 867 22 19 by
595 867 26 15 W.

534 887 22 16 N.
564 887 21 20 by
594 886 27 17 W.

535 907 86 17 Vauable.

533 928 65 17 South.

533 949 63 16 South.

536 970 61 16 S'orth.

534 990 63 17 North.

535 1011 63 17 North.

534 1032 40 16 N.N
583 1032 26 16 W.

534 1053 63 17 South.

533 1074 63 16 S.imh.

533 1095 16 15 S.
560 1095 21 20 by
592 1094 18 16 E.

533 1115 64 17 South.

532 1136 63 16 South.

534 1157 23 16 N.
567 1158 21 19 by
597 1157 27 17 W.

533 1178 15 16 N
564 1179 20 19 by
594 1178 25 16 W.

533 1199 23 16 .V.
564 1199 22 20 by
594 1199 27 17 W.

533 1220 22 16 N.
562 1220 22 19 by
594 1220 26 16 W.

532 1242 63 15 Suuth.

532 1262 64 16 South.

454 868 57 16 None.

51 912 28 15 Sat

464 931 37 16 0.03

51 973 81 20 Sunday..

454 993 57 16 None.

51 1035 81 19 Monday.

454 1055 57 17 None.

51 1097 80 18 Tuesday

463 1118 37 15 0.12

51 1158 41 17 Wed

454 1180 56 15 None.

51 1221 55 16 rhura
113 1232 17 5 ...

462 1242 38 16 0.04

59 1315 74 19 'rlday...

171 1315 10 15 8

252 1315 90 17 Moderate
350 1315 69 19 breeze,
426 1320 37 11 rain
470 1315 38 20 just
517 1314 121 17 commenced.

171 1357 54 19 Ip.m.

247 1352 58 25 JLiglit
369 1356 34 16 80.
447 1357 33 16 Do.

172 1399 9 14 i

294 1398 32 16 Do.
370 1398 34 16 Do.
447 1398 33 16 Do.

59 1440 22 15 iat

172 1440 10 15 S

253 1439 52 21 Light
312 1440 27 16 air
348 1439 36 17 and
390 1444 43 15 very
442 1439 40 17 fine.

171 1482 54 19 Ip.m.

294 1482 33 16 Do.
371 1482 33 15 Do.
447 1482 33 16 but
488 1486 41 15 very
536 1480 52 21 hazy.

172 1524 9 15 5

295 1523 32 17 Do.
372 1523 34 17 Do.
450 1524 33 16 Do-

58 1564 75 20 iunday..

172 1566 10 15 8

254 1565 89 16 Moderate
352 1566 62 15 breeze
423 1566 35 15 and
465 1569 42 16 very
512 1566 42 15 fine.

172 1607 54 19 Ip.m.

296 1606 31 17 Do.
371 1607 34 16 Do.
447 1607 35 16 Do.

171 1649 10 14 5

294 1648 33 17 Do.
371 1648 34 17 Do.
449 1649 33 16 Do.

58 1689 75 19 rlouday.

172 1691 11 15 8

247 1690 60 19 iCalm,
315 1691 88 19 overcast,
412 1691 33 15 but
453 1691 41 15 fine.

173 1732 53 20 Ip.m.

253 1731 91 17 Moderate
352 1732 68 19 breeze,
428 1736 42 16 very
478 1732 50 20 hazy,
536 1733 33 15 but
576 1732 41 16 fine.

172 1774 9 15 i

295 1773 13 2 _
371 1774 12 1 _
448 1774 11 1 -
507 1767 2 3 •

294 1773 33 17 Do.
371 1774 34 16 Do.
448 1774 33 16 Do.

62 1814 71 19 'uesday

172 1816 10 16 8

171 1858 54 19 Ip.m.

253 1815 90 17 Moderate
351 1815 62 17 breeze
422 1816 35 16 and
462 1816 41 16 fine.
526 1815 47 17 Rain
581 1815 20 17 in
608 1816 31 16 the

315 1836 59 20 night.

294 1857 32 16 Do.
341 1872 6 4 ,
371 1857 34 16 Do.
447 1858 35 17 Do.

171 1900 10 15 s

294 1899 32 16 Do.
370 1899 34 16 Do.
447 1900 34 16 Do.

54 1940 39 17 Wei

172 1941 11 16 8

247 1924 2 14 I

247 1939 70 22 IStrong
323 1941 67 19 breeze,
399 1943 87 17 overcast,
493 1942 33 16 but
533 1942 41 17 fins.

172 1983 53 20 Ip.m.

294 1982 32 17 Do.
370 1983 32 16 Do.
446 1983 88 21 inclining
545 1986 19 14 to
571 1984 45 17 rain.

172 2025 9 13 5

294 2023 32 16 Do.
369 2024 35 16 Do.
447 2024 34 16 Do.

61 2065 70 16 'hurs...

171 2065 11 15 8

171 2107 54 20 Ip.m.

252 2065 64 20 Strong
324 2065 62 16 breeze
399 2065 36 17 and
443 2070 43 16 Tery
495 2067 41 16 fine.
561 2067 47 16 Rain
619 2067 18 16 in

315 2086 32 16 the
355 2086 58 20 night.

294 2107 33 17 Do.
370 2108 34 16 Do.
447 2108 87 21 showery.

171 2149 10 15 5

294 2149 32 17 Do.
370 2149 34 17 Do.
448 2150 28 17 Do

2030 138 341 36 [ADVERTISEMENT.]

1940 177 137 33 {Continued
2087 181 70 29 from
2175 188 42 16 our
2231 181 45 23 last
2285 180 175 33 'publication.]

1938 243 192 24 WANGANUI
2149 233 126 35 PETTY~
2284 243 174 30 SESSIONS,

2037 290 122 16 JANUARY
2182 285 75 27 18TH,
2277 285 74 23 1842.

1936 325 112 23 Present:
2050 338 34 4 —
2086 325 90 24 Gilbert
2188 327 95 22 Francis
2296 327 111 28 Daw^on,
2420 327 73 30 Esq.,

1904 357 79 29 P.M.,
1995 358 26 23 in
2032 358 38 23 the
2092 358 70 24 Chair
2171 368 10 20 ;•
2198 360 74 22 Peter-
2286 359 100 29 Wilson,
2399 359 96 23 Samuel

1896 411 5 8 eKing,c
1903 391 73 29 King,
1990 391 44 22 and
2045 390 61 24 John
2119 391 85 30 Nixon,
2218 386 83 35 Es'qrs.

1928 429 82 25 Regina
2026 436 21 14 v.
2068 429 120 26 Wakefield,
2204 429 65 27 firmg
2269 438 1 4 1
2286 430 35 21 off
2330 436 57 20 guns
2402 429 24 21 in
2437 436 14 14 a
2459 431 37 19 tu-

1903 455 115 21 multuous
2027 462 100 17 manner,
2139 456 45 21 and
2194 457 91 26 causing
2295 463 13 14 a
2321 455 82 22 breach
2413 455 26 22 of
2452 455 39 22 the

1904 482 74 21 Peace
1990 489 28 13 on
2029 482 37 20 the
2077 477 106 26 Sabbath.

1929 515 49 21 The
1988 515 101 26 prisoner
2099 515 67 26 being
2176 515 72 22 called
2265 523 28 14 on
2303 516 35 21 for
2347 515 34 22 his
2392 515 101 26 defence,

1903 545 77 18 states.
1982 553 27 3 —
2012 541 12 22 I
2046 541 54 21 wish
2117 544 23 18 to
2157 542 91 20 observe
2265 542 47 21 that
2329 542 35 22 the
2381 549 115 14 summons

1905 568 94 27 charges
2011 575 35 14 me
2056 567 54 21 with
2144 568 67 26 firing
2221 575 25 14 or
2262 569 90 26 causing
2369 572 23 17 to
2401 569 28 21 be
2439 565 57 24 fireid

1903 596 85 20 certain
2006 602 57 19 guns
2081 602 26 14 or
2124 595 111 20 fire-arms
2250 597 22 18 to
2290 595 38 21 the
2340 599 69 17 terror
2419 595 25 21 of
2455 594 41 22 her

1905 622 119 27 Majesty's
2040 621 58 26 liege
2115 621 97 26 subjects
2229 621 44 20 and
2287 621 25 20 in
2325 621 88 22 breach'
2420 621 26 21 of
2457 621 39 21 the

1904 656 76 19 peace,
2008 648 64 21 while
2084 647 37 22 the
2133 647 81 26 charge
2223 647 26 26 is,
2262 647 48 21 that
2319 647 10 21 I
2365 648 55 21 fired
2435 654 59 20 guns

1903 676 23 20 in
1938 682 12 14 a
1961 675 139 22 tumultuous
2117 681 95 14 manner
2228 673 44 21 and
2289 673 93 27 causing
2390 681 13 14 a
2412 673 83 22 breach

1903 702 27 20 of
1948 702 38 21 the
2002 709 66 20 peace
2084 708 26 14 on
2124 702 36 20 the
2324 700 38 21 the
2380 708 116 14 summons

1904 729 105 25 omitting
2019 729 37 20 all-
2065 729 103 20 mention
2183 728 26 21 of
2220 727 83 21 tumult
2317 734 25 14 or
2351 726 27 22 of
2388 727 36 21 the
2441 727 56 21 Sab-

1903 755 61 26 bath,
1977 755 64 21 while
2051 755 38 21 the
2100 755 81 27 charge
2199 754 66 22 omits
2281 753 38 21 the
2335 754 127 20 accusation
2472 753 27 21 of

1905 781 83 27 having
1999 781 82 22 caused
2091 786 70 17 terror
2175 786 22 16 to
2207 781 41 21 her
2265 779 117 28 Majesty's
2391 779 105 27 subjects.

1929 808 11 20 I
1951 808 54 21 wish
2016 811 22 17 to
2048 808 40 21 ask
2100 808 99 21 whether
2209 808 44 21 this
2263 807 17 21 is
2291 810 40 18 not

1930 840 49 21 The
1994 840 120 22 Chairman
2133 841 102 26 explains
2255 843 21 18 to
2296 839 46 22 Mr.
2362 838 131 27 Wakefield,

1904 866 50 21 that
1963 867 18 21 it
1990 870 92 19 wasnot
2091 874 56 14 even
2157 875 118 19 necessary
2283 871 22 16 to
2314 867 57 21 issue
2382 873 43 19 any
2435 873 61 14 sum-

1903 901 66 14 mons
1980 897 23 18 at
2013 893 29 22 all
2049 901 5 19 ;
2072 894 49 21 that
2130 894 20 21 if
2161 901 14 13 a
2191 897 94 18 warrant
2301 893 45 21 had
2355 894 56 21 been
2420 892 76 22 issued

1904 923 22 18 to
1938 920 136 27 apprehend,
2084 920 19 21 it
2112 920 73 21 would
2195 923 41 18 not
2245 920 56 21 have
2315 920 58 21 been
2388 925 108 19 necessary

1904 950 22 17 to
1938 950 57 18 state
2006 947 21 21 in
2046 946 37 21 the
2101 950 96 17 warrant
2213 946 36 21 the
2266 946 80 26 charge
2363 953 24 14 or
2402 946 94 26 offence,

1905 974 47 24 (see
1963 974 130 21 Australian
2112 973 143 27 Magistrate,,
2261 972 149 21 introduction
2420 974 75 24 page.)

1903 1000 60 21 That
1973 1001 19 20 it
2006 1001 19 21 is
2037 999 174 22 recommended
2227 999 29 26 by
2271 998 37 21 the
2322 998 46 21 late
2385 998 111 27 Attorney

1905 1027 99 21 General
2024 1027 24 21 of
2072 1027 54 21 New
2146 1026 70 22 South
2238 1025 79 26 Wales,
2337 1024 23 22 in
2381 1024 36 22 the
2434 1032 62 15 same

1903 1054 66 26 book,
1982 1061 55 20 page
2047 1055 34 25 61,
2092 1054 48 21 that
2152 1053 35 22 the
2195 1059 116 15 summons
2318 1051 79 22 should
2406 1052 90 21 contain

1903 1080 38 21 the
1967 1082 119 20 substance
2107 1081 50 25 (not
2176 1080 37 21 the
2241 1078 139 28 particulars)
2405 1078 26 21 of
2458 1078 38 22 the

1903 1106 81 28 charge
1992 1115 5 19 ;
2014 1107 43 22 and
2068 1108 30 26 by
2109 1107 37 21 the
2157 1113 61 15 same
2234 1105 111 27 authority
2354 1105 24 22 in
2388 1105 36 22 the
2434 1112 62 15 same

1903 1134 66 26 book,
1987 1141 57 19 page
2060 1136 34 23 61,
2183 1139 138 21 appearance
2338 1132 25 21 of
2380 1132 36 21 the
2430 1136 66 23 party

1903 1167 61 14 cures
1974 1162 31 18 all
2014 1161 79 25 defects
2100 1161 22 20 in
2134 1160 37 21 the
2346 1158 47 22 The
2402 1158 95 27 original

1903 1195 117 14 summons
2031 1188 83 26 having
2128 1188 59 20 been
2202 1186 78 21 served
2295 1192 28 14 on
2342 1184 37 22 the
2394 1186 102 26 prisoner

1901 1214 23 21 in
1936 1214 47 21 lieu
1993 1215 25 20 of
2030 1222 13 13 a
2053 1221 64 20 copy,
2128 1214 20 20 is
2158 1212 113 28 produced
2280 1212 30 26 by
2320 1211 38 21 the
2369 1211 61 22 chief
2441 1219 54 14 con-

1901 1241 79 27 stable,
1992 1234 28 28 he
2030 1241 85 25 having
2127 1239 107 22 obtained
2250 1239 18 20 it
2276 1238 59 21 from
2346 1238 37 21 the
2394 1238 101 26 prisoner

1901 1268 125 26 promising
2036 1272 22 17 to
2067 1271 78 18 leturn
2155 1267 18 20 it
2183 1269 22 18 to
2215 1266 55 26 him,
2281 1265 45 21 and
2340 1271 28 14 on
2380 1264 36 21 the
2425 1264 73 27 priso-

1901 1302 41 13 ner
1954 1294 107 27 applying
2070 1294 35 21 for
2114 1294 24 25 it,
2151 1293 37 21 the
2198 1292 117 21 Chairman
2326 1291 82 22 refuses
2415 1295 22 18 to
2444 1291 52 27 give

1900 1321 18 20 it
1929 1328 43 20 up;
1989 1322 40 20 but
2040 1320 65 22 offers
2121 1327 12 14 a
2143 1319 99 22 certified
2259 1326 55 19 copy
2326 1318 69 22 either
2411 1318 24 21 of
2448 1318 48 21 that

1901 1355 25 14 or
1936 1355 44 19 any
1992 1348 62 21 other
2063 1350 56 24 part,
2133 1354 24 14 or
2175 1347 36 21 the
2224 1346 69 21 whole
2304 1346 25 21 of
2342 1344 37 22 the
2390 1344 106 28 proceed-

1899 1374 59 27 ings,
1983 1382 28 13 on
2032 1374 36 21 the
2086 1374 102 27 prisoner
2211 1372 83 27 paying
2311 1372 34 21 for
2366 1372 36 21 the
2423 1379 70 14 same.

1900 1401 48 21 The
1961 1401 119 21 Chairman
2095 1400 86 22 further
2196 1404 69 17 states
2279 1400 49 20 that
2342 1398 19 21 if
2373 1405 43 19 any
2426 1398 65 22 harm

1901 1435 43 14 can
1961 1428 76 26 result,
2055 1435 25 14 or
2097 1428 93 26 damage
2208 1430 22 17 to
2246 1426 36 21 the
2293 1426 118 26 prisoner's
2425 1432 66 14 cause

1901 1455 57 21 from
1967 1454 39 22 the
2016 1454 119 22 difference
2153 1455 25 20 of
2189 1453 38 21 the
2238 1452 99 26 wording
2347 1451 25 21 of
2383 1451 36 21 the
2430 1459 61 14 sum-

1900 1489 65 14 mons
1981 1482 45 21 and
2042 1481 36 22 the
2096 1481 94 25 charge;
2208 1480 36 20 the
2263 1479 68 21 Court
2342 1478 41 21 will
2397 1478 94 21 remand

1900 1508 38 21 the
1950 1515 57 19 case,
2020 1508 43 21 and
2072 1508 52 26 give
2139 1507 47 21 him
2203 1506 111 21 whatever
2322 1506 55 20 time
2386 1505 18 21 is
2415 1512 78 14 neces-

1900 1543 51 19 sary
1961 1535 35 21 for
2004 1535 37 21 the
2048 1534 133 28 production
2192 1533 24 22 of
2228 1533 119 20 witnesses.

2141 1574 110 15 DEFENCE.

1927 1602 49 22 The
1987 1602 55 22 facts
2058 1602 73 21 under
2147 1601 71 22 which
2229 1602 11 19 I
2257 1600 66 23 stand
2340 1600 93 27 charged
2450 1607 39 14 are

1903 1629 62 22 these
1973 1637 5 14 :
1980 1640 28 4 —
2012 1630 18 20 A.
2046 1630 76 20 native
2140 1628 61 22 chief
2219 1628 72 21 whom
2308 1628 11 21 I
2336 1627 56 22 have
2408 1627 83 21 known

1901 1660 44 17 two
1956 1663 71 19 years,
2039 1656 43 21 and
2099 1655 74 22 whom
2190 1655 9 21 I
2211 1656 28 21 do
2255 1658 39 18 not
2310 1654 93 22 hesitate
2418 1658 22 17 to
2451 1659 41 21 say

1902 1683 11 22 I
1924 1684 67 21 value
2003 1691 23 13 as
2037 1690 35 19 my
2085 1690 49 14 own
2145 1682 97 27 brother,
2254 1682 82 21 arrives
2346 1688 29 15 on
2386 1688 12 14 a
2408 1680 51 21 visit
2470 1685 22 16 to

1901 1717 45 14 me.
1978 1710 9 21 I
1999 1710 55 21 have
2065 1710 82 26 always
2158 1710 57 21 been
2224 1708 142 23 accustomed
2374 1715 28 14 on
2410 1707 84 21 former

1903 1736 116 22 occasions
2035 1736 26 22 of
2077 1736 38 21 the
2131 1740 52 27 sortj
2195 1739 22 18 to
2234 1736 69 21 salute
2319 1735 54 26 him,
2385 1735 28 25 by
2427 1734 69 26 firing

1902 1771 65 19 guns,
1979 1764 25 21 in
2021 1771 86 13 answer
2122 1766 22 18 to
2159 1763 34 21 his
2208 1762 77 22 salute.
2314 1762 54 21 This
2381 1761 39 21 has
2436 1761 59 21 been

1903 1791 59 21 done
1973 1791 23 20 in
2014 1790 134 26 conformity
2165 1790 52 21 with
2235 1796 28 15 an
2278 1788 124 22 invariable
2419 1786 77 23 native

1903 1822 95 20 custom,
2010 1816 43 22 and
2070 1824 44 14 one
2132 1816 72 21 which
2214 1817 19 20 i<*
2243 1816 27 26 by
2281 1823 30 14 no
2328 1822 76 15 means
2415 1814 81 26 falling

1904 1845 38 21 off.
1971 1844 73 21 There
2053 1844 20 21 is
2089 1847 40 18 not
2144 1851 13 13 a
2175 1843 68 21 doubt
2262 1844 38 20 but
2308 1842 54 21 .that
2376 1841 30 22 lie
2422 1840 81 23 would-

1904 1871 58 21 have
1979 1871 58 21 been
2051 1870 69 22 much
2137 1870 104 21 offended
2256 1869 45 22 had
2316 1869 12 21 I
2345 1868 92 21 omitted
2453 1867 45 22 this

1904 1905 128 19 ceremony,
2047 1897 74 22 which
2133 1898 19 20 is
2169 1901 22 17 to
2209 1897 38 20 the
2264 1896 86 21 natives
2364 1903 25 13 as
2404 1897 65 24 great
2484 1901 14 14 a

1903 1925 66 21 mark
1986 1924 25 22 of
2022 1928 88 23 respect
2125 1931 24 14 as
2167 1924 58 21 our's
2243 1923 25 21 of
2279 1922 97 26 shaking
2390 1921 72 22 hands
2472 1927 26 15 or

1905 1952 78 26 taking
1999 1952 34 20 off
2043 1958 40 14 our
2098 1951 55 25 hats,
2166 1957 55 14 even
2239 1950 84 26 though
2341 1956 60 14 some
2416 1948 90 28 people'

1905 1985 52 19 may
1967 1977 103 22 consider
2075 1978 19 20 it
2103 1985 23 13 as
2137 1985 13 12 a
2160 1976 95 21 childish
2263 1978 146 19 amusement.
2430 1975 68 21 Some

1903 2004 64 27 pains
1978 2011 71 14 seems
2066 2007 23 17 to
2105 2003 57 20 have
2179 2003 58 20 been
2253 2002 66 20 taken
2338 2004 21 17 to
2371 2007 68 19 prove
2451 2000 49 19 that

1903 2030 92 28 powder
2005 2037 43 14 was
2058 2030 88 21 thrown
2157 2029 48 20 into
2216 2036 14 13 a
2237 2028 38 21 fire
2284 2026 87 22 outside
2380 2033 35 19 my
2423 2025 74 26 fence,

1905 2058 49 20 that
1964 2064 14 14 a
1986 2059 62 24 great
2065 2063 69 19 many
2143 2063 59 19 guns
2218 2061 57 14 were
2293 2053 55 21 fired
2364 2053 34 21 for
2415 2059 13 14 a
2445 2059 55 14 con-

1905 2083 111 22 siderable
2032 2083 61 25 time,
2105 2082 49 21 that
2169 2089 43 14 one
2230 2080 26 22 of
2274 2080 62 21 these
2352 2086 56 20 guns
2423 2086 46 13 was
2486 2086 13 13 a

1903 2112 62 24 great
1974 2117 49 19 gun,
2035 2109 46 22 and
2091 2109 43 21 this
2150 2115 44 14 was
2211 2106 160 28 accompanied
2382 2105 51 22 with
2444 2105 56 22 loud'

1905 2138 107 26 shouting
2028 2136 45 21 and
2091 2136 83 26 calling
2190 2140 46 21 out,
2255 2141 23 14 or
2295 2134 53 21 with
2366 2140 12 14 a
2392 2140 45 14 row
2454 2132 48 21 and

1907 2164 150 22 disturbance.
2100 2162 11 22 I
2130 2162 65 21 think
2215 2162 11 21 I
2244 2161 58 22 have
2321 2159 83 28 proved
2423 2159 11 22 I
2453 2158 47 22 had

1907 2191 98 26 nothing
2022 2193 22 18 to
2053 2190 29 21 do
2098 2189 113 21 whatever
2228 2188 52 21 with
2298 2187 37 21 the
2352 2186 109 27 throwing
2475 2186 28 21 of

1907 2218 92 27 powder
2009 2217 45 21 into
2065 2216 38 21 the
2114 2216 52 26 fire;
2183 2216 11 21 I
2213 2223 43 14 was
2271 2218 40 18 not
2326 2214 24 21 in
2366 2214 45 21 fact
2426 2220 73 14 aware

1907 2246 33 20 till
1950 2244 116 22 sometime
2080 2242 134 24 .afterwards
2230 2242 47 21 that
2288 2241 54 22 such
2358 2248 14 14 a
2382 2240 62 26 thing
2454 2239 46 22 had

1906 2272 68 21 taken
1985 2272 70 26 place.
2085 2270 34 21 As
2129 2274 23 17 to
2166 2270 38 21 the
2214 2269 94 21 number
2319 2268 25 21 of
2354 2274 64 20 guns,
2430 2267 11 21 I
2452 2267 48 21 find

1907 2300 17 20 it
1934 2298 129 27 impossible
2072 2300 24 18 to
2108 2297 42 21 call
2161 2304 43 19 any
2216 2296 113 21 witnesses
2340 2295 48 21 who
2399 2293 52 22 took
2462 2294 38 21 the

1907 2326 87 21 trouble
2005 2329 21 17 to
2044 2328 68 18 count
2127 2324 50 21 how
2194 2330 68 18 many
2272 2329 25 14 or
2308 2322 74 21 rather
2396 2320 50 22 how
2457 2320 43 22 few

1907 2360 58 19 guns
1976 2359 57 14 were
2043 2351 57 22 fired
2108 2358 4 14 :
2124 2351 40 21 but
2175 2350 11 21 I
2197 2350 44 21 will
2251 2353 56 18 state
2317 2348 83 27 myself
2411 2347 92 27 exactly

1907 2380 50 20 how
1977 2386 69 19 many
2055 2385 59 20 guns
2128 2385 58 14 were
2201 2376 64 22 fired.
2294 2376 11 21 I
2322 2375 57 22 fired
2394 2382 38 20 my
2449 2381 51 14 own

1907 2405 205 23 double-barrelled
2135 2412 46 19 gun
2204 2404 63 21 three
2293 2403 71 26 times,
2386 2409 13 14 a
2424 2401 76 22 native

1908 2433 57 21 fired
1987 2432 94 22 another
2105 2430 205 23 double-barrelled
2331 2436 47 20 gun
2396 2428 63 22 twice
2476 2435 29 14 or

1908 2460 63 22 three
1989 2460 71 25 times,
2073 2458 45 22 and
2135 2458 38 21 the
2188 2459 61 25 great
2265 2464 52 20 gun,
2338 2456 37 21 the
2392 2463 42 14 one
2450 2462 51 20 pro-

1908 2487 73 21 duced
1990 2487 24 21 in
2025 2487 75 25 Court,
2110 2485 73 27 might
2199 2486 57 20 have
2272 2485 57 20 been
2346 2482 55 23 fired
2416 2482 51 21 four
2477 2489 25 14 or

1907 2514 45 21 five
1963 2514 71 21 times.
2055 2514 33 20 As
2100 2517 21 16 to
2131 2513 37 21 the
2178 2512 61 26 time,
2251 2519 42 14 one
2305 2510 25 22 of
2340 2510 37 22 the
2389 2510 114 21 witnesses

1908 2541 101 21 declares
2028 2540 47 21 that
2098 2540 37 21 the
2155 2539 72 22 whole
2244 2538 66 26 firing
2327 2536 70 23 lasted
2409 2536 44 26 for,
2466 2538 36 19 ten

1907 2569 97 20 minutes.
2043 2567 68 21 From
2131 2567 45 21 Mr.
2197 2566 105 21 Wilson's
2322 2564 106 22 evidence
2453 2564 48 26 (the

1909 2595 102 26 defence,
2023 2594 33 21 for
2072 2594 38 20 the
2126 2592 151 22 convenience
2289 2591 26 22 of
2326 2591 37 21 the
2377 2591 67 21 Court
2458 2590 47 21 and

1908 2622 39 22 the
1958 2622 106 27 prisoner,
2077 2627 45 14 was
2138 2620 88 21 written
2244 2621 39 18 out
2300 2618 29 31 by
2336 2618 41 21 'the
2394 2617 107 27 prisoner,
2517 2634 9 7 v

1909 2649 46 21 and
1965 2647 114 23 delivered
2089 2647 56 21 after
2155 2646 37 21 the
2204 2646 152 21 examination
2368 2644 25 21 of
2404 2644 38 21 the
2455 2644 48 21 wit-

1910 2683 77 14 nesses
1998 2675 34 21 for
2043 2674 36 21 the
2091 2674 100 26 defence,
2209 2672 26 21 of
2246 2672 72 21 whom
2330 2671 43 22 Mr.
2387 2670 84 21 Wilson
2479 2670 27 21 in

1910 2703 38 21 the
1964 2709 78 15 course
2060 2701 26 21 of
2107 2700 38 21 the
2161 2698 146 28 proceedings
2322 2698 92 21 became
2434 2698 66 26 one;)

1910 2736 47 20 you
1967 2728 44 22 will
2027 2728 79 27 gather
2123 2727 48 21 that
2187 2726 69 21 altho'
2267 2725 52 27 only
2331 2726 39 20 120
2384 2724 45 21 feet
2446 2724 60 21 from

1911 2756 37 21 the
1959 2756 74 26 firing,
2045 2755 27 21 he
2082 2754 72 22 heard
2162 2761 30 14 no
2201 2752 106 26 shouting
2316 2759 25 14 or
2350 2751 80 22 tumult
2438 2759 6 14 :
2460 2750 46 22 and

1911 2783 87 21 several
2008 2781 62 22 other
2076 2781 115 21 witnesses
2201 2780 104 21 combine
2316 2778 57 22 their
2382 2778 122 26 testimony

1912 2814 22 18 to
1952 2816 70 21 prove
2037 2809 63 21 there
2117 2815 44 14 was
2177 2807 95 26 nothing
2288 2806 26 21 of
2324 2806 45 21 .the
2387 2808 57 24 sort;
2466 2805 43 21 but

1912 2844 57 14 even
1980 2836 21 22 if
2012 2835 62 22 there
2088 2835 46 21 had
2150 2835 65 25 been,
2228 2834 12 21 1
2250 2835 60 20 must
2326 2835 84 25 protest
2419 2832 87 26 against

1912 2864 69 27 being
1990 2863 53 21 held
2052 2861 138 28 responsible
2197 2861 37 21 for
2243 2860 112 21 whatever
2364 2859 62 22 noise
2436 2858 71 28 might

1913 2891 51 21 take
1975 2890 64 27 place
2048 2889 87 21 outside
2145 2896 38 19 my
2193 2888 73 26 fence,
2277 2894 30 14 on
2315 2893 14 14 a
2338 2886 91 26 Sunday
2438 2892 70 15 even-

1913 2918 46 26 ing.
2000 2917 82 26 People
2101 2923 37 14 are
2154 2914 116 28 generally
2283 2914 46 22 idle
2340 2921 29 14 on
2385 2921 13 14 a
2414 2912 92 27 Sunday

1913 2944 105 27 evening,
2035 2943 45 21 and
2096 2943 62 21 often
2175 2942 93 26 making
2285 2940 68 22 much
2368 2947 60 14 more
2442 2939 63 22 noise

1912 2971 24 21 in
1947 2974 141 24 many-parts
2098 2970 25 21 of
2135 2969 38 22 the
2183 2969 75 27 public
2266 2968 61 27 road,
2336 2967 54 22 than
2401 2966 104 22 occurred

1914 3006 29 14 on
1955 2998 91 27 Sunday
2057 2997 98 26 evening
2164 2995 51 23 last.
2244 2995 58 22 Now
2312 2995 17 21 it
2337 2995 18 21 is
2366 2993 83 29 proved
2458 2993 51 21 that

1914 3025 60 22 what
1987 3025 38 21 did
2042 3024 52 22 take
2113 3024 71 27 place,
2199 3023 41 22 has
2258 3021 127 28 frequently
2401 3019 105 23 occurred

1913 3052 91 27 before;
2034 3051 49 22 that
2107 3058 29 14 no
2162 3058 42 14 one
2227 3050 41 22 has
2291 3049 57 21 been
2372 3045 143 27 sufficiently'

1914 3079 108 22 alarmed-
2034 3086 24 14 or
2068 3077 106 28 annoyed
2190 3081 24 18 at
2227 3077 18 22 it
2262 3081 20 17 to
2292 3075 100 23 mention
2401 3074 17 21 it
2427 3077 22 17 to
2458 3079 45 19 me,

1915 3114 25 14 or
1948 3110 92 25 request
2048 3106 29 22 its
2094 3105 186 22 discontinuance
2291 3112 5 17 ;
2312 3102 48 22 that
2372 3102 18 20 it
2399 3100 105 21 occurred

1914 3134 74 22 under
1998 3133 37 22 the
2046 3140 54 20 very
2119 3139 52 21 eyes
2188 3131 26 23 of
2225 3132 38 20 the
2279 3129 74 23 Police
2374 3127 130 26 Magistrate

1915 3168 29 14 on
1955 3168 14 14 a
1985 3163 78 19 recent
2078 3159 112 25 occasion,
2206 3158 62 22 when
2283 3157 30 21 he
2328 3154 80 22 landed
2424 3153 56 22 from
2480 3162 3 12 i
2494 3160 13 14 a

1915 3188 73 21 vessel
2006 3187 73 22 which
2096 3194 45 15 was
2157 3187 66 25 being
2244 3182 92 26 saluted,
2353 3181 44 21 and
2413 3181 58 20 that-
2477 3181 30 20 he

1918 3215 52 21 took
1980 3219 41 17 not
2031 3214 37 22 the
2079 3214 103 27 slightest
2191 3209 110 25 noticeof
2311 3209 18 21 it
2338 3212 23 18 at
2371 3208 35 21 the
2406 3218 2 9 :
2418 3211 53 18 time
2482 3213 25 15 or

1916 3241 130 22 afterwards
2054 3249 6 19 ;
2077 3241 45 21 and
2132 3241 48 21 that
2189 3239 60 21 since
2258 3237 48 21 that
2312 3243 30 14 no
2351 3234 74 27 public
2432 3238 76 18 notice

1916 3277 25 14 or
1952 3270 101 26 warning
2064 3268 40 21 has
2113 3268 58 21 been
2181 3266 67 27 given
2259 3264 24 21 of
2296 3270 44 19 any
2350 3261 68 22 limits
2429 3261 77 22 withm

1917 3296 72 21 which
2000 3296 67 26 firing
2077 3295 26 21 of
2108 3301 63 19 .guns
2180 3293 18 21 is
2213 3290 82 27 illegal.
2324 3290 12 21 1
2345 3289 66 21 know
2426 3289 49 21 that
2484 3295 24 14 in

1919 3324 53 21 Port
1983 3323 124 22 Nicholson
2117 3320 54 22 such
2188 3319 67 26 firing
2269 3317 19 21 is
2296 3316 77 27 illegal
2383 3316 76 21 withm
2471 3316 37 20 the

1916 3350 70 22 limits
1997 3350 26 21 of
2035 3349 72 22 which
2124 3347 74 28 public
2213 3345 73 21 notice
2303 3344 41 21 has
2360 3343 62 25 been.
2428 3343 80 27 given:

1917 3378 49 21 that
1976 3378 19 21 is
2005 3381 22 17 to
2037 3383 38 20 say
2086 3375 78 22 within
2174 3373 37 22 the
2220 3376 72 22 town';
2303 3371 41 21 but
2352 3370 94 26 outside,
2455 3369 55 22 such

1917 3405 68 26 firing
1994 3404 19 21 is
2023 3410 54 15 even
2089 3409 50 14 now
2147 3404 41 18 not
2197 3398 132 23 considered
2334 3397 83 28 illegal.
2437 3397 12 21 I
2456 3403 53 15 con-

1919 3432 54 21 tend
1984 3431 53 21 then
2048 3430 48 21 that
2112 3429 10 21 I
2140 3435 43 15 was
2199 3430 42 18 not
2257 3425 72 28 guilty
2339 3425 25 21 of
2376 3432 44 19 any
2434 3422 76 28 illegal

1918 3462 43 18 act.
1998 3458 45 21 But
2058 3456 39 21 the
2117 3455 81 26 charge
2216 3453 101 27 specifies
2336 3451 49 23 that
2399 3451 48 22 >this
2465 3456 44 16 was

1919 3486 58 21 done
1988 3491 29 14 on
2028 3484 36 21 the
2075 3481 107 27 Sabbath,
2194 3481 47 21 and
2256 3483 49 24 part
2317 3479 26 22 of
2354 3479 38 22 the
2402 3478 105 22 evidence

1918 3513 36 21 for
1963 3512 38 21 the
2012 3509 140 30 prdsecution
2163 3505 105 25 seems'to
2283 3510 47 18 rest
2346 3507 37 21 the
2394 3505 70 23 whole
2474 3511 36 14 ac-

1919 3539 101 22 cusation
2032 3544 27 15 on
2070 3537 53 22 this.
2153 3535 57 22 Now
2228 3535 10 21 I
2254 3534 85 22 further
2353 3532 98 24 contend
2463 3531 47 22 that

1919 3566 21 21 if
1951 3566 37 21 the
1999 3565 66 25 firing
2075 3563 26 22 of
2112 3570 58 20 guns
2185 3563 19 20 is
2220 3565 42 18 not
2277 3561 76 27 illegal
2373 3568 28 14 on
2418 3568 14 13 a
2448 3558 60 22 week

1920 3594 50 26 day,
1982 3592 19 21 it
2011 3592 52 21 does
2074 3594 40 18 not
2129 3590 93 21 become
2238 3596 61 15 more
2310 3596 25 14 so
2352 3596 30 14 on
2399 3595 12 14 a
2420 3585 90 26 Sunday

1920 3620 105 26 evening.
2062 3618 10 21 I
2090 3617 104 22 consider
2211 3617 49 20 that
2275 3616 63 21 there
2352 3615 19 21 is
2386 3622 29 14 no
2430 3614 43 22 law
2491 3617 19 16 to

1920 3646 121 23 constitute
2058 3645 67 27 firing
2143 3644 25 21 of
2179 3651 59 20 guns
2254 3651 13 14 a
2283 3642 138 22 desecration
2439 3640 25 21 of
2475 3638 35 22 the

1920 3672 106 27 Sabbath,
2037 3673 41 20 but
2094 3672 49 21 that
2159 3671 17 22 it
2192 3672 17 21 is
2227 3678 14 14 a
2256 3677 59 14 mere
2332 3674 79 17 matter
2421 3668 25 21 of
2458 3670 53 18 taste

1921 3708 25 15 or
1965 3700 91 27 opinion
2083 3698 102 23 whether
2211 3698 37 21 the
2272 3697 97 22 Sabbath
2389 3697 16 20 is
2429 3693 81 23 broken

1921 3735 26 14 or
1965 3731 42 18 not
2030 3727 28 25 by
2077 3726 38 21 the
2138 3730 44 17 act.
2225 3725 73 22 There
2323 3731 37 14 are
2384 3721 127 29 precedents

1921 3753 157 23 innumerable
2103 3753 26 22 of
2155 3752 56 23 such
2242 3752 75 26 things
2347 3750 83 26 having
2457 3748 54 21 been

1922 3782 65 26 done,
2013 3780 94 22 without
2135 3780 121 28 objection,
2283 3779 25 21 in
2338 3775 104 29 England
2471 3775 41 21 and

1922 3809 65 21 other
2001 3811 60 24 parts
2081 3808 26 21 of
2128 3807 38 22 the
2187 3807 76 26 world,
2281 3813 25 14 as
2326 3804 49 22 well
2395 3811 23 14 as
2436 3803 23 21 in
2472 3802 40 20 tins

1922 3839 96 23 country
2030 3842 27 15 on
2068 3834 39 22 the
2121 3834 95 23 sabbath
2235 3834 49 26 day.
2315 3831 145 22 Men-of-war
2475 3829 37 20 fire

1922 3863 85 21 salutes
2017 3869 28 15 on
2056 3869 13 14 a
2080 3862 106 27 Sunday;
2202 3869 25 14 so
2245 3861 28 21 do
2289 3858 176 23 merchantmen.
2503 3857 9 17 1

1923 3890 58 22 have
1999 3897 29 14 no
2045 3890 115 21 witnesses
2185 3889 54 22 here
2258 3891 21 18 to
2296 3893 77 21 prove,
2393 3884 38 22 but
2451 3883 62 21 could

1923 3918 48 22 find
1982 3916 85 23 several
2078 3921 23 17 at
2113 3916 154 26 .Wellington;
2287 3914 44 21 and
2350 3913 18 22 it
2383 3918 95 15 remains
2488 3914 26 16 on

1924 3945 80 22 record
2018 3945 23 21 in
2053 3944 47 21 the.
2107 3944 76 27 public
2196 3943 78 27 prints,
2293 3941 49 22 that
2358 3940 37 21 the
2413 3940 61 23 Tory,
2492 3941 22 16 in

1925 3972 74 22 which
2011 3973 70 21 vessel
2094 3971 10 21 I
2115 3978 63 15 came
2190 3974 38 18 out
2239 3970 59 25 here,
2316 3967 55 22 fired
2387 3968 12 19 8
2416 3972 56 20 guns
2488 3968 27 16 on

181 146 97 21 Notice
294 148 27 17 to
337 144 178 21 Subscribers.

57 184 82 24 Papers
152 181 46 19 will
209 181 36 19 not
259 180 23 20 be
294 181 44 18 sent
357 181 20 17 to
389 183 87 20 persons
489 177 63 24 living
568 177 35 19 out
619 176 24 24 of

83 210 55 20 Port
148 208 119 22 Nicholson,
283 207 68 19 unless
365 206 155 23 arrangements
532 210 37 13 are
583 203 59 19 made

81 237 39 24 for
128 235 34 19 the
167 235 99 25 payment
276 234 27 25 of
308 234 35 19 the
351 238 62 20 same,
425 231 90 25 through
524 237 27 13 an
564 230 76 25 Agent,

83 265 23 18 at
120 262 130 24 Wellington.

56 291 95 23 January
161 289 20 22 8,
196 289 59 20 1842.

149 333 122 20 AGENTS
284 332 56 20 FOR
356 330 72 21 THIS
441 329 107 21 PAPER.

76 362 39 16 Mr,
127 359 122 18 BURCHAM
345 356 74 18 I'etoni.

76 382 37 17 Mr.
128 381 18 17 F.
158 381 23 16 G.
194 379 93 17 MOOKI'/.
345 377 71 18 Nelson
425 376 74 18 Haven.

76 403 38 17 Mr.
126 402 23 16 It.
161 400 115 18 BARRETT
349 398 46 17 New
403 397 107 21 Plymouth,
517 396 102 17 Taranaki.

76 424 37 17 Mr.
126 422 25 17 H.
162 421 32 17 CH
199 420 84 18 UKTOX
348 419 113 21 Wanganui.

76 445 37 17 Mr.
125 442 29 17 W.
167 441 97 18 WILSON
346 440 39 20 Bay
392 440 22 15 of
424 438 82 17 Islands.

59 469 56 24 ~Tlie
123 473 96 19 following
226 477 31 12 are
265 472 32 17 tho
305 473 78 20 quarter
393 470 48 21 days
448 469 21 18 of
478 469 40 17 this
527 473 58 17 paper
591 475 28 10 :—

160 494 67 17 March
485 492 48 15 31st.

160 515 51 17 June
486 511 50 17 30th.
571 518 4 4 •

160 534 110 22 September
486 532 50 17 30th.

159 556 105 18 December
485 553 48 17 Hist.

75 579 81 17 Persons
163 577 109 21 previously
278 577 21 16 to
311 574 146 22 discontinuing
469 573 50 17 their
527 577 68 17 paper?
603 572 37 17 and

53 598 165 21 advertisements,
228 598 51 16 must
286 597 56 17 settle
351 596 32 16 the
393 596 92 16 accounts
494 594 37 17 due
538 598 26 17 up
577 595 20 15 to
608 593 33 17 the

53 621 50 17 ilate.
