2550 4029
1912 3882 73 18 Printed
1999 3882 36 16 and
2049 3882 98 20 published
2164 3887 54 17 every
2235 3884 112 20 Wednesday
2363 3884 36 16 and
2410 3884 86 18 Saturday

1933 3903 88 20 morning,
2037 3903 22 20 by
2079 3905 84 15 Samuel
2178 3905 88 17 Kevans,
2282 3907 20 13 at
2317 3906 31 14 the
2364 3905 54 15 Ollice
2434 3909 18 11 oi
2465 3908 31 13 tne

1933 3925 47 17 New
1994 3924 99 16 Zealand
2105 3925 92 16 Gazette
2209 3929 41 12 and
2265 3925 132 17 Wellington
2415 3926 81 16 Spjccta-

1933 3950 42 14 toa,
1987 3945 157 21 Manners-street,
2155 3946 113 21 Wellington,
2281 3947 13 17 p
2295 3951 19 12 po
2316 3947 7 15 t
2454 3947 42 17 K«w

1933 3966 84 17 Zealand.

517 51 100 31 THE
635 51 109 31 NEW
762 46 226 35 ZEALAND
1005 48 225 31 GAZETTE
1248 46 101 32 AND
1370 44 323 32 WELLINGTON
1717 43 290 31 SPECTATOR.

134 136 132 26 Building
275 136 170 21 Allotments
454 137 30 19 to
499 136 56 20 Let.

54 171 50 48 A
131 170 132 21 NUMBER
277 168 26 22 of
314 169 68 20 Town
401 169 70 21 Acres
490 168 25 21 in
532 167 37 22 the
579 170 59 19 most

133 196 110 22 desirable
253 195 117 22 situations
383 194 167 26 inWellington,
570 197 23 18 to
609 194 27 21 be

54 224 32 20 let
94 230 28 14 on
132 223 60 21 lease
203 229 24 14 or
238 221 121 26 otherwise,
368 221 42 22 and
420 221 45 21 will
472 221 28 20 be
506 219 131 22 subdivided

56 255 21 15 to
87 250 43 20 suit
140 252 96 18 tenants.
266 248 64 21 Plans
343 247 43 22 aaid
402 247 131 28 particulars
548 253 51 20 may
609 246 28 21 be

54 276 73 21 learnt
137 283 28 14 oil
176 275 134 27 application
318 278 21 17 to

387 300 87 21 Henry
489 300 36 21 St.
540 298 71 23 Hill.

159 355 91 19 Water
265 353 151 25 Frontages
431 353 30 18 to
475 352 58 19 Let.

54 385 89 47 THE
160 385 71 21 whole
247 392 25 13 or
289 387 47 23 part
346 383 26 21 of
384 383 38 21 the
438 383 61 21 front
508 381 49 22 half
564 382 26 21 of
600 380 37 22 the

126 419 50 14 acre
187 411 42 21 No.
238 412 47 20 613.

99 438 84 27 Nearly
193 437 36 21 the
240 436 71 22 whole
319 436 25 21 of
350 436 36 21 the
396 436 101 26 frontage
508 434 26 22 of
540 434 37 21 the
588 441 50 14 acre

54 464 42 21 No.
107 466 49 20 GlO.

81 491 46 21 The
137 491 70 21 above
217 490 44 21 will
270 490 27 20 be
309 488 87 21 divided
405 491 23 18 to
437 488 44 21 suit
490 490 95 23 tenants,
594 486 44 21 and

53 518 44 20 will
108 518 26 20 be
144 518 32 20 let
185 524 27 14 on
224 516 164 26 advantageous
399 518 75 18 terms.

248 544 2 7 '
332 542 105 21 Johnson
454 540 45 22 and
516 540 91 21 Moore.

194 594 88 19 Town
296 593 85 20 Acres
395 594 29 18 to
440 593 57 18 Let.

54 626 178 48 NUMBERS
243 632 27 14 on
283 625 37 21 the
328 624 239 27 Surveyor-General's
578 631 59 20 map,

242 653 40 19 510
443 652 41 20 263

82 680 41 21 For
130 679 136 27 particulars,
278 678 66 27 apply
353 681 23 18 to
384 678 108 26 Wallace,
506 677 79 25 White,
594 676 45 22 and

52 706 107 21 Wallace.

55 750 142 48 LAND
221 749 257 22 AGENCIES.—
477 748 40 22 TO
541 748 98 22 LAND-

130 777 183 21 HOLDERS.—
312 775 46 22 The
377 775 156 27 Undersigned
550 775 44 26 beg
617 778 22 18 to

55 804 53 21 offer
117 803 133 22 themselves
260 806 23 18 to
293 802 57 22 their
358 801 85 22 friends
452 801 46 21 and
511 801 37 21 the
565 801 75 27 public

55 838 23 14 as
88 831 86 26 Agents
183 830 35 21 for
228 829 36 21 the
275 829 93 27 disposal
377 828 25 21 of
407 828 71 21 Town
489 828 44 21 and
541 827 99 28 Country

55 857 81 26 Lands,
148 857 44 21 and
203 859 55 18 trust
268 855 57 21 their
334 854 95 22 colonial
442 855 131 26 experience
588 862 52 19 may

54 883 76 22 entitle
142 883 61 21 them
212 886 23 18 to
245 890 12 13 a
270 882 63 22 share
344 881 25 21 of
380 881 36 21 the
426 881 76 27 public
510 884 129 24 patronage.

80 916 63 27 They
154 916 42 21 will
206 916 28 21 be
243 915 75 27 happy
327 918 23 18 to
360 921 92 19 arrange
466 914 35 21 for
510 914 45 21 and
565 921 76 20 super-

52 943 80 22 intend
141 942 37 21 the
188 949 92 19 surveys
289 941 42 22 and
339 940 158 23 sub-divisions
505 941 26 20 of
537 940 36 21 the
579 940 61 21 land.

56 970 88 21 Liberal
154 969 110 21 advances
273 968 45 21 will
330 968 29 21 be
374 967 64 22 made
449 975 29 13 on
488 967 64 22 lands
562 967 79 24 placed

54 997 24 20 in
89 996 56 21 their
155 995 71 22 hands
233 995 33 21 for
274 994 52 22 sale.
354 994 63 27 They
424 994 46 21 will
477 994 47 21 also
531 994 27 21 be
567 1000 73 21 nappy

56 1026 22 18 to
89 1023 64 21 assist
162 1022 134 28 proprietors
304 1022 23 20 in
337 1020 86 27 leasing
433 1020 59 21 their
500 1020 71 21 lands.

334 1057 63 22 John
407 1057 47 22 and
464 1057 58 21 Geo.
532 1057 82 22 Wade.

57 1110 155 27 Wanganui
235 1109 78 21 Land
334 1109 92 26 Agent
447 1109 54 19 and
525 1108 115 20 General

174 1136 183 21 Commission
371 1135 151 21 Merchant.

59 1170 90 22 rriHE
167 1168 151 28 undersigned
337 1169 52 26 begs
407 1172 21 17 to
443 1168 55 21 offer
514 1167 93 22 himself
619 1170 21 19 to

66 1190 28 29 JL
132 1198 36 20 the
184 1196 75 27 public
275 1203 24 14 as
316 1196 62 21 Land
391 1195 77 26 Agent
484 1194 44 21 and
544 1194 96 21 General

57 1224 146 21 Commission
227 1222 119 21 Merchant
372 1222 33 21 for
434 1221 38 21 the
501 1221 85 21 district
619 1222 26 19 of

57 1250 133 27 Wanganui.
221 1250 35 21 He
266 1249 41 21 has
318 1250 55 21 been
384 1249 35 20 for
428 1248 38 21 the
475 1248 43 21 last
527 1249 13 20 9
551 1248 91 21 months

58 1285 28 14 on
103 1278 38 21 the
157 1276 53 22 staff
224 1276 121 26 surveying
360 1275 47 21 that
426 1274 92 26 district,
539 1274 43 21 and
601 1274 40 22 has

57 1303 160 28 consequently
227 1304 58 21 been
296 1302 92 21 enabled
400 1305 22 17 to
440 1302 89 24 acquire
539 1306 102 17 accurate

56 1330 142 23 information
216 1330 124 27 respecting
354 1329 36 21 tlie
407 1328 63 21 land.
498 1328 59 25 This,
569 1328 73 21 added

57 1361 22 18 to
91 1358 36 21 the
139 1357 130 26 experience
279 1356 28 21 he
317 1356 39 21 has
366 1355 42 22 had
418 1355 24 21 in
453 1351 106 25 Scotland
569 1355 23 20 in
604 1354 37 22 the

57 1387 158 23 management
231 1384 25 20 of
271 1382 53 22 land
341 1382 43 21 and
401 1381 70 26 stock,
483 1382 27 21 he
520 1386 67 16 trusts
598 1382 44 21 will

59 1411 77 22 enable
147 1410 46 21 him
205 1414 21 17 to
238 1410 26 21 do
276 1417 65 19 every
348 1408 80 28 justice
440 1412 23 17 to
473 1408 33 22 his
517 1408 125 27 employers

57 1438 23 21 in
99 1438 37 21 the
156 1438 105 21 selection
287 1443 24 14 or
330 1436 108 26 purchase
463 1435 26 21 of
508 1434 59 22 land.
606 1435 36 21 He

58 1468 84 18 natters
166 1464 95 26 himself,
282 1462 47 22 that
351 1462 35 21 his
404 1462 161 26 acquaintance
589 1461 53 22 with

57 1491 91 27 general
163 1491 100 21 business
273 1490 45 21 will
335 1488 78 23 enable
429 1488 48 21 him
487 1492 22 17 to
519 1489 50 26 give
579 1488 63 21 satis-

57 1518 82 22 faction
158 1521 21 18 to
190 1517 62 21 those
263 1516 49 22 who
325 1523 52 20 may
386 1516 92 26 consign
496 1515 69 27 goods
575 1518 23 18 to
609 1515 33 22 his

57 1546 79 26 charge
148 1544 34 21 for
191 1544 52 21 sale.
272 1542 60 22 With
346 1550 14 13 a
369 1542 54 21 view
433 1546 23 17 to
473 1542 83 26 adding
569 1546 23 17 to
607 1541 35 22 his

57 1567 102 26 facilities
165 1571 23 21 in
199 1570 114 28 disposing
322 1569 24 22 of
352 1568 61 22 stock
422 1568 46 22 and
477 1568 163 27 merchandize,

57 1599 28 22 he
96 1598 39 22 has
145 1598 67 21 taken
223 1600 38 19 out
271 1604 28 14 an
311 1596 155 21 Auctioneer's
475 1595 103 22 Licence.

416 1629 62 22 John
495 1630 120 21 Cameron.

50 1663 5 3 '
73 1654 56 27 *Kaiwarrai
139 1666 70 15 warra
217 1666 77 19 warra,
303 1657 124 23 December
435 1659 36 24 31,
480 1658 60 20 1841.

159 1705 104 21 Nelson
278 1704 75 20 Land
368 1702 144 28 Agencies.

59 1739 90 49 THE
163 1737 152 28 undersigned
327 1737 45 26 beg
381 1740 21 18 to
412 1737 56 21 offer
477 1735 134 23 themselves
621 1739 21 18 to

132 1765 37 22 the
179 1765 75 26 public
264 1772 25 14 as
298 1767 78 24 agents
385 1763 34 21 for
429 1763 39 21 the
477 1763 107 21 selection
598 1763 45 21 and

58 1792 95 27 disposal
163 1793 26 20 of
196 1795 57 18 town
264 1791 46 21 and
320 1794 91 22 country
428 1789 66 22 lands
503 1789 23 22 in
539 1789 37 21 the
593 1797 50 15 new

57 1820 127 21 settlement
211 1819 26 21 of
261 1818 92 22 Nelson.
391 1816 78 27 Apply
491 1820 22 18 to
536 1816 105 28 Wallace,

57 1847 82 26 White,
151 1845 44 22 and
205 1845 106 26 Wallace,
322 1844 146 27 Wellington.

178 1880 121 21 Patchett
313 1878 44 22 and
372 1878 91 26 White,
475 1877 64 22 Land
548 1877 93 27 Agents,

355 1904 93 22 Nelson.

85 1933 131 26 December,
227 1933 62 20 1841.

57 1986 122 24 Country
193 1983 125 21 Sections
337 1982 42 21 for
398 1982 61 21 Sale
480 1988 37 15 on
535 1982 108 21 Liberal

301 2010 101 21 Terms.

59 2044 163 50 SEVERAL
256 2043 101 22 Sections
384 2043 26 21 of
442 2043 101 27 Country
569 2042 73 28 Land,

121 2071 91 26 already
223 2070 81 22 chosen
315 2071 22 21 in
348 2070 36 21 the
398 2069 94 23 Porirua
507 2069 91 28 district,
610 2070 34 21 for

57 2099 57 26 Sale,
125 2106 75 14 terms
210 2105 106 14 liberal.
345 2096 75 28 Apply
429 2100 23 18 to

152 2132 24 21 F.
191 2131 30 22 A.
235 2131 170 25 Moleswortilj
423 2130 185 28 Murphy-street,
619 2137 25 14 or

150 2166 36 22 W.
202 2166 28 22 V.
245 2166 106 26 Brewer,
363 2165 194 21 Manners-street.

192 2218 168 20 Allotments
377 2216 28 21 of
422 2217 85 20 Land.

57 2252 87 49 FOR
159 2251 84 27 SALE,
263 2250 127 22 allotments
405 2250 25 21 of
445 2249 54 22 land
510 2257 29 14 on
552 2250 34 21 Te
596 2250 48 21 Aro

115 2278 56 28 Hat,
183 2278 53 21 with
245 2278 113 26 frontages
368 2281 21 18 to
400 2277 64 22 Cuba
473 2276 172 23 andGhuznee-

57 2309 85 18 streets.
171 2306 44 21 No.
228 2305 24 21 of
264 2312 58 18 acre,
332 2305 49 20 154.

84 2333 43 21 For
136 2332 64 28 plans
210 2332 46 21 and
264 2331 138 28 particulars,
414 2330 68 28 apply
492 2333 23 18 to

462 2358 29 21 A.
509 2357 107 22 Ludlam.

84 2386 158 26 Willis-street,
252 2385 54 22 Jan.
316 2386 32 26 12,
361 2386 60 21 1842.

57 2438 65 48 TO
138 2438 38 21 BE
192 2437 64 26 LET,
273 2437 38 22 the
326 2440 60 19 town
406 2444 52 14 acre
475 2436 44 22 No.
541 2437 49 26 210,
602 2443 28 14 on

129 2464 103 26 building
242 2464 67 26 lease,
318 2465 34 21 for
362 2465 103 20 fourteen
475 2470 71 20 years.

82 2492 33 21 To
124 2491 29 21 be
162 2491 32 21 let
202 2499 24 13 or
236 2490 54 28 sold,
301 2491 38 22 the
350 2495 58 17 town
417 2497 52 15 acre
479 2490 43 21 No.
534 2491 47 20 642.

82 2518 32 22 To
124 2518 29 21 be
170 2518 54 24 sold,
236 2517 37 22 the
290 2518 143 27 preliminary
445 2517 114 27 (country)
579 2516 65 22 Land

56 2546 71 21 Order
147 2545 43 21 No.
209 2546 46 25 153,
276 2544 73 23 which
369 2544 76 22 stands
466 2546 82 19 seventh
564 2544 24 21 in
607 2544 37 21 the

55 2572 64 21 order
129 2572 27 21 of
160 2571 76 22 choice
247 2575 22 17 at
279 2571 38 22 the
326 2576 57 17 next
392 2571 108 22 selection
510 2571 27 22 of
549 2575 96 23 country

56 2599 104 22 sections.
190 2598 76 28 Apply
276 2601 23 18 to

328 2625 22 22 J.
365 2625 26 22 T.
407 2624 146 28 Wicksteed,

392 2652 225 25 Hawkstone-street,

270 2697 40 21 To
323 2697 34 20 be
372 2697 58 24 Let,

60 2730 163 51 SEVERAL
237 2730 91 22 TOWN
341 2730 103 26 ACRES,
454 2730 23 21 in
488 2730 88 21 various
586 2732 60 25 parts

123 2758 26 22 of
161 2758 145 26 Wellington.
335 2757 44 22 For
387 2757 138 27 particulars,
542 2757 65 27 apply
623 2760 23 18 to

235 2792 24 21 E.
276 2791 142 26 Catchpool,
430 2791 109 21 Dickson-
544 2794 74 18 street.

269 2843 165 27 Wanganui.

57 2878 87 48 FOR
159 2877 84 22 SALE.
245 2889 28 3 —
274 2877 65 22 Land
357 2877 101 24 between
478 2884 42 14 one
540 2876 45 21 and
603 2879 44 19 two

128 2904 64 22 miles
209 2904 26 22 of
246 2904 38 21 the
300 2904 108 27 township
428 2908 22 17 at
471 2903 127 27 Wanganui
612 2903 36 21 for

56 2932 51 26 sale,
118 2932 23 21 in
153 2931 77 22 blocks
240 2932 25 21 of
276 2931 44 21 five
329 2938 62 14 acres
405 2931 43 21 and
464 2931 108 27 upwards,
586 2937 25 14 or
623 2933 24 18 to

56 2958 31 21 let
96 2965 29 15 on
138 2965 54 21 very
205 2958 77 22 liberal
295 2962 73 22 terms,
380 2957 51 22 with
443 2957 37 22 the
495 2957 58 27 right
564 2957 26 22 of
595 2964 52 20 pur-

57 2986 72 21 chase.
160 2986 75 26 Apply
245 2990 22 17 to
277 2985 28 22 R.
318 2985 64 27 Park,
393 2985 61 27 Esq.,
466 2992 24 14 or
500 2988 22 18 to

395 3018 22 22 J.
433 3018 45 22 and
495 3018 27 22 G.
538 3018 82 22 Wade.

56 3066 80 22 PORT
158 3066 180 21 NICHOLSON
370 3066 67 21 AND
461 3065 186 22 WANGANUI.

169 3100 92 20 Lands
271 3101 29 19 to
311 3100 32 20 be
355 3101 49 19 Let
414 3106 31 14 or
456 3100 73 20 Sold.

59 3133 163 50 SEVERAL
242 3132 71 22 Town
330 3133 45 22 and
389 3133 101 27 Country
509 3133 97 22 sections
623 3132 24 22 in

122 3160 38 21 the
173 3160 53 21 Port
236 3159 124 22 Nicholson
377 3159 91 27 district,
484 3160 46 21 and
548 3160 100 27 Country

57 3187 96 22 sections
160 3187 23 21 in
193 3186 38 21 the
243 3186 125 26 Wanganui
377 3186 92 26 district,
480 3186 54 22 with
542 3186 37 22 the
589 3186 60 27 right

57 3214 26 22 of
102 3214 61 26 early
183 3213 87 22 choices
291 3213 80 26 (under
387 3214 35 25 14)
442 3214 25 21 of
487 3213 38 22 the
540 3214 109 21 intended

56 3240 110 28 township
173 3240 70 26 there,
251 3243 23 18 to
280 3240 28 21 be
315 3240 47 21 sold
369 3247 24 14 or
399 3240 39 21 let.
468 3240 43 22 For
518 3240 131 28 particulars

57 3268 45 22 and
111 3271 75 23 terms,
198 3266 66 28 apply
275 3270 22 17 to

243 3300 94 21 Robert
351 3299 29 22 R.
395 3299 100 28 Strang,
510 3300 110 22 Solicitor.

83 3328 147 27 Wellington,
239 3327 60 21 JSfov.
311 3327 33 26 25,
357 3327 49 21 1841

134 3371 133 27 Building
282 3371 170 21 Allotments
468 3373 29 19 to
511 3372 59 22 Let,

57 3406 91 50 THE
167 3404 202 23 ADVERTISER
384 3404 65 22 offers
465 3412 60 20 upon
541 3404 108 28 Building

132 3433 89 26 Leases,
233 3439 13 14 a
255 3431 96 22 number
362 3431 25 21 of
397 3430 71 22 Town
477 3431 138 22 Allotments
624 3432 23 21 in

57 3461 37 21 the
103 3463 60 19 most
172 3458 109 23 desirable
291 3461 60 25 parts
362 3458 24 21 of
397 3458 45 21 this
452 3458 141 22 Settlement.

83 3494 47 22 The
150 3494 110 21 attention
277 3492 27 21 of
322 3491 37 22 the
377 3491 75 28 public
469 3491 18 22 is
503 3492 145 32 particularly

56 3521 71 22 called
147 3524 22 18 to
189 3520 38 21 the
245 3519 126 26 advantage
390 3519 26 20 of
433 3518 108 27 Building
557 3519 90 26 Leases,

54 3548 73 22 which
138 3548 37 21 the
185 3546 153 27 undersigned
347 3546 18 21 is
377 3545 96 22 enabled
482 3548 23 18 to
514 3549 73 23 grant,
596 3546 51 26 viz.,

54 3576 59 21 from
122 3582 69 15 seven
203 3578 21 17 to
242 3576 139 24 twenty-one
398 3579 73 20 years,
489 3571 122 28 according
625 3575 24 18 to

55 3602 37 21 the
111 3602 66 21 value
197 3601 26 21 of
243 3600 38 21 the
305 3599 114 26 buildings
440 3599 111 27 proposed
573 3602 24 18 to
621 3599 28 22 be

57 3629 96 22 erected.
182 3628 75 27 Apply
269 3630 23 18 to

219 3662 23 20 J.
257 3661 26 21 T.
300 3660 147 25 Wicksteed,
460 3666 24 14 or

219 3687 35 23 W.
270 3687 29 22 V.
315 3688 107 25 Brewer,
439 3687 189 20 Manners-street

206 3734 40 19 To
261 3733 34 20 be
311 3732 66 21 Sold
397 3737 29 15 or
440 3732 59 20 Let.

56 3764 93 22 HPWO
163 3764 100 21 Wooden
276 3764 95 25 Houses,
383 3769 27 14 on
419 3762 38 21 the
464 3760 184 28 Tinakore-road,

66 3783 24 30 JL
134 3792 37 21 the
190 3790 83 23 second
292 3797 49 15 acre
361 3790 57 21 from
438 3788 95 28 Captain
550 3788 98 26 Smith's,

101 3818 132 26 containing
247 3818 49 21 four
305 3824 74 15 rooms
388 3816 45 22 and
449 3823 14 13 a
477 3822 99 21 passage,
593 3815 56 21 each

56 3846 54 22 with
128 3845 51 22 zinc
198 3844 67 24 roofs,
292 3844 45 21 and
360 3844 23 21 in
407 3849 68 20 every
494 3847 88 22 respect
600 3842 48 21 well

56 3872 103 22 finished.
188 3871 107 22 Terms—
296 3871 24 21 lf
326 3870 55 27 sold,
392 3870 60 21 £150
465 3870 34 21 for
506 3869 54 22 each
567 3869 68 22 house
643 3877 4 19 ;

56 3900 20 22 if
87 3900 38 26 let,
137 3898 31 22 £\
180 3905 41 20 per
230 3898 63 21 week
301 3898 35 21 for
346 3896 54 23 each
409 3897 80 21 house.
518 3896 76 27 Apply
605 3900 21 17 to

450 3930 76 21 James
541 3929 80 22 Watt.

83 3959 145 28 Wellington,
238 3958 58 22 Nov.
306 3957 33 27 27,
350 3958 59 20 1841.

1352 122 133 27 ALFRED'
1493 128 78 21 FELL
1586 127 67 22 AND
1670 126 112 28 COMPy.,

1274 164 158 21 Merchants
1459 164 56 20 and
1538 163 187 21 Commission
1748 163 114 26 Agents,

1523 204 95 19 NELSON,

1449 231 76 20 NEW
1541 230 150 21 ZEALAND.

1489 274 163 27 Wanganui.

1355 307 203 22 ALEXANDER
1578 307 203 27 ALEXANDER,

1404 341 127 20 Auctioneer
1541 341 19 27 8f
1571 342 87 19 General
1665 342 76 25 Agent,

1277 373 165 49 HAVING
1456 371 87 24 resided
1560 374 23 21 in
1599 374 126 27 Wanganui
1740 380 61 15 more
1810 373 53 22 than

1366 401 25 19 12
1402 399 97 27 months,
1510 400 40 22 has
1560 400 63 22 made
1634 401 91 21 himself
1731 401 133 26 acquainted

1277 427 53 21 with
1341 425 37 22 the
1393 427 50 20 best
1458 427 52 20 sites
1527 427 34 21 for
1578 427 36 21 the
1632 427 104 21 selection
1752 427 26 21 of
1794 427 53 21 land
1857 434 5 19 ;

1277 453 44 21 and
1332 459 42 15 can
1385 452 54 22 with
1449 453 130 21 confidence
1588 453 144 22 recommend
1741 453 91 22 himself
1841 457 23 18 to

1277 479 140 22 landowners
1437 486 23 14 as
1480 486 29 14 an
1529 482 66 23 agent
1610 480 36 20 for
1664 480 37 22 the
1719 480 104 22 selection
1842 481 26 21 of

1278 510 60 17 town
1348 505 44 21 and
1400 509 95 22 country
1504 505 64 21 lands
1576 509 23 17 at
1606 505 36 22 the
1651 506 94 27 ensuing
1751 507 112 21 selection.

1510 550 125 24 Wanted,

1279 584 51 47 A
1346 582 134 22 NUMBER
1495 582 39 21 OF
1552 582 152 23 WHALERS
1714 586 23 19 to
1748 591 84 20 engage
1840 584 25 22 in

1360 609 106 21 Barrett's
1477 609 93 27 Fishery
1580 612 23 18 at
1611 610 118 22 Taranaki.
1758 611 76 27 Apply
1842 614 24 18 to

1437 642 132 27 Ridgways,
1586 642 105 28 Guyton,
1707 644 44 21 and
1766 645 70 21 Earp.

1375 686 142 26 Millinery
1535 686 120 21 Fashion
1674 688 97 21 Room.

1280 719 108 49 MRS.
1406 719 27 22 A.
1450 719 96 27 LOWE,
1559 719 82 27 having
1649 721 103 21 received
1759 728 13 14 a
1780 721 87 28 variety

1357 746 26 22 of
1395 746 37 21 the
1442 746 66 22 latest
1516 745 98 23 fashions
1625 748 56 20 from
1691 747 111 28 England,
1813 749 53 26 begs

1279 777 23 17 to
1311 773 82 21 inform
1411 772 40 22 her
1466 772 85 22 friends
1569 773 45 21 and
1630 773 38 21 the
1681 773 70 22 ladies
1769 775 26 20 of
1814 775 54 21 Port

1279 799 124 22 Nicholson
1414 799 49 21 that
1477 799 53 27 they
1544 806 37 14 are
1598 806 50 15 now
1663 806 57 21 open
1734 801 35 21 for
1780 801 87 27 inspec-

1280 827 54 26 tion,
1346 833 29 14 on
1385 826 38 22 the
1433 827 106 26 premises
1549 826 27 22 of
1587 827 44 21 Mr.
1642 826 71 22 Jabez
1723 826 76 23 Allen.

1307 860 191 27 Lambton-quay.

1287 905 70 49 ON
1374 905 84 28 SALE,
1472 909 22 19 at
1503 906 38 22 the
1552 905 70 22 Office
1633 905 27 22 of
1666 905 44 22 this
1720 906 112 27 Paper:—

1364 933 89 21 Double
1472 933 111 27 elephant,
1598 933 149 27 antiquarian,
1757 933 109 28 imperial,

1285 959 45 22 and
1339 959 64 27 royal
1413 959 100 28 drawing
1523 966 74 21 paper,

1310 986 91 27 Oblong
1411 986 90 27 clasped
1510 986 170 22 memorandum
1692 986 78 27 books,

1310 1013 89 21 French
1409 1014 87 25 tracing
1505 1020 69 21 paper
1585 1013 75 26 (black
1668 1013 45 21 and
1724 1013 82 28 white),

1310 1039 89 22 Ladies'
1410 1039 46 21 and
1464 1040 148 26 gentlemen's
1623 1039 52 22 card
1689 1047 69 20 cases,

1308 1066 66 21 Ditto
1440 1066 35 22 do.
1533 1066 72 22 tinted
1614 1066 46 22 and
1670 1067 117 21 embossed
1796 1067 64 22 cards

1308 1092 110 28 Foolscap
1428 1093 45 21 and
1482 1093 89 27 writing
1580 1100 74 20 paper,
1665 1094 86 20 various
1757 1094 110 27 qualities.

1309 1120 96 26 Sponge,
1417 1119 78 21 wafers
1504 1119 24 21 in
1536 1121 15 19 2
1562 1127 32 14 oz.
1609 1121 75 25 boxes,
1701 1120 66 22 India
1778 1121 87 27 rubber,

1308 1146 72 22 Black
1399 1146 57 27 edge
1473 1146 46 22 and
1533 1146 111 22 bordered
1661 1147 66 21 letter
1750 1147 46 22 and
1813 1151 54 18 note

1282 1180 76 21 paper,

1310 1198 94 24 invoice
1413 1199 78 27 books,
1502 1199 55 22 with
1566 1199 99 27 indexes,
1677 1200 90 22 various
1776 1201 62 26 sizes,

1310 1227 59 21 Cash
1380 1227 76 27 books,
1467 1227 65 21 ruled
1541 1227 89 26 double,
1641 1227 88 21 various
1740 1227 62 27 sizes,

1310 1253 128 28 Envelopes
1451 1253 70 27 (note,
1532 1253 74 27 letter,
1618 1253 45 21 and
1674 1253 81 22 official
1766 1254 73 27 sizes),

1312 1281 71 26 Large
1393 1285 85 22 pewter
1487 1280 124 27 inkstands,
1624 1280 52 22 with
1684 1280 79 27 plates,

1312 1307 81 26 Ebony
1402 1307 126 27 inkstands,
1540 1307 54 21 with
1604 1309 103 24 drawers,

1310 1334 75 21 Broad
1395 1334 45 21 and
1450 1341 86 14 narrow
1546 1341 70 20 green
1626 1333 42 22 silk
1678 1333 88 28 ribbon,

1310 1361 65 21 Ditto
1430 1360 56 22 ditto
1541 1361 43 21 red
1592 1364 59 24 tape,

1310 1387 65 22 Brief
1383 1387 45 22 and
1439 1387 57 22 deed
1505 1394 75 21 paper,

1310 1414 75 22 Ruled
1394 1422 69 20 paper
1473 1415 35 21 for
1519 1415 40 21 bill
1569 1414 75 27 heads,

1312 1441 72 27 Royal
1399 1441 67 26 hand,
1484 1441 82 22 double
1580 1441 62 22 hand
1654 1441 84 27 brown,
1753 1441 46 23 and
1807 1442 63 27 royal

1284 1469 61 21 hand
1355 1469 76 21 brown
1442 1469 115 26 wrapping
1564 1475 76 20 paper,

1311 1495 98 27 Ledgers
1420 1495 44 21 and
1472 1499 95 17 account
1575 1495 75 26 books,
1662 1495 88 21 various
1760 1496 62 27 sizes,

1312 1522 84 21 Pocket
1404 1522 87 26 ledgers
1502 1521 44 22 and
1556 1522 170 22 memorandum
1739 1523 74 26 books,

1310 1549 122 26 Engraved
1442 1556 55 19 copy
1508 1549 52 27 slips
1571 1549 44 21 and
1624 1549 76 26 books,

1311 1576 55 22 Best
1375 1575 79 23 Welch
1463 1576 73 26 slates,
1548 1575 60 27 large
1620 1576 44 21 and
1674 1576 71 27 small,

1425 1617 138 14 WHOLESALE
1583 1617 40 15 IND
1639 1617 89 15 RETAIL.

1313 1638 86 19 Gazette
1413 1637 78 24 Office,
1503 1637 58 21 Nov.
1571 1638 33 26 26,
1616 1639 60 20 184)..

1454 1683 67 20 Fort
1534 1682 32 20 of
1582 1683 123 20 London.

1338 1719 88 22 Notice
1447 1726 27 14 to
1494 1725 44 14 the
1561 1718 92 21 Public.
1655 1729 27 4 —
1682 1718 124 23 Travellers
1827 1720 45 22 and

1285 1746 73 22 others
1369 1746 49 21 who
1428 1745 56 22 send
1493 1745 106 27 baggage,
1610 1746 72 21 works
1692 1746 26 21 of
1729 1751 40 22 art,
1777 1754 24 14 or
1808 1747 64 21 other

1285 1773 65 21 value
1359 1776 104 24 property
1474 1775 23 18 to
1508 1771 110 27 England,
1636 1772 81 21 should
1731 1774 92 26 consign
1834 1774 37 21 the

1285 1800 110 28 packages
1405 1804 23 17 to
1439 1800 37 20 the
1487 1806 49 14 care
1543 1798 26 21 of
1576 1806 12 13 a
1595 1798 98 23 licensed
1700 1800 171 22 Custom-house

1285 1831 73 23 agent,
1376 1834 23 14 as
1416 1826 88 21 articles
1520 1833 37 14 are
1573 1826 126 26 frequently
1713 1826 94 28 injured,
1827 1828 46 20 and

1285 1854 101 22 needless
1396 1860 98 20 expense
1510 1852 110 27 incurred,
1637 1852 35 22 for
1686 1853 38 21 the
1740 1858 60 17 want
1815 1854 25 21 of
1858 1862 14 14 a

1285 1888 81 20 proper
1374 1887 81 21 person
1466 1883 23 18 to
1501 1880 51 21 take
1562 1879 79 27 charge
1652 1880 25 21 of
1693 1880 61 21 them
1769 1888 29 14 on
1814 1880 58 22 their

1286 1908 86 25 arrival,
1383 1906 45 22 and
1439 1914 36 14 see
1490 1906 62 22 them
1569 1906 98 28 entered,
1684 1908 125 26 examined,
1827 1908 45 21 and

1286 1934 106 27 carefully
1407 1933 119 27 repacked.
1560 1933 47 21 The
1627 1933 81 27 charge
1723 1934 20 21 is
1757 1934 38 22 the
1811 1941 60 15 same

1274 1964 4 17 >
1285 1961 99 21 whether
1392 1967 25 15 80
1428 1960 123 26 consigned
1560 1967 25 14 or

1518 1995 117 26 Chamber,
1645 1995 103 26 London,

1286 2055 140 49 DEVOY
1436 2056 45 21 and
1491 2056 53 26 CO.,
1560 2057 44 19 who
1618 2062 37 14 are
1672 2057 34 19 the
1720 2056 154 20 LICENSED

1367 2083 125 21 AGENTS
1501 2083 27 25 of
1536 2084 49 19 Her
1590 2084 110 25 Majesty's
1709 2084 165 20 Commissioners

1286 2111 27 24 of
1325 2111 100 24 Customs,
1435 2111 43 19 and
1491 2111 67 19 under
1567 2112 63 25 heavy
1638 2111 62 20 bonds
1708 2111 42 25 for
1759 2112 35 19 the
1803 2111 69 25 safety

1286 2139 27 24 of
1319 2140 103 24 property
1439 2139 110 25 consigned
1564 2141 20 17 to
1599 2141 62 22 them,
1681 2139 44 26 beg
1744 2138 62 21 those
1823 2138 50 21 who

1287 2165 56 21 send
1352 2165 110 27 packages
1472 2169 22 17 to
1505 2165 59 22 their
1573 2173 57 19 care,
1645 2169 23 18 to
1677 2172 37 15 see
1724 2165 49 21 that
1781 2164 55 22 each
1845 2165 28 21 be

1287 2192 113 27 distinctly
1419 2192 94 22 marked
1560 2193 80 21 Devoy
1660 2192 44 22 and
1723 2192 46 27 Co.,
1790 2192 84 21 Lower

1286 2219 201 27 Thames-street,
1628 2219 86 22 andthe
1720 2219 40 21 bill
1767 2219 25 21 of
1797 2219 78 26 lading

1287 2253 25 14 or
1326 2246 85 27 receipt
1424 2246 126 22 forwarded
1567 2250 23 18 to
1608 2246 62 22 them
1687 2246 70 22 direct
1771 2246 31 27 by
1815 2249 57 24 post,

1287 2272 54 22 with
1349 2273 145 21 instructions
1503 2273 50 21 how
1564 2273 54 22 such
1628 2273 68 27 goods
1707 2280 36 14 are
1753 2275 23 19 to
1788 2273 27 21 be
1830 2272 45 22 dis-

1286 2299 69 26 posed
1366 2300 24 21 of
1402 2306 30 15 on
1442 2299 80 22 arrival
1531 2308 3 19 ;
1552 2300 45 21 and
1604 2308 23 14 as
1636 2307 66 19 every
1709 2299 98 28 package
1814 2302 61 19 must

1286 2327 29 21 be
1332 2326 87 27 opened
1440 2329 23 19 at
1480 2326 39 22 the
1536 2327 178 25 Custom-house,
1733 2326 21 22 if
1774 2334 44 19 any
1835 2333 39 15 are

1286 2353 87 27 locked,
1385 2353 38 21 the
1432 2353 56 27 keys
1498 2353 80 22 should
1586 2354 28 21 be
1624 2353 130 22 forwarded.

1316 2380 76 22 Goods
1402 2379 45 23 and
1456 2380 111 27 packages
1576 2388 37 14 are
1622 2379 125 23 forwarded
1754 2380 31 27 by
1794 2379 81 27 Devoy

1287 2407 45 22 and
1343 2407 38 21 Co.
1391 2410 23 18 to
1425 2407 30 21 all
1469 2410 61 24 parts
1543 2407 26 21 of
1581 2407 37 22 the
1635 2407 127 26 Continent,
1774 2406 36 22 the
1821 2407 55 21 East

1287 2434 45 22 and
1343 2434 62 22 West
1413 2433 83 26 Indies,
1506 2433 109 28 Colonies,
1627 2435 40 20 &c.
1678 2434 41 21 &c.
1727 2442 6 18 ;
1746 2433 51 27 and,
1807 2433 21 21 if
1839 2440 36 15 re-

1288 2460 85 28 quired,
1384 2464 51 18 sent
1449 2464 23 18 to
1482 2461 38 21 the
1532 2468 49 14 care
1597 2461 26 21 of
1634 2460 136 27 responsible
1787 2460 87 27 houses,

1287 2487 50 23 who
1352 2487 45 22 will
1413 2494 37 15 see
1466 2487 38 22 the
1522 2487 143 23 instructions
1680 2490 51 19 sent
1745 2487 52 22 with
1813 2487 62 21 them

1287 2515 132 27 punctually
1429 2514 106 22 attended
1606 2525 7 6 *

1315 2541 38 22 All
1364 2541 69 27 goods
1443 2541 44 21 and
1497 2541 109 28 packages
1615 2541 35 21 for
1660 2540 111 28 shipment
1778 2544 59 18 must
1846 2541 29 21 be

1288 2567 161 28 accompanied
1457 2569 30 26 by
1503 2568 87 22 written
1605 2569 150 26 instructions,
1767 2567 54 22 with
1836 2567 39 21 the

1287 2602 66 15 name
1364 2595 45 22 and
1418 2595 90 21 address
1519 2595 25 21 of
1558 2595 37 21 the
1604 2595 81 27 parties
1694 2595 30 26 by
1735 2595 71 21 whom
1822 2594 54 27 they

1288 2630 37 14 are
1339 2625 56 24 sent,
1412 2622 45 21 and
1473 2621 39 22 the
1526 2624 102 19 contents
1640 2621 44 22 and
1700 2621 66 22 value
1782 2621 26 21 of
1821 2622 55 20 each

1287 2649 99 28 package
1397 2648 79 23 stated.
1505 2649 48 21 The
1568 2649 55 26 duty
1633 2648 109 22 outwards
1754 2648 19 22 is
1783 2650 43 20 10*.
1834 2655 41 20 per

1289 2677 61 21 £100
1365 2676 73 21 value.
1475 2675 49 22 The
1538 2679 49 18 rate
1602 2675 26 22 of
1640 2675 120 21 insurance
1777 2675 100 27 depends

1289 2710 61 20 upon
1360 2703 181 21 circumstances.
1571 2702 43 22 For
1632 2702 85 22 further
1732 2701 145 23 information

1289 2730 66 27 apply
1381 2733 23 18 to
1427 2730 45 21 Mr.
1493 2729 92 22 Samuel
1610 2729 101 27 Revans,
1731 2729 145 27 Wellington,

1290 2757 53 21 Port
1352 2756 132 21 Nicholson.

1327 2802 40 19 To
1382 2800 131 26 Captains
1525 2801 55 20 and
1592 2801 90 20 Mates
1699 2800 30 21 of
1741 2800 101 21 vessels
1849 2814 7 6 .

1290 2835 93 49 LOG
1402 2834 74 22 Books
1494 2835 36 21 for
1544 2834 50 22 Sale
1610 2837 24 19 at
1653 2833 36 22 the
1705 2833 71 23 Office
1795 2834 19 21 oi
1837 2833 42 23 tHs

1366 2869 74 19 paper.

1290 2906 201 49 WNEAL,
1513 2906 88 21 Watch
1623 2906 45 21 and
1689 2906 77 22 Clock
1781 2906 96 26 Maker,

1363 2944 10 10 •
1419 2933 54 27 begs
1492 2932 143 28 respectfully
1653 2937 22 18 to
1693 2933 83 22 inform
1792 2932 37 23 the
1844 2933 35 21 in-

1290 2960 113 22 habitants
1423 2960 25 21 of
1465 2960 53 21 Port
1526 2960 129 26 Nicholson,
1674 2960 48 27 &c,
1740 2960 48 21 that
1797 2960 28 21 he
1838 2960 42 21 has

1291 2987 106 22 removed
1411 2986 34 22 his
1458 2987 103 22 business
1578 2987 49 22 S.E.
1639 2987 25 21 of
1675 2988 91 21 Messrs.
1777 2986 102 23 Bethune

1292 3014 44 21 and
1348 3014 115 26 Hunter's,
1475 3014 46 21 and
1530 3014 76 27 hopes,
1617 3014 29 26 by
1657 3014 62 21 strict
1729 3014 115 27 attention,
1856 3017 23 18 to

1292 3041 65 22 merit
1373 3048 12 14 a
1402 3041 151 21 continuance
1569 3041 26 21 of
1609 3040 58 22 their
1682 3040 96 28 favours,
1796 3040 84 28 having

1292 3068 44 21 had
1345 3068 26 21 20
1383 3068 71 26 years'
1465 3068 132 26 experience
1606 3068 24 21 in
1640 3067 103 22 London.

1319 3101 39 22 All
1377 3101 67 21 kinds
1459 3101 26 21 of
1497 3101 94 27 foreign,
1609 3101 89 26 British,
1715 3101 99 27 musical,
1835 3101 46 22 and

1291 3128 116 27 repeating
1414 3128 96 22 watches
1517 3129 45 21 and
1572 3128 81 27 clocks,
1661 3128 46 22 and
1714 3128 167 22 chronometers

1292 3155 94 22 cleaned
1395 3155 46 21 and
1450 3155 109 27 repaired.

1401 3188 58 21 N.B.
1460 3199 30 4 —
1493 3188 95 22 Musical
1597 3188 70 22 boxes
1675 3188 109 27 repaired.

1500 3234 30 20 E.
1545 3233 126 25 Stafford,

1377 3267 79 24 Tailor,
1470 3267 176 26 Lambton-quay,
1663 3268 134 25 Wellington,

1294 3301 51 48 IN
1357 3300 118 27 returning
1485 3300 82 22 thanks
1576 3304 23 18 to
1609 3301 63 21 those
1686 3301 128 27 gentlemen
1830 3301 51 23 who

1349 3327 58 21 have
1417 3327 93 21 favored
1520 3327 46 22 him
1576 3327 54 22 with
1639 3328 58 21 their
1704 3328 83 27 orders,
1795 3336 87 15 assures

1292 3355 61 21 them
1364 3354 48 21 that
1421 3354 59 21 from
1489 3354 35 22 his
1534 3354 63 22 stock
1607 3362 30 14 on
1646 3355 67 27 hand,
1725 3355 45 23 and
1778 3355 58 23 from
1845 3363 36 15 re-

1293 3386 52 17 cent
1353 3381 93 21 arrivals
1455 3381 58 21 from
1524 3381 110 28 England,
1645 3381 28 23 he
1684 3382 45 22 will
1742 3383 27 21 be
1787 3383 95 22 enabled

1293 3412 22 18 to
1325 3408 65 21 make
1401 3415 30 20 up
1441 3408 89 22 articles
1538 3409 25 21 in
1571 3408 36 22 the
1618 3409 49 21 first
1675 3409 57 27 style
1743 3409 26 22 of
1778 3409 87 22 fashion
1875 3418 5 19 ;

1293 3434 72 22 which
1374 3434 46 22 will
1429 3435 81 21 render
1519 3435 17 21 it
1545 3442 150 21 unnecessary
1704 3436 36 22 for
1753 3436 37 22 the
1807 3437 75 27 public

1293 3465 22 18 to
1326 3461 55 22 send
1395 3466 23 17 to
1435 3461 38 22 the
1489 3462 164 27 neighbouring
1663 3463 104 21 Colonies
1774 3463 35 21 for
1824 3464 59 21 their

1293 3488 97 27 wearing
1400 3489 99 26 apparel.

1319 3522 58 22 N.B.
1379 3533 28 4 —
1408 3522 75 28 Every
1498 3522 76 23 article
1590 3523 124 22 warranted
1733 3524 26 21 of
1779 3523 37 22 the
1832 3524 52 22 best

1293 3549 91 28 quality,
1397 3552 45 24 cut,
1453 3549 45 22 and
1510 3550 169 28 workmanship,
1691 3550 45 22 and
1750 3557 30 15 on
1792 3558 91 14 reason-

1293 3576 50 22 able
1353 3579 75 18 terms.

1293 3621 39 20 To
1344 3621 45 20 the
1400 3620 164 20 Mercantile
1575 3621 55 20 and
1646 3620 133 27 Shipping
1794 3621 89 21 Inter-

1416 3649 58 19 ests
1486 3647 30 20 of
1528 3647 65 21 Port
1602 3647 162 21 Nicholson.

1294 3680 159 50 THOMAS
1470 3680 106 23 BEVAN
1594 3680 45 22 and
1656 3680 82 26 SONS,
1750 3680 56 23 New
1824 3682 60 22 Zea-

1354 3715 61 14 land
1435 3715 58 14 ROPE
1513 3715 46 14 AND
1579 3715 74 14 TWINE
1677 3715 204 20 MANUFACTURERS,

1294 3736 42 26 beg
1351 3738 23 18 to
1383 3734 82 22 inform
1477 3734 57 21 their
1543 3734 84 21 friends
1640 3734 44 21 and
1694 3734 37 21 the
1741 3735 81 27 public,
1834 3736 50 21 that

1294 3762 52 27 they
1355 3762 58 21 have
1429 3761 107 22 removed
1553 3765 22 17 to
1590 3761 57 22 their
1664 3768 49 15 new
1730 3762 105 26 premises
1853 3770 28 14 on

1294 3789 190 26 Lambton-quay,
1500 3795 78 14 comer
1593 3788 26 21 of
1637 3788 155 27 Willis-street,
1808 3789 74 22 where

1294 3823 66 20 every
1371 3816 77 21 article
1457 3816 24 21 in
1489 3814 38 21 the
1536 3815 71 22 above
1618 3814 72 23 trades
1700 3823 52 19 may
1761 3816 28 21 be
1799 3815 43 23 had
1853 3823 29 15 on

1294 3842 36 23 the
1341 3843 96 22 shortest
1446 3842 83 22 notice.

1320 3870 93 27 Fishing
1423 3873 56 23 nets,
1489 3872 65 24 mats,
1566 3868 48 27 &c,
1625 3868 65 23 made
1700 3869 47 22 and
1755 3870 107 27 repaired.

1319 3897 27 22 T.
1355 3898 26 21 B.
1393 3897 45 22 and
1449 3897 57 21 Sons
1517 3903 36 14 are
1562 3896 68 27 ready
1640 3900 23 17 to
1673 3896 123 23 undertake
1804 3901 80 25 export

1294 3924 75 21 orders
1379 3927 23 18 to
1412 3931 44 19 any
1466 3927 85 22 extent,
1563 3930 28 15 on
1602 3923 130 22 reasonable
1744 3927 72 20 terms.

1320 3957 129 21 November
1458 3958 34 24 30,
1506 3957 60 21 1841.

2074 122 80 20 Book
2166 121 127 27 Binding.

1892 155 114 49 BOOK
2033 154 138 23 BINDING
2194 155 58 22 done
2275 157 23 20 at
2321 154 38 22 the
2382 154 95 23 Gazette

1968 181 78 22 Office.

1893 225 87 49 FOR
1993 225 78 21 SALE
2085 228 23 18 at
2124 225 44 21 this
2181 225 71 28 office,
2270 225 78 27 Hymn
2362 224 75 22 Books
2449 225 25 21 in

1964 251 37 21 the
2011 251 75 21 native
2096 251 117 27 language.

1918 283 126 24 December
2053 284 34 25 28,
2098 285 61 20 1841.

1986 335 155 26 Stationery
2157 335 60 27 just
2231 337 150 26 unpacked.

1894 367 72 50 ON
1980 366 85 27 SALE,
2081 370 23 19 at
2112 367 38 22 the
2161 368 86 21 Gazette
2262 369 78 27 Office,
2357 376 28 15 an
2397 371 80 20 exten-

1970 394 46 21 sive
2026 394 45 21 and.
2081 394 76 21 varied
2166 398 132 19 assortment
2314 396 26 21 of
2356 396 123 26 stationery

1893 422 26 21 of
1930 427 65 19 every
2006 420 142 27 description.

1921 448 100 25 January
2030 447 21 26 7,
2064 448 62 20 1842.

1893 507 221 26 WHOLESALE
2143 508 125 24 PRICES
2300 510 178 25 CURRENT.

1993 552 134 16 CORRECTED
2141 553 30 15 UP
2185 553 29 15 TO
2228 554 54 14 LAST
2299 554 79 16 NIGHT.

2233 579 17 18 £
2272 584 14 13 *.
2310 580 19 17 d.
2383 581 16 18 £
2422 587 15 12 8.
2462 582 21 17 d.

1895 601 64 22 Alb:
1974 599 28 23 In
2011 600 78 27 bottle,
2103 599 115 29 perdoz..
2236 603 13 19 0
2264 602 25 20 11
2317 603 14 20 0
2348 615 18 7 ..
2385 605 14 19 0
2425 605 14 19 0
2466 605 15 19 0

1995 627 87 21 Elliot's
2089 634 40 21 per
2135 627 53 21 hhd.
2199 641 17 6 ..
2235 629 14 19 6
2276 629 13 19 0
2317 629 49 19 0..
2383 631 14 19 0
2425 631 14 19 0
2465 631 16 19 O

1896 655 111 21 Arrack:
2023 654 42 21 Per
2074 654 45 27 gal.
2129 653 24 22 in
2162 653 62 22 bond
2237 656 14 19 0
2279 655 10 20 1
2318 655 14 19 9
2349 668 18 7 ..
2385 657 14 19 0
2426 657 13 20 0
2465 660 16 19 O

1894 682 93 21 Bread:
2003 680 43 22 Per
2054 680 45 23 2lb.
2111 680 50 22 loaf
2175 694 45 7 ....
2238 683 14 19 0
2279 682 13 20 0
2319 682 14 20 8
2350 694 18 8 ..
2386 683 13 19 0
2426 684 14 20 0
2466 684 15 20 0

1896 708 72 22 Beef:
1983 707 77 27 Fresh,
2080 714 89 15 carcase
2183 714 42 21 per

2011 733 23 21 lb
2234 735 14 20 0
2275 734 13 20 0
2303 735 28 20 10
2348 747 18 7 ..
2384 736 15 20 0
2426 735 11 21 1
2465 737 15 19 0

2003 759 53 28 Salt,
2066 768 41 19 per
2120 761 67 21 tierce
2201 775 6 6 .
2213 775 6 6 .
2239 761 12 22 7
2278 763 14 19 0
2319 762 14 20 0
2350 774 5 6 .
2362 775 6 6 .
2387 763 14 19 0
2427 763 14 19 0
2468 763 15 19 O

2003 786 44 22 Do.
2057 794 39 16 per
2110 787 73 22 barrel
2201 801 5 7 .
2213 801 5 6 .
2236 789 55 21 410
2319 789 14 19 0
2349 801 6 7 .
2362 801 6 6 .
2385 789 14 19 0
2427 789 14 19 0
2467 789 15 19 0

1896 814 92 21 Butter
1994 820 6 14 :
2016 812 66 27 Irish,
2092 820 40 20 per
2139 813 32 22 lb.
2202 828 6 6 .
2214 827 6 7 .
2238 817 14 19 0
2279 816 10 20 1
2319 815 14 19 9
2350 828 6 6 .
2362 828 6 6 .
2387 815 14 20 0
2427 815 15 20 2
2469 816 15 19 0

2016 839 70 22 Fresh
2239 843 13 19 0
2277 843 14 20 3
2319 842 14 20 0
2350 855 18 7 ..
2387 842 14 20 0
2428 843 13 19 0
2468 843 15 19 0

1896 867 96 21 Brandy
1999 873 6 14 :
2020 865 60 22 First
2086 866 92 27 quality,
2185 874 40 19 per

2044 892 77 27 gallon
2129 893 23 21 in
2164 893 60 21 bond
2237 895 14 19 0
2277 895 14 20 6
2318 895 14 21 0
2349 908 18 7 ..
2385 896 14 20 0
2427 895 13 20 9
2467 896 15 20 0

1897 920 84 21 Brown
2001 918 87 22 Stout:
2112 926 40 20 per
2166 919 53 21 hhd.
2235 921 12 19 5
2263 921 26 20 10
2316 922 13 20 0
2347 934 17 8 ..
2385 923 14 19 0
2425 923 14 19 0
2466 923 15 19 O

1897 947 98 21 Cigars:
2007 945 102 28 Manilla,
2118 953 39 20 per
2162 947 61 26 1000,
2238 947 13 21 3
2267 947 25 21 10
2319 949 14 19 0
2349 960 18 8 ..
2385 947 16 21 4
2427 949 13 19 0
2467 949 15 20 0

2004 972 97 22 Inferior
2237 974 14 20 2
2278 975 13 19 0
2319 975 14 19 0
2349 987 19 7 ..
2385 975 14 19 0
2427 975 13 20 0
2467 975 15 20 0

2004 999 136 27 Havannah,
2147 1006 39 20 per
2192 999 30 21 lb.
2237 1001 14 20 0
2265 1001 26 20 16
2318 1001 14 20 0
2348 1013 18 7 ..
2385 1001 14 19 0
2426 1001 14 20 0
2467 1002 14 20 0

2004 1026 169 26 Chinsurahper
2180 1027 52 21 1000
2239 1027 9 21 1
2265 1027 26 20 15
2319 1028 13 20 0
2349 1040 17 7 ..
2385 1028 14 20 0
2426 1029 14 19 0
2466 1029 15 19 0

2003 1052 156 22 Alexandrian
2173 1067 44 7 ....
2237 1055 10 19 1
2264 1055 27 19 10
2317 1055 82 19 0..0
2426 1055 14 19 0
2467 1055 15 20 0

1897 1081 97 21 Coffee:
2006 1079 65 27 Java,
2082 1080 70 27 perlb
2237 1082 14 20 0
2278 1082 14 20 0
2319 1082 80 19 0..0
2427 1082 14 19 0
2467 1082 15 20 0

1897 1108 88 21 Cheese
1992 1114 6 13 :
2014 1106 107 22 Cheshire
2237 1109 14 19 0
2278 1108 11 20 1
2318 1108 49 20 6..
2386 1109 13 19 0
2427 1109 14 19 0
2467 1109 15 19 0

2013 1133 55 21 Pine
2079 1133 73 27 Apple
2175 1148 43 6 ....
2238 1135 13 20 0
2278 1135 13 20 0
2319 1135 13 19 0
2349 1147 19 7 
2386 1135 14 20 0
2428 1135 11 20 1
2467 1135 15 20 2

2013 1159 76 21 Dutch
2239 1163 13 19 0
2279 1163 14 19 0
2319 1162 13 19 9
2350 1174 18 7 ..
2387 1162 14 20 0
2429 1161 11 21 1
2468 1162 15 20 0

1897 1188 105 22 Candles
2009 1193 5 14 :
2021 1186 95 26 English
2123 1193 56 20 wax,
2185 1194 40 19 per

2040 1212 22 22 lb
2239 1215 13 19 0
2278 1215 14 20 3
2319 1215 14 19 6
2350 1227 18 7 ..
2387 1215 14 19 0
2429 1215 13 20 0
2469 1215 14 20 0

2025 1239 82 21 Mould
2237 1242 14 20 0
2278 1241 12 19 0
2319 1242 14 19 0
2350 1254 18 6 ..
2387 1242 14 20 0
2428 1242 13 20 0
2456 1242 25 20 11

2027 1266 69 27 Dips.
2237 1269 14 19 0
2277 1269 14 19 0
2305 1268 27 20 10
2349 1281 18 7 ..
2386 1269 14 20 0
2428 1269 13 19 0
2468 1270 15 19 0

1899 1294 90 22 Flour:
1999 1293 131 27 lstquality,
2141 1297 83 23 perton

2020 1321 26 19 of
2056 1321 54 20 2000
2120 1320 33 21 lbs
2222 1321 27 21 28
2277 1321 14 21 0
2318 1323 13 19 0
2349 1323 51 19 ..30
2427 1323 14 19 0
2467 1323 15 20 0

1995 1346 47 22 2nd
2053 1346 54 21 ditto
2225 1348 27 20 25
2279 1349 14 19 0
2319 1349 14 19 0
2350 1361 18 7 ..
2387 1349 14 20 0
2428 1349 13 20 0
2468 1350 14 19 0

1900 1375 59 21 Gm:
1979 1373 53 21 Pale
2049 1373 23 21 in
2084 1373 59 21 bond
2238 1376 13 20 0
2279 1375 12 19 0
2319 1375 14 21 0
2350 1389 18 6 ..
2387 1377 13 19 0
2427 1375 14 20 2
2468 1376 13 18 0

1948 1400 61 26 Case,
2018 1401 14 19 4
2038 1400 37 26 gal
2084 1401 37 20 4-5
2129 1401 24 20 in
2163 1400 61 22 bond
2239 1402 10 20 1
2277 1403 16 20 4
2319 1403 13 19 0
2350 1415 18 7 ..
2386 1403 14 19 0
2427 1402 12 18 0
2468 1405 14 18 o

1899 1427 81 22 Hams:
1995 1426 129 27 Yorkshire,
2138 1427 85 27 perlb.
2239 1429 14 19 0
2279 1430 14 20 0
2321 1429 13 20 0
2351 1442 18 6 ..
2388 1430 13 19 0
2429 1430 13 19 0
2469 1429 15 20 9

1899 1455 126 21 Mustard:
2041 1453 43 21 Per
2093 1453 71 22 dozen
2177 1456 74 19 ....1
2281 1455 10 21 1
2321 1456 82 20 0..0
2430 1456 13 20 0
2470 1457 15 19 0

1899 1481 113 22 Mutton:
2033 1480 95 21 Carcase
2136 1487 41 20 per
2185 1481 23 21 lb
2218 1497 6 5 .
2240 1483 13 19 0
2280 1483 13 20 0
2321 1483 13 19 9
2352 1495 18 7 ..
2389 1483 13 19 0
2430 1483 12 19 0
2458 1483 24 21 11

1900 1509 120 21 Muskets:
2036 1506 93 22 Walnut
2135 1507 93 22 stocked
2241 1509 14 20 0
2281 1510 14 20 0
2322 1509 13 20 0
2352 1522 18 7 ..
2389 1510 14 20 0
2418 1509 24 21 15
2470 1511 15 19 0

1900 1535 77 21 Milk.
1992 1534 43 21 Per
2042 1534 49 26 pint
2241 1537 13 19 0
2281 1537 13 19 0
2321 1536 14 20 3
2352 1549 19 7 ..
2389 1537 14 19 0
2430 1537 13 19 0
2469 1538 15 20 0

1900 1562 43 21 Oil
1952 1568 4 14 :
1972 1560 103 26 Linseed,
2086 1567 40 20 per
2133 1560 76 27 gallon
2219 1563 35 20 .0
2280 1563 13 19 5
2321 1563 14 20 0
2352 1576 6 6 .
2364 1577 7 5 .
2389 1564 13 19 0
2430 1563 13 21 7
2471 1565 14 19 0

1973 1586 78 28 Black,
2055 1587 24 21 in
2084 1587 171 28 cask,pertonl7
2282 1590 14 20 0
2323 1590 13 20 0
2353 1603 18 7 ..
2389 1591 14 19 0
2430 1591 14 20 0
2470 1592 15 19 0

1990 1632 4 3 .
2010 1614 79 26 Sperm
2225 1617 26 20 75
2279 1616 12 20 0
2320 1617 12 19 0
2350 1630 18 7 ..
2387 1617 12 19 0
2429 1617 12 19 0
2469 1618 14 18 0

1900 1642 76 22 Pork:
1990 1641 77 26 Fresh,
2086 1648 88 14 carcase
2188 1648 41 21 per

2016 1667 23 21 lb
2240 1671 13 19 0
2280 1671 13 20 0
2320 1671 15 20 4
2352 1683 18 7 ..
2388 1672 14 19 0
2430 1672 13 20 0
2469 1671 16 21 5

1900 1695 66 22 Pork
1972 1702 4 13 :
1992 1694 66 27 Irish,
2069 1702 40 19 per
2119 1694 73 22 barrel
2204 1697 90 21 ..410
2322 1698 13 20 0
2352 1711 7 6 .
2364 1711 7 7 .
2389 1698 13 20 5
2430 1699 14 19 0
2471 1700 15 19 0

1900 1723 130 21 Potatoes:
2051 1721 56 21 New
2121 1721 106 28 Zealand,

2075 1755 40 20 per
2124 1753 38 17 ton
2176 1763 45 7 ....
2241 1751 11 19 0
2281 1752 13 20 0
2322 1752 14 20 0
2352 1764 7 7 .
2364 1764 7 8 .
2389 1752 13 20 8
2430 1752 14 20 0
2470 1753 16 20 0

1901 1776 92 22 Porter
2002 1782 6 14 :
2036 1775 102 27 Dunbar,
2149 1775 26 22 in
2181 1776 46 22 bot.
2463 1782 9 7 -

2066 1802 91 27 perdoz
2241 1805 13 20 0
2269 1805 24 20 11
2322 1805 14 20 0
2354 1818 17 7 ..
2390 1806 14 20 0
2431 1804 27 27 0}
2471 1807 15 19 0

2008 1828 86 27 Bryant
2104 1829 45 21 and
2157 1829 70 22 Davis
2241 1831 54 21 013
2322 1833 14 19 0
2354 1845 5 6 .
2365 1845 6 7 .
2390 1833 14 19 0
2431 1834 13 20 0
2471 1834 15 20 0

1901 1856 96 22 Pickles
2009 1863 5 13 :
2046 1856 115 27 Assoi>ed,
2190 1864 40 20 per

2072 1882 57 27 doz.,
2154 1887 75 23 quarts
2244 1885 11 21 1
2284 1885 11 21 1
2324 1886 14 20 0
2355 1899 19 7 ..
2392 1887 14 20 0
2433 1887 14 20 0

1891 1909 2 25 I
1901 1910 73 22 Pitch
1985 1916 5 14 :
2023 1909 138 28 Stockholm,
2190 1918 40 19 per

2051 1936 70 22 barrel
2243 1939 14 21 0
2283 1940 15 20 0
2324 1940 14 20 0
2355 1953 19 7 ..
2393 1940 11 21 1
2421 1940 25 21 15
2474 1941 14 20 0

1901 1963 80 21 Plank
1987 1969 6 14 :
2021 1962 54 22 Port
2097 1963 131 28 Nicholson,

2049 1995 39 20 per
2098 1990 39 20 100
2147 1989 76 21 feet..
2242 1992 54 20 019
2323 1992 14 20 0
2355 2005 18 6 ..
2392 1993 12 19 1
2434 1993 10 19 1
2473 1995 14 18 0

1901 2016 69 21 Rice:
1983 2015 109 21 Common
2101 2022 40 21 per
2147 2020 49 17 cwt.
2208 2031 17 5 ..
2244 2019 14 19 0
2284 2019 14 19 0
2324 2019 14 19 0
2356 2031 18 7 ..
2392 2019 15 19 0
2434 2020 13 19 0
2474 2022 14 18 0

1982 2042 67 21 Good
2242 2045 14 20 0
2283 2046 14 19 0
2324 2045 14 20 0
2355 2058 18 7 ..
2391 2046 14 20 0
2432 2047 14 19 0
2473 2048 14 18 0

1901 2069 56 22 Rum
1964 2076 5 13 :
1985 2069 25 21 P.
2020 2069 27 21 B.
2058 2068 34 26 P.,
2107 2076 40 20 per
2155 2069 76 27 gallon

2022 2095 24 21 in
2061 2095 61 22 bond
2244 2099 14 19 0
2283 2098 16 21 4
2326 2098 12 20 0
2357 2111 18 7 ..
2393 2100 14 20 0
2434 2100 12 20 6
2474 2101 15 19 0

1902 2123 86 22 Sugar:
2005 2122 121 22 Mauritius
2135 2130 40 20 per
2181 2127 49 18 cwt.
2245 2126 13 20 0
2286 2126 13 20 0
2326 2127 14 19 0
2357 2139 18 6 ..
2393 2127 14 19 0
2434 2127 13 19 0
2475 2128 14 19 0

2009 2149 83 21 Brown
2246 2152 10 20 1
2273 2152 25 22 17
2326 2154 14 19 0
2356 2165 19 7 ..
2393 2154 14 20 0
2434 2155 13 19 0
2474 2155 15 19 0

2010 2175 98 23 Refined
2122 2176 54 28 loaf,
2192 2184 41 21 per

2035 2203 24 21 lb
2245 2207 14 19 0
2285 2207 14 19 0
2326 2205 14 23 7
2357 2219 19 8 ..
2394 2207 14 20 0
2435 2207 13 20 0
2475 2209 16 19 0

2010 2229 97 22 Manilla
2244 2233 13 21 0
2284 2234 14 20 0
2325 2234 81 20 0..2
2435 2235 11 19 0
2475 2236 14 19 0

1903 2258 59 21 Salt
1970 2264 5 14 :
1990 2256 128 28 Liverpool,
2128 2264 40 21 per
2177 2261 38 19 ton
2224 2275 6 5 .
2244 2260 14 20 3
2284 2261 14 20 0
2326 2261 14 20 0
2357 2273 5 7 .
2368 2273 7 7 .
2392 2261 16 21 4
2434 2262 13 20 0
2475 2262 14 20 0

1903 2285 59 21 Soap
1971 2292 5 14 :
2002 2283 103 22 Hawes's
2128 2285 103 28 London,

2028 2314 87 24 perton
2230 2313 28 21 40
2284 2315 14 19 0
2326 2315 14 20 0
2357 2315 51 20 ..42
2435 2316 13 20 0
2475 2316 15 20 0

2020 2337 119 28 Liverpool
2230 2341 28 20 36
2285 2341 14 21 0
2326 2342 14 20 0
2357 2354 18 7 ..
2393 2342 14 20 0
2435 2342 11 20 0
2476 2344 14 19 0

1903 2365 103 22 Starch:
2021 2365 76 21 Perlb
2246 2368 14 20 0
2287 2369 13 19 0
2327 2369 81 20 9..0
2437 2370 10 20 1
2477 2370 15 20 0

1903 2393 143 21 Scantling:
2061 2391 44 23 Per
2112 2393 40 21 100
2160 2393 68 21 feet..
2246 2395 14 20 0
2275 2394 25 22 17
2328 2396 14 20 0
2359 2408 18 7 ..
2395 2396 14 20 0
2423 2396 26 21 18
2477 2398 14 19 0

1904 2420 126 21 Shingles:
2046 2419 43 21 Per
2097 2421 60 26 1000,
2166 2420 30 22 N.
2204 2420 26 22 Z.
2246 2422 11 20 1
2286 2422 13 21 7
2326 2423 14 19 0
2358 2435 18 7 ..
2394 2423 14 20 0
2436 2424 13 20 0
2477 2424 14 20 0

2032 2445 71 28 Ditto,
2126 2446 27 22 V.
2164 2447 30 21 D.
2204 2447 27 22 L.
2244 2449 14 19 2
2285 2449 13 20 5
2326 2450 14 19 0
2358 2463 18 6 ..
2394 2450 14 19 0
2435 2452 13 19 0
2476 2452 15 19 0

1903 2474 63 22 Tau:
1981 2473 54 21 Coal
2247 2476 10 20 1
2286 2476 13 20 5
2328 2477 14 20 0
2359 2489 19 7 ..
2396 2477 14 20 0
2437 2478 14 20 0
2479 2478 14 20 0

1985 2499 130 23 Stockholm
2248 2503 14 20 2
2288 2503 13 20 5
2329 2504 82 20 0..0
2438 2505 13 20 0
2479 2505 14 20 0

1903 2528 49 22 Tea
1961 2534 5 14 :
1983 2527 89 27 Hyson,
2082 2534 40 21 per
2132 2527 63 23 chest
2211 2543 5 5 .
2223 2543 7 6 .
2248 2531 14 19 0
2288 2530 14 21 0
2329 2531 14 20 0
2360 2544 5 6 .
2372 2543 6 7 .
2385 2531 26 20 12
2425 2532 26 19 12
2479 2532 15 20 0

1903 2555 105 21 Tobacco
2016 2562 5 14 :
2035 2554 143 28 Negrohead,
2195 2562 40 21 per

2061 2581 25 21 lb
2249 2584 13 20 0
2289 2584 11 20 1
2331 2584 11 20 1
2361 2597 19 7 ..
2397 2586 15 19 0
2439 2584 12 19 0
2481 2584 14 22 0

1903 2608 164 22 Turpentine:
2083 2608 147 27 Pergallon..
2248 2611 14 20 0
2288 2612 14 19 8
2329 2612 15 19 0
2361 2624 19 7 ..
2397 2612 16 20 0
2439 2613 13 20 0
2479 2613 16 20 0

1905 2635 160 21 Whalebone:
2082 2635 43 21 Per
2133 2640 96 16 t0n....
2235 2637 25 20 95
2288 2638 14 19 0
2329 2638 14 20 0
2360 2650 18 7 ..
2397 2639 14 20 0
2438 2640 13 20 0
2478 2640 15 19 0

1906 2661 80 22 Wine:
2002 2661 89 27 Sherry,
2101 2669 40 20 per
2150 2662 51 27 pipe
2211 2664 51 20 ..28
2288 2665 14 20 0
2329 2665 14 20 0
2360 2665 51 21 ..40
2438 2667 14 20 0
2479 2667 15 20 0

2013 2688 72 27 Ditto,
2100 2696 40 19 per
2154 2689 80 22 dozen.
2249 2691 11 20 1
2288 2692 15 19 4
2330 2692 14 20 0
2361 2704 18 7 ..
2397 2692 14 21 2
2439 2694 14 20 0
2481 2694 14 20 0

1907 2743 120 22 Poultry:
2042 2742 81 27 Fowls,
2129 2750 41 20 per
2176 2743 49 27 pair
2231 2759 6 6 .
2251 2745 14 20 0
2291 2744 14 21 8
2333 2746 14 19 0
2363 2758 19 7 ..
2400 2746 15 21 0
2429 2746 26 21 16
2482 2747 15 20 0

2041 2769 86 28 Ducks,
2138 2770 56 21 ditto
2213 2784 5 7 .
2226 2784 6 7 .
2252 2772 10 20 1
2291 2773 14 20 0
2333 2773 35 20 0.
2376 2785 6 7 .
2401 2773 54 21 110
2483 2775 14 20 0

2044 2797 80 26 Geese,
2135 2797 55 22 ditto
2213 2812 5 5 .
2226 2812 7 6 .
2250 2798 15 21 2
2291 2800 14 19 0
2332 2800 36 20 0.
2375 2813 7 6 .
2399 2801 15 20 0
2441 2802 14 19 0
2482 2802 15 19 0

2042 2823 103 28 Turkeys
2251 2826 14 20 2
2292 2826 14 21 0
2333 2827 82 21 0..0
2442 2828 14 20 0
2483 2829 15 20 0

2044 2851 103 27 Pigeons,
2157 2851 78 27 (wild,)

2068 2885 42 20 per
2119 2878 49 27 pair
2252 2880 15 21 0
2292 2880 15 20 2
2334 2880 82 23 0..0
2442 2882 14 21 0
2484 2882 14 21 0

2042 2904 86 28 Ducks,
2136 2904 37 23 do.
2183 2905 52 22 do..
2253 2908 14 19 0
2293 2908 13 19 5
2334 2908 49 20 0..
2402 2910 14 19 0
2442 2910 14 19 0
2484 2910 15 19 0

1907 2932 63 22 Eggs
1976 2939 6 14 :
1997 2931 45 22 Per
2052 2931 72 22 dozen
2253 2934 15 21 0
2293 2934 15 21 2
2335 2934 50 21 6..
2402 2936 14 21 0
2443 2936 14 21 0
2484 2936 15 21 0

1908 2986 77 22 Cows:
1999 2984 73 23 Milch
2239 2988 29 21 20
2294 2989 13 20 0
2335 2989 14 20 0
2365 2989 51 22 ..30
2442 2990 14 20 0
2483 2990 15 21 0

1908 3014 96 21 Mares:
2020 3012 76 22 Brood
2238 3015 29 21 50
2293 3016 13 21 0
2333 3016 15 21 0
2364 3017 52 20 ..90
2442 3017 14 20 0
2482 3017 15 20 0

1910 3041 115 20 Working
2041 3040 134 23 Bullocks:
2197 3041 44 22 Per

1934 3066 49 28 pair
2240 3070 28 21 40
2295 3070 13 21 0
2335 3070 14 21 0
2364 3070 52 21 ..60
2442 3070 14 20 0
2484 3070 14 20 0

1909 3094 64 22 Hire
1983 3101 26 14 of
2020 3101 68 14 ditto
2096 3101 5 14 :
2117 3094 43 22 Per
2167 3094 51 28 day,
2227 3103 14 14 a

1936 3124 59 18 team
2005 3121 47 21 and
2058 3120 74 23 driver
2255 3123 10 20 1
2294 3124 13 19 0
2334 3123 81 20 0..2
2442 3124 14 20 0
2484 3124 14 20 0

1910 3148 85 22 Sheep:
2012 3148 62 21 Each
2251 3151 14 20 0
2279 3150 26 21 16
2333 3150 14 20 0
2362 3160 20 10 ..
2401 3150 10 20 1
2429 3150 26 21 10
2482 3151 15 20 0

1909 3176 63 22 Boat
1982 3174 65 23 Hire
2052 3182 4 15 :
2071 3175 44 22 Per
2121 3175 50 28 day,
2177 3175 63 22 with-

2100 3206 40 19 out
2148 3202 72 23 hands
2230 3218 6 6 .
2251 3204 54 20 010
2332 3204 14 20 0
2362 3216 6 7 .
2375 3216 7 7 .
2401 3203 12 21 1
2441 3205 14 20 0
2482 3205 16 21 0

1910 3256 85 22 Wages
2002 3263 6 15 :
2035 3256 141 27 Mechanics,
2201 3263 40 20 per

2062 3283 64 22 week
2253 3283 14 20 2
2281 3284 27 20 14
2334 3284 14 21 0
2364 3297 20 8 ..
2402 3285 14 21 3
2443 3286 14 20 6
2485 3287 15 20 0

2046 3310 126 22 Labourers
2188 3323 46 6 ....
2253 3310 11 21 1
2280 3311 27 20 10
2333 3312 15 19 0
2364 3324 19 7 ..
2403 3313 12 19 1
2430 3313 26 21 16
2484 3314 16 20 0

1930 3371 39 18 The
1980 3371 48 17 New
2039 3371 99 15 Zealand
2149 3370 92 16 Gazette
2247 3370 36 16 and
2294 3370 136 18 Wellington

1910 3396 84 13 tatoris
2001 3392 97 20 published
2105 3395 54 16 every
2166 3390 112 22 Wednesday
2288 3392 37 16 and
2336 3392 94 22 Saturday.
2452 3394 46 17 Sub-

1907 3413 63 22 joined
1976 3417 30 12 are
2009 3413 36 16 'the
2053 3414 63 14 terms:
2118 3420 22 3 —

1931 3441 62 17 Price
2001 3444 24 12 of
2031 3444 41 12 the
2079 3440 75 16 Paper.
2154 3447 23 4 —
2177 3439 55 21 Forty
2237 3439 84 22 shillings
2326 3444 33 17 per
2368 3445 78 18 annum,
2456 3447 45 18 pay-

1910 3463 40 16 able
1955 3461 20 16 in
1981 3461 80 16 advance
2066 3466 4 14 ;
2082 3465 20 12 or
2108 3465 35 12 one
2150 3460 75 21 shilling
2231 3461 28 16 for
2265 3461 59 21 single
2331 3463 92 17 numbers.

1931 3489 188 17 Advertisements.
2120 3496 21 3 —
2141 3488 34 16 Six
2183 3487 47 18 lines
2241 3489 37 16 and
2288 3489 64 20 under,
2363 3491 26 16 3s.
2397 3491 30 17 6d.
2432 3491 28 17 for
2467 3491 31 16 the

1910 3511 40 16 first
1960 3510 94 18 insertion,
2064 3510 37 15 and
2112 3513 35 11 one
2157 3508 76 22 shilling
2238 3510 29 16 for
2272 3510 45 16 each
2324 3512 111 19 subsequent
2441 3512 59 17 inser-

1910 3532 40 16 tion
1954 3535 5 15 ;
1970 3531 46 15 from
2023 3534 30 12 six
2060 3532 18 14 to
2086 3532 30 14 ten
2123 3530 54 19 lines,
2183 3530 35 16 five
2227 3530 83 22 shillings
2322 3532 28 16 for
2361 3532 31 17 the
2403 3533 44 20 first,
2459 3532 37 17 and

1910 3556 35 13 one
1955 3551 75 20 shilling
2040 3551 37 16 and
2088 3555 86 16 sixpence
2183 3551 29 16 for
2222 3552 45 16 each
2277 3553 112 20 subsequent
2399 3553 87 18 insertion
2491 3559 7 14 ;

1910 3574 56 16 above
1977 3574 30 14 ten
2017 3573 54 17 lines,
2082 3572 36 16 five
2129 3571 85 21 snillings
2224 3572 28 16 for
2263 3573 30 17 ths
2303 3574 40 16 first
2355 3577 30 14 ten
2395 3574 54 20 lines,
2460 3575 38 16 and

1910 3595 96 18 fourjjence
2012 3596 32 17 per
2051 3593 37 15 line
2095 3593 28 16 for
2129 3595 32 14 me
2168 3597 64 12 excess
2238 3593 20 17 of
2267 3594 40 17 that
2313 3596 86 19 number;
2411 3596 36 17 and
2454 3598 44 15 two-

1910 3618 56 18 pence
1973 3618 31 16 per
2009 3614 39 16 line
2054 3613 28 16 for
2088 3614 45 16 each
2140 3614 113 20 subsequent
2258 3614 94 18 insertion.

1932 3640 156 19 Advertisements
2095 3640 37 17 will
2138 3643 33 15 not
2177 3646 66 17 appear
2253 3642 20 17 in
2284 3643 31 16 the
2324 3643 81 22 ensuing
2415 3645 78 16 number

1911 3663 16 16 if
1936 3663 81 16 received
2025 3662 45 15 later
2077 3662 45 16 than
2134 3663 20 16 10
2161 3661 74 21 o'clock,
2242 3668 48 16 a.m.,
2297 3668 24 12 on
2329 3665 30 15 the
2366 3669 93 17 mornings
2467 3666 31 16 be-

1911 3685 37 16 fore
1962 3683 118 20 pnblication.
2101 3683 158 18 Advertisements
2274 3686 36 15 will
2322 3686 21 16 be
2354 3686 99 16 continued
2460 3686 36 17 and

1911 3704 76 20 charged
1997 3704 51 16 until
2056 3706 167 20 counter-ordereu;
2235 3706 45 16 such
2287 3706 52 16 order
2345 3710 50 13 must
2403 3708 21 16 be
2431 3710 41 13 sent
2479 3710 19 13 to

1912 3726 31 16 the
1952 3726 54 15 Office
2020 3727 34 14 two
2074 3725 44 20 days
2136 3726 61 16 befoie
2208 3727 117 20 publication,
2336 3728 37 16 and
2383 3731 51 14 must
2444 3729 21 16 be
2475 3728 21 16 in

1911 3746 77 20 writing.
2013 3746 157 17 Advertisements
2183 3748 82 16 received
2284 3748 52 21 after
2354 3749 20 16 10
2390 3748 67 17 o'clock,
2472 3753 24 12 on

1911 3767 82 20 Tuesday
2006 3767 38 16 and
2054 3766 66 22 Friday
2131 3772 93 17 mornings
2236 3769 38 16 will
2283 3770 22 15 be
2317 3769 77 21 charged
2406 3773 50 13 twice
2465 3770 31 16 the

1912 3787 52 18 usual
1969 3790 54 14 rates.

1932 3814 30 18 All
1969 3815 65 19 orders,
2046 3815 159 21 advertisements,
2215 3817 37 16 and
2262 3816 164 18 communications
2437 3820 19 14 to
2467 3817 31 16 th«

1911 3837 69 17 Editor,
1986 3840 30 12 are
2024 3837 97 19 requested
2127 3840 17 14 to
2153 3839 21 15 be
2180 3838 98 16 addressed
2284 3840 18 14 to
2309 3838 38 16 this
2353 3839 62 15 Ollice.

851 131 77 20 Land
939 130 43 20 for
993 130 64 20 sale.

666 166 90 30 rpHE
774 164 89 23 TOWN
881 163 81 22 ACRE
979 162 123 22 numbered
1119 163 27 20 93
1162 169 30 14 on
1211 161 36 22 the

673 184 28 29 X
725 189 237 29 Surveyor-General's
976 197 57 18 map,
1045 189 46 21 and
1101 189 38 21 the
1154 192 93 23 country

664 218 84 21 section
758 216 122 22 numbered
890 217 33 25 27,'
931 223 29 14 on
968 216 36 21 the
1016 215 162 22 Poriruaßoad
1186 222 5 19 ;
1202 214 45 22 also

666 244 37 21 the
713 247 58 18 town
782 251 50 14 acre
849 242 122 22 numbered
980 243 41 20 383
1037 248 29 14 on
1077 241 38 22 the
1125 248 58 20 map,
1195 241 52 21 with

666 270 37 22 the
713 274 93 23 country
818 270 81 21 section
909 270 23 20 in
943 268 39 22 the
992 268 64 21 order
1066 268 26 21 of
1104 267 76 23 choice
1190 268 47 21 434.

985 304 85 20 Henry
1080 304 33 20 St.
1124 303 69 21 Hill.

685 358 86 19 Town
785 357 55 20 and
854 357 121 24 Country
990 355 76 20 Land
1080 356 30 19 to
1126 355 33 20 be
1175 356 56 19 Let.

668 389 166 48 SECTIONS
850 388 45 22 and
910 388 98 26 portions
1025 387 26 21 of
1064 387 101 21 Sections
1180 387 25 21 in
1219 387 30 21 all

736 419 60 24 parts
814 415 24 21 of
852 415 39 21 the
911 415 66 21 Town
996 413 26 22 of
1037 413 146 27 Wellington,
1200 413 49 22 also

666 443 99 26 Country
775 442 100 22 Sections
889 441 23 21 in
922 441 38 21 the
976 440 96 22 districts
1089 440 26 20 of
1129 439 36 22 the
1183 439 64 28 Hutt,

667 469 37 21 the
718 469 84 26 Kaiori,
814 468 36 22 the
859 467 76 26 Ohiro,
948 467 45 21 and
1005 466 37 22 the
1057 466 100 22 Porirua.
1186 465 64 28 Long

667 495 69 21 leases
746 495 26 21 of
778 495 38 21 the
833 497 92 22 country
934 493 55 21 land
1004 493 45 21 will
1065 493 28 21 be
1109 492 94 27 granted
1221 500 28 14 on

666 521 129 23 reasonable
807 525 73 17 terms.
909 521 42 21 For
962 519 130 28 particulars
1102 519 67 27 apply
1178 523 23 17 to

693 554 97 22 Hanson
802 554 45 21 and
860 554 115 26 Alzdorf,
985 552 198 27 Thorndon-quay,
1195 559 24 14 or
1228 555 23 18 to

693 589 94 21 Robert
798 588 93 25 Stores,
901 587 64 21 Land
981 587 110 25 Surveyor
1108 585 45 22 and
1167 585 82 28 Agent,

849 613 214 22 Woolcomb-street.

889 664 52 21 For
956 664 69 24 Sale,

685 699 16 20 A
728 697 163 22 PORTABLE
905 697 100 21 FORGE
1016 696 116 27 complete,
1145 696 51 22 with
1205 696 46 22 bel-

668 718 50 29 J\.
737 725 53 21 lows
798 725 45 20 and
852 724 57 21 tools
916 732 4 19 ;
931 731 38 18 say
981 723 66 26 anvil,
1058 723 119 26 hammers,
1187 727 63 22 seats,

668 752 105 26 punches,
785 755 69 22 tongs,
873 751 59 25 rake,
943 750 83 26 shovel,
1043 750 95 27 piroers,
1153 754 37 23 top
1208 750 44 21 and

668 779 84 21 bottom
762 778 64 27 tools,
837 778 40 21 &c.
888 778 37 21 &c.

993 803 82 21 Waitt
1086 802 46 22 and
1141 803 83 21 Tyser.

670 831 142 27 Wellington,
824 831 51 21 Jan.
887 831 19 26 6,
918 831 59 21 1842.

746 882 113 20 London
875 881 165 26 Newspaper
1055 881 123 26 Agency.

677 915 128 32 JOSEPH
827 914 151 26 CLAYTON,
997 914 97 21 General
1120 914 134 28 Newspaper

670 936 24 27 t)
733 942 43 21 and
793 941 143 26 Advertising
950 942 83 26 Agent,
1054 940 114 26 publisher
1178 941 26 21 of
1216 942 37 21 the

671 971 109 24 Spectator
804 968 44 21 and
873 968 91 20 Colonial
986 968 92 25 Gazette,
1104 968 41 21 320
1165 968 86 26 Strand,

670 996 101 26 London,
788 994 141 28 respectfully
949 994 93 22 informs
1059 994 37 21 the
1115 998 80 23 gentry
1211 996 43 21 and

668 1023 137 21 inhabiiants
829 1022 25 21 of
883 1021 51 22 Port
953 1021 131 26 Nicholson,
1109 1021 143 27 Wellington,

670 1050 52 21 Port
732 1049 91 25 Nelson,
831 1048 44 21 and
882 1048 28 21 all
921 1051 58 23 parts
987 1048 25 21 of
1023 1048 55 21 New
1089 1047 107 27 Zealand,
1207 1048 49 22 that

670 1076 27 21 he
708 1075 104 22 forwards
823 1075 35 21 the
870 1076 116 25 Spectator,
1005 1076 93 19 Colonial
1106 1076 93 25 Gazette,
1211 1075 43 22 and

670 1103 27 21 all
710 1102 62 22 other
781 1102 94 21 London
885 1109 78 20 papers
975 1102 112 26 regularly
1098 1106 23 17 to
1134 1102 55 21 New
1199 1102 56 21 Zea-

668 1129 60 27 land,
741 1128 70 22 either
821 1128 94 28 through
925 1129 37 21 the
981 1128 132 27 Post-office,
1131 1136 24 14 or
1171 1129 29 27 by
1218 1128 36 22 the

669 1157 54 20 New
738 1155 100 22 Zealand
854 1156 133 26 Company's
1002 1155 60 27 ships
1070 1164 5 13 :
1077 1166 28 4 —
1106 1156 109 26 Payment
1230 1156 24 21 in

670 1184 105 25 advance,
785 1189 26 14 or
821 1189 12 14 a
843 1182 110 21 reference
961 1182 24 21 in
996 1182 94 22 London
1101 1186 59 17 must
1168 1189 87 14 accom-

671 1217 56 19 pany
735 1209 36 21 the
783 1208 69 21 order.
882 1209 193 22 Advertisements
1082 1209 99 21 inserted
1188 1210 23 20 in
1218 1209 37 22 the

670 1237 92 21 London
772 1236 143 26 Newspapers
921 1236 19 21 &
949 1236 140 21 Periodicals.
1121 1236 133 21 Gentlemen

670 1263 103 27 ordering
784 1262 143 27 Newspapers
938 1269 36 14 are
985 1262 143 27 respectfully
1138 1263 117 27 requested

671 1293 20 18 to
703 1293 54 19 state
768 1288 98 23 whether
881 1289 50 27 they
942 1288 73 28 prefer
1029 1289 84 27 having
1127 1289 61 22 them
1199 1289 56 22 thro'

670 1317 37 22 the
718 1317 53 21 Post
780 1317 74 25 Office,
866 1323 25 14 or
900 1316 27 26 by
938 1316 37 21 the
986 1316 138 27 Company's
1134 1316 60 27 ships

699 1350 85 22 Letters
801 1349 117 21 addressed
937 1352 23 18 to
978 1349 38 21 the
1036 1349 117 22 Publisher
1173 1349 26 21 of
1219 1349 36 22 the

669 1379 52 19 New
736 1377 92 20 Zealand
845 1377 91 26 Gazette,
954 1376 144 27 Wellington,
1119 1376 43 22 will
1180 1376 29 22 be
1223 1380 32 18 at-

670 1405 81 21 tended
762 1408 29 17 to.

697 1431 113 26 February
821 1432 33 25 11,
865 1431 59 21 1842.

764 1476 90 20 Union
869 1476 79 20 Bank
962 1476 30 20 of
1008 1475 150 20 Australia.

671 1509 93 22 London
783 1509 92 26 Office,
891 1509 42 21 No.
948 1510 37 25 33,
1003 1509 49 21 Old
1070 1509 184 21 Broad-street.

724 1542 94 28 Capital,
827 1542 121 27 £800,000;
968 1542 52 27 paid
1029 1549 37 20 up,

903 1580 108 13 DIKECTOHS
1017 1581 4 5 ■

775 1604 68 21 George
851 1604 38 16 Fife
896 1605 66 19 Angas,
970 1605 49 19 Esq.,

775 1626 67 15 Robert
849 1625 73 19 Brooks,
932 1625 49 20 Esq.,

774 1647 62 15 James
844 1646 47 16 John
899 1646 98 18 Cummins,
1005 1646 48 20 Esq.,

775 1667 67 16 Robert
850 1667 94 18 Gardener,
956 1667 48 20 Esq.,
1016 1666 123 20 Manchester,

775 1688 48 16 John
831 1688 45 16 Gore
893 1688 46 19 Esq.,

775 1708 48 16 John
830 1708 79 16 William
916 1707 74 19 Buckle,
996 1707 48 21 Esq.,

775 1728 95 21 Benjamin
877 1729 21 16 E.
906 1728 61 20 Lindo,
976 1728 47 21 Esq.,

776 1750 72 16 Charles
856 1750 74 16 Edward
938 1749 87 21 Mangles,
1034 1749 48 20 Esq.,

775 1771 115 20 Christopher
897 1770 82 19 Rawson,
988 1770 48 21 Esq.,
1047 1770 83 20 Halifax,

775 1792 77 16 Thomas
859 1791 63 19 Sands,
931 1791 48 20 Esq.,
988 1791 99 20 Liverpool,

775 1813 61 16 James
844 1812 54 20 Bogle
906 1812 63 19 Smith,
976 1812 48 20 Esq.,

775 1834 61 15 James
844 1833 78 16 Ruddell
928 1833 57 19 Todd,
993 1833 42 19 Esq.

670 1862 85 16 Trustees
760 1866 5 12 :
781 1861 80 16 George
873 1861 54 16 Card.
939 1861 61 19 Glyn,
1013 1861 48 19 Esq.,
1072 1861 55 16 John
1138 1861 61 19 Gore,
1208 1861 49 20 Esq.,

817 1882 34 16 and
858 1882 66 16 James
931 1881 17 16 J.
955 1881 101 20 Cummins,
1066 1881 44 20 Esq.

697 1909 91 17 Bankers:
800 1909 75 16 Messrs.
882 1909 59 19 Glyn,
954 1909 114 19 Hallifax,
1077 1909 72 19 Mills,
1157 1909 36 16 and
1200 1909 30 16 Co.

708 1944 3 10 i
789 1937 102 20 Secretary:
902 1937 83 16 Samuel
991 1937 94 19 Jackson,
1094 1937 44 20 Esq.

761 1964 81 17 Colonial
849 1964 92 20 Inspector
946 1965 4 15 i
962 1964 18 15 J.
988 1964 17 15 C.
1013 1964 104 19 M'Lahen,
1125 1965 43 19 Esq.

791 2012 68 20 New
878 2011 122 20 SSealand
1018 2011 116 20 Branch.

671 2045 53 17 Local
731 2045 92 17 Directors
828 2050 4 11 :
848 2045 46 16 Geo.
906 2044 16 17 S.
933 2044 72 18 Evans,
1019 2045 49 19 Esq.,
1080 2044 71 19 D.C.L.,
1163 2045 37 16 and
1212 2045 46 17 Geo.

891 2065 90 19 Hunter,
994 2066 43 19 Esq.

671 2094 95 21 Manager:
778 2094 48 15 John
834 2093 72 18 Smith,
913 2093 48 20 Esq.,
970 2092 35 17 late
1013 2093 21 16 of
1042 2092 31 17 the
1080 2092 119 17 Commercial
1205 2093 53 16 Bank

838 2114 20 16 of
866 2113 89 21 England,
967 2113 122 17 Manchester.

779 2142 115 22 Branches
905 2145 22 18 at
942 2142 98 27 Sydney,

943 2176 174 27 HobartTown,

943 2210 149 27 Launceston,
1105 2209 46 22 and

943 2243 12 22 I
963 2247 34 18 ort
1006 2243 81 28 Philip.

673 2280 52 21 Port
735 2278 130 27 Nicholson,
876 2277 79 23 March
965 2278 34 26 24,
1010 2279 62 20 1840.

675 2332 89 22 rriHE
781 2332 115 22 Directors
911 2332 25 21 of
950 2331 41 22 the
1006 2331 57 22 New
1079 2331 102 22 Zealand
1195 2332 65 21 Land

681 2353 29 28 JL
748 2360 115 27 Company
877 2359 81 27 hereby
976 2358 50 28 give
1043 2359 82 26 notice,
1145 2359 47 21 that
1207 2359 52 27 they

673 2386 56 22 have
737 2394 112 14 effected
858 2393 31 14 an
899 2393 171 14 arrangement
1078 2386 53 21 with
1138 2385 38 22 the
1184 2386 75 21 Union

673 2414 64 21 Bank
751 2414 26 21 of
793 2412 119 28 Australia,
929 2412 43 22 No.
990 2414 33 25 38,
1038 2412 45 22 Old
1099 2413 159 27 Broad-street,

673 2440 101 26 London,
785 2440 36 21 for
829 2440 37 21 the
879 2439 166 22 establishment
1059 2440 26 21 of
1099 2447 14 14 a
1129 2440 130 22 BRANCH

673 2468 87 21 BANK
775 2467 36 22 IN
825 2466 71 23 NEW
910 2466 156 28 ZEALAND,
1080 2466 97 28 through
1188 2467 72 22 which

673 2494 37 22 the
719 2495 102 21 business
833 2494 25 21 of
871 2493 38 22 the
925 2493 57 22 New
998 2493 101 22 Zealand
1113 2494 65 22 Land
1195 2494 64 21 Com-

673 2529 59 19 pany
741 2522 45 21 will
794 2522 29 21 be
832 2520 133 23 transacted.
993 2520 47 22 The
1056 2520 115 23 Directors
1187 2520 73 23 there-

673 2550 45 20 fore
728 2548 145 21 recommend
882 2551 22 18 to
921 2548 110 21 Colonists
1045 2547 39 22 the
1104 2548 74 21 Union
1195 2548 66 22 Bank

673 2575 26 22 of
717 2575 114 22 Australia
848 2582 23 14 as
891 2582 27 14 an
943 2574 170 22 establishment
1134 2576 127 27 possessing

674 2602 55 21 their
746 2602 70 21 entire
838 2602 136 27 confidence,
995 2602 44 21 and
1058 2602 50 21 able
1128 2605 22 18 to
1168 2602 92 26 provide

673 2629 125 27 eitectually
814 2629 34 21 for
863 2628 38 22 the
915 2628 105 22 financial
1034 2631 71 19 wants
1124 2629 25 21 of
1159 2628 38 22 the
1213 2629 48 21 first

673 2656 134 22 settlement.

840 2682 35 28 By
885 2682 65 22 order
958 2682 27 21 of
995 2682 37 22 the
1042 2682 82 27 Board,

917 2715 85 22 JOHN
1016 2715 105 28 WARD,
1137 2717 123 27 Secretary.

675 2750 54 22 New
740 2749 100 22 Zealand
849 2749 64 22 Land
922 2750 136 27 Company's
1067 2750 79 27 Office,

702 2785 18 22 1,
732 2783 159 27 Adam-street,
902 2783 103 27 Adelphi,
1016 2783 54 22 2?th
1079 2784 61 26 Aug.
1159 2783 26 21 1?

865 2836 66 20 Coal
951 2836 119 27 Mining.

675 2869 96 49 ANY
793 2869 101 22 PARTY
919 2869 93 27 wishing
1036 2873 22 17 to
1078 2876 85 20 engage
1181 2869 24 22 in
1224 2868 37 23 the

754 2896 87 27 mining
859 2895 46 22 and
922 2896 49 21 coal
990 2896 69 26 trade,
1077 2903 52 20 may
1150 2896 56 22 have
1224 2896 38 22 the

675 2924 95 20 services
780 2923 26 21 of
813 2931 13 13 a
835 2930 78 20 person
920 2923 48 27 just
979 2922 86 22 arrived
1077 2927 22 16 at
1110 2922 97 28 Sydney,
1218 2923 44 21 and

676 2950 48 22 who
740 2950 39 21 has
788 2950 58 21 been
856 2957 15 14 a
880 2950 71 21 miner
962 2950 43 21 and
1019 2949 49 22 coal
1083 2950 124 27 merchant,
1218 2950 44 21 and

676 2977 48 21 who
734 2976 19 22 is
762 2976 134 28 thoroughly
905 2976 133 28 acquainted
1047 2976 55 22 with
1112 2976 40 22 the
1161 2978 102 20 business

675 3004 24 21 in
710 3004 29 21 all
748 3004 28 21 its
786 3004 85 21 details.
901 3004 35 20 He
950 3004 19 20 is
985 3003 83 27 willing
1078 3006 23 18 to
1112 3011 85 19 engage
1214 3007 22 18 at
1250 3011 13 13 a

676 3031 77 27 salary,
769 3038 23 14 or
810 3035 23 17 to
848 3030 85 22 receive
951 3037 13 14 a
979 3030 64 22 share
1061 3031 24 20 in
1104 3030 38 22 the
1158 3037 104 15 concern.

676 3064 75 28 Apply
762 3068 22 17 to
795 3064 38 21 the
844 3064 77 21 Editor
929 3064 26 21 of
962 3063 43 22 this
1016 3063 78 27 Paper.

868 3115 26 21 J.
909 3116 38 20 M.
962 3115 110 26 Taylor,

751 3148 281 23 CUSTOM-HOUSE
1059 3148 133 23 AGENT.

677 3183 112 28 Courtney
799 3183 72 27 Place,
883 3183 32 21 Te
924 3183 55 21 Aro.

722 3235 121 21 Suitable
858 3235 42 21 for
915 3236 44 20 the
974 3236 111 25 present
1099 3235 112 21 Season.

676 3267 90 47 THE
791 3266 117 28 improved
930 3266 87 23 seidlitz
1042 3266 108 27 powders,
1174 3266 24 22 in
1221 3274 42 15 one

750 3294 76 26 bottle,
837 3293 54 22 with
897 3300 80 20 proper
986 3293 128 22 directions.

721 3320 49 22 The
776 3320 144 26 effervescing
926 3320 118 22 lemonade
1052 3320 108 28 powders,
1167 3320 98 28 forming

677 3354 29 15 an
715 3348 117 26 agreeable
842 3347 45 22 and
898 3347 121 22 efficacious
1030 3347 90 27 cooling
1125 3347 117 27 beverage.

960 3374 106 22 Jounson
1082 3374 46 21 and
1142 3374 94 23 Moors.

678 3426 72 48 ON
765 3425 85 27 SALE,
861 3426 63 21 Parts
934 3425 18 27 I,
965 3425 32 27 11,
1008 3425 44 22 and
1067 3425 48 27 111,
1127 3425 25 22 of
1164 3426 101 22 CHAM-

774 3453 101 22 BERS'S
899 3452 128 22 LONDON
1053 3452 149 23 JOURNAL
1225 3454 39 21 OF

678 3480 142 26 HISTORY,
835 3479 205 26 LITERATURE,
1056 3480 130 27 POETRY,
1201 3480 63 22 BIO-

678 3506 138 28 GRAPHY,
832 3506 67 23 AND
915 3506 202 22 ADVENTURE.

703 3540 54 22 'Phis
772 3541 96 21 Journal
882 3541 18 21 is
910 3540 94 22 devoted
1023 3544 22 18 to
1063 3541 107 26 practical
1185 3541 79 23 educa-

677 3567 46 21 tion
724 3579 27 3 —
753 3572 23 17 to
793 3567 37 22 the
846 3568 170 27 developemeut
1029 3567 25 21 of
1068 3567 37 22 the
1117 3572 114 23 mysteries
1242 3569 26 21 of

678 3597 37 18 the
735 3594 69 27 earth,
825 3594 36 22 the
880 3595 101 21 wonders
1000 3595 25 21 of
1045 3594 93 27 history,
1158 3595 46 21 and
1226 3595 38 22 the

678 3621 148 22 elaborations
836 3621 25 21 of
873 3622 78 26 genius
960 3630 5 12 :
981 3625 22 18 to
1014 3620 62 23 vivid
1088 3621 144 27 portraitures
1242 3623 26 21 of

677 3647 84 23 human
778 3647 100 28 feelings,
891 3648 52 27 high
960 3649 68 26 hopes
1044 3650 24 19 in
1084 3656 62 19 man,
1156 3649 45 21 and
1212 3656 53 15 con-

678 3679 77 22 stancy
764 3675 24 21 in
800 3682 87 14 woman
897 3682 6 20 ;
919 3680 21 17 to
957 3675 38 21 the
1011 3675 136 21 adventures
1162 3675 26 21 of
1199 3676 65 22 noble

678 3701 72 26 spirits
768 3701 96 28 through
883 3701 48 23 trial
951 3702 45 22 and
1014 3701 115 28 suffering,
1148 3702 45 22 and
1207 3703 58 22 their

677 3732 109 29 attempts^
793 3732 23 17 to
825 3729 99 26 improve
933 3728 38 22 the
983 3729 113 21 condition
1106 3729 27 21 of
1139 3728 58 22 their
1206 3737 57 15 race.

679 3754 27 21 In
717 3755 101 21 addition
827 3759 22 17 to
862 3756 29 21 its
900 3756 64 22 usual
974 3755 77 28 topics,
1066 3755 39 22 the
1116 3755 95 23 Journal
1221 3757 44 21 will

678 3782 90 20 contain
786 3789 14 14 a
817 3782 66 22 series
900 3783 24 21 of
939 3790 79 20 papers
1033 3781 29 23 oh
1079 3783 140 28 emigration,
1235 3791 28 15 on

678 3808 181 27 self-supporting
875 3809 104 26 colonies,
998 3809 54 23 their
1070 3809 132 28 usefulness,
1220 3811 44 22 and

679 3835 57 22 their
745 3835 66 21 claim
828 3839 22 17 to
865 3835 175 28 independence.
1070 3837 34 21 As
1119 3844 13 14 a
1148 3840 80 18 matter
1242 3838 26 21 of

678 3869 84 20 course,
783 3863 38 21 the
840 3862 73 22 model
932 3863 86 27 Colony
1039 3863 26 21 of
1085 3863 59 22 New
1164 3864 101 22 Zealand

678 3894 60 17 must
751 3889 119 22 command
879 3897 14 14 a
901 3889 61 28 large
971 3889 64 23 share
1045 3890 27 22 of
1082 3891 118 22 attention.

705 3923 77 27 Agent
791 3924 35 21 for
840 3922 165 28 Wellington—
1007 3923 37 22 the
1061 3924 118 22 Publisher
1191 3925 26 22 of
1227 3924 37 23 the

681 3951 91 22 Gazette.
