2520 4020
554 599 128 31 PORT
708 600 287 40 NICHOLSON,
1016 603 308 38 WEDNESDAY
1347 605 240 39 MORNING,
1610 609 260 33 FEBRUARY
1895 616 50 32 16,
1970 617 88 29 1842.

96 600 64 32 No.
185 600 92 52 116.J

2289 618 98 39 [Vol.
2410 618 46 31 11.

1249 52 100 30 THE

33 99 507 135 NEW
642 104 937 135 ZEALAND
1622 109 853 142 GAZETTE

1227 266 101 34 AND

33 300 1163 164 WELLINGTON
1312 300 1163 164 SPECTATOR.

606 485 217 38 PUBLISHED
869 488 132 38 EVERY
1044 488 258 36 WEDNESDAY
1345 489 87 37 AND
1481 491 224 37 SATURDAY
1751 493 206 38 MORNING.

711 692 8 5 v
759 691 3 5 '
879 693 97 21 Public
991 692 68 21 Sale.

678 724 156 47 MESSRS.
850 725 149 23 BETHUNE
1014 725 46 22 and
1075 725 131 22 HUNTER
1216 725 45 22 will

754 751 40 22 sell
804 752 28 27 by
841 752 75 28 public
925 752 95 26 auction,
1033 755 23 18 at
1068 752 190 27 Lambton-quay,

677 784 28 15 on
724 777 124 29 Thursday,
867 779 52 22 17th
937 778 121 26 February,
1078 782 23 17 at
1124 780 28 19 12
1174 778 86 22 o'clock

674 804 114 47 firecisely,
806 805 29 27 by
853 806 64 21 order
931 806 26 21 of
968 804 33 22 M.
1011 804 106 28 Murphy,
1135 805 61 28 Esq.,
1208 805 52 22 Col-

684 833 59 18 ector
761 831 26 21 of
802 831 108 22 Intestate
929 832 87 21 Estates
1035 830 35 21 for
1087 830 38 23 the
1149 832 109 22 Southern

676 856 93 23 District
779 857 25 22 of
809 858 39 21 the
857 858 74 21 North
945 856 78 23 Island
1040 856 27 22 of
1079 857 56 22 New
1150 858 106 28 Zealand,

675 883 84 27 sundry
775 884 81 26 effects,
870 884 38 21 the
924 885 105 25 property
1043 883 26 22 of
1081 884 91 22 Messrs.
1183 885 35 21 W.
1229 885 27 22 R.

672 909 94 32 Tyrrellj
772 911 34 21 W.
814 910 27 22 E.
851 910 105 28 Humble,
965 910 45 21 and
1019 910 29 21 A.
1058 910 72 22 Milne
1141 910 113 29 deceased,

675 936 121 28 consisting
818 937 28 21 of
863 938 98 26 wearing
985 936 94 28 apparel,
1099 937 77 27 books,
1195 938 61 21 iron-

672 969 115 21 mongery,
794 970 57 20 guns
859 964 25 21 in
890 971 67 19 cases,
965 966 66 23 tents,
1039 962 71 23 chests
1120 964 26 21 of
1153 964 101 28 drawers,

841 991 11 20 1
863 990 54 21 cask
925 990 58 26 zinc,
994 990 39 21 &c.
1044 990 39 21 &c.
1095 993 3 3 '

878 1024 72 14 AFTER
964 1023 85 19 ■WHICH,

699 1041 109 23 Winesin
817 1042 118 23 woodand
945 1042 77 27 bottle,

698 1068 66 28 Rum,
787 1069 93 27 brandy,
904 1070 45 21 and
971 1077 92 19 geneva.
1064 1081 29 5 —
1093 1069 113 23 Hollands
1227 1071 24 22 in

671 1102 67 20 cases,

697 1121 80 28 Hams,
786 1123 79 27 bacon,
875 1123 63 27 pork,
951 1123 57 26 beef,
1018 1123 87 27 raisins,
1117 1128 107 22 currants,

697 1147 109 24 Hambro'
820 1150 87 27 biscuit,
924 1149 91 29 pickles;
1033 1150 106 27 mustard,
1154 1151 98 27 vinegar,

671 1174 44 22 and
725 1182 60 21 soap,

697 1201 78 22 Prints'
780 1203 44 21 and
833 1203 100 27 calicoes,
945 1209 61 16 cases
1019 1203 57 27 hats,
1088 1203 43 22 and
1142 1211 14 14 a
1168 1204 86 27 variety

672 1227 26 21 of
703 1229 70 26 goods
782 1229 44 22 and
832 1231 173 21 manufactures.

695 1262 143 28 Wellington,
851 1263 112 28 February
975 1265 33 24 14,
1018 1265 60 19 1842.

824 1308 175 22 -Unreserved
1016 1309 68 20 Sale.

669 1341 91 48 MR.
776 1341 83 22 JOHN
874 1341 94 22 WADE
983 1340 46 22 will
1044 1342 40 21 sell
1106 1342 30 27 by
1157 1343 96 27 auction,

759 1371 24 18 at
797 1368 37 21 the
849 1368 129 27 Exchange,
999 1368 32 21 Te
1049 1368 54 27 Aro,
1125 1377 29 13 on
1173 1370 81 27 Friday

667 1397 60 23 next,
740 1394 38 22 the
790 1394 52 22 18th
858 1394 120 27 February,
996 1396 60 24 1841,
1072 1398 23 19 at
1110 1403 44 14 one
1169 1397 86 21 o'clock

666 1421 109 27 precisely
785 1429 4 13 :
805 1424 23 19 at
837 1420 37 23 the
884 1421 45 22 risk
939 1422 26 21 of
976 1421 37 21 the
1023 1421 82 22 former
1110 1423 140 28 purchasers,

844 1448 38 26 (on
892 1448 38 22 the
939 1447 39 22 9th
987 1448 93 27 instant)

721 1480 52 22 SIX
790 1481 185 23 EXCELLENT
988 1481 103 23 MILCH
1105 1482 92 28 COWS,

666 1514 60 14 some
736 1507 24 22 in
770 1507 50 26 calf,
837 1508 45 21 and
891 1515 42 15 one
943 1507 54 23 with
1011 1515 13 14 a
1034 1509 46 21 calf
1096 1509 31 27 by
1135 1509 42 22 her
1196 1509 54 24 side.

808 1534 78 22 Terms
896 1542 61 14 same
967 1542 25 14 as
1001 1534 43 22 last
1053 1535 53 22 sale.

880 1569 72 14 AFTER
961 1568 85 20 WHICH,

667 1587 22 21 A
700 1586 60 27 large
770 1588 109 27 quantity'
882 1589 26 20 of
919 1587 73 28 spirits
1005 1588 23 21 in
1044 1589 67 25 bond,
1131 1589 124 28 consisting

666 1613 27 21 of
700 1621 4 14 :
706 1625 28 4 —
735 1621 55 20 rum,
802 1614 46 27 gin,
858 1615 45 21 and
911 1614 95 27 brandy,
1016 1615 31 21 all
1056 1615 25 21 of
1096 1616 47 21 first
1161 1617 90 27 quality,

666 1641 43 21 and
719 1644 24 18 to
753 1641 28 21 be
790 1641 48 21 sold
848 1641 116 28 positively
975 1641 93 22 without
1075 1649 98 15 reserve.

692 1674 79 22 Terms
772 1685 27 4 —
799 1676 12 20 3
830 1674 98 23 months'
943 1674 76 28 credit,
1039 1682 29 15 on
1084 1676 113 27 approved
1215 1684 39 14 en-
1260 1697 2 5 ,

666 1700 80 22 dorsed
754 1704 152 24 acceptances.

666 1731 158 62 Messrs!
860 1745 94 28 hort,
992 1746 156 27 mocatta,
1185 1747 73 23 and-

756 1772 152 22 COMPANY
926 1771 44 23 will
980 1772 40 22 sell
1030 1773 30 27 by
1070 1773 75 27 public
1155 1775 95 26 auction,

665 1805 29 15 on
704 1798 39 22 the
752 1799 111 26 premises,
874 1806 29 14 on
914 1799 101 26 Monday
1022 1803 60 22 next,
1092 1804 23 17 at
1122 1802 28 20 12
1159 1801 91 27 o'clock,

665 1825 29 28 by
710 1825 66 22 order
789 1825 25 22 of
829 1825 39 22 the
883 1829 102 24 trustees,
1001 1825 47 23 that
1062 1827 61 26 large
1133 1827 46 22 and
1192 1835 61 15 com-

903 1853 103 21 modious

739 1883 321 24 WEATHER-BOARDED
1074 1886 104 28 STORE,

664 1911 69 27 lately
751 1912 114 27 possessed
881 1912 31 26 by
931 1913 92 21 Messrs.
1041 1913 27 21 T.
1085 1914 45 21 and
1147 1914 21 21 S.
1180 1914 68 28 Cook,

665 1938 52 21 with
727 1938 37 21 the
779 1938 58 21 lease
848 1938 26 21 of
885 1938 37 21 the
935 1938 96 27 ground,
1041 1938 85 28 having
1135 1942 114 21 extensive

663 1968 68 18 water
740 1965 101 26 frontage
851 1965 23 20 in
885 1971 43 15 one
938 1965 26 21 of
976 1965 37 21 the
1023 1969 59 18 most
1098 1966 89 28 eligible
1197 1968 54 22 situ-

663 1991 61 21 ation
743 1998 30 15 on
788 1991 39 21 the
846 1991 78 26 beach,
941 1991 71 22 either
1027 1992 34 21 for
1079 1992 101 23 business
1197 2001 25 14 or
1235 2001 14 15 a

663 2016 85 27 private
763 2017 123 21 residence.
914 2018 48 21 The
1095 2025 41 15 can
1152 2020 28 21 be
1197 2027 52 14 con-

663 2042 78 22 verted
754 2042 48 22 into
818 2046 43 19 two
878 2051 25 14 or
917 2050 61 15 more
992 2043 201 29 dwelling-houses,
1205 2050 22 18 at
1237 2054 13 15 a

664 2069 85 27 trifling
763 2076 98 21 expence
868 2078 6 19 ;
889 2070 124 27 possession
1030 2071 45 22 will
1089 2072 28 21 be
1131 2072 66 27 given
1207 2073 41 22 im-

664 2095 127 28 mediately.

689 2122 84 27 Terms,
781 2122 73 23 which
860 2130 39 15 are
908 2123 86 28 liberal,
1001 2123 43 22 will
1053 2124 27 22 be
1088 2125 67 22 made
1164 2125 83 23 known

664 2151 23 19 at
695 2149 54 21 time
756 2149 27 21 of
788 2149 53 23 sale.

689 2175 112 28 February
811 2177 34 26 15,
856 2178 61 21 1842.

738 2220 125 23 ALFRED
879 2222 77 22 FELL
971 2222 68 23 AND
1056 2224 114 27 COMPy.,

661 2257 156 21 Merchants
846 2259 55 20 and
924 2260 183 21 Commission
1130 2262 116 26 Agents,

905 2300 96 19 NELSON,

830 2326 77 21 NEW
923 2327 151 22 ZEALAND.
1107 2325 5 3 '
1124 2336 4 6 *

871 2372 164 27 Wanganui.

740 2403 199 23 ALEXANDER
959 2405 206 29 ALEXANDER,

785 2438 127 21 Auctioneer
921 2439 19 28 8f
951 2439 89 21 General
1048 2441 76 26 Agent,

661 2469 162 49 HAVING
836 2472 89 22 resided
939 2473 25 21 in
981 2472 126 28 Wanganui
1121 2481 62 15 more
1192 2475 53 22 than

748 2498 28 20 12
782 2498 97 27 months,
889 2499 40 22 has
938 2499 67 22 made
1014 2499 92 23 himself
1112 2502 134 26 acquainted

661 2523 52 21 with
723 2522 36 23 the
774 2525 49 21 best
838 2525 53 22 sites
906 2526 34 21 for
957 2525 38 24 the
1011 2526 106 23 selection
1132 2528 27 21 of
1174 2529 55 22 land
1238 2537 6 19 ;

661 2549 43 22 and
714 2556 43 15 can
766 2551 53 21 with
828 2552 131 23 confidence
967 2554 145 21 recommend
1121 2554 93 23 himself
1223 2559 22 18 to

659 2575 138 25 landowners
815 2585 24 15 as
858 2586 30 14 an
906 2582 69 25 agent
990 2579 35 22 for
1043 2580 36 22 the
1096 2580 108 24 selection
1222 2583 26 21 of

661 2605 57 19 town
728 2603 45 22 and
780 2608 94 24 country
883 2606 64 21 lands
954 2608 24 20 at
985 2606 37 22 the
1030 2608 95 26 ensuing
1131 2608 113 23 selection.

886 2650 127 26 Wanted,

659 2681 49 48 A
723 2680 133 24 NUMBER
870 2683 40 22 OF
927 2683 153 24 WHALERS
1091 2688 23 19 to
1126 2693 86 21 engage
1220 2687 24 22 in

736 2708 106 24 Barrett's
852 2710 92 28 Fishery
954 2713 24 20 at
987 2711 118 24 Taranaki.
1121 2714 5 3 '
1133 2714 79 28 Apply
1222 2718 22 18 to

811 2743 132 29 Ripqways,
962 2743 106 30 Guyton,
1084 2746 46 22 and
1144 2747 72 23 Earp.

749 2786 142 28 Millinery
910 2788 120 22 Fashion
1049 2791 99 21 Room.

658 2818 106 48 MRS.
780 2819 29 28 A,
823 2820 98 28 LOWE,
931 2822 84 26 having
1024 2824 103 22 received
1134 2832 15 15 a
1157 2826 86 28 variety

734 2846 27 21 of
770 2846 37 21 the
816 2846 66 23 latest
889 2847 101 23 fashions
999 2849 58 22 from
1067 2850 111 29 England,
1189 2852 53 27 begs

666 2878 13 14 o
687 2871 82 23 inform
784 2872 41 23 her
839 2873 85 23 friends
941 2874 48 23 and
1004 2875 38 22 the
1056 2876 76 24 ladies'
1145 2879 26 22 of
1190 2880 53 22 Port

665 2897 115 31 jupholaon
788 2899 49 22 that
851 2900 53 28 they
918 2908 37 15 are
972 2908 51 16 now
1037 2910 56 20 open
1107 2905 37 22 for
1155 2906 87 28 inspec-

651 2926 59 25 tion,
714 2932 37 15 .on
759 2925 38 22 the
804 2927 115 27 premises,
922 2928 26 22 of
959 2928 46 23 Mr.
1015 2928 72 25 Jabez
1096 2931 77 24 Allen.

681 2957 189 30 Lambton-quay.

656 3003 49 49 A
726 3003 193 25 GENTLEMEN
936 3007 28 21 of
980 3008 167 30 respectabUity
1163 3011 20 22 is
1202 3012 37 22 de-

747 3032 106 22 sirou^of
856 3032 99 29 meeting
964 3033 53 22 with
1027 3041 14 15 a
1048 3035 117 29 situation,'
1170 3038 70 23 either

656 3057 99 27 as.clerk,
771 3062 140 25 accountant,
924 3067 24 15 or
957 3061 187 26 superintendent
1155 3065 27 22 of
1195 3072 44 20 any

650 3085 104 21 'business
768 3085 114 28 requiring
898 3094 14 14 a
924 3092 83 21 person
1022 3088 26 21 of
1060 3091 63 21 trust.
1152 3091 87 24 Letters

657 3110 117 22 addressed
791 3115 23 19 to
830 3113 66 27 A.8.,
918 3115 86 20 Gazette
1018 3114 77 29 Office,
1115 3117 46 23 will
1179 3122 69 19 meet-

656 3135 51 23 with
716 3142 90 23 prompt
813 3141 118 21 attention.

736 3181 91 28 'SALE,'
835 3184 65 23 Parts
909 3184 20 28 I,
940 3184 33 27 11,
983 3186 46 22 and
1042 3186 46 28 111,
1099 3188 27 22 of
1136 3189 110 23 CHAM-'

656 3233 68 10 morn
749 3206 102 27 BERN'S
874 3211 131 22 LONDON
1028 3212 147 26 JOURNAL
1198 3217 39 23 OF

656 3233 38 38 5i
691 3235 13 20 S
704 3234 90 37 ?5&&
809 3236 206 30 LITERATURE,
1030 3240 129 30 POETRY,
1172 3243 65 23 BIO-

656 3260 134 29 GRAPHY,
806 3263 68 23 AND
888 3264 200 26 ADVENTURE.
1241 3290 4 4 .

679 3294 54 22 This
748 3295 94 23 Journal
854 3297 20 23 is
883 3298 95 23 devoted
994 3302 24 23 to
1034 3295 108 33 practical
1155 3304 79 23 educa-

666 3322 142 36 lon—to^the,
818 3323 172 29 developement
1001 3327 25 21 of
1039 3327 37 23 the
1085 3331 117 26 mysteries
1213 3332 24 21 of

656 3350 33 19 the
689 3356 2 12 i
708 3350 71 26 earth;
790 3350 45 22 .the
853 3352 101 25 wonders
973 3353 26 22 of
1011 3354 97 28 ihistpry,
1121 3358 54 21 /and
1196 3358 38 22 the

648 3377 151 22 .elaborations
808 3377 26 21 of
846 3378 91 26 genius:
952 3380 94 23 to.vjvid
1058 3384 144 25 portraitures
1212 3386 25 21 of
1240 3398 2 7 .

653 3403 83 21 Jiuman
752 3403 99 28 feelings,
861 3404 56 27 high
932 3406 69 27 hopes
1015 3407 25 22 in
1054 3415 60 21 man,
1118 3421 4 12 (
1125 3411 50 22 and«
1180 3419 53 14 con-

653 3430 76 25 stancy
737 3436 25 14 in
764 3443 7 10 •;
771 3436 87 16 woman
868 3439 6 18 ;
889 3435 23 18 to
929 3432 37 23 the
982 3433 133 25 adventures
1130 3438 27 21 of
1166 3438 66 22 noble

646 3459 76 23 .spirits
735 3455 99 28 thrpugh
848 3458 55 22 .trial
922 3460 44 21 and
984 3460 112 29 suffering,
1105 3474 2 8 .
1114 3464 45 21 and
1173 3464 57 23 their
1238 3467 3 6 '

651 3483 103 26 attempts
762 3485 26 23 to,
794 3484 271 28 impro.vethe.condition
1074 3489 90 24 ofjtheir
1172 3499 58 14 race.

652 3509 26 20 In
688 3509 99 22 addition
795 3513 23 19 to
830 3511 30 21 its
868 3512 65 22 usual
942 3513 76 27 topics,
1035 3514 37 25 the
1076 3516 102 23 Journal
1187 3518 54 22 will-

651 3538 87 19 contain
755 3543 14 15 a
785 3537 67 22 series
868 3538 29 25 of.
907 3546 81 24 papers
1002 3547 29 15 on
1046 3542 139 29 emigration,
1201 3553 38 14 on-

649 3563 179 27 self-supporting
842 3564 105 29 colonies,
964 3565 57 23 their
1037 3569 130 29 usefulness,
1185 3572 44 21 and

650 3589 58 21 their'
714 3589 104 27 claim.tu
832 3589 176 32 independence.
1036 3595 34 21 As
1083 3603 14 14 a
1112 3600 82 19 matter
1208 3599 25 21 of

643 3622 88 21 •course,
751 3617 37 21 the
802 3616 80 24 Vhodel
888 3624 6 6 J
900 3619 87 27 Colony
1006 3620 44 22 of..
1051 3621 56 23 New
1129 3624 100 23 Zealand

648 3646 58 18 must
719 3644 118 22 command
847 3645 81 27 ajarge
933 3645 69 23 'share
1002 3652 4 5 1
1011 3647 153 25 of'attentiori.
1178 3655 3 3 '

673 3669 119 27 Agent,fpr
800 3671 172 28 :Wellingtori—
973 3673 37 23 the
1023 3674 120 25 publisher
1150 3678 30 21 .of
1190 3678 47 22 the.

651 3696 89 22 Gazette.
757 3708 3 6 <
1017 3712 6 13 v

727 3743 131 27 Building
865 3744 170 23 Allotments
1044 3748 30 20 to
1088 3749 57 20 Let;
1233 3754 3 9 :

648 3775 50 48 A
724 3775 131 24 NUMBER
868 3777 27 23 of
905 3778 70 23 Town
990 3774 71 27 'Acres
1068 3784 3 13 ;
1077 3773 28 29 'in
1169 3786 58 19 most

725 3802 109 23 desirable
843 3804 118 25 situations
972 3805 24 21 in
997 3806 143 30 Wellington;
1159 3810 23 20 to
1197 3810 27 21 be
1232 3824 3 4 -

647 3828 30 21 let
686 3835 29 14 on
724 3828 59 22 lease
788 3849 3 6 v
794 3836 24 16 or
816 3849 4 12 (
824 3830 179 31 ,otherwise,,and
1011 3833 43 21 will
1061 3833 27 21 be
1095 3834 131 23 subdivided
1231 3852 3 6 ,

649 3857 19 18 to
678 3854 44 23 suit
731 3857 95 20 tenants.
832 3854 2 6 '
855 3856 74 22 Plans.
933 3857 45 26 and
992 3857 129 30 particulars
1135 3868 54 19 may
1198 3863 27 21 be
1231 3861 7 4 '

647 3880 71 22 learnt
727 3888 29 15 on
765 3880 133 29 application
906 3887 23 18 to

976 3910 86 24 Hemry
1077 3913 35 23 St.
1128 3914 70 24 Hill.

1294 705 4 5 ■
1330 695 5 6 '
1341 708 4 3 -
1397 695 95 21 Water
1506 695 150 27 Frontages
1667 698 30 20 .to
1713 698 57 20 Let.

1291 725 90 48 THE
1396 726 73 22 whole
1486 734 26 14 or
1525 729 49 25 part
1584 728 25 20 of
1623 728 37 22 the
1675 728 60 22 front
1743 729 51 22 half
1801 730 26 22 of
1837 729 36 22 the

1362 761 51 14 acre
1423 754 43 21 No.
1475 755 48 21 613.

1335 779 85 28 Nearly
1429 780 37 21 the
1476 780 70 22 whole
1554 780 27 22 of
1587 780 36 22 the
1632 781 101 27 frontage
1743 782 27 22 of
1775 782 38 22 the
1823 790 50 14 acre

1291 804 42 23 No.
1343 807 49 21 610.

1315 832 47 21 The
1373 833 70 22 above
1453 832 45 23 will
1507 833 26 22 be
1543 833 89 23 divided
1643 837 22 19 to
1672 834 44 22 suit
1724 837 96 26 tenants,
1829 835 44 23 and

1289 858 44 21 will
1343 858 29 23 be
1382 859 32 22 let
1423 867 29 14 on
1462 860 163 27 advantageous
1636 864 73 18 terms.

1569 886 106 23 Johnson
1691 888 46 21 and
1753 888 90 22 Moore.

1430 938 87 19 Town
1526 938 89 22 .Acres
1630 940 29 19 to
1674 940 56 20 Let.
1834 935 5 8 '

1286 968 181 47 NUMBERS
1478 976 29 14 on
1518 970 36 22 the
1563 971 238 27 Surveyor-General's
1811 981 58 17 map,

1475 997 41 20 510
1676 1000 41 20 263
1771 1019 3 8 ,

1313 1022 43 21 For
1363 1022 139 27 particulars,
1513 1023 65 28 apply
1586 1027 22 18 to
1617 1024 106 29 Wallace,
1737 1025 80 26 White,
1827 1027 43 21 and

1286 1046 104 24 Wallace.
1576 1066 3 4 .

1342 1093 85 23 AND
1452 1094 255 23 AGENCIES.—
1707 1096 40 22 TO
1771 1097 98 22 LAND-

1360 1120 181 23 HOLDERS.—
1541 1122 47 21 The
1606 1122 156 28 Undersigned
1780 1124 43 27 beg
1845 1128 23 18 to

1285 1145 53 22 offer
1347 1147 134 22 themselves
1491 1150 23 19 to
1523 1148 57 21 their
1588 1149 84 21 friends
1682 1150 44 21 and
1740 1150 38 21 the
1793 1150 75 28 public

1284 1179 24 14 as
1317 1173 87 26 Agents
1413 1173 35 23 for
1457 1174 38 21 the
1505 1174 94 27 disposal
1606 1175 26 22 of
1638 1175 68 22 Town
1716 1176 45 22 and
1769 1177 98 28 Country

1284 1198 82 29 Lands,
1377 1200 46 21 and
1431 1203 58 19 trust
1498 1201 56 21 their
1564 1201 95 22 colonial
1670 1203 131 25 experience
1815 1211 52 20 may

1284 1225 76 22 entitle
1371 1226 61 22 them
1442 1230 23 18 to
1475 1234 13 14 a
1500 1227 64 22 share
1573 1228 26 21 of
1607 1228 39 22 the
1655 1229 74 26 public
1737 1232 128 25 patronage.

1310 1259 64 27 They
1382 1260 46 21 will
1436 1260 28 21 be
1472 1260 75 28 happy
1556 1264 24 19 to
1589 1268 92 20 arrange
1693 1262 35 21 for
1738 1263 45 21 and
1792 1270 75 21 super-

1283 1285 78 22 intend
1371 1286 38 22 the
1418 1294 92 20 surveys
1517 1287 45 22 and
1568 1288 156 22 sub-divisions
1732 1290 26 20 of
1764 1290 36 21 the
1806 1290 60 22 land.

1285 1311 89 23 Liberal
1383 1313 111 22 advances
1503 1314 44 21 will
1560 1314 28 22 be
1603 1314 64 22 made
1677 1323 29 13 on
1714 1316 66 22 lands
1789 1317 78 26 placed

1284 1338 23 21 in
1317 1338 58 23 their
1382 1340 73 21 hands
1462 1340 34 21 for
1503 1340 52 22 sale.
1583 1341 63 28 They
1652 1342 44 21 will
1703 1342 47 21 also
1757 1343 28 21 be
1792 1345 74 26 happy

1284 1368 23 18 to
1317 1366 65 21 assist
1390 1366 134 28 proprietors
1532 1367 24 22 in
1565 1367 86 27 leasing
1662 1368 56 22 their
1726 1369 72 22 lands.

1337 1410 3 4 '
1563 1403 62 22 John
1636 1404 44 21 and
1690 1405 59 21 Geo.
1759 1405 80 23 Wade.

1285 1446 156 28 Wanganui
1463 1449 76 20 Land
1563 1449 92 26 Agent
1674 1450 53 20 and
1751 1451 115 20 General

1401 1475 184 21 Commission
1599 1476 150 21 Merchant.

1286 1507 90 35 rpHE
1394 1507 151 28 undersigned
1564 1509 52 26 begs
1634 1512 22 18 to
1670 1509 53 21 offer
1740 1509 92 22 himself
1843 1514 23 18 to

1293 1530 28 24 X
1359 1534 37 22 the
1408 1534 79 27 .public
1503 1542 23 14 as
1542 1535 63 21 Land
1618 1536 78 26 Agent,
1709 1537 45 20 and
1770 1537 97 22 General

1286 1559 145 23 Commission
1455 1561 118 22 Merchant
1599 1563 34 21 for
1661 1563 35 21 the
1705 1581 4 5 ,
1726 1563 88 22 district
1844 1565 26 20 of

1285 1585 133 28 Wanganui.
1448 1588 36 21 Pie
1496 1588 37 21 has
1543 1589 58 21 been
1610 1589 36 21 for
1655 1589 36 21 the
1700 1589 43 22 last
1752 1591 13 20 9
1777 1590 88 22 months

1285 1620 27 14 on
1330 1613 38 22 the
1383 1614 55 21 staff
1452 1615 119 27 surveying
1587 1615 47 21 that
1653 1615 90 27 district,
1763 1617 45 20 and
1827 1617 38 22 has

1285 1640 161 27 consequently
1455 1641 57 22 been
1524 1642 125 22 enabled'to
1665 1643 89 25 acquire
1764 1648 101 17 accurate

1284 1666 141 22 information
1442 1668 125 27 respecting
1581 1668 36 22 the
1633 1669 60 24 land,
1723 1669 60 26 This,
1794 1670 73 22 added

1284 1696 23 18 to
1317 1693 37 21 the
1365 1694 132 27 experience
1505 1694 28 22 he
1543 1695 40 21 has
1591 1695 45 22 had
1644 1695 23 21 in
1679 1696 106 21 Scotland
1793 1697 24 21 in
1829 1697 36 22 the

1283 1724 158 23 management
1458 1721 26 23 of
1498 1721 52 22 land
1556 1721 38 22 Sin
1598 1722 12 21 d
1627 1722 67 27 stock,
1707 1723 27 21 he
1745 1727 66 18 trusts
1821 1724 44 21 will

1284 1747 78 21 enable
1372 1747 48 21 him
1430 1751 23 18 to
1463 1748 28 21 do
1503 1755 65 20 every
1574 1749 81 26 justice
1665 1752 21 18 to
1695 1749 35 22 his
1741 1751 124 26 employers

1282 1773 25 21 in
1325 1773 37 21 the
1382 1774 106 22 selection
1513 1782 23 14 or
1556 1775 107 27 purchase
1687 1776 25 21 of
1731 1776 61 22 land.
1829 1777 35 22 He

1283 1799 86 23 flatters
1391 1800 97 28 himself,
1508 1801 46 22 that
1577 1801 33 22 his
1630 1803 159 26 acquaintance
1811 1804 53 21 with

1282 1827 92 25 general
1388 1827 103 23 business
1500 1828 43 22 will
1560 1829 79 21 enable
1653 1829 47 21 him
1710 1834 22 17 to
1742 1830 50 27 give
1801 1831 63 21 satis-

1282 1850 83 25 faction
1382 1857 22 18 to
1415 1854 62 22 those
1489 1855 47 21 who
1549 1862 53 20 may
1611 1856 91 26 consign
1718 1857 70 26 goods
1798 1859 22 19 to
1830 1857 34 22 his

1282 1879 79 28 charge
1371 1881 35 21 for
1416 1881 52 21 sale.
1497 1881 60 21 With
1571 1889 12 14 a
1592 1882 56 22 view
1657 1886 22 17 to
1695 1883 83 27 adding
1792 1886 22 18 to
1829 1884 34 21 his

1272 1926 3 5 ,
1281 1906 101 22 facilities
1389 1907 24 21 in
1423 1907 112 28 disposing
1545 1909 26 20 of
1576 1909 61 21 stock
1646 1909 43 21 and
1698 1910 164 27 merchandize,

1280 1932 29 23 he
1317 1933 41 22 has
1369 1933 68 23 taken
1445 1937 41 19 but
1495 1942 29 14 an
1533 1935 155 22 Auctioneer's
1696 1936 103 22 Licence.

1639 1969 61 22 John
1716 1970 120 22 Cameron.

1270 1997 14 25 §
1309 1993 43 22 Kai
1361 1999 71 16 warra
1440 2001 77 20 warra,
1526 1995 124 22 December
1658 1998 33 24 31,
1700 1998 61 24 1843.

1380 2038 104 20 Nelson
1500 2039 75 21 Land
1590 2039 143 27 Agencies.

1280 2070 91 48 THE
1385 2071 151 27 undersigned
1549 2072 44 27 beg
1603 2076 21 18 to
1634 2073 54 22 offer
1696 2073 134 24 themselves
1839 2078 23 19 to

1354 2097 37 22 the
1400 2098 77 26 public
1486 2106 24 14 as
1520 2103 76 22 agents
1605 2100 35 21 for
1650 2100 36 21 the
1695 2100 108 22 selection
1817 2102 45 21 and

1279 2123 96 27 disposal
1385 2125 25 20 of
1418 2128 58 18 town
1486 2125 46 22 and
1539 2129 93 23 country
1650 2126 63 22 lands
1722 2128 25 21 in
1758 2127 38 22 the
1812 2135 50 15 new

1279 2151 127 21 settlement
1433 2152 26 21 of
1483 2152 92 22 Nelson.
1611 2153 77 27 Apply
1710 2157 22 18 to
1756 2154 104 28 Wallace,

1279 2176 80 28 White,
1372 2178 45 21 and
1426 2178 105 27 Wallace,
1543 2179 143 27 Wellington.

1399 2211 123 23 Patciiett
1533 2212 45 22 and
1592 2213 90 27 White,
1693 2213 64 23 Land
1766 2215 94 25 Agents,

1576 2239 20 9 XT
1611 2239 6 9 1
1854 2238 6 5 *

1576 2240 92 22 Nelson.

1305 2264 132 28 December,
1449 2266 62 20 1841.

1278 2308 121 27 Country
1414 2309 123 21 Sections
1557 2311 43 20 for
1618 2311 59 21 Sale
1698 2318 37 14 on
1754 2312 107 22 Liberal

1522 2337 100 21 Terms.

1278 2368 165 49 SEVERAL
1478 2370 99 22 Sections
1604 2371 26 22 of
1656 2372 105 27 -Country
1788 2373 70 27 Land,

1341 2395 91 28 already
1443 2396 82 22 chosen
1534 2397 23 22 in
1568 2397 36 22 the
1617 2398 93 22 Porirua
1724 2399 91 28 district,
1826 2401 35 21 for

1277 2421 58 28 Sale,
1345 2429 76 15 terms
1430 2431 105 14 liberal.
1564 2424 75 28 Apply
1649 2428 21 18 to

1371 2455 25 22 F.
1411 2456 30 22 A.
1455 2457 169 27 Molesworth,
1641 2458 183 29 Murphy-street,
1836 2467 24 14 or

1369 2482 37 22 W.
1422 2483 28 21 V.
1465 2483 106 28 Brewer,
1582 2485 191 23 Manners-street.

1411 2528 168 21 Allotments
1594 2529 31 20 of
1639 2530 83 21 Land.

1275 2560 89 47 FOR
1378 2561 85 27 SALE,
1482 2561 126 23 allotments
1662 2563 52 21 land
1725 2570 30 15 on
1768 2564 32 22 Te
1811 2565 47 21 Aro

1334 2587 56 27 Hat,
1401 2587 54 22 with
1464 2588 111 27 frontages
1585 2593 21 17 to
1616 2589 62 22 Cuba
1688 2590 170 23 andGhuznee-

1274 2616 87 19 streets.
1390 2614 44 22 No.
1446 2615 25 21 of
1483 2622 55 19 acre,
1550 2617 47 20 154.

1301 2640 44 22 For
1354 2640 65 27 plans
1429 2641 46 22 and
1483 2642 136 27 particulars,
1630 2643 65 27 apply
1705 2646 23 19 to

1678 2670 29 21 A.
1723 2670 106 23 Ludlam.

1301 2692 158 29 Willis-street,
1470 2695 53 21 Jan.
1533 2696 32 25 12,
1578 2697 59 20 1842.

1275 2737 67 49 TO
1356 2738 39 22 BE
1410 2739 67 27 LET,
1492 2739 37 22 the
1546 2744 62 18 town
1625 2747 50 15 acre
1691 2742 44 21 No.
1746 2743 48 27 210,
1806 2749 29 16 on

1347 2765 104 28 building
1459 2766 67 28 lease,
1535 2767 35 22 for
1578 2768 102 21 fourteen
1690 2775 71 20 years.

1300 2791 33 21 To
1342 2791 28 22 be
1380 2792 32 21 let
1420 2800 25 14 or
1454 2793 54 27 sold,
1519 2793 37 22 the
1567 2797 58 19 town
1634 2801 49 15 acre
1692 2794 44 23 No.
1747 2797 47 22 642.

1300 2817 32 22 To
1342 2818 29 22 be
1375 2822 2 5 1
1387 2819 55 26 sold,
1454 2819 37 22 the
1507 2820 143 28 preliminary
1660 2822 113 27 (country)
1791 2823 65 22 Land

1273 2843 72 23 Order
1364 2845 44 22 No.
1426 2847 46 26 153,
1494 2847 72 22 which
1585 2848 75 21 stands
1669 2860 2 4 •
1679 2851 82 19 seventh
1777 2850 23 21 in
1818 2850 37 22 the

1272 2871 65 22 order
1346 2872 27 22 of
1377 2872 81 22 choice,
1464 2876 23 19 at
1496 2873 37 23 the
1542 2878 56 19 next
1607 2875 106 22 selection
1723 2876 27 22 of
1761 2881 94 23 country

1271 2899 104 22 sections.
1403 2899 78 28 Apply
1490 2902 24 20 to

1542 2928 23 22 J.
1580 2928 26 21 T.
1620 2928 145 28 Wicksteed,

1305 2955 3 6 '
1605 2955 220 28 Hawkstone-street,

1483 2999 40 20 To
1536 3000 33 20 be
1583 3000 58 24 Let,

1272 3029 30 23 O
1308 3028 126 29 EVERA'L
1449 3031 91 23 TOWN
1550 3033 105 32 ACRES,
1662 3033 25 22 in
1695 3034 88 23 various
1792 3038 60 23 parts

1270 3054 35 25 O
1335 3057 25 28 of,
1371 3057 146 28 Wellington.
1545 3059 48 22 For'
1749 3062 64 27 apply
1829 3065 22 18 to

1407 3104 2 4 ■
1425 3097 3 3 '
1446 3092 24 22 E.
1486 3092 141 28 Catchpool,
1639 3094 185 24 Dickson.street.

1265 3135 33 23 X
1316 3135 69 23 AND
1406 3137 40 21 TO
1469 3137 163 23 LET.-^Tovn
1655 3146 61 14 acres
1740 3139 43 22 No.
1804 3142 45 25 168,

1265 3160 49 22 XJ
1343 3163 47 27 156,
1400 3164 50 27 423,
1467 3163 35 28 47,
1512 3166 47 25 561,
1572 3165 46 26 559,
1637 3165 45 21 and
1693 3172 70 21 many
1777 3166 73 23 others

1265 3188 25 21 in
1300 3187 107 24 the^mbst
1415 3189 108 23 desirable
1536 3191 122 22 situations.
1671 3198 3 3 ■
1687 3192 56 22 Also
1756 3193 94 28 country

1265 3214 55 22 land
1327 3222 29 15 on
1365 3215 42 26 .the
1413 3216 71 22 Banks
1496 3217 26 21 of
1528 3217 36 21 the
1574 3217 69 23 River
1653 3218 57 22 Hutt
1719 3219 45 22 and
1774 3226 29 16 on
1812 3220 37 22 the

1265 3241 102 25 Porirua,
1368 3243 62 22 road.
1460 3243 75 28 Apply
1544 3247 24 19 to

1393 3292 3 5 .
1427 3286 3 4 ■
1451 3292 3 6 .
1650 3271 22 22 J.
1688 3271 34 23 W.
1738 3273 81 22 Child.

1470 3315 169 27 -Wanganui.

1282 3346 70 35 [^OR
1363 3343 88 26 SALE.
1453 3359 28 4 —
1481 3347 64 23 Land
1552 3349 110 23 -between
1681 3358 42 15 one
1742 3351 45 23 and
1804 3355 42 19 two

1282 3374 11 19 L
1327 3373 81 31 .mil^s,
1416 3374 33 21 of-
1453 3374 23 26 t]i
1479 3381 23 14 e.
1506 3375 107 28 township
1631 3380 24 18 at
1672 3377 127 27 Wanganui
1813 3379 35 21 for

1263 3399 51 27 sale,
1324 3402 28 19 in'
1359 3400 78 22 block's
1447 3398 25 24 of
1483 3401 43 21 five
1535 3409 61 15 acres
1608 3403 43 21 and
1666 3405 108 27 upwards,
1787 3412 24 14 or
1824 3409 22 17 to

1261 3424 35 22 let
1303 3433 29 14 on
1333 3431 3 6 1
1343 3425 146 30 very-liberal
1501 3429 135 25 terms,;with
1645 3429 38 22 the
1695 3431 61 26 right
1764 3431 26 22 of
1796 3439 50 20 pur-

1262 3452 73 26 chase..
1353 3469 4 7 ,
1363 3453 78 27 Apply
1449 3457 23 19 to
1477 3454 110 28 JRr'Park,"
1596 3456 60 27 Esq.,
1665 3464 25 14 or
1698 3461 24 17 to

1510 3496 13 8 ■•
1535 3494 3 8 '
1573 3489 5 17 -'
1598 3489 22 21 J.
1634 3489 46 22 arid
1693 3490 29 22 G.
1738 3491 80 27 Wadej,

1260 3532 80 23 port
1361 3532 187 30 Nicholson;
1572 3533 67 24 and
1656 3533 188 36 ;wanganui.

1372 3567 91 21 Lands
1474 3569 29 19 to
1513 3568 32 21 be
1556 3569 49 20 Let
1615 3576 30 14 or
1655 3571 71 21 Sold.

1260 3598 164 49 SEVERAL
1445 3600 70 22 Town
1531 3602 45 21 and
1590 3600 104 30 Country'
1707 3605 96 23 sections
1820 3607 24 22 in

1323 3626 38 21 the
1375 3626 53 23 Port
1438 3626 121 23 Nicholson
1577 3628 91 29 district,'
1746 3632 98 29 Country

1258 3652 96 22 sections
1360 3653 24 22 in
1388 3653 49 22 -the-
1442 3653 126 27 Wanganui
1576 3654 91 29 district,
1677 3657 53 23 with
1739 3658 38 23 the
1786 3661 59 26 right

1258 3678 26 21 of
1296 3679 70 27 (early
1376 3679 95 22 /choices
1483 3681 88 26 ;(under
1587 3683 40 26 14).
1639 3683 26 21 of
1676 3683 45 23 .the
1737 3685 107 24 intended

1258 3705 109 28 township
1371 3706 72 28 .there,
1453 3709 22 19 to
1481 3706 27 23 be
1514 3708 48 21 sold
1569 3715 24 15 or
1599 3708 37 22 let.
1665 3710 43 22 For
1714 3713 130 26 particulars

1258 3730 45 23 and
1312 3736 75 24 terms,
1397 3733 67 27 apply
1475 3737 23 18 to

1442 3766 93 23 Robert
1550 3767 27 22 R.
1593 3768 98 29 Strang,
1706 3772 109 25 Solicitor,

1284 3791 145 28 Wellington,
1439 3793 59 22 Nov.
1509 3795 32 26 25,
1553 3796 51 20 1841
1634 3793 3 8 '
1661 3799 4 3 '

1313 3852 4 7 ,
1354 3857 3 8 (
1418 3838 80 21 Office
1514 3839 52 21 Ink
1580 3840 106 28 Stands?.

1265 3870 85 22 TUST
1365 3870 134 28 OPENED,
1506 3862 50 32 and*
1561 3880 28 14 on
1600 3874 50 22 Sale
1659 3878 23 18 at
1691 3876 37 23 the
1739 3878 71 22 Office
1820 3880 25 21 of

1258 3896 26 23 0
1321 3897 45 22 this
1376 3896 78 28 Paper,
1465 3898 40 22 ink
1515 3897 74 26 stands
1600 3901 25 21 of
1632 3903 86 22 various
1728 3904 62 23 sizes.

1281 3923 147 29 J?ebruary'4,
1439 3926 61 22 lß42.
1544 3929 4 5 '
1570 3945 5 4 ,

1981 702 131 28 Building
2124 705 169 23 Allotments
2307 711 29 18 to
2352 711 58 22 Let.

1907 733 89 22 HTIHE
2014 735 199 25 ADVERTISER
2226 740 66 22 offers
2306 748 61 20 upon
2382 743 107 28 Building

1912 763 30 18 -1-
1982 763 85 25 Leases,
2079 769 13 15 a
2101 764 95 22 number
2205 766 25 21 of
2240 766 69 22 Town
2319 768 134 24 Allotments
2462 771 24 21 in

1906 788 36 20 the
1952 790 58 19 most
2018 788 108 23 desirable
2134 794 60 23 parts
2204 792 25 21 of
2240 792 43 23 this
2294 795 138 23 Settlement.
2457 799 4 5 '

1933 814 45 21 The
1996 816 109 21 attention
2122 817 25 21 of
2164 817 38 22 the
2218 820 75 26 public
2309 822 19 20 is
2344 822 144 27 particularly

1904 841 73 21 called
1993 844 32 18 to.
2036 841 36 22 the
2090 842 123 28 advantage
2232 846 26 21 of
2276 847 104 28 Building
2397 849 88 27 Leases,

1904 869 72 19 which
1985 869 37 20 the
2031 869 150 27 undersigned
2189 871 19 21 is
2218 872 96 23 enabled
2323 877 22 18 to
2355 879 71 23 grant,
2434 877 35 21 vis

1903 894 57 20 from
1970 901 68 14 seven
2048 898 34 17 to-
2086 899 136 25 twenty-one
2239 906 72 20 years,
2329 902 118 27 according
2460 907 26 19 Jo

1903 922 37 18 the
1958 922 65 20 value
2043 922 25 20 of
2088 922 36 21 the
2147 923 113 29 buildings
2280 928 110 24 proposed
2413 932 21 18 to
2457 930 29 22 be

1904 946 93 22 erected.
2027 947 75 28 Apply
2112 952 23 18 to

2064 982 22 20 J.
2101 982 25 22 T.
2142 983 144 28 Wicksteed,
2298 993 26 15 or

2063 1008 35 21 W.
2114 1009 26 21 V.
2155 1010 107 28 Brewer,
2278 1013 193 25 Manners-street.

2050 1053 38 20 To
2103 1054 32 20 be
2151 1055 65 21 Sold
2236 1062 29 14 or
2279 1058 56 20 Let.

1900 1081 10 12 rr
1915 1081 30 36 P
1945 1081 26 21 W9W
1973 1081 19 32 9
2006 1082 40 21 Wo
2049 1082 56 22 °den
2116 1084 94 28 Houses,
2221 1086 261 31 ontheTinakore-road,

1909 1109 24 19 M.
1977 1109 36 20 the
2032 1110 81 21 second
2131 1118 50 15 acre
2199 1113 57 20 from
2277 1114 92 27 Captain
2385 1116 97 28 Smith's,

1920 1160 5 4 _
1944 1136 128 26 containing
2086 1136 49 22 four
2144 1145 73 15 rooms
2226 1140 46 21 and
2286 1147 14 14 a
2314 1149 97 20 passage,
2427 1144 57 21 ca'ch

1900 1161 52 21 with
1968 1161 52 22 «mc
2039 1163 65 24 roofs,
2130 1164 45 21 and
2198 1166 22 20 in
2245 1173 67 20 every
2330 1173 86 22 respect
2433 1170 51 21 well

1898 1187 101 22 finished.
2027 1189 105 22 Terms—
2133 1190 24 22 lf
2164 1191 54 27 sold,
2229 1192 60 21 £150
2300 1194 35 21 for
2341 1195 53 21 each
2399 1196 70 22 house
2475 1205 6 4 •

1898 1214 16 20 if
1928 1214 38 27 let,
1978 1215 30 21 £1
2019 1222 41 20 per
2069 1216 61 22 week
2138 1217 35 22 for
2183 1218 55 21 each
2246 1220 79 21 house.
2352 1222 75 27 Apply
2437 1226 22 18 to

1923 1274 27 9 „,
1964 1274 23 9 „.
2074 1276 22 7 „
2285 1253 76 23 James
2375 1254 78 24 Watt.

1923 1274 142 28 Wellington,
2074 1276 58 22 Nov.
2142 1277 33 27 27,
2185 1279 59 21 1841.

2087 1321 76 21 Land
2174 1322 42 21 for
2227 1324 65 21 sale.

1900 1352 91 37 rpHE
2009 1352 89 23 TOWN
2116 1355 82 22 ACRE
2214 1357 122 23 numbered
2353 1361 25 19 93
2396 1367 29 15 on
2443 1361 37 22 the

1906 1379 30 21 X
1960 1380 237 26 Surveyor-General's
2210 1391 58 20 map,
2280 1385 45 21 and
2335 1385 37 23 the
2386 1391 95 22 country

1898 1408 85 19 section
1992 1408 123 21 numbered
2123 1409 33 27 27,
2165 1416 29 14 on
2202 1410 37 22 the
2249 1411 93 22 Porirua
2347 1413 64 22 Road
2417 1422 5 19 ;
2434 1415 46 21 also

1900 1432 36 22 the
1947 1436 57 18 town
2016 1441 49 14 acre
2082 1436 122 22 numbered
2209 1438 45 21 .383
2271 1445 29 14 on
2310 1439 38 21 the
2357 1447 58 20 map,
2427 1441 53 22 with

1900 1459 37 21 the
1947 1463 93 24 country
2051 1462 82 21 section
2142 1463 24 20 in
2177 1463 38 21 the
2225 1464 64 22 order
2299 1463 26 23 of
2336 1466 76 22 choice
2420 1469 49 20 434.

2217 1490 84 23 Henry
2314 1493 30 21 St.
2356 1493 68 22 Hill.

1918 1531 85 20 Town
2018 1533 54 20 and
2088 1534 120 27 Country
2222 1537 77 20 Land
2314 1538 28 19 to
2358 1538 32 20 be
2405 1539 57 20 Let.

1901 1563 165 48 SECTIONS
2082 1566 45 21 and
2141 1568 99 24 portions
2257 1569 25 21 of
2296 1570 100 22 Sections
2412 1571 22 21 in
2449 1571 31 22 all

1968 1596 61 21 parts
2046 1592 24 21 of
2085 1593 37 21 the
2140 1590 69 26 Town
2227 1595 26 21 of
2269 1596 143 28 Wellington,
2432 1598 46 22 also

1899 1618 97 26 Country
2006 1618 100 23 Sections
2120 1620 23 21 in
2154 1620 37 22 the
2208 1621 94 23 districts
2320 1624 25 20 of
2358 1624 36 22 the
2412 1625 64 27 Hutt,

1898 1643 37 21 the
1949 1644 83 27 Kaiori,
2044 1646 37 21 the
2091 1646 75 28 Ohiro,
2180 1648 43 21 and
2236 1648 38 22 the
2288 1650 96 22 Porirua.
2414 1651 65 28 Long

1897 1670 69 21 leases
1977 1671 25 20 of
2008 1671 38 22 the
2063 1676 92 24 country
2165 1674 53 22 land
2234 1675 45 22 will
2295 1676 28 22 be
2337 1678 93 26 granted
2448 1686 29 14 on

1895 1697 130 22 reasonable
2037 1702 73 19 terms.
2138 1700 44 22 For
2191 1702 130 26 particulars
2330 1704 65 27 apply
2406 1708 22 18 to
2443 1719 7 4 -

1923 1730 96 22 Hanson
2031 1733 45 21 and
2090 1733 114 28 Alzdorf,
2214 1735 199 29 Thorndon-quay,
2422 1745 24 14 or
2454 1741 23 19 to

1923 1764 93 22 Robert
2027 1766 92 28 Stokes,
2130 1767 64 22 Land
2209 1769 110 27 Surveyor
2335 1771 43 21 and
2392 1772 83 28 Agent,

2056 1814 2 4 ,
2078 1794 214 24 Woolcomb-street.

2116 1839 52 20 For
2184 1840 67 25 Sale,

1910 1869 18 22 A
1956 1869 161 24 PORTABLE
2131 1872 102 23 FORGE
2243 1875 116 27 complete,
2371 1876 50 22 with
2431 1877 47 21 bel-

1894 1896 52 21 CX
1964 1897 54 22 lows
2025 1897 45 22 and
2080 1898 55 22 tools
2142 1907 5 18 ;
2158 1906 39 20 say
2208 1900 67 28 anvil,
2285 1901 117 29 hammers,
2413 1908 63 22 seats,

1893 1923 106 27 punches,
2011 1927 70 24 tongs,
2098 1925 61 27 rake,
2170 1927 83 27 shovel,
2269 1928 95 26 pirsers,
2377 1934 38 20 top
2432 1931 46 21 and

1894 1950 85 21 bottom
1989 1951 63 26 tools,
2064 1952 39 21 &c.
2113 1952 39 22 &c.

1895 2002 18 4 ..
1914 2002 8 10 r
1936 2002 23 10 „.
2010 1999 3 7 ,
2053 1999 4 3 -
2118 2000 5 3 -
2219 1980 81 23 Waitt
2312 1982 45 22 and
2366 1983 82 23 Tyser.

1896 2004 142 26 Wellington,
2049 2005 51 21 Jan.
2111 2007 20 24 6,
2142 2008 60 20 1842.

1970 2049 115 20 London
2100 2050 165 26 Newspaper
2278 2053 121 26 Agency.

1901 2081 128 36 JOSEPH
2051 2082 150 28 CLAYTON,
2220 2085 98 23 General
2342 2088 135 29 Newspaper

1893 2108 25 20 O
1957 2109 43 20 and
2017 2109 144 28 Advertising
2174 2111 82 27 Agent,
2276 2114 114 25 publisher
2399 2117 26 21 of
2437 2117 38 22 the

1893 2136 111 25 Spectator
2027 2136 44 21 and
2097 2137 90 21 Colonial
2210 2139 90 27 Gazette,
2325 2142 41 21 320
2385 2143 81 22 Strand

1892 2162 102 27 London,
2011 2163 142 27 respectfully
2171 2165 94 22 informs
2281 2167 38 22 the
2337 2173 80 23 gentry
2431 2172 45 20 and

1891 2189 137 21 inhabitants
2052 2191 25 20 of
2105 2190 52 22 Port
2175 2191 130 29 Nicholson,
2330 2195 136 27 Wellington

1891 2215 54 22 Port
1954 2215 91 27 Nelson,
2053 2217 45 21 and
2104 2217 27 21 all
2142 2221 59 23 parts
2209 2219 25 21 of
2245 2220 55 21 New
2310 2220 107 30 Zealand,
2428 2224 49 22 that

1891 2242 28 22 he
1929 2243 106 21 forwards
2044 2243 37 22 the
2092 2245 116 27 Spectator,
2226 2246 93 22 Colonial
2328 2250 85 21 Gazette
2430 2252 44 21 and

1891 2269 30 21 all
1931 2269 63 22 other
2003 2269 94 23 London
2107 2279 77 20 papers
2197 2274 112 27 regularly
2319 2279 22 18 to
2354 2277 55 22 New
2418 2278 57 22 Zea-

1890 2296 61 27 land,
1963 2296 70 22 either
2043 2297 94 28 through
2147 2299 37 21 the
2201 2300 132 28 Post-office,
2351 2311 24 14 or
2389 2304 31 28 by
2436 2305 38 22 the

1890 2323 56 21 New
1960 2323 100 21 Zealand
2075 2325 133 27 Company's
2222 2327 73 27 ships:
2297 2340 28 4 —
2325 2330 109 27 Payment
2450 2332 24 22 in

1891 2350 105 26 advance,
2006 2357 25 14 or
2041 2358 14 14 a
2064 2351 111 22 reference
2182 2352 23 22 in
2216 2353 94 24 London
2321 2361 58 18 must
2385 2365 89 15 accom-

1891 2384 59 19 pany
1956 2377 36 21 the
2004 2377 70 22 order.
2103 2379 192 25 Advertisements
2301 2383 98 23 inserted
2405 2385 24 21 in
2436 2386 36 21 the

1891 2403 93 23 London
1992 2404 143 28 Newspapers
2141 2406 20 21 &
2169 2406 139 25 Periodicals.
2339 2410 133 24 Gentlemen

1891 2431 103 26 ordering
2004 2431 143 28 Newspapers
2158 2440 37 15 are
2204 2436 143 28 respectfully
2356 2439 117 26 requested

1890 2460 22 18 to
1923 2460 55 19 state
1987 2457 100 22 whether
2102 2459 49 26 they
2162 2460 72 26 prefer
2248 2462 83 28 having
2345 2463 63 23 them
2415 2465 57 22 thro'

1892 2484 36 21 the
1939 2485 52 21 Post
2001 2485 74 26 Office,
2088 2492 23 14 or
2121 2485 27 28 by
2159 2486 37 22 the
2207 2487 134 29 Company's
2352 2490 65 28 ships.
2439 2507 3 4 .

1918 2511 86 21 Letters
2021 2511 117 22 addressed
2157 2517 23 17 to
2198 2514 37 21 the
2255 2516 117 23 Publisher
2390 2518 26 21 of
2434 2518 38 22 the

1890 2539 51 19 New
1956 2539 92 20 Zealand
2065 2539 91 27 Gazette,
2174 2540 144 30 Wellington,
2335 2544 44 21 will
2397 2545 28 21 be
2438 2549 33 18 at-

1889 2565 81 22 tended
1982 2569 28 17 to.

1915 2592 114 27 February
2039 2594 33 25 11,
2083 2594 59 21 1842.

1982 2639 91 20 Union
2088 2640 78 20 Bank
2180 2641 30 21 of
2226 2643 150 21 Australia.

1888 2670 95 23 Lonuon
2001 2672 92 27 Office,
2109 2673 43 22 No.
2166 2675 37 26 38,
2220 2675 51 22 Old
2286 2676 185 24 Broad-street.

1942 2704 93 28 Capital,
2045 2706 119 28 £800,000;
2185 2708 53 26 paid
2246 2716 37 20 up,
2298 2710 119 28 £500,000.
2436 2720 5 19 ;

2119 2744 109 14 DIRECTORS
2233 2747 5 12 :

1992 2767 68 20 George
2067 2767 38 17 Fife
2112 2768 66 21 Angas,
2186 2770 50 20 Esq.,

1991 2787 69 17 Robert
2066 2788 73 20 Brooks,
2149 2790 48 20 Esq.,

1991 2808 61 17 James
2060 2809 47 16 John
2115 2810 98 20 Cummins,
2221 2812 49 19 Esq.,

1991 2829 68 16 Robert
2065 2830 95 20 Gardener,
2171 2831 49 21 Esq.,
2231 2832 123 22 Manchester,

1990 2850 48 16 John
2047 2851 45 16 Gore
2108 2851 46 20 Esq.,

1990 2870 48 17 John
2046 2871 78 17 William
2131 2872 73 19 Buckle,
2210 2873 48 21 Esq.,

1989 2891 97 20 Benjamin
2092 2892 20 16 E.
2119 2892 63 20 Lirnlo,
2189 2894 48 19 Esq.,

1990 2912 73 16 Charles
2071 2913 73 16 Edward
2151 2913 87 21 Mangles,
2247 2914 49 21 Esq.,

1989 2932 115 21 Christopher
2111 2934 81 19 Rawson,
2201 2934 48 20 Esq.,
2261 2936 81 21 Halifax,

1989 2953 78 16 Thomas
2074 2954 62 20 Sands,
2144 2954 48 20 Esq.,
2199 2954 100 22 Liverpool,

1988 2973 62 17 James
2057 2974 55 20 Bogle
2119 2974 63 20 Smith,
2188 2975 49 21 Esq.,

1988 2994 61 16 James
2057 2994 78 18 Ruddell
2141 2996 55 19 Xodd,
2204 2996 43 21 Esq.

1884 3022 84 16 Trustees
1974 3026 5 12 :
1994 3022 80 16 George
2086 3022 55 17 Carr
2152 3024 61 19 Giyn,
2224 3024 50 21 Esq.,
2283 3026 54 17 Joiin
2349 3028 61 20 Gore,
2418 3029 35 19 Esq

2029 3043 36 16 and
2071 3043 66 17 James
2144 3044 17 17 J.
2168 3045 101 21 Cummins,
2278 3047 43 21 Esq.
2394 3048 3 6 '

1910 3069 91 17 Banters:
2013 3069 75 17 Messrs.
2095 3070 59 20 Giyn,
2166 3071 114 23 Hamipax,
2288 3074 71 21 Mills,
2367 3077 36 17 and
2409 3078 30 17 Co.

2002 3097 100 21 Secretary:
2114 3098 82 18 Samuel
2202 3100 95 21 Jackson,
2304 3103 44 20 Esq.

1973 3124 80 17 Colonial
2059 3125 93 21 Inspector
2156 3132 4 11 :
2172 3127 18 16 J.
2198 3127 18 17 C.
2222 3128 104 23 M'Laren,
2333 3131 44 21 Esq.
2405 3130 3 3 '

2003 3173 68 20 New
2089 3174 122 22 Zealand
2229 3177 116 22 Branch.

1881 3205 54 17 local
1941 3205 102 17 Directors:
2058 3206 47 16 Geo.
2116 3207 17 17 S.
2144 3208 73 19 Evans,
2229 3210 50 21 Esq.,
2290 3211 70 21 D.C.L.,
2372 3215 36 16 and
2419 3215 40 17 Geo

2101 3228 90 20 Hbnier,
2203 3231 43 20 Esq.

1869 3271 3 4 .
1881 3253 96 21 Manager:
1987 3254 49 16 John
2044 3254 71 21 Smith,
2123 3255 48 21 Esq.,
2180 3257 36 16 late
2222 3258 21 16 of
2251 3259 31 16 the
2290 3259 116 19 Commercial
2413 3262 52 18 Bank

2048 3275 21 17 of
2076 3275 88 22 England,
2177 3278 121 19 Manchester.
2309 3286 3 3 •

1989 3302 115 24 Branches
2114 3308 23 19 at
2151 3305 98 29 Sydney,

2142 3355 2 4 •
2151 3339 181 31 HobartTown/

2151 3373 9 22 1
2168 3378 132 24 .aunceston,
2310 3376 46 22 and
2392 3395 4 3 .
2403 3395 5 4 .

2136 3421 2 3 ■
2151 3407 10 21 I
2170 3410 34 18 ort
2213 3407 80 29 Philip.
2324 3423 5 3 -

1879 3437 53 22 Port
1941 3437 130 29 Nicholson,
2081 3440 80 22 March
2171 3442 39 25 24y
2217 3442 61 22 1840.
2322 3442 48 15 ''-

1879 3490 91 37 rpHE
1986 3492 115 23 Directors
2117 3493 25 21 of
2156 3493 40 22 the
2212 3494 57 22 New
2283 3496 101 24 Zealand
2398 3499 65 23 Land

1886 3516 29 23 X
1953 3518 116 28 Company
2083 3520 80 27 hereby
2181 3521 50 26 give
2248 3523 82 26 notice,
2347 3525 48 22 that
2409 3527 53 26 they

1877 3544 57 22 have
1941 3551 119 16 effected'
2064 3553 29 14 an
2104 3554 170 16 arrangement
2281 3550 53 22 with
2342 3551 36 22 the
2386 3552 76 24 Union

1877 3570 65 23 Bank
1956 3572 26 22 of
1997 3573 119 27 Australia,
2133 3573 44 22 No.
2193 3575 33 27 38,
2242 3575 44 22 Old
2302 3577 151 26 Broad-street

1876 3598 103 28 London,
1989 3599 35 22 for
2033 3599 37 22 the
2083 3600 167 23 establishment
2263 3602 27 22 of
2302 3610 14 14 a
2331 3604 131 23 BRANCH

1876 3624 89 23 BANK
1980 3626 34 21 IN
2029 3626 71 21 NEW
2113 3626 157 30 ZEALAND,
2283 3629 96 30 through
2389 3633 73 24 which

1877 3650 37 23 the
1922 3652 103 22 business
2037 3652 27 22 of
2074 3652 38 23 the
2201 3654 106 23 Zealand'
2314 3657 64 23 Land
2396 3660 66 23 Com-

1876 3685 60 20 pany
1944 3678 45 22 will
1997 3679 33 24 be,
2034 3678 143 25 transacted!'.
2185 3678 61 25 .The.
2251 3682 123 24 .Directors
2387 3686 74 23 there-

1876 3704 46 22 fore
1931 3706 144 21 recommend
2084 3709 23 19 to
2124 3706 108 23 Colonists
2238 3706 140 28 'the^Uriron
2395 3713 66 24 Bank

1876 3731 26 21 of
1919 3732 114 21 Australia
2050 3739 24 15 as
2092 3740 28 15 an
2145 3734 174 24 establishment
2325 3741 137 24 -possessing

1875 3757 56 22 their
1949 3758 69 22 entire
2041 3760 134 26 confidence,
2195 3761 46 22 and
2250 3762 59 22 :'al>le
2369 3768 91 25 provide

1875 3784 124 27 effectually
2015 3784 35 23 for
2065 3786 37 21 the
2116 3786 104 23 financial
2233 3793 72 19 -wants
2323 3791 26 22 of
2359 3795 39 20 tne'
2412 3795 46 22 first

1874 3811 133 22 settlement.
2218 3817 6 18 ',
2239 3819 4 5 '
2251 3823 5 3 -
2298 3826 5 6 •
2326 3825 31 12 *.„
2366 3835 3 3 p
2373 3826 3 4 .
2396 3820 30 20 .'\

2040 3838 34 27 By
2084 3838 65 23 order
2157 3840 28 21 of
2194 3840 37 23 the
2241 3842 81 30 Board,
2347 3856 4 5 >

2116 3872 85 23 JOHN
2215 3875 104 29 WARD,
2335 3879 122 31 Secretary.

1873 3903 55 22 New
1938 3904 100 21 Zealand
2047 3904 64 23 Land
2121 3906 134 32 Company's
2265 3911 77 28 Office,

1900 3939 19 26 1,
1930 3938 160 29 Adam-street,
2100 3940 103 29 Adelphi,
2214 3942 53 24 27th
2276 3943 60 29 Aug.
2356 3946 59 24 1839,

115 692 170 26 Wellington
299 691 55 21 and
367 690 106 20 Kelson
486 690 111 21 Packet.

91 733 80 24 -sf%-*
218 726 90 22 riIHE
330 725 139 27 Wellington
494 726 46 21 and
561 725 85 23 Nelson

99 749 96 31 jMtSSL.
225 748 29 27 X
298 752 79 29 packet
393 753 117 25 Pickwick,
530 752 58 28 daily
609 760 38 15 ex-

52 797 2 4 .
230 779 85 32 Pfcted,
326 780 44 21 will
385 783 60 18 meet
454 780 53 22 with
519 779 127 22 immediate

69 801 149 40 <2jrajJyt£
230 806 101 27 dispatch
348 806 36 22 for
399 806 92 22 Nelson.
522 806 74 22 Goods
611 807 35 21 in-

67 828 151 38 fl^^^^Sa
230 832 82 23 tended
334 835 24 20 to
379 833 30 22 be
437 833 94 28 shipped
555 833 31 27 by
608 833 38 22 the

226 860 106 20 Pickwick
340 859 46 22 will
439 860 75 22 stored
521 860 53 22 free.
601 860 45 21 For

51 889 3 4 *
61 886 85 28 freight
155 894 25 15 or
188 893 99 21 passage,
296 886 67 28 apply
371 889 23 19 to
536 898 4 3 ■
564 898 4 4 •

318 919 36 22 W.
369 919 27 22 B.
411 920 95 22 Rhodes
520 919 45 22 and
579 920 38 22 Go.

89 946 146 28 Wellington,
245 947 113 27 February
366 948 20 25 4,
395 947 61 21 1842.

143 997 5 4 -
162 992 53 21 For
228 991 104 22 Nelson
345 991 96 20 Haven
456 990 93 25 direct,

66 1025 29 20 To
103 1026 42 19 sail
153 1026 28 20 in?
190 1032 13 13 a
211 1025 47 26 few
272 1025 57 25 days,
340 1025 74 25 having
426 1026 54 24 patt
495 1025 27 24 of
531 1025 36 19 her
583 1031 61 19 cargo

164 1048 5 10 '
304 1052 95 25 engaged,

100 1082 72 32 ■kJS§s!
228 1088 111 33 tpHAT
353 1088 46 22 fine
414 1088 50 21 fast
479 1088 80 27 sailing
577 1088 64 28 Al,

89 1110 115 39 -jjga^gv
223 1110 39 26 -JL
286 1115 124 31 brigantine
427 1116 118 26 Vanguard,
555 1116 26 20 61
594 1119 49 18 tons

77 1142 142 33 •AJmJIfJhI
238 1149 14 20 P
254 1149 24 14 er
286 1149 24 14 re
311 1142 22 26 &i
334 1144 19 19 s^
355 1149 23 14 er
378 1157 7 10 »
394 1142 62 21 John
469 1143 100 26 Murray,
581 1149 61 15 com-

48 1187 3 8 ,
63 1171 160 30 ffflEJjSjr*Z.
237 1168 69 22 man^
308 1175 23 15 er
336 1176 7 20 J
363 1175 22 15 n{
385 1175 7 15 *
393 1175 10 15 s
416 1169 59 27 good
490 1168 153 22 accommoda-

63 1190 160 32 Si*S*t^sfrlj^
238 1195 47 21 tion
294 1195 34 21 for
334 1202 138 20 passengers.
500 1194 142 29 Application

233 1221 80 22 should
334 1222 28 21 be
390 1222 67 22 made
483 1222 159 27 immediately.

58 1248 45 22 For
113 1248 83 28 freight
204 1248 45 22 and
257 1255 99 21 passage,
368 1248 67 28 apply
446 1253 22 17 to

228 1281 122 26 Wallace,
361 1281 92 27 White,
464 1282 44 21 and
518 1282 122 22 Wallace.

202 1327 52 20 For
267 1326 104 21 Nelson
388 1325 103 22 Haven.

100 1364 39 20 *JS
146 1356 26 31 §T
230 1361 90 33 npHE
330 1361 44 22 fine
384 1362 43 21 fast
436 1363 81 26 sailing
531 1363 109 22 schooner

90 1384 131 39 W^
303 1389 55 19 Kate
358 1404 6 11 t
384 1389 93 27 Captain
487 1389 150 28 Macfarlane;

87 1411 124 34 ltJuK^wp
242 1415 40 21 ias
299 1422 54 20 very
362 1416 106 27 .superior
486 1417 153 21 accommoda-

64 1458 12 18 (
76 1447 64 29 gg
146 1437 78 39 gfrff?^
239 1442 50 24 ,tion
299 1441 35 22 for
343 1450 137 19 passengers.
509 1443 43 22 For
559 1443 81 27 freight

244 1476 24 14 or
277 1476 98 20 Passage,
386 1469 68 27 apply
463 1472 23 18 to

334 1495 54 22 xJay
403 1496 46 21 and
463 1496 148 22 Machattie.

204 1539 52 21 For
270 1540 104 21 Nelson
387 1540 106 26 Haven,

56 1573 109 26 Expected
172 1573 49 20 here
229 1573 22 19 in
263 1580 14 13 a
285 1573 46 25 few
340 1573 57 26 days,
407 1574 43 20 and
465 1575 20 19 to
500 1575 40 19 sail
541 1575 42 26 for
592 1575 47 21 that

168 1600 56 20 Port
233 1600 22 20 in
264 1601 44 26 Jive
317 1601 52 26 days
376 1602 58 25 after
444 1603 85 24 arrival,

215 1639 91 23 HPHE
324 1639 50 22 well
391 1640 83 22 known
494 1641 44 22 fast
559 1641 80 28 sailing

79 1664 111 31 .Mg^gwi
221 1674 29 13 -■-
288 1666 109 22 schooner
406 1668 55 25 Gem,
473 1667 63 27 Capt.
544 1668 91 27 Pearce;

44 1705 4 4 •
58 1690 149 37 *KW£!z2&
228 1698 38 16 °as
277 1700 13 14 a
306 1693 60 26 large
375 1694 88 27 portion
479 1694 26 21 of
518 1694 39 22 her
572 1702 65 20 cargo

54 1716 159 38 MJg§jjjllß|-
226 1718 89 28 already
327 1719 106 28 engaged,
441 1721 49 21 .and
496 1737 4 4 .
505 1721 44 22 will
563 1721 75 22 there-

225 1745 47 21 fore
282 1745 56 22 have
350 1747 113 27 despatch.

251 1771 55 23 This
316 1773 65 21 offers
397 1780 14 14 a
419 1773 59 26 good
496 1775 141 26 opportunity

53 1797 36 21 for
98 1797 99 28 shippers
207 1798 26 22 of
246 1798 68 27 stock,
325 1799 48 21 Who
385 1799 43 22 will
437 1800 58 22 have
505 1801 38 21 the
553 1801 84 21 benefit

55 1824 27 20 of
93 1824 37 22 the
147 1825 112 28 Captain's
268 1826 131 27 experience
412 1827 25 21 in
455 1827 48 22 that
517 1828 83 22 branch
614 1829 27 21 of

51 1850 72 22 trade.
153 1852 43 22 For
205 1851 82 28 freight
297 1859 25 15 or
330 1860 98 20 passage,
442 1854 67 27 apply
519 1857 22 19 to

42 1902 3 5 .
408 1886 89 22 Willis
512 1887 43 22 and
570 1888 38 21 Co.

52 1928 53 21 For
124 1930 105 20 Nelson
247 1930 94 21 Haven
356 1931 20 19 &
395 1931 69 20 New
480 1931 155 25 Plymouth,

53 1963 29 19 To
95 1963 42 19 sail
155 1963 22 19 in
195 1970 12 13 a
221 1963 46 25 few
286 1963 50 25 days
352 1964 57 25 after
428 1965 39 19 her
483 1965 80 20 arrival
573 1965 62 25 from

91 2006 8 9 „
138 2002 4 3 •
283 1991 117 24 Auckland,

203 2021 90 23 fTIHE
306 2022 48 21 -fine
358 2022 54 22 -fast-
416 2024 81 28 sailing
510 2024 124 26 brigantine

72 2046 109 35 JE[j*_k
209 2046 30 23 JL
262 2050 152 25 Mercrombie,
426 2050 62 27 Capt.
499 2051 30 21 A.
543 2051 89 27 Devlin,

216 2074 44 23 will
273 2076 29 21 be
316 2076 46 22 laid
371 2084 29 14 on
409 2077 36 22 for
454 2077 85 22 Nelson
549 2078 20 21 &
578 2078 56 22 New

49 2099 150 37 |*igg_E|Bg
216 2100 118 29 Plymouth
359 2111 29 14 on
413 2104 42 21 her
477 2107 75 19 return
575 2104 59 22 from

49 2126 147 30 V______ESr
214 2128 126 23 Auckland.
370 2130 44 22 She
423 2130 42 22 has
473 2138 54 20 very
537 2132 99 26 superior

211 2156 192 22 accommodation
432 2157 36 22 for
497 2165 135 20 passengers,

49 2181 45 23 and
101 2182 45 22 will
155 2182 64 24 have,
222 2182 127 23 immediate
359 2184 114 27 despatch.
500 2185 45 23 For
552 2184 82 28 freight

50 2215 25 15 or
89 2216 99 21 passage,
200 2209 65 28 apply
274 2213 24 18 to

288 2236 76 28 Hort,
374 2237 122 27 Mocatta,
513 2238 43 21 and
567 2238 38 22 Co.

76 2262 101 27 January
190 2263 34 26 14,
234 2264 61 20 1842.

93 2307 54 20 For
161 2307 154 25 Auckland,
331 2307 45 21 via
390 2309 120 26 Poverty
524 2309 64 27 Bay,

168 2340 31 20 To
207 2341 41 20 sail
256 2346 27 15 on
293 2342 34 19 the
337 2342 51 21 16th
397 2343 116 26 February,

59 2373 107 40 -^jSq^-i
202 2377 89 22 THHE
309 2379 45 22 fine
371 2387 50 15 new
440 2380 108 23 schooner
562 2382 70 20 Sarah

74 2401 114 38 JfiErfffc
212 2401 25 25 A
272 2406 106 27 Maxwell,
390 2414 30 14 on
428 2406 42 23 her
478 2407 48 22 first
539 2415 91 21 voyage,

53 2429 149 38 'TflftSEgp
245 2433 27 20 50
283 2435 50 21 tons
343 2433 103 27 burthen,
457 2434 44 22 will
511 2434 29 22 be
547 2434 46 23 laid
602 2443 28 14 on

50 2456 152 37 _Es___!g_§i
217 2464 24 15 as
270 2466 14 14 a
310 2460 89 27 regular
424 2460 83 27 packet
531 2462 101 22 between

50 2483 152 30 VH_^
219 2484 117 23 Auckland
353 2486 46 22 and
416 2487 151 28 Wellington;
592 2488 40 22 has

221 2512 109 23 excellent
359 2514 202 23 accommodations
597 2516 35 21 for

49 2542 139 23 passengers,
197 2537 84 28 having
289 2537 56 24 been
355 2540 64 22 fitted
432 2548 31 19 up
473 2541 111 28 expressly
592 2542 40 22 Tor

50 2563 39 21 the
105 2563 70 23 above
192 2572 102 20 purpose.
328 2566 44 23 For
388 2567 84 27 freight
489 2575 26 14 or
533 2575 97 19 passage,

51 2589 69 28 apply
126 2593 24 19 to

305 2619 35 24 W.
355 2620 26 21 B.
395 2620 95 23 Rhodes
505 2621 44 22 and
564 2622 38 22 Co.

270 2664 55 21 For
338 2664 70 26 Sale,

65 2688 83 42 __ftS_
178 2695 21 26 A
224 2695 74 23 FINE
306 2696 44 23 fast
356 2697 80 28 sailing
441 2697 114 29 schooner,
562 2700 69 22 about

57 2720 157 36 .jßMtemXl.
241 2723 27 23 70
284 2726 50 20 tons
348 2723 105 28 burthen,
473 2727 109 26 coppered
595 2727 35 21 for

48 2746 112 36 _gljß_|_fc
176 2755 43 15 nve
228 2756 71 21 years,
313 2750 44 22 and
367 2758 82 20 copper
456 2751 102 23 fastened
564 2760 6 20 ;
585 2753 45 22 this

48 2774 111 24 '"tftflH**
175 2775 72 22 vessel
255 2775 20 22 is
284 2777 79 26 nearly
372 2784 57 19 new,
438 2777 45 22 and
492 2779 51 21 well
551 2779 77 22 found.

173 2800 45 24 For
226 2801 86 23 further
318 2803 139 28 particulars,
468 2804 67 28 apply
544 2808 22 19 to

45 2837 4 3 '
73 2859 30 3 _
115 2859 25 7 „.
364 2836 83 23 Waitt
460 2837 46 22 and
519 2838 81 24 TySer.

73 2859 146 29 Wellington,
227 2861 100 29 January
336 2864 33 26 13,
378 2864 62 21 1842.

205 2906 40 21 To
254 2906 33 21 be
298 2907 49 21 Let
362 2913 30 15 or
401 2908 74 26 Sold,
480 2920 6 3 -

65 2931 94 46 ,ajß&^
214 2941 19 22 A
268 2942 178 24 BEAUTIFUL
462 2947 72 21 cutter
547 2946 81 28 jigged

66 2968 100 27 _BPffa»
197 2972 52 17 XJL
261 2968 54 22 boat
332 2970 27 21 of
372 2970 68 22 about
455 2970 34 23 six
502 2970 59 31 'tons,
581 2974 50 22 half

51 2992 117 32 JHESnf
172 3007 2 3 ■
211 2993 92 29 decked,
311 3003 80 21 copper
394 2996 111 30 fastened,'
508 3000 52 21 with
567 3000 59 28 sails,

211 3020 94 28 rigging,
315 3022 45 22 and
370 3023 131 29 everything
510 3027 115 27 complete.

211 3047 43 22 She
263 3054 20 15 is
299 3048 50 22 well
358 3049 96 27 adapted
468 3051 35 22 for
513 3052 47 23 -this
567 3053 60 22 -har-

47 3075 61 24 bour,
119 3072 47 22 and
172 3080 20 15 is
201 3073 86 28 worthy
286 3092 7 6 v
295 3074 38 26 she
341 3076 110 23 attention
463 3078 26 21 of
498 3076 129 30 gerifleinen

44 3104 69 21 going
125 3102 25 19 to
163 3099 38 22 the
211 3107 55 18 .new
272 3101 135 24 'settlement
422 3104 27 21 of
463 3103 92 26 Nelson;
582 3106 45 22 For

45 3126 137 27 particulars,
192 3127 67 28 apply
267 3130 25 19 to
311 3146 4 4 .

72 3177 19 4 _
120 3179 9 9 ,
179 3179 19 5 _
418 3156 23 22 J.
456 3156 31 23 M.
498 3157 99 26 Taylor.
634 3169 2 13 ■

72 3177 32 23 Te
112 3179 57 28 Aro,
179 3179 55 23 Dec.
244 3182 35 26 20,
288 3182 60 22 1841.
530 3202 4 5 t
557 3198 3 6 .
632 3184 4 26 ;

223 3226 26 21 A
261 3226 72 22 Boat
345 3228 30 20 to
387 3228 61 25 Let,

71 3255 75 39 ljssj&K
292 3267 12 15 c
380 3268 25 15 or
423 3261 69 28 week,
501 3262 57 23 .with
566 3264 61 22 -sails
630 3265 4 22 .'

61 3288 94 32 mSj&i
241 3286 20 22 if
273 3287 112 28 required,
407 3295 56 25 very
478 3288 98 30 jsuitable
591 3290 44 24 for.

43 3312 135 31 mgg&Sßßm
193 3312 93 29 landing
294 3321 75 20 cargo.
395 3315 78 28 Apply
481 3318 24 19 to
545 3330 3 5 .

337 3348 161 25 .Alexander
512 3349 85 24 Perry,
631 3356 4 19 f

196 3412 6 10 ,
230 3393 66 26 CoaJ
306 3393 128 28 /Mining.

43 3421 104 48 ANY;
159 3423 101 24 PARTY
284 3426 93 28 wishing
398 3429 24 20 to
440 3435 86 20 engage
543 3429 31 23 hr
585 3429 38 23 the

120 3455 87 22 naming
225 3451 45 23 and
287 3453 49 22 coal
353 3454 69 28 trade,
440 3461 53 21 may
511 3455 56 23 have
585 3456 49 23 the.

42 3481 96 17 seryices
147 3476 25 21 of
178 3483 14 15 a
199 3484 80 20 person
285 3479 48 27 just
341 3480 87 22 arrived
438 3484 24 18 at
472 3482 94 29 Sydney,
576 3483 47 22 and

42 3502 50 20 who
105 3501 41 22 has
155 3502 56 23 been
222 3511 13 14 a
244 3505 71 22 miner
324 3506 45 22 and
381 3507 49 22 coal
444 3509 122 28 merchant,
576 3510 47 22 and

41 3529 51 20 who
99 3534 20 15 is
127 3529 134 29 thoroughly
265 3533 135 26 acquainted
408 3534 55 22 with
473 3535 37 22 the
520 3536 101 23 business

40 3556 65 25 ma|l
112 3557 30 19 its
147 3556 95 23 .details..
263 3556 38 23 He
313 3558 19 22 is
345 3560 84 28 willing
437 3564 24 19 to
471 3569 83 21 engage
570 3567 24 18 at
607 3571 14 15 a

38 3581 81 27 salary,
133 3588 26 14 or
174 3584 23 19 to
211 3583 92 29 receive,
313 3592 14 14 a
340 3586 64 23 share
421 3587 25 22 in
461 3588 39 22 the
517 3596 102 16 concern.

41 3607 76 27 Apply
126 3610 24 19 to
160 3607 36 22 the
206 3608 78 23 Editor
289 3611 27 21 of
322 3611 44 22 this
374 3612 79 28 Paper.

230 3653 24 21 J.
269 3654 39 21 M.
322 3656 108 27 Taylor,

113 3685 278 26 CUSTOM-HOUSE
418 3691 142 27 AQE^NT.'

38 3718 114 28 Courtney
160 3718 72 27 Place,
244 3720 31 21 Te
284 3720 54 23 Aro.
626 3716 4 35 |

82 3763 121 21 Suitable
218 3764 40 22 for
272 3765 45 20 the
332 3770 110 21 present
455 3770 107 23 Season.

37 3792 89 48 THE
152 3793 114 28 improved
290 3795 85 22 seidlitz
398 3799 107 29 ppwders,
527 3801 24 23 in
573 3790 55 35 one'

107 3821 78 26 bottle,
195 3821 54 22 with
254 3827 80 22 pr.oper
344 3821 125 26 directions.

81 3844 48 23 The
135 3846 143 27 effervescirtg
284 3847 117 24 lemonade
407 3852 108 28 powders,
521 3854 97 27 forming

35 3877 30 16 an.
73 3873 115 26 agreeable
197 3874 45 22 and
252 3875 122 22 efficacious
385 3877 88 27 cooling
479 3879 115 29 beverage.

32 3923 8 10 v
315 3901 105 24 Johnson
435 3904 45 23 and
