2520 4020
1309 1096 29 21 At
1348 1096 35 22 the
1392 1100 89 24 request
1491 1098 26 21 of
1523 1098 38 21 the
1570 1098 106 27 prisoner,
1688 1099 89 21 Samuel
1792 1099 68 27 King,

1280 1123 58 27 Esq.,
1350 1124 47 21 J.P.
1415 1124 66 26 being
1496 1131 72 15 sworn
1586 1125 99 27 deposes,
1698 1125 10 22 I
1727 1125 56 22 have
1793 1126 69 21 heard

1279 1150 30 21 all
1321 1147 49 24 that
1383 1151 37 21 the
1436 1152 111 20 witnesses
1567 1151 55 22 have
1642 1159 72 14 sworn
1732 1156 22 17 to
1770 1159 29 14 on
1820 1153 42 21 this

1279 1176 49 21 trial
1335 1185 5 18 ;
1359 1177 11 21 I
1378 1177 70 22 heard
1457 1177 36 22 the
1502 1178 61 21 noise
1574 1185 28 14 on
1614 1178 36 21 the
1662 1179 99 21 occasion
1773 1179 89 22 alluded

1279 1207 23 16 to
1310 1211 5 18 ;
1332 1204 10 20 I
1352 1204 68 21 heard
1430 1212 13 13 a
1453 1208 63 22 great
1524 1211 45 20 gun
1580 1204 54 21 fifed
1645 1206 52 20 with
1709 1206 152 21 considerable

1279 1230 73 26 noise;
1377 1237 38 20 my
1431 1232 63 20 sister
1514 1238 43 14 was
1573 1231 92 21 startled
1684 1239 23 14 as
1724 1232 67 21 much
1810 1239 23 14 as
1849 1240 13 13 a

1278 1256 79 22 female
1369 1258 85 26 usually
1463 1257 18 22 is
1492 1265 28 13 on
1531 1258 55 21 such
1596 1258 120 26 occasions,
1728 1258 43 21 and
1782 1258 10 21 I
1805 1264 58 16 went

1280 1286 38 18 out
1328 1287 21 17 to
1359 1291 36 14 see
1405 1284 59 21 what
1479 1291 44 14 was
1533 1284 37 21 the
1582 1288 79 17 matter
1668 1293 6 18 ;
1691 1285 10 20 I
1715 1285 80 21 looked
1810 1293 52 14 over

1279 1309 38 21 the
1338 1310 62 22 fence
1419 1311 44 21 and
1483 1318 43 13 saw
1547 1318 13 13 a
1574 1312 95 20 number
1688 1312 24 20 of
1727 1312 78 26 people
1829 1319 34 14 as-

1279 1336 98 22 sembled
1393 1337 67 22 about
1469 1338 43 21 Mr.
1524 1337 141 22 Wakefield's
1676 1345 66 14 warre
1750 1347 4 17 ;
1771 1339 11 21 I
1793 1338 69 22 heard

1279 1370 61 14 some
1350 1371 42 14 one
1405 1371 38 19 say
1453 1364 47 21 that
1511 1364 102 21 Ekouroo
1623 1364 45 21 had
1679 1372 61 14 come
1751 1365 63 21 down
1825 1365 37 22 the

1278 1389 58 22 river
1344 1398 5 18 ;
1361 1390 36 22 the
1406 1390 65 28 firing
1482 1398 44 14 was
1537 1392 158 25 accompanied
1704 1392 28 26 by
1743 1399 13 14 a
1764 1392 99 21 clamour

1280 1417 25 20 of
1311 1417 83 27 voices;
1411 1418 37 21 the
1462 1418 94 21 maories
1572 1418 65 21 made
1658 1425 60 14 more
1732 1418 62 21 noise
1809 1419 53 21 than

1279 1442 37 21 the
1330 1444 66 21 white
1410 1451 104 20 persons;
1531 1444 11 21 I
1556 1448 60 17 went
1630 1448 21 17 to
1669 1445 43 21 Mr.
1724 1444 90 27 Wilson,
1826 1446 36 21 the

1281 1469 135 28 Magistrate,
1429 1471 43 21 and
1483 1471 118 26 expressed
1615 1475 64 23 great
1693 1471 169 22 dissatisfaction

1279 1500 24 16 at
1312 1497 58 20 what
1377 1504 43 15 was
1430 1498 67 26 going
1508 1505 29 14 on
1547 1501 22 17 at
1580 1498 42 21 Mr.
1633 1497 142 22 Waketield's
1785 1506 75 19 warre,

1281 1523 43 21 and
1334 1523 97 22 whether
1441 1532 30 13 we
1483 1524 66 21 could
1559 1528 40 17 ;iot
1608 1528 38 22 put
1655 1532 12 13 a
1678 1531 48 20 stop
1737 1528 22 17 to
1768 1524 24 22 it.
1818 1526 44 21 Mr.

1281 1549 83 21 Wilson
1375 1550 53 27 said,
1446 1551 28 21 he
1491 1551 96 26 thought
1596 1552 17 20 it
1631 1558 43 14 was
1691 1552 44 21 Mr.
1747 1552 115 21 Dawson's

1281 1575 59 28 duty,
1348 1577 66 26 being
1422 1577 36 22 the
1467 1578 73 21 Police
1550 1578 136 26 Magistrate,
1695 1578 44 21 and
1747 1579 116 25 suggested

1281 1602 47 22 that
1343 1603 36 22 the
1390 1604 70 21 better
1473 1604 53 27 plan
1541 1604 73 22 would
1624 1604 26 21 be
1665 1604 34 21 for
1713 1605 41 20 Mr.
1765 1605 97 22 Dawson

1281 1632 22 18 to
1323 1630 59 21 write
1401 1637 14 14 a
1427 1634 52 18 note
1495 1634 22 18 to
1534 1632 43 21 Mr.
1594 1631 123 21 Wnkefield
1733 1631 34 21 for
1781 1632 29 20 its
1820 1632 43 21 dis-

1281 1657 157 27 continuance;
1457 1658 9 20 I
1476 1657 54 22 then
1540 1661 59 18 went
1616 1662 21 17 to
1649 1658 42 21 Mr.
1703 1658 103 26 Dawson,
1819 1658 42 22 and

1281 1683 116 26 expressed
1415 1684 36 21 the
1467 1691 61 14 same
1544 1684 169 21 dissatisfaction
1729 1688 22 17 at
1761 1684 37 21 the
1812 1686 52 21 mis-

1281 1709 95 22 conduct
1386 1717 28 14 on
1422 1711 91 26 Sunday
1519 1712 101 26 evening.
1651 1711 44 21 Mr.
1705 1711 94 21 Dawson
1810 1712 50 21 then

1282 1736 116 26 explained
1408 1744 61 15 some
1485 1738 73 26 points
1575 1739 22 20 of
1615 1738 47 26 law,
1675 1738 70 21 which
1762 1738 9 21 I
1785 1738 29 21 do
1824 1742 40 18 not

1280 1763 109 27 recollect,
1410 1764 43 21 and
1472 1764 124 22 concluded
1614 1765 28 26 by
1657 1764 78 27 saying
1749 1764 28 22 he
1791 1766 71 20 would

1281 1796 101 15 summon
1398 1791 43 21 Mr.
1455 1791 122 22 Wakefield
1595 1792 74 20 before
1684 1791 37 21 the
1738 1791 75 21 Bench
1827 1792 35 21 for

1281 1815 107 28 Tuesday,
1400 1817 43 22 this
1454 1817 41 27 day
1504 1826 5 18 ;
1526 1825 28 14 on
1571 1818 89 26 leaving
1678 1818 44 21 Mr.
1737 1818 102 26 Dawson,
1851 1819 12 20 I

1282 1843 105 21 observed
1404 1844 10 21 I
1430 1844 63 21 cared
1509 1848 40 17 not
1558 1844 48 21 how
1616 1844 28 21 he
1660 1844 70 27 acted,
1741 1844 40 21 but
1791 1848 22 17 to
1828 1850 36 17 act

1281 1876 24 14 as
1323 1869 27 21 he
1366 1871 94 26 thought
1473 1879 87 19 proper,
1577 1871 43 21 and
1640 1871 10 21 I
1668 1871 72 27 hoped
1756 1871 107 27 publicity

1281 1896 72 22 would
1370 1897 26 21 be
1412 1898 64 25 given
1489 1902 22 17 to
1528 1898 36 21 the
1582 1902 86 21 matter,
1679 1898 24 21 in
1714 1897 64 22 order
1791 1898 47 21 that
1847 1900 17 19 it

1282 1923 69 26 might
1368 1926 38 18 not
1420 1923 89 28 happen
1524 1925 65 26 again
1599 1932 4 19 ;
1620 1925 10 20 I
1641 1931 44 14 was
1700 1928 40 17 not
1754 1925 96 21 terrified
1857 1933 5 18 ;

1284 1949 53 22 Miss
1349 1950 67 27 King,
1427 1951 56 20 after
1492 1951 12 21 I
1514 1951 45 21 had
1568 1951 47 21 told
1629 1951 41 21 her
1680 1951 17 20 it
1707 1958 44 14 was
1761 1951 103 22 Ekouroo

1282 1976 46 21 that
1338 1976 44 22 had
1392 1984 62 14 come
1464 1977 71 27 down,
1547 1985 44 14 was
1601 1985 29 14 no
1645 1984 62 15 more
1717 1978 97 27 startled,
1825 1979 40 21 but

1283 2009 44 15 w*
1346 2004 104 25 annoyed
1467 2005 29 24 by
1512 2005 37 20 the
1567 2005 105 26 repeated
1690 2005 66 26 firing
1764 2012 4 18 ;
1791 2005 10 21 I
1820 2013 44 13 was

1281 2029 109 26 annoyed,
1412 2030 45 21 and
1469 2031 40 21 the
1524 2037 131 20 annoyance
1675 2038 62 14 arose
1754 2032 57 20 from
1827 2032 37 20 the

1282 2054 135 23 desecration
1429 2056 24 22 of
1466 2057 38 21 the
1519 2057 97 21 Sabbath
1622 2065 5 18 ;
1644 2057 30 27 by
1684 2064 13 14 a
1706 2061 62 22 great
1782 2065 54 20 gun,
1852 2058 12 21 I

1281 2088 65 15 mean
1359 2089 14 13 a
1386 2090 46 19 gun
1446 2083 53 21 with
1509 2090 12 14 a
1537 2083 60 28 large
1608 2084 81 21 calibre
1696 2092 5 18 ;
1719 2084 9 21 I
1742 2091 69 14 never
1820 2092 44 13 saw

1282 2108 35 21 the
1327 2116 44 19 gun
1380 2116 5 19 ;
1401 2109 12 21 I
1423 2117 44 14 was
1484 2114 24 18 at
1524 2111 53 21 Port
1594 2111 122 21 Nicholson
1731 2114 23 18 at
1763 2111 38 21 the
1811 2112 53 21 time

1282 2135 25 21 of
1316 2135 36 22 the
1364 2135 52 23 Fete
1425 2137 24 21 in
1460 2137 196 21 commemoration
1668 2137 25 21 of
1705 2137 37 21 the
1752 2137 112 22 Anniver-

1281 2168 49 21 sary
1341 2162 25 21 of
1373 2162 37 22 the
1420 2163 46 22 first
1476 2164 132 27 settlement,
1617 2164 41 21 but
1667 2164 64 21 don't
1739 2165 125 21 remember

1282 2196 42 19 any
1334 2196 56 19 guns
1400 2190 67 26 being
1476 2191 65 26 fired;
1558 2191 12 21 I
1580 2191 57 21 have
1647 2191 69 21 heard
1725 2191 48 21 that
1782 2195 47 17 sort
1842 2191 25 22 of

1281 2214 65 28 firing
1355 2216 75 22 before
1445 2218 129 26 repeatedly
1582 2225 5 19 ;
1604 2218 56 21 Miss
1676 2218 60 27 King
1752 2218 39 21 has
1803 2218 44 21 also
1856 2226 5 19 ;

1282 2241 11 22 I
1303 2249 69 15 never
1381 2243 68 28 spoke
1464 2246 22 19 to
1503 2244 37 22 the
1554 2245 81 26 parties
1649 2245 69 21 about
1730 2245 24 26 it,
1764 2252 23 14 as
1798 2245 67 26 being

1283 2272 102 24 contrary
1402 2273 21 18 to
1443 2270 37 22 the
1497 2278 80 19 peace;
1603 2271 12 21 I
1631 2278 69 14 never
1719 2271 63 21 knew
1806 2271 18 21 it
1841 2275 23 18 to

1283 2302 65 15 occur
1357 2303 28 14 on
1394 2296 37 22 the
1446 2297 96 22 Sabbath
1547 2298 49 27 ,day
1603 2298 83 26 before,
1697 2297 43 22 had
1752 2298 47 21 that
1807 2298 56 21 been

1282 2321 36 22 the
1329 2330 57 19 case,
1399 2323 11 22 I
1420 2324 73 21 would
1510 2324 55 22 have
1581 2325 83 26 spoken
1681 2325 67 21 about
1760 2325 31 27 it;
1809 2325 10 21 I
1830 2332 34 14 re-

1281 2349 99 22 member
1398 2357 14 14 a
1430 2351 103 26 morning
1556 2352 45 21 and
1620 2352 97 26 evening
1734 2359 46 19 gun
1798 2352 67 27 being

1282 2375 54 22 fired
1350 2376 107 28 formerly
1472 2379 30 26 by
1511 2379 43 21 Mr.
1566 2378 129 27 Wakefield,
1706 2379 18 20 it
1733 2386 44 13 was
1785 2379 80 26 proba-

1281 2402 36 27 bly
1335 2402 55 22 fired
1405 2412 29 14 on
1449 2405 101 28 Sundays
1561 2412 5 19 ;
1584 2406 10 20 I
1611 2405 53 21 took
1676 2412 28 14 no
1719 2405 72 21 notice
1803 2405 25 21 of
1838 2406 25 26 ir,

1281 2429 44 21 and
1342 2430 37 21 did
1394 2435 40 17 not
1447 2432 100 21 mention
1560 2432 19 21 it
1595 2435 22 18 to
1633 2433 44 20 Mr.
1695 2431 129 28 Wakefield,
1841 2439 24 14 or

1281 2463 42 20 any
1342 2457 59 27 body
1416 2459 124 21 connected
1554 2459 53 21 with
1622 2459 34 21 his
1671 2459 68 21 house
1749 2467 5 18 ;
1769 2459 11 20 I
1796 2466 69 14 never

1280 2483 63 21 knew
1356 2484 37 21 the
1408 2485 105 27 morning
1526 2485 45 22 and
1588 2486 95 26 evening
1698 2493 45 19 gun
1761 2488 21 18 to
1798 2493 65 14 cause

1280 2510 78 27 people
1370 2514 20 18 to
1399 2511 78 26 gather
1487 2513 73 20 round
1570 2512 36 21 the
1617 2512 69 21 house
1693 2520 5 19 ;
1716 2512 10 21 I
1736 2512 101 21 consider
1846 2513 18 20 it

1281 2543 28 14 no
1319 2539 63 20 harm
1392 2539 23 20 in
1424 2538 39 22 the
1470 2539 86 21 natives
1566 2542 23 18 to
1596 2539 64 21 shoot
1665 2539 45 21 and
1721 2539 64 26 enjoy
1793 2539 72 21 them-

1281 2563 70 22 selves
1362 2571 27 14 on
1401 2565 36 21 the
1448 2565 79 21 arrival
1544 2566 25 21 of
1575 2566 57 21 their
1643 2565 68 22 chiefs
1719 2573 5 19 ;
1740 2566 52 26 they
1808 2565 55 22 have

1281 2596 29 15 no
1328 2598 78 14 means
1424 2592 27 21 of
1467 2592 105 27 knowing
1590 2593 84 26 better;
1700 2593 11 20 I
1727 2592 101 21 consider
1846 2593 18 20 it

1281 2623 76 20 wrong
1367 2622 22 17 to
1399 2619 65 21 make
1474 2619 62 21 these
1550 2619 74 28 public
1636 2619 138 27 expressions
1783 2626 13 14 a
1813 2626 52 14 con-

1281 2645 134 24 gratulation
1434 2652 28 14 on
1476 2645 39 22 the
1532 2646 110 26 Sabbath;
1661 2646 9 20 1
1686 2645 107 26 consider,
1807 2653 55 14 even

1281 2671 23 20 in
1324 2670 110 28 England,
1446 2672 55 21 such
1517 2680 14 13 a
1546 2673 74 26 public
1638 2673 125 26 expression
1775 2672 26 21 of
1814 2680 52 13 con-

1280 2698 133 25 gratulation
1436 2699 76 27 illegal
1521 2707 5 18 ;
1552 2699 11 22 I
1585 2699 26 21 do
1635 2703 41 17 not
1693 2699 101 21 consider
1817 2706 43 19 any

1281 2727 61 18 want
1365 2724 25 22 of
1406 2725 81 22 female
1508 2725 98 28 delicacy
1629 2726 76 21 shown
1724 2726 30 26 by
1772 2725 95 27 sending

1281 2750 36 22 the
1342 2758 139 20 anonymous
1500 2753 66 21 letter
1587 2760 48 14 now
1659 2752 53 22 read
1734 2753 24 20 in
1782 2753 68 21 Court
1859 2761 5 18 ;

1282 2777 11 21 I
1308 2777 27 21 do
1345 2782 40 17 not
1399 2779 102 21 consider
1511 2779 36 21 the
1564 2780 96 26 saluting
1671 2786 13 14 a
1697 2779 74 21 native
1789 2779 77 22 chiel's

1281 2805 80 21 arrival
1375 2812 28 14 on
1420 2806 37 21 the
1473 2806 104 26 Sabbath,
1596 2814 22 13 as
1638 2805 123 22 calculated
1779 2808 23 19 to
1817 2813 49 20 pro-

1281 2834 59 18 mote
1358 2831 182 29 licentiousness;
1567 2833 10 21 I
1596 2833 101 21 consider
1715 2833 16 21 it
1749 2833 19 20 is
1782 2840 29 14 an
1830 2833 35 21 in-

1277 2857 87 28 jurious
1380 2859 101 28 example
1501 2863 22 18 to
1542 2859 38 22 the
1599 2860 86 21 natives
1704 2862 22 18 to
1744 2859 71 21 salute
1834 2866 28 14 on

1282 2885 35 21 the
1335 2885 103 27 Sabbath,
1450 2894 44 19 any
1511 2894 80 19 person
1608 2887 26 20 of
1645 2886 128 21 distinction
1790 2893 25 14 or
1832 2894 33 13 es-

1281 2911 88 22 teemed
1381 2912 74 22 friend
1463 2920 4 14 :
1483 2913 21 22 if
1516 2913 116 28 explained
1650 2918 22 16 to
1689 2913 37 21 the
1743 2913 92 24 natives,
1854 2913 12 21 I

1281 2937 85 23 believe
1381 2939 37 22 the
1435 2943 170 24 postponement
1624 2939 58 22 until
1698 2939 37 22 the
1752 2939 42 27 day
1811 2939 56 21 after

1281 2964 36 22 the
1335 2965 97 23 Sabbath
1448 2967 26 21 of
1486 2967 61 21 these
1563 2967 82 21 salutes
1661 2974 23 14 as
1701 2968 126 23 customary
1844 2969 22 17 to

1281 2991 36 21 the
1334 2992 69 22 chiefs
1420 3000 30 14 on
1467 2993 58 22 their
1541 2994 86 25 arrival,
1646 2993 74 21 would
1737 2998 39 16 not
1792 2992 74 22 offend

1281 3018 57 22 their
1355 3019 136 28 prejudices;
1517 3020 11 21 I
1547 3020 102 21 consider
1667 3019 45 22 this
1735 3022 85 19 custom
1845 3019 24 21 of

1280 3044 66 28 firing
1354 3045 83 23 salutes
1446 3047 75 26 illegal
1538 3047 45 21 and
1597 3046 114 27 annoying
1724 3053 29 15 on
1763 3046 38 21 the
1812 3045 54 22 Sab-

1281 3071 62 23 bath.
1378 3071 2 5 '

1912 2513 68 19 Never
1991 2513 36 19 has
2038 2514 17 18 it
2064 2513 51 19 been
2132 2519 34 19 my
2175 2513 56 25 good
2241 2513 84 20 fortune
2340 2515 22 17 to
2374 2513 62 20 bathe
2446 2513 23 19 in.

1885 2546 22 14 so
1919 2540 106 20 luxurious
2035 2546 12 13 a
2057 2540 48 20 bath
2115 2546 22 13 as
2148 2541 35 19 the
2192 2540 100 20 unmixed
2300 2540 169 26 sulphur-water.

1886 2567 21 20 If
1919 2573 40 20 any
1968 2568 60 24 thing
2039 2568 60 18 could
2115 2568 93 25 possibly
2219 2568 24 19 be
2253 2568 66 19 fouDd
2330 2570 21 17 to
2366 2568 104 19 reconcile

1886 2600 38 14 one
1933 2597 23 16 to
1966 2595 144 25 earthquakes,
2127 2595 16 19 it
2152 2595 19 18 is
2182 2595 108 25 assuredly
2300 2598 22 16 to
2335 2595 26 19 be
2370 2595 67 20 found
2446 2595 23 19 in

1886 2622 35 19 the
1926 2622 61 19 baths
1997 2621 23 19 of
2033 2622 34 19 the
2075 2622 85 19 Furnas.
2190 2622 56 19 Here
2256 2622 50 26 they
2312 2629 42 16 are,
2363 2623 108 18 whenever

1886 2655 40 19 you
1937 2655 46 19 may
1998 2649 76 19 choose
2083 2651 21 17 to
2121 2649 62 25 enjoy
2192 2650 65 22 them,
2275 2650 27 24 by
2313 2650 60 24 night
2386 2649 40 20 and
2441 2649 30 26 by

1886 2677 45 25 day,
1949 2676 22 19 in
1988 2676 48 19 cold
2053 2676 40 19 and
2110 2676 22 19 in
2149 2676 56 24 heat,
2225 2683 91 13 summer
2332 2677 41 19 and
2390 2677 80 23 winter,

1886 2704 73 24 always
1975 2704 35 19 the
2029 2709 63 18 same,
2112 2704 82 25 welling
2210 2704 56 19 from
2283 2704 54 19 their
2355 2710 72 13 source
2446 2704 25 19 in

1886 2730 146 26 never-failing
2043 2730 118 20 abundance
2170 2739 4 15 ;
2197 2737 54 19 open
2261 2733 22 18 at
2300 2731 28 20 all
2337 2732 71 23 hours,
2426 2731 45 20 free

1886 2760 21 17 to
1916 2758 34 23 all,
1959 2758 42 19 and
2007 2758 44 20 free
2059 2758 23 19 of
2094 2761 51 16 cost.
2176 2758 43 20 But
2226 2758 30 19 let
2265 2758 18 19 it
2292 2761 36 16 not
2336 2759 25 19 be
2367 2758 104 26 supposed

1887 2786 44 19 that
1941 2791 29 14 we
1980 2791 35 14 are
2025 2786 23 18 in
2058 2792 13 13 a
2081 2785 52 20 Bath
2143 2791 143 20 pump-room,
2297 2786 50 19 with
2356 2786 28 19 its
2392 2786 77 19 marble

1886 2813 98 19 luxuries.
2013 2812 96 26 Nothing
2118 2819 38 13 can
2173 2813 26 19 be
2208 2813 41 19 less
2265 2812 91 26 inviting
2365 2813 51 19 than
2434 2813 35 19 the

1886 2846 126 20 appearance
2020 2840 25 19 of
2056 2840 58 19 these
2121 2840 180 25 bathing-houses,
2310 2840 74 24 which,
2394 2840 34 19 for
2435 2840 36 19 the

1887 2869 54 18 most
1948 2869 53 24 part,
2008 2867 53 19 have
2068 2874 12 13 a
2086 2867 160 20 subterraneous
2252 2869 71 23 aspect
2332 2874 5 16 ;
2352 2867 38 20 but
2397 2869 74 23 execpt

1887 2898 20 16 to
1918 2895 35 19 the
1959 2892 120 26 fastidious,*
2086 2895 50 25 they
2145 2901 34 13 are
2189 2894 143 20 all-sufficient
2341 2894 34 19 for
2384 2894 36 19 the
2431 2900 40 13 one

1886 2927 90 20 purpose
1991 2921 33 20 for
2034 2921 66 20 which
2116 2921 49 25 they
2175 2921 51 20 have
2244 2921 52 20 been
2304 2921 55 20 built
2387 2921 46 20 that
2448 2921 24 20 of

1887 2949 69 25 amply
1965 2948 98 26 enjoying
2077 2949 35 19 the
2121 2951 80 17 waters.
2229 2948 49 20 And
2286 2948 32 20 let
2327 2954 13 13 a
2354 2948 114 20 rheumatic

1887 2976 40 19 and
1946 2975 166 26 sour-tempered
2133 2975 146 26 Englishman,
2300 2975 115 26 exercising
2437 2975 34 20 his

1888 3003 92 19 national
1987 3002 98 26 privilege
2092 3002 24 20 of
2121 3002 120 26 grumbling
2248 3005 22 17 to
2278 3003 28 19 its
2313 3003 73 19 fullest
2392 3005 78 21 extent,

1887 3031 40 19 and
1936 3030 69 19 whose
2012 3036 62 19 every
2084 3029 55 20 word
2146 3029 42 20 and
2197 3030 64 24 work,
2269 3030 139 25 complexion,
2419 3030 51 26 gait,

1887 3057 40 20 and
1944 3059 78 23 temper
2052 3057 66 19 whose
2126 3063 49 19 very
2185 3057 89 24 clothes,
2290 3057 92 26 hanging
2398 3064 28 13 on
2436 3057 36 20 the

1887 3091 49 20 pegs
1945 3085 23 19 in
1978 3085 36 19 the
2020 3084 128 24 bath-room,
2159 3084 93 20 indicate
2259 3085 41 19 bile
2329 3085 53 19 after
2391 3085 81 26 despis-

1886 3112 79 25 ingthe
1971 3117 127 20 appearance
2105 3111 25 19 of
2137 3112 58 19 these
2198 3120 3 5 1
2205 3118 78 17 rooms,
2294 3112 79 26 slowly,
2382 3112 89 26 quietly,

1887 3139 114 23 otter-like,
2018 3138 83 20 subside
2114 3139 45 19 into
2175 3145 12 13 a
2201 3139 151 26 sulphur-bath
2366 3139 106 26 tempered

1887 3166 27 25 by
1928 3166 36 20 old
1978 3165 59 21 John
2046 3186 3 10 (
2055 3165 62 21 Quite
2133 3168 22 18 to
2173 3167 37 19 the
2225 3167 107 19 moderate
2346 3167 87 19 warmth
2450 3167 24 19 of

1888 3194 24 20 95
1922 3193 45 25 deg.
1975 3200 4 19 ;
1998 3193 42 19 and
2054 3193 49 19 then
2116 3193 29 20 let
2154 3194 45 19 him
2210 3194 82 20 confess
2305 3194 92 20 whether
2410 3194 26 19 he
2446 3194 26 19 be

1887 3222 37 18 not
1933 3223 22 17 at
1965 3226 53 14 once
2027 3227 13 13 a
2046 3221 59 19 wiser
2115 3221 41 19 and
2166 3227 13 13 a
2187 3221 69 19 better
2266 3227 48 13 man
2322 3228 5 17 ;
2338 3221 93 19 whether
2439 3221 33 19 his

1887 3248 118 20 discontent
2014 3247 38 20 has
2060 3251 37 16 not
2106 3247 102 24 lessened,
2220 3248 32 20 his
2262 3248 44 20 lust
2312 3248 34 20 for
2352 3248 72 26 purple
2433 3247 40 20 and

1887 3276 41 18 flue
1943 3275 58 19 linen
2005 3275 112 24 .vanished,
2134 3276 42 19 and
2189 3276 33 19 his
2232 3282 47 13 care
2289 3276 32 19 for
2339 3276 76 19 marble
2432 3275 41 19 and

1887 3308 145 20 pump-rooms
2050 3302 61 20 faded
2127 3309 64 19 away.
2219 3303 40 25 My
2273 3303 50 19 bath
2342 3302 73 25 to-day
2432 3308 40 14 was

1888 3329 191 26 unexceptionable.
2112 3330 44 19 The
2173 3330 57 19 word
2247 3330 147 26 sulphur-bath
2409 3329 19 20 is
2445 3335 28 13 an

1887 3356 138 20 unattractive
2045 3356 64 24 word,
2129 3357 118 25 reminding
2259 3363 42 20 you
2321 3356 24 21 of
2359 3356 114 20 brimstone

1888 3384 40 19 and
1937 3384 93 20 matches
2041 3384 40 19 and
2090 3384 99 20 offensive
2199 3384 66 20 fumes
2274 3392 5 16 ;
2288 3384 37 19 but
2335 3384 35 19 the
2380 3384 58 19 truth
2445 3383 26 24 is,

1888 3412 45 19 that
1942 3411 41 20 had
1992 3411 18 20 it
2019 3415 39 16 not
2067 3412 51 19 been
2129 3412 128 20 ascertained
2263 3411 55 20 from
2328 3410 89 25 analysis
2426 3410 47 20 that

1888 3439 58 20 there
1959 3439 19 19 is
1989 3436 87 28 sulphur
2089 3439 23 20 in
2125 3440 36 19 the
2172 3438 137 26 composition
2320 3438 24 19 of
2356 3438 35 19 the
2401 3440 70 21 water,

1888 3472 41 20 you
1939 3466 62 21 could
2010 3466 92 26 scarcely
2109 3466 77 20 believe
2192 3466 46 19 that
2247 3471 45 20 any
2295 3465 62 20 could
2365 3465 24 19 be
2396 3464 75 21 found.

1890 3494 19 19 It
1919 3494 18 19 is
1944 3494 42 19 soft
1993 3494 42 19 and
2042 3499 63 20 soapy
2112 3496 20 17 to
2139 3494 35 19 the
2180 3494 71 22 touch,
2262 3492 108 24 delicately
2380 3492 90 24 smooth,

1888 3521 42 20 and
1948 3521 85 25 slightly
2048 3521 119 25 oleaginous
2184 3526 28 14 on
2231 3520 36 19 the
2286 3519 54 23 skin,
2358 3520 42 19 free
2419 3519 55 20 from

1889 3548 66 24 smell,
1966 3548 24 19 of
1998 3555 26 12 an
2036 3548 81 26 opaline
2126 3548 58 22 look,
2199 3547 18 19 is
2226 3546 118 25 refreshing
2353 3546 40 19 and
2404 3546 69 20 deter-

1889 3576 50 23 sive,
1959 3576 42 19 and
2017 3575 99 27 probably
2132 3575 57 25 quite
2206 3580 21 13 as
2246 3573 129 26 pleasurable
2394 3575 22 18 to
2437 3574 36 19 the

1889 3603 71 26 bodily
1969 3602 88 26 feelings
2071 3609 22 13 as
2102 3608 50 13 were
2168 3602 59 19 those
2241 3600 129 20 translucent
2379 3600 60 20 baths
2450 3600 25 20 of

1889 3630 51 20 milk
1951 3630 74 24 which,
2040 3629 52 20 after
2106 3628 102 25 affording
2217 3634 45 13 ease
2272 3628 41 19 and
2326 3628 114 21 relaxation
2450 3631 23 16 to

1890 3657 35 20 the
1933 3657 65 20 limbs
2005 3657 42 19 and
2060 3656 54 25 body
2124 3656 23 20 of
2159 3663 13 12 a
2180 3656 42 19 late
2234 3655 67 24 noble,
2306 3654 66 27 duke,,
2384 3661 34 14 are
2427 3654 47 20 said

1890 3688 21 16 to
1921 3685 52 19 have
1987 3683 118 21 afterwards
2115 3682 101 27 appeared
2231 3682 24 19 in
2264 3681 83 20 smaller
2357 3682 76 21 vessels
2444 3688 28 14 on

1890 3712 35 20 the
1931 3711 183 20 breakfast-tables
2120 3710 41 19 and
2169 3711 100 23 tea-trays
2279 3708 26 21 of-
2310 3709 36 20 the

2005 3737 26 21 of
2047 3737 114 20 London.
2161 3737 44 19 -Bu
2207 3736 59 19 liar's
2292 3736 81 20 Winter
2394 3736 23 19 in
2440 3737 35 19 the

1890 3767 85 19 Azores.
2138 3778 4 3 -
2225 3770 5 13 \

1917 3800 135 20 Purifying
2076 3804 27 14 of
2126 3797 98 20 Water.
2253 3796 72 20 Water
2350 3796 53 27 kept
2422 3798 23 19 in
2462 3804 13 13 a

1891 3827 77 20 cistera
1977 3827 41 20 had
2027 3827 85 19 become
2121 3824 84 20 tainted'
2212 3824 26 25 by
2248 3824 104 25 disolving
2362 3825 53 20 'lime
2424 3825 48 19 >and

1891 3856 81 18 cement
1980 3854 23 19 in
2013 3854 25 19 it.
2067 3852 31 21 M.
2111 3851 98 20 Garaldin
2220 3851 87 20 ordered
2317 3851 56 22 241b.
2384 3852 26 19 of.
2415 3852 59 25 ivory

1891 3882 67 23 black,
1969 3887 23 13 or
2003 3880 76 21 animal
2088 3879 101 23 charcoal,
2201 3880 22 18 to
2233 3878 26 20 be
2269 3876 94 23 disolved
2372 3879 22 20 in
2403 3878 23 21 it.
2442 3878 27 22 In

1891 3910 72 19 fifteen
1972 3908 49 25 days
2032 3908 35 19 the
2077 3909 61 18 water
2147 3912 41 14 was
2198 3906 95 26 purified,
2360 3906 115 21 continued

1891 3936 110 20 excellent.
2330 3931 87 15 '*.-.

1317 3257 51 21 Sam
1388 3259 70 19 Slick
1484 3264 31 14 on
1535 3258 123 20 Coloxiai,
1683 3257 154 20 Patronage.

1279 3285 120 20 Statesmen
1408 3286 52 20 have
1469 3286 76 25 always
1554 3286 52 19 been
1617 3291 66 20 prone
1693 3287 21 17 to
1725 3284 97 20 consider
1831 3284 35 19 the

1280 3308 93 29 colonies
1382 3319 26 13 as
1417 3320 13 13 a
1439 3313 49 19 field
1495 3313 97 19 reserved
1598 3313 33 19 for
1641 3312 36 20 the
1684 3314 89 23 support
1780 3311 25 20 of
1813 3311 54 19 their

1280 3339 135 26 dependants,
1422 3341 43 19 and
1470 3341 50 24 they
1529 3346 42 17 are,
1578 3339 165 25 unfortunately,
1756 3344 22 14 so
1788 3339 79 19 distant

1279 3367 55 19 from
1343 3368 36 19 the
1389 3370 74 23 parent
1471 3370 62 21 state,
1540 3368 47 19 that
1596 3367 36 19 the
1641 3372 47 20 rays
1697 3366 24 20 of
1729 3365 58 26 royal
1794 3365 73 20 favour

1280 3394 27 20 do
1316 3397 39 17 not
1364 3395 65 26 easily
1438 3397 107 24 penetrate
1554 3401 24 13 so
1589 3395 37 19 for.
1657 3394 67 25 Noisy
1740 3393 129 26 applicants^

1279 3424 202 23 mercenary^voters,
1489 3422 41 20 and
1535 3422 142 26 importunate
1684 3421 77 19 suitors
1768 3422 22 18 at
1796 3420 69 23 home,

1281 3455 84 19 engross
1375 3449 36 19 the
1413 3449 118 20 -attention
1540 3449 42 20 and
1599 3447 129 27 monopolise
1744 3447 34 19 the
1793 3447 74 19 favour

1281 3476 22 20 of
1316 3476 60 20 those
1392 3476 24 20 in
1432 3478 80 24 power/
1521 3476 46 20 iahd
1582 3475 115 26 provincial
1713 3474 62 20 merit
1789 3474 19 20 is
1824 3474 43 23 .left

1280 3506 23 17 to
1321 3502 98 26 languish
1438 3502 32 21 for
1487 3506 56 17 want
1561 3503 25 20 of
1604 3503 181 24 encouragement.
1822 3501 45 20 The

1279 3530 126 26 provincials
1415 3531 49 20 hear
1474 3530 24 21 of
1512 3530 122 20 coronation
1644 3530 101 22 honours,
1757 3528 23 20 of
1787 3529 80 19 flatter-

1279 3564 37 19 ing
1331 3558 141 24 distinctions,
1491 3558 42 19 and
1545 3557 24 20 of
1582 3556 68 20 marks
1666 3556 25 20 of
1702 3556 59 25 royal
1778 3556 73 20 favour
1861 3563 5 16 ;

1280 3585 45 24 but,
1337 3585 42 20 alas
1387 3587 5 17 1
1406 3586 51 24 they
1466 3584 124 28 participate
1598 3586 37 17 not
1644 3584 23 19 in
1677 3584 65 19 them.
1771 3584 20 18 A
1801 3582 39 20 few
1846 3583 24 20 of

1281 3612 35 19 the
1325 3614 59 24 petty
1395 3612 63 20 local'
1463 3612 77 23 offices,
1552 3611 67 20 which
1629 3611 52 25 they
1688 3617 42 19 pay
1745 3610 123 20 themselves

1281 3642 37 17 out
1328 3639 24 20 of
1364 3639 56 20 their
1434 3640 54 19 little
1502 3644 97 19 revenue,
1614 3638 52 19 have
1681 3638 49 25 long
1744 3637 57 20 since
1817 3637 52 20 been

1280 3666 49 20 held
1340 3667 54 20 their
1404 3666 48 24 due,
1464 3666 48 24 and,
1522 3666 75 20 within
1604 3666 59 19 these
1672 3665 40 20 few
1721 3671 67 19 years,
1799 3664 11 20 I
1819 3664 50 21 hear

1280 3694 36 19 the
1333 3694 113 20 reformers
1458 3694 56 26 Tiaye
1528 3692 125 26 generously
1668 3692 106 26 promised
1790 3694 39 17 not
1846 3694 21 18 to

1281 3721 83 25 deprive
1380 3722 57 19 them
1494 3720 44 20 this
1553 3719 95 20 valuable
1663 3722 114 24 patronage
1789 3720 24 19 in
1829 3726 41 19 any

1281 3754 50 14 case'
1336 3748 68 20 where
1414 3748 18 19 it
1437 3748 23 19 'is
1469 3750 40 17 not
1521 3747 97 27 required
1627 3747 34 20 for
1675 3747 79 20 others.
1782 3746 88 26 Beyond

1281 3775 42 20 this
1333 3774 128 21 honourable
1470 3774 72 26 parish
1552 3774 52 20 rank
1616 3781 27 12 no
1655 3780 48 13 man
1714 3781 38 13 can
1768 3774 50 24 rise,
1829 3777 41 16 and

1281 3809 30 13 we
1329 3802 51 20 look
1398 3802 98 24 i^/rain-
1509 3801 33 20 for
1561 3802 36 19 the
1617 3807 61 14 name
1697 3802 25 19 of
1740 3808 13 13 a
1771 3802 98 24 colonist,

1281 3830 103 19 whatever
1389 3823 49 33 ';|s3'
1448 3829 87 25 loyalty,
1553 3829 34 20 his
1601 3829 76 24 talent,
1694 3835 24 14 or
1733 3829 33 20 his
1781 3829 89 20 services

1281 3863 47 19 may
1345 3850 99 31 be,Jswt'
1451 3856 23 20 of
1490 3856 36 20 the
1542 3856 66 20 limits
1624 3856 24 19 of
1660 3856 33 19 his
1710 3862 47 13 own
1773 3858 96 23 country.

1281 3883 44 21 The
1333 3876 90 35 col{Jssm(l
1434 3883 68 26 clergy
1510 3889 34 14 are
1554 3883 102 20 excluded
1664 3883 55 20 from
1728 3883 36 19 the
1772 3882 98 25 dignities

1281 3911 24 20 of
1311 3906 122 30 thec'i^PuccH
1439 3911 24 20 of
1470 3910 108 27 England,'
1584 3911 35 19 the
1625 3910 87 26 lawyers
1719 3910 54 20 from
1780 3910 37 19 the
1823 3915 47 20 pre-

1281 3939 100 21 ferment*
1396 3939 24 20 of
1434 3939 36 20 the
1488 3939 50 24 bar,'
1550 3938 41 21 and
1600 3938 36 20 the
1650 3937 90 21 medical
1754 3943 49 14 men
1817 3937 53 21 from

93 960 192 25 WANGANUI
303 959 115 26 PETTY
437 959 169 29 SESSIONS,

195 1007 119 16 JANUARY
336 1001 74 26 18TH,
430 1001 73 22 1842.

54 1051 11 8 '
92 1044 98 23 Present
198 1051 5 15 :
240 1042 89 23 Gilbert
341 1042 94 23 Francis
448 1042 111 28 Dawson,
573 1042 67 31 Esq.,

60 1077 78 28 P.M.,
150 1077 24 22 in
186 1076 38 22 the
246 1075 69 23 Chair
322 1083 6 20 ;
348 1075 70 23 Peter
437 1074 98 30 Wilson,
549 1076 91 23 Samuel

57 1110 73 29 King,
143 1109 44 22 and
198 1106 60 25 John
270 1108 85 28 Nixon,
368 1107 83 31 Esqrs.

83 1149 79 24 Regina
178 1154 21 14 v.
220 1146 118 27 Wakefield,
354 1145 66 28 firing
435 1146 35 21 off
478 1153 58 19 guns
551 1147 23 21 in
586 1154 12 14 a
607 1150 34 18 tu-

56 1176 113 21 multuous
178 1181 99 18 manner,
289 1173 44 21 and
343 1174 91 25 causing
444 1180 14 14 a
470 1173 84 21 breach
563 1173 25 21 of
601 1173 36 22 the

60 1202 71 21 Peace
142 1208 29 14 on
180 1201 38 21 the
228 1199 103 23 Sabbath.

68 1241 2 9 1
84 1234 61 21 John
155 1234 120 21 Bradshaw
281 1234 67 26 being
357 1240 71 14 sworn
439 1240 29 14 on
479 1232 53 23 oath
543 1233 96 27 deposes.

87 1262 11 21 I
114 1269 37 14 am
167 1269 13 13 a
195 1260 119 22 constable.
349 1260 36 21 On
402 1259 90 27 Sunday
508 1260 49 26 last,
570 1260 11 21 I
597 1267 44 14 was

56 1288 91 48 Sassing
162 1287 37 22 the
216 1287 68 21 house
301 1286 25 21 of
345 1286 43 21 Mr.
406 1286 129 27 Wakefield,
552 1286 44 22 and
613 1287 28 22 he

75 1315 37 21 red
122 1322 14 14 a
144 1321 46 20 gun
206 1317 39 18 out
257 1314 25 21 of
293 1314 36 20 the
347 1312 93 22 window
448 1321 6 19 ;
470 1320 13 14 a
491 1317 64 22 great
573 1321 68 19 many

55 1349 59 19 guns
130 1348 57 14 were
202 1340 56 21 fired
273 1340 84 21 outside
374 1340 36 21 the
427 1340 76 26 house,
520 1340 44 21 and
580 1340 61 22 there

60 1376 44 14 was
113 1375 14 14 a
137 1367 149 22 considerable
296 1366 61 22 noise
366 1366 85 22 within.
472 1366 36 21 On
519 1373 37 19 my
564 1371 76 18 return

59 1398 49 24 past
117 1394 38 21 the
164 1394 69 21 house
250 1401 13 14 a
280 1401 45 19 gun
342 1393 45 21 had
400 1392 47 28 just
463 1393 82 21 missed
560 1394 53 26 fire;
629 1394 11 21 I

56 1421 75 22 called
140 1424 44 23 out,
199 1428 46 19 you
259 1420 58 22 need
332 1423 40 18 not
385 1420 65 21 shoot
460 1427 12 14 a
488 1427 53 14 man
552 1421 89 26 passing

59 1448 67 26 along
135 1447 38 22 the
181 1447 55 21 road
245 1455 29 14 on
284 1446 89 27 Sunday
381 1454 5 18 ;
398 1446 11 21 I
418 1453 43 14 was
468 1446 72 21 afraid
545 1446 12 21 I
562 1447 79 22 should

59 1475 27 21 be
99 1474 59 27 shot;
174 1474 62 21 there
251 1481 56 14 were
323 1473 84 22 several
416 1475 86 19 natives
516 1473 66 27 firing
591 1477 36 18 too
634 1482 5 18 ;

58 1501 38 21 the
106 1501 123 26 surveyor's
238 1500 77 28 people
326 1500 47 21 told
388 1507 36 14 me
441 1503 22 18 to
475 1504 49 22 stop
532 1508 6 18 ;
554 1501 63 20 when
628 1501 12 21 I

59 1535 44 14 saw
112 1528 38 21 the
160 1527 74 22 Police
244 1527 136 25 Magistrate,
392 1526 11 21 I
416 1527 105 25 reported
529 1527 18 21 it
555 1530 22 18 to
587 1527 53 22 him.

87 1562 33 27 By
131 1562 43 21 Mr.
185 1561 130 22 Wakefield.
345 1561 11 21 I
366 1567 44 15 saw
426 1560 38 22 the
596 1561 43 21 Mr.

60 1588 130 27 Wakefield,
206 1588 41 22 fire
263 1595 29 14 on
308 1596 39 19 my
356 1587 47 21 first
416 1588 90 25 passing
521 1587 37 22 the
574 1588 67 22 house

58 1623 15 14 a
89 1614 200 22 double-barrelled
304 1622 46 19 gun
357 1621 6 19 ;
387 1614 12 21 I
414 1621 45 13 was
481 1618 40 17 not
537 1615 104 26 standing

60 1642 88 26 exactly
166 1641 96 28 opposite
279 1641 37 21 the
331 1640 105 27 window;
461 1640 11 22 I
491 1641 85 22 walked
594 1645 48 23 past

59 1669 93 21 because
169 1668 11 22 I
196 1675 44 14 was
256 1667 70 22 afraid
334 1676 5 18 ;
360 1667 39 21 the
414 1667 62 21 noise
493 1668 111 22 consisted
620 1668 23 22 of

59 1695 67 26 firing
140 1695 43 21 and
197 1695 77 26 giving
289 1695 74 21 orders
380 1694 23 21 in
420 1701 13 14 a
448 1693 53 22 loud
517 1695 69 26 voice,
597 1695 45 21 and

60 1730 60 13 some
135 1722 71 21 called
222 1725 38 18 out
275 1721 37 21 the
327 1721 124 21 constables
467 1728 56 14 were
540 1721 99 27 coming;

58 1749 62 21 there
138 1756 43 14 was
197 1756 13 13 a
232 1747 150 23 considerable
403 1747 95 21 number
506 1756 4 19 ;
533 1747 12 22 I
563 1748 78 22 should

60 1775 64 21 think
143 1775 61 21 there
223 1782 57 14 were
299 1775 48 26 fifty
355 1782 5 19 ;
384 1773 11 22 I
411 1774 38 21 did
467 1778 40 17 not
524 1774 54 22 hear
597 1776 43 20 Mr.

60 1801 122 23 Wakefield
197 1801 50 27 give
263 1809 45 19 any
324 1801 87 26 orders;
434 1801 62 21 there
515 1808 44 15 was
575 1801 66 22 much

60 1829 66 26 firing
142 1832 38 18 out
196 1829 26 20 of
232 1828 36 22 the
284 1828 94 22 window
394 1827 45 21 and
456 1828 65 26 door;
538 1828 10 21 I
559 1832 83 18 cannot

60 1862 40 20 say
108 1855 50 22 how
171 1862 68 20 many
253 1862 56 19 guns
325 1855 62 21 there
397 1862 56 14 were
461 1862 6 19 ;
484 1855 11 21 I
512 1855 38 21 did
565 1858 40 18 not
614 1862 27 20 go

59 1885 39 18 ten
107 1890 26 13 or
145 1885 82 23 twenty
237 1882 64 26 yards
317 1885 49 24 past
376 1881 42 21 .the
435 1881 94 22 window
545 1881 75 22 before
630 1882 11 21 I

60 1908 92 26 stopped
160 1916 6 18 ;
176 1908 12 22 I
198 1908 53 21 then
261 1908 105 22 returned
374 1907 159 27 immediately.

87 1942 126 23 Examined
221 1942 31 27 by
260 1942 36 21 the
307 1942 73 21 Court.
410 1941 47 21 The
472 1942 54 20 time
536 1949 43 14 was
590 1949 51 14 con-

56 1970 118 25 siderable,
185 1969 52 25 they
247 1975 56 14 were
320 1968 65 26 firing
402 1968 29 21 all
447 1968 37 21 the
500 1968 54 21 time
572 1968 48 21 that
630 1968 11 21 I

57 2004 46 13 was
112 1996 95 24 walking
224 1994 63 22 down
303 1994 57 22 from
378 1994 35 21 the
431 1994 75 21 Police
517 1994 70 21 Office
598 1995 43 21 and

54 2020 119 28 Teiurning
183 2020 64 27 again
256 2028 5 18 ;
277 2020 11 21 I
299 2027 92 20 suppose
400 2024 37 17 ten
447 2020 98 21 minutes
552 2028 5 19 ;
574 2020 19 21 I'
597 2028 43 14 was

59 2052 41 18 not
114 2055 71 14 aware
200 2047 97 22 whether
312 2046 36 22 the
364 2054 58 20 guns
439 2053 57 15 were
515 2046 87 23 shotted
618 2055 23 14 or

58 2079 51 23 not;
127 2075 11 21 I
148 2082 43 14 was
201 2074 71 21 afraid
287 2074 94 21 because
397 2073 38 21 the
444 2081 57 19 guns
512 2081 56 14 were
579 2074 62 27 poin-

56 2102 39 21 ted
110 2100 153 27 horizontally,
280 2107 54 14 near
357 2100 89 26 enough
463 2104 22 17 to
508 2100 73 27 injure
605 2108 36 14 me

58 2128 100 22 whether
174 2128 53 26 they
242 2134 56 15 were
314 2126 87 23 shotted
418 2133 25 14 or
462 2129 41 19 not
512 2135 5 18 ;
535 2126 11 22 I
562 2128 79 26 passed

58 2163 54 14 near
122 2155 37 21 the
175 2154 93 22 window
277 2157 23 18 to
315 2153 108 22 ascertain
439 2153 37 21 the
493 2161 66 14 cause
569 2154 25 21 of
605 2154 36 22 the

58 2182 79 26 firing;
152 2181 37 22 the
204 2187 78 15 reason
300 2180 101 27 assigned
417 2180 35 21 for
465 2180 37 21 the
519 2180 67 28 firing
598 2188 43 15 was

58 2208 50 22 that
117 2216 14 14 a
140 2208 61 21 chief
212 2207 81 22 named
308 2207 103 21 Ekouroo
425 2206 47 22 had
486 2207 88 22 arrived
582 2215 5 19 ;
604 2208 37 21 the

56 2242 59 20 guns
131 2241 57 15 were
202 2234 56 21 fired
275 2234 111 27 obliquely
403 2233 44 22 and
463 2241 61 14 some
540 2234 101 23 horizon-

60 2262 52 26 tally
121 2270 5 18 ;
143 2262 11 21 I
173 2261 36 21 did
227 2264 38 18 not
280 2268 37 14 see
332 2260 29 21 all
378 2260 36 21 the
431 2267 57 19 guns
496 2268 5 19 ;
518 2260 11 21 I
547 2260 55 23 have
613 2269 28 14 no

57 2289 52 21 idea
119 2289 50 21 how
176 2295 68 19 many
253 2295 56 19 guns
317 2287 61 22 there
390 2294 63 19 were,
461 2288 40 21 but
509 2287 45 22 Mr.
563 2288 78 22 Wake-

60 2315 70 22 field's
148 2322 44 14 was
209 2321 14 14 a
240 2313 199 22 double-barrelled
455 2321 57 20 gun;
540 2314 36 22 the
595 2323 46 19 gun

61 2342 56 21 fired
127 2345 38 18 out
181 2341 25 22 of
218 2340 36 22 the
272 2340 92 22 window
381 2340 73 22 would
469 2341 26 21 be
513 2341 70 22 above
598 2349 43 19 any

60 2376 91 19 persons
166 2368 57 21 head
238 2368 87 26 passing
340 2368 36 26 by,
392 2368 21 21 if
423 2367 55 22 fired
494 2368 107 27 carefully
608 2377 6 17 ;
630 2369 11 21 I

61 2395 38 21 did
116 2398 40 19 not
174 2394 67 28 speak
258 2398 21 17 to
298 2401 44 19 any
357 2394 120 27 particular
495 2402 88 19 person,
603 2396 38 21 but

61 2422 71 21 called
141 2425 38 18 out
189 2426 22 17 to
221 2421 62 22 those
295 2421 24 21 in
334 2420 39 22 the
388 2420 69 22 house
474 2421 48 22 that
536 2422 54 27 they
599 2422 42 22 had

57 2448 74 22 hetter
140 2448 49 22 take
206 2455 50 15 care
270 2448 45 21 and
329 2452 41 17 not
384 2448 64 21 shoot
464 2455 13 14 a
486 2455 54 14 man
554 2450 87 26 passing

60 2476 66 26 along
136 2483 28 14 on
174 2474 91 28 Sunday
272 2483 5 19 ;
294 2474 58 21 lam
367 2475 84 20 certain
463 2474 11 22 I
486 2476 130 21 mentioned
625 2476 16 21 it

60 2509 43 14 was
120 2502 90 26 Sunday
217 2509 5 19 ;
240 2501 11 22 I
266 2508 45 15 was
325 2500 88 22 warned
428 2501 31 27 by
468 2501 39 22 the
516 2509 123 20 surveyors,

61 2528 49 22 who
120 2528 63 22 stood
190 2535 30 15 on
228 2528 37 22 the
277 2528 97 27 opposite
385 2528 45 21 side
441 2528 38 21 the
489 2528 61 28 door,
562 2533 22 17 to
594 2533 47 23 stop

60 2562 25 15 or
103 2556 64 26 hold;
192 2563 13 14 a
222 2558 62 24 great
302 2555 94 21 number
419 2554 26 22 of
465 2554 37 22 the
526 2563 115 19 surveyors

56 2582 79 27 people
145 2589 55 15 were
211 2581 73 27 there;
322 2581 68 22 heard
405 2589 58 19 guns
477 2582 58 21 from
545 2589 13 14 a
568 2583 73 21 native

60 2616 69 15 canoe
145 2609 89 26 coming
249 2608 66 22 down
330 2608 37 21 the
381 2608 58 21 river
456 2608 38 22 the
509 2616 61 15 same
585 2610 42 26 day
635 2618 5 18 ;

60 2634 12 22 I
82 2636 135 21 understand
227 2635 36 22 the
274 2635 73 22 native
357 2639 97 18 customs
461 2644 6 18 ;
481 2636 11 21 I
501 2636 86 21 believe
598 2637 17 20 it
624 2637 17 21 is

56 2666 128 24 customary
193 2666 23 17 to
226 2662 70 22 salute
307 2662 36 21 the
359 2662 87 21 natives
456 2669 29 14 on
496 2662 63 22 their'
562 2663 79 22 arrival

57 2695 27 14 or
93 2689 114 27 departure
215 2697 5 17 ;
230 2689 19 21 it
257 2689 19 21 is
286 2692 123 23 customary
418 2695 82 20 among
510 2689 37 21 the
558 2690 83 21 natives

58 2714 40 23 but
107 2719 40 18 not
156 2716 36 21 the
202 2716 135 27 Europeans,
348 2715 46 22 and
402 2722 54 20 very
466 2716 84 21 seldom
561 2723 80 20 among

58 2741 38 22 the
105 2742 85 22 native's
201 2749 56 19 now,
268 2746 79 22 except
355 2742 23 21 in
389 2741 37 22 the
436 2749 51 14 case
495 2742 26 21 of
528 2746 42 18 two
579 2747 62 22 great

53 2768 75 22 chiefs
142 2768 98 26 meeting
249 2768 106 26 together.

86 2802 34 26 By
131 2801 109 22 Prisoner.
268 2802 12 20 I
289 2809 44 14 was
343 2805 23 18 at
381 2801 84 28 Kapiti,
477 2801 45 21 and
532 2809 29 15 on
573 2802 68 22 board

60 2827 38 23 the
109 2830 56 24 Tory
172 2829 67 21 about
245 2831 42 19 two
296 2836 63 19 years
367 2835 40 20 ago
415 2836 6 19 ;
437 2828 49 22 Ido
494 2831 39 18 not
539 2829 102 21 recollect

60 2854 45 24 her,
109 2855 67 28 firing
184 2862 66 19 guns;
265 2855 38 21 the
312 2855 48 26 fifty
368 2854 78 27 people
455 2861 56 15 were
521 2855 71 21 inside
598 2855 43 21 and

61 2881 86 22 outside
154 2889 6 19 ;
176 2881 66 21 white
251 2881 76 27 people
337 2881 46 21 and
392 2881 85 21 natives
485 2888 5 19 ;
507 2880 62 22 there
585 2889 56 14 were

60 2906 62 23 moire
140 2905 77 24 whites
235 2907 54 22 than
308 2908 98 27 natives;
428 2907 13 21 I
460 2914 45 15 was
520 2908 68 22 about
602 2912 39 18 ten

61 2934 97 22 minutes
167 2934 96 26 walking
274 2934 71 22 down.

89 2967 89 22 Charles
192 2967 88 22 Samuel
296 2967 91 27 Niblett,
399 2974 13 15 a
428 2967 76 22 settler
518 2968 45 22 and
576 2968 64 22 land-

60 3001 82 19 owner,
160 2993 68 28 being
246 3001 84 17 sworn,,
344 2993 95 27 deposed
458 3001 24 14 as
500 2994 98 23 follows:
629 2995 11 22 I

60 3027 44 15 was
113 3021 89 26 passing
212 3021 30 26 by
251 3020 42 21 Mr.
306 3019 140 22 Wakefield's
461 3021 70 21 house
542 3029 29 14 on
584 3022 56 22 Sun-

60 3047 150 27 day'evening
220 3047 47 26 last,
275 3049 27 20 at.
307 3047 68 21 about
381 3048 15 20 7.
404 3047 91 27 o'clock,
507 3048 64 21 when
580 3048 60 23 there

58 3080 45 15 was
113 3081 15 14 a
136 3073 66 27 firing
217 3073 25 21 of
254 3080 80 20 guns;.
339 3073 12 21 I
361 3073 69 21 heard
444 3074 44 21 Mr.
500 3074 140 23 Wakefield's

58 3101 63 21 voice
129 3108 5 20 ;
150 3100 19 23 I.
173 3100 27 21 do
209 3102 44 19 not
258 3099 122 22 remember
388 3099 59 22 what
456 3099 28 22 he
494 3107 46 15 was
548 3102 88 26 saying;

60 3127 12 21 I
86 3127 38 22 did
133 3130 40 19 not
181 3134 37 14 see
227 3126 47 22 him
284 3126 39 22 fire
329 3134 5 14 :
341 3143 4 3 .
350 3125 62 23 there
423 3134 44 14 was
476 3133 14 15 a
498 3127 74 22 crowd
579 3135 6 19 ;
599 3128 41 21 the

59 3153 62 22 noise
139 3153 70 22 lasted
223 3153 67 22 about
306 3154 27 21 20
350 3153 97 21 minutes
455 3160 5 19 ;
477 3153 12 21 I
503 3160 45 15 saw
557 3161 13 14 a
582 3155 58 26 good

60 3186 69 27 many
136 3181 25 22 of
167 3180 37 23 the
215 3180 123 27 surveyor's
347 3179 55 28 boys
407 3188 13 19 ;-
429 3179 13 22 1
450 3186 44 15 was
500 3180 48 27 just
556 3181 84 22 outside

60 3206 38 22 the
108 3205 65 29 door;
189 3207 11 22 I
211 3214 44 14 was
264 3206 88 28 obliged
361 3209 22 19 to
390 3207 66 26 jump
465 3214 63 20 away
537 3207 57 22 from
602 3208 38 21 the

60 3233 47 26 fire,
113 3233 73 22 which
192 3241 45 14 was
247 3233 84 22 outside
340 3233 38 22 the
387 3233 60 26 door,
455 3233 24 22 in
489 3240 151 21 consequence

53 3260 34 21 .of
93 3267 60 15 some
162 3260 112 27 explosive
282 3261 117 21 substance
412 3260 68 27 being
493 3260 87 22 thrown
594 3261 46 21 into

60 3285 31 28 it;
107 3287 20 21 it
137 3287 45 23 .did
197 3290 38 18 not
250 3287 106 27 explode,,
367 3287 45 22 and
430 3287 12 21 I
461 3294 46 14 was
522 3290 40 18 not
577 3287 62 28 hurt;

61 3312 62 22 there
133 3320 56 15 were
199 3313 82 28 merely
291 3321 14 14 a
313 3314 42 21 few
364 3313 64 22 ashes
436 3313 25 22 in
471 3313 37 22 the
518 3313 40 22 fire
564 3322 7 19 ;
587 3314 53 22 lam

61 3339 90 28 slightly
170 3340 130 27 acquainted
318 3340 54 22 with
390 3340 37 22 the
446 3343 98 19 customs
562 3340 26 22 of
602 3341 38 22 the

54 3365 106 28 natives;
175 3367 52 26 they
237 3367 129 24 are.saluted
375 3367 82 27 always
463 3375 6 20 ;
484 3367 18 21 it
510 3367 20 21 is
539 3370 41 19 not
585 3367 55 22 their

61 3395 86 19 custom
155 3395 23 19 to
188 3392 70 23 throw
272 3393 112 28 explosive
401 3394 129 21 substances
545 3395 48 20 into
602 3394 38 22 the

53 3427 3 3 -
62 3417 41 23 fire
110 3426 5 19 ;
131 3419 17 21 it
157 3426 50 20 may
216 3419 29 22 be
253 3427 13 15 a
275 3423 91 24 custom,
382 3421 40 21 but
437 3420 12 22 I
465 3428 36 14 am
516 3424 41 19 not
570 3428 70 15 aware

63 3444 26 22 of
94 3445 30 26 it;
139 3444 37 22 the
193 3446 71 22 crowd
279 3454 56 15 were
351 3447 59 27 good
425 3447 103 27 natured,
541 3447 46 22 and
601 3451 39 18 not

61 3471 139 28 maliciously
209 3471 100 28 disposed
315 3481 6 19 ;
336 3473 38 22 the
383 3474 67 27 firing
464 3481 45 15 was
520 3475 25 21 in
554 3474 86 23 honour

63 3497 26 23 of
95 3505 13 14 a
117 3497 61 22 chief
183 3499 80 21 named
272 3499 103 23 Ekouroo
384 3501 90 27 coming
482 3501 73 28 down,
564 3501 45 22 and
616 3501 22 22 in

61 3527 79 19 return
148 3523 35 23 for
191 3523 35 23 his
235 3525 77 22 salute.

70 3579 3 3 ,
89 3558 35 33 By
133 3557 45 23 Mr.
192 3557 121 22 Wilson.
313 3558 12 23 l
339 3559 69 23 heard
422 3568 30 14 no
468 3561 90 23 caution
573 3561 66 27 given

61 3584 32 28 by
102 3582 38 24 the
155 3591 91 20 persons
260 3584 64 28 firing
336 3590 41 18 not
391 3590 23 18 to
429 3595 50 19 pass
495 3588 38 21 the
547 3588 65 28 door;
628 3588 12 22 I

61 3610 156 28 apprehended
232 3618 31 14 no
277 3611 82 28 danger
374 3613 56 22 from
449 3614 38 22 the
503 3615 75 27 firing;
602 3615 38 21 the

61 3645 57 20 guns
128 3645 56 14 were
193 3640 41 19 not
242 3637 91 27 pointed
341 3642 22 18 at
373 3646 43 21 any
426 3640 66 27 body.

89 3672 35 26 By
148 3671 44 22 Mr.
211 3670 130 23 Wakefield.
384 3673 11 20 I
416 3673 99 28 imagine
538 3675 102 22 Ekouroo

60 3698 74 22 would
144 3697 56 23 have
209 3697 57 22 been
277 3697 101 23 offended
386 3699 20 21 if
413 3701 44 21 Mr.
466 3701 122 22 Wakefield
597 3702 44 22 had

61 3724 154 32 not^returned
225 3723 34 23 his
268 3724 70 22 salute
344 3732 6 19 ;
366 3732 14 15 a
388 3727 74 21 native
472 3734 62 16 came
544 3728 65 22 down
618 3732 22 19 to

61 3749 46 24 Mi'
117 3750 129 27 Wakefield,
257 3754 22 18 at
289 3758 13 14 a
314 3751 68 22 house
399 3753 125 28 belonging,
536 3757 22 19 to
571 3755 70 22 Jonas

61 3777 87 28 Lockit,
166 3783 22 17 to
203 3777 83 22 inform
301 3777 46 24 him
363 3778 48 22 that
426 3779 104 23 Ekouroo
545 3781 43 22 had
607 3789 34 14 ar-

61 3805 68 26 rived,
142 3804 45 22 and
195 3807 23 18 to
227 3811 63 15 come
298 3804 64 22 down
378 3807 23 19 to
414 3805 37 21 his
467 3813 48 15 own
533 3807 68 23 house
618 3812 23 18 to

61 3833 76 19 return
149 3831 34 21 his
199 3830 69 22 salute
275 3838 5 18 ;
297 3831 11 21 I
322 3831 101 21 consider
437 3831 104 23 Ekouroo
550 3836 23 19 to
587 3835 28 21 be
629 3842 13 14 a

61 3861 62 21 great
133 3857 68 27 chief;
217 3857 43 21 Mr.
267 3853 125 26 Wakefield
401 3857 40 22 has
452 3860 126 28 constantly
583 3861 58 22 been

61 3883 25 21 in
95 3883 37 22 the
141 3883 62 23 habit
211 3883 25 22 of
247 3883 95 28 saluting
357 3883 103 23 Ekouroo
475 3892 29 14 on
512 3885 35 22 his
562 3887 80 21 arrival

60 3909 47 21 and
115 3910 115 27 departure
236 3918 6 14 :
254 3910 11 22 I
275 3918 68 14 never
353 3918 44 14 saw
403 3910 36 22 the
449 3911 67 27 firing
526 3919 28 14 on
561 3913 81 22 former

60 3936 114 22 occasions
191 3936 51 23 lead
260 3939 22 19 to
301 3944 14 15 a
333 3937 83 23 tumult
430 3945 26 16 or
470 3937 82 23 breach
567 3939 27 22 of
604 3939 39 22 the

669 141 78 20 peace;
764 134 12 22 I
791 134 28 21 do
828 137 42 18 not
878 133 100 23 consider
987 133 62 22 there
1060 141 42 14 was
1114 141 45 19 any
1169 134 80 21 tumult

670 167 25 14 or
703 161 83 22 breach
796 161 26 22 of
828 161 37 21 the
876 167 66 21 peace
952 167 30 14 on
996 160 45 21 this
1051 160 107 27 occasion,
1170 162 79 25 except

670 187 37 22 the
715 183 74 31 firing.
825 187 10 8 *
1157 192 46 26 x/S*'
1220 193 19 22 't
1249 208 8 9 -,

697 220 34 27 By
748 220 44 22 Mr.
804 219 129 22 Wakefield.
964 219 12 21 I
985 220 124 21 remember
1124 220 34 22 his
1171 220 79 27 saying

669 246 126 28 frequently
804 246 47 21 that
866 246 29 22 he
906 246 110 22 esteemed
1031 246 101 22 Ekouroo
1147 253 22 15 as
1183 247 65 21 much

670 280 25 14 as
713 274 29 20 he
760 272 74 22 would
852 273 34 20 his
905 280 48 14 own
978 272 88 22 brother
1093 273 49 21 that
1158 272 28 22 he
1206 273 44 21 had

670 298 82 22 known
762 300 46 20 him
818 300 34 20 for
869 299 38 21 the
921 306 63 20 space
1001 299 26 21 of
1039 302 42 18 two
1096 306 65 20 yeai's
1167 307 5 19 ;
1190 299 59 21 lam

670 329 40 18 not
715 333 71 14 aware
793 326 49 20 that
848 325 37 21 the
895 329 85 18 custom
987 325 26 21 of
1019 325 97 27 saluting
1122 333 81 19 among
1212 326 36 21 the

670 353 86 20 natives
766 352 17 21 is
793 352 79 26 falling
882 351 41 27 off;
938 352 12 21 I
961 352 115 27 am,living
1087 352 22 21 in
1121 359 12 14 a
1145 352 51 27 pah,
1206 352 44 21 and

670 378 28 21 do
709 381 39 19 not
757 378 47 21 find
812 378 18 21 it
840 385 23 14 so
869 386 5 19 ;
889 378 20 21 it
918 385 74 15 occurs
1004 378 45 21 also
1063 385 80 20 among
1152 378 37 22 the
1198 378 51 21 mis-

670 405 91 27 sionary
777 405 86 21 natives
880 411 23 14 as
914 405 47 22 well
968 413 6 19 ;
990 404 12 22 I
1016 412 36 14 am
1065 409 38 17 not
1117 412 72 15 aware
1203 405 47 21 that

670 431 82 22 salutes
761 432 24 21 in
794 431 87 21 honour
891 432 26 20 of
928 439 89 19 persons
1028 432 25 21 of
1066 431 127 22 distinction
1207 432 42 20 fre-

670 458 93 26 quently
773 465 66 14 occur
849 465 29 14 on
888 458 37 21 the
938 458 97 21 Sabbath
1050 458 24 21 in
1084 458 42 21 this
1143 461 91 23 country
1242 465 5 19 ;

671 484 10 21 1
693 484 65 21 think
774 491 13 14 a
801 484 70 21 salute
888 484 72 21 would
977 484 27 21 be
1018 489 40 22 put
1074 484 33 22 off
1117 485 22 21 in
1150 484 99 22 civilized

670 511 112 21 countries
792 517 30 15 on
831 510 37 21 the
879 511 90 21 sabbath
976 519 6 19 ;
999 511 11 21 I
1020 510 101 23 consider
1130 511 59 21 what
1197 510 52 22 took

670 537 62 27 place
743 540 22 19 to
774 537 27 21 be
811 537 84 27 merely
912 544 13 14 a
939 538 70 21 salute
1015 545 5 19 ;
1037 538 11 21 I
1065 538 64 21 think
1143 537 37 21 the
1194 544 55 19 guns

671 571 57 14 were
744 568 39 17 not
792 563 56 22 fired
863 564 23 21 in
903 571 14 14 a
928 564 136 21 tumultuous
1079 571 91 14 manner
1176 571 6 19 ;
1198 564 51 26 they

671 597 57 14 were
738 590 55 21 fired
808 590 22 21 in
842 590 37 21 the
896 597 93 14 manner
1002 590 47 21 that
1063 591 85 20 natives
1164 590 85 26 usually

670 616 40 21 fire
719 623 13 14 a
743 616 69 22 salute
821 625 4 19 ;
843 617 10 20 I
865 616 28 21 do
903 620 36 18 not
949 617 97 27 imagine
1053 616 47 22 that
1109 617 38 21 the
1157 616 39 22 fire
1206 624 42 14 was

671 642 125 22 calculated
806 647 22 17 to
840 643 70 21 excite
921 646 75 18 terror.

698 676 34 27 By
808 676 68 27 King.
906 675 46 23 The
967 683 57 20 guns
1040 683 55 14 were
1112 675 25 22 of
1150 675 99 22 different

670 702 56 22 sizes
736 710 6 19 ;
765 703 90 27 fowling
875 703 79 27 pieces,
974 703 105 26 muskets,
1096 702 47 22 and
1161 710 12 13 a
1193 702 55 21 duck

670 736 45 19 gun
722 737 6 19 ;
745 730 49 21 Ido
804 734 40 17 not
853 730 65 21 know
928 730 57 21 what
994 729 100 28 quantity
1103 729 25 21 of
1135 729 88 26 powder
1230 729 19 21 is

671 763 117 21 necessary
806 761 22 17 to
844 757 80 26 charge
940 756 37 21 the
993 756 58 21 duck
1065 762 45 20 gun
1118 763 5 19 ;
1140 755 36 21 the
1194 755 55 21 duck

670 790 45 19 gun
726 788 59 16 must
794 784 27 20 be
830 783 80 27 placed
919 790 28 14 on
957 782 37 21 the
1004 782 86 27 ground
1100 785 22 17 to
1130 782 39 20 fire
1178 782 25 26 it,
1214 782 35 20 be-

671 816 65 15 cause
746 810 18 21 it
773 810 18 21 is
808 818 23 13 so
846 810 71 26 heavy
925 817 4 19 ;
945 809 38 21 the
993 809 59 21 duck
1066 815 45 20 gun
1121 815 44 15 was
1179 808 70 27 partly

670 836 25 21 in
704 836 46 21 and
759 837 71 26 partly
842 837 84 21 outside
940 834 45 23 Mr.
1001 835 140 21 Wakefield's
1156 838 50 23 gate
1212 842 6 19 ;
1238 835 11 21 I

670 862 29 22 do
708 866 42 18 not
758 863 65 21 know
832 863 98 21 whether
939 862 38 21 the
987 862 112 26 explosion
1111 862 25 20 of
1149 862 47 20 that
1204 869 45 19 gun

671 889 74 22 would
757 890 73 27 injure
841 896 12 14 a
863 896 73 20 passer
945 889 40 26 by;
1002 888 11 21 I
1024 887 71 22 would
1110 891 39 18 not
1164 895 47 19 pass
1222 888 27 26 by

671 915 64 22 when
745 916 18 21 it
773 924 43 13 was
825 916 23 20 in
860 916 36 20 the
907 919 34 17 act
951 914 26 22 of
984 914 65 26 being
1058 914 129 26 discharged
1195 922 4 18 ;
1210 921 39 14 nor

670 949 57 15 even
736 943 65 21 when
810 950 13 14 a
832 942 66 27 pistol
909 949 22 13 or
939 948 46 20 gun
996 942 25 20 of
1025 948 44 20 any
1077 945 44 17 sort
1131 948 43 14 was
1184 942 65 26 going

672 972 24 17 to
705 969 28 20 be
744 969 61 20 fired.

698 1002 35 27 By
743 1002 44 21 Mr.
798 1002 104 21 Dawson.
931 1001 47 21 The
985 1000 78 27 people
1072 1007 55 15 were
1135 1000 115 22 cautioned

670 1031 23 18 to
703 1029 66 21 stand
784 1029 60 21 aside
861 1029 100 26 previous
979 1031 22 17 to
1016 1027 55 21 each
1086 1027 120 26 discharge,
1222 1027 28 27 by

671 1055 36 22 the
717 1056 78 26 people
806 1056 104 25 standing
917 1055 66 21 about
989 1062 6 18 ;
1006 1054 18 21 it
1033 1054 18 21 is
1059 1054 35 20 the
1105 1057 85 18 custom
1199 1054 50 21 here

670 1081 34 22 for
722 1089 46 20 any
785 1082 85 27 private
888 1081 123 22 individual
1030 1083 21 19 to
1070 1081 39 21 fire
1129 1081 80 21 salutes
1227 1081 23 21 in

670 1109 72 21 honor
759 1109 24 21 of
800 1116 44 19 any
861 1107 63 22 other
938 1114 80 21 person
1034 1108 20 20 if
1072 1107 25 21 he
1115 1107 89 21 chooses
1213 1115 5 18 ;
1239 1108 11 19 I

670 1135 56 22 have
737 1136 57 21 been
802 1135 48 21 told
860 1135 17 21 it
886 1142 43 14 was
938 1135 37 21 the
990 1141 51 15 case
1054 1134 105 26 formerly
1168 1138 23 16 at
1200 1134 50 21 Port

670 1163 130 26 Nicholson,
811 1163 40 20 but
867 1162 41 21 has
924 1161 56 22 been
997 1164 39 23 put
1051 1168 13 14 a
1074 1165 47 22 stop
1132 1165 22 17 to
1164 1161 59 21 since
1233 1162 17 20 it

670 1189 91 21 became
772 1196 13 14 a
794 1193 59 17 town
860 1196 5 19 ;
882 1188 11 21 I
910 1196 66 13 never
991 1189 65 19 knew
1073 1187 122 21 Ekouroo's
1209 1187 41 21 fol-

670 1215 77 22 lowers
758 1223 28 14 on
796 1223 45 19 any
848 1215 81 21 former
935 1215 102 21 occasion
1044 1218 21 17 to
1076 1214 71 21 refuse
1156 1213 94 28 saluting

670 1250 29 13 on
715 1246 96 17 account
825 1243 26 20 of
865 1243 28 20 its
909 1242 66 26 being
990 1240 102 26 Sunday;
1114 1240 37 21 the
1166 1241 84 21 natives

670 1269 49 21 who
734 1269 56 21 fired
811 1272 23 18 at
851 1269 42 21 Mr.
913 1267 127 24 Wakefield,
1058 1274 56 14 were
1129 1267 121 22 Ekouroo's

669 1296 79 27 people
756 1304 5 19 ;
778 1296 10 21 I
800 1302 44 15 saw
853 1302 29 14 no
899 1295 63 21 white
979 1294 77 27 people
1066 1293 65 27 firing
1140 1293 63 22 when
1215 1294 35 22 the

669 1323 101 25 prisoner
778 1323 45 20 and
832 1322 12 21 I
854 1325 59 18 went
921 1329 29 19 up
959 1321 38 21 the
1008 1321 64 21 river.

696 1356 34 27 By
750 1356 43 22 Mr.
815 1355 92 22 Wilson.
936 1354 40 21 We
999 1361 57 14 were
1073 1356 39 19 not
1126 1354 85 22 saluted
1226 1354 23 22 in

670 1383 89 27 passing
768 1390 30 19 up
815 1382 36 21 the
867 1382 59 21 river
940 1385 23 17 at
974 1388 66 19 every
1050 1380 69 21 maori
1135 1381 42 26 pah
1186 1389 6 19 ;
1206 1382 17 21 it
1232 1382 17 21 is

670 1413 39 17 not
719 1410 38 20 the
767 1412 84 18 custom
860 1416 5 19 ;
882 1416 32 14 we
924 1415 56 15 were
996 1406 85 23 saluted
1095 1411 23 17 at
1131 1414 66 21 every
1207 1408 42 27 pah.

669 1436 121 25 belonging
800 1439 23 18 to
832 1436 110 21 Ekouroo.

699 1469 46 22 Mr.
756 1469 97 21 Thomas
862 1468 83 22 Barker
959 1468 68 27 being
1036 1474 78 19 sworn,
1126 1467 97 28 deposes.

670 1495 12 22 I
693 1503 36 14 am
740 1496 87 27 captain
844 1500 23 16 ot
880 1495 37 21 the
930 1495 108 21 schooner
1053 1496 64 19 Mana
1126 1502 4 19 ;
1148 1495 11 21 1
1169 1502 43 14 was
1223 1502 27 15 on

670 1523 70 21 board
748 1523 37 21 the
794 1523 72 25 Mana,
877 1525 23 17 at
917 1521 65 22 about
990 1522 14 21 7
1014 1521 89 27 o'clock,
1116 1528 29 15 on
1163 1522 87 27 Sunday

669 1549 43 21 last
719 1557 5 19 ;
742 1548 12 22 I
764 1549 68 21 heard
842 1556 13 14 a
865 1548 65 26 firing
946 1548 25 21 of
982 1555 57 20 guns
1049 1555 29 15 on
1093 1549 70 25 shore,
1174 1556 14 14 a
1196 1549 54 21 little

670 1577 70 20 above
750 1576 72 21 where
832 1576 38 21 the
885 1575 70 21 vessel
969 1575 48 26 lays
1025 1583 6 18 ;
1048 1575 10 21 I
1069 1575 68 21 heard
1150 1582 29 14 no
1190 1575 60 21 other

670 1604 62 20 noise
740 1611 5 19 ;
768 1603 10 21 I
795 1603 65 21 made
882 1609 29 13 an
931 1602 139 21 observation
1088 1602 47 21 that
1150 1601 13 21 I
1181 1602 69 27 hoped

670 1630 62 21 there
748 1637 44 14 was
808 1636 29 14 no
855 1628 99 27 wadding
962 1629 23 20 in
1004 1628 37 21 the
1057 1635 56 20 guns
1121 1636 5 18 ;
1143 1628 11 22 I
1169 1636 44 14 was
1223 1636 27 14 on

670 1656 70 27 deck;
758 1656 10 21 I
779 1663 43 14 saw
832 1656 37 21 the
880 1655 74 21 smoke
969 1655 40 21 but
1018 1658 39 18 not
1073 1655 36 21 the
1119 1655 50 27 fire;
1189 1655 10 22 I
1208 1663 42 13 saw

670 1690 13 14 a
696 1683 94 21 number
801 1683 25 21 of
837 1683 84 21 natives
928 1681 44 22 and
983 1681 127 28 Europeans
1118 1690 5 18 ;
1135 1681 36 22 the
1182 1683 68 21 vessel

670 1710 37 27 lay
716 1711 68 20 about
792 1711 40 20 300
850 1709 66 28 yards
929 1709 58 21 from
1005 1709 36 21 the
1057 1712 48 23 spot
1112 1716 5 19 ;
1133 1709 12 21 I
1160 1716 90 19 suppose

671 1737 36 21 the
722 1737 60 21 river
799 1741 22 17 to
838 1737 27 21 be
875 1743 14 14 a
908 1739 87 24 quarter
1012 1735 24 21 of
1048 1742 14 14 a
1077 1736 50 20 mile
1145 1730 66 27 broad
1219 1744 5 18 ;
1240 1736 10 21 I

670 1763 63 21 don't
742 1770 93 21 suppose
846 1763 36 21 the
893 1762 101 27 wadding
1004 1762 57 21 from
1076 1761 35 23 the
1120 1769 57 19 guns
1188 1763 62 21 could

670 1790 68 21 reach
752 1798 37 18 my
801 1790 77 21 vessel.

700 1824 34 26 By
750 1823 44 21 Mr.
815 1824 67 26 King.
914 1824 63 20 Some
997 1822 25 22 of
1040 1822 37 22 the
1093 1825 84 25 reports
1196 1830 55 14 were

670 1851 78 21 louder
758 1850 53 21 than
820 1850 73 22 others
900 1858 6 19 ;
922 1850 35 21 the
967 1849 88 22 loudest
1072 1849 65 22 about
1147 1850 48 21 that
1204 1850 25 21 of
1239 1858 12 13 a

672 1878 60 20 three
743 1877 100 27 pounder
850 1885 5 19 ;
872 1877 11 21 I
894 1883 92 21 suppose
997 1883 14 14 a
1020 1880 88 24 quarter
1119 1876 26 21 of
1155 1884 13 13 a
1178 1877 73 26 pound

671 1905 26 20 of
707 1904 90 27 powder
812 1911 117 19 necessary
939 1907 22 17 to
971 1903 51 21 load
1041 1911 12 13 a
1069 1903 60 21 three
1139 1903 111 27 pounder;

671 1931 58 21 lam
740 1937 29 14 an
780 1930 146 26 Englishman
933 1937 5 19 ;
954 1929 11 21 I
982 1930 44 20 live
1042 1930 24 20 in
1076 1930 133 26 Derbyshire
1219 1938 4 18 ;
1239 1931 11 21 I

670 1958 29 20 do
715 1961 41 17 not
773 1957 64 20 think
851 1956 66 26 filing
931 1963 28 14 on
975 1956 90 26 Sunday
1081 1956 73 21 would
1168 1956 28 21 be
1205 1964 47 20 per-

670 1984 80 21 mitted
768 1984 23 20 in
810 1983 134 27 Derbyshire
954 1989 5 14 :
981 1983 10 20 1
1013 1982 56 21 have
1086 1982 69 22 heard
1172 1984 80 21 salutes

670 2010 56 21 fired
742 2010 24 20 in
783 2010 81 20 British
880 2010 63 19 India
956 2016 29 13 on
1002 2010 102 25 Sunday;
1129 2010 13 19 I
1161 2016 35 13 am
1215 2014 37 16 not

670 2043 72 14 aware
753 2035 48 22 that
810 2035 12 21 I
832 2034 64 22 made
913 2041 42 20 any
966 2034 64 22 other
1045 2035 139 21 observation
1200 2036 51 21 than

671 2063 48 22 that
729 2062 11 21 I
752 2062 129 21 mentioned
889 2062 91 21 relative
994 2065 22 18 to
1027 2060 36 22 the
1074 2062 71 25 firing.

698 2100 34 26 By
748 2099 44 21 Mr.
804 2098 128 21 Wakefield.
962 2097 13 22 I
990 2105 37 14 am
1037 2102 40 17 not
1089 2105 72 15 aware
1177 2099 48 21 that
1235 2100 18 21 it

670 2126 19 21 is
707 2126 66 21 usual
794 2125 34 21 for
846 2126 83 26 private
954 2125 116 21 merchant
1093 2126 60 26 ships
1171 2130 23 17 to
1213 2127 38 22 iire

671 2152 83 22 salutes
771 2152 23 21 in
820 2152 52 21 Port
890 2152 135 26 Nicholson;
1047 2152 52 27 they
1117 2152 40 21 fire
1177 2160 13 14 a
1207 2161 44 19 gun

670 2180 70 26 going
754 2182 38 18 out
802 2179 126 21 sometimes
935 2187 5 18 ;
957 2179 10 20 I
980 2185 42 14 was
1032 2182 23 17 at
1070 2179 52 21 Port
1131 2180 121 22 Nicholson

671 2210 25 17 at
709 2206 38 21 the
762 2206 53 21 time
834 2206 25 20 of
870 2213 28 13 an
915 2205 155 27 apprehended
1085 2206 74 21 attack
1173 2207 30 27 by
1217 2207 35 22 the

672 2233 86 21 natives
766 2240 5 19 ;
786 2233 63 20 there
865 2239 44 14 was
924 2233 65 26 tiring
1006 2232 79 26 during
1099 2232 37 21 the
1152 2234 69 21 whole
1231 2235 25 21 of

672 2260 36 21 the
716 2260 70 26 night,
799 2259 45 21 and
858 2264 49 22 part
917 2260 23 20 of
952 2260 36 20 the
999 2263 54 16 next
1067 2260 42 26 day
1117 2267 5 19 ;
1138 2260 62 22 there
1210 2268 42 15 was

671 2294 13 13 a
694 2287 73 21 notice
776 2286 74 21 issued
862 2287 27 25 by
900 2286 35 21 the
952 2286 137 26 magistrates
1099 2286 37 21 the
1147 2292 54 16 next
1210 2288 43 27 day

672 2317 23 18 to
710 2316 93 24 prevent
819 2314 30 26 it;
872 2313 60 20 there
950 2313 19 21 is
988 2319 14 14 a
1020 2312 60 21 bank
1097 2313 100 22 between
1216 2315 36 21 the

672 2340 71 22 vessel
753 2340 44 21 and
808 2339 36 22 the
855 2344 49 22 spot
914 2340 69 21 where
1000 2339 36 22 the
1047 2339 65 27 firing
1122 2340 51 21 took
1183 2341 68 26 place.

699 2382 44 21 Mr.
762 2380 59 22 John
838 2380 86 22 Holder
936 2380 68 27 being
1018 2387 77 20 sworn,
1114 2380 97 28 deposes.
1241 2384 10 21 I

672 2416 35 14 am
717 2416 14 13 a
740 2408 114 21 sectionist
862 2415 5 19 ;
883 2408 11 21 I
905 2407 68 22 heard
982 2415 14 13 a
1011 2408 62 20 noise
1087 2407 25 22 of
1123 2408 66 28 firing
1197 2417 55 19 guns

671 2436 101 21 between
789 2441 68 15 seven
874 2434 44 21 and
933 2434 60 27 eight
1013 2434 83 21 o'clock
1116 2442 29 14 on
1164 2437 88 28 Sunday

672 2462 96 26 evening
776 2461 49 27 last,
837 2465 23 18 at
870 2462 42 21 Mr.
923 2461 140 21 Wakefield's
1075 2462 67 21 house
1150 2470 6 20 ;
1172 2463 12 21 I
1196 2469 56 17 went

672 2492 22 18 to
703 2496 37 14 see
752 2488 58 22 what
825 2495 44 14 was
886 2488 36 21 the
935 2492 88 23 matter,
1034 2488 45 21 and
1094 2488 12 21 I
1122 2496 43 15 was
1182 2492 45 21 told
1234 2492 18 21 it

671 2523 45 14 was
728 2523 13 14 a
750 2515 72 22 salute
832 2522 30 14 on
872 2514 37 22 the
924 2514 80 22 arrival
1020 2515 26 21 of
1056 2515 37 20 the
1108 2515 61 23 chief
1180 2518 72 22 Ekou-

671 2551 50 19 rooj
738 2549 24 14 as
773 2542 11 21 I
794 2542 80 26 passed
884 2546 26 22 by
921 2541 34 22 the
971 2549 68 14 warre
1054 2549 60 14 some
1130 2550 43 15 one
1184 2545 68 22 called

672 2573 38 18 out
727 2569 51 21 take
795 2575 57 21 care,
863 2569 33 21 for
913 2569 60 20 there
990 2568 20 22 is
1026 2576 13 13 a
1056 2570 69 21 maori
1143 2570 52 23 with
1205 2573 47 21 four

672 2597 92 25 charges
773 2596 23 21 in
809 2595 35 21 his
860 2602 52 20 gun,
923 2596 43 20 and
983 2596 13 21 I
1013 2598 38 24 got
1068 2600 37 17 out
1122 2597 26 22 of
1159 2599 37 21 the
1206 2607 45 19 way

672 2625 33 20 lor
715 2627 49 17 tear
774 2622 25 21 of
809 2622 28 21 its
853 2622 100 26 bursting
960 2630 5 19 ;
983 2622 11 21 I
1006 2622 68 22 heard
1087 2623 62 23 three
1167 2633 25 14 or
1205 2626 47 21 four

672 2650 84 26 voices;
773 2649 11 21 I
794 2648 38 22 did
842 2652 40 18 not
897 2648 64 22 know
971 2649 60 21 what
1048 2650 50 26 they
1110 2657 55 23 \^ere
1175 2653 77 27 saying

672 2677 94 22 because
776 2675 53 27 they
840 2683 55 14 were
905 2683 23 14 so
936 2676 34 21 far
980 2676 42 26 off;
1034 2675 11 22 I
1056 2676 63 23 stood
1128 2678 35 22 far
1215 2680 37 21 be-

672 2711 66 14 cause
755 2704 12 21 I
782 2702 95 27 thought
892 2702 60 22 there
968 2710 44 14 was
1026 2702 83 27 danger
1124 2706 26 21 of
1161 2706 37 22 the
1207 2713 44 20 gun

670 2730 103 26 bursting
779 2737 5 19 ;
802 2730 36 21 the
849 2730 77 26 people
934 2737 56 14 were
1002 2730 129 28 apparently
1141 2733 60 27 quiet
1209 2734 43 21 and

671 2758 85 26 merely
773 2756 92 26 looking
881 2763 43 20 on;
945 2757 63 20 there
1024 2763 57 15 were
1098 2762 44 18 two
1161 2760 91 22 maories

670 2783 73 27 firing,
755 2782 44 23 and
814 2790 60 14 some
889 2790 42 14 one
946 2784 66 26 firing
1025 2787 40 18 out
1074 2785 24 20 of
1110 2786 37 22 the
1157 2789 72 24 warrS,
1240 2794 12 14 a

671 2810 65 21 white
747 2816 59 20 man,
818 2810 39 21 but
873 2809 12 22 I
900 2810 58 21 can't
968 2817 69 14 swear
1051 2810 56 23 who'
1117 2813 16 20 it
1144 2820 56 20 was;
1216 2814 36 21 the

670 2836 67 22 white
747 2843 52 15 man
810 2836 48 21 who
869 2836 47 21 told
925 2843 34 14 me
966 2836 64 22 there
1041 2844 54 15 were
1103 2839 51 22 four
1164 2840 88 27 charges

670 2862 31 28 in,
711 2863 20 21 is
747 2862 81 22 named
844 2862 100 28 Simpson
950 2871 6 19 ;
973 2864 11 21 I
998 2863 62 21 don't
1076 2864 66 23 know
1156 2867 96 21 whether

671 2889 28 22 he
715 2889 68 27 spoke
798 2889 24 21 in
834 2887 54 29 joke
905 2897 24 13 or
943 2894 53 22 not;
1018 2890 11 20 I
1046 2890 65 23 know
1128 2894 124 27 something

670 2916 70 21 about
755 2923 14 14 a
785 2916 111 21 cannister
913 2916 23 21 of
947 2916 89 26 powder
1049 2918 67 28 being
1131 2920 87 22 thrown
1229 2921 23 21 in

670 2942 37 22 the
723 2943 48 26 fire,
781 2942 20 22 it
816 2942 115 27 exploded,
942 2942 45 23 and
998 2943 11 21 I
1025 2950 46 15 was
1083 2946 111 29 alarmed;
1210 2947 42 22 this

670 2977 44 14 was
724 2970 56 21 after
790 2969 37 22 the
844 2970 66 26 firing
926 2969 77 22 ceased
1009 2977 6 19 ;
1032 2970 37 22 the
1079 2972 38 22 fire
1132 2981 43 14 was
1187 2975 65 21 about

670 2996 49 22 half
740 2996 36 22 the
799 2996 99 21 distance
921 2996 99 22 between
1044 2998 44 23 Mr.
1114 2998 138 25 Wakefield's

669 3022 70 23 house
748 3022 45 23 and
802 3022 38 22 the
849 3023 65 27 river,
922 3023 70 22 which
1000 3024 11 20 I
1019 3024 63 23 think
1091 3026 19 22 is
1119 3027 68 22 about
1195 3028 57 27 sixty

670 3056 25 15 or
712 3054 92 22 seventy
821 3050 78 27 yards;
923 3050 60 21 there
1002 3059 44 14 was
1063 3053 68 22 about
1150 3061 13 14 a
1180 3054 71 22 dozen

670 3083 92 41 Sersons
771 3076 73 23 round
852 3076 37 21 the
900 3076 49 28 fire;
961 3077 12 22 I
981 3077 37 22 did
1029 3083 39 17 not
1077 3087 36 15 see
1122 3080 43 22 Mr.
1173 3081 79 22 Wake-

686 3103 37 22 eld
732 3108 23 17 at
764 3104 29 21 all
801 3112 6 19 ;
823 3103 37 22 the
870 3104 85 21 embers
965 3112 57 14 were
1036 3107 109 21 scattered
1154 3111 22 17 to
1187 3116 13 14 a
1209 3108 43 22 dis-

670 3133 72 24 tance,
761 3137 61 15 some
838 3137 24 14 as
875 3130 35 21 far
924 3137 22 15 as
962 3132 46 21 Mr.
1020 3132 139 24 Wakefield's
1173 3134 63 23 fence
1244 3143 6 19 ;

670 3156 62 22 there
746 3163 43 16 was
808 3157 94 27 nothing
911 3158 131 27 amounting
1050 3163 24 18 to
1089 3168 39 20 my
1135 3161 52 22 idea
1203 3161 26 23 of
1238 3169 14 14 a

669 3182 50 22 riot.

696 3217 34 26 By
740 3217 43 22 Mr.
794 3217 132 22 Wakefield.
954 3218 12 22 I
983 3219 46 22 had
1044 3228 30 14 no
1088 3221 51 22 idea
1149 3221 48 23 that
1208 3223 41 21 Mr.

670 3243 123 22 Wakefield
802 3251 44 14 was
860 3245 123 22 connected
999 3247 23 21 in
1039 3254 44 21 any
1093 3255 49 20 way
1152 3249 53 22 with
1214 3249 35 21 the

670 3269 110 27 throwing
789 3271 25 21 of
825 3271 89 25 powder
923 3272 22 21 in
957 3272 37 22 the
1004 3273 47 22 fire.

696 3303 48 22 The
754 3303 113 27 following
875 3304 65 22 letter
952 3305 84 29 having
1051 3309 55 21 been
1123 3308 90 22 handed
1229 3312 22 18 to

670 3329 37 22 the
726 3330 126 27 Chairman,
876 3330 31 28 by
930 3332 35 21 the
990 3333 62 23 chief
1076 3335 119 27 constable,
1215 3335 36 22 the

670 3356 118 21 Chairman
799 3357 118 22 remarked
926 3358 46 21 that
982 3367 60 15 some
1053 3362 110 27 cowardly
1172 3369 78 20 person

669 3382 45 23 had
723 3388 51 16 sent
782 3390 29 15 an
828 3390 137 20 anonymous
982 3386 66 23 letter
1063 3388 98 22 directed
1178 3393 21 17 to
1216 3389 35 21 the

670 3410 142 26 Magistrates
820 3417 5 14 :
855 3410 48 21 that
926 3411 26 22 he
976 3419 44 16 was
1046 3415 26 21 of
1096 3415 91 28 opinion
1193 3414 3 7 '
1207 3413 45 24 that

669 3443 140 21 anonymous
818 3434 75 24 letters
903 3437 79 24 should
990 3444 41 17 not
1039 3441 28 21 be
1076 3442 53 21 read
1137 3442 25 21 in
1178 3443 72 26 Court,

669 3463 39 22 but
718 3471 45 14 was
771 3463 127 22 over-ruled
907 3464 28 27 by
949 3466 38 21 the
1004 3468 101 28 majority
1113 3476 5 19 ;
1135 3468 36 22 the
1189 3469 63 21 letter

668 3490 20 21 is
704 3490 111 25 therefore
830 3490 61 27 read,
911 3491 44 22 and
971 3493 45 22 Mr.
1037 3495 61 26 King
1114 3501 73 16 avows
1206 3496 46 22 that

692 3517 37 22 the
739 3518 65 21 letter
812 3516 123 28 proceeded
944 3518 57 23 from
1015 3520 34 22 his
1059 3522 74 26 house,
1147 3522 44 22 and
1206 3522 46 22 that

668 3543 82 23 female
762 3543 99 28 delicacy
871 3544 64 22 alone
944 3548 123 25 prevented
1077 3548 33 22 his
1119 3549 64 21 sister
1197 3549 55 21 from

669 3571 116 26 attaching
805 3570 41 22 her
863 3578 65 15 name
943 3577 23 17 to
1043 3582 59 20 upon
1121 3575 74 22 which
1213 3576 37 20 the

670 3597 118 22 Chairman
808 3598 100 26 explains
926 3602 22 18 to
965 3600 39 22 the
1020 3601 73 27 Court,
1112 3602 49 21 that
1173 3602 19 21 it
1206 3602 19 21 is
1239 3609 13 14 a

668 3624 92 26 general
776 3624 55 26 rule,
850 3624 48 22 that
914 3625 35 22 the
968 3627 50 22 best
1034 3628 95 27 possible
1149 3628 103 22 evidence

669 3651 57 22 shall
734 3652 28 21 be
773 3650 50 28 had,
842 3651 48 22 that
899 3651 109 24 therefore
1018 3654 18 21 it
1046 3654 43 22 will
1099 3656 27 20 be
1136 3662 116 20 necessary

670 3681 22 18 to
701 3685 102 15 summon
816 3678 56 22 Miss
884 3678 66 28 King,
961 3680 41 23 but
1015 3681 19 21 is
1048 3682 65 26 again
1128 3681 124 23 over-ruled

668 3705 31 27 by
708 3705 39 22 the
756 3704 111 28 majority.

875 3750 7 5 '
917 3739 87 29 (Copy.)

720 3774 142 28 Gentlemen,
870 3776 70 21 As
969 3777 39 21 the
1030 3777 174 22 administrators
1230 3776 25 22 of

785 3801 48 22 .law
849 3802 23 22 in
887 3802 43 22 this
945 3802 87 28 colony,
1043 3804 45 21 and
1102 3806 151 19 conservators

728 3828 75 26 public
820 3827 110 28 decorum,
942 3829 12 21 I
969 3834 93 23 request
1076 3836 55 20 your
1146 3830 107 21 attention

724 3854 39 21 the
773 3854 113 27 following
901 3858 86 19 matter.
1015 3855 123 27 Yesterday
1149 3856 101 26 evening,

801 3880 95 26 evening
924 3888 37 20 my
975 3881 78 28 family
1070 3889 57 14 were
1142 3882 112 22 disturbed

692 3906 33 26 by-
735 3906 107 27 repeated
856 3906 126 28 discharges
1000 3908 25 21 of
1043 3908 41 22 fire
1098 3915 60 15 arms
1166 3917 6 19 ;
1194 3916 60 14 some

693 3933 132 27 apparently
835 3933 25 22 of
866 3933 150 24 considerable
1025 3935 54 27 size,
1087 3943 23 15 as
1121 3935 37 23 the
1168 3939 86 24 reports

529 53 99 31 THE
645 53 111 31 NEW
769 53 226 35 ZEALAND
1016 53 221 31 GAZETTE
1257 54 100 30 AND
1379 54 324 32 WELLINGTON
1726 56 283 31 SPECTATOR.

63 146 112 27 evidence,
188 142 42 25 and
242 140 54 23 took
306 139 65 31 pains
381 142 23 19 to
416 138 84 23 inform
512 145 43 22 me,
568 138 24 23 in
602 137 39 23 the

65 186 78 16 course
154 177 24 23 of
192 175 36 24 the
247 172 58 28 trial,
317 171 49 24 that
383 171 29 23 he
427 171 46 23 had
484 171 62 23 often
557 178 35 16 set
602 170 39 23 the

63 208 164 27 Chief-Justice
245 205 43 23 and
305 204 229 30 Attorney-General
546 204 24 23 of
585 204 56 23 New-

63 243 72 24 South
147 240 75 24 Wales
234 238 60 30 right
305 239 24 21 in
348 237 58 23 their
423 237 44 23 law
477 246 7 19 ;
505 236 87 31 though
603 236 38 23 the

63 276 51 29 only
126 275 42 22 law
177 271 72 24 which
260 271 29 23 he
301 269 65 24 could
378 274 66 26 quote
456 278 30 15 on
497 270 39 23 the
555 269 86 31 subject

61 315 45 16 was
128 307 48 22 that
197 312 54 22 very
272 303 247 30 Attorney-General's
542 304 97 30 opinion.

62 341 15 23 I
87 340 45 22 had
143 338 81 29 always
235 335 113 31 imagined
359 337 56 27 that,
428 336 62 23 since
510 336 38 23 the
561 336 80 23 arrival

62 373 25 23 of
101 379 41 16 our
153 370 77 24 Chief-
232 369 86 24 Justice
326 368 44 24 and
381 369 224 31 Attorney-General
619 375 22 17 at

61 405 146 29 Wellington,
227 410 34 16 we
279 409 57 16 were
354 401 71 24 under
445 402 88 23 British
551 402 55 24 law:

61 439 41 22 hut
120 437 47 24 Mr.
188 435 101 24 Dawson
311 442 28 16 on
357 442 67 23 every
441 435 104 23 occasion
562 440 79 26 quotes

63 470 56 24 New
140 468 74 25 South
229 468 78 23 Wales
324 468 50 28 law,
394 468 60 23 from
472 476 13 14 a
501 468 59 23 little
581 468 60 23 book

63 503 71 24 called
171 501 37 24 the
225 500 133 24 Australian
374 501 135 31 Magistrate
571 501 70 23 which

61 536 42 23 lies
122 543 30 15 on
169 534 37 24 the
225 534 59 23 table
295 543 6 19 ;
320 534 44 23 and
385 534 19 23 is
422 533 38 24 the
479 534 74 23 oracle
565 533 25 24 of
604 534 37 23 the

61 569 130 29 Wanganui
208 567 88 24 Bench.
327 564 4 5 '
342 567 75 23 When
437 566 38 23 the
493 566 79 23 Bench
592 571 49 26 gets

61 601 95 32 puzzled
176 609 28 14 on
225 608 45 24 any
280 601 64 30 point
362 600 25 23 of
406 600 50 27 law,
476 599 38 22 the
534 599 70 24 Court
622 601 19 21 is

63 634 94 29 cleared,
171 634 43 23 and
225 634 38 22 the
280 633 58 23 little
358 632 60 23 book
437 632 99 23 referred
552 637 31 19 to.
618 632 23 24 A

60 668 118 30 quotation
188 667 59 23 from
258 666 45 23 this
314 665 88 31 printed
414 665 137 30 Pythoness,
563 665 31 31 by
603 665 38 24 the

61 700 158 23 authoritative
230 699 78 23 Police
322 698 143 30 Magistrate,
477 705 26 16 or
515 698 126 29 Governor,

60 742 26 14 as
97 733 30 23 he
138 733 69 30 styles
216 731 98 28 himself,
326 731 19 23 is
357 730 131 24 considered
501 731 106 24 decisive.

262 771 14 23 I
289 771 93 27 remain,
395 770 45 28 Sir,

293 810 66 24 Your
369 810 106 24 obedient
483 816 98 23 servant,

127 853 31 24 E.
174 851 228 24 JERNINGHAM
420 851 218 25 WAKEFIELD.

114 896 121 23 Published
244 896 30 27 by
284 896 31 22 M.
327 896 105 27 Murphy,
441 896 60 27 Esq.,
512 896 49 23 J.P.

1881 138 110 26 practising
2006 141 39 17 out
2060 140 24 19 of
2097 140 55 19 their
2169 147 45 13 own
2234 144 96 23 country,
2346 143 59 19 while
2424 143 36 19 the

1881 166 124 24 professions
2015 166 23 19 in
2048 166 34 19 the
2090 167 90 19 colonies
2187 174 34 13 are
2231 174 54 19 open
2292 171 22 17 to
2325 169 28 19 all
2359 170 46 18 who
2413 175 47 20 may

1881 192 83 25 migrate
1982 193 86 20 thither.
2096 193 44 20 The
2156 200 89 14 avenues
2260 197 24 17 to
2299 195 34 20 the
2348 202 58 19 army
2419 197 42 19 and

1882 225 56 19 navy,
1959 220 40 19 and
2016 220 29 19 all
2061 220 34 19 the
2112 220 139 26 departments
2268 221 23 20 of
2307 223 36 19 the
2359 223 100 25 imperial,

1882 246 81 24 service,
1975 253 33 12 are
2015 247 125 25 practically
2149 248 70 19 closed
2229 251 23 16 to
2262 249 63 20 them.
2355 249 105 21 Notwith-

1882 273 95 25 standing
1985 274 35 19 the
2037 274 94 19 intimate
2145 274 121 26 knowledge
2284 276 49 25 they
2342 283 80 18 possess
2433 282 27 14 on

1882 300 88 19 colonial
1979 300 98 25 subjects,
2085 301 45 19 who
2138 301 23 19 of
2170 301 53 19 their
2230 301 83 26 leading
2320 309 46 13 men
2373 310 34 13 are
2413 310 48 13 ever

1882 326 87 20 selected
1979 329 22 17 to
2011 333 77 19 govern
2098 328 58 19 other
2166 328 109 26 provinces
2282 329 8 19 ?
2318 330 20 18 A
2347 331 80 24 captain
2438 331 22 19 in

1882 354 33 19 the
1922 359 60 20 navy,
1987 360 12 13 a
2005 354 82 20 colonel
2093 355 22 18 in
2122 355 35 19 the
2165 361 64 19 army,
2238 362 12 12 a
2255 355 205 26 Londonmerchant,

1883 386 21 13 or
1911 387 27 12 an
1945 381 129 25 unprovided
2080 382 81 19 natural
2169 388 45 17 son,
2225 388 40 19 any
2271 388 83 20 person,
2365 384 22 18 in
2394 385 66 23 short,

1883 407 50 20 from
1943 407 69 20 whose
2028 408 97 25 previous
2134 409 110 19 education
2257 410 158 20 constitutional
2423 411 39 19 law

1883 434 35 19 lias
1923 434 52 19 been
1982 435 76 25 wholly
2062 435 106 23 excluded,
2173 436 17 19 is
2198 437 89 24 thought
2293 437 67 19 better
2365 438 97 25 qualified

1883 467 21 13 or
1913 459 57 22 bore
1980 461 82 25 eligible
2071 462 32 19 for
2118 462 57 19 these
2185 463 114 25 important
2312 464 68 20 duties
2390 465 49 19 than
2450 472 12 12 a

1883 488 94 24 colonist,
1989 489 61 19 while
2064 489 46 19 that
2123 489 129 25 department
2260 491 47 19 that
2316 497 96 19 manages
2422 493 41 18 and

1883 515 74 19 directs
1966 515 27 19 all
2001 515 58 20 these
2067 516 155 25 dependencies,
2233 517 78 19 seldom
2319 519 96 19 contains
2422 525 40 13 one

1883 541 110 20 individual
2001 543 45 19 that
2056 543 36 19 has
2102 549 46 13 ever
2158 543 52 20 been
2220 547 37 16 out
2267 544 24 20 of
2299 544 64 20 Great
2373 545 88 21 Britain.

1883 569 17 19 A.
1914 575 85 19 peerage
2016 570 103 25 generally
2133 571 70 19 awaits
2217 577 11 13 a
2246 571 213 26 Governor-General,

1882 595 36 20 but
1930 596 134 20 indifference
2079 603 23 13 or
2112 597 80 25 neglect
2206 599 87 18 rewards
2304 599 59 19 those
2373 599 90 26 through

1883 623 64 19 whose
1962 618 131 30 intelligence
2107 624 40 19 and
2157 624 73 25 ability
2239 625 26 19 he
2279 625 18 19 is
2307 626 60 19 alone
2377 627 86 19 enabled

1883 651 19 18 to
1913 650 105 25 discharge
2029 651 32 19 his
2071 651 74 19 duties.
2174 651 45 20 The
2225 658 56 13 same
2290 653 83 26 remedy
2379 653 33 20 for
2419 654 41 19 this

1883 679 157 23 contemptuous
2048 678 79 25 neglect
2134 684 73 14 occurs
2215 681 20 17 to
2246 679 29 19 all
2279 686 55 17 men,
2344 681 22 18 in
2373 681 29 19 all
2406 687 56 18 ages.

1884 703 63 20 When
1963 705 35 18 the
2007 704 91 25 delegate
2107 705 54 19 from
2172 706 35 18 the
2218 705 60 20 Gabii
2288 707 108 19 consulted
2410 708 52 19 Tar-

1883 731 55 25 quin,
1949 731 26 19 he
1985 731 51 19 took
2046 732 42 19 him
2098 732 44 19 into
2149 732 33 19 his
2189 733 84 24 garden,
2285 734 39 18 and
2335 734 89 25 drawing
2431 735 31 20 his

1883 758 65 19 sword
1959 761 35 17 cut
2004 759 30 19 off
2039 759 34 19 the
2083 759 62 19 heads
2152 761 25 17 of
2185 760 35 19 the
2227 760 70 19 tallest
2306 761 93 24 poppies.
2419 762 44 20 The

1883 785 46 19 hint
1938 791 42 14 was
1991 789 38 16 not
2035 786 47 23 lost,
2094 786 39 19 and
2144 787 35 19 the
2184 787 113 25 patricians
2306 794 52 13 soon
2364 789 105 25 severally-

1883 812 141 25 disappeared.
2039 813 68 19 When
2114 819 38 13 our
2160 816 62 23 agent
2230 814 23 18 in
2260 813 77 21 France
2344 815 120 20 mentioned

1883 839 34 19 the
1927 839 118 20 difficulties
2058 840 44 19 that
2117 841 103 19 subsisted
2229 841 92 20 between
2332 848 24 12 us
2366 842 40 19 and
2417 842 45 20 Bri-

1883 866 49 23 tain,
1951 867 35 19 the
1996 867 59 25 King
2071 867 139 25 significantly
2219 868 87 25 pointed
2319 871 23 17 to
2352 875 11 13 a
2374 869 57 25 piece
2441 870 23 19 of

1883 893 110 24 ordnance,
2005 894 41 19 and
2057 894 97 20 observed
2163 895 18 19 it
2191 901 40 13 was
2241 901 26 13 an
2281 895 45 20 able
2337 896 125 25 negociator,

1883 921 39 18 and
1930 921 35 19 the
1971 921 96 25 meaning
2074 928 38 12 was
2121 924 37 17 too
2168 922 86 19 obvious
2262 924 23 18 to
2293 922 24 20 be
2325 922 138 26 disregarded.

1883 947 66 19 When
1968 947 110 26 Papineau,
2097 954 55 14 more
2169 949 99 25 recently,
2286 949 63 20 asked
2362 950 71 19 advice
2443 951 21 18 o

1884 975 32 19 the
1926 975 110 19 reformers
2046 975 21 19 in
2078 975 102 26 England,
2191 976 27 20 he
2225 982 40 14 was
2273 976 51 24 told,
2360 976 58 26 Keep
2429 978 35 19 the

1883 1002 89 25 glorious
1982 1002 94 26 example
2085 1002 23 20 of
2121 1003 35 19 the
2168 1002 78 20 United
2264 1003 68 20 States
2347 1004 115 26 constantly

1883 1029 21 19 in
1912 1029 52 19 view
2012 1030 41 19 and
2063 1036 25 12 an
2098 1030 139 19 insurrection
2255 1036 51 13 soon
2321 1031 103 24 followed,
2441 1034 23 17 to

1883 1056 82 26 destroy
1975 1056 55 20 what
2047 1056 31 20 his
2094 1057 67 19 friend
2177 1057 66 19 called
2285 1058 34 19 the
2333 1058 84 19 baneful
2427 1059 37 19 do-

2044 1084 44 19 The
2111 1090 142 20 consequence
2272 1084 24 20 of
2318 1086 104 25 oversight
2441 1092 25 13 or

1884 1110 84 25 neglect,
1980 1117 21 13 as
2013 1116 38 14 our
2061 1111 116 19 revolution
2184 1112 40 18 aud
2231 1112 35 19 the
2274 1112 40 19 late
2323 1112 141 20 disturbances

1883 1137 21 19 in
1920 1137 83 20 Canada
2018 1142 37 15 too
2069 1138 76 26 plainly
2156 1138 78 24 evince,
2251 1139 26 24 is,
2294 1139 46 19 that
2356 1140 108 24 ambition,

1884 1164 141 26 disappoiuted
2036 1165 24 19 of
2073 1166 27 19 its
2114 1166 111 24 legitimate
2240 1166 98 23 exercise,
2353 1166 18 19 is
2380 1171 42 21 apt,
2441 1168 24 19 in

1883 1192 26 19 its
1917 1192 88 25 despair,
2016 1194 21 17 to
2045 1194 87 23 attempt
2138 1193 35 19 the
2179 1193 140 25 enlargement
2328 1193 24 20 of
2355 1194 27 19 its
2391 1195 73 24 sphere

1884 1218 25 25 by
1919 1219 35 19 the
1968 1226 36 13 use
2015 1220 24 18 of
2052 1220 34 19 the
2096 1220 73 19 sword.
2199 1220 145 24 Washington,
2361 1222 18 18 it
2389 1221 18 19 is
2417 1222 47 19 well

1883 1246 82 24 known,
1982 1246 38 19 felt
2030 1246 35 19 the
2082 1246 86 26 chilling
2182 1247 104 19 influence
2296 1248 23 18 of
2335 1248 42 19 this
2387 1248 77 26 policy.

1884 1272 82 26 Having
1977 1274 92 19 attained
2083 1274 55 25 early
2147 1274 23 19 in
2180 1274 36 19 life
2227 1277 22 16 to
2260 1276 57 23 great
2326 1274 103 21 influence
2438 1276 28 25 by

1885 1301 33 18 the
1928 1301 73 19 favour
2008 1301 23 18 of
2039 1301 33 19 his
2079 1303 143 23 countrymen,
2233 1303 39 17 not
2279 1302 49 25 only
2335 1302 87 19 without
2429 1303 36 19 the

1884 1328 38 22 aid,
1934 1328 37 19 but
1981 1329 81 24 against
2070 1328 34 19 the
2114 1329 80 24 neglect
2203 1328 22 19 of
2238 1329 36 19 the
2285 1328 181 21 Commander-in-

1884 1355 61 23 chief,
1956 1356 26 19 he
1992 1361 48 17 saw,
2052 1361 12 13 a
2071 1356 86 24 regular,
2170 1356 40 19 and
2220 1356 118 19 sometimes
2348 1359 38 17 not
2395 1363 12 12 a
2417 1363 49 20 very

1882 1382 102 24 judicious
1994 1382 154 24 advancement,
2164 1383 21 18 in
2196 1383 35 19 the
2246 1383 91 25 military
2347 1384 118 25 operations

1884 1410 20 18 in
1912 1409 103 23 America,
2025 1410 25 19 of
2057 1415 60 19 every
2123 1416 47 13 man
2178 1410 46 19 who
2231 1410 42 19 had
2281 1410 34 19 the
2320 1411 55 25 good
2380 1411 85 19 fortune

1885 1440 35 15 not
1930 1439 21 17 to
1966 1437 26 19 be
2002 1443 12 13 a
2028 1437 96 19 colonist.
2152 1437 35 19 He
2192 1437 38 20 felt
2237 1437 47 20 that
2293 1437 32 20 his
2332 1441 87 22 country
2425 1444 41 13 was

1884 1464 110 19 converted
2007 1463 46 20 into
2071 1470 39 13 one
2124 1463 22 20 of
2162 1465 36 18 the
2210 1467 59 22 great
2283 1467 67 23 stages
2363 1468 22 16 at
2397 1465 68 19 which

1884 1491 56 19 these
1949 1491 99 19 favoured
2057 1491 104 19 travellers
2175 1491 70 19 rested
2255 1491 32 20 for
2297 1498 12 12 a
2318 1493 50 18 time
2382 1495 81 22 to-reap

1885 1518 33 19 the
1928 1518 77 19 reward
2013 1518 23 19 of
2045 1518 53 20 their
2108 1518 59 24 exile,
2178 1519 41 19 and
2227 1525 80 13 resume
2315 1519 55 19 their
2377 1519 89 26 journey

1884 1551 26 19 up
1927 1545 36 19 the
1980 1548 72 16 ascent
2066 1545 24 19 of
2102 1545 43 24 life,
2162 1546 61 19 while
2239 1546 28 18 all
2285 1546 59 19 those
2358 1547 45 19 who
2419 1553 47 19 per-

1885 1578 73 13 manen
1962 1573 29 25 fly
1996 1573 80 19 resided
2083 1573 57 19 there
2145 1579 53 13 were
2203 1573 88 19 doomed
2295 1576 21 16 to
2322 1574 25 18 be
2353 1574 114 25 stationary

1885 1601 114 23 spectators
2006 1600 25 19 of
2039 1600 40 19 this
2089 1600 121 25 mortifying
2217 1601 109 24 spectacle.
2352 1600 114 20 Conscious

1885 1627 22 19 of
1923 1627 33 19 his
1965 1633 45 13 own
2021 1633 86 19 powers,
2123 1627 26 19 lie
2160 1627 91 19 smarted
2267 1628 66 19 under
2347 1629 41 18 this
2403 1631 63 17 treat-

1885 1656 64 22 ment,
1960 1654 41 19 and
2009 1655 27 18 he
2046 1655 45 19 who
2101 1654 83 20 became
2199 1657 35 17 too
2245 1655 104 25 powerful'
2354 1655 32 19 for
2396 1662 12 12 a
2417 1655 50 20 sub-

1883 1681 47 24 ject,
1943 1681 73 25 might,
2027 1681 66 19 under
2102 1688 13 12 a
2124 1682 60 19 wiser
2194 1682 40 19 and
2245 1682 73 19 kinder
2328 1683 77 25 policy,
2415 1683 52 19 have

1884 1708 49 20 been
1949 1709 125 19 transferred
2084 1712 21 16 to
2116 1715 12 13 a
2138 1709 73 25 higher
2221 1709 41 19 and
2272 1716 57 12 more
2339 1710 128 19 honourable

1884 1736 90 25 position
1982 1737 21 17 in
2014 1737 87 18 another
2110 1737 81 24 colony.
2222 1736 130 25 Progressive
2366 1737 100 19 advance-

1885 1766 61 20 ment,
1964 1765 21 17 to
1996 1763 68 19 which
2079 1764 33 18 his
2126 1764 83 23 talents,
2226 1764 41 19 and
2278 1766 20 17 at
2314 1770 40 14 one
2370 1764 50 20 time
2435 1764 31 20 his

1885 1791 93 23 services,
1997 1796 51 19 gave
2067 1791 44 19 him
2127 1791 30 19 far
2177 1791 67 19 better
2263 1791 60 19 claim
2343 1791 50 19 than
2412 1793 57 18 most

1884 1823 110 20 governors
2005 1824 38 13 can
2054 1818 83 23 exhibit,
2148 1818 69 20 would
2226 1819 52 19 have
2289 1818 97 25 deprived
2394 1818 44 20 him
2445 1819 25 19 of

1885 1846 34 18 the
1929 1845 83 23 motive,
2024 1845 35 19 the
2069 1851 76 18 means,
2161 1845 40 20 and
2212 1846 34 19 the
2257 1848 88 23 attempt
2356 1849 20 16 lo
2386 1846 49 19 seek
2445 1846 22 19 in

1885 1872 114 25 patriotism
2010 1872 54 19 what
2077 1873 55 18 what
2140 1879 40 13 was
2191 1872 75 20 denied
2276 1875 21 17 to
2315 1873 60 19 merit
2393 1873 40 19 and
2443 1875 21 17 to

1885 1900 83 24 loyalty.
1996 1899 88 26 History
2092 1900 73 19 affords
2173 1906 23 13 us
2207 1906 57 13 some
2273 1903 71 16 recent
2354 1900 111 24 instances,

1885 1926 20 19 in
1913 1927 67 18 which
1988 1926 35 20 the
2032 1926 166 21 administration
2205 1928 21 18 in
2232 1928 36 18 the
2277 1930 73 22 parent
2358 1930 52 17 state
2417 1928 52 19 have

1885 1954 91 19 relieved
1986 1954 122 19 themselves
2118 1954 23 19 of
2178 1961 27 12 an
2215 1954 148 19 inconvenient

1885 1980 26 25 by
1918 1981 70 25 giving
1994 1981 44 20 him
2048 1987 26 13 an
2084 1982 143 25 appointment
2237 1982 85 19 abroad.
2351 1982 116 19 Ambitious

1885 2014 46 13 men
1941 2009 44 18 who
1996 2008 66 19 attain
2072 2011 22 16 to
2104 2009 41 18 this
2159 2009 148 19 inconveuient
2321 2009 108 20 eminence
2445 2009 23 19 in

1886 2035 34 19 the
1930 2035 99 25 colonies,
2047 2035 72 25 might,
2136 2036 49 19 with
2196 2036 61 25 equal
2271 2035 113 25 advantage
2399 2038 22 17 to
2433 2036 35 19 the

1885 2064 88 23 country
1982 2062 41 19 and
2038 2062 130 24 themselves,
2187 2062 26 20 be
2224 2062 125 20 transferred
2358 2065 22 17 to
2391 2069 12 13 a
2411 2069 58 14 more

1885 2090 97 19 extended
1994 2090 42 19 and
2047 2090 53 19 safer
2111 2090 71 25 sphere
2193 2090 24 19 of
2229 2090 71 19 action
2309 2090 24 19 in
2344 2090 59 19 other
2412 2092 57 24 parts

1885 2116 23 20 of
1923 2117 35 19 the
1975 2117 85 25 empire.
2089 2116 34 20 No
2139 2123 47 13 man
2203 2123 47 14 now
2260 2117 99 25 pretends
2373 2119 23 18 to
2406 2118 63 25 deny,

1885 2144 44 19 that
1939 2144 17 19 it
1966 2150 40 13 was
2017 2145 36 18 the
2060 2146 54 17 want
2120 2144 24 19 of
2151 2150 58 14 some
2220 2144 52 19 such
2281 2144 136 26 safety-valve
2424 2145 46 20 that

1885 2171 74 20 caused
1975 2172 35 19 the
2026 2172 107 25 explosion
2149 2172 23 19 in
2187 2172 58 19 these
2256 2172 35 19 old
2308 2172 99 24 colonies,
2424 2172 46 19 that

1885 2205 45 13 now
1947 2198 53 20 form
2019 2199 36 19 the
2168 2198 75 20 States.
2274 2198 120 21 Patriotism
2411 2199 58 24 then,

1885 2232 20 13 as
1916 2225 21 20 in
1948 2226 29 19 all
1985 2231 55 20 ages,
2052 2225 85 20 covered
2146 2232 13 13 a
2169 2225 111 20 multitude
2291 2225 23 20 of
2327 2226 51 23 sins,
2393 2227 40 19 and
2442 2226 27 20 he

1885 2253 44 19 who
1939 2253 113 26 preferred,
2063 2253 41 19 like
2114 2260 13 12 a
2135 2253 147 26 Washington,
2297 2260 12 12 a
2319 2253 111 25 Jefferson,
2445 2260 24 14 or

1885 2286 26 13 an
1918 2280 85 24 Adams,
2012 2281 36 19 the
2055 2281 107 19 command
2171 2280 23 20 of
2200 2281 82 25 armies,
2293 2281 36 19 the
2335 2281 134 25 presidential

1885 2308 54 19 chair
1951 2307 24 20 of
1990 2314 11 13 a
2017 2311 58 22 great
2091 2308 79 24 nation,
2188 2308 41 19 and
2246 2308 36 19 the
2298 2310 113 23 patronage
2427 2308 43 20 and

1885 2335 59 19 other
1953 2335 100 19 atributes
2064 2335 23 19 of
2098 2335 87 26 royalty,
2199 2337 20 17 to
2229 2335 36 19 the
2276 2335 50 19 rank
2338 2335 23 19 of
2369 2342 11 12 a
2391 2335 77 20 retired

1885 2362 88 26 planter,
1991 2369 12 13 a
2018 2363 114 24 practising
2145 2362 115 26 provincial
2277 2362 105 24 barrister,
2401 2368 23 14 or
2443 2369 27 13 an

1885 2389 82 21 humble
1977 2390 159 25 representative
2145 2390 23 19 in
2182 2396 12 13 a
2203 2390 54 19 local
2266 2389 127 25 legislature,
2404 2390 64 25 easily

1886 2417 81 19 became
1978 2424 12 12 a
1999 2419 86 17 convert
2095 2420 21 16 to
2128 2417 34 19 the
2173 2417 94 19 doctrine
2278 2417 44 19 that
2335 2424 12 12 a
2356 2420 67 23 stamp
2433 2420 34 17 act

1885 2450 40 14 was
1941 2445 76 24 illegal,
2031 2445 41 19 and
2083 2451 11 13 a
2104 2447 33 17 tax
2147 2450 28 14 on
2186 2445 36 19 the
2232 2447 33 17 tea
2275 2450 25 14 an
2311 2445 132 24 oppression.

1393 3198 360 24 MISCELLANEOUS.

1301 141 55 16 were
1367 136 59 27 quite
1437 136 130 26 deafening;
1579 137 157 27 accompanied
1745 137 30 26 by
1784 137 75 22 shout-

1300 161 45 27 ing,
1360 163 44 21 and
1420 162 38 22 the
1472 163 100 21 clamour
1589 163 25 20 of
1630 170 68 19 many
1716 163 55 21 voice
1771 163 23 21 3.
1838 164 22 21 It

1299 189 121 25 proceeded
1437 189 54 21 from
1512 189 43 22 Mr.
1568 188 141 23 Wakefield's
1724 192 73 23 warrS,
1816 190 43 22 and

1300 221 42 14 was
1351 215 24 22 in
1390 215 134 22 celebration
1542 214 26 23 of
1578 215 37 22 the
1625 216 81 21 arrival
1722 216 25 21 of
1759 223 12 14 a
1784 217 75 21 native

1304 240 64 22 chief.
1408 242 39 21 We
1465 241 58 22 have
1541 242 57 21 been
1617 242 141 21 accustomed
1777 246 22 17 to
1823 242 36 22 the

1301 267 60 26 quiet
1371 268 43 21 and
1429 268 87 27 orderly
1526 268 135 21 observance
1671 268 26 21 of
1707 268 37 21 the
1756 269 102 25 Sabbath,

1302 293 44 21 arid
1356 293 78 28 deeply
1443 298 74 23 regret
1526 294 48 21 that
1584 294 54 21 such
1647 301 30 14 an
1687 302 56 19 open
1754 295 104 22 violation

1303 319 25 21 of
1338 320 18 21 it
1366 320 78 22 should
1455 321 26 21 be
1491 320 119 28 permitted
1618 320 61 27 here,
1690 328 24 14 or
1727 321 28 21 be
1770 325 90 18 counte-

1401 347 30 27 by
1441 354 44 20 any
1498 347 124 27 professing
1639 347 112 22 Christian.
1780 348 11 21 I
1804 348 57 21 need

1357 380 40 19 say
1417 373 47 22 that
1477 374 56 21 such
1550 381 29 14 an
1597 373 122 22 exhibition
1739 374 65 21 could
1822 378 38 18 not

1303 399 49 21 take
1362 400 61 27 place
1440 400 24 21 in
1482 407 44 20 any
1535 404 50 23 part
1602 400 25 21 of
1639 400 37 21 the
1692 400 81 21 British
1791 401 70 21 domi-

1302 426 71 26 nions,
1384 426 92 21 without
1486 427 37 20 the
1532 429 59 18 most
1601 426 91 21 marked
1702 427 126 26 expression
1839 428 24 21 of

1300 451 74 27 public
1390 453 185 27 disapprobation,
1587 453 44 21 and
1641 453 38 21 the
1691 453 109 22 infliction
1811 454 27 21 of
1848 461 13 14 a

1302 477 71 28 heavy
1388 479 98 27 penalty.
1524 479 10 22 I
1554 479 102 22 consider
1674 479 44 21 this
1736 480 44 21 and
1799 480 62 21 other

1301 505 116 22 violations
1427 506 26 21 of
1463 506 37 21 the
1511 506 96 21 Sabbath
1617 513 24 13 as
1657 513 54 18 very
1721 506 140 22 detrimental

1333 531 38 22 the
1380 532 89 27 healthy
1479 532 140 27 progression
1633 531 26 22 of
1670 531 43 22 this
1723 533 87 26 colony.
1839 533 23 21 It

1302 558 63 21 tends
1375 562 22 18 to
1407 559 56 21 raise
1472 559 24 21 in
1508 559 36 21 the
1554 559 73 21 minds
1638 559 26 21 of
1675 559 37 21 the
1722 559 139 22 uneducated

1301 584 44 21 and
1354 585 142 27 thoughtless,
1508 585 60 21 ideas
1586 585 25 21 of
1622 585 155 22 unrestrained
1791 586 69 22 licen-

1302 609 118 29 tiousnesiv
1427 612 43 21 and
1481 615 23 18 to
1518 612 69 21 foster
1600 611 142 27 impressions
1752 613 108 21 unfavou-

1279 637 81 21 rable
1371 641 21 18 to
1402 638 68 22 moral
1483 638 91 22 culture.
1603 639 36 20 On
1650 638 37 21 the
1701 639 74 21 native
1791 646 70 20 popu-

1280 663 88 22 lation
1377 665 18 21 it
1404 668 83 18 cannot
1498 665 42 21 but
1554 665 28 21 be
1597 664 138 27 prejudicial.
1763 665 59 21 lam
1832 673 28 14 no

1302 689 71 23 friend
1392 695 22 17 to
1434 691 35 21 the
1488 691 64 22 usual
1577 695 86 17 custom
1684 691 26 21 of
1730 691 131 28 missionary

1449 718 11 21 I
1474 717 66 22 think
1558 718 102 26 example
1679 717 27 21 is^
1717 718 71 21 better
1807 719 53 21 than

1302 747 94 24 precept.
1425 744 25 21 If
1462 752 31 14 we
1510 743 84 22 exhibit
1610 744 22 21 in
1649 751 41 14 our
1703 752 49 14 own
1762 745 55 21 lives
1827 752 34 15 re-

1302 773 60 22 spect
1378 770 35 22 for
1429 771 37 21 the
1482 771 136 21 institutions
1636 771 25 20 of
1671 771 100 26 religion,
1782 772 79 26 regard

1347 797 86 21 mutual
1446 797 77 26 rights,
1533 797 86 26 fidelity
1635 797 25 21 in
1674 797 37 21 the
1726 798 134 22 observance

1347 824 139 22 commercial
1506 827 157 23 engagements
1670 831 6 18 ;
1701 831 31 14 we
1756 824 55 22 shall
1834 825 26 21 be

1370 849 67 27 likely
1448 854 21 17 to
1480 850 65 27 bring
1561 850 59 22 them
1637 851 47 20 into
1700 858 14 13 a
1730 858 61 14 more
1802 858 60 14 com-

1302 875 92 23 fortable
1411 877 67 21 social
1494 877 93 21 relation
1602 877 53 21 with
1665 876 37 22 the
1712 877 92 22 settlers.
1834 878 26 22 In

1454 903 10 21 I
1483 907 57 17 trust
1555 903 48 21 that
1622 910 45 19 you
1683 903 43 21 will
1742 904 50 21 take
1808 905 54 21 such

1303 929 71 22 notice
1385 929 25 21 of
1421 930 43 21 this
1476 929 81 22 breach
1577 930 24 21 of
1613 929 68 22 social
1697 930 70 27 order,
1779 938 24 14 as
1819 931 42 21 will

1303 960 90 22 prevent
1402 963 13 14 a
1423 957 117 26 repetition
1551 956 25 22 of
1587 957 24 21 it.

1518 990 12 21 I
1540 997 44 19 am,
1596 997 66 20 yours
1673 990 133 27 obediently,

1686 1025 19 21 A.
1720 1025 140 22 SETTLER.

1303 1055 129 28 Wanganui,
1443 1057 106 26 Monday,
1561 1058 52 21 Jan.

1306 3106 53 22 This
1375 3115 44 14 was
1435 3108 36 22 the
1490 3115 49 15 case
1555 3108 35 21 for
1606 3107 38 21 the
1660 3106 147 28 prosecution,
1819 3106 44 22 and

1279 3133 37 23 the
1326 3134 93 22 defence
1430 3135 42 21 will
1483 3135 27 21 be
1519 3134 98 22 inserted
1627 3141 29 14 on
1665 3133 117 26 Saturday.
