2580 3999
258 1921 106 29 London,
374 1921 102 33 January
491 1926 38 28 19,
545 1928 73 24 1344,

101 1962 75 28 Levi,
178 1973 34 7 —
213 1962 58 27 How
284 1966 28 23 do
323 1973 45 24 you
381 1965 28 24 do
420 1973 38 24 my
466 1964 83 25 friend.
588 1966 65 25 Hear

66 1994 60 24 what
138 1995 14 23 I
164 2002 41 23 say
213 2001 6 16 :
245 1999 68 23 death
325 1999 46 24 will
390 1999 75 23 follow
476 1997 58 24 from
549 1998 38 25 the
599 2008 52 23 pro-

65 2028 107 31 ceedings
184 2029 25 24 of
223 2030 167 32 Rangihaeata.
428 2032 50 23 The
491 2030 67 24 white
572 2034 79 31 people

65 2069 38 15 are
115 2062 94 30 waiting
226 2065 33 23 for
272 2072 14 16 a
304 2065 83 24 second
399 2065 85 24 offence
504 2073 29 15 on
545 2065 39 24 the
602 2072 51 25 part

68 2095 26 22 of
103 2102 56 23 your
172 2095 65 31 chief,
250 2098 65 24 when
329 2099 49 23 that
388 2098 60 25 shall
458 2107 75 21 occur,
543 2099 31 24 all
586 2099 65 32 Eng-

65 2128 57 23 Jand
133 2129 47 24 will
199 2130 45 24 rise
262 2131 25 23 in
298 2139 71 20 arms,
388 2131 52 32 they
453 2132 44 24 will
508 2133 55 23 then
582 2133 69 23 throw

69 2161 64 24 down
152 2162 38 24 the
202 2169 62 24 great
282 2165 131 24 mountains
426 2165 25 24 of
466 2165 58 25 New
542 2166 109 29 Zealand,

68 2194 13 24 I
101 2201 65 17 mean
185 2196 38 24 the
239 2205 76 24 power
333 2197 26 25 of
374 2197 38 24 the
431 2198 79 25 chiefs.
554 2199 39 23 Do
613 2204 39 19 not

69 2235 98 23 suppose
186 2229 48 24 that
254 2230 63 25 those
336 2230 97 25 soldiers
453 2232 48 24 who
522 2239 39 17 are
581 2232 71 31 living

67 2261 54 23 with
143 2269 45 23 you
208 2270 37 17 are
267 2263 38 24 the
323 2263 54 30 only
395 2265 149 24 instruments
563 2265 25 24 of
613 2266 37 24 de-

67 2296 111 22 struction
191 2300 22 19 to
230 2298 148 23 exterminate
395 2305 53 16 men
456 2306 7 20 ;
493 2299 35 24 far
541 2299 58 23 from
616 2300 19 23 it
643 2308 5 20 ;

65 2326 54 24 here
137 2328 53 31 they
208 2336 37 17 are
262 2330 110 30 dwelling
390 2331 54 23 with
463 2331 59 25 their
541 2332 109 32 thoughts

65 2360 99 24 directed
174 2363 93 24 towards
278 2371 56 23 your
343 2363 61 29 land,
418 2363 14 24 I
443 2372 65 17 mean
522 2365 37 23 the
569 2366 80 31 people

66 2393 51 24 who
130 2394 45 24 live
183 2403 28 15 on
223 2396 76 24 bread.
336 2397 47 24 Let
389 2396 63 25 there
458 2398 29 23 be
498 2399 40 23 but
547 2406 14 16 a
568 2399 83 24 second

67 2426 86 25 offence
171 2430 87 29 against
271 2430 38 23 the
327 2430 67 24 white
406 2431 87 31 people,
514 2432 45 23 and
569 2433 19 22 it
606 2432 44 24 will

66 2459 28 24 be
106 2460 38 24 the
156 2460 44 26 last
209 2471 5 20 ;
235 2463 52 31 they
300 2463 47 24 will
359 2463 54 24 then
425 2463 62 25 leave
497 2465 59 23 their
567 2466 83 24 houses

67 2493 43 23 and
122 2495 64 23 swim
199 2504 75 15 across
286 2497 38 24 the
341 2504 46 17 sea.
424 2497 46 24 But
487 2498 63 24 lam
562 2498 47 24 still
627 2500 23 23 in

66 2526 77 30 doubt,
157 2528 99 25 whether
272 2529 38 24 the
322 2530 82 24 whites
421 2531 46 23 will
478 2536 37 19 act
528 2531 53 24 with
601 2540 49 16 mo-

66 2559 100 25 deration
180 2569 25 16 or
214 2568 38 18 not
261 2571 6 20 ;
293 2563 14 24 I
318 2563 76 29 think,
413 2563 111 31 however,
537 2564 50 25 that
599 2566 52 31 they

66 2592 53 25 will.
162 2595 36 23 As
218 2603 14 16 a
251 2603 54 17 man
324 2597 51 23 who
398 2604 119 24 possesses
536 2599 115 24 sufficient

66 2626 94 25 wisdom
172 2632 22 19 to
206 2628 58 24 walk
276 2630 24 23 in
312 2637 29 16 an
354 2637 59 24 open
424 2631 54 31 path
489 2632 24 23 in
526 2632 66 24 order
604 2632 47 25 that

65 2658 29 25 he
113 2667 52 24 may
187 2666 40 19 not
241 2662 107 30 stumble,
368 2671 53 23 may
440 2665 162 29 nevertheless,
621 2674 29 16 on

140 2695 109 29 occasion,
268 2695 99 32 through
380 2697 165 30 inadvertance,
563 2698 87 25 deviate

63 2724 59 25 from
134 2726 50 25 that
194 2728 62 31 path,
275 2728 45 24 and
331 2730 100 24 stumble
439 2739 7 20 ;
465 2738 26 16 so
501 2732 20 22 it
533 2731 41 24 has
593 2732 56 32 hap-

63 2759 73 32 pened
148 2761 52 23 with
214 2761 36 24 the
262 2762 88 30 whites,
364 2762 87 32 though
462 2766 146 23 accustomed
621 2774 28 16 on

63 2791 30 24 all
112 2794 117 24 occasions
241 2799 21 19 to
282 2803 107 24 couquer,
412 2797 52 30 they
485 2797 57 25 have
554 2806 31 16 on
606 2799 44 24 this

63 2826 122 30 particular
203 2829 104 22 occasion
324 2829 59 24 been
402 2837 126 23 overcome,
546 2832 45 23 and
613 2833 38 24 the

65 2858 76 24 whites
154 2859 56 25 have
223 2861 57 25 died.

367 2895 60 24 This
438 2897 20 22 is
468 2896 31 25 all

335 2928 71 24 From
419 2929 164 26 Pirikawau.

99 2993 46 25 The
155 2993 123 33 following
291 2995 148 25 Testimonial
456 2996 21 24 it
493 3005 41 16 one
547 2999 32 30 of
585 3007 65 24 many

65 3025 123 26 thousands
199 3028 120 24 addressed
329 3033 24 19 to
370 3026 100 27 Messrs.
484 3030 113 25 Rowland
607 3033 44 23 and

61 3058 55 31 Son,
130 3060 41 29 20,
183 3058 91 27 Hatton
288 3061 99 29 Garden,
397 3062 102 28 London,
513 3064 74 24 whose
599 3065 49 25 Ad-

61 3093 143 24 vertisement
214 3102 96 23 appears
320 3095 25 23 in
356 3095 95 24 another
460 3097 95 25 column.

98 3133 135 30 Gentlemen,
235 3147 32 4 —
268 3135 13 23 I
303 3135 104 24 consider
425 3136 18 23 it
463 3137 83 25 almost
564 3147 28 16 an
605 3139 43 24 im-

62 3168 100 32 perative
174 3168 54 31 duty
246 3173 22 18 to
280 3173 59 19 state
352 3168 38 24 the
406 3170 103 24 valuable
522 3172 93 31 efficacy
626 3173 25 24 of

61 3208 58 24 your
140 3206 60 18 most
219 3201 110 25 excellent
349 3202 141 25 Macassar
507 3205 58 24 Oil.
602 3206 47 24 For

63 3234 38 23 the
112 3233 45 24 last
168 3234 75 23 fifteen
263 3243 66 22 years
353 3234 11 24 I
385 3235 57 25 have
462 3237 59 24 been
536 3238 60 30 bald,
609 3248 39 15 oc-

62 3267 105 23 casioned
180 3267 29 30 by
221 3276 13 14 a
249 3273 59 19 most
328 3269 103 24 dreadful
452 3271 61 24 fever
531 3271 77 25 whilst
623 3274 25 23 in

61 3300 77 23 India.
175 3300 12 23 I
208 3300 54 23 have
275 3302 56 23 used
350 3301 82 25 almost
450 3311 67 24 every
528 3312 79 17 means
625 3311 22 19 to

61 3341 96 24 procure
176 3342 13 15 a
212 3333 56 24 head
288 3335 26 22 of
334 3335 50 23 hair
404 3337 73 29 again,
498 3337 42 24 but
557 3339 31 24 all
610 3347 38 23 my

60 3366 78 24 efforts
159 3368 89 22 seemed
268 3367 110 29 fruitless,
389 3370 66 28 until,
473 3371 150 32 accidentally
635 3381 13 15 a

58 3399 74 25 friend
145 3400 91 24 advised
247 3400 38 24 the
304 3408 41 16 use
362 3401 25 23 of
401 3409 58 22 your
469 3403 104 25 valuable
587 3405 61 24 Hair

60 3433 111 24 Restorer
172 3446 32 4 —
206 3432 25 32 (I
251 3441 40 16 can
309 3435 52 29 give
381 3434 18 23 it
421 3443 29 16 no
467 3436 74 24 better
559 3438 88 33 name,)

60 3467 51 28 and,
124 3467 58 23 after
193 3467 68 32 using
272 3475 14 15 a
295 3469 37 23 3s.
343 3467 40 25 6d.
395 3467 77 30 bottle,
485 3477 69 25 every
567 3479 74 24 symp.

59 3506 46 18 torn
117 3501 26 23 of
153 3509 13 15 a
178 3508 48 16 new
238 3500 56 24 head
304 3502 25 21 of
336 3500 50 24 hair
395 3500 72 32 began
478 3507 22 18 to
507 3503 62 24 show
577 3506 68 29 itself,

58 3539 24 18 to
92 3533 37 25 the
139 3534 48 31 joy,
199 3540 38 18 not
246 3534 52 31 only
308 3534 25 24 of
340 3534 90 29 myself,
438 3535 40 23 but
488 3543 38 23 ray
535 3537 109 26 children.

57 3566 13 24 I
84 3567 101 24 resolved
199 3575 27 16 on
247 3568 86 31 having
343 3567 103 29 another,
458 3569 43 24 and
515 3570 105 24 obtained
632 3580 14 16 a

57 3600 36 26 7s.
107 3600 78 29 bottle,
191 3598 56 31 'and,
260 3601 78 23 before
350 3600 38 24 the
398 3601 70 24 whole
479 3602 25 23 of
512 3603 76 24 which
601 3612 44 17 wai

58 3634 63 28 used,
136 3634 12 23 I
161 3633 52 28 had,
235 3634 42 23 and
298 3634 59 24 have
376 3641 58 23 now,
447 3642 23 17 as
492 3635 124 26 handsome
633 3646 13 16 a

58 3666 57 24 head
136 3667 24 23 of
178 3667 48 23 hair
246 3675 23 15 as
288 3676 54 16 ever
365 3675 52 16 man
441 3668 104 32 enjoyed,
569 3671 44 23 and
632 3671 12 24 I

58 3700 113 31 earnestly
190 3700 143 24 recommend
351 3700 30 25 ell
401 3700 49 25 who
468 3701 58 24 have
537 3708 41 19 not
589 3704 56 24 tried

57 3734 46 23 this
113 3739 67 18 mewr
185 3732 113 26 excellent
309 3734 49 30 Oil,
370 3734 45 24 will
428 3740 39 19 not
477 3734 41 26 fail
534 3740 23 20 to
569 3736 30 24 do
611 3745 34 16 so.

193 3771 13 24 I
218 3780 43 21 am,
275 3772 45 30 Sir,

110 3805 68 24 Your
190 3811 58 18 most
260 3805 99 31 grateful
371 3806 43 23 and
427 3807 105 25 obedient
543 3814 102 25 servant,

257 3838 23 25 J.
300 3839 128 30 Waiker,
447 3840 103 27 Colonel.

60 3876 99 31 Whittiy
171 3876 84 32 Lodge,
265 3885 55 16 near
333 3877 110 31 Tawton,

140 3907 60 34 May
215 3913 37 27 10,
267 3913 73 23 1840.

2068 3864 78 17 Printed
2160 3866 38 17 and
2212 3866 101 21 published
2331 3871 56 16 every
2403 3861 102 20 Wedneidsy

1940 3884 92 20 morning,
2053 3885 25 20 by
2097 3886 91 18 Edw&kd
2207 3887 50 18 Roz.
2272 3889 21 15 at
2314 3888 33 17 tbe
2370 3887 54 17 Offioe
2438 3885 21 17 of
2479 3883 26 16 *•

1941 3904 49 17 NsiW
2005 3904 101 19 ZsALAVD
2117 3907 94 18 OiIITTB
2222 3912 44 13 AXD
2279 3907 139 19 W«LLIItOtO¥
2432 3906 73 17 BMB*'

1940 3930 44 13 TO*.
1997 3925 159 24 MMMM-fteMt,
2299 3930 44 17 P«ft
2356 3927 104 20 «*•»•«,
2471 3925 34 18 Xc«

1942 3947 86 16 Stalaad.

578 37 98 47 Bty*
700 38 50 40 tf
751 38 69 40 *ft
844 38 211 40 Sealant*
1081 38 190 46 4Sr*tettt
1294 40 91 38 at**
1412 39 301 45 WWUnqUHt
1739 37 257 47 jhwetetot*

73 131 129 27 competent
221 127 123 31 authority.
382 125 23 25 A
415 125 45 24 full
475 125 46 25 and
541 125 125 32 searching

73 156 91 35 inquiry
177 161 46 22 into
236 167 40 16 our
287 167 49 16 own
350 158 97 24 conduct
458 158 19 23 is
489 158 60 23 what
557 165 33 17 we
602 164 61 18 most

73 191 82 25 desire.
193 192 23 24 It
228 197 81 19 cannot
318 192 55 24 take
382 190 65 32 place
456 191 96 24 without
561 190 102 31 tending,

71 230 23 18 at
113 224 67 30 least,
193 224 37 24 the
251 224 101 25 removal
371 223 25 24 of
416 223 38 24 tbe
470 230 82 17 causes
565 224 26 23 of
608 231 55 23 your

70 263 92 25 present
186 258 57 27 ruin,
267 257 46 25 and
335 258 40 24 the
399 256 135 24 restoration
559 256 26 24 of
606 263 56 24 your

70 296 80 17 means
167 290 25 24 of
211 289 178 32 accomplishing
410 288 39 24 the
461 289 105 24 valuable
585 289 77 31 public

76 322 86 31 objects
176 322 70 24 which
268 331 57 22 your
339 322 98 25 Charter
449 322 23 24 of
489 322 171 31 Incorporation

80 353 40 25 bus
131 355 22 23 in
164 356 63 22 view.

115 411 135 25 NATIVE
274 411 338 25 CORRESPONDENCE.

247 468 107 30 London,
367 468 129 24 November
509 470 24 29 7,
548 472 81 28 184
628 468 2 32 V

106 507 74 29 Levi,
181 520 32 5 —
216 508 58 23 How
283 508 28 24 do
318 515 46 24 you
372 508 29 23 do
403 520 32 5 —
436 517 52 22 you,
498 517 59 22 your
568 516 89 26 parents

70 540 43 24 and
126 540 113 24 relatives.
277 541 59 25 How
345 541 28 24 do
381 548 45 23 you
437 541 29 24 all
476 542 38 29 do,
524 550 40 23 my
571 543 85 25 friends

69 574 53 23 both
136 572 37 25 old
191 574 43 23 and
246 581 81 24 young
327 585 33 7 —
361 573 55 24 both
433 574 58 24 male
502 576 45 23 and
565 576 90 26 female.

69 605 76 25 While
159 605 12 25 I
183 614 45 16 was
239 607 106 32 dwelling
361 606 53 24 with
434 614 43 23 you
488 607 13 24 I
513 608 41 24 felt
566 616 29 17 no
604 618 52 22 par-

71 639 81 24 ticular
166 639 102 23 affection
282 639 34 24 for
327 646 46 24 you
382 647 6 16 :
412 647 42 16 one
465 647 45 16 was
522 649 40 23 my
575 642 80 30 father,

71 672 95 23 another
176 679 38 24 my
223 672 88 23 mother
317 681 7 20 ;
345 679 42 16 one
394 679 46 17 was
448 680 27 16 an
486 673 62 24 elder
555 674 100 31 brother,

70 705 96 22 another
188 712 14 15 a
224 712 101 23 younger
348 705 109 30 brother;
486 713 43 17 one
551 715 47 16 was
617 716 39 23 my

70 738 75 28 sister,
159 737 91 23 another
261 745 14 15 a
288 745 55 16 near
354 737 94 24 relation
458 746 5 20 ;
491 738 42 25 but
545 747 50 17 now
608 741 47 24 that

73 769 14 24 I
98 777 36 16 am
148 774 23 19 at
180 778 14 15 a
206 769 99 24 distance
316 771 60 23 from
391 778 40 23 my
443 771 74 29 home,
529 780 39 24 my
587 773 68 25 affec-

71 802 46 24 tion
136 802 35 24 for
188 810 44 23 you
244 804 111 24 abounds.
389 802 46 26 We
452 804 77 24 intend
541 811 24 19 to
576 811 79 21 return

70 835 38 24 the
117 843 55 23 year
187 835 57 24 after
254 840 63 20 next.

105 868 65 24 Hear
187 868 59 24 what
263 868 13 24 I
294 868 58 25 have
363 872 24 20 to
404 877 49 24 say.
489 870 77 24 There
585 880 38 16 are
641 880 13 16 a

68 906 65 25 great
154 909 67 23 many
233 901 66 24 white
317 901 82 32 people
411 903 68 23 about
498 908 23 18 to
531 911 30 23 go
580 904 73 25 where

68 941 45 24 you
126 941 46 21 are,
186 940 22 17 to
220 934 52 23 take
284 941 30 24 up
333 934 59 24 their
404 934 70 24 abode
495 935 71 25 there.
603 937 50 23 The

69 974 81 16 reason
162 966 72 24 which
246 966 92 24 induces
353 966 60 24 them
424 972 22 18 to
457 975 29 22 go
497 968 22 23 is
529 968 38 24 the
578 970 75 23 actual

70 1003 61 19 want
142 999 26 23 of
183 1006 59 16 room
261 1000 35 23 for
308 1000 63 23 them
383 1000 23 23 in
425 1000 37 25 the
477 1005 82 20 streets
569 1010 5 16 :
600 1002 53 32 they

69 1032 63 23 tread
145 1039 59 24 upon
215 1039 41 17 one
274 1032 114 24 another's
397 1032 53 25 feet.

103 1065 12 23 I
128 1065 56 23 have
195 1065 57 24 been
265 1070 22 19 to
300 1065 38 24 the
350 1065 72 24 house
434 1066 26 23 of
473 1066 38 23 the
522 1068 130 30 gentlemen

68 1098 49 23 who
129 1098 58 23 have
199 1098 66 23 taken
278 1098 132 31 possession
423 1099 26 23 of
463 1100 58 23 New
541 1100 109 26 Zealand.

69 1130 66 32 They
149 1131 47 22 said
210 1136 20 18 to
242 1139 44 21 me,
327 1131 55 24 here
393 1139 39 16 are
441 1140 61 15 some
514 1141 64 16 more
585 1134 67 25 white

69 1164 80 31 peopla
173 1164 48 23 who
242 1172 37 15 are
301 1165 70 23 about
390 1169 24 19 to
437 1166 94 29 proceed
552 1171 24 19 to
595 1175 58 23 your

68 1202 103 26 country,
184 1201 23 19 to
227 1197 43 23 live
407 1197 13 24 I
440 1199 115 24 answered
574 1200 62 25 them
645 1209 6 16 :

127 1230 20 23 is
274 1230 76 24 These
367 1230 129 30 gentlemen
508 1239 38 17 are
566 1234 85 31 impor-

68 1267 48 19 tant
122 1270 103 21 persons.
260 1262 38 24 Do
307 1268 40 19 not
356 1270 98 24 suppose
461 1264 49 24 that
522 1265 39 24 the
569 1267 83 25 Queen

67 1300 51 19 sent
131 1296 37 23 the
180 1295 77 31 people
270 1296 25 23 of
310 1296 47 24 this
370 1301 95 27 country
483 1301 23 20 to
519 1298 48 24 live
587 1300 66 24 there

68 1329 48 23 that
128 1329 20 23 is
160 1334 40 18 not
216 1329 37 24 the
266 1337 51 17 case
327 1339 6 20 ;
361 1329 53 32 they
427 1338 56 17 were
501 1336 51 19 sent
564 1337 40 19 out
621 1333 30 32 by

68 1362 39 23 the
124 1369 96 24 persons
231 1366 22 19 to
272 1362 76 25 whose
367 1362 70 25 house
450 1363 13 24 I
481 1369 67 20 went.
587 1366 64 31 They

67 1395 104 32 inquired
185 1395 61 23 when
260 1395 12 24 I
293 1395 82 25 should
387 1401 77 19 return
473 1406 6 19 ;
508 1402 23 19 t»
543 1398 74 25 which
639 1400 12 24 1

68 1428 85 32 replied
167 1428 49 23 that
228 1428 12 23 I
259 1436 46 16 was
316 1430 127 28 uncertain,
463 1438 26 15 as
500 1431 20 23 it
536 1433 115 23 remained

71 1461 51 24 with
145 1468 38 23 my
204 1466 82 20 master
307 1466 22 20 to
352 1461 77 25 decide
449 1463 65 24 when
537 1464 13 24 I
571 1465 80 24 should

68 1499 85 18 return.

103 1528 77 24 There
192 1535 43 24 you
247 1536 37 16 are
296 1536 40 24 my
347 1528 74 24 friend
433 1533 23 20 at
472 1538 14 15 a
498 1530 101 25 distance
607 1541 5 20 ;
635 1533 18 24 it

68 1561 21 23 is
100 1561 99 31 actually
211 1569 30 16 so.
279 1561 26 24 If
319 1569 45 24 you
383 1562 54 23 wish
457 1567 21 19 to
491 1564 63 24 write
573 1569 22 19 to
608 1574 42 20 me,

67 1595 50 29 give
131 1594 37 24 the
179 1595 65 24 letter
256 1600 23 19 to
289 1595 47 25 Mr.
350 1594 118 31 Halswell,
481 1596 50 25 who
539 1598 46 23 will
596 1599 56 24 send

66 1628 20 23 it
96 1627 29 31 by
138 1635 62 17 some
213 1628 56 32 ship.
306 1628 38 25 Do
357 1634 39 18 not
407 1628 53 25 take
470 1637 63 24 upon
551 1633 104 28 yourself

68 1665 23 19 to
103 1661 56 23 send
171 1661 17 24 it
200 1661 29 32 by
240 1670 13 15 a
263 1662 89 31 private
363 1661 62 25 hand
434 1670 5 16 :
467 1663 43 24 but
526 1664 21 24 if
561 1672 45 22 you
624 1666 27 23 do

69 1701 25 16 so
103 1702 7 20 ;
129 1694 39 24 the
180 1702 66 16 name
257 1695 25 24 of
298 1695 38 24 the
348 1695 72 24 house
432 1696 22 23 in
466 1696 73 24 which
561 1697 59 25 lam
633 1700 19 23 is

66 1726 114 30 'Koroti,'
197 1726 73 33 (Gore
282 1727 94 32 Lodge)
393 1729 45 23 and
451 1729 37 24 the
505 1735 72 19 street
590 1733 5 10 '
605 1733 46 23 Oro

67 1761 170 29 Paramutana,'
260 1759 59 32 (Old
339 1761 149 33 Brompton).
524 1764 87 24 Attend
630 1771 22 19 to

67 1794 54 29 this,
141 1794 50 24 that
209 1802 43 23 you
272 1802 53 24 may
346 1794 72 25 direct
437 1796 109 32 correctly
571 1803 23 19 to
616 1807 36 17 me

67 1828 65 24 when
145 1835 45 22 you
202 1829 70 23 write.

338 1860 68 26 From
420 1861 163 28 Pirikawac.

1916 117 107 21 Candles
2032 123 6 14 :
2045 114 97 28 English
2149 120 57 22 wax,
2213 120 42 22 per

2060 142 26 22 lb
2265 143 13 20 0
2307 141 14 21 2
2349 143 15 21 3
2382 154 19 9 ..
2420 143 14 21 0
2462 144 15 21 S
2502 148 12 21 0

2024 168 81 30 Sperm
2266 169 13 20 0
2308 168 93 21 110..
2421 170 13 20 0
2463 171 13 20 3
2503 176 11 18 0

2025 195 83 21 Mould
2264 195 14 21 0
2306 195 15 21 0
2350 195 51 20 6..
2420 196 13 20 0
2464 198 12 20 0
2502 200 12 20 8

2026 221 59 28 Dips
2265 222 13 20 0
2306 221 15 21 0
2349 221 14 19 6
2382 234 19 6 ..
2420 223 13 19 0
2463 224 13 19 0
2502 227 11 18 0

1915 247 95 23 Flour;
2020 249 35 20 Ist
2059 246 95 29 quality,
2167 254 40 20 per
2212 250 41 18 ton

2039 273 26 23 of
2076 275 55 20 2000
2140 273 35 21 lbs
2248 273 26 21 15
2303 275 14 19 0
2347 275 14 19 0
2380 274 54 21 ..16
2466 277 12 20 0
2502 281 11 18 0

2015 299 47 23 2nd
2072 299 57 23 ditto
2265 301 13 19 0
2309 301 14 20 0
2352 301 14 20 0
2384 313 19 7 ..
2424 301 14 20 0
2465 304 13 19 0
2502 307 12 19 0

1916 326 75 22 Flax:
2008 326 68 23 N.Z.
2086 332 40 22 per
2135 328 40 20 ton
2199 325 79 22 ....15
2308 327 15 20 0
2351 327 14 21 0
2385 340 18 6 ..
2422 327 14 20 0
2464 329 13 20 0
2502 333 12 20 0

1943 353 44 22 Do.
1988 364 29 5 —
2018 352 108 23 onboard
2126 363 28 5 —
2154 351 123 28 pressedl7
2306 353 14 20 0
2349 354 14 20 0
2384 367 18 6 ..
2421 354 14 20 0
2463 356 13 19 0
2502 358 11 20 c

1916 379 61 22 Gin:
1999 380 54 22 Pale
2071 380 24 21 in
2106 379 62 22 bond
2268 381 13 19 0
2309 380 14 20 3
2353 381 14 19 6
2385 393 18 7 ..
2423 381 14 19 0
2466 382 12 20 5
2503 386 11 19 6

1966 405 63 27 Case,
2038 408 14 20 4
2058 406 39 27 gal
2105 407 37 20 4-5
2152 406 25 21 in
2187 405 63 22 bond
2266 407 10 18 1
2308 407 14 20 0
2351 407 15 20 0
2385 419 18 7 ..
2424 406 10 20 1
2466 407 12 21 5
2504 412 10 19 0

1916 430 82 24 Hams:
2015 431 131 28 Yorkshire,
2162 431 88 28 perlb.
2266 434 13 19 0
2311 433 14 20 0
2354 432 13 21 5
2386 447 18 7 ..
2424 435 14 19 0
2467 435 12 19 0
2502 437 10 21 7

1998 459 30 21 N.
2041 459 25 21 Z.
2078 466 41 19 per
2128 459 24 21 lb
2269 461 13 19 0
2311 460 14 19 0
2354 460 14 20 0
2386 473 19 6 ..
2426 460 13 20 0
2467 461 12 20 0
2503 465 11 19 5

1916 484 119 23 Mustard
2043 493 5 13 :
2065 485 43 21 Per
2118 485 71 21 dozen
2203 499 47 6 ....
2269 487 14 19 0
2300 485 26 21 16
2355 487 14 19 0
2386 499 6 7 .
2399 499 6 7 .
2425 487 14 19 0
2455 487 24 21 18
2504 492 11 19 0

1916 510 104 23 Mutton
2029 520 5 13 :
2057 512 95 20 Carcase
2161 518 41 20 per
2210 512 25 20 lb
2248 527 5 6 .
2269 513 13 20 0
2311 514 14 19 0
2354 513 14 20 7
2386 525 6 7 .
2399 526 6 6 .
2424 513 15 19 0
2467 515 12 19 0
2503 517 11 20 9

1917 537 126 23 Muskets:
2058 538 96 21 Walnut
2160 538 94 22 stocked
2269 540 14 20 0
2299 539 25 21 15
2354 540 14 19 0
2386 552 19 7 ..
2426 539 10 20 1
2467 541 12 19 0
2505 545 10 19 0

1917 564 79 22 Milk:
2013 565 43 21 Per
2064 564 50 28 pint
2267 567 14 19 0
2310 567 14 20 0
2352 566 14 20 2
2386 579 18 7 ..
2424 567 14 19 0
2466 567 13 20 0
2502 570 11 20 3

1916 590 95 22 Maize:
2027 598 41 20 per
2079 590 79 22 bushel
2268 593 13 19 0
2310 593 13 20 3
2352 593 15 19 0
2386 604 20 9 ..
2425 593 14 19 0
2467 593 12 21 3
2504 597 10 19 6

1917 617 44 22 Oil
1968 625 6 14 :
1991 617 107 25 Linseed,
2108 625 41 19 per
2158 617 77 27 gallon
2246 619 35 20 .0
2310 619 14 20 6
2352 619 15 20 6
2385 633 6 6 .
2398 632 6 7 .
2424 619 14 20 0
2466 619 13 21 7
2503 623 11 20 6

1991 644 80 26 Black,
2076 644 24 21 in
2106 644 178 27 cask,pertonlß
2311 646 14 20 0
2353 646 15 20 0
2386 646 52 20 ..20
2467 647 12 19 0
2504 651 10 18 0

2027 672 82 24 Sperm
2249 672 29 20 50
2306 672 12 19 0
2349 672 12 19 0
2381 672 52 21 ..75
2464 673 12 18 0
2502 675 9 18 0

1918 696 76 23 Pork:
2011 697 79 27 Fresh,
2109 703 90 15 carcase
2215 704 40 20 per

2035 724 23 21 lb
2267 725 13 20 0
2309 726 14 19 0
2351 726 14 20 0
2384 738 19 7 ..
2422 727 14 19 0
2465 727 13 19 0
2502 730 11 20 4

1918 750 76 21 Pork:
2012 750 67 27 Irish,
2090 757 40 20 per
2140 750 75 21 barrel
2228 752 53 19 ..0
2310 752 14 20 0
2352 752 14 20 0
2385 764 19 8 ..
2424 752 14 20 4
2453 753 24 20 10
2502 757 11 19 0

1999 777 59 22 N.Z
2265 778 13 20 2
2295 778 26 21 10
2349 779 15 20 O
2382 792 17 7 ..
2420 779 13 20 3
2462 781 13 19 0
2500 782 11 20 0

1917 803 133 23 Potatoes:
2073 803 57 22 New
2144 802 111 28 Zealand,

2097 837 39 20 per
2145 833 40 18 ton
2199 830 82 21 ....4
2309 832 14 20 0
2352 832 83 21 0..6
2463 834 13 20 0
2501 837 10 19 0

1918 856 94 23 Porter
2020 864 6 15 :
2057 856 105 27 Dunbar,
2174 856 25 22 in
2207 856 48 22 bot.

2086 884 94 26 perdoz
2267 885 14 20 0
2309 885 14 20 9
2351 886 14 20 0
2383 898 18 7 ..
2420 887 13 19 0
2462 887 13 20 0
2500 889 11 21 0

2026 909 88 27 Bryant
2125 910 45 21 and
2180 910 72 21 Davis
2267 911 14 20 0
2309 912 14 19 9
2351 912 14 20 0
2383 924 18 7 ..
2421 913 13 19 0
2462 913 14 20 0
2500 917 10 18 0

1917 935 98 22 Pickles
2027 943 6 14 :
2065 935 119 27 Assoited,
2215 943 42 19 per

2092 962 58 25 doz.,
2177 966 76 23 quarts
2268 964 13 20 0
2297 963 26 20 15
2351 965 14 20 0
2383 977 18 8 ..
2422 966 12 20 0
2450 966 24 21 17
2500 969 8 19 0

1918 988 72 23 Pitch
2003 996 6 14 :
2043 988 142 27 Stockholm,
2215 996 41 20 per

2067 1015 74 22 barrel
2268 1017 13 20 2
2309 1018 14 19 0
2351 1019 50 20 0..
2420 1020 14 19 0
2460 1020 14 20 0
2499 1023 9 19 0

1918 1041 81 22 Plank
2006 1049 6 14 :
2043 1042 54 21 Port
2120 1041 135 28 Nicholson,

2068 1076 40 20 per
2118 1070 41 20 100
2169 1069 47 21 feet
2230 1071 51 19 ..0
2309 1072 15 19 6
2351 1072 14 19 0
2384 1084 17 7 ..
2420 1073 13 20 0
2449 1073 25 20 10
2499 1077 8 19 0

1917 1094 69 23 Rice:
2001 1095 111 22 Common
2122 1103 40 20 per
2168 1098 50 19 cwt.
2230 1110 19 7 ..
2269 1098 13 19 0
2299 1097 25 20 10
2352 1099 14 19 0
2385 1110 18 7 ..
2422 1100 13 19 0
2462 1101 12 18 0
2499 1103 10 19 0

1999 1122 68 22 Good
2267 1125 13 19 0
2297 1124 25 20 15
2352 1125 82 20 0..0
2460 1127 14 19 0
2499 1130 9 18 0

1918 1148 54 22 Rum
1979 1155 6 16 :
2003 1149 24 22 P.
2039 1150 26 21 B.
2078 1149 34 25 P.,
2127 1157 40 16 per
2177 1149 78 27 gallon

2039 1176 24 21 in
2079 1176 61 21 bond
2269 1178 13 20 0
2309 1178 14 21 4
2351 1178 14 20 3
2384 1190 18 7 ..
2421 1179 13 20 0
2461 1180 13 20 0
2499 1183 8 19 0

1917 1202 89 22 Sugar:
2025 1202 122 22 Mauritius
2157 1210 41 20 per
2205 1207 50 18 cwt.
2271 1205 14 20 0
2312 1206 14 19 0
2354 1206 51 19 0..
2438 1211 54 16 none

2027 1229 82 22 Brown
2125 1229 55 22 ditto
2199 1231 79 20 ....0
2307 1232 14 19 0
2349 1232 14 19 0
2381 1244 18 6 ..
2419 1232 13 20 0
2460 1234 13 18 0
2499 1237 8 17 0

2027 1256 99 21 Refined
2142 1256 54 27 loaf,
2214 1263 41 20 per

2053 1282 25 21 lb
2268 1285 13 19 0
2309 1285 15 20 0
2352 1284 13 21 5
2384 1298 18 6 ..
2422 1286 12 19 0
2462 1287 12 20 0
2499 1289 10 20 6

2031 1308 95 23 Manilla
2147 1317 39 20 per
2200 1312 49 19 cwt.
2267 1311 10 20 1
2307 1312 14 19 0
2350 1312 14 19 0
2382 1325 18 6 ..
2422 1312 7 21 1
2465 1314 8 20 I
2499 1316 10 19 6

1918 1335 59 22 Salt
1985 1343 6 13 :
2009 1335 127 28 Liverpool,
2148 1343 40 20 per
2198 1340 40 18 ton
2246 1337 35 20 .15
2309 1339 15 19 0
2352 1339 13 20 0
2384 1352 5 6 .
2396 1352 5 5 .
2409 1338 25 21 18
2462 1341 12 19 0
2499 1343 10 18 0

1918 1362 60 21 Soap
1986 1369 6 14 :
2021 1362 104 22 Hawes's
2149 1363 104 27 London,

2046 1396 40 20 per
2094 1392 39 19 ton
2252 1391 27 20 40
2309 1392 14 19 0
2352 1392 13 20 0
2384 1404 17 7 ..
2421 1394 13 19 0
2462 1395 13 18 0
2501 1397 9 19 0

2038 1416 121 27 Liverpool
2252 1417 27 21 35
2310 1418 13 21 0
2352 1419 49 20 0..
2420 1420 14 19 0
2462 1421 12 19 0
2501 1423 8 19 0

1919 1442 91 22 Starch
2018 1450 5 13 :
2041 1443 43 21 Per
2093 1443 23 21 lb
2268 1445 13 20 0
2311 1446 14 19 0
2352 1444 14 21 5
2384 1458 5 7 .
2397 1458 5 7 .
2422 1447 12 19 0
2462 1448 12 19 0
2500 1450 10 19 0

1919 1469 143 22 Scantling:
2080 1470 43 21 Per
2130 1471 40 20 100
2180 1470 67 22 feet..
2269 1472 13 19 0
2312 1472 13 19 6
2354 1472 13 20 0
2385 1485 18 6 ..
2423 1474 13 19 0
2464 1475 11 19 8
2501 1477 8 18 0

1919 1496 129 21 Shingles:
2065 1496 43 21 Per
2116 1498 61 26 1000,
2187 1497 28 21 N.
2225 1498 26 21 Z.
2268 1499 12 20 0
2310 1500 14 19 6
2353 1500 13 19 0
2384 1511 19 7 ..
2422 1501 12 18 0
2451 1500 25 21 10
2501 1503 8 19 0

2051 1524 70 26 Ditto,
2144 1523 28 22 V.
2184 1524 29 21 D.
2225 1524 27 21 L.
2267 1526 12 19 0
2311 1526 13 19 0
2352 1526 14 19 0
2384 1538 18 7 ..
2422 1527 12 19 0
2452 1528 22 19 12
2500 1531 9 18 0

1918 1550 62 21 Tar.
1997 1550 56 21 Coal
2269 1552 9 19 1
2309 1554 14 19 0
2352 1552 14 19 0
2385 1565 17 7 ..
2424 1553 9 19 1
2463 1554 12 19 5
2501 1557 9 19 0

2001 1576 131 23 Stockholm
2269 1579 13 20 2
2311 1580 14 19 0
2353 1580 82 20 0..0
2463 1582 12 19 0
2501 1584 10 18 0

1918 1603 48 22 Tea
1975 1611 5 14 :
1991 1603 82 27 Hyson
2079 1604 56 26 skin,
2142 1611 39 20 per
2192 1604 63 22 chest
2269 1606 13 20 4
2311 1607 14 20 0
2352 1606 14 20 0
2384 1618 19 8 ..
2422 1608 12 19 6
2462 1608 13 20 6
2502 1610 8 19 0

1994 1630 96 27 Congou
2269 1633 12 20 8
2310 1634 14 19 0
2352 1633 82 21 0..13
2462 1635 12 19 0
2500 1637 9 18 0

1918 1656 106 23 Tobacco
2033 1665 6 14 :
2053 1657 145 27 Negrohead,
2215 1665 42 19 per

2079 1684 31 21 lb.
2125 1685 24 20 in
2165 1684 60 22 bond
2269 1687 12 19 0
2311 1687 9 20 1
2352 1687 50 20 6..
2422 1689 12 19 0
2464 1688 45 21 19

1918 1710 167 23 Turpentine:
2102 1712 42 21 Per
2149 1711 99 27 gallon..
2269 1714 13 19 0
2311 1712 13 22 7
2352 1714 14 20 6
2384 1727 19 6 ..
2423 1715 13 19 0
2464 1715 12 20 8
2500 1717 10 19 0

1919 1737 164 22 Whalebone:
2101 1738 42 21 Per
2152 1742 39 17 ton
2202 1754 18 5 ..
2230 1740 67 21 ..100
2311 1742 14 20 0
2354 1742 12 19 0
2386 1742 64 20 ..120
2464 1743 12 19 0
2502 1745 8 17 (5

1919 1764 82 22 Wine:
2017 1765 92 27 Sherry,
2120 1772 39 20 per
2168 1765 51 28 pipe
2231 1780 18 6 ..
2254 1768 27 19 20
2310 1769 14 19 0
2353 1768 14 20 0
2385 1769 50 19 ..40
2464 1770 12 19 0
2501 1771 8 19 0

2030 1792 71 26 Ditto,
2118 1799 40 19 per
2172 1792 80 23 dozen.
2271 1794 7 20 1
2309 1795 57 24 C.,0
2385 1808 18 6 ..
2422 1795 12 20 2
2464 1797 12 19 0
2502 1801 8 15 »

2029 1818 61 28 Port,
2101 1826 39 20 per
2151 1818 50 28 pipe
2228 1821 51 21 ..25
2308 1823 13 19 0
2344 1822 21 20 ~0
2382 1822 52 20 ..40
2462 1823 12 20 0
2499 1825 10 19 0

2097 1853 39 19 per
2147 1845 49 22 doz.
2227 1861 5 6 .
2240 1861 6 6 .
2267 1849 10 20 1
2308 1849 14 20 0
2351 1849 14 20 0
2382 1861 5 7 .
2394 1860 7 7 .
2420 1849 12 20 2
2460 1850 13 19 0
2499 1851 9 19 0

2028 1872 151 28 Champagne,
2196 1872 56 23 ditto
2268 1876 13 19 0
2309 1871 16 25 0~
2352 1875 14 20 0
2384 1888 17 7 ..
2420 1876 13 20 0
2462 1877 12 19 C
2500 1878 9 18 0

2029 1899 75 22 Claret
2269 1902 12 20 0
2299 1902 26 20 10
2353 1903 50 19 0..
2422 1903 13 19 0
2464 1904 12 19 0
2500 1905 11 18 0

1919 1926 122 21 Poultry:
2056 1926 80 27 Fowls,
2144 1934 41 20 per
2192 1928 49 26 pair
2249 1942 4 7 .
2271 1929 12 20 0
2311 1929 14 21 3
2353 1929 13 20 6
2385 1941 18 7 ..
2423 1929 13 20 0
2464 1929 11 20 5
2501 1933 10 17 0

2054 1953 86 27 Ducks,
2152 1954 56 21 ditto
2231 1956 51 19 ..0
2310 1955 14 20 6
2352 1956 14 20 0
2384 1968 19 7 ..
2422 1957 13 19 0
2463 1957 12 19 8
2500 1959 11 18 0

2056 1979 80 27 Geese,
2149 1980 55 21 each
2229 1994 19 7 ..
2267 1982 13 19 0
2297 1982 26 20 10
2351 1982 15 19 0
2384 1994 17 6 ..
2422 1983 12 18 0
2450 1983 24 19 12
2500 1985 10 17 0

2053 2006 112 27 Turkeys,
2176 2006 56 22 each
2271 2008 8 19 1
2311 2009 14 19 0
2354 2009 12 19 0
2386 2020 5 6 .
2399 2021 5 6 .
2426 2008 8 21 I
2463 2009 13 20 5
2502 2011 9 18 0

2055 2032 105 26 Pigeons,
2172 2033 81 27 (wild,)

2081 2067 41 19 per
2131 2059 49 27 pair
2201 2062 80 19 ....0
2309 2062 14 19 0
2352 2062 84 22 0..0
2463 2064 12 19 0
2500 2065 9 18 0

2055 2086 84 26 Ducks,
2150 2086 35 21 do.
2198 2086 52 22 do..
2269 2088 13 20 0
2309 2088 14 20 5
2352 2089 14 19 0
2385 2101 18 7 ..
2423 2090 13 20 0
2464 2091 12 19 0
2500 2091 9 19 0

1917 2113 74 21 Eoas:
2010 2114 43 21 Per
2063 2112 72 23 dozen
2270 2115 13 20 0
2312 2116 10 19 1
2353 2116 15 19 6
2386 2128 17 7 ..
2424 2117 12 19 0
2464 2120 12 16 0
2500 2118 9 18 0

1917 2140 78 22 Cows:
2011 2139 73 23 Milch
2255 2142 27 20 10
2310 2143 13 19 0
2352 2143 14 20 0
2384 2143 50 20 ..15
2464 2145 11 18 0
2499 2145 10 18 0

1917 2166 97 23 Mares:
2031 2166 148 23 8r00d.....
2253 2169 28 20 20
2309 2169 14 20 0
2351 2169 14 20 0
2385 2168 50 22 ..70
2463 2171 11 19 0
2499 2171 10 19 0

1918 2194 117 21 Working
2053 2194 135 21 Bullocks:
2212 2194 43 22 Per

1945 2221 48 26 pair
2255 2222 29 21 30
2311 2224 14 19 0
2353 2223 13 20 0
2385 2237 18 6 ..
2423 2225 13 19 0
2463 2225 12 19 0
2499 2225 10 18 0

1919 2247 63 22 Hire
1994 2255 26 14 of
2032 2255 68 14 ditto
2109 2255 5 13 :
2131 2248 42 21 Per
2181 2248 52 26 day,
2243 2255 13 14 a

1945 2279 60 17 team
2016 2274 46 21 and
2071 2274 84 22 driver.
2161 2288 89 8 .......
2270 2276 13 20 0
2299 2276 26 20 15
2353 2277 14 20 0
2385 2290 18 6 ..
2422 2279 14 19 0
2463 2279 13 18 0
2499 2279 10 19 0

1918 2302 88 21 Sheep:
2024 2300 62 23 Each
2269 2303 13 20 0
2298 2303 25 20 15
2352 2305 14 19 0
2384 2317 18 7 ..
2424 2305 7 19 1
2461 2305 12 19 5
2499 2306 9 18 f>

1919 2329 61 20 Boat
1994 2328 74 21 Hire:
2086 2328 42 22 Per
2133 2328 51 28 day,
2191 2328 64 22 with-

2113 2359 39 18 out
2162 2356 73 21 hands
2246 2372 6 5 .
2267 2357 14 21 0
2298 2357 26 21 10
2353 2359 13 19 0
2385 2371 17 7 ..
2423 2359 7 19 1
2461 2360 13 19 0
2499 2359 9 19 0

1919 2382 98 22 YVaoss:
2049 2382 141 27 Mechanics,
2217 2390 40 20 per

2081 2409 44 27 day
2270 2412 15 19 G
2312 2412 14 20 C
2354 2413 14 20 0
2386 2425 17 7 ..
2423 2414 12 20 0
2462 2414 12 20 8
2499 2413 10 20 0

2056 2436 128 22 Labourers
2203 2439 80 19 ....0
2311 2439 13 20 3
2352 2440 14 20 0
2386 2452 5 8 .
2398 2452 5 6 .
2422 2441 13 19 0
2462 2440 12 20 5
2499 2441 10 19 0

1917 2463 68 22 Bark
1994 2470 5 14 :
2015 2463 31 22 N.
2058 2463 27 22 Z.
2097 2470 39 20 per
2146 2467 38 19 ton
2266 2466 12 20 3
2307 2467 14 19 0
2350 2467 13 19 0
2383 2479 5 7 .
2395 2479 6 7 .
2419 2467 14 21 4
2459 2468 14 20 0
2497 2468 10 20 0

1918 2490 79 22 Black
2008 2490 52 22 Dye
2071 2498 5 14 :
2090 2490 64 22 N.Z.
2164 2498 40 19 per
2212 2495 39 18 ton
2266 2491 13 21 5
2307 2493 14 20 0
2350 2494 15 20 0
2382 2507 19 6 ..
2420 2495 13 19 6
2460 2495 13 19 0
2499 2495 10 19 0

1918 2517 87 22 Wool:
2022 2517 30 22 N.
2064 2517 27 22 Z.
2102 2524 40 21 per
2152 2518 23 21 lb
2266 2520 13 20 0
2308 2520 14 20 0
2351 2521 13 19 9
2383 2533 18 7 ..
2420 2522 13 19 0
2462 2521 9 20 1
2498 2521 11 19 0

1916 2544 96 22 Timber
2020 2551 4 15 :
2052 2544 29 22 N.
2104 2544 25 22 Z.
2140 2544 115 23 furniture

1944 2578 40 20 per
1996 2573 40 19 100
2048 2571 45 22 feet
2270 2573 13 21 2
2311 2574 14 20 0
2352 2575 51 19 0..
2422 2575 12 21 2
2450 2575 24 21 10
2498 2576 10 19 0

1917 2597 113 23 Cordage
2039 2606 6 14 :
2055 2597 95 27 English
2156 2606 40 20 per
2203 2604 50 17 cwt.
2269 2601 13 19 3
2310 2599 13 21 5
2352 2602 14 20 0
2386 2615 17 5 ..
2423 2603 13 19 0
2464 2603 11 19 0
2499 2603 10 19 0

2047 2625 63 22 N.Z.
2116 2626 96 22 without
2219 2629 35 19 tar
2269 2627 12 21 2
2310 2627 13 20 5
2352 2629 14 19 0
2385 2641 18 7 ..
2422 2629 12 20 3
2450 2629 24 20 10
2499 2629 10 20 0

1918 2652 120 22 Canvass:
2054 2660 41 19 per
2111 2652 47 23 bolt
2272 2654 52 21 115
2354 2656 82 21 0..2
2464 2655 11 21 5
2500 2657 10 19 0

1917 2679 106 22 Copper:
2041 2679 106 28 sheeting
2166 2686 40 21 per
2221 2680 30 22 lb.
2270 2683 13 19 0
2312 2682 11 20 1
2354 2683 13 19 6
2386 2695 18 7 ..
2423 2684 13 19 0
2464 2684 12 19 0
2500 2683 10 19 0

2038 2706 65 22 Bolts
2269 2709 14 20 0
2312 2709 10 20 1
2353 2709 50 21 9..
2422 2711 14 19 0
2463 2711 12 19 0
2500 2710 10 20 0

2037 2733 67 22 Nails
2269 2736 14 20 0
2311 2735 12 21 5
2353 2737 50 19 0..
2424 2737 12 19 0
2464 2737 12 20 6
2500 2737 10 19 0

1919 2760 80 22 Lead:
2016 2759 65 23 sheet
2090 2768 41 20 per
2142 2764 40 19 ton
2201 2763 122 21 ....30t0
2352 2763 14 21 0
2386 2763 48 21 ..35
2462 2764 13 20 0
2499 2763 10 20 0

1919 2787 59 21 Iron
1988 2794 5 14 :
2006 2784 93 31 English*
2114 2788 40 22 bar
2165 2795 41 20 per
2215 2789 69 21 tonl4
2312 2791 14 19 0
2354 2791 14 19 0
2387 2803 18 7 ..
2424 2791 12 20 0
2463 2791 12 19 0
2499 2790 10 20 0

2001 2813 71 28 Hoop
2081 2822 40 20 per
2128 2818 39 18 ton
2253 2816 26 21 25
2309 2817 14 21 0
2351 2818 14 20 0
2385 2831 18 7 ..
2422 2818 12 20 0
2462 2817 12 21 0
2497 2818 10 19 0

1919 2841 45 22 Oil
1977 2841 78 22 Butts
2066 2849 6 13 :
2096 2842 117 22 Gordon's
2233 2850 27 14 or

2068 2868 71 22 Mills'
2147 2876 41 21 per
2198 2869 55 28 imp.

2067 2898 42 19 tun
2269 2897 14 21 3
2311 2898 14 20 0
2352 2898 16 21 O
2386 2911 18 7 ..
2423 2899 13 20 3
2451 2897 23 22 15
2496 2898 11 20 0

2159 2929 124 23 DUTIES.

1919 2957 101 21 British
2033 2956 93 22 Spirits
2344 2958 34 22 ss.
2387 2966 40 20 per
2435 2957 71 28 gallon.

1919 2984 109 21 Foreign
2040 2982 58 23 ditto
2344 2985 34 22 ss.
2388 2992 39 21 per
2434 2984 70 28 gallon.

1919 3011 108 21 Tobacco
2038 3010 179 28 manufactured,
2225 3025 102 8 ........
2349 3014 29 20 Is.
2387 3020 39 20 per
2434 3013 30 21 lb.

2038 3037 210 23 Unmanufactured
2345 3039 37 23 iJd.
2393 3046 38 20 per
2439 3039 28 21 lb.

1920 3065 77 21 Snuff
2346 3069 31 19 2s.
2387 3065 75 29 perlb.

1920 3092 89 22 Cigars
2347 3095 31 20 2s.
2388 3093 76 28 perlb.

1920 3119 85 22 Wines
2335 3122 28 21 20
2376 3128 39 21 per
2424 3123 53 19 cent.
2481 3120 5 12 4

1921 3146 52 26 Ale,
1984 3147 62 26 beer,
2056 3149 82 24 porter,
2151 3146 46 22 and
2205 3146 65 22 other
2281 3147 57 22 malt

1948 3173 93 28 liquors,
2334 3175 26 21 15
2372 3182 38 21 per
2421 3177 55 19 cent.

1921 3201 37 21 On
1967 3200 31 22 all
2013 3207 59 19 guns
2088 3208 26 14 or
2130 3207 106 20 weapons
2252 3201 27 22 of
2293 3208 44 21 any

1909 3227 2 27 I
1949 3227 145 27 description,
2112 3234 24 15 or
2151 3227 146 28 gunpowder,
2312 3236 25 14 or

1949 3261 46 20 any
2007 3254 112 22 munition
2131 3255 27 21 of
2165 3262 45 14 war
2233 3269 90 9 .......
2330 3257 38 21 .30
2377 3262 38 22 per
2424 3257 54 20 cent.

1922 3281 36 22 On
1968 3281 31 21 all
2008 3281 66 22 other
2092 3281 77 26 goods,
2184 3288 79 21 wares,
2279 3290 60 15 mer-

1948 3307 117 28 chandise,
2076 3308 45 22 and
2130 3312 113 24 property,
2255 3312 82 25 except

1947 3334 105 28 personal
2069 3335 108 28 baggage,
2199 3335 73 28 living
2286 3337 49 21 ani-

1947 3362 66 27 mals,
2027 3361 45 23 and
2082 3363 75 26 specie
2353 3364 13 22 5
2377 3370 38 20 per
2424 3364 52 21 cent.

2128 3389 190 24 EXCHANGE.

1921 3429 69 23 Bu.
1999 3429 53 23 KIU
2061 3437 31 15 on
2102 3429 96 24 L.»d™
2231 3414 275 60 {^J?^

1922 3471 36 21 On
1966 3471 93 28 Sydney
2351 3473 73 22 Ditto.

1922 3497 90 23 Private
2022 3498 53 23 bills
2327 3498 112 25 Nominal.

1942 3547 40 18 The
1994 3548 51 17 New
2054 3548 102 17 Zealand
2166 3548 96 17 Gazzttx
2269 3549 37 17 and
2318 3549 135 17 Wzllihgtov
2466 3546 41 17 Snc

1921 3572 66 13 tator
1994 3568 17 18 !■
2017 3569 101 21 published
2129 3573 55 16 every
2192 3569 123 22 Wednesday.
2337 3569 97 22 Subjoined
2444 3571 28 14 an
2481 3565 25 17 tbi

1920 3590 93 17 terms;—

1916 3616 2 5 '
1942 3610 65 18 Pricz
2014 3615 26 12 or
2046 3614 42 13 thk
2095 3610 76 17 Pafzb.
2171 3618 21 4 —
2192 3610 58 22 Forty
2254 3611 90 22 ihlllingß
2349 3616 33 17 per
2391 3614 73 15 annum,
2473 3611 34 18 P»J'

1921 3632 41 16 able
1967 3632 21 16 in
1996 3632 83 16 adranee
2084 3636 5 14 ;
2099 3635 21 13 or
2126 3635 34 13 one
2168 3631 77 22 thllllng
2250 3633 29 16 for
2285 3633 63 21 single
2353 3633 93 17 numbers.

1943 3653 31 16 All
1978 3653 70 19 orders,
2058 3652 163 20 advertisements,
2231 3653 39 18 and
2279 3654 165 17 communications
2453 3653 18 15 to
2480 3649 25 18 tbt

1922 3674 70 19 Editor,
1998 3678 33 12 are
2036 3673 99 20 requested
2140 3673 20 16 to
2167 3673 23 17 be
2196 3674 101 18 addressed
2303 3676 20 16 to
2329 3676 40 16 this
2375 3675 61 17 Office.

1942 3694 161 17 Advertisements
2109 3693 38 18 will
2153 3695 34 16 not
2192 3699 70 17 appear
2269 3696 23 17 in
2301 3696 33 17 the
2344 3695 80 21 ensuing
2433 3693 69 18 nnmbtr

1921 3715 17 17 if
1945 3715 86 17 received
2036 3715 49 17 later
2091 3714 45 18 than
2148 3716 21 16 10
2175 3715 77 21 o'clock,
2259 3721 50 16 a.m.,
2317 3722 26 13 on
2349 3718 32 16 the
2387 3716 89 19 mornings
2482 3714 24 16 br

1918 3737 41 16 fore
1972 3736 123 20 publication.
2116 3736 162 19 Advertisements
2292 3739 40 16 vrill
2342 3739 23 16 be
2375 3735 95 19 continued
2477 3737 28 14 sna

1920 3758 79 20 charged
2010 3756 52 18 until
2069 3758 163 18 counter-ordered
2237 3765 6 14 ;
2253 3760 49 17 such
2307 3760 54 17 order
2366 3760 51 16 must
2422 3759 22 16 be
2450 3756 38 18 seat
2492 3756 14 14 to

1919 3779 33 16 the
1961 3779 56 15 Office
2030 3779 37 15 two
2086 3779 45 21 days
2150 3780 63 17 before
2223 3780 123 21 publication,
2358 3780 36 18 and
2404 3780 49 17 mast
2462 3779 19 15 be
2490 3775 15 17 is

1921 3800 80 20 writing.
2024 3799 161 18 Advertisements
2199 3802 86 17 received
2304 3802 54 22 after
2375 3803 21 16 10
2411 3799 63 18 o'clock
2486 3800 19 14 on

1919 3820 67 20 Friday
1998 3820 99 21 mornings
2108 3821 39 17 will
2158 3822 24 17 be
2193 3823 83 22 charged
2287 3824 55 17 twice
2352 3824 30 17 tbt
2386 3822 52 18 usual
2441 3822 49 16 rate*-

932 122 105 22 Books.

693 155 73 49 ON
778 154 88 28 SALE,
884 155 40 22 AT
937 154 76 23 THIS
1027 154 144 24 OFFICE—

754 181 49 23 The
824 181 98 28 poetical
941 182 72 21 works
1031 181 27 23 of
1079 182 92 27 Milton,
1192 181 55 24 with
1267 190 14 14 a

691 208 93 22 memoir
793 207 45 23 and
849 207 203 27 embellishments.

717 233 51 23 Life
781 234 27 22 of
817 234 39 22 the
872 233 67 23 Duke
956 233 27 23 of
1000 233 148 28 Wellington,
1164 234 117 29 compiled

689 259 58 24 from
757 261 35 21 his
803 260 94 22 Grace's
907 260 140 28 despatches,

715 285 49 23 The
773 287 64 27 Holy
846 286 73 27 Bible,
928 287 132 26 containing
1067 285 38 23 the
1114 285 44 23 Old
1169 287 46 21 and
1223 287 57 23 New

686 312 151 28 ■Testaments,
844 313 53 21 with
907 315 69 24 notes,
987 312 29 27 by
1022 312 38 23 the
1070 313 58 22 Rev.
1134 312 63 24 John
1204 313 76 23 Caun-
1284 334 2 5 ,

688 342 41 23 ter,
741 339 61 27 8.C.,
813 339 52 22 four
873 346 63 21 maps
947 339 43 23 and
1000 341 41 21 144
1050 339 79 28 plates,

715 365 144 23 Montacute:
876 373 26 15 or
912 373 12 15 a
933 365 58 23 New
1001 365 67 23 horne
1070 376 27 5 —
1098 365 76 23 who'll
1189 365 90 24 follow?

686 391 31 28 by
733 391 55 23 Mrs.
800 392 69 27 Mary
879 392 100 27 Clavers,

714 418 112 28 Scripture
841 418 141 28 Biography,,
987 418 35 22 for
1030 418 46 22 -the
1092 418 91 28 Young,
1194 419 85 23 embel-

686 444 74 22 lished
769 445 54 23 with
834 445 81 27 plates,

712 470 106 28 Voyages
827 471 26 21 of
865 471 94 32 Captain
971 470 100 23 Richard
1082 471 119 27 Falconer,

714 496 95 23 Fisher's
820 497 108 22 Juvenile
938 499 70 25 Scrap
1017 498 70 26 Book,

713 523 51 23 Lite
773 524 49 22 and
830 524 138 28 Campaigns
978 525 25 21 of
1011 524 38 22 the
1058 524 70 23 Duke
1137 524 27 22 of
1171 524 108 28 Welling-

686 552 45 23 ton,

712 576 177 28 Encyclopaedia
904 577 128 27 Edinenais,

713 603 112 22 Matthew
835 604 76 26 Wald,
1284 599 2 27 i

712 630 85 22 Close's
807 629 89 29 Family
909 630 92 27 Prayer,

712 655 93 23 Parlour
814 657 74 27 Book,
898 658 30 27 by
939 657 100 23 William
1052 656 95 28 Martin,

710 682 129 28 Perennial,
1284 690 2 23 j

710 708 86 28 Popery
806 710 23 21 in
842 710 102 26 Ireland,

710 735 47 22 The
768 736 74 21 Monk
851 736 28 21 of
891 736 91 27 Cimies,
992 736 32 28 by
1035 736 56 23 Mrs.
1104 736 132 29 Sherwood,

709 761 67 23 Prose
788 762 192 27 Forget-me-not,

709 788 110 23 Counsels
828 789 46 22 and
884 788 87 28 advice,
983 790 30 26 by
1023 790 36 21 Sir
1070 789 110 23 Matthew
1192 790 63 27 Hall,

709 814 85 23 Pocket
804 816 86 26 Lacon,
902 816 137 28 comprising
1056 824 43 15 one
1116 816 113 24 thousand
1239 824 39 16 ex-

682 844 75 24 tracts,

709 867 119 28 Thoughts
839 868 35 22 for
884 868 38 23 the
933 876 46 19 sea,

710 894 68 22 Hand
790 894 57 22 book
859 896 27 20 of
898 895 63 22 trade
972 894 45 23 and
1026 902 135 20 commerce,

709 920 50 22 The
769 921 85 21 heart's
865 928 59 19 ease,

708 946 154 27 Doddridge'i
880 948 96 26 Hymns,

708 973 105 22 Barton's
826 974 84 25 Gospel
921 973 88 28 history
1018 974 30 22 of
1058 974 84 28 Christ,

707 999 49 22 The
767 1000 79 21 Easter
862 1000 56 26 Gift,
930 1000 30 26 by
972 1000 27 23 L.
1011 1001 26 21 E.
1049 1001 35 25 L.,

707 1025 48 23 The
780 1026 104 23 Parents'
908 1026 91 28 Friend,
1019 1028 31 26 by
1069 1026 61 23 John
1154 1027 122 29 Morrison,

708 1079 114 28 Scripture
832 1079 85 26 history
926 1079 36 22 for
970 1079 87 27 Youth,
1067 1080 56 21 -with
1133 1080 80 27 plates,
1284 1077 2 35 j

707 1106 104 22 Summer
822 1106 45 22 and
883 1106 85 22 Winter
978 1107 23 22 in
1015 1107 38 21 the
1065 1107 123 27 Pyrenees,
1199 1108 30 28 by
1239 1108 39 24 the

707 1140 61 14 same
780 1133 88 26 author,

708 1159 149 22 Goldsmith's
868 1159 86 28 history
964 1159 26 22 of
1002 1160 39 22 the
1053 1160 79 27 Earth,

708 1185 106 22 Burder's
825 1186 90 27 Village
927 1187 115 26 Sermons,

708 1213 92 21 Wood's
811 1213 133 27 Dictionary
953 1213 26 22 of
992 1213 38 22 the
1041 1213 75 27 Bible,

708 1239 96 22 Smith's
817 1239 131 28 Mechanic,

709 1266 93 26 History
818 1266 26 21 of
855 1265 121 29 -England,
999 1269 24 19 to
1045 1266 39 22 the
1105 1267 134 26 coronation
1255 1268 27 23 of

681 1292 81 25 Queen
772 1293 114 26 Victoria,

708 1320 117 27 Anatomy
835 1320 26 21 of
872 1320 40 21 the
922 1319 85 22 human
1018 1320 78 26 bones,

709 1346 125 23 Miniature
844 1347 87 26 budget
941 1347 26 22 of
978 1347 46 27 wit,

708 1373 48 22 The
767 1380 54 15 man
832 1373 26 22 of
871 1381 91 17 sorrow,

708 1399 89 23 Advice
809 1404 23 17 to
842 1400 40 22 the
891 1399 106 28 married,

707 1427 92 22 Mother
809 1430 24 19 at
841 1427 76 26 home,

708 1453 58 22 Path
776 1453 26 22 of
813 1461 79 20 peace,

707 1480 109 27 Draper's
825 1480 104 27 parables
939 1479 27 24 of
976 1479 39 23 the
1027 1480 62 23 Lord
1100 1480 75 28 Jesus,

709 1506 71 23 Hints
790 1514 30 14 on
831 1507 86 26 health,

707 1533 65 22 Birds
783 1534 46 21 and
839 1533 96 22 flowers,
944 1533 31 28 by
987 1533 67 28 Mary
1065 1534 91 27 Howet,

708 1559 58 22 Pure
775 1560 55 27 gold
840 1561 58 21 from
909 1561 38 21 the
957 1561 71 20 rivers
1039 1561 26 20 of
1078 1561 101 27 wiidom,

708 1587 74 21 Hall's
790 1594 60 14 vows
861 1587 45 22 and
917 1587 155 27 meditations,

708 1613 99 22 Poetical
816 1613 80 28 forget
904 1616 94 24 me-not,

707 1640 48 21 The
766 1640 70 27 toilet,
848 1648 14 13 a
872 1640 172 27 dressing-table
1055 1641 142 28 companion,

708 1667 114 22 Christian
832 1667 107 22 mother's
949 1670 48 18 text
1007 1667 67 28 book,

709 1694 131 21 Wonderful
852 1694 139 26 Characters,

709 1721 66 21 Lives
787 1721 24 21 of
825 1721 101 21 eminent
936 1720 100 28 military
1046 1719 90 28 heroes,

709 1747 93 22 Pamela
812 1755 25 14 or
846 1748 75 21 virtue
930 1747 126 26 rewarded,

708 1774 117 21 Lawson's
834 1775 68 21 cattle
914 1774 85 26 doctor,

710 1801 47 21 The
769 1801 108 26 Diadem,

708 1827 48 22 The
767 1828 143 28 Equestrian,
921 1835 13 14 a
942 1827 62 23 hand
1020 1827 65 23 Book
1095 1828 26 23 of
1135 1828 141 24 Horseman-

681 1853 57 35 ship,

708 1879 47 23 The
768 1881 137 26 Evergreen,

709 1907 105 28 Draper's
826 1908 116 26 Miracles,

709 1934 98 22 Modern
819 1935 103 27 History,

708 1961 65 21 Bible
788 1961 77 26 Lives,

707 1987 48 22 The
767 1987 113 22 Christian
891 1987 150 29 Companion,

708 2013 111 28 Wesley's
829 2021 108 18 sermons,
950 2013 54 24 with
1015 2022 14 14 a
1038 2015 104 27 memoir,

708 2040 98 22 Memoir
816 2041 26 21 of
854 2041 58 21 Rev.
923 2041 113 22 Rowland
1052 2042 57 25 Hill,

707 2067 48 21 The
766 2067 63 22 Book
841 2067 25 21 of
879 2067 110 22 Common
1001 2068 90 27 Prayer,
1103 2068 135 27 illustrated,

708 2093 148 22 Fleetwood's
865 2093 41 23 life
916 2094 26 22 of
953 2095 83 25 Christ,

708 2120 69 22 Fox's
788 2121 114 21 Christian
918 2121 165 28 Martyrology,

707 2147 47 22 The
766 2147 71 22 whole
848 2147 56 28 duty
914 2148 26 21 of
952 2148 63 26 Man,
1024 2148 30 27 by
1065 2149 38 21 the
1114 2148 57 23 Rev.
1183 2149 91 22 Charles

681 2174 101 26 Atmore,

707 2201 118 26 Bunyan's
841 2200 114 28 Pilgrim's
971 2201 115 28 Progress,
1097 2201 135 29 beautifully
1249 2203 15 22 il

680 2227 117 26 lustrated,

707 2253 135 23 Morrison's
853 2255 89 28 Family
953 2255 104 27 Prayers,

707 2282 106 21 Sermons
824 2281 29 26 by
865 2281 62 22 Blair
936 2283 47 20 and
992 2282 140 27 Whitefield,

707 2308 116 22 Buchan's
834 2308 118 23 Domestic
964 2309 124 27 Medicine,

708 2335 112 22 Walker's
830 2335 162 28 Pronouncing
1002 2336 41 22 Die
1049 2336 96 28 tionary,

706 2362 140 22 Jamieson's
853 2363 136 27 Dictionary
996 2364 26 21 of
1026 2363 146 22 Mechanical
1178 2364 96 22 Science

680 2389 61 23 Arts,
759 2389 180 28 Manufactures,
952 2390 49 26 &c,

707 2416 49 21 Life
766 2416 45 21 and
822 2417 64 26 reign
897 2417 26 20 of
936 2417 100 21 William
1048 2417 38 21 the
1098 2417 94 27 Fourth,

706 2443 160 27 Shakspeare's
877 2443 117 22 Dramatic
1006 2444 87 26 Works,
1106 2444 55 22 with
1170 2444 79 28 plates,

707 2469 145 22 Buchanan's
862 2470 87 28 history
959 2470 28 22 of
997 2470 117 28 Scotland,

706 2496 81 28 Tegg's
797 2497 182 27 washing-book,

705 2523 123 22 Johnson's
838 2523 133 28 dictionary,

705 2550 129 28 Campion's
863 2550 145 23 ornamental
1035 2550 160 30 penmanship,
1227 2552 43 23 five

679 2580 67 24 parts,

706 2603 43 22 Art
760 2604 26 21 of
796 2604 71 27 being
876 2603 85 30 happy,

707 2630 118 23 Robinson
837 2631 91 27 Crusoe,

706 2657 101 22 Punell's
817 2665 69 14 seven
896 2665 110 21 sermons,

705 2683 66 23 Tales
781 2684 23 22 of
819 2684 37 22 the
867 2684 84 23 fairies.

706 2710 88 28 Family
806 2711 112 28 Worship,

707 2737 74 22 Hall's
791 2737 68 22 Vows
870 2738 46 23 and
927 2738 158 28 Meditations,

707 2764 66 23 Tales
782 2764 25 22 in
818 2764 80 28 Verse,
910 2766 29 27 by
950 2766 68 28 Mary
1028 2766 101 28 Howett,

707 2791 66 22 Tales
782 2792 24 21 in
817 2792 77 26 Prose,
905 2792 30 27 by
946 2792 65 26 ditto,

707 2818 107 22 Sketches
823 2818 24 23 in
858 2819 94 22 Natural
964 2820 102 28 History,
1078 2820 31 28 by
1118 2820 65 28 ditto,

706 2844 138 23 Jamieson's
855 2846 104 22 Mothers
968 2846 144 29 Dictionary,

707 2871 104 28 Memory
823 2872 46 22 and
879 2872 65 23 other
954 2873 89 27 Poems,

707 2898 94 28 Phillips
812 2906 29 14 on
853 2899 66 22 effect
929 2900 46 22 and
985 2900 84 26 colour,

707 2925 66 22 Lives
784 2926 26 21 of
823 2926 174 28 Highwaymen,

705 2952 75 22 Burke
791 2960 29 14 on
832 2953 37 22 the
880 2954 88 22 French
978 2954 146 28 Revolution,

707 2978 66 23 Lives
785 2980 26 21 of
823 2980 94 26 Pirates,

706 3005 93 27 History
810 3006 27 21 of
848 3006 38 22 the
897 3007 52 22 Earl
964 3006 25 23 of
1002 3008 131 28 Moreland,

705 3032 80 22 Park's
795 3034 83 21 travels
888 3034 23 21 in
922 3034 86 27 Africa,

705 3059 144 23 Adventures
860 3060 27 22 of
896 3060 85 23 British
992 3068 101 21 seamen,

705 3086 104 28 Literary
817 3094 71 20 gems,

704 3112 50 23 Life
765 3114 26 21 of
802 3114 138 28 Bonaparte,

704 3140 95 28 Byron's
809 3141 90 27 Works,

931 3196 92 21 Seeds.

677 3220 51 48 A
743 3219 86 24 VERY
844 3221 158 22 SUPERIOR
1017 3222 45 23 and
1073 3223 103 23 valuable
1187 3228 83 19 assort-

755 3251 65 18 ment
835 3248 26 21 of
876 3248 61 22 fresh
955 3248 70 23 Seeds
1039 3250 49 26 just
1102 3252 112 26 received,
1232 3252 37 22 the

683 3272 41 22 irst
740 3274 26 21 of
782 3281 13 14 a
809 3274 92 27 regular
915 3276 87 26 supply,
1015 3283 48 16 now
1081 3285 29 14 on
1128 3278 47 22 sale
1190 3282 24 18 at
1231 3278 38 23 tha

677 3299 70 22 Office
766 3300 27 22 of
809 3301 44 22 this
873 3302 71 27 Paper
964 3302 28 28 by
1009 3303 39 22 the
1068 3304 160 28 undersigned,
1244 3306 23 22 in

665 3340 2 11 ;
677 3326 120 28 quantities
807 3331 22 18 to
839 3328 45 21 suit
893 3328 133 27 purchasers
1034 3337 5 14 :
1042 3341 28 5 —

703 3353 126 28 Carraway,
841 3354 48 22 Dill
898 3355 45 22 and
952 3356 96 27 Burnet,

703 3380 44 21 Sea
756 3380 55 26 cale,
823 3388 129 21 asparagus,
963 3387 82 23 carrot,
1057 3384 45 22 and
1116 3386 97 27 parsnip,

703 3406 94 28 English
808 3407 52 22 leek
869 3408 47 21 and
925 3409 76 25 onion,
1013 3410 97 28 Spanish
1123 3412 35 22 do.

703 3433 125 27 Vegetable
844 3441 96 16 marrow
955 3436 44 22 and
1009 3436 55 28 long
1078 3438 88 29 prickly
1176 3446 92 16 cucum-

675 3460 46 26 ber,

702 3487 147 27 Cauliflower,
860 3488 89 28 endive,
959 3490 47 23 and
1020 3491 82 28 celery,

701 3514 121 28 Virginnia
838 3516 102 27 tobacco,
954 3518 156 28 mignionette,
1129 3520 47 22 and
1200 3523 67 19 sweet

675 3547 59 21 peas,

701 3567 39 22 All
750 3572 58 19 sorts
817 3568 27 23 of
849 3569 87 27 garden
947 3570 45 22 and
1002 3570 56 24 field
1067 3572 107 28 cabbage,

701 3594 45 22 Do.
857 3596 37 22 do.
978 3597 38 22 do.
1074 3600 82 27 turnip,

701 3621 39 22 All
749 3624 56 19 sorts
814 3622 27 22 of
846 3622 92 28 lettuce,
949 3624 72 28 salad,
1032 3625 46 22 and
1091 3626 92 27 brocoli,

700 3648 39 22 All
748 3651 59 19 sorts
815 3649 27 22 of
848 3649 76 28 lupins
933 3650 47 23 and
989 3652 154 28 nasturtiums,

700 3674 39 23 All
749 3679 58 18 sorts
816 3676 27 21 of
849 3680 70 19 sweet
931 3676 74 29 herbs,

701 3700 51 23 One
761 3700 105 25 hundred
870 3703 84 23 choice
964 3705 92 22 verities
1069 3706 27 21 of
1109 3706 77 23 flower
1201 3707 65 23 seeds

701 3728 21 22 A
733 3735 62 26 very,
802 3729 105 23 valuable
923 3735 134 19 assortment
1071 3732 27 23 of
1111 3734 62 22 fresh
1189 3734 77 23 choice

672 3761 85 20 grasses
767 3756 35 22 for
809 3756 152 27 gentlemen's
975 3758 71 22 lawns
1062 3759 45 23 and
1122 3761 145 27 agricultural

673 3787 112 22 purposes,

701 3808 112 28 Cabbage,
843 3809 93 29 brocoli,
966 3810 107 30 rhubard,
1103 3814 75 27 onion,
1207 3815 57 28 leek,

672 3836 83 21 lettuce
773 3836 83 28 plants,
875 3838 49 26 &c,
945 3845 51 15 now
1016 3840 70 27 ready
1105 3844 24 19 to
1147 3841 28 22 be
1194 3845 71 19 trans-

672 3862 99 28 planted,
782 3863 74 23 raised
866 3864 58 23 from
933 3866 98 28 samples
1042 3867 27 21 of
1078 3867 64 23 these
1150 3868 73 24 seeds.

734 3903 3 3 •
761 3916 7 7 .
1088 3893 35 23 W.
1140 3894 97 24 Moodt.

701 3916 101 24 October
811 3918 21 26 6,
844 3918 65 22 1843.

1333 498 124 24 The'FIRST
1467 503 188 19 PRODUCTIONS
1660 504 19 18 In
1688 504 31 18 the
1726 504 93 20 WORLD
1829 506 32 20 for

1305 531 56 21 The
1375 531 94 21 HAIR
1476 531 5 22 !
1497 532 44 21 the
1552 532 84 21 SKIN
1643 531 5 22 !
1664 532 21 20 &
1695 532 45 21 the
1756 533 117 21 TEETH
1881 534 6 21 !

1356 595 465 66 ROWLAND'S

1312 677 412 65 MACASSAR
1749 681 118 62 OIL

1303 753 45 48 IS
1364 753 137 26 universally
1512 754 171 27 acknowledged
1700 759 23 18 to
1738 755 28 22 be
1776 756 37 22 the
1829 764 58 15 only

1360 787 100 15 article
1476 782 49 20 that
1540 781 45 21 will
1603 781 127 28 effectually
1740 784 92 24 produce
1844 785 44 21 and

1302 808 80 18 restore
1387 807 63 26 Hair,
1458 807 126 28 (including
1589 808 134 27 Whiskers,
1731 809 155 28 Mustachios,

1303 832 45 22 and
1364 833 146 26 Eyebrows,)
1521 839 94 23 prevent
1629 835 19 21 it
1663 835 56 21 from
1730 837 81 24 falling
1821 838 32 25 off
1864 845 25 13 or

1303 861 87 25 turning
1406 867 58 20 grey,
1481 861 45 21 free
1542 861 18 21 it
1575 861 56 22 from
1646 862 66 25 scurf
1727 863 43 21 and
1788 865 98 26 dandriff,

1303 886 46 22 and
1357 887 81 22 render
1446 888 19 21 it
1480 887 134 27 delightfully
1629 889 52 24 soft,
1696 890 62 25 silky,
1770 893 66 24 curly,
1847 893 43 19 and

1301 913 75 26 glossy.

1330 945 120 21 Caution
1457 945 6 21 !
1465 956 27 5 —
1493 945 127 22 Numerous
1625 948 121 24 pernicious
1754 950 135 26 compounds

1303 978 38 15 are
1356 973 135 26 universally
1506 972 47 21 sold
1563 980 25 13 as

1303 997 33 23 To
1346 1005 80 15 ensure
1437 998 37 22 the
1485 999 46 21 real
1542 999 83 27 article,
1637 1007 35 14 see
1683 1000 49 22 that
1745 1001 36 22 the
1791 1002 69 22 bottle
1870 1002 18 22 is

1303 1025 105 21 enclosed
1427 1025 23 21 in
1470 1033 14 14 a
1503 1032 103 21 wrapper,
1627 1027 23 26 (a
1665 1028 54 21 steel
1735 1030 121 26 engraving
1867 1030 26 21 of

1304 1051 107 26 exquisite
1423 1052 181 27 workmanship,)
1613 1060 28 14 on
1649 1053 70 22 which
1731 1062 37 14 are
1778 1056 110 24 engraved

1303 1079 230 21 "ROWLAND'S
1554 1080 193 22 MACASSAR
1864 1083 24 22 in

1303 1107 42 19 two
1354 1105 63 21 lines.

1331 1136 42 24 *••
1397 1136 34 22 To
1447 1136 86 23 further
1549 1144 79 15 ensure
1643 1138 38 21 the
1691 1138 97 27 genuine
1803 1140 84 27 article,

1303 1169 36 15 see
1352 1162 45 23 that
1408 1163 38 22 the
1458 1164 70 21 words
1566 1165 120 20 Rowland's
1704 1166 109 21 Macassar
1830 1169 35 19 Oil

1303 1196 37 14 are
1348 1190 114 26 engraved
1471 1197 28 14 on
1509 1190 36 21 the
1555 1190 57 22 back
1620 1192 25 20 of
1653 1191 37 22 the
1698 1193 106 27 envelope
1812 1193 77 28 nearly

1305 1216 52 21 1500
1367 1217 71 25 times,
1450 1217 128 27 containing
1587 1219 78 25 29,028
1677 1218 103 23 letters—
1783 1227 105 15 without

1303 1249 52 15 THIS
1370 1250 62 15 NONE
1447 1251 46 14 ARE
1510 1251 109 15 GENUINE.

1303 1274 64 22 Price
1383 1276 33 20 3s.
1431 1275 49 26 6d.;
1497 1275 45 26 75.;
1558 1275 89 28 Family
1665 1276 92 29 Bottles,
1777 1278 74 27 (equal
1867 1283 22 17 to

1331 1301 51 22 four
1396 1301 84 27 small,)
1498 1303 42 21 10s.
1557 1303 35 21 6d.
1603 1310 5 19 ;
1624 1303 43 21 and
1683 1303 80 23 double
1780 1305 48 22 that
1836 1305 52 26 size,

1330 1330 43 21 21s.
1385 1335 40 20 per
1436 1328 76 22 bottle.

1346 1366 257 26 ROWLAND'S
1634 1368 211 36 KALYDOR,

1330 1402 53 23 This
1403 1402 91 26 elegant
1510 1403 43 22 and
1570 1404 100 26 fragrant
1685 1405 145 27 Preparation
1841 1407 49 21 tho-

1303 1428 93 28 roughly
1406 1429 123 22 eradicates
1539 1430 29 21 all
1584 1431 99 26 Pimples,
1703 1434 70 24 Spots,
1784 1435 104 24 Blotches,

1302 1457 97 24 Redness,
1413 1458 51 23 Tan,
1476 1457 102 26 Freckles,
1591 1458 45 21 and
1646 1459 64 22 other
1719 1460 87 26 Defects
1822 1462 27 24 of
1855 1463 35 19 the

1304 1484 60 25 Skin,
1376 1484 63 21 heals
1450 1485 116 25 Sunburns,
1578 1485 75 26 Stings
1662 1486 28 25 of
1700 1487 85 25 Insects,
1796 1489 43 21 and
1854 1496 36 14 re-

1303 1510 67 22 duces
1389 1510 170 22 inflammation.
1599 1511 22 22 It
1640 1512 93 28 imparts
1758 1522 12 14 a
1789 1517 102 25 youthful

1302 1540 79 18 roseate
1390 1538 41 20 hue
1442 1543 21 16 to
1479 1538 38 21 the
1533 1541 59 18 most
1605 1539 79 22 bilious
1697 1541 135 28 Complexion,
1844 1543 45 22 and

1303 1564 91 22 renders
1401 1564 38 21 the
1443 1566 71 24 Arms,
1521 1566 81 22 Hands,
1609 1566 43 21 and
1660 1568 58 19 Neck
1727 1571 163 26 transparently

1296 1592 51 24 fair
1356 1592 45 21 and
1412 1591 143 27 delightfully
1564 1592 50 26 soft'
1618 1594 46 21 and
1671 1596 88 20 smooth.

1330 1625 22 23 It
1368 1633 18 13 13
1396 1625 128 23 invaluable
1540 1633 24 15 as
1575 1634 13 14 a
1597 1629 134 27 renovating
1739 1630 45 21 and
1795 1631 95 22 refresh-

1302 1652 39 27 ing
1352 1651 76 28 Wash,
1441 1653 80 26 during
1529 1653 125 28 travelling,
1666 1662 24 14 or
1700 1663 108 20 exposure
1819 1661 22 18 to
1852 1658 38 22 the

1302 1686 49 19 sun,
1368 1679 57 26 dust,
1444 1686 25 15 or
1480 1680 40 26 dry
1529 1681 100 26 piercing
1644 1681 77 28 winds,
1733 1684 43 21 and
1786 1685 56 21 after
1851 1684 39 23 the

1302 1705 81 23 heated
1401 1707 142 26 atmosphere
1563 1707 26 21 of
1605 1708 103 22 crowded
1727 1712 133 21 assemblies.
1862 1723 28 4 —

1303 1733 148 22 Gentlemen
1462 1733 45 22 will
1517 1733 46 22 find
1575 1735 16 20 it
1601 1735 124 28 peculiarly
1732 1738 93 24 grateful
1832 1738 59 23 after

1303 1759 94 27 shaving
1406 1760 23 22 in
1439 1760 97 27 allajing
1547 1760 37 22 the
1594 1761 110 23 irritation
1714 1764 26 20 of
1746 1764 37 21 the
1794 1765 59 22 Skin.

1331 1798 61 22 Price
1409 1800 32 20 4s.
1452 1799 36 22 6d.
1500 1799 44 21 and
1559 1801 31 21 Bs.
1601 1800 36 22 6d.
1648 1808 39 20 per
1703 1801 75 29 bottle,
1790 1802 53 28 duty
1853 1804 36 23 in-

1303 1825 89 23 cluded.

1391 1858 219 27 ROWLAND'S
1638 1860 165 35 ODONTO,

1332 1931 21 19 A
1378 1930 165 22 FRAGRANT
1571 1931 101 21 WHITE
1701 1933 138 26 POWDER,
1865 1935 27 25 of

1305 1957 94 20 Oriental
1414 1959 78 19 Herbs.
1494 1969 27 4 —
1523 1957 21 21 It
1559 1957 122 23 eradicates
1699 1961 78 19 Tartar
1791 1961 44 21 and
1850 1961 39 21 de-

1303 1983 69 26 cayed
1393 1983 64 26 Spots
1477 1984 55 22 from
1554 1983 38 21 the
1618 1985 71 26 Teeth,
1714 1994 113 19 preserves
1850 1987 38 22 the

1302 2011 95 23 Enamel,
1409 2014 23 17 to
1442 2010 72 22 which
1524 2011 17 21 it
1551 2009 92 27 imparts
1653 2018 13 14 a
1682 2012 119 23 Pearl-like
1812 2013 76 23 white-

1303 2044 57 19 ness,
1371 2037 46 21 and
1432 2037 57 21 fixes
1559 2038 63 19 Teeth
1639 2037 72 28 firmly
1722 2039 22 21 in
1760 2040 37 21 the
1808 2040 79 22 Gums.

1303 2064 72 25 Being
1400 2070 29 14 an
1457 2063 186 26 Anti-Scorbutic,
1668 2064 17 21 it
1709 2066 118 21 eracicates
1850 2067 37 21 the

1303 2091 84 26 Scurvy
1397 2090 58 22 from
1468 2089 37 23 the
1524 2091 70 23 Gums,
1605 2093 137 24 strengthens,
1756 2094 75 24 braces,
1843 2093 43 21 and

1302 2117 92 21 renders
1404 2116 61 22 them
1477 2117 26 21 of
1515 2125 13 14 a
1537 2117 92 28 healthy
1639 2119 38 19 red
1684 2128 7 12 ;
1706 2119 18 21 it
1735 2127 100 14 removes
1846 2127 42 14 un-

1302 2144 100 27 pleasant
1418 2147 69 18 tastes
1503 2143 56 23 from
1577 2145 36 20 the
1631 2146 84 25 mouth,
1735 2147 72 21 which
1828 2147 60 21 often

1302 2171 84 21 remain
1403 2170 57 22 after
1475 2171 77 26 fevers,
1566 2171 78 26 taking
1655 2173 118 26 medicine,
1784 2174 47 25 &c,
1843 2173 46 22 and

1302 2197 90 27 imparts
1402 2199 108 19 sweetness
1520 2198 43 21 and
1570 2199 98 24 perfume
1678 2204 22 16 to
1711 2199 36 21 the
1759 2200 83 21 breath.

1366 2229 64 22 Price
1440 2230 32 21 2s.
1484 2230 35 21 9d.
1529 2237 40 19 per
1579 2230 51 26 box,
1643 2231 53 27 duty
1706 2231 112 22 included.

1304 2266 218 27 ROWLAND'S
1543 2268 160 25 ESSENCE
1723 2269 45 25 OF
1784 2270 103 25 TYRE.

1408 2300 49 23 ®R
1481 2301 195 23 OGffIPIIROAIL
1701 2302 81 27 ®VH,

1302 2327 101 28 Changes
1422 2330 47 20 Red
1488 2337 25 14 or
1533 2331 55 25 Grey
1606 2332 65 24 Hair,
1693 2332 119 27 Whiskers,
1831 2333 55 27 Eye-

1301 2355 77 27 brows,
1390 2357 40 21 &c.
1442 2360 22 18 to
1476 2364 13 14 a
1498 2357 108 22 beautiful
1617 2359 77 20 Brown
1704 2366 25 14 or
1737 2360 74 20 Black.

1302 2386 63 23 Price
1374 2389 32 21 45.
1414 2396 6 19 ;
1437 2388 31 23 7s.
1479 2389 37 21 6d.
1524 2397 4 20 ;
1546 2390 44 21 10s.
1601 2390 48 27 6d.;
1662 2390 43 22 and
1714 2392 44 22 21s.
1766 2399 38 19 per
1811 2391 75 22 bottle.

1334 2457 218 27 ALSANA
1595 2460 257 33 EXTRACT,

1328 2491 160 26 Immediately
1497 2493 94 23 reliever
1602 2494 36 22 the
1650 2498 57 18 most
1716 2495 85 22 violent
1812 2497 76 19 Tooth-

1300 2519 65 25 Ache,
1378 2520 132 27 Gum-Boils,
1522 2521 44 21 and
1578 2522 89 20 Swelled
1676 2523 59 21 Face.

1302 2550 62 23 Price
1375 2552 31 21 2s.
1418 2551 35 22 9d.
1462 2560 6 18 ;
1483 2554 33 21 4s.
1526 2552 35 22 6d.
1571 2561 6 19 ;
1593 2553 45 22 and
1655 2556 44 19 10s.
1715 2554 36 23 6d.
1762 2562 40 20 per
1811 2555 75 22 bottle.

1328 2590 171 22 Observe!—
1500 2591 31 22 To
1556 2595 87 24 protect
1666 2592 38 21 the
1729 2593 77 22 Public
1830 2594 57 22 from

1301 2616 81 26 Fraud,
1397 2618 44 19 The
1451 2620 57 19 Hon.
1519 2619 165 21 Commissioners
1693 2620 27 24 of
1726 2621 47 20 Her
1778 2622 112 26 Majesty's

1300 2645 85 24 Stamps
1396 2644 56 23 have
1464 2645 128 22 authorised
1604 2646 37 21 the
1653 2646 145 28 Proprietor's
1808 2648 80 28 Signa-

1301 2674 48 18 ture
1359 2674 22 17 to
1390 2671 28 22 be
1430 2672 112 27 engraved
1551 2679 29 15 on
1590 2672 39 22 the
1641 2673 153 24 Government
1803 2676 83 28 Stamp,

1301 2697 51 22 thus
1354 2708 27 4 —

1300 2731 33 20 A.
1357 2731 181 21 ROWLAND
1562 2732 22 20 &
1613 2733 75 25 SON,
1711 2733 47 25 20,
1781 2734 108 22 Hatton

1327 2757 119 26 Garden,
1457 2758 73 24 .which
1540 2758 19 22 is
1570 2758 82 22 affixed
1671 2763 23 17 to
1704 2759 37 23 the
1757 2761 132 26 Kalydor,

1300 2784 119 26 Odonto,
1441 2785 45 21 and
1503 2786 114 21 Alsana.
1646 2786 65 22 None
1732 2787 26 22 of
1773 2787 61 23 these
1851 2796 39 15 are

1301 2811 104 21 Genuine
1417 2811 93 22 wiihout
1520 2812 36 22 the
1568 2813 85 27 Stamp.

1326 2843 112 21 Beware
1450 2843 31 21 of
1493 2845 184 22 Imitations!!
1695 2846 119 26 composed
1820 2847 25 22 of
1851 2847 39 22 the

1299 2872 58 19 most
1371 2870 128 27 pernicious
1515 2871 43 22 and
1577 2871 78 28 trashy
1672 2872 147 29 ingredients,
1844 2875 46 22 and

1300 2896 71 22 which
1382 2904 37 14 are
1436 2897 125 28 frequently
1571 2899 91 26 pressed
1676 2907 60 21 upon
1747 2900 37 22 the
1799 2908 91 20 unwary

1298 2930 25 15 as
1537 2926 45 21 and
1596 2926 72 21 under
1683 2926 38 22 the
1737 2926 48 23 lure
1798 2928 27 25 of
1831 2930 60 24 being

1299 2951 72 26 cheap.

1326 2982 32 23 Be
1370 2989 50 16 sure
1432 2986 22 19 to
1463 2983 40 22 ask
1510 2984 33 22 for
1577 2985 160 22 Rowland's
1766 2987 96 23 articles.

1299 3013 53 23 Sold
1363 3014 29 28 by
1403 3022 69 21 every
1479 3017 114 24 Perfumer
1602 3017 44 22 and
1656 3018 91 21 Chemist
1757 3018 134 28 throughout

1477 3043 39 22 the
1526 3044 105 23 civilized
1640 3045 76 22 world.

1326 3074 90 27 August
1431 3076 32 26 13,
1475 3077 60 21 1844.

1297 3146 222 27 WHOLESALE
1549 3149 127 26 PKICES
1711 3152 187 33 CURRENT/

1396 3194 135 17 CORRECTED
1546 3196 30 15 UP
1590 3197 30 14 TO
1634 3197 57 15 LAST
1707 3199 82 15 NIGHT.

1640 3228 17 18 £
1678 3234 17 12 :
1721 3230 19 17 &.
1796 3231 17 18 £
1836 3236 15 13 s.
1880 3232 12 18 d

1296 3251 51 23 Alb
1354 3258 7 15 :
1375 3259 42 21 per
1426 3252 50 24 hhd
1644 3257 16 20 0
1686 3257 15 21 0
1728 3259 50 20 0..
1797 3260 14 20 0
1838 3261 14 20 0
1879 3262 14 19 0

1474 3293 42 20 per
1520 3286 102 23 barrel..
1641 3290 15 20 0
1684 3290 13 21 0
1727 3291 13 20 0
1758 3304 19 7 ..
1796 3293 14 20 0
1838 3294 13 20 0
1879 3294 14 20 0

1474 3318 92 26 perdoz
1645 3321 53 21 011
1730 3323 14 21 0
1760 3336 18 7 ..
1798 3325 53 21 013
1879 3326 13 19 0

1375 3349 32 23 N.
1418 3349 26 23 Z.
1457 3357 41 21 per
1507 3351 78 27 gallon
1604 3365 6 8 .
1617 3366 7 6 .
1643 3354 15 20 0
1684 3354 14 21 2
1727 3356 14 20 0
1760 3369 5 6 .
1773 3370 5 5 .
1797 3358 13 19 0
1838 3359 14 20 0
1880 3359 13 20 0

1295 3384 100 22 Arrack
1405 3391 6 15 :
1425 3384 45 22 Per
1479 3385 45 27 gal.
1533 3386 26 21 in
1568 3386 63 22 bond
1646 3389 14 21 0
1689 3389 10 20 1
1729 3390 13 20 6
1760 3404 5 6 .
1773 3404 5 6 .
1797 3392 14 20 0
1838 3394 13 20 2
1879 3394 15 21 6

1294 3417 79 23 Bread
1383 3424 6 15 :
1405 3417 45 22 Per
1458 3417 47 22 21b.
1517 3418 51 22 loaf
1581 3433 46 7 ....
1646 3422 14 20 0
1688 3422 14 21 0
1729 3422 14 21 4
1760 3436 5 7 .
1772 3436 6 7 .
1797 3426 13 19 0
1838 3426 13 20 0
1879 3430 14 20 0

1294 3450 74 22 Beef:
1385 3449 80 27 Fresh,
1484 3457 93 16 carcase
1592 3459 42 20 per

1411 3481 25 23 lb
1641 3487 14 20 0
1683 3486 14 20 0
1726 3488 13 21 8
1758 3502 19 7 ..
1796 3490 14 21 0
1838 3492 13 20 0
1867 3492 23 21 11

1401 3516 57 28 Salt,
1469 3523 42 21 per
1524 3517 69 23 tierce
1606 3531 20 9 ..
1645 3520 12 22 1
1673 3521 27 21 10
1728 3523 14 21 0
1759 3536 19 7 ..
1796 3524 14 22 3
1838 3525 13 21 0
1878 3535 14 19 0

1294 3549 94 23 Butter
1394 3556 7 14 :
1418 3548 70 29 Irish,
1498 3556 40 21 per
1547 3549 32 24 lb.
1604 3565 6 7 .
1617 3565 6 7 .
1643 3554 15 19 0
1684 3554 14 21 0
1727 3555 13 20 9
1758 3569 5 6 .
1770 3569 7 6 .
1795 3558 14 20 0
1839 3558 10 21 1

1416 3580 72 24 Fresh
1644 3586 16 21 0
1688 3587 10 21 1
1728 3588 14 21 6
1759 3601 19 7 ..
1797 3591 14 19 o
1838 3591 14 20 0
1879 3598 15 20 o

1294 3613 99 23 Brandy
1400 3620 6 16 :
1423 3613 61 23 First
1490 3614 95 29 quality,
1592 3623 42 20 per

1443 3646 78 28 gallon
1530 3647 25 22 in
1564 3648 64 22 bond
1642 3651 14 20 0
1684 3651 14 21 5
1728 3653 12 20 0
1758 3666 6 7 .
1771 3666 6 7 .
1795 3655 14 20 0
1838 3654 13 22 7

1293 3680 87 22 Baowir
1399 3681 91 22 Stout:
1515 3689 40 20 per
1568 3681 56 24 hhd.
1640 3685 14 20 5
1682 3687 15 20 0
1725 3688 13 20 0
1756 3702 19 6 ..
1796 3690 13 21 6
1824 3690 38 21 10'
1879 3695 13 20 o

1293 3713 103 22 Cigars:
1409 3713 108 28 Manilla,
1523 3721 41 21 per
1569 3713 64 31 10dO*,

1443 3744 26 23 in
1477 3744 61 24 bond
1642 3751 15 21 2
1684 3752 16 20 0
1727 3753 13 21 0
1758 3767 19 7 ..
1795 3755 15 21 3
1838 3756 13 21 0
1880 3751 14 21 0

1402 3778 223 29 ChinsurahperlOO
1646 3784 11 21 1
1687 3786 15 20 o
1730 3788 13 19 0
1760 3801 20 7 ..
1795 3789 16 21 O
1839 3791 13 19 0
1879 3779 14 19 °

1293 3806 89 23 Coffee
1390 3814 6 13 :
1408 3806 66 27 Java,
1485 3814 41 20 per
1533 3808 24 22 lb
1643 3812 14 21 0
1686 3814 14 19 0
1728 3815 13 19 6
1759 3828 5 6 .
1772 3828 6 7 .
1796 3817 14 19 0
1838 3818 13 20 0
1879 3806 14 18 °

1293 3835 92 21 Cheese
1392 3840 6 15 :
1415 3835 109 22 Cheshire
1643 3840 14 20 0
1686 3840 11 19 1
1726 3843 14 19 4
1759 3855 5 7 .
1771 3855 6 7 .
1796 3844 14 20 0
1839 3845 9 21 I
1879 3831 14 20 ®

1411 3861 58 23 Pine
1480 3862 76 29 Apple
1577 3878 47 7 ....
1643 3867 14 20 0
1686 3867 11 20 1
1726 3869 14 20 2
1758 3883 19 6 ..
1796 3871 13 19 0
1837 3872 14 20 0
1879 3858 14 34 2

1412 3893 81 23 Dutch
1644 3899 14 21 0
1686 3900 14 20 0
1729 3901 13 20 8
1759 3914 20 7 ..
1796 3902 15 21 0
1838 3903 13 20 0
1866 3902 26 21 In

1404 3925 30 23 N.
1447 3925 28 23 Z.
1486 3927 74 27 ptrlb
1644 3932 14 19 0
1687 3932 10 20 1
1728 3933 13 20 S
1761 3946 17 8 ..
1796 3934 14 20 0
1837 3934 14 20 0
1879 3937 13 19 o
