2427 3824
667 146 288 29 PRELIMINARY
983 146 161 29 NOTICE.

675 236 21 24 A
724 236 52 24 Gift
799 236 99 24 Auction
921 237 23 23 m
966 237 38 23 aid
1027 237 24 23 of
1070 237 39 23 the
1131 236 31 25 U.

644 274 34 24 M.
698 274 22 23 F
744 275 93 23 Church
849 274 88 24 Circuit
959 274 78 28 Fund,
1067 274 44 23 will
1144 274 27 22 be

643 310 53 24 held
707 311 24 23 m
745 312 38 23 the
803 311 67 24 West
891 312 90 23 Oxford
1004 312 73 23 Town
1103 311 65 28 Hall,

643 356 30 16 on
690 348 153 31 Wednesday
854 348 61 24 June
933 349 59 23 29th
1011 349 72 27 1892,
1104 356 66 16 com-

644 386 115 30 mencing
771 387 25 23 at
807 387 58 23 8.80
876 394 60 22 p.m.
971 386 40 23 Mr
1022 385 24 25 J.
1068 385 100 31 lugram

644 423 50 24 will
708 423 28 24 be
748 423 42 24 the
802 423 154 27 Auctioneer,
969 423 49 23 and
1041 422 50 24 will
1110 423 61 23 offer

644 460 36 24 for
692 460 51 24 sale
752 468 14 16 a
778 460 92 31 variety
882 460 26 24 of
917 459 97 24 articles
1033 460 41 23 too
1096 467 72 16 num-

644 504 71 16 erous
727 498 26 23 to
775 497 98 31 specify.
907 497 33 23 At
962 498 66 26 5.30,
1052 503 15 16 a
1089 495 80 24 Public

645 533 46 24 Tea
703 534 49 24 will
764 534 29 24 be
805 534 56 24 held
872 534 27 23 m
912 533 41 24 the
965 541 67 16 same
1043 535 78 28 place,
1143 535 26 22 at

647 572 65 27 7.30,
724 579 15 17 a
752 571 89 25 Sacred
863 571 101 25 Concert
987 570 50 26 will
1049 570 29 24 be
1100 571 71 30 given

644 608 31 31 by
686 608 43 24 the
740 608 92 25 friends
843 609 27 24 of
879 609 43 24 the
933 609 97 23 various
1049 608 119 24 churches

644 646 27 24 of
680 646 42 24 the
743 646 103 24 district.
882 645 97 24 Tickets
1000 649 25 20 to
1034 662 5 5 -
1048 645 50 24 Tea
1120 645 49 24 and

644 683 210 29 Entertainment,
880 683 49 33 1/6,
957 683 116 24 Children
1105 683 63 24 half-

643 723 75 31 price.

661 2855 113 18 OXFORD
793 2855 57 18 AND
869 2855 76 18 CUST
964 2855 170 18 OBSERVER.

661 2873 266 73 PUBLISHED
957 2873 177 73 WEKLY.

661 2946 177 72 SATURDAY,
858 2946 79 72 JUNE
957 2946 78 72 18TH
1055 2946 79 72 1892

665 3018 238 25 WITHDRAWAL
922 3019 44 23 OF
983 3019 151 24 CAPITAL.

678 3100 42 25 We
733 3100 60 25 hear
804 3108 15 16 a
830 3100 63 31 good
904 3100 57 25 deal
971 3101 27 24 of
1018 3101 52 24 talk
1092 3101 76 26 about

643 3139 42 25 the
696 3138 152 25 withdrawal
867 3139 26 23 of
910 3139 89 30 capital
1022 3139 63 24 from
1108 3140 57 24 New

644 3179 116 28 Zealand,
773 3178 50 24 and
834 3178 42 24 the
887 3178 57 25 firm
962 3179 93 24 resolve
1078 3179 26 24 of
1124 3180 43 24 the

643 3216 97 24 holders
749 3216 27 24 of
785 3214 43 26 the
839 3212 167 35 iftSney-bags
1023 3218 44 22 not
1084 3219 26 23 to
1129 3218 37 24 in-

642 3257 54 23 vest
707 3263 88 23 money
807 3254 27 25 m
846 3252 43 28 the
896 3255 96 31 colony,
1004 3255 50 25 and
1070 3263 96 19 conser-

644 3293 79 24 vative
734 3293 113 24 scriblers
857 3293 70 31 point
938 3295 26 22 to
976 3293 43 24 the
1040 3301 54 18 new
1104 3296 64 24 form

642 3331 28 25 of
678 3331 110 24 taxation
800 3338 28 17 as
839 3330 42 25 the
892 3338 73 17 cause
974 3331 49 24 and
1034 3331 56 25 look
1101 3341 65 24 upon

643 3369 43 24 the
697 3369 70 24 effect
779 3376 27 17 as
818 3376 33 16 an
862 3369 73 23 awful
947 3369 123 33 calamity.

676 3407 46 24 We
743 3416 15 14 a
764 3407 58 24 Imifc
844 3407 55 24 that
922 3407 68 24 there
1010 3408 62 24 have
1105 3409 62 24 been

643 3445 172 28 withdrawals,
828 3444 44 26 but
894 3452 35 17 we
952 3445 62 32 deny
1038 3445 55 26 that
1110 3447 58 32 they

642 3484 63 24 have
717 3483 60 25 been
794 3482 79 32 larger
895 3483 60 24 than
979 3485 26 23 at
1027 3492 48 24 any
1098 3481 70 29 otlier

642 3531 101 22 average
755 3522 104 33 periods,
872 3521 54 26 and'
932 3531 60 16 even
1003 3524 22 24 if
1030 3524 57 31 they
1096 3532 70 21 were,

643 3568 36 17 we
691 3560 88 25 should
790 3562 45 23 not
843 3560 118 25 attribute
971 3561 21 24 it
1003 3564 25 22 to
1041 3561 41 25 the
1095 3570 73 17 causo

643 3600 131 28 indicated,
787 3608 46 17 nor
844 3600 89 25 should
941 3608 36 17 we
989 3601 111 24 consider
1110 3602 21 24 it
1154 3610 14 16 a

643 3639 124 32 calamity.
802 3640 47 29 No,
863 3648 45 17 nor
919 3642 40 29 yet
971 3648 61 17 even
1044 3641 74 31 likely
1141 3644 25 22 to

643 3687 72 16 cause
727 3687 47 24 any
786 3680 190 25 inconvenience
987 3680 26 24 m
1036 3680 43 25 the
1101 3682 65 24 tran-

644 3717 95 27 saction
749 3718 39 28 ..of
805 3725 44 17 our
872 3718 120 28 business,
1016 3719 44 24 but
1080 3719 89 25 should

642 3755 56 26 look
710 3763 66 24 upon
787 3755 20 26 it
819 3764 27 17 as
858 3764 14 17 a
884 3756 55 32 sign
950 3756 56 25 that
1028 3765 44 17 our
1083 3758 85 31 people

1260 154 41 16 are
1323 147 62 24 tired
1408 147 32 28 of,
1463 147 49 24 and
1524 154 61 16 even
1606 145 113 31 penitent
1743 145 38 24 for

1260 184 64 24 their
1334 187 56 28 past
1401 184 59 32 folly
1472 184 49 24 and
1529 186 185 28 extravagance,
1734 183 49 24 and

1255 222 63 23 have
1329 222 132 30 heroically
1473 222 100 24 decided
1584 223 25 22 to
1621 221 48 23 live
1691 221 88 24 within

1254 258 65 24 their
1327 267 93 16 means.

1287 295 183 25 Conservatives
1482 295 69 31 point
1564 296 24 23 to
1600 295 42 24 the
1653 295 50 24 fact
1725 295 55 25 that

1253 334 72 23 Bank
1339 335 105 30 deposits
1474 343 40 16 are
1538 335 153 31 abnormally
1712 335 68 31 large

1253 371 50 24 and
1322 380 72 23 argue
1408 372 55 24 that
1474 372 52 24 this
1547 371 22 25 is
1591 380 15 16 a
1627 372 72 31 proof
1718 373 27 23 of
1765 380 15 16 a

1253 413 66 20 want
1339 410 27 24 of
1385 409 140 24 confidence
1544 409 27 24 m
1594 409 42 24 the
1658 410 122 24 would-be

1253 444 92 30 lender,
1355 445 49 24 and
1416 453 14 16 a
1441 446 55 23 lack
1507 446 28 24 of
1554 446 134 31 enterprise
1698 446 27 24 m
1737 446 42 24 the

1253 483 127 29 borrower,
1402 488 149 28 consequent
1574 493 32 16 on
1629 486 42 24 the
1694 493 84 17 uncer-

1255 521 78 31 tainty
1344 522 26 23 of
1379 523 81 23 future
1482 523 147 30 legislation.
1665 523 26 24 Is
1711 523 68 24 there

1251 568 33 16 no
1296 560 71 25 other
1379 568 51 24 way
1441 561 27 24 m
1480 561 79 24 which
1580 562 69 25 these
1672 562 104 25 increas-

1251 599 44 30 ing
1315 599 108 31 deposits
1445 608 46 16 can
1511 599 28 25 be
1562 602 134 23 accounted
1719 602 59 24 for?

1255 636 45 24 We
1322 636 98 31 happen
1442 639 26 23 to
1486 637 71 25 know
1580 638 54 24 that
1656 638 70 26 there
1747 639 30 24 is.

1253 676 38 23 As
1309 683 36 17 we
1368 676 52 24 said
1441 676 89 28 before,
1554 684 45 16 our
1618 677 85 31 people
1736 686 42 16 are

1251 712 112 32 learning
1374 716 25 22 to
1416 713 48 25 live
1486 714 87 24 within
1596 715 64 23 their
1683 723 93 20 means,

1251 751 49 25 and
1312 759 41 17 are
1363 752 83 25 heroic
1457 753 97 31 enough
1567 756 25 22 to
1603 761 31 24 go
1645 761 60 17 even
1728 755 49 23 fur-

1251 791 56 22 ther
1318 791 61 22 than
1390 791 55 23 that
1456 792 49 23 and
1517 792 32 32 by
1569 793 69 23 strict
1660 800 118 24 economy

1251 827 48 24 and
1310 828 49 23 self
1368 828 81 25 denial
1462 830 25 23 to
1495 829 81 24 derive
1584 838 15 15 a
1608 829 98 32 sinking
1717 830 61 24 fund

1250 865 63 23 from
1325 865 65 24 their
1409 868 87 29 scanty
1517 866 110 25 incomes
1655 867 80 24 which
1756 867 22 24 is

1249 902 157 32 periodically
1416 903 58 31 paid
1484 904 54 24 into
1561 904 42 24 the
1625 904 65 24 bank
1712 904 66 26 until

1249 939 44 25 the
1304 940 194 26 accumulations
1517 949 41 17 are
1569 942 122 25 sufficient
1698 944 26 23 to
1730 951 48 23 pay

1251 978 35 24 off
1295 978 43 24 the
1349 979 135 32 mortgage.

1284 1015 61 25 Talk
1354 1017 27 23 of
1385 1019 66 22 want
1458 1018 27 24 of
1489 1013 148 30 confidence.
1672 1018 26 25 Is
1709 1019 69 24 there

1250 1063 15 16 a
1275 1056 87 30 people
1370 1055 27 24 m
1409 1056 42 24 the
1463 1057 73 25 world
1545 1066 68 16 more
1622 1059 47 24 law
1677 1058 101 31 abiding

1249 1093 49 24 and
1310 1101 67 17 more
1389 1094 94 32 worthy
1495 1095 26 24 of
1547 1097 64 23 trust
1634 1096 48 24 and
1702 1096 74 24 confi-

1250 1131 62 23 denc
1323 1131 62 24 than
1397 1132 42 24 the
1451 1133 117 24 colonists
1580 1133 26 25 of
1615 1133 31 25 N.
1656 1133 123 25 Zealand?

1253 1170 76 24 What
1341 1173 103 29 country
1466 1180 27 16 or
1516 1174 87 30 colony
1625 1173 104 31 inspires
1752 1180 26 18 so

1250 1208 76 24 much
1336 1208 141 25 confidence
1489 1218 32 16 on
1528 1210 43 24 the
1579 1210 103 24 London
1689 1219 89 23 money

1250 1247 96 25 market
1357 1256 28 16 as
1396 1248 31 24 N.
1452 1248 120 26 Zealand?
1603 1250 76 24 What
1701 1250 79 25 better

1251 1284 106 30 security
1368 1284 26 24 m
1407 1284 42 25 the
1460 1285 76 25 world
1549 1286 48 24 will
1608 1294 48 23 you
1678 1288 41 30 get
1741 1286 37 24 for

1250 1324 62 23 your
1319 1317 57 30 gold
1385 1318 61 23 than
1455 1326 15 16 a
1477 1318 31 24 N.
1517 1318 109 24 Zealand
1637 1319 141 24 debenture.

1251 1353 76 25 Want
1335 1354 26 24 of
1376 1355 141 25 confidence
1528 1355 95 25 indeed:
1660 1356 63 32 Why
1735 1357 43 24 the

1251 1391 51 24 sale
1314 1391 26 24 of
1346 1392 43 24 the
1401 1392 78 25 Globe
1487 1395 78 22 assets
1576 1393 76 25 belies
1674 1394 43 24 the
1740 1402 38 16 as-

1251 1428 99 25 sertion.
1396 1429 52 24 The
1460 1431 51 23 sale
1522 1430 27 24 of
1569 1438 71 24 every
1660 1430 71 25 block
1754 1431 27 24 of

1249 1466 60 24 land
1322 1466 82 31 placed
1418 1475 65 23 upon
1500 1467 43 25 the
1564 1468 97 24 market
1682 1467 32 33 by
1736 1469 43 24 the

1251 1505 111 25 Midland
1374 1506 110 33 Railway
1496 1507 56 25 Cos.
1566 1507 75 25 belies
1651 1507 21 25 it
1684 1509 48 23 and
1740 1509 42 24 the

1252 1544 99 30 general
1367 1544 166 26 cheerfulness
1552 1546 49 24 and
1623 1546 157 31 hopefulness

1251 1580 27 25 of
1288 1580 41 25 the
1342 1581 116 25 colonists
1481 1582 152 32 throughout
1655 1584 43 24 the
1719 1584 59 25 land

1251 1618 75 24 belies
1337 1619 29 28 it,
1378 1619 49 24 and
1439 1619 42 25 the
1492 1628 115 23 presence
1618 1622 27 23 m
1656 1629 46 16 our
1712 1623 68 29 ports

1251 1656 27 24 of
1286 1658 69 28 great
1368 1664 75 16 ocean
1455 1659 118 22 steamers
1584 1659 111 30 carrying
1713 1667 67 23 away

1250 1701 45 16 our
1307 1701 55 17 ever
1374 1694 140 33 increasing
1523 1695 115 31 products
1650 1695 75 25 belies
1747 1696 28 28 it,

1251 1733 50 24 and
1312 1733 43 25 'he
1373 1734 74 31 sharp
1469 1735 180 30 competitions,
1672 1736 49 24 and
1743 1736 37 24 in-

1250 1770 112 31 creasing
1374 1771 78 30 prices
1474 1773 26 23 at
1519 1780 45 16 our
1586 1773 63 25 local
1671 1773 109 25 markets

1251 1810 76 24 belies
1339 1811 27 27 it,
1379 1811 49 24 and
1439 1811 35 25 all
1484 1812 70 31 point
1576 1813 27 23 to
1625 1820 46 16 one
1693 1813 85 23 inevit-

1252 1849 55 25 able
1315 1850 150 30 conclusion,
1478 1850 49 25 and
1550 1852 54 24 that
1618 1852 30 30 ;is
1672 1859 31 17 an
1727 1859 56 18 ever

1251 1889 140 32 increasing
1402 1890 141 24 confidence
1554 1890 26 24 m
1593 1890 42 26 the
1647 1899 98 17 sources
1757 1891 26 25 of

1251 1928 43 25 the
1305 1928 96 32 colony,
1414 1929 49 24 and
1474 1930 149 24 unbounded
1633 1930 63 25 faith
1707 1932 28 23 m
1746 1932 33 23 its

1252 1968 99 29 present
1362 1966 87 25 rulers.
1483 1967 50 24 Erp
1545 1967 59 31 long
1615 1975 35 17 we
1656 1968 123 32 prophesy

1253 2012 14 17 a
1289 2003 113 26 decrease
1423 2005 26 24 m
1470 2004 72 25 Bank
1575 2005 116 32 deposits.
1727 2007 52 24 The

1253 2041 61 25 time
1324 2041 23 25 is
1358 2042 48 24 fast
1418 2042 166 31 approaching
1594 2043 71 24 when
1677 2044 43 24 the
1731 2044 47 25 for-

1253 2081 55 30 eign
1320 2088 88 23 money
1421 2081 84 25 lender
1524 2082 49 24 will
1594 2083 111 24 consider
1726 2083 21 25 it
1767 2091 15 16 a

1251 2118 117 31 privilege
1380 2120 25 23 to
1416 2121 96 21 entrust
1524 2127 32 19 us.
1570 2120 60 24 with
1653 2120 39 24 his
1714 2120 64 31 gold.

1252 2158 70 24 Time
1333 2166 50 16 was
1394 2158 71 24 when
1477 2158 32 25 he
1521 2159 71 24 could
1603 2159 122 25 influence
1738 2160 42 24 the

1251 2196 102 32 making
1364 2196 26 25 of
1399 2203 45 18 our
1455 2196 59 25 laws
1525 2198 26 23 to
1562 2196 41 25 his
1613 2205 56 16 own
1686 2198 91 24 advan-

1251 2236 64 29 tage.
1351 2235 65 24 That
1427 2235 60 24 time
1498 2235 46 24 has
1562 2235 100 33 happily
1684 2236 95 31 passed,

1251 2281 75 18 never
1336 2275 26 24 to
1373 2276 94 23 return.

1361 2407 307 25 ODDFELLOWSHIP.

1284 2493 53 24 The
1360 2494 71 24 usual
1453 2494 148 32 half-yearly
1634 2497 146 24 summoned

1251 2536 109 31 meeting
1371 2536 27 24 of
1404 2536 43 24 the
1455 2537 78 32 Loyal
1542 2538 42 23 Nil
1593 2538 186 31 Desperandum

1251 2579 92 31 Lodge,
1356 2580 69 23 M.U.
1438 2580 64 24 East
1526 2580 100 30 Oxford,
1650 2588 50 18 was
1723 2582 57 25 held

1253 2629 31 17 on
1296 2621 121 32 Saturday
1428 2621 49 26 last
1489 2623 60 24 18th
1561 2623 59 29 inst,
1643 2623 73 25 when
1738 2625 42 24 the

1251 2664 147 25 attendance
1417 2673 50 16 was
1490 2666 135 25 somewhat
1648 2667 63 28 thin,
1735 2667 45 24 but

1251 2709 115 29 amongst
1391 2707 71 25 those
1483 2710 99 29 present
1604 2717 63 17 were
1695 2710 86 24 P.G.s

1251 2749 124 31 Aldridge,
1396 2750 145 28 Mehrten's,
1570 2752 98 31 Lough,
1705 2752 73 25 Shar-

1251 2799 67 21 man,
1331 2792 82 24 Smith
1425 2793 49 23 and
1495 2794 109 26 Weeber.
1639 2794 50 24 Bro
1712 2795 66 24 N.G\

1251 2834 29 24 T.
1294 2834 91 24 Baxter
1396 2835 120 30 presided,
1529 2836 50 24 and
1590 2844 27 16 as
1624 2837 50 24 Bro
1684 2837 94 24 Water-

1251 2884 59 17 man
1333 2885 51 16 was
1395 2879 41 22 too
1447 2877 91 26 unwell
1561 2880 25 23 to
1610 2880 94 26 attend.
1727 2880 50 25 Bro

1251 2920 28 24 A.
1293 2920 91 25 Baxter
1396 2920 85 32 kindly
1492 2921 57 26 took
1559 2922 42 25 the
1608 2922 85 26 V.G.s
1701 2924 77 28 chair,

1251 2962 49 25 and
1311 2962 43 25 the
1364 2963 72 31 lodge
1446 2972 51 16 was
1508 2966 98 29 opened:
1612 2966 27 24 m
1648 2966 47 24 due
1706 2967 72 24 form.

1251 3006 52 23 The
1315 3006 109 24 minutes
1435 3008 49 23 and
1497 3011 116 21 accounts
1625 3009 26 24 of
1660 3009 43 24 the
1719 3018 61 22 pre-

1250 3048 69 24 vious
1331 3048 108 31 meeting
1450 3057 63 17 were
1524 3050 59 24 read
1594 3051 49 24 and
1661 3052 115 25 confirm-

1250 3090 38 24 ed.
1323 3090 212 32 Correspondence
1554 3101 50 17 was
1627 3094 61 25 then
1720 3095 59 26 read

1249 3133 49 24 and
1309 3134 66 25 dealt
1387 3135 68 28 with,
1479 3135 63 25 after
1563 3136 81 25 which
1665 3137 113 26 followed

1250 3177 42 24 the
1305 3176 57 25 Sick
1374 3177 113 25 Visitors'
1497 3181 90 28 report,
1597 3180 44 25 the
1663 3182 117 31 requisite

1249 3220 145 25 certificates
1405 3220 93 33 having
1509 3222 62 24 been
1583 3223 109 25 received
1714 3224 64 25 from

1201 3283 2 5 ,
1208 3262 83 43 gl^be
1303 3262 94 30 doctor,
1409 3263 82 26 which
1514 3264 97 26 showed
1635 3266 55 25 that
1711 3267 69 26 there

1250 3312 62 17 were
1323 3306 55 24 four
1389 3307 124 25 members
1526 3309 50 24 still
1589 3317 31 16 on
1629 3309 46 26 .the
1697 3310 82 26 funds,

1345 3350 127 32 presiding
1484 3351 89 24 Officer
1584 3352 60 25 then
1657 3354 60 24 read
1724 3363 55 22 por-

1249 3392 66 23 tions
1326 3392 26 23 of
1361 3393 43 23 the
1415 3394 98 29 printed
1521 3396 82 28 report
1608 3396 33 24 -of
1645 3408 10 12 n
1660 3396 42 24 the
1723 3404 45 23 pro

1250 3433 113 32 ceedings
1374 3436 27 23 of
1410 3435 42 25 the
1464 3436 49 24 late
1526 3436 148 26 Conference
1686 3441 23 22 al
1721 3439 57 26 Nel-

1251 3483 52 21 son,
1328 3476 42 25 the
1389 3479 69 23 main
1491 3480 113 30 question
1638 3482 140 25 considered

1251 3518 73 32 being
1335 3519 55 26 that
1402 3521 27 24 of
1438 3529 32 16 an
1483 3519 98 28 A.M.CI
1593 3523 38 25 for
1643 3524 59 25 New
1719 3526 59 24 Zea-

1250 3561 67 28 land,
1331 3563 49 24 and
1391 3571 27 16 as
1441 3564 43 25 the
1506 3565 78 31 lodge,
1602 3566 61 25 with
1684 3569 95 30 respect

1251 3604 25 23 to
1287 3603 33 24 it's
1332 3612 54 17 own
1398 3605 103 31 district,
1514 3609 85 24 stands
1609 3609 90 25 almost
1707 3610 72 25 alone

1250 3645 27 25 m
1288 3646 32 24 its
1332 3648 137 31 opposition
1483 3652 24 23 to
1519 3651 42 25 the
1574 3655 149 26 movement,
1746 3662 32 16 on

1252 3689 43 24 the
1306 3691 95 29 ground
1413 3691 55 25 that
1481 3695 41 23 the
1534 3695 57 29 gain
1604 3695 79 24 would
1693 3698 45 22 nbt
1750 3696 30 25 be

1250 3733 182 30 proportionate
1444 3736 26 23 to
1481 3736 43 24 the
1547 3739 60 27 cost,
1620 3738 20 25 it
1651 3746 49 17 was
1719 3739 60 24 with

1250 3774 90 32 feeling
1351 3776 27 24 of
1387 3777 164 31 gratification
1563 3780 55 25 that
1629 3781 58 30 they
1698 3782 80 25 learn-

1875 153 29 24 ed
1917 154 40 25 the
1980 155 76 24 result
2077 155 81 25 which
2180 165 79 16 seems
2283 158 24 23 to
2330 157 69 31 point

1874 197 163 31 conclusively
2059 200 25 23 to
2107 198 42 25 the
2168 200 49 24 fact
2240 201 55 23 thai;
2325 200 40 24 U,
2375 207 24 16 re

1871 239 62 24 need
1945 239 29 25 be
1985 248 33 16 no
2029 241 77 24 dread'
2114 242 26 24 of
2151 243 53 24 that
2218 244 92 23 burden
2324 243 74 30 being

1870 282 119 31 imposed,
2003 285 25 23 at
2039 292 48 23 any
2099 288 52 21 rate
2162 285 25 24 m
2201 286 42 24 the
2255 286 143 24 ininiedkie

1871 324 91 25 future.

1902 368 50 25 Bro
1974 369 62 24 P.G.
2067 369 104 26 Smith's
2198 372 200 23 announcement

1870 410 55 25 that
1937 412 81 30 owing
2028 414 25 22 to
2065 412 42 25 the
2128 416 96 26 greater
2245 414 106 23 number
2373 412 28 25 of

1923 452 135 26 bandsmen
2071 454 90 31 having
2171 455 44 25 left
2227 455 42 24 the
2291 456 105 27 district,

1870 494 58 32 they
1940 504 61 16 were
2006 504 39 16 -no
2057 498 84 30 longer
2157 497 55 24 able
2234 499 26 23 to
2281 498 116 24 continue

1870 538 64 24 their
1945 539 126 30 practices,
2084 539 48 25 and
2143 540 27 24 m
2192 540 50 24 fact
2264 539 43 25 the
2330 539 66 33 baijd

1869 581 49 23 had
1929 581 67 31 quite
2007 582 123 30 collapsed
2141 583 49 23 and
2201 583 31 23 he
2254 590 50 16 was
2322 573 82 40 goin^

1867 624 27 23 to
1905 623 67 24 hand
1982 625 27 22 m
2026 625 42 24 the
2090 625 171 29 instruments,
2285 633 55 16 was
2358 633 36 16 re-

1867 666 83 23 ceived
1961 666 59 25 with
2037 668 154 30 expressions
2202 668 26 24 of
2238 670 87 29 regret,
2344 676 50 17 see-

1867 708 43 30 ing
1921 708 56 25 that
1988 717 27 16 so
2026 710 74 24 much
2113 710 96 24 trouble
2221 710 48 24 and
2288 718 107 23 expense

1868 750 49 24 had
1929 750 61 25 been
2001 752 113 24 iicurred
2124 752 27 24 m
2163 752 114 31 bringing
2287 753 20 24 it
2318 761 33 23 up
2368 755 26 22 to

1869 793 65 23 what
1944 793 20 24 it
1975 800 58 23 was,
2045 794 59 25 both
2117 795 59 24 with
2188 797 93 28 respect
2304 797 25 23 to
2351 795 43 25 the

1866 835 97 30 players
1975 837 49 22 and
2036 837 41 23 the
2086 837 80 29 lodge.

1890 877 64 27 .The
1964 878 103 24 election
2090 879 26 24 of
2136 880 95 23 officers
2254 879 60 24 then
2336 880 59 25 took

1867 919 68 32 place
1947 920 59 25 with
2018 920 42 25 the
2081 921 124 32 following
2223 923 117 24 result.r
2344 924 50 23 For

1867 962 64 24 N.G.
1949 962 49 25 Bro
2020 963 29 23 A;
2068 964 98 27 Baxter,
2185 964 63 24 V.G.
2278 965 49 24 Bro
2352 966 40 24 W.

1869 1005 85 28 Mann,
1973 1006 60 24 G.M
2036 1024 5 9 ?
2059 1006 50 24 Bro
2131 1007 61 24 P.G.
2216 1007 97 31 Lough,
2331 1008 61 25 E.S.

1868 1049 25 23 to
1905 1047 65 25 N.G.
1982 1048 50 24 Bro
2049 1049 60 24 P.G.
2133 1049 123 31 Aldridge,
2284 1049 60 26 L.S.
2368 1054 26 21 to

1867 1089 66 25 N.G.
1962 1091 50 24 Bro
2034 1091 143 29 Placharch,
2196 1092 58 23 R.S.
2280 1094 24 22 to
2326 1093 65 24 V.G.

1868 1132 49 25 Bro
1929 1133 73 31 King,
2013 1133 134 29 Guardian,
2157 1133 49 25 Bro
2215 1134 86 25 Jethro
2311 1135 83 29 Mann,

1868 1174 116 30 Warden,
2003 1176 50 24 Bro
2065 1176 24 24 J.
2102 1176 122 29 Fenwick,
2247 1177 57 25 Sick
2327 1178 65 24 Visi-
2399 1198 4 2 .

1867 1219 59 28 tors,
1949 1218 62 24 Bros
2034 1218 87 31 Lough
2156 1220 49 23 and
2239 1220 152 29 Zweibruck,

1866 1260 124 35 Auditors^
2004 1261 63 23 Bros
2077 1261 83 30 Papps
2182 1263 48 21 and
2253 1262 139 30 Neumanu,

1865 1302 59 24 P.S.
1950 1303 72 24 Isaac
2044 1303 98 24 Morris.
2177 1304 52 24 The
2251 1304 65 25 N.G.
2345 1305 50 24 atd

1865 1343 65 26 V.G.
1949 1353 62 17 were
2022 1345 58 32 duly
2092 1346 115 24 installed
2224 1347 27 24 m
2272 1348 68 23 office
2362 1347 33 31 by

1865 1387 62 24 P.G.
1940 1388 50 24 Bro
2001 1388 30 24 T.
2048 1388 100 25 Baxter.

1899 1429 57 25 Sick
1975 1439 48 22 pay
2046 1431 49 24 and
2114 1431 72 25 other
2208 1433 115 23 accounts,
2342 1440 52 16 am-

1866 1476 104 28 ounting
1981 1475 27 23 to
2027 1475 50 23 15
2100 1482 50 16 was
2171 1474 88 31 passed
2280 1475 38 24 for
2337 1483 57 23 pay-

1865 1519 77 26 ment,
1956 1517 42 24 the
2009 1517 102 31 receipts
2123 1516 73 32 being
2207 1519 50 23 B
2264 1519 18 23 2
2276 1519 38 23 2s.
2343 1519 53 24 The

1868 1558 74 32 lodge
1953 1567 51 18 was
2027 1560 60 25 then
2109 1560 82 25 closed
2211 1560 28 25 m
2260 1560 43 25 the
2325 1561 71 25 usual

1867 1601 73 25 form.

1942 1735 92 27 VIEW
2052 1736 85 25 HILL
2153 1738 159 25 LIBRARY.

1899 1815 53 26 The
1963 1816 147 33 fortnightly
2122 1818 67 25 View
2212 1820 54 24 Hill
2289 1821 107 32 Library

1868 1852 81 25 Social
1966 1862 51 17 was
2039 1855 59 24 held
2119 1863 32 18 on
2171 1856 130 33 Thursday
2317 1846 78 38 I.6th.

1868 1893 78 25 There
1967 1902 49 17 was
2039 1903 14 16 a
2074 1903 57 25 very
2151 1897 68 31 large
2242 1899 155 29 attendance,

1871 1933 43 24 the
1925 1934 164 25 school-room
2102 1935 72 32 being
2184 1937 100 30 packed.
2319 1938 79 25 There

1868 1980 49 16 was
1929 1981 15 16 a
1955 1973 90 31 capital
2056 1982 153 24 programme
2222 1977 136 32 consisting
2369 1978 27 24 of

1865 2012 123 32 readings,
2012 2013 72 31 solos,
2106 2015 68 28 trios,
2198 2016 72 25 duets
2294 2018 50 28 &c,
2370 2018 25 25 m

1866 2050 81 24 which
1959 2051 42 24 the
2011 2051 125 32 following
2146 2053 78 24 ladies
2237 2055 48 22 and
2305 2056 92 29 gent'e-

1868 2095 58 15 *nen
1940 2088 57 24 took
2015 2091 64 28 part.
2113 2089 53 25 Mrs
2188 2091 134 32 Harbidge,
2345 2093 52 23 Mrs

1868 2124 84 29 Clark,
1984 2126 87 24 Misses
2095 2127 133 30 Simmons,
2253 2129 73 25 Clark
2348 2130 49 25 and

1870 2161 63 31 Day,
1952 2164 48 23 and
2012 2163 92 26 Messrs
2115 2164 103 29 Barnes,
2235 2166 74 30 King,
2333 2168 64 23 Kob-

1867 2199 74 30 berts,
1959 2201 133 33 Harbidge,
2117 2203 101 26 Baxter.
2241 2204 82 26 Smith
2346 2207 50 24 and

1865 2239 68 26 Pole.
1968 2241 53 25 The
2033 2242 91 25 thanks
2138 2243 26 24 of
2173 2244 43 25 the
2229 2244 80 26 Social
2322 2246 75 24 Com-

1868 2277 93 30 mittee,
1974 2287 41 16 are
2025 2280 47 25 due
2088 2283 25 22 to
2126 2281 70 25 those
2207 2283 55 24 who
2273 2284 69 24 faced
2353 2285 44 24 the

1865 2315 62 27 cold.
1931 2316 68 26 drive
2010 2317 63 25 from
2086 2318 92 25 Oxford
2188 2321 26 22 to
2226 2321 54 30 give
2291 2329 29 16 us
2331 2322 66 24 their

1867 2356 135 26 assistance
2014 2365 31 17 on
2068 2358 129 32 Thursday
2220 2361 120 31 evening;
2358 2363 37 23 in-

1866 2396 59 23 deed
1938 2397 43 23 the
1993 2396 92 26 thanks
2097 2398 27 24 of
2133 2398 44 24 the
2198 2399 80 25 whole
2300 2401 96 24 district

1866 2440 41 17 are
1919 2432 46 25 due
1978 2435 25 23 to
2014 2433 34 25 all
2061 2434 71 25 those
2144 2436 55 24 who
2211 2436 62 25 have
2286 2446 27 16 so
2336 2446 57 24 gen-

1868 2474 96 29 erously
1977 2481 69 17 come
2058 2474 111 30 forward,
2193 2477 48 23 and
2263 2477 88 32 helped
2371 2481 26 22 to

1865 2511 73 25 make
1948 2512 44 25 the
2016 2512 94 26 Socials
2132 2514 44 24 the
2193 2523 97 17 success
2312 2517 81 25 which

1865 2549 59 31 they
1935 2550 169 32 undoubtedly
2120 2559 49 18 are.
2204 2553 73 26 After'
2282 2554 42 24 the
2340 2557 56 28 f>r<-

1865 2594 111 24 gramme
2007 2596 50 17 was
2079 2589 116 31 finished,
2217 2591 176 26 refreshments

1950 2625 98 25 handed
2060 2627 88 28 round,
2162 2629 49 24 and
2223 2637 14 16 a
2246 2629 60 32 jolly
2324 2639 71 16 even-

1865 2664 41 31 ing
1919 2672 50 18 was
1981 2667 80 30 spent.
2098 2667 19 24 A
2129 2669 40 22 tea
2180 2669 49 25 and
2247 2672 99 25 concert
2367 2671 28 24 m

1865 2704 40 24 aid
1917 2704 27 24 of
1952 2705 43 24 the
2007 2705 90 32 library
2108 2707 74 24 funds
2194 2709 49 26 will
2256 2709 29 24 be
2301 2710 58 24 held
2367 2711 27 23 m

1866 2744 42 24 the
1919 2744 83 25 school
2013 2752 33 16 on
2067 2746 99 30 Friday.

1962 2887 68 25 TEA
2049 2888 68 25 AND
2130 2889 155 26 CONCERT

1898 2966 46 25 We
1956 2967 62 26 have
2029 2969 26 23 to
2067 2971 168 30 congratulate
2257 2980 45 16 our
2323 2973 69 25 Pres-

1865 3003 111 32 byterian
1988 3005 96 25 Mends
2096 3015 33 16 on
2140 3008 66 24 their
2217 3017 57 23 very
2286 3017 106 17 success-

1864 3042 34 24 ful
1912 3043 131 32 gathering
2053 3054 32 16 on
2097 3046 90 32 Friday
2211 3048 68 29 17th,
2302 3050 26 23 at
2349 3050 43 23 tfoe

1866 3082 73 24 Town
1952 3083 68 29 Hall,
2032 3085 64 26 East
2109 3086 98 25 Oxford.
2242 3085 68 28 After
2319 3088 73 31 doing

1862 3121 103 32 justices
1988 3126 25 23 to
2036 3133 32 16 an
2091 3127 119 24 excellent
2233 3128 93 31 spread,
2350 3128 42 25 the

1865 3167 120 26 company
2006 3170 63 17 were
2091 3164 128 32 agreeably
2241 3165 151 26 entertained

1865 3197 31 32 by
1904 3206 15 16 a
1940 3201 106 23 number
2067 3201 28 24 of
2114 3204 112 22 amateur
2248 3203 145 32 performers

1865 3238 61 24 with
1935 3247 74 24 songs
2032 3240 49 24 and
2103 3241 150 27 recitations.
2288 3243 45 25 We
2355 3251 36 17 re-

1865 3276 64 24 frain
1940 3276 64 26 from
2021 3280 114 28 personal
2156 3280 116 24 criticism
2295 3289 28 16 as
2345 3283 47 22 two

1866 3313 27 25 of
1903 3313 42 26 the
1962 3315 57 32 lady
2041 3323 147 24 per;oriners
2211 3317 121 33 modestly
2353 3326 38 17 re-

1866 3353 101 30 quested
1979 3362 45 15 our
2034 3357 109 27 reporter
2152 3357 45 22 not
2214 3358 26 22 to
2262 3358 44 28 put
2328 3357 65 24 their

1865 3396 87 17 names
1962 3390 27 23 m
2001 3391 74 30 print,
2088 3391 49 24 and
2149 3399 27 17 so
2187 3393 33 24 he
2234 3400 68 17 came
2324 3401 68 22 away

1867 3427 104 32 singing,
2002 3428 39 25 Oh
2053 3437 41 21 no,
2117 3438 36 17 we
2175 3434 68 23 must
2260 3434 45 23 not
2324 3440 68 17 men-

1865 3465 52 24 tion
1931 3466 85 24 them.'
2051 3467 53 25 The
2116 3468 92 26 Messrs
2216 3469 97 29 Brown,
2325 3470 65 25 how-

1865 3512 63 22 ever,
1941 3505 107 32 scarcely
2058 3514 70 18 ccme
2145 3509 87 25 within
2260 3509 42 25 the
2324 3511 63 24 cate-

1865 3549 59 23 gory
1936 3542 26 24 of
1971 3544 143 30 Amateurs,
2126 3546 50 24 and
2187 3546 56 32 they
2253 3549 67 23 must
2338 3555 53 24 per-

1865 3579 47 24 mit
1924 3588 29 15 us
1965 3582 25 22 to
2002 3581 79 25 thank
2093 3583 68 25 them
2171 3584 37 25 for
2223 3585 44 24 the
2288 3585 104 24 musical

1865 3617 64 24 treat
1940 3617 59 33 they
2009 3626 68 23 gave,
2083 3628 36 17 us,
2154 3621 52 26 Mrs
2219 3622 110 30 Watson,
2350 3625 41 23 too

1865 3664 37 16 we
1913 3657 63 32 hope
1988 3658 48 25 will
2048 3659 93 32 forgive
2153 3669 29 17 us
2198 3662 27 25 m
2249 3663 86 31 saying
2356 3671 36 16 we

1865 3696 64 32 hope
1952 3699 25 23 to
1999 3699 61 24 hear
2082 3704 45 21 her
2149 3702 73 30 again
2241 3710 59 24 very
2322 3710 70 17 soon.

1866 3736 44 24 We
1922 3737 62 25 shall
1997 3741 44 22 not
2052 3739 86 32 forget,
2157 3741 43 25 the
2222 3742 87 32 hearty
2330 3741 61 33 style

1863 3774 28 24 m
1903 3775 82 25 which
2007 3777 43 24 the
2079 3778 90 25 Scotch
2192 3780 112 24 minister
2326 3779 65 25 trills

536 22 169 32 OXFORD
745 24 90 31 AND
879 23 103 31 OUST
1027 21 221 34 OBSERVER
1291 24 243 35 SATURDAY,
1574 24 109 31 JUNE
1716 26 48 33 25,
1820 27 78 28 1892

774 824 261 44 NOTICE.

642 935 251 41 npRESPASSERS
910 943 33 16 on
964 935 85 24 Lands
1070 935 28 24 m
1124 942 44 24 my

646 961 22 31 J.
705 968 89 31 charge
804 968 27 24 m
853 968 43 24 the
919 968 91 31 Ashley
1029 976 27 15 or
1076 968 92 24 Oxford

642 1007 116 26 Districts
770 1008 49 24 will
837 1007 30 24 be
884 1007 151 31 prosecuted.

773 1045 24 25 J.
810 1045 222 28 0-HALLORAN,

1023 1081 109 26 Glentui.

781 1179 240 45 FOUND.

642 1302 40 56 A
704 1302 77 24 Black
809 1302 68 24 FUR
906 1300 138 26 Collarette.
1079 1301 88 25 Owner

715 1342 47 16 can
783 1334 63 24 have
868 1334 42 24 the
934 1342 67 16 same
1023 1334 31 31 by
1082 1335 85 30 apply-

642 1371 44 32 ing
696 1373 26 23 at
733 1372 51 24 this
806 1371 83 25 Office.

733 1483 349 45 BARGAINS.

749 1551 66 24 FOR
832 1550 80 25 THIS
930 1550 130 25 MONTH.

647 1594 272 56 AWarhoupeman's
933 1593 69 24 stock
1023 1593 27 24 of
1070 1592 99 25 French

717 1626 131 29 Merinoes,
876 1626 137 31 purchased
1046 1627 26 22 at
1105 1625 63 24 half-

642 1666 74 30 price.
751 1665 119 24 Coloured
882 1665 103 28 Merino,
999 1666 45 31 8/-,
1065 1664 103 24 reduced

644 1706 25 22 to
679 1703 49 33 2/3,
748 1703 50 33 8/9,
816 1702 105 25 reduced
933 1704 25 23 to
970 1702 51 33 2/9.

771 1740 143 26 SPECIAL
931 1739 114 26 LINES.

643 1792 60 24 New
726 1792 179 30 Threequarter
928 1791 86 31 Capes,
1038 1791 50 24 and
1111 1790 58 26 Sea-

642 1831 45 23 lett
699 1829 109 28 Jackets,
818 1829 57 31 only
887 1837 15 16 a
913 1829 46 24 few
969 1829 53 24 left.

785 1868 31 25 R.
834 1868 34 25 H.
893 1868 134 29 PARISH,

904 1906 102 32 Draper,

943 1946 66 24 East
1028 1946 107 24 Oxford.

777 2073 259 46 NOTICE.

646 2196 59 25 YTO
722 2196 145 26 Huntsmen
878 2203 27 17 or
916 2195 105 25 Hounds
1032 2194 51 25 will
1093 2194 31 25 be
1135 2195 34 24 al-

646 2219 31 35 li
717 2228 77 27 lowed
806 2230 26 23 to
844 2231 106 28 trespass
967 2236 33 18 on
1021 2236 42 23 my
1086 2228 82 24 Farm.

815 2268 39 26 W.
872 2268 127 30 DUDER,

984 2308 67 24 View
1077 2308 62 24 Hill.

687 2414 294 41 ODDFELLOWS'
995 2414 130 45 HALL,

747 2461 114 31 WESI
858 2462 6 14 ;
881 2461 182 38 OXFORD.

677 2511 21 24 A
710 2511 81 24 Dance
803 2511 44 24 will
867 2513 27 22 be
917 2511 51 24 held
990 2512 26 23 iv
1037 2512 40 23 the
1099 2512 71 23 above

644 2550 65 31 Hall,
722 2559 30 16 on
776 2550 122 32 Saturday,
922 2551 58 31 July
1002 2551 56 23 2nd.
1092 2551 77 24 Danc-

644 2590 43 30 ing
695 2590 57 24 from
766 2591 51 23 Bto
830 2591 29 23 11
872 2597 56 24 p.m.
963 2590 137 24 Admission
1124 2590 44 31 1/-,

645 2629 85 25 Ladies
741 2629 54 25 free.

791 2671 39 26 W.
847 2671 35 26 H.
900 2671 204 26 TOMLINSON.

96 143 135 25 OXFORD
259 144 91 24 ROAD
367 143 122 26 BOARD.

65 224 158 25 TENDERS
240 233 40 15 are
292 225 93 23 invited
397 225 37 23 for
446 225 42 23 the
510 225 43 24 fol-

30 268 89 30 lowing
138 267 75 24 works
226 276 5 14 :

34 310 152 29 Re-erecting
210 310 89 29 Bridge
321 317 57 15 over
411 309 42 23 the
487 309 67 24 Cust.

32 352 121 23 Bennetts
188 352 125 30 boundary
346 350 67 25 road.
458 350 98 25 Labour

32 394 66 30 only.

65 436 128 30 Grubbing
215 435 111 25 tussocks
348 443 32 16 on
408 434 148 25 Woodstock

32 478 66 24 road.
133 478 81 24 About
226 479 49 23 100
298 477 94 24 chains.

66 521 113 29 Clearing
191 523 42 21 out
246 521 109 29 Cutting,
368 520 49 23 and
433 519 123 31 repairing

33 564 142 30 Mounsey's
187 563 99 31 Swamp
298 563 76 23 Road.

66 606 129 30 Grubbing
206 614 76 22 gorse,
296 605 141 31 Mounsey's
459 604 97 30 Swamp

33 648 77 24 Road.

67 691 100 31 Carting
179 691 104 31 shingle,
296 690 49 24 and
356 689 117 32 patching
494 689 63 31 Pag-

32 736 46 21 et's
90 735 48 22 and
150 734 68 23 Main
228 733 70 24 Bush
317 733 77 24 Road.

65 776 82 28 Plans,
160 775 192 31 Specifications,
360 774 49 25 and
418 773 138 25 conditions

32 820 25 22 to
70 818 28 23 be
107 826 57 15 seen
176 818 25 23 at
214 817 42 24 the
267 817 95 24 Boirds
380 816 77 25 office.
493 815 63 24 Ten-

32 861 54 23 ders
98 862 24 22 to
132 860 28 24 be
184 862 55 22 sent
260 860 27 23 m
310 859 81 25 before
410 859 31 24 12
463 857 93 25 o'clock

32 911 74 20 noon,
119 911 33 16 on
165 902 160 31 Wednesday,
338 901 59 32 July
410 900 43 26 6th
465 902 73 23 1892.

32 946 53 24 The
96 947 85 23 lowest
193 954 27 16 or
229 954 48 22 any
300 945 85 25 tender
404 946 44 24 not
472 952 83 17 neces-

33 989 74 30 sarily
126 989 123 29 accepted.

132 1031 110 24 JAMES
259 1031 34 24 H.
313 1029 143 28 SHARPE,

293 1072 73 25 Clerk
377 1075 26 22 to
412 1072 42 25 the
465 1071 90 25 Board.

131 1194 322 46 TENDEKS.

32 1306 170 24 nPENDERS
219 1314 42 16 are
271 1306 94 24 invited
376 1306 38 24 for
435 1305 122 31 grubbing

35 1330 22 33 JL
95 1339 78 24 Gorse
185 1347 32 15 on
230 1339 68 23 Main
310 1339 69 23 Bush
392 1338 78 27 Road,
482 1346 73 22 oppo-

30 1377 47 23 site
99 1376 40 23 Mr
162 1376 24 23 J.
216 1376 35 24 M.
285 1375 104 24 Booth's
422 1375 133 29 residence.

31 1413 108 24 Tenders
151 1415 25 22 to
193 1413 29 24 be
246 1415 53 22 sent
322 1413 26 23 m
371 1421 32 15 on
425 1420 28 16 or
475 1412 81 24 before

31 1453 65 23 June
108 1452 69 24 27th.
212 1452 53 24 The
276 1452 84 27 lowest
373 1460 27 16 or
411 1459 47 24 any
471 1452 85 24 tender

29 1499 45 18 not
91 1492 147 31 necessarily
255 1492 121 31 accepted.

192 1530 31 25 G.
247 1530 145 29 WINTER,

339 1568 69 24 West
423 1567 99 25 Oxford.

117 1673 132 45 FOR
291 1673 176 43 SALE.

31 1796 91 24 MUST
140 1796 44 24 BE
216 1796 94 24 SOLD.
345 1796 88 24 Owner
460 1795 97 32 leaving

31 1834 42 24 the
97 1834 101 31 Colony.
233 1834 79 23 Three
345 1834 62 30 good
442 1833 112 24 SHEEP

30 1871 102 26 DOGS.
166 1872 48 23 For
233 1871 153 31 particulars,
425 1872 73 30 apply
531 1873 26 23 to

33 1911 76 25 Office
120 1911 26 25 of
156 1911 50 25 this
218 1911 85 32 Paper.

82 2017 197 45 TOWN
313 2017 195 50 HALL,

133 2082 107 31 EAST
277 2082 177 31 OXFORD.

112 2133 193 28 THURSDAY,
324 2132 86 25 JULY
423 2132 51 25 7th.

72 2176 68 38 MH
162 2176 59 38 W.
248 2176 60 37 W.
346 2176 169 38 COLLINS

49 2226 52 25 The
120 2226 136 25 celebrated
270 2226 116 26 Scientist
398 2226 49 24 and
468 2226 72 25 Free-

178 2264 106 31 thought
314 2264 95 25 Orator.

176 2307 72 24 Wai
270 2315 104 16 DELIVEB
398 2315 15 16 A

127 2349 338 39 LECTURE

217 2410 157 21 ENTITLED

30 2452 70 39 The
128 2452 111 39 Bible.
279 2450 120 41 What
426 2452 32 39 is
493 2452 62 40 it?

73 2497 79 38 And
175 2497 93 38 Who
294 2499 112 38 wrote

32 2548 127 24 Ministers
175 2548 27 25 of
225 2548 41 24 the
294 2548 90 31 Gospel
417 2549 48 24 and
496 2549 60 25 Tea-

65 2586 70 24 chers
146 2586 26 24 of
186 2586 113 31 Religion
320 2586 157 31 respectfully
487 2595 37 17 re-

173 2623 102 31 quested
287 2624 25 23 to
324 2623 92 24 attend.

106 2665 202 25 DISCUSSION
325 2666 153 24 INVITED.

96 2715 15 27 1
139 2714 234 30 Tkessalonians
393 2726 29 18 v.
446 2716 48 28 21.

335 2764 175 50 Sixpence.

33 2875 50 40 ST
93 2876 239 40 ANDREW'S
342 2877 215 41 FESTIVAL

250 2929 101 38 1892.

65 2987 50 25 MR
132 2988 149 26 HAWKER
292 2991 110 28 requests
413 2990 43 24 the
467 2990 90 25 Ladies

31 3026 27 24 of
80 3026 28 24 St
131 3028 127 24 Andrew's
287 3028 129 25 Parochial
444 3030 111 27 District,

33 3065 72 32 (East
128 3067 48 23 and
199 3067 69 25 West
298 3066 98 30 Oxford,
432 3068 123 28 Carleton,

31 3103 68 25 View
111 3103 61 31 Hill,
197 3104 49 25 and
271 3104 147 33 Woodside),
442 3108 26 22 to
489 3108 66 23 meet

30 3141 54 25 him
104 3149 31 16 on
156 3142 153 31 Wednesday
331 3143 135 29 afternoon,
491 3144 64 25 June

31 3180 69 28 29th,
113 3183 25 22 at
150 3183 15 22 4
178 3189 68 23 p.m.,
264 3183 27 23 m
303 3182 42 24 the
356 3183 100 31 Sunday
466 3183 91 26 School

30 3221 119 31 building,
171 3223 59 23 next
254 3223 28 24 St
292 3245 3 2 .
305 3222 126 25 Andrew's
454 3223 101 25 Church

30 3260 35 25 foi
79 3260 41 24 the
132 3268 103 24 purpose
247 3261 26 25 of
283 3262 132 32 arranging
425 3262 38 25 for
486 3263 70 25 Sew-

30 3299 43 29 ing
85 3298 58 28 Bee,
162 3306 27 17 or
211 3299 128 24 otherwise
361 3300 27 24 m
411 3301 146 24 connection

29 3336 60 24 with
104 3336 28 24 St
147 3336 126 25 Andrew'^
291 3335 117 27 Festival.

181 3437 225 46 DRINK

51 3498 202 39 HYSLOP'S
268 3500 119 39 PURE
411 3501 122 43 TEAS.

32 3548 64 31 The
110 3548 90 31 finest
213 3553 53 28 tne
279 3551 103 30 World
399 3554 155 38 produces.

35 3593 73 30 Sold
119 3595 43 37 by
190 3594 49 30 Mr
254 3596 33 29 F.
303 3597 38 29 A.
371 3598 184 37 Waterman,

73 3633 79 30 East
164 3633 125 37 Oxford.

33 3674 51 30 Mr
103 3674 38 35 R,
157 3674 115 34 Fisher,
290 3676 86 31 West
388 3679 127 31 Oxford.

34 3714 49 32 Mr
99 3715 35 28 E.
151 3715 48 29 W.
229 3716 124 40 Cooper,
383 3719 84 38 Oust,
497 3722 60 30 and

75 3765 92 31 many
186 3757 107 30 others.
