2460 3850
130 174 202 29 SERIAL
363 174 184 29 STORY.

78 261 7 10 L
130 248 101 23 Specially
241 248 79 17 written
330 248 30 21 for
372 248 5 7 '
384 248 40 17 The
435 248 104 18 Observer.'

153 304 68 21 THE
241 304 74 21 SICK
337 304 181 21 STOCKMAN.

169 347 30 31 (A
212 347 80 24 Stoky
303 354 25 15 m
341 347 54 23 Two
407 347 96 30 Pabts.)

39 426 2 3 .
64 426 18 4 ....
129 418 41 14 :.-..
182 405 72 24 .Part
271 404 238 25 1.--Chapterll...
541 412 12 18 .'

36 463 100 15 '■'■'■■'
256 463 158 32 (Gontimied.)

100 546 2 3 .
108 522 14 22 I
137 530 35 14 am
182 523 44 22 not
237 521 73 30 going
321 522 25 22 to
355 521 41 23 tell
406 529 42 22 my
456 521 94 24 readers
560 522 33 23 all

75 553 55 24 that
141 553 57 24 Max
207 553 146 30 Codrington
365 553 50 24 said
426 555 24 22 to
457 553 39 24 his
508 554 84 23 cousin

34 588 25 24 ;-:
74 586 25 23 m
112 586 40 23 the
163 586 57 30 long
230 585 97 31 gallery,
340 586 54 23 that
403 586 94 30 night;.
514 586 13 23 I
546 586 48 23 will

59 628 10 13 :.■
75 618 53 32 giye
147 626 31 15 an
189 617 103 28 outline,
300 617 48 24 and
367 617 58 24 each
436 626 45 16 one
501 626 43 16 can
555 618 36 24 fill
604 638 3 2 .

34 663 30 15 :.
75 651 24 23 it.
106 651 24 23 m
142 659 27 16 as
180 650 56 30 they
248 649 47 24 like
307 649 59 25 best.
473 673 2 2 .
494 650 29 26 '•....

108 683 57 23 Max
184 683 113 23 had-'been
315 684 25 22 to
358 682 102 24 London
477 682 104 24 to..inter
582 697 8 15 T

75 715 65 26 view,
153 715 43 23 his'
210 714 134 31 god-father
344 722 44 15 —a
410 714 55 23 rich-
482 713 121 26 bachelor.!

34 748 14 17 :/
54 758 3 7 '
75 747 88 29 uncle.;.
175 765 2 3 •
203 747 53 23 The
273 746 40 26 old
330 755 56 15 man
403 746 49 24 had
462 746 63 24 been
534 753 56 26 Very

33 796 2 2 ■
36 787 12 23 ■;
62 778 179 33 -generous";to'
259 779 38 24 his
316 781 123 16 :god-son.'
457 779 74 25 \:H£.
541 780 49 23 had

73 814 83 28 prorni.
165 812 29 23 od
205 814 25 21 to
241 811 90 24 settle.a
342 812 60 30 good
414 819 54 19 sum
476 820 65 22 upon
552 812 38 24 his
599 809 3 10 '

50 840 127 35 '■''ji6phev}
184 844 41 24 the
236 843 45 32 day
289 843 80 24 lAlicia
379 842 108 32 Ranisay
496 844 92 24 became

48 882 16 12 •;
73 875 40 26 his
124 877 60 23 wile.
235 877 57 22 Max
303 876 72 30 being
393 884 14 15 a
416 884 107 23 younger
538 877 69 28 son,,'

34 910 104 27 .;.:with.
151 909 62 31 only,
228 917 15 15 a
262 917 105 22 younger
395 911 68 25 son's;
483 910 103 29 portion,

71 941 72 23 could
153 944 44 20 not
207 941 61 22 have
283 941 105 22 afforded
398 943 26 20 to
441 943 130 28 marry-yet
579 948 24 21 ;..-

34 977 16 9 ■"■'
70 973 45 24 but
126 973 121 31 thisgood
264 969 70 27 undo
344 972 49 24 had
409 972 94 24 cleared
520 981 66 23 away

34 1010 24 21 '."•
69 1005 35 25 all
122 1005 124 28 obstacles,
259 1005 48 23 and
323 1005 32 24 he
365 1013 48 17 was
428 1005 49 24 free
487 1013 55 16 now
561 1007 25 23 to

69 1045 84 24 marny
160 1038 71 24 when
242 1038 31 25 he
283 1037 70 26 liked.
405 1037 31 25 So
448 1038 58 23 Max
518 1045 67 17 came

69 1070 73 24 home
161 1071 59 26 with
239 1078 13 14 a
272 1077 55 24 very
344 1070 61 30 light
424 1067 68 26 heart
500 1071 30 25 .to
543 1070 42 24 ask

69 1103 39 24 his
120 1103 82 24 cousin
213 1104 25 23 to
248 1102 98 24 become
356 1102 39 24 his
407 1103 58 23 wife.
520 1103 26 5 ":'
593 1114 3 3 •

90 1135 63 28 •.Th§
163 1137 157 28 .youngsters'
339 1143 80 22 games
436 1143 60 15 were
515 1134 33 24 all
559 1136 25 22 at

49 1168 117 27 .an'end,
179 1168 50 23 and:
243 1167 120 30 quietness
379 1167 100 30 .reigned
497 1167 26 23 m
543 1167 40 24 the

68 1199 48 24 hall
127 1200 75 28 .when
219 1199 57 24 Max
294 1199 101 31 brought
412 1202 43 21 out
471 1199 37 24 his
530 1207 53 23 pro-
605 1211 2 12 .-

34 1255 2 3 .
66 1233 79 23 mised
165 1233 66 23 bride
254 1233 60 23 from
342 1233 41 23 the
405 1232 58 30 long
483 1233 97 30 galleryi
594 1249 13 5 ■.

68 1265 72 23 Their
150 1265 63 24 faces
224 1272 58 15 were
297 1264 119 30 radiantly
426 1264 87 30 happy,
527 1265 51 23 and-

45 1298 12 24 ,.'
66 1304 26 16 as
101 1297 34 23 he
146 1296 108 30 tenderly
271 1296 91 24 wished
373 1296 43 23 her
435 1296 148 30 good-ndghtj-
601 1305 6 13 ■-.

66 1328 59 29 Max.
127 1338 2 7 1
135 1328 72 24 asked
218 1329 76 22 Alicia
304 1332 25 20 to
337 1328 57 30 keep
406 1328 63 23 their
480 1336 99 22 engage-
601 1332 4 18 :.

64 1365 69 20 ment
144 1369 13 16 a
169 1362 75 23 secret
252 1360 63 25 until
325 1360 134 25 Christmas
468 1360 54 31 Day
532 1368 49 17 was

48 1393 114 26 ''over;''-..
177 1398 2 2 '
209 1393 21 23 ''.'
252 1405 5 4 -
441 1397 6 10 -:
449 1396 10 8 '-
480 1397 40 14 ■■■''
563 1399 16 13 '■

55 1434 26 18 ■■•.-••■
99 1430 14 24 M
122 1428 46 23 -i^-ofc
179 1433 33 17 us*
219 1426 58 30 keep
288 1425 20 24 it
318 1425 33 24 all
370 1426 25 23 to
406 1425 126 29 ourselves,
545 1426 36 24 for
605 1446 2 3 ,

34 1480 2 2 .
65 1467 43 16 one
123 1459 46 30 day
181 1460 24 23 at
311 1458 32 24 he
354 1458 52 24 said
507 1459 13 23 I
530 1459 49 24 will

65 1485 43 30 teil
132 1499 38 23 my
193 1491 78 24 father
291 1491 42 24 the
355 1491 53 24 first
429 1491 72 31 thing
522 1493 80 22 next;.,

377 1532 4 4 '
414 1526 9 9 '•
513 1523 87 16 ■•=-.-'.

58 1572 4 3 -
97 1556 34 27 S.o
139 1556 28 23 if.
172 1564 47 16 was
224 1555 90 31 .agreed
324 1562 37 19 no.
367 1564 44 15 one
419 1564 49 16 was
478 1558 25 21 to
511 1556 69 25 know

34 1609 6 7 
65 1588 275 28 until,after.Christmas
351 1588 61 28 Day.

235 1646 111 24 Chapter
362 1647 23 23 111.

96 1693 81 30 While
195 1699 41 24 the
247 1699 40 24 old
306 1703 63 26 story
379 1707 49 16 was
448 1699 70 31 being
529 1700 49 24 told

64 1738 68 18 anew
142 1731 27 24 m
179 1731 42 24 the
231 1731 57 30 long
299 1731 88 31 gallery
396 1731 27 25 of
431 1731 147 32 Codrington

63 1764 59 24 Hall
137 1764 63 26 .that.
361 1764 58 28 Eve,
440 1772 14 17 a
465 1765 112 31 very.dif-

62 1797 159 24 ferent.scene
239 1804 48 16 was
298 1796 70 31 being
385 1797 97 26 enacted
492 1797 26 24 m
535 1798 42 24 the

50 1853 2 2 .
61 1829 86 31 library
158 1829 26 24 of
190 1829 44 27 #ie
235 1836 3 5 ;
245 1836 66 16 same
322 1829 83 23 house.
427 1848 4 1 -
457 1836 8 22 ■;.
490 1822 14 28 J-
511 1846 4 11 :
537 1839 28 18 ..■(

94 1861 80 29 When,
184 1861 39 28 Mr
235 1860 65 31 Qray
310 1861 97 25 entered
418 1861 41 25 the
464 1869 69 17 room
544 1871 32 15 on

41 1914 2 2 .
61 1892 43 24 hia
122 1893 86 23 arrival
231 1893 38 23 Sir
291 1893 73 23 John'
376 1901 53 17 was.
440 1905 1 12 :
448 1894 89 31 sitting-
550 1895 26 23 m

59 1924 125 25 luxurious
204 1932 53 17 ease
276 1925 76 24 before
360 1926 24 30 {&
395 1940 2 11 ;
398 1926 112 31 .glowing.
522 1927 52 25 iire.

61 1956 41 27 He.
112 1957 89 23 started
206 1959 39 21 -to
261 1957 47 23 his.
318 1957 48 24 feet
381 1965 27 16 as
423 1952 44 30 iihe
487 1959 88 24 banker

61 1996 66 18 came
129 1990 3 11 :
137 1989 108 28 forward,
259 1989 170 31 exclaiming—
499 2007 2 4 .

83 2039 2 3 .
215 2021 78 30 Gray!
345 2022 125 25 Whatever
491 2020 83 34 brings

59 2061 47 23 you
117 2053 69 24 d'owri
196 2053 105 30 to-night
374 2076 7 2 ..
402 2053 57 28 ."'■'
511 2077 2 2 .
560 2064 2 2 ■

94 2090 5 9 •
104 2093 5 6 •
120 2085 76 24 What
207 2086 13 23 I
230 2085 61 31 hope
302 2093 56 24 may
369 2088 55 23 turn
489 2089 28 26 to,
523 2088 28 24 be
559 2096 15 17 a

59 2125 66 17 mere
134 2142 3 2 .
146 2118 108 30 nothing,
278 2118 39 25 Sir
442 2141 3 3 .
456 2120 60 25 said'
534 2121 40 23 Mr

61 2151 71 31 Gray*
145 2159 27 16 as
182 2151 32 24 he
224 2151 63 24 drew
297 2159 15 16 a
330 2152 70 23 chair,
406 2152 112 28 forward,
525 2154 49 23 and

59 2184 50 26 sat,
119 2182 77 26 down.
218 2182 3 2 '
340 2184 13 24 I
375 2184 43 24 ask
438 2185 75 26 when,
526 2194 48 23 you

57 2217 72 22 wrote
150 2218 46 22 out'
213 2216 50 24 this
283 2217 92 31 cheque
443 2218 30 23 he
492 2218 80 30 asked,

57 2248 110 31 handing
188 2256 14 16 a
218 2256 81 23 paper,
318 2250 79 23 which
414 2250 31 23 he
464 2250 49 24 had
520 2251 52 30 just

58 2280 74 25 taken
158 2281 62 24 from
240 2281 40 24 his
300 2281 163 31 pocket'book,
486 2285 25 22 to
532 2282 39 26 his
581 2288 2 5 1

58 2313 147 30 companion.
386 2319 54 19 ■■'-':
462 2325 16 11 r...

90 2345 39 24 Sir
139 2345 66 24 John
215 2345 56 24 took
282 2345 41 25 the
333 2353 80 24 paper.
428 2363 19 4 ....
457 2347 28 24 -It
496 2355 48 17 was
555 2356 15 16 a

41 2389 1 14 :
57 2377 91 31 cheque
166 2377 43 28 for.
222 2378 101 28 £5,000,
341 2379 70 24 made
428 2380 101 31 payable
546 2382 25 23 to

57 2410 58 23 Max
134 2410 153 31 Codrington,
304 2411 48 23 and
371 2412 81 30 signed
464 2412 62 24 with
534 2413 36 24 his

56 2442 100 25 father's
166 2450 79 16 name.
295 2443 67 24 After
379 2445 86 30 gazing
475 2446 25 23 at
514 2445 19 25 it
544 2446 27 24 m

55 2471 76 28 blank
142 2475 176 24 astonishment
334 2476 36 24 for
381 2478 141 28 spme.time,
540 2478 32 24 he
581 2492 1 10 ;

58 2507 59 29 said,
156 2507 14 24 I
180 2508 69 24 loiow
264 2508 139 31 nothmg.of
411 2509 57 29 this,
488 2510 65 32 Gray
564 2519 6 21 ;

57 2540 14 23 I
94 2548 69 17 never
181 2540 82 32 signed
282 2540 49 26 this
351 2542 90 31 cheque
453 2552 6 21 ;
482 2545 21 23 it
517 2544 22 24 is
557 2551 15 17 a

363 2579 4 3 '
404 2577 9 22 .'
440 2579 19 14 :!
473 2575 3 2 '
520 2585 3 2 ■
557 2584 12 3 •-

138 2613 47 16 was
197 2605 76 24 afraid
287 2613 33 17 so.
369 2606 15 24 I
399 2606 69 25 knew
485 2608 20 24 it
525 2616 47 17 was

55 2640 44 22 not
109 2645 59 24 your
185 2638 119 31 signature
315 2639 117 35 although
448 2640 20 24 it
478 2640 21 24 is
517 2649 59 24 very,

56 2670 102 31 cleverly

193 2703 45 23 and
254 2703 71 24 when
343 2704 40 24 did
400 2704 21 24 it
440 2713 67 16 come
517 2707 53 23 mto

44 2753 3 3 .
54 2742 60 23 your
124 2733 85 30 hands,
222 2734 63 31 Gray
365 2753 5 1 -
434 2751 7 6 ,
460 2743 3 3 •

191 2775 43 16 son
252 2767 57 24 Max
325 2768 87 25 cashed
428 2769 20 24 it
466 2770 44 24 the.
524 2770 46 31 day

54 2798 81 25 before

229 2832 43 31 My
290 2840 44 16 son
351 2833 69 24 Max!
465 2833 38 25 Oh
520 2842 47 22 no;

54 2864 137 31 impossible
281 2864 53 24 And
361 2865 32 24 all
419 2866 42 24 the
487 2866 82 32 bright

54 2896 64 25 color
128 2897 94 26 forsook
237 2897 39 24 Sir
287 2897 85 24 John's
387 2899 98 31 usually:
490 2900 78 30 ruddy

54 2929 95 27 cheeks,
158 2946 2 4 .
172 2937 26 16 as
214 2930 37 25 ,he
266 2929 41 24 fell
325 2929 59 24 back
401 2930 26 23 m
443 2930 40 24 his
502 2932 65 23 chair

41 2979 1 10 :
52 2961 131 31 trembling
193 2961 25 24 m
229 2969 69 23 every
311 2961 72 24 hmb.'
401 2960 37 29 I,'
477 2976 2 2 ■
517 2977 3 4 -
536 2967 12 22 '■;
573 2973 9 13 \

67 2994 58 23 '.Mi*
147 2994 65 30 Gray
231 2996 40 28 got
292 2991 42 26 the
349 2998 2 8 :
403 2994 8 21 i'
420 3002 62 17 man
496 3003 5 14 f
506 3003 61 16 some

42 3040 3 3 •
52 3026 78 28 wine,'
146 3027 57 28 and;
211 3044 1 1 ■
224 3026 89 24 when'*
315 3026 31 24 he
363 3026 50 24 had
435 3028 132 26 somewhat

40 3081 2 4 ,
50 3059 132 29 recovered,
190 3080 2 2 .
205 3059 41 25 the
268 3060 47 23 two
334 3067 64 16 men-
420 3059 64 26 drew
496 3059 71 26 -their

49 3092 78 24 chairs
137 3093 110 30 together
257 3092 49 23 and
324 3092 81 23 talked
415 3093 39 25 far:
460 3094 53 23 into
524 3094 41 24 the

47 3125 78 30 night.
166 3125 84 30 .Going
261 3121 111 27 bvdr'a'hd
383 3132 54 17 over
449 3125 39 24 the
500 3129 66 21 same

47 3157 99 31 ground,
160 3156 47 30 .but
217 3157 94 31 finding
322 3165 31 16 no
369 3157 102 27 solution
474 3165 4 11 ;
482 3160 25 22 to
525 3159 40 27 the

47 3192 115 29 mystery.
183 3214 17 3 ...
235 3203 17 4 ■••
292 3212 3 3 .
320 3205 2 3 •
365 3205 3 5 •
384 3212 2 3 .
423 3188 3 3 '
459 3189 4 18 ;
463 3215 2 3 .
476 3208 2 12 ;
486 3214 2 1 .

82 3222 78 25 When
171 3222 59 32 they,
248 3222 124 31 separated
390 3222 36 25 for
436 3223 41 24 the
494 3224 80 30 night'

49 3254 40 26 Sir
99 3255 65 25 John
175 3255 82 25 looked
268 3255 136 32 yearsdldei
403 3264 4 5 1
409 3274 4 6 .
435 3269 3 2 •
438 3259 25 18 •■•'{

46 3288 32 24 he
87 3288 3 4 '
97 3288 58 29 said,
175 3295 25 18 as
218 3288 55 31 they
293 3288 76 25 shook
384 3289 75 24 hands
478 3291 25 22 at
513 3311 2 2 .
522 3290 42 24 the

46 3320 52 28 foot,
123 3321 26 24 of
174 3321 42 25 the
243 3321 77 28 stairs,
444 3322 52 29 will,
513 3322 51 31 'say

46 3351 102 33 nothing
158 3353 73 24 about
240 3353 47 24 this
296 3355 146 29 to-morrqw.
476 3354 46 24 Let
534 3354 29 24 iis

45 3384 61 25 have
116 3393 71 22 peace
198 3394 31 16 on
245 3386 132 24 Christmas
550 3397 5 4 -
581 3408 2 2 .

216 3444 114 23 Chapter
346 3445 38 22 IV.

79 3494 77 25 Three
171 3496 94 24 months
275 3496 62 25 later
354 3499 59 23 than
424 3498 43 24 the
481 3499 83 23 events

46 3527 111 23 recorded
165 3527 27 24 m
202 3528 42 23 the
261 3529 46 24 last
324 3529 106 31 chapter,
449 3538 15 16 a
482 3538 82 23 young

47 3565 57 16 man
125 3560 125 29 presented
271 3560 96 24 himself
387 3565 24 21 at
439 3564 42 22 the
503 3563 59 23 Post

48 3590 72 24 Office
131 3591 26 23 of
168 3599 14 15 a
193 3591 149 26 well-known
362 3598 94 28 seaport
466 3596 27 25 iji
504 3595 59 24 New

49 3622 114 29 Zealand,
184 3624 48 23 and
242 3625 73 23 asked
332 3626 20 23 if
361 3626 67 25 there
445 3635 60 16 were
517 3635 46 23 any

47 3653 80 24 letters
139 3655 37 23 for
217 3656 69 23 Mark
299 3657 81 25 Stone.
383 3660 5 8 5
390 3661 8 28 ;
430 3660 57 24 Two
502 3666 62 18 were

49 3686 95 24 handed
154 3687 59 30 him,
225 3688 80 24 which
319 3691 29 22 he
360 3692 91 24 carried
461 3700 67 23 away
540 3692 24 24 to

48 3717 40 24 his
98 3718 116 33 lodgings.
235 3738 3 3 .
247 3720 49 25 Not
307 3720 62 26 until
377 3724 30 24 he
418 3724 49 24 had
478 3724 86 31 gained

49 3749 42 25 the
108 3751 96 32 privacy
214 3753 26 25 of
247 3754 41 24 the
307 3762 45 16 one
363 3764 64 15 room
438 3757 31 23 he
480 3757 47 23 had
538 3757 26 22 m

688 175 42 24 the
741 176 74 24 house
826 177 40 23 did
877 176 31 24 he
923 184 62 23 open
997 179 46 21 and
1053 178 56 23 read
1127 177 76 24 them.

689 205 51 26 The
762 206 53 27 first
836 210 68 23 was
911 208 62 25 from
998 209 38 24 hie
1057 210 100 23 -mother
1165 218 40 15 :—

816 242 41 23 she
872 243 79 26 wrote,
999 242 53 23 You
1070 250 45 16 can
1131 250 73 16 never

687 271 71 25 know
779 273 42 24 the
832 273 60 31 grief
908 282 10 22 }
917 282 7 7 r
925 282 30 15 ou
966 273 62 24 have
1046 275 85 23 caused
1143 282 60 23 your

686 307 106 27 parents.
837 306 64 23 Your
911 306 79 23 father
1002 307 45 22 and
1061 306 12 23 I
1085 315 40 15 are
1136 315 66 22 years

686 336 66 24 older
762 337 69 33 jsince
842 346 47 23 you
906 338 122 31 disgraced
1040 346 28 16 us
1080 347 26 16 so
1126 339 76 31 sadly.

685 369 25 22 If
719 377 93 23 anyone
823 370 78 24 beside
917 370 64 30 Gray
991 370 49 24 had
1051 371 87 25 known
1149 377 24 18 ot
1183 372 20 23 it

685 408 35 16 we
730 402 79 24 would
819 402 61 24 have
891 402 52 24 died
954 402 26 24 of
990 403 87 23 shame,
1114 403 32 24 So
1157 403 44 23 dif-

684 433 78 25 ferent
780 436 25 22 to
823 435 79 31 Ealph
911 442 6 21 ;
943 435 28 23 he
991 435 22 24 is
1030 436 58 23 such
1107 443 15 16 a
1141 435 61 31 good

685 473 52 21 son,
750 467 48 23 and
808 467 31 24 he
845 467 20 24 is
876 475 55 16 now
941 467 73 31 going
1021 469 24 23 to
1058 468 52 30 give
1122 476 29 16 us
1159 468 42 24 the

684 497 114 32 daughter
823 508 34 15 we
884 499 87 31 always
998 500 92 23 desired
1100 515 33 3 —
1143 508 59 23 your

683 530 84 24 cousin
777 531 87 24 Alieia.
914 532 52 24 The
986 534 88 22 estates
1085 532 49 24 will
1145 541 55 15 now

683 563 28 23 be
732 563 94 31 joined,,
841 563 48 25 and
911 564 141 31 everything
1075 565 26 23 be
1129 574 27 15 as
1178 565 20 24 it

683 595 92 29 should,
798 598 84 29 except
903 596 36 25 for
960 605 56 23 you,
1044 597 154 25 unfortunate

667 639 3 3 •
831 628 3 12 :
861 634 54 23 ■■■
979 647 2 2 .

714 659 50 24 The
776 661 88 22 second
874 661 69 24 letter
953 669 49 16 was
1013 661 62 24 from
1087 669 14 16 a
1111 662 86 28 friend,

647 710 13 4 ..
681 691 53 23 and:
746 692 60 23 also,
816 693 141 23 announced
976 693 42 24 the
1040 697 157 30 engagement

680 722 106 26 between
797 724 40 24 his
845 724 96 25 brother
948 725 48 25 and
1005 726 91 24 cousin;
1130 726 64 29 Max,

654 777 3 3 .
681 756 52 31 (for'
744 757 21 23 it
776 765 45 16 was
871 763 4 11 :
887 758 96 31 .though
999 759 81 31 saffiy.,.
1085 752 109 39 aliened),

678 786 81 26 tMew'
838 786 42 27 Jii's
895 790 95 29 letters,
1003 791 48 24 and
1061 791 80 25 bowed
1157 791 39 25 his

647 842 2 3 .
661 842 2 3 .
677 820 61 23 head
738 829 77 22 ..upon
826 822 37 23 his
875 822 78 24 llands
973 823 25 23 m
1004 832 34 17 .an
1051 824 106 26 attitude,
1171 824 26 23 of

649 856 2 3 '
675 852 125 31 'dejection.
832 852 63 33 ..He/
898 855 123 24 remained
1030 856 27 23 in
1068 852 126 35 that'p'bsi-

661 908 2 4 ,
677 885 48 23 tioß
746 885 37 25 for
800 890 66 20 sonie
867 903 3 11 f
878 883 72 33 'time,
967 887 59 24 then
1042 890 36 22 sat
1092 896 33 23 up
1145 889 48 24 and

677 917 64 26 drew,
755 918 62 24 from
835 918 40 24 his
892 920 79 23 breast
987 920 86 30 pocket
1091 929 14 15 a
1123 922 70 22 small

675 949 93 30 packet,
788 950 80 24 which
887 951 30 23 he
928 952 90 30 opened
1035 953 47 23 and
1093 952 49 24 laid
1145 971 3 11 :
1159 960 32 17 on

675 981 39 24 the
732 982 64 25 table
807 983 86 27 .before
910 983 60 29 him,
988 984 59 24 then
1058 984 69 25 lifted
1137 986 52 23 ten-

675 1013 65 32 derly
751 1023 32 22 up
793 1023 15 15 a
816 1017 61 22 tress
889 1016 25 22 of
918 1016 55 30 pale
984 1016 87 31 golden
1081 1017 53 24 hair
1144 1017 46 24 and

676 1054 14 15 a
709 1047 78 30 string
805 1055 28 16 or
841 1047 70 24 small
929 1048 55 23 seed
994 1049 86 29 pearls.
1110 1064 3 3 •

673 1086 40 22 my
734 1078 101 32 darling,
857 1087 42 23 my
920 1080 115 30 promised
1160 1082 30 24 he

646 1107 2 6 '
673 1111 139 24 murmured
833 1111 114 32 brokenly
965 1121 27 16 as
1009 1113 40 24 he.
1057 1113 86 24 looked
1165 1117 25 22 at

649 1143 3 12 ;
663 1143 45 23 -his
718 1144 127 27 treasures,
903 1145 48 24 will
962 1153 71 16 never
1044 1145 88 25 believe
1143 1154 52 23 you.

671 1174 66 25 false.
770 1176 51 24 No!
937 1177 11 23 .'
1004 1177 3 4 '
1073 1194 2 6 ,
1120 1190 18 14 -
1179 1182 3 4 '
1194 1197 3 3 .

751 1217 45 21 You
805 1225 35 13 are
847 1225 27 14 no
882 1219 52 21 false
943 1220 61 25 ideal,

684 1249 82 18 -■■'.'■-
777 1250 119 25 Something
903 1251 19 19 is
934 1252 38 19 left
985 1252 22 19 of
1019 1258 47 19 you,
1073 1251 28 12 '■'•
1110 1252 5 11 •'
1127 1247 4 11 '
1171 1249 11 11 '*
1193 1258 2 1 ■
1206 1249 2 2 '

752 1280 90 24 Present,
849 1282 129 26 perceptible,
987 1284 48 23 real,

717 1320 1 2 ■
742 1311 2 11 :
777 1310 104 27 Palpable,
891 1314 97 25 tangible,
997 1317 45 17 true
1048 1322 5 17 ;
1094 1314 3 3 '

716 1355 4 2 -
748 1343 45 20 One
805 1343 60 20 shred
879 1344 22 20 of
912 1350 52 19 your
977 1345 75 20 broken
1061 1346 101 25 necklace,

696 1384 5 2 -
730 1374 2 3 '
776 1376 45 19 One
831 1375 51 20 tress
892 1376 21 19 of
922 1382 51 20 your
983 1378 47 24 pale
1038 1378 48 24 gold
1095 1378 54 25 hair,

748 1405 46 20 And
804 1411 12 15 a
824 1406 60 20 heart
892 1412 23 14 so
925 1408 75 25 utterly
1008 1408 88 21 reckless

753 1438 74 20 ■That
836 1438 39 20 the.
878 1438 61 21 worst
946 1439 18 21 it
973 1441 67 19 would
1048 1442 70 24 gladly
1125 1442 57 21 dare.
1183 1442 4 9 1
1190 1442 2 3 '

668 1485 2 3 •
701 1474 45 24 We
765 1475 47 23 will
823 1475 66 24 leave
899 1484 58 22 poor
971 1477 59 24 Max
1040 1479 25 23 to
1077 1486 30 23 go
1118 1479 65 24 forth

668 1506 52 25 into
729 1506 41 25 the
781 1507 61 24 hard
861 1508 77 31 rough
955 1510 72 23 world
1042 1510 27 24 of
1084 1511 101 25 colonial

668 1538 42 25 life
720 1548 10 21 ;.
742 1541 25 22 to
778 1548 31 22 go
818 1539 66 25 forth
894 1541 58 24 with
960 1550 15 15 a
985 1541 60 25 false
1054 1551 70 17 name
1136 1544 48 24 and

662 1593 2 4 ,
668 1579 15 16 a
683 1581 4 3 -
693 1571 104 25 reckless
814 1572 77 29 heart,
903 1577 44 22 not
965 1575 84 31 caring
1062 1576 63 24 what
1143 1576 39 25 be-
1194 1581 3 4 '

668 1611 79 17 comes
759 1605 26 23 of
793 1605 59 23 him.
903 1606 74 24 What
988 1602 40 28 did
1045 1607 97 26 become
1160 1609 27 24 of

667 1635 51 24 him
735 1637 144 32 eventually,
899 1639 48 23 and
965 1638 108 26 whether
1093 1640 33 26 he.
1146 1642 38 23 de-

650 1693 2 3 .
669 1670 82 23 served
766 1665 39 28 his
816 1670 61 24 hard
891 1670 56 29 fate,
959 1680 48 22 you
1024 1673 50 23 will
1084 1672 65 26 learn
1165 1675 22 23 if

667 1708 47 24 you
741 1701 78 24 follow
844 1710 42 23 my
913 1705 64 29 story
1004 1706 25 22 to
1056 1705 42 24 the
1125 1706 56 24 end.

666 1730 100 32 Header,
781 1733 32 26 he
830 1733 44 26 but
892 1743 79 17 serves
990 1744 27 16 as
1028 1744 32 17 an
1078 1733 105 29 illustra-

667 1766 51 24 tion
732 1766 26 24 of
767 1766 54 25 that
838 1775 132 18 numerous
981 1768 61 26 class
1061 1769 26 26 of
1101 1778 82 24 young

665 1806 57 16 men
733 1807 52 16 wno
797 1807 40 17 are
847 1799 116 26 banished
981 1803 26 23 to
1015 1802 42 24 the
1079 1804 103 24 colonies

664 1830 32 31 by
717 1831 62 24 their
788 1857 7 7 r
797 1831 100 30 'friends,
925 1833 43 25 the
991 1834 143 33 aristocracy
1155 1837 26 24 of

664 1863 112 33 England
785 1866 31 28 \&
828 1865 90 24 section
929 1866 27 24 of
971 1867 88 31 society
1070 1875 54 17 ever
1141 1870 40 23 too

748 1896 24 24 to
783 1897 105 23 sacrifice
899 1898 42 24 the
951 1898 94 25 welfare
1056 1894 77 30 o'f^the
1143 1901 38 24 m.-

646 1950 2 5 .
663 1927 104 25 dividual
778 1930 25 22 to
814 1928 42 25 the
866 1929 135 31 brightness
1012 1931 28 24 of
1047 1932 41 24 the
1099 1929 82 35 family
1192 1935 6 4 '

664 1960 152 33 escutcheqii.
867 1961 134 25 Christians
1011 1963 26 23 m
1047 1971 80 21 name,
1139 1967 41 28 yet

650 1992 78 25 .what
747 1995 24 21 to
783 1990 67 27 them
869 1993 22 25 is
902 1994 42 24 the
960 1995 56 24 ruin
1022 1995 34 25 -of
1072 2005 13 15 a
1101 1997 78 31 bright

661 2032 82 22 young
754 2019 60 34 soul,
826 2026 113 29 provided
950 2027 41 26 the
1002 2028 73 24 world
1087 2029 91 25 .knows
1203 2037 2 3 '

661 2056 43 24 not
715 2056 26 24 of
745 2063 5 12 ;
750 2056 60 24 their
821 2058 88 23 shame.
953 2058 25 25 It
988 2062 101 22 matters
1098 2063 43 22 not
1152 2063 25 22 to

662 2087 67 25 them
741 2089 54 24 that
805 2089 55 24 that
871 2090 53 24 soul
934 2091 21 24 is
961 2089 61 31 lost,
1035 2100 25 17 so
1071 2093 55 25 that
1137 2093 41 25 the

662 2123 67 29 great
748 2122 73 24 world
840 2122 56 25 does
911 2125 42 23 not
971 2124 71 25 know
1058 2125 71 26 their.
1133 2134 45 18 son

649 2154 135 31 ■disgraced
795 2155 42 26 the
847 2155 85 32 family
942 2163 81 18 name.

680 2211 2 3 •
690 2209 2 8 :
730 2211 40 6 .■—.
800 2199 44 28 {.To
855 2200 26 23 be
897 2202 143 30 continued:)
1044 2218 2 2 ■
1066 2200 1 25 ',
1107 2220 13 5 -.
1155 2223 52 7 ......

708 2279 148 29 LOOKING
873 2280 44 25 UP
933 2280 45 25 AN
989 2281 33 25 OLD
1022 2281 19 25 AC-

646 2308 31 31 '...;
717 2325 3 2 •
760 2334 16 5 ...
829 2310 182 27 QtTAINTANOE.

686 2369 5 18 .'■
713 2369 46 24 .-..;/
793 2390 6 4 ..
828 2365 50 32 [By
894 2365 115 33 Viator.].
1111 2386 2 2 .

715 2421 62 26 Who
788 2425 79 22 would
877 2424 61 25 have
950 2425 105 32 thought
1065 2427 26 24 of
1099 2428 75 25 meet-

658 2456 43 30 ing
717 2461 55 26 ydu,
792 2456 41 24 old
845 2465 65 20 man,
925 2458 91 24 in.:this
1032 2461 56 28 part
1098 2460 26 24 of
1132 2461 44 25 the

646 2513 2 2 .
659 2490 101 29 country
769 2489 31 23 ?'-'
824 2489 14 23 I
849 2489 132 25 exclaimed
998 2498 26 17 as
1044 2491 13 24 I
1073 2493 103 32 heartily

659 2521 100 31 grasped
769 2520 42 25 the
821 2521 66 24 hand
897 2522 27 24 of
940 2531 15 15 a
965 2531 58 17 man
1042 2524 14 24 I
1065 2524 49 26 had
1130 2527 44 24 not

659 2557 63 21 seen'
738 2554 63 24 since
822 2562 35 16 we
878 2555 49 24 had
948 2555 61 25 been
1031 2557 140 31 shipmates,

658 2585 90 31 twenty
748 2594 82 22 -years:
831 2597 2 5 1
964 2594 19 22 y
1011 2611 5 4 ..
1053 2591 61 25 .-..:'.■■

806 2618 15 24 I
842 2619 61 24 have
923 2620 58 24 been
1003 2621 86 26 settled
1111 2630 31 17 on
1158 2632 15 16 a

657 2650 60 25 farm
727 2653 44 22 not
781 2651 36 24 far
823 2651 62 24 from
896 2652 52 25 this
954 2654 64 24 hotel
1026 2654 37 25 for
1074 2656 40 24 the
1124 2656 48 26 last

658 2685 42 22 ten
726 2691 74 23 years,
985 2687 29 23 he
1040 2689 130 24 answered.

646 2723 3 3 •
684 2715 54 24 You
748 2717 65 23 can't
823 2716 61 24 have
899 2717 60 24 been
969 2719 73 23 nfuch
1052 2720 63 28 herej
1127 2722 44 23 not

656 2748 25 24 to
692 2747 146 26 havefheard
846 2748 31 24 .of

691 2783 4 11 *
699 2783 5 11 *
800 2788 44 20 .no,
873 2781 14 23 I
913 2784 67 22 must
1002 2790 42 24 say
1065 2783 18 28 I.
1097 2792 41 16 am
1155 2793 14 15 a

657 2813 109 31 stranger
783 2813 27 24 m
822 2813 76 31 Otago
907 2821 5 21 ;
936 2816 64 24 most
1019 2815 25 25 of
1056 2824 42 24 my.
1112 2817 60 25 time

655 2845 116 25 has-been
781 2847 44 30 put
835 2846 27 24 m
872 2854 33 23 up
916 2847 104 25 North.''
1152 2853 3 17 :

656 2879 144 27 -.."'Well,.;
807 2879 61 23 have
889 2887 15 16 a
922 2880 94 31 whisky
1035 2881 61 28 with,
1115 2890 37 16 me
1164 2892 6 21 ;

649 2907 71 29 .then,
732 2919 67 17 come
817 2911 48 23 and
882 2912 73 29 spend
973 2912 43 24 the
1027 2914 101 31 evening
1145 2917 26 23 at

654 2940 42 36 niy
710 2943 75 30 place,
806 2943 48 23 and
872 2943 38 23 I'll
930 2944 124 25 introduce
1075 2954 48 22 you
1144 2948 26 23 to

654 2972 57 27 Mrs-
715 2973 68 26 West
794 2976 46 23 and
852 2983 41 23 my
1105 2998 3 2 .
1164 2988 17 6 ■■

663 3020 4 8 .
685 3007 103 32 Pgladly
799 3008 119 30 accepted,
927 3029 3 2 .
936 3008 122 32 delighted
1069 3011 25 23 to
1105 3009 62 26 have
1180 3030 3 2 .

654 3039 104 35 dropped
776 3048 80 20 across
876 3048 13 15 a
910 3041 78 24 friend
1014 3041 26 24 m
1062 3042 33 28 a'.,
1103 3042 67 32 place

653 3070 83 30 where..
762 3072 17 24 I
794 3072 74 31 'only
900 3074 114 29 expected
1046 3075 26 23 to
1105 3077 75 24 meet-,

654 3106 126 30 strangers:
800 3105 105 23 ''After:
928 3105 72 31 being
1025 3107 71 23 made
1113 3115 74 20 ...ac-

645 3138 134 30 quainted;
787 3138 66 24 with'
859 3138 49 23 -the
930 3137 90 32 family,
1040 3146 27 16 as
1086 3139 13 23 I
1115 3147 52 23 per-
1180 3162 3 3 .

648 3170 97 32 formed
755 3178 42 24 my.
804 3169 135 25 ...ablutions
954 3169 13 24 I
978 3170 69 24 could
1057 3173 43 22 not
1111 3171 57 32 help

651 3202 99 32 musing
766 3200 129 27 somewhat
915 3202 27 23 m
963 3202 50 24 this
1034 3211 135 17 manner—

651 3235 64 23 hbw'
721 3234 73 31 niaiiy
801 3235 116 30 'changes
934 3234 56 24 take
1006 3234 67 31 place
1087 3244 28 16 as
1126 3237 42 23 the

644 3277 2 8 ;
651 3274 68 26 years
722 3267 54 26 :i'oll
783 3267 38 32 by,
834 3267 48 24 and
893 3267 55 24 how
962 3267 96 33 quickly
1068 3268 58 33 they
1137 3269 30 25 do

647 3301 56 26 .roll,
714 3301 32 30 by
755 3309 35 15 .as
807 3309 46 22 you
870 3301 104 23 advance
992 3300 27 24 m
1038 3308 44 24 age
1091 3309 6 21 ;
1121 3310 47 23 you

652 3333 70 24 know
743 3342 14 13 a
778 3341 82 22 young
880 3333 87 25 fellow.'
985 3333 109 31 perhaps,
1122 3343 47 21 you

651 3365 49 24 don
702 3364 17 25 t
729 3365 95 30 happen
835 3366 25 22 to
875 3366 65 22 motet
955 3364 37 24 for
1002 3371 15 17 a
1027 3364 45 25 few
1089 3373 77 23 years,

651 3397 70 24 when
739 3404 48 24 you
806 3404 39 16 see
863 3396 53 24 him
934 3396 72 31 again
1090 3398 79 31 happy

651 3429 77 24 father
735 3429 26 24 of
769 3437 15 16 a
794 3429 118 30 daughter
923 3428 26 25 of
958 3430 126 23 seventeen
1094 3430 49 24 and
1154 3439 14 16 a

651 3469 45 17 son
713 3462 26 23 of
755 3469 80 19 seven,
854 3461 58 23 with
934 3461 93 23 various
1048 3462 118 24 intermit-

644 3495 2 5 -1
651 3496 82 23 tences
739 3502 6 20 ;
750 3498 3 3 '
757 3502 47 22 you
810 3493 94 24 think
913 3493 75 24 What
994 3502 15 16 a
1013 3493 77 31 lovely
1096 3495 54 30 girl,
1154 3497 5 9 '
1162 3498 5 8 '

652 3527 41 23 she
700 3526 85 24 -would
799 3525 52 31 just
870 3525 47 24 suit
934 3533 48 21 me^
1000 3526 61 24 then
1071 3528 25 22 to
1107 3535 60 22 your

651 3559 93 30 disgust
762 3566 48 22 you
828 3557 131 25 remember
973 3558 54 24 that
1044 3566 47 23 you
1101 3562 68 22 must

651 3590 29 25 be
692 3599 30 17 an
731 3590 39 23 old
781 3590 69 30 fogey
861 3590 25 24 of
896 3590 62 32 forty
969 3598 26 16 or
1006 3590 161 31 thereabouts,

651 3623 49 24 and
720 3622 54 24 that
796 3622 43 24 she
861 3622 56 31 only
936 3622 68 25 looks
1026 3631 32 17 on
1076 3632 48 23 you
1141 3632 27 17 as

650 3657 83 29 papa's
744 3655 109 23 friend—
853 3656 41 23 not
913 3655 54 24 that
977 3655 14 24 I
1001 3664 47 16 was
1059 3656 70 32 forty,
1138 3654 4 13 J
1142 3665 26 16 or

651 3688 52 23 tliat
715 3687 13 23 I
738 3686 40 24 fell
787 3687 24 23 m
823 3687 53 24 love
886 3688 59 23 -with
957 3688 41 24 the
1009 3688 52 31 girl,
1075 3689 32 24 oh
1117 3697 33 17 no
1161 3691 6 23 !

651 3720 13 23 I
684 3727 48 16 was
750 3719 56 31 only
820 3720 98 30 putting
936 3728 15 16 a
969 3728 52 17 case
1022 3735 32 4 —
1055 3721 50 24 still
1127 3722 42 24 the

650 3760 81 23 young
741 3752 56 31 lady
813 3760 49 16 was
873 3761 57 22 very
947 3752 153 33 fascinating,
1119 3754 47 24 and

1294 175 66 25 there
1371 184 45 16 was
1428 183 31 17 no
1472 176 111 32 knowing
1592 177 65 24 what
1666 177 77 30 might
1753 177 60 23 have

1293 208 133 30 happened,
1447 208 49 24 had
1512 209 88 24 former
1620 210 137 30 experience
1768 211 44 22 not

1294 241 97 23 warned
1409 249 38 15 me
1467 242 52 24 that
1539 242 13 23 I
1566 245 84 21 wasn't
1665 242 42 24 the
1724 243 48 23 sort
1788 241 24 24 of

1267 273 113 31 .elderly
1412 274 136 30 gentleman
1573 276 26 23 to
1625 275 80 24 whom
1733 282 79 22 young

1292 305 59 30 girls
1362 305 57 25 took
1430 314 15 15 a
1455 306 79 31 fancy.

1324 338 47 24 We
1388 341 70 28 spent
1475 348 14 14 a
1500 347 55 23 very
1573 339 111 31 pleasant
1701 339 108 30 evening,

1291 369 116 32 recalling
1424 370 40 25 old
1480 371 171 29 recollections,
1672 372 48 24 and
1736 372 14 23 I
1768 379 40 23 ap-

1289 402 118 30 preciated
1418 405 65 23 most
1494 403 147 32 thoroughly
1659 404 42 24 the
1712 403 96 25 tasteful

1290 442 52 23 way
1352 435 26 24 m
1389 436 79 23 which
1480 445 38 22 my
1534 436 96 25 hostess
1640 436 49 24 laid
1700 437 42 24 the
1758 440 48 20 tear

1289 466 71 30 table,
1376 468 48 24 and
1435 469 111 24 attended
1565 471 25 23 to
1601 469 42 24 the
1654 469 71 24 inner
1742 476 64 17 com-

1288 499 59 24 forts
1369 500 26 23 of
1414 501 44 24 her
1479 504 76 27 guest.
1607 502 51 24 The
1685 509 53 23 way
1762 501 44 24 she

1287 532 119 28 attended,
1418 533 60 23 later
1484 542 46 21 on,,
1534 536 25 22 to
1567 534 41 24 the
1616 534 67 24 inner
1691 534 115 24 comforts

1287 563 25 23 of
1322 563 45 25 her
1377 565 126 31 off-spring
1519 567 77 30 might
1607 567 61 24 have
1679 566 59 25 been
1750 574 54 24 con;-

1273 598 10 21 --.'
1287 595 92 26 sidered
1388 598 34 23 •to
1432 597 62 26 have
1509 598 62 25 done
1588 598 49 25 her-
1646 607 64 16 more
1716 606 10 18 v
1730 599 74 24 credit

1273 625 44 33 'by
1328 636 13 15 a
1352 630 93 29 parent
1482 631 3 4 '
1495 630 49 24 Not
1555 629 72 33 being
1632 629 35 25 'in'
1673 629 54 26 that
1738 631 63 31 posi-

1285 660 51 23 tion
1346 661 14 23 I
1371 661 41 24 did
1422 664 42 22 not
1475 663 70 23 think
1557 671 26 16 so
1590 664 70 25 much
1668 664 26 23 of
1699 664 27 23 it.
1752 663 50 25 She

1285 695 54 20 sent
1350 692 68 25 them
1430 694 33 23 all
1471 695 33 23 off
1513 697 26 21 to
1551 694 44 24 bed
1604 697 24 21 at
1639 696 57 23 nine
1705 695 94 28 o'clock,

1265 732 10 22 ;,
1284 725 42 23 not
1336 748 2 2 .
1346 733 61 17 even,
1426 727 127 31 excepting
1573 727 63 25 Miss
1657 728 77 31 Mary,
1758 727 42 25 the

1282 764 82 24 young
1373 758 57 32 lady
1440 759 27 24 of
1480 760 169 29 seventeen....,
1665 761 14 23 I
1695 760 105 31 thought

1282 789 44 24 she
1337 790 77 31 might
1425 792 61 24 ha,ve
1489 807 3 14 :
1495 792 81 24 drawn
1587 793 41 24 the
1639 793 48 24 line
1698 795 25 22 at
1738 793 59 28 her,;

1282 829 28 16 as
1321 823 25 22 to
1357 823 42 23 the
1411 822 89 30 others',
1506 821 4 8 '
1519 824 42 25 the
1573 833 85 16 sooner
1669 825 58 32 they
1737 833 62 17 were

1263 863 1 5 •
1274 864 3 8 :
1282 853 35 25 off
1335 854 42 25 the
1396 855 85 30 better,
1501 857 42 24 she
1561 857 79 31 might
1661 857 61 25 have
1744 859 53 23 sent

1281 885 66 25 them
1364 889 26 22 at
1409 888 36 24 six
1464 889 22 24 if
1498 889 43 24 she
1561 890 58 31 only
1625 890 92 25 ..would
1736 890 61 27 have

1267 932 4 4 •
1278 918 101 25 allowed
1405 920 62 24 their
1493 923 69 22 sister
1588 924 26 22 to
1640 923 94 23 remain
1761 923 39 23 till

1279 950 19 22 I
1303 951 44 23 left
1358 953 25 23 at
1394 952 31 24 all
1437 955 89 27 events,
1538 953 43 25 but
1593 954 43 25 she
1642 962 49 17 was
1703 962 14 17 a
1728 955 69 24 strict

1280 983 185 34 disciplinarian,
1485 986 47 24 and
1543 986 56 31 they
1615 990 65 20 went
1696 988 101 24 without

1280 1022 14 16 a
1305 1023 112 17 murmur.

1281 1055 4 2 ■
1311 1047 34 25 To
1364 1051 90 26 return,
1472 1050 115 28 however,
1606 1053 24 22 to
1647 1052 43 23 her
1707 1059 53 17 care
1771 1052 27 23 of

1277 1078 63 25 their
1350 1080 70 24 inner
1431 1080 121 26 cofnforts.
1556 1085 3 11 :
1596 1084 81 24 About
1687 1084 106 24 half-an-

1276 1112 60 24 hour
1351 1113 61 24 after
1430 1114 58 32 they
1504 1115 49 24 had
1571 1117 94 27 retired,
1683 1117 13 24 I
1707 1125 50 16 was
1767 1117 27 24 m

1275 1144 41 23 the
1326 1145 74 24 midst
1405 1148 4 10 :
1412 1146 24 23 6f
1447 1154 14 17 a
1475 1148 107 29 pathetic
1593 1150 101 22 account
1706 1149 26 24 of
1749 1149 43 24 the

1275 1175 128 26 death-bed
1414 1178 25 24 of
1449 1186 14 16 a
1474 1180 95 24 mutual
1579 1180 85 25 friend.
1698 1181 55 24 Just
1764 1190 28 15 as

1275 1207 14 25 I
1308 1217 48 17 was
1374 1212 147 32 recounting,
1527 1226 3 5 ■
1540 1213 30 24 m;
1585 1213 111 32 thrilling
1714 1218 76 25 tones,

1275 1240 39 25 his
1331 1242 47 24 last
1388 1244 84 28 words,
1489 1245 105 31 showing
1604 1254 15 16 a
1635 1246 61 25 faith
1708 1248 84 29 strong

1273 1272 30 24 m
1312 1273 81 29 death,
1405 1276 42 23 she
1458 1277 77 29 spoilt;
1544 1277 42 24 the
1597 1278 51 24 best
1659 1280 54 29 part
1723 1279 25 24 of
1762 1279 27 28 it,

1274 1303 38 32 by'
1320 1304 111 34 bursting
1440 1308 26 24 m
1477 1307 68 30 with',
1589 1310 45 28 On',
1647 1310 13 24 I
1677 1310 78 31 forgot
1766 1313 25 22 to

1273 1337 53 30 give
1337 1336 68 27 those
1423 1339 106 26 children
1539 1341 64 24 their
1613 1343 56 30 pills
1678 1350 5 21 ;
1708 1343 84 31 they'll

1273 1369 40 28 be,
1324 1378 24 19 &q
1365 1371 122 32 deKghted
1505 1375 26 23 to
1545 1374 71 24 think
1634 1374 13 25 I
1665 1376 61 24 have
1737 1376 51 24 'for-

1273 1404 84 29 gotten
1376 1404 76 29 them,
1472 1406 48 24 and
1538 1414 26 17 so
1582 1407 123 31 disgusted
1717 1408 72 25 when

1273 1435 56 31 they
1338 1444 41 17 see
1389 1445 39 16 me
1442 1438 252 28 wajiiHMHtiaJiliem.,
1742 1442 47 24 Bv-

1273 1465 104 34 the-bye,
1400 1470 13 23 I
1432 1465 384 39 -th^^|||^^HP^DßHKSH|

1305 1566 50 24 Her
1364 1561 452 39 husbadfl^|Hmj|HHßMH^HH[

1271 1600 77 28 quest,
1359 1600 47 23 and
1417 1594 399 36 the!las^?ora^^^^^^fflßH

1273 1638 61 16 were
1345 1628 48 28 lost
1403 1632 27 24 m
1440 1632 112 26 oblivion.
1814 1645 2 12 j

1304 1663 52 24 The
1366 1664 57 24 fond
1433 1666 96 23 mother
1543 1667 122 24 remarked
1675 1668 53 24 that
1814 1655 2 51 ]

1270 1703 50 16 was
1339 1696 119 31 Saturday
1475 1698 79 30 night,
1574 1699 47 23 and
1639 1699 43 24 she
1698 1700 87 31 always
1815 1715 2 11 i

1270 1734 58 24 gave
1339 1728 68 25 them
1418 1737 15 16 a
1444 1729 56 24 dose
1511 1731 58 24 each
1581 1739 32 20 on
1623 1731 55 24 that
1815 1745 2 1 ■

1422 1762 57 26 dear,
1494 1763 104 30 madam,
1614 1764 14 24 I
1639 1764 144 32 interposed,
1815 1781 2 4 •

1297 1800 100 24 suppose
1407 1794 59 32 they
1476 1795 30 24 do
1517 1798 43 21 not
1575 1797 91 30 require
1677 1797 68 24 them

1402 1826 44 25 she
1462 1828 91 30 replied
1588 1829 68 31 They
1666 1830 49 23 will
1726 1830 60 24 have

1269 1857 61 25 been
1352 1866 55 18 sure
1428 1861 26 23 to
1475 1860 61 25 have
1561 1863 69 22 eaten
1649 1862 138 31 something

1269 1890 88 31 during
1367 1891 43 24 the
1419 1892 67 24 week
1501 1893 77 24 which
1588 1898 56 26 may
1659 1894 63 24 have
1739 1894 47 25 dis-
1788 1898 2 10 :

1269 1923 90 29 agreed'
1375 1924 60 23 with
1452 1926 74 27 them,
1545 1926 48 23 and
1607 1926 20 24 it
1644 1928 56 29 puts
1717 1927 68 23 them

1268 1954 73 30 right.
1371 1955 73 26 rEven
1454 1956 21 23 if
1483 1958 55 30 they
1547 1957 97 25 haven't
1654 1957 90 26 there's
1755 1967 31 16 no

1267 1986 71 25 harm

1427 2020 39 25 (To
1477 2022 22 18 be
1508 2023 118 22 continued.)

1289 2073 282 36 MOTHERS'
1604 2079 144 30 PAGE

1292 2141 111 22 EDITED
1416 2143 42 22 BY
1475 2143 165 23 "MOTHERS'

1293 2196 51 20 The
1348 2196 62 26 Lady
1418 2197 78 21 Editor
1505 2197 71 21 would
1590 2199 45 21 like
1640 2199 25 21 to
1672 2199 28 21 be
1712 2206 14 14 a
1731 2200 50 27 help

1265 2222 24 20 to
1301 2223 44 20 the-
1353 2223 96 21 mothers
1461 2224 46 20 and
1519 2224 120 27 daughters
1654 2226 23 20 of
1691 2226 39 21 the
1740 2227 41 21 dis-

1265 2250 63 23 trict,'
1335 2250 43 20 but
1390 2256 59 14 more
1461 2251 117 25 especially
1585 2252 24 19 to
1624 2252 40 20 the
1679 2253 102 24 mothers,

1265 2276 45 19 and
1317 2276 173 21 invitesthemto
1496 2277 62 21 write
1562 2278 24 20 to
1591 2278 40 20 her
1634 2278 35 20 for
1674 2279 107 27 anything

1265 2302 54 26 they
1327 2309 51 19 may
1386 2303 57 21 wish
1447 2304 25 20 to
1479 2304 69 20 know.
1577 2305 43 20 She
1625 2305 45 20 will
1674 2306 107 21 endeavor

1265 2329 24 20 to
1303 2330 51 24 give
1367 2330 62 20 them
1446 2330 39 20 the
1502 2331 60 21 best,
1569 2337 94 15 answers
1681 2333 24 19 to
1722 2333 59 22 their

1264 2356 117 25 questions,
1393 2356 49 25 and,
1454 2357 25 20 m
1487 2357 82 24 return,
1580 2358 72 20 would
1660 2358 27 20 be
1696 2359 54 26 glad,
1757 2360 24 20 to

1264 2382 84 21 receive
1364 2389 44 19 any
1422 2383 151 26 suggestions,'
1583 2385 58 25 good
1651 2385 95 26 recipes-.
1746 2386 35 21 for

1265 2409 96 26 cookery,
1382 2410 142 26 needlework,
1544 2417 25 13 or
1587 2411 120 25 otherwise,
1729 2413 52 20 that

1263 2436 56 25 they
1329 2436 66 20 think
1404 2437 45 20 will
1463 2437 28 20 be
1503 2437 75 21 useful
1586 2439 24 19 to
1625 2436 60 22 their
1696 2439 85 21 friends

1264 2462 46 20 and
1325 2463 125 25 neig&boxs.
1478 2464 37 20 AH
1527 2465 183 26 corxespondence
1716 2467 25 19 to
1752 2467 29 20 be

1265 2488 118 21 addressed
1389 2490 24 20 to
1423 2491 125 20 "Mother's
1557 2491 65 26 Help,
1641 2492 140 22 'Observeb'

1265 2516 71 25 Office,
1347 2516 56 21 East

1370 2571 148 21 DOMESTIC
1531 2571 142 21 ECONOMY.

1268 2618 3 2 .
1296 2595 42 27 An,
1353 2597 117 25 excellent
1487 2597 112 33 blacking
1613 2599 36 24 for
1667 2601 79 23 stoves
1750 2600 31 24 -is

1263 2629 71 24 made
1345 2629 58 25 with
1414 2630 54 25 half
1477 2639 12 15 a
1507 2631 82 31 pound
1603 2631 27 25 of
1646 2631 134 26 black-lead

1265 2661 81 32 (finely
1372 2661 134 34 powdered)
1533 2664 88 24 mixed-
1632 2669 3 5 '
1647 2665 66 24 with-
1738 2665 42 25 the

1263 2694 83 24 whites
1368 2695 27 24 of
1413 2696 64 23 three
1489 2704 64 22 eggs,
1566 2697 48 23 and
1625 2697 90 24 diluted
1724 2698 57 24 with

1263 2733 56 17 sour
1338 2727 56 24 beer
1415 2735 27 16 or
1461 2730 81 28 porter
1561 2729 64 23 until
1642 2737 27 16 as
1686 2730 52 23 thin
1753 2738 27 16 as

1263 2758 56 24 shoe
1329 2758 122 33 blacking.
1484 2760 59 24 This
1555 2761 87 25 should
1656 2762 32 23 be-
1695 2763 85 23 stirred

1263 2791 48 23 and
1329 2793 37 23 set
1382 2799 56 17 over
1454 2792 44 25 hot
1508 2794 64 25 coals
1590 2795 26 23 to
1628 2794 99 24 simmer
1743 2794 37 25 for

1263 2824 91 31 twenty
1371 2825 114 29 minutes,
1504 2825 48 25 and
1569 2826 58 24 then
1644 2822 88 29 bottled
1742 2827 38 25 for

1262 2864 51 19 use.
1347 2857 52 24 The
1409 2858 247 33 poh'shed'sjjeel.parts
1664 2860 26 24 of
1698 2862 79 29 grates

1263 2888 87 25 should
1367 2890 30 24 be
1408 2890 97 25 cleaned
1518 2891 60 25 with
1588 2894 70 30 putty
1675 2893 101 31 powder,

1261 2921 50 26 laid
1322 2930 31 15 on
1364 2923 58 23 with
1433 2931 14 16 a
1454 2923 53 24 buff
1515 2921 83 29 stick;'.
1613 2930 6 11 ?
1632 2944 5 4 ,

1293 2953 34 24 To
1345 2954 68 24 clean
1423 2955 96 25 articles
1564 2955 95 32 -bright
1674 2957 45 28 tin,
1738 2959 40 29 get

1260 2991 64 19 some
1335 2986 27 24 of
1369 2987 43 23 the
1417 2987 76 25 -finest
1503 2988 110 32 whiting,
1624 2989 51 24 mix
1686 2998 14 15 a
1710 2989 64 24 little

1261 3017 26 24 of
1295 3018 20 23 it
1325 3019 132 30 powdered,
1465 3020 58 25 with
1531 3027 14 18 a
1555 3029 58 23 very
1620 3021 62 25 little
1691 3022 58 31 drop
1756 3022 26 24 df
1783 3034 2 10 :

1261 3052 70 22 sweet
1342 3051 39 29 oil,
1393 3052 47 24 and
1454 3052 45 25 rub
1519 3053 40 25 the
1572 3078 2 4 ,
1584 3054 39 29 ,tin
1649 3055 70 24 with-
1736 3055 43 25 the

1260 3083 110 29 mixture,
1382 3085 59 23 then
1452 3086 61 30 wipe
1522 3086 21 23 it
1553 3086 76 29 clean,
1652 3088 48 23 and
1722 3088 56 24 dust

1260 3121 64 18 some
1333 3116 44 30 dry
1387 3116 102 33 whiting
1496 3126 33 16 on
1545 3118 28 29 it,
1583 3118 111 33 cleaning
1714 3119 20 25 it
1745 3120 33 24 off

1258 3147 60 23 with
1325 3147 108 26 chamois
1444 3149 97 25 leather,
1556 3175 3 5 ,
1575 3151 36 24 To
1622 3151 76 25 clean*
1708 3152 70 25 brass

1258 3179 54 39 and^
1317 3187 85 24 copper
1413 3182 40 24 the
1463 3182 54 24 best
1527 3183 72 31 thing
1599 3184 30 24 -is
1641 3192 14 16 a
1672 3185 106 25 mixture

1256 3211 27 24 of
1291 3212 33 24 oil
1335 3213 48 23 and
1390 3213 85 25 rotten'
1482 3216 77 29 stone,
1570 3216 95 31 applied
1677 3217 68 24 -with
1766 3226 14 15 a

1258 3243 66 31 piece
1335 3245 25 24 of
1369 3245 100 30 leather,
1486 3247 48 24 and
1534 3253 3 9 ;
1545 3252 15 19 a'
1585 3248 112 32 vigorous
1723 3245 55 29 rub-

1258 3276 58 32 bing
1327 3278 47 24 will
1385 3279 51 31 give
1444 3287 14 17 a
1469 3281 62 30 good
1540 3281 87 31 polish.

1281 3342 5 5 _
1293 3310 102 25 Ormolu
1413 3312 94 25 articles
1522 3312 88 25 should
1632 3314 29 25 be
1682 3315 98 26 washed

1257 3342 58 26 with
1326 3343 67 33 plain
1402 3351 56 23 soap
1467 3345 48 23 and
1521 3347 80 26 water,
1617 3347 49 23 and
1672 3347 108 30 polished

1258 3373 59 25 with
1328 3383 13 15 a
1352 3375 68 24 wash
1430 3376 104 25 leather.'
1547 3382 4 3 '
1561 3377 109 32 Lacquer
1680 3380 63 24 work
1754 3380 22 25 is

1258 3405 99 26 cleaned
1375 3408 27 23 m
1421 3408 43 25 the
1479 3416 66 17 same
1567 3412 108 27 mariner,
1695 3412 60 25 and,
1758 3413 20 24 it

1257 3441 67 21 must
1334 3439 30 24 be
1374 3441 162 25 remembered
1546 3442 56 24 that'
1610 3443 34 24 all
1654 3444 66 24 acids
1731 3445 49 24 and

1260 3471 57 24 soda
1327 3471 65 26 have
1400 3480 15 17 a
1425 3475 65 23 most
1505 3474 143 26 destructive
1660 3476 69 26 effect
1746 3477 33 25 oh

1258 3503 102 31 lacquer.
1450 3525 3 3 .
1467 3525 3 2 .
1595 3528 12 5 
1634 3519 10 12 :.
1686 3518 39 13 =..
1740 3522 1 1 •
1752 3504 2 5 '

1291 3535 21 24 A
1331 3544 57 24 very
1388 3552 3 11 ;
1399 3537 86 31 simple
1503 3539 141 26 whitewash
1660 3540 36 25 for
1714 3550 65 16 com-

1260 3575 57 18 mon
1327 3569 75 25 work,
1411 3570 21 24 is
1443 3570 69 24 made
1522 3570 33 32 by
1573 3572 95 32 mixing
1678 3573 102 33 whiting

1259 3601 58 23 with
1326 3610 73 16 warm
1409 3604 74 23 water
1499 3605 25 22 to
1535 3604 41 25 the
1587 3606 148 25 consistence
1752 3608 26 24 of

1260 3640 87 17 cream.
1397 3634 21 25 A
1435 3634 63 25 little
1517 3637 92 24 melted,
1620 3638 54 25 size,
1686 3640 22 24 is
1719 3640 60 24 then

1260 3666 85 24 stirred
1355 3667 51 25 into
1417 3668 39 24 the
1464 3669 112 24 mixture.
1611 3671 52 24 The
1671 3671 109 26 addition

1252 3697 34 31 ,of
1305 3699 115 32 2^lbsof
1434 3701 125 29 powdered
1576 3702 68 25 alum
1661 3705 26 23 to
1708 3712 76 24 every,

1259 3730 84 30 pailful
1355 3732 26 23 of
1393 3733 142 25 whitewash
1543 3734 49 24 will
1602 3735 70 25 make
1689 3737 20 24 it
1719 3737 61 24 bind

1260 3763 47 23 and
1317 3771 31 23 go
1359 3764 99 25 farther.
1500 3760 26 26 '•
1531 3782 3 3 •
1540 3782 3 4 •
1600 3772 6 15 :
1613 3782 3 4 •
1696 3784 2 5 .

2008 176 59 19 THE
2087 177 219 19 HOUSEKEEPER.

1931 212 59 24 Nice
2001 212 71 24 Plum
2084 213 69 24 Cake.
2154 228 33 3 —
2188 214 63 24 Take
2263 215 27 23 of
2297 215 63 23 flour
2374 223 47 16 one

1896 243 26 25 lb
1935 252 6 21 ;
1954 244 154 26 bicarbonate
2119 247 26 23 of
2156 247 61 24 soda.
2218 263 2 7 :
2222 248 17 30 £
2249 247 26 24 of
2284 256 32 15 an
2328 256 75 15 ounce
2412 256 7 20 ;

1896 276 87 29 butter,
2008 278 36 23 six
2066 285 97 21 ounces;
2197 278 51 25 loaf
2272 287 78 23 sugar,
2380 280 38 24 six

1895 316 88 17 ounces
1994 318 5 20 ;
2028 315 115 24 currants*
2163 311 36 23 six
2220 320 86 16 ounces
2317 320 6 21 ;
2349 313 70 24 three

1895 349 57 23 eggs
1963 350 5 20 ;
1985 343 69 27 milk,
2067 343 71 24 about
2149 344 55 23 four
2214 352 94 17 ounces.
2348 345 67 24 Bake
2429 344 3 7 '

1893 373 37 24 for
1941 383 51 15 one.
1997 375 62 23 hour
2070 376 47 22 and
2127 376 79 23 a-half
2214 376 26 23 m
2251 384 15 16 a
2273 370 141 37 tin*or|pan.

1884 417 2 13 :
1925 405 93 26 Lenion
2030 407 77 24 Buns.
2109 423 31 2 —
2142 407 65 25 Take
2218 409 26 23 of
2253 407 63 30 flou£
2326 417 46 20 one
2378 409 35 29 lb,

1892 445 47 18 car.
1956 440 62 28 soda,
2040 440 65 24 three
2132 440 113 25 drachms
2255 449 6 21 ;
2282 443 46 27 tar,
2344 435 69 35 licid,

1891 471 68 24 three
1976 472 111 24 drachms
2096 480 6 21 ;
2112 472 86 29 butter,
2205 472 3 13 :
2227 474 54 24 four
2308 482 89 17 ounces
2406 483 5 20 ;

1890 511 45 16 one
1946 512 60 23 egg;
2020 513 37 16 ess
2069 505 26 24 of
2119 505 86 29 lemon,
2234 507 37 23 six
2298 515 28 15 or
2347 508 64 30 eight

1890 535 71 31 drops
1971 544 6 21 ;
1989 537 71 24 make
2070 537 52 24 into
2134 539 30 22 20
2176 538 69 28 buns,
2258 539 48 23 and
2317 540 61 24 bake
2385 541 25 23 m

1889 576 13 14 a
1914 569 70 29 quick
1994 577 60 17 oven
2065 570 37 23 for
2114 571 29 23 15
2155 570 113 25 minutes.
2330 593 4 8 ,
2344 594 5 6 s

1884 624 2 5 ,
1904 613 3 3 •
1919 600 71 25 Wme
2001 602 148 24 Biscuits^—
2148 600 51 26 Half
2204 599 29 27 Tb
2260 603 62 25 flour
2328 606 5 26 J
2354 605 55 24 four

1887 639 88 18 ounces
1985 633 80 24 butter
2075 642 5 21 ;
2092 634 54 23 four
2154 643 88 16 ounces
2261 644 76 23 sugar,
2359 638 46 23 two

1886 672 56 23 eggs
1951 673 8 21 ;:
1964 666 124 25 carbonate
2091 666 152 25 bfammonia
2247 676 46 16 one
2297 668 107 29 drachm;

1885 691 69 29 white
1963 698 67 29 wine,
2043 699 95 30 enough
2149 701 26 22 to
2185 699 50 23 mix
2246 701 25 23 to
2283 708 15 16 a
2318 708 87 24 proper

1884 729 153 26 consistence.
2072 731 96 26 Cutout
2178 731 55 25 with
2244 741 16 16 a
2266 732 73 30 glass:.

1987 789 116 21 VARIOUS
2115 795 9 12 GARNISHES.

1913 824 97 32 Parsley
2020 825 21 24 is
2053 826 42 23 the
2102 828 66 22 most
2174 823 120 28 universal
2302 829 98 30 garnish

1881 855 37 25 for
1929 856 40 24 all:
1973 857 70 25 kinds
2054 858 27 26 of
2089 858 54 24 cold
2152 861 73 26 meat,
2234 860 104 31 poultry,
2343 861 56 28 fish,

1882 889 85 28 butter,
1980 889 90 29 cheese,
2083 891 48 24 and
2147 898 25 17 so
2193 891 79 25 forth.'
2311 882 88 42 Horse-

1879 922 82 23 radish
1972 923 20 22 is
2004 924 40 22 the
2055 924 94 29 garnish
2156 924 38 22 for
2204 926 65 22 roast
2279 925 62 23 beef,
2351 927 47 22 and

1879 951 37 25 for
1926 953 43 24 fish
1981 953 25 25 m
2016 955 98 30 general
2121 962 5 21 ;
2138 955 37 24 for
2185 955 42 24 the
2237 953 80 31 latter,
2330 957 71 24 slices

1879 985 24 24 of
1914 985 80 25 lemon
2004 995 39 16 are
2055 987 137 24 sometimes
2203 988 47 23 laid
2257 988 144 33 alternately

1878 1018 58 24 with
1943 1018 43 24 the
1992 1019 71 24 horse
2070 1019 91 25 radish.
2196 1019 76 25 Slices
2278 1021 27 24 of
2316 1021 82 25 lemon-

1877 1049 36 24 for
1923 1049 76 25 boiled
2011 1051 61 28 fowl,
2084 1052 93 30 turkey,
2190 1053 52 22 and'
2263 1053 57 28 fish,
2349 1055 48 23 and

1877 1081 37 24 for
1916 1085 70 24 .roast
1994 1083 54 24 veal
2058 1084 47 23 .and
2116 1084 67 24 calf's
2201 1084 68 25 head.
2288 1098 5 3 •
2314 1085 82 25 Carrot

1877 1115 26 23 m
1912 1114 69 25 slices
1992 1115 36 24 for
2036 1116 79 24 boiled
2125 1116 115 27 beef.hot
2251 1125 27 16 or
2288 1119 62 23 cold.

1907 1146 143 30 Barberries,
2062 1148 66 24 fresh
2150 1157 27 15 or
2200 1148 130 32 preserved^
2358 1150 38 25 for

1874 1186 77 23 game.

1922 1212 53 25 Eed
1982 1212 116 26 beet-root
2110 1214 72 25 sliced
2193 1214 37 24 for
2241 1214 52 25 cold
2317 1218 74 27 meat,

1872 1244 77 24 boiled
1959 1245 57 28 beef;
2029 1246 47 24 and
2087 1247 47 23 salt
2145 1247 56 24 fish.

2074 1303 97 20 MAXIMS.

1905 1341 66 28 Keep
1981 1347 60 22 your
2051 1341 57 29 keys
2119 1341 47 22 and
2176 1341 65 24 beat
2253 1348 61 17 ease.

1896 1369 31 25 •A
1941 1371 66 25 chair
2034 1372 112 25 unsound
2172 1381 59 17 soon
2258 1373 64 25 finds
2348 1374 38 26 the

1872 1403 101 30 ground.
2044 1412 8 14 \
2075 1426 4 7 v
2088 1431 2 2 .
2184 1414 3 4 '
2314 1402 19 24 •"■■''

1908 1436 68 25 Mind
1986 1437 55 25 that
2049 1445 61 24 your
2114 1452 3 7 :
2126 1457 2 3 .
2136 1438 66 25 seeds
2229 1447 40 16 are
2295 1442 43 22 not
2365 1440 21 24 of

1866 1469 89 100 leds.
2053 1478 5 5 •
2116 1488 2 4 ,
2257 1490 2 3 .
2292 1489 3 2 .

1921 1501 52 25 The
2009 1502 130 25 healthiest
2170 1503 61 26 feast
2258 1506 63 23 costs
2347 1506 39 23 the

1908 1535 30 23 St.
2003 1531 85 38 ./V
2126 1531 212 35 ',;.;....■•:•
2375 1543 3 3 •

1866 1576 35 38 NEEDLEWORK.

1870 1825 40 16 are
1922 1818 116 30 arranged
2049 1818 68 24 down
2142 1819 41 24 the
2209 1819 102 31 traingle
2337 1819 48 28 bib,

1869 1849 48 24 and
1924 1849 47 24 five
1982 1858 60 16 rows
2050 1851 68 24 down
2133 1851 40 24 the
2195 1851 67 24 skirt.
2307 1851 78 24 These

1869 1889 41 16 are
1920 1890 46 16 run
1976 1882 26 24 m
2013 1883 53 23 and'
2072 1884 42 23 but
2133 1883 26 24 of
2183 1883 41 24 the
2248 1891 87 17 canvas
2355 1885 31 30 by

1869 1913 108 32 drawing
1987 1917 42 23 out
2040 1923 14 15 a
2065 1915 44 24 few
2120 1916 33 23 of.
2168 1915 42 24 the
2237 1916 97 23 threads
2361 1918 25 22 at

1868 1946 125 23 measured
2003 1947 121 28 intervals,
2140 1948 48 23 and
2209 1948 108 30 working
2342 1948 43 23 the

1866 1977 98 27 -ribbons.
1973 1978 28 24 in
2011 1979 60 25 and.
2076 1981 43 22 out
2145 1979 26 24 of
2195 1979 68 25 these
2290 1986 91 24 spaces.

1868 2010 51 23 The
1930 2010 64 23 band
2005 2011 25 23 of
2045 2011 48 24 this
2121 2019 74 23 apron
2221 2012 21 23 is
2267 2012 70 23 made
2359 2011 26 24 of

1867 2042 62 24 satin
1940 2042 123 31 matching
2070 2044 42 22 the
2120 2043 64 23 color
2192 2044 24 22 of
2223 2044 43 22 the
2277 2043 105 28 ribbons,

1867 2072 48 26 and
1922 2074 21 24 is
1954 2074 91 31 shaped
2054 2074 48 25 like
2113 2083 15 16 a
2140 2075 70 25 Swiss
2220 2075 58 28 belt,
2289 2075 60 24 with
2368 2083 15 16 a

1866 2107 72 24 broad
1959 2108 97 30 upward
2067 2108 67 30 point
2144 2108 27 23 m
2187 2108 42 24 the
2256 2110 80 22 centre
2358 2108 27 24 of

1866 2139 42 24 the
1919 2139 73 29 wrist,
2004 2140 49 24 and
2063 2140 42 24 the
2124 2141 90 23 bottom
2235 2143 54 28 part
2302 2155 3 4 -
2306 2141 4 16 :
2310 2140 71 24 made

1866 2171 49 25 into
1925 2174 46 23 two
1981 2172 161 32 small.points
2152 2172 58 25 with
2227 2172 42 25 the
2289 2172 91 26 inward

1866 2204 106 32 vandyke
1992 2205 108 24 between
2109 2205 67 24 them
2187 2205 92 32 exactly
2296 2206 86 24 under-

1866 2238 70 22 neath
1947 2237 41 24 the
1998 2245 75 23 upper
2096 2237 77 31 single
2198 2238 82 30 point.'
2322 2238 58 23 This

1866 2268 63 25 band
1938 2269 22 24 is
1971 2270 69 24 made
2051 2270 63 31 quite
2125 2277 92 17 narrow
2228 2272 25 22 at
2264 2270 42 24 the
2326 2270 54 31 hips

1866 2301 46 24 and
1922 2301 67 29 back,
2005 2301 72 31 being
2103 2302 57 31 only
2185 2302 75 24 broad
2286 2304 25 23 at
2337 2303 43 24 the

1866 2333 61 25 front
1938 2334 27 25 of
1973 2335 40 24 the
2023 2341 82 23 apron.
2274 2348 1 3 ■

2049 2394 72 20 EXTRACTS.

1921 2424 21 24 A
1953 2432 93 17 wotnan
2055 2425 87 24 should
2152 2433 73 16 never
2236 2425 67 25 allow
2321 2426 58 23 her-

1863 2456 45 25 self
1934 2460 27 21 to
1986 2457 98 25 become
2109 2467 14 14 a
2148 2466 65 16 mere
2246 2458 135 36 household

1863 2489 98 32 drudge,
1973 2490 54 24 and;
2030 2490 72 24 when
2113 2490 41 24 she
2175 2489 64 26 finds
2251 2492 4 9 '
2260 2491 54 24 that
2336 2491 43 24 she

1863 2522 46 25 has
1919 2530 33 17 no
1962 2522 56 25 titne
2028 2524 25 23 to
2063 2522 58 25 read
2131 2531 30 16 an
2173 2523 134 25 occasional
2317 2523 61 31 good

1863 2555 68 29 book,
1943 2557 25 23 to
1978 2555 68 26 write
2055 2564 14 16 a
2079 2555 72 25 letter
2157 2557 25 23 to
2201 2565 14 15 a
2240 2555 84 29 Mend,
2352 2557 26 23 to

1863 2588 58 24 read
1930 2596 13 15 a
1955 2589 65 29 story
2030 2590 24 22 to
2065 2588 42 25 the
2118 2588 112 28 children;
2242 2596 28 17 or
2272 2593 5 13 ;
2274 2588 31 25 'to
2315 2588 63 25 walk

1863 2627 28 19 or
1901 2620 51 24 talk
1962 2621 26 23 to
1998 2620 43 26 her
2051 2620 117 29 husband,
2184 2620 43 25 she
2236 2635 4 14 :
2248 2628 54 25 may-

1863 2653 68 25 clude
1942 2653 52 24 that
2008 2653 68 24 there
2096 2653 21 24 is
2125 2666 3 4 ■
2140 2653 136 31 something
2295 2661 83 23 wrong

1863 2686 139 23 somewhere
2013 2686 27 22 m
2049 2686 45 23 her
2114 2686 116 23 domestic
2252 2693 123 23 .economy,

1863 2715 101 29 ahd;'the
1973 2726 70 15 mora
2061 2717 95 31 quickly
2178 2717 42 25 she
2228 2727 3 4 •
2241 2717 135 31 recognises

1862 2750 47 24 and
1919 2750 115 24 remedies
2044 2750 41 24 the
2096 2750 47 24 evil
2150 2750 42 24 the
2200 2750 82 24 better.
2296 2749 3 16 ;
2304 2749 71 25 iGive

1862 2782 42 24 the
1915 2783 87 23 matter
2023 2782 88 24 serious
2133 2782 116 31 thought;,
2263 2782 32 24 oh
2313 2782 62 24 tired

1860 2815 174 31 housekeeper,:
2040 2814 48 24 and
2098 2822 40 17 see
2157 2814 21 25 if
2202 2822 47 24 you
2267 2814 39 34 .dp
2314 2828 7 11 ■■.
2331 2816 48 23 not.

1860 2845 65 34 daily
1946 2848 54 24 take
2026 2856 73 23 many
2124 2851 158 28 unneces-.ary
2290 2849 7 6 *
2303 2849 75 30 steps,,

1861 2881 48 23 and
1920 2881 30 24 do
1960 2881 73 23 much
2044 2881 54 23 that
2108 2888 47 23 you
2165 2881 85 30 might,
2264 2885 3 9 :
2272 2877 106 28 without,

1859 2910 81 34 injury
1950 2914 25 23 to
1986 2919 49 25 any.
2044 2921 51 21 one,
2106 2914 65 23 leave
2182 2913 103 25 undone.
2317 2912 63 26 Best

1848 2966 7 8 ,
1860 2953 59 23 your
1933 2945 62 31 body
2022 2945 48 24 and
2095 2945 107 31 inprpv.e.
2218 2952 59 24 your
2281 2962 14 14 4
2300 2945 81 29 mind,,

1856 2977 106 31 .keeping
1971 2985 63 23 your,
2040 2977 51 25 face
2102 2978 50 28 and.
2169 2975 78 30 heait.
2261 2978 33 28 asj
2303 2971 73 37 /fresh

1860 3018 31 16 as.
1897 3009 112 32 possible,
2022 3018 26 17 as
2058 3018 48 23 you
2126 3009 69 25 value
2215 3010 43 24 the
2278 3009 58 25 love-
2352 3009 28 26 of

1847 3051 1 6 '
1860 3051 59 23 your
1929 3042 113 25 husband
2051 3043 47 24 and
2109 3042 130 25 children;'-'
2246 3041 3 3 '
2254 3054 3 4 -
2257 3047 4 13 :
2275 3043 18 17 •'"•••

1872 3130 2 6 •
1893 3118 25 23 It
1927 3118 22 24 is
1971 3118 52 24 said
2043 3118 55 24 that
2118 3118 43 24 the
2182 3119 66 24 most
2262 3118 116 31 ,pawerfiil

1861 3151 94 24 marine
1970 3150 91 25 beacon
2082 3151 27 23 m
2128 3150 43 24 the
2192 3151 72 24 world
2271 3151 33 23 'is
2323 3151 58 24 that,

1861 3182 106 32 recently
1977 3182 94 28 erectftcl
2080 3184 25 24 at
2115 3182 155 30 Hantshplm,
2283 3191 33 17 on
2336 3183 43 25 the

1860 3217 67 28 jcoast
1935 3215 27 25 of
1968 3215 108 24 Jutland.
2109 3215 51 26 Tti,e
2174 3216 74 24 tdwer
2269 3216 111 25 contains

1861 3250 48 24 two
1920 3250 78 23 steam
2007 3248 106 32 engines,
2135 3248 57 24 each
2214 3248 26 25 of
2259 3250 31 23 85
2311 3249 70 25 horse

1861 3290 85 23 power,
1965 3283 38 23 for
2021 3282 94 32 driving
2135 3283 42 23 tne
2195 3283 49 24 two
2264 3282 116 25 Meritens

1862 3315 117 31 dynamos
1989 3314 54 25 that
2055 3314 86 32 supply
2152 3314 46 24 the.
2210 3314 94 35 electric
2326 3323 52 16 cur-

1861 3349 54 22 rent
1925 3347 36 25 for
1972 3344 42 27 the
2024 3347 108 30 gigantic
2141 3347 73 31 lamp;
2218 3349 24 21 at
2254 3347 42 24 the
2318 3355 63 16 sum-

1861 3380 44 23 mit
1916 3379 26 24 of
1961 3379 43 24 the
2024 3379 64 31 light
2108 3380 89 26 house..
2234 3378 53 26 The
2304 3379 77 31 lamp,,

1864 3412 76 24 which
1958 3412 23 24 is
1998 3412 151 24 constructed
2170 3420 31 16 on
2205 3413 6 11 v
2222 3412 36 24 lie
2264 3412 115 24 'Baron's

1861 3444 125 32 principle,
2008 3444 74 25 sheds
2106 3454 14 14 a
2141 3446 111 23 constant
2272 3445 63 30 light
2356 3452 14 16 o

1862 3478 133 28 2,0Q0,000
2004 3477 86 25 candle
2099 3485 87 24 power,
2198 3477 48 25 and
2265 3477 22 24 is
2342 3484 39 17 ar-

1861 3509 92 31 ranged
1963 3510 54 23 that
2028 3511 40 22 the
2078 3510 84 30 keeper
2172 3518 45 16 can
2233 3509 78 24 watch
2331 3509 50 24 and.

1862 3541 92 25 control
1963 3542 33 24 its
2006 3542 108 31 working
2128 3542 63 24 from
2201 3542 40 23 his
2257 3549 68 16 room
2346 3549 35 16 on

1862 3574 43 25 the
1916 3574 92 31 ground
2017 3575 61 24 floor
2086 3574 31 32 by
2127 3580 83 23 means;
2219 3580 28 26 pi,
2253 3581 18 19 a.
2289 3574 90 29 system

1862 3606 27 25 of
1896 3606 90 32 prisms
1994 3607 49 24 and
2053 3607 106 28 mirrors,
2170 3606 48 24 and
2226 3605 74 24 needs
2321 3605 57 30 only

1863 3647 24 17 to
1899 3640 86 24 ascend
1995 3642 26 23 to
2031 3640 42 25 the
2092 3641 96 23 lantern
2201 3638 33 23 :in
2250 3638 39 23 the
2309 3638 70 23 event

1863 3672 27 25 of
1902 3672 102 32 damage
2026 3681 27 17 or
2068 3674 31 23 to,
2114 3679 77 17 renew
2211 3670 48 25 the;
2270 3670 109 27 carbons,

1864 3704 99 26 Besides
1974 3706 42 24 the
2026 3706 104 26 lantern,
2142 3704 40 23 the
2189 3704 72 22 tower
2269 3701 111 25 contains,

1863 3738 36 24 air
1907 3746 89 24 pumps
2006 3737 81 25 which
2097 3737 94 24 actuate
2201 3737 48 22 two
2266 3733 113 32 powerful

1864 3770 150 31 fog-signals.
2025 3770 3 3 '
2119 3770 3 4 '
2173 3773 13 21 .'
2198 3765 58 30 ..'.V,

650 61 134 26 OXFORD
819 62 66 24 AND
920 61 85 25 CUST
1039 63 184 26 OBSERVER,
1259 61 185 28 SATURDAY,
1479 61 187 25 NOVEMBER
1700 63 39 26 23,
1776 63 59 24 18S9
