2460 3850
1419 901 114 28 COMMERCIAL.

1374 961 174 14 MELBOURNE
1557 961 77 14 MARKETS.

1298 997 50 21 The
1369 998 177 21 'Australasian'
1567 999 88 25 reports*
1666 1004 25 15 as
1707 998 85 21 follows

1271 1035 28 15 on
1307 1029 40 21 the
1355 1030 69 20 above
1432 1028 96 22 markets
1537 1038 5 12 :
1543 1040 28 5 —
1692 1035 3 5 •

1277 1069 4 4 1
1299 1066 46 20 Our
1364 1066 58 22 local
1444 1067 72 20 wheat
1536 1067 86 20 market
1642 1066 70 22 shows
1733 1065 59 22 little

1243 1115 2 2 .
1271 1097 90 26 change,
1378 1097 86 28 though
1480 1097 40 22 the
1536 1097 101 28 holidays
1649 1098 57 20 have
1721 1104 70 14 some^

1343 1130 125 21 interfered-
1474 1129 55 21 with
1542 1130 40 21 the
1594 1130 90 20 amount
1696 1130 23 20 of
1731 1129 60 22 busi-

1271 1167 51 16 ness
1330 1162 133 21 transacted.
1493 1178 2 10 ,
1504 1162 104 22 Business
1620 1162 40 21 has
1672 1162 56 21 been
1736 1168 54 20 very

1270 1194 70 26 quiet,
1366 1193 45 21 and
1432 1194 54 27 only
1506 1194 65 20 small
1591 1193 44 22 lots
1656 1194 58 21 have
1735 1194 55 21 been

1271 1224 88 28 quitted
1376 1226 23 20 at
1416 1224 57 23 from
1485 1226 24 21 5s
1521 1226 29 21 2d
1568 1227 22 19 to
1605 1227 23 19 5s
1640 1225 48 25 2£d,
1700 1226 42 21 but
1755 1226 35 20 for

1272 1257 108 27 anything
1397 1257 45 21 like
1460 1264 14 14 a
1486 1257 43 21 fair
1542 1257 74 28 parcel
1628 1258 25 20 5s
1665 1257 30 21 3d
1705 1258 21 20 is
1742 1257 49 21 still

1270 1289 68 26 being
1348 1289 74 22 asked.
1550 1306 5 4 .
1782 1282 3 19 '

1298 1325 56 21 Oats
1364 1326 61 24 have,
1431 1327 41 20 not
1482 1326 57 21 been
1551 1326 61 27 quite
1625 1332 24 15 so
1660 1325 55 26 firm,
1731 1332 59 15 some

1271 1359 111 20 weakness
1393 1358 84 26 having
1490 1355 55 24 been
1558 1358 74 21 shown
1644 1363 28 16 on
1684 1358 40 21 the
1736 1358 54 21 New

1272 1383 93 29 Sltoland
1373 1390 54 21 side.
1455 1390 60 21 Sales
1526 1390 56 21 have
1589 1390 57 21 been
1657 1390 63 21 made
1728 1390 25 21 at
1765 1390 25 21 3s

1271 1412 29 31 &&
1308 1423 25 21 to
1341 1423 24 19 3s
1377 1422 47 29 B^d,
1442 1417 65 26 while
1520 1421 34 22 for
1563 1421 65 21 small
1640 1421 63 22 trade
1710 1423 44 21 lots
1768 1422 22 20 of

1270 1459 54 22 very
1332 1456 69 25 prime
1410 1456 24 19 3s
1442 1454 30 21 9d
1480 1454 40 21 has
1529 1454 56 21 been
1592 1454 59 26 paid.

1469 1534 123 22 DEATHS.

1271 1572 144 22 Bbn»btt.—
1415 1572 119 21 November
1547 1572 31 25 18,
1590 1571 25 21 at
1623 1571 35 21 his
1670 1570 117 26 residence,

1296 1604 73 21 North
1387 1604 93 25 Loburn,
1505 1604 92 26 George,
1615 1603 69 22 eldest
1705 1609 40 15 son
1766 1602 24 21 of

1296 1635 97 21 William
1401 1635 100 24 Bennett,
1514 1634 62 22 West
1584 1635 104 26 Eyreton.

1271 1671 121 22 M'Gbath.
1395 1682 26 5 —
1421 1672 123 20 November
1552 1671 32 25 17,
1599 1672 23 19 at
1630 1671 37 20 his
1674 1670 116 26 residence,

1297 1703 64 22 West
1381 1703 89 26 Oxford,
1495 1703 161 22 Bartholomew
1677 1702 110 22 M'Grath.

1296 1735 58 27 aged
1361 1737 26 20 81
1395 1741 70 21 years.

1270 1771 189 22 Wittinqtok.—
1458 1772 124 21 November
1602 1772 33 25 20,
1655 1772 26 21 at
1702 1771 86 28 Opawa,

1296 1803 96 22 Thomas
1401 1804 144 28 Wittington,
1559 1803 137 27 blacksmith,
1707 1802 45 23 late
1767 1803 25 22 of

1296 1832 91 26 Oxford.
1418 1835 85 17 .'■-■'

1233 1894 144 39 Oxford
1401 1894 72 39 and
1497 1894 96 39 Cust
1617 1894 216 39 Observer.

1352 1974 185 19 PUBLISHED
1555 1974 77 23 WEEKLY.

1324 2026 164 27 SATURDAY,
1503 2026 130 21 November
1641 2028 33 25 23,
1689 2028 60 21 1889.

1307 2093 67 30 Some
1381 2096 44 25 few
1431 2104 69 24 years
1508 2096 72 30 since,
1591 2105 36 18 we
1637 2105 62 17 were
1705 2097 52 26 told
1767 2097 28 25 of

1272 2148 15 16 a
1301 2147 58 18 man
1374 2139 77 33 living
1465 2141 45 24 not
1519 2140 38 24 far
1566 2139 61 25 from
1642 2140 43 24 the
1702 2139 90 28 Oxford

1272 2182 94 26 district
1376 2182 56 25 who
1441 2183 50 25 had
1498 2183 49 25 800
1560 2184 56 24 tons
1637 2182 28 26 of
1682 2185 110 30 potatoes

1256 2249 2 2 .
1272 2225 33 26 he
1315 2225 70 25 could
1394 2227 45 23 not
1448 2225 99 32 dispose
1554 2225 34 30 of,
1595 2225 43 26 but
1655 2225 38 26 for
1712 2226 80 25 which

1272 2268 31 25 he
1313 2276 51 18 was
1369 2268 89 25 offered
1464 2276 15 18 a
1488 2269 36 24 £1
1533 2277 15 17 a
1555 2270 45 24 ton
1612 2270 26 24 at
1644 2269 147 26 Ashburton.

1273 2310 39 25 He
1322 2312 65 23 went
1397 2312 26 23 to
1430 2311 40 24 the
1481 2310 98 33 railway
1589 2310 143 26 authorities
1742 2312 49 24 and

1272 2352 90 26 offered
1369 2353 67 25 them
1446 2355 42 23 ten
1499 2353 112 32 shillings
1627 2361 43 25 per
1689 2356 44 24 ton
1754 2353 38 26 for

1272 2396 98 32 freight,
1386 2396 140 32 explaining
1536 2399 27 23 at
1584 2397 41 25 the
1645 2405 67 17 same
1729 2397 60 26 time

1273 2439 45 29 the,
1326 2439 107 32 position
1442 2440 27 25 m
1479 2439 80 26 which
1566 2440 33 25 he
1625 2448 49 18 was
1700 2440 89 32 placed.

1272 2479 61 28 This
1343 2482 59 25 offer
1416 2490 49 18 was
1491 2483 111 31 refused;
1628 2483 42 24 the
1696 2483 94 33 railway

1273 2524 142 26 authorities
1425 2533 61 18 were
1495 2526 52 26 tied
1556 2526 48 26 and
1613 2526 81 26 bound
1703 2526 32 33 by
1748 2526 43 26 red

1270 2569 65 30 tape,
1368 2568 42 26 the
1444 2570 108 30 potatoes
1587 2569 123 26 remained
1743 2570 47 24 and

1270 2610 87 29 rotted,
1380 2611 70 26 £150
1459 2619 50 18 was
1519 2611 49 26 lost
1585 2613 26 24 to
1627 2613 45 24 the
1690 2619 100 19 revenue

1247 2653 8 9 X
1272 2650 80 29 which
1362 2654 48 25 had
1416 2657 25 22 to
1448 2662 68 18 come
1524 2658 43 23 out
1573 2655 27 26 of
1605 2657 43 24 the
1655 2657 134 31 taxpayers'

1271 2691 95 38 pocket,
1378 2698 65 24 £150
1454 2705 67 18 more
1531 2706 49 17 was
1589 2698 49 26 lost
1648 2700 25 24 to
1683 2699 41 25 the
1742 2698 48 26 dis-

1271 2738 65 30 trict,
1347 2739 50 25 and
1406 2741 48 23 800
1465 2743 55 23 tbns
1531 2740 26 26 of
1571 2741 57 25 food
1637 2742 96 24 wasted.
1769 2740 34 26 S.

1305 2781 58 25 This
1373 2790 48 18 was
1432 2783 85 25 before'
1522 2784 43 26 the
1587 2784 105 32 Railway
1719 2779 70 31 Com-

1272 2824 139 26 missioners
1421 2832 59 18 were
1491 2826 129 31 appointed
1628 2835 7 21 ;
1646 2833 75 25 many
1742 2827 48 24 and

1272 2865 58 33 deep
1340 2874 61 18 were
1411 2867 42 26 the
1464 2867 93 32 growls,
1577 2869 48 24 and
1644 2868 147 33 widespread

1272 2906 42 29 th'e
1318 2914 6 8 '
1330 2909 189 28 dissatisfaction
1535 2909 4 9 '
1545 2912 57 25 with
1628 2912 41 25 the
1681 2905 4 9 '
1695 2912 95 33 railway

1252 2958 12 16 -'
1272 2952 71 30 tariff,
1350 2952 45 26 but
1401 2954 67 30 yrhen
1475 2954 42 25 the
1526 2954 197 27 Commissioners
1731 2963 61 17 were

1272 2996 128 31 appointed
1409 3005 37 17 we
1463 2996 103 26 deluded
1592 2998 118 26 ourselves
1731 2998 59 26 with

1270 3037 43 26 the
1321 3038 54 26 idea
1385 3038 56 26 that
1451 3039 32 26 all
1491 3039 51 26 this
1552 3039 78 26 would
1641 3041 26 24 bo
1688 3037 104 35 altered;

1235 3105 2 5 ,
1271 3074 53 31 thai
1334 3088 114 19 common
1458 3089 70 18 sense
1540 3079 94 28 'would'
1644 3083 84 31 depose
1749 3085 43 25 red

1272 3124 64 30 tape,
1348 3123 49 26 and
1407 3124 41 25 the
1458 3125 197 25 circumlocution
1663 3126 67 25 office
1738 3127 54 31 give

1270 3165 69 31 place
1364 3166 26 26 to
1411 3166 95 26 shrewd
1526 3167 170 27 business-like
1716 3176 59 18 men
1783 3177 8 22 ;

1271 3205 105 29 whether
1387 3208 48 27 this
1445 3210 44 25 has
1500 3209 61 26 been
1569 3205 41 31 the
1620 3219 54 18 case
1682 3220 37 18 we
1726 3212 66 27 leave

1234 3255 2 13 1
1270 3259 44 17 our
1324 3252 96 26 readers
1430 3254 26 24 to
1464 3252 83 32 judge.

1303 3293 31 25 In
1344 3302 44 17 our
1397 3295 70 29 bush,
1478 3296 100 31 rotting,
1588 3303 36 19 we
1634 3297 61 26 have
1705 3298 87 26 timber

1271 3337 27 24 to
1308 3336 42 26 the
1361 3337 68 26 value
1440 3337 30 26 of
1474 3331 122 43 hundreds
1614 3339 27 25 of
1659 3339 132 28 thousands

1271 3379 26 24 of
1305 3380 99 30 pounds,
1416 3380 56 25 that
1482 3380 87 26 should
1580 3380 29 25 be
1627 3389 14 17 a
1662 3389 83 19 source
1767 3384 27 25 of

1271 3420 86 27 wealth
1404 3423 43 25 the
1458 3426 107 29 country,
1582 3424 48 24 and
1651 3433 64 17 more
1736 3434 55 23 par-

1271 3463 110 38 ticularly
1392 3468 25 24 to
1428 3464 44 28 bur
1480 3474 55 18 own
1542 3466 100 26 district.
1677 3468 49 25 Our
1732 3476 57 17 saw-

1234 3516 2 15 :
1270 3507 99 30 millers,
1381 3516 47 18 one
1439 3510 47 25 and
1496 3510 42 29 all,
1550 3518 40 17 are
1601 3518 25 17 as
1637 3510 60 25 hard
1708 3519 33 23 up
1763 3519 27 18 as

1269 3551 57 31 they
1337 3559 46 17 can
1394 3552 52 25 well
1456 3553 30 25 be
1491 3561 7 21 ;
1510 3561 43 18 our
1562 3553 63 26 bush
1632 3561 66 23 men,
1706 3562 28 17 as
1741 3554 49 26 fine

1271 3601 15 17 a
1297 3593 62 26 class
1370 3594 27 26 of
1405 3603 56 17 men
1472 3604 28 17 as
1521 3605 46 17 can
1593 3597 30 26 be
1649 3598 76 24 found
1745 3606 47 24 any

1270 3636 87 30 where,
1369 3645 40 17 are
1419 3634 103 37 leaving,
1540 3640 20 24 if
1581 3640 56 33 they
1657 3641 62 25 have
1740 3641 49 25 suf-

1271 3679 83 27 ficient
1364 3687 89 27 money
1470 3684 26 23 to
1507 3683 31 26 do
1549 3692 35 21 so,
1596 3685 48 24 and
1654 3684 70 26 those
1735 3685 55 26 that

1272 3725 97 26 cannot,
1381 3724 65 24 work
1455 3724 50 25 like
1515 3726 80 25 slaves
1616 3729 26 23 at
1661 3728 131 25 starvation

1270 3765 72 28 sates,
1349 3764 146 28 becausethe
1503 3767 96 33 railway
1603 3769 67 25 tariff
1674 3769 21 27 is
1702 3770 91 32 sohigh

1876 172 54 26 fiat
1940 172 58 33 they
2020 176 87 23 cannot
2133 178 110 29 compete
2267 177 58 26 with
2352 186 42 18 sea

1876 215 71 24 borne
1960 215 93 26 timber.
2102 218 80 25 When
2191 219 43 25 the
2245 219 58 26 bulk
2314 221 27 25 of
2349 230 46 17 our

1875 259 83 30 export
1981 259 118 25 consisted
2114 261 26 24 of
2165 261 141 37 firsjb^elass
2326 272 67 19 sawn

1874 301 89 24 timber
1972 302 38 23 for
2020 303 79 24 which
2109 311 14 16 a
2134 305 60 30 good
2205 306 64 30 pr%e
2280 306 71 25 could
2362 307 32 25 be

1875 343 116 30 obtained,
2003 352 28 17 or
2041 345 26 25 of
2076 346 100 32 sleepers
2187 347 117 27 delivered
2314 351 26 24 at
2352 350 42 26 the

1874 386 97 30 station,
1983 386 42 25 the
2036 390 51 23 cost
2105 389 27 24 of
2140 386 4 9 '
2155 387 106 35 carriage
2287 392 41 24 did
2349 395 44 23 not

1872 430 86 24 matter
1968 437 27 17 so
2005 432 73 24 much
2087 440 6 22 ;
2104 431 43 27 but
2155 433 66 25 what
2226 435 105 24 remains
2337 443 57 18 now

1873 471 21 25 is
1902 471 96 27 inferior
2007 472 68 31 bush,
2087 474 41 25 the
2145 476 101 30 product
2267 477 27 24 of
2313 477 80 26 which

1874 514 22 24 is
1917 513 89 33 chiefly
2022 519 54 27 post
2095 519 47 22 and
2153 519 66 28 rails,
2235 527 27 16 or
2272 519 122 26 firewood.

1837 564 1 16 :
1874 556 77 25 There
1959 565 40 18 are
2010 558 62 25 from
2083 556 113 29 i2oooto
2208 563 78 23 15000
2297 570 65 17 acres
2370 563 31 25 of

1875 597 57 30 this,
1944 600 66 31 quite
2021 600 117 27 sufficient
2149 604 26 24 to
2186 600 100 35 employ-
2319 596 74 40 'large

1874 637 147 35 population,
2032 644 113 30 provided
2154 645 21 25 it
2186 646 71 24 could
2267 647 29 23 be
2317 647 74 25 deliv-

1875 684 53 24 ered
1954 687 26 23 at
2006 694 15 16 a
2047 687 138 25 reasonable
2186 686 83 27 '"rate.
2303 689 26 25 If
2353 689 42 26 the

1876 726 89 33 freight,
1974 736 60 16 were
2044 729 98 25 reduced
2142 729 41 33 .by
2189 738 47 18 one
2250 731 59 30 half,
2330 727 23 39 ip
2373 733 23 26 it

1876 772 40 22 too
1926 769 72 26 muoh
2011 771 25 24 to
2046 779 44 23 say
2099 771 52 26 that
2162 773 43 24 the
2215 774 78 26 traffic
2314 774 82 28 would

1876 811 87 26 double
1991 820 28 17 or
2045 813 74 26 treble
2139 813 86 27 itself?
2255 823 37 18 we
2321 816 73 27 think

1876 856 43 22 not
1928 861 6 22 ;
1945 854 70 26 while
2025 855 42 26 the
2078 856 132 33 advantage
2224 860 26 24 to
2276 858 43 26 the
2345 859 49 25 dis-

1839 910 2 10 :
1876 895 62 30 trict,
1949 896 27 26 m
1986 897 42 25 the
2055 899 118 32 spending
2198 908 80 24 power
2304 902 36 29 of;
2349 901 45 26 the

1875 938 109 33 laboring
1994 948 64 21 men,
2069 941 84 25 would'
2159 941 29 26 be
2198 943 127 31 immense,
2343 944 52 26 and

1876 980 61 26 bush
1952 989 55 18 now
2017 983 66 32 lying
2093 978 47 31 idle
2156 986 79 24 would
2245 986 29 25 be
2288 978 104 44 increas-

1876 1023 28 24 ed
1914 1023 28 24 m
1963 1020 70 29 value
2059 1024 48 27 and
2133 1028 95 35 eagerly
2254 1028 71 26 taken
2352 1037 39 25 up.

1876 1065 84 32 Again,
1972 1075 34 17 we
2016 1067 60 26 have
2086 1069 42 25 the
2137 1070 94 26 curious
2239 1071 112 32 anomaly
2368 1072 35 26 of

1874 1115 16 17 a
1893 1115 106 25 waggon,
2005 1109 132 26 subsidised
2140 1109 31 34 bj
2176 1120 43 27 pur
2222 1108 171 38 storekeepers,

1874 1150 106 33 running
2006 1153 26 24 to
2054 1153 46 24 and
2121 1154 73 25 from,
2206 1146 169 37 (jhristchurch
2384 1164 7 23 ;

1874 1193 49 24 and
1944 1194 90 30 others,
2055 1196 92 32 carting
2168 1197 88 25 timber
2276 1201 30 26 ,to
2326 1199 68 26 Ean-

1874 1235 73 32 giora,
1959 1237 49 24 and
2156 1240 157 35 successfully,
2326 1249 66 18 com-

1874 1277 85 33 peting
1968 1279 60 25 with
2035 1280 43 25 the
2087 1281 105 32 railway,
2204 1282 100 26 because
2318 1284 75 31 goods

1876 1328 39 17 are
1925 1321 94 26 carried
2027 1324 26 23 at
2074 1329 16 18 a
2116 1322 47 26 less
2188 1326 62 24 rate.
2297 1326 31 25 In
2349 1326 44 26 the

1876 1362 130 27 meantime
2017 1364 41 26 the
2070 1366 89 25 Oxford
2176 1367 96 32 railway
2282 1368 58 26 does
2348 1371 45 24 not

1874 1413 55 24 pay,
1940 1413 45 19 nor
1994 1407 23 25 is
2026 1406 50 27 this
2086 1408 26 25 to
2122 1408 29 26 be
2162 1409 124 26 wondered
2297 1408 33 31 at,
2344 1412 50 25 and

1874 1448 22 24 if
1902 1448 21 26 it
1931 1448 114 33 belonged
2055 1453 25 22 to
2090 1458 16 17 a
2123 1452 92 32 private
2236 1460 117 26 company
2373 1455 22 27 it

1876 1491 78 26 would
1965 1493 69 25 aftect
2045 1493 57 33 only
2112 1495 41 24 the
2164 1494 175 34 shareholders';
2349 1496 45 28 but

1877 1534 179 34 unfortunately
2064 1536 21 25 it
2093 1536 23 25 is
2179 1539 114 30 taxpayer
2302 1538 56 26 who
2371 1540 23 26 is

1876 1577 72 25 made
1958 1579 26 24 to
1994 1585 55 25 pay,
2071 1578 49 26 and
2144 1587 48 26 pay
2212 1580 97 34 doubly,
2330 1581 65 31 first,

1877 1621 102 32 through
1989 1622 42 24 the
2042 1622 98 25 suicidal
2157 1623 69 28 tariff
2240 1621 54 28 that
2314 1625 23 24 is
2353 1625 41 25 de-

1876 1662 143 33 populating
2032 1664 42 25 the
2095 1664 104 36 district;
2215 1665 50 32 qnd
2286 1667 110 33 secondly

1876 1706 106 32 through
1991 1707 43 26 the
2044 1707 81 28 deficit
2135 1709 26 25 m
2171 1716 110 20 revenue/
2304 1710 24 26 It
2337 1719 59 24 may

1876 1749 31 25 be
1917 1749 55 25 that
1979 1750 41 24 the
2027 1750 198 26 Commissioners
2231 1752 62 26 have
2298 1755 44 24 not
2349 1754 50 26 had

1876 1790 42 29 the
1928 1793 90 24 matter
2035 1792 102 32 brought
2158 1794 143 33 sufficiently
2319 1796 79 27 under

1876 1834 62 26 their
1947 1835 85 29 notice,
2044 1843 27 17 or
2080 1836 55 26 that
2161 1836 42 26 the
2229 1832 71 31 Chief
2325 1839 73 25 Com-

1875 1877 125 25 missioner
2009 1877 44 25 has
2062 1879 47 24 not
2116 1880 42 30 yet
2168 1878 89 26 broken
2258 1897 2 2 •
2268 1871 44 34 ilie
2328 1868 69 39 lead-

1875 1919 44 32 ing
1929 1919 89 33 strings
2031 1920 27 26 of
2081 1920 40 25 his
2130 1943 11 6 ...
2146 1918 249 34 politdcal-4nfluence-

1876 1958 129 36 appointed
2028 1963 133 31 colleagues
2168 1971 7 22 ;
2203 1961 45 37 bu^
2273 1959 61 36 jpiowil
2360 1974 36 17 we

1876 2004 146 27 understand
2029 2001 55 29 that
2098 2005 43 25 the
2161 1997 109 34 Mdfend
2288 1996 108 45 itpalway

1876 2048 125 31 Company
2011 2055 41 18 are
2062 2048 72 25 about
2152 2050 27 24 to
2199 2049 66 25 takeo
2276 2057 57 19 ver
2352 2050 44 26 the

1876 2090 85 25 unsold
1971 2090 93 33 portion
2074 2090 28 26 of
2119 2091 43 25 the
2188 2091 72 30 bush;
2288 2093 51 24 and
2362 2100 35 19 no

1876 2133 73 25 doubt
1959 2133 59 32 they
2027 2133 51 26 will
2087 2133 52 25 find
2147 2133 21 26 it
2184 2129 101 30 to'then*
2295 2135 102 27 interest

1876 2178 26 24 to
1909 2177 61 24 have
1985 2176 42 25 the
2043 2176 92 32 subject
2161 2178 112 32 properly
2298 2178 98 26 investi-

1877 2218 86 32 gated;
1975 2219 24 24 m
2008 2218 42 25 the
2077 2227 71 17 mean
2175 2220 60 24 time
2260 2228 36 17 we
2319 2221 78 25 invite

1877 2261 198 32 correspondence
2105 2262 50 26 &*&
2186 2263 115 27 statistics
2333 2264 63 26 from

1876 2304 70 25 those
1966 2304 53 24 who
2039 2311 42 17 are
2101 2297 78 33 belter
2196 2305 118 28 iqfcrmed
2328 2306 68 25 .than

1877 2345 127 26 ourselves.
2239 2349 4 4 •
2255 2349 7 3 -

1909 2410 55 25 The
1971 2410 36 25 air
2017 2410 21 26 is
2046 2410 40 30 big
2093 2411 59 25 with
2160 2410 51 26 talk
2218 2411 30 26 of
2253 2411 140 27 Federation

1876 2453 26 25 m
1912 2460 75 25 many
1996 2453 83 25 forms.
2121 2453 50 26 The
2181 2453 72 27 latest
2262 2452 86 35 phrase
2368 2455 28 26 m

1876 2496 118 25 fashionis
2022 2497 50 24 The
2077 2497 133 26 Dominion
2216 2497 27 26 of

1876 2547 36 21 or,
1922 2538 21 25 if
1947 2539 43 24 the
2002 2539 98 31 speaker
2110 2539 89 26 desires
2209 2540 58 25 New
2289 2540 108 26 Zealand

1876 2581 67 26 to.be
1961 2581 119 29 included,
2211 2580 133 28 Dominion
2371 2583 28 25 of

2098 2624 64 26 How
2188 2624 55 26 well
2257 2624 22 26 it
2289 2625 89 25 sounds
2388 2627 8 24 I

1876 2667 62 25 How
1949 2666 75 25 much
2030 2667 20 25 it
2057 2674 78 18 seems
2143 2668 26 25 to
2175 2674 103 18 mean—
2277 2667 63 25 until
2347 2675 50 24 you

1876 2711 38 31 try
1924 2705 26 30 h
1960 2709 149 27 understand
2123 2711 28 24 it.
2194 2709 94 26 Baffled
2304 2718 27 17 m
2352 2710 45 25 the
2412 2713 4 37 j

1876 2749 70 29 effort
1956 2754 26 23 to
1996 2751 95 26 fathom
2101 2752 43 25 the
2154 2752 50 25 aim
2214 2752 50 25 and
2283 2752 115 33 meaning
2408 2744 8 34 /

1842 2806 11 17 c
1877 2796 24 24 of
1912 2795 40 25 Sir
1963 2794 83 33 Henry
2057 2794 99 30 Parkes,
2167 2795 43 25 the
2217 2794 81 26 father
2307 2795 27 25 of
2352 2795 46 25 the
2406 2784 6 36 J

1876 2838 96 32 phrase,
1983 2845 37 17 we
2030 2839 58 23 turn
2095 2837 163 32 instinctively
2278 2838 27 25 to
2323 2831 83 35 'those/

1877 2879 56 27 wise
1943 2879 84 35 guides
2037 2880 26 26 of
2081 2878 124 34 thought/
2215 2879 71 27 those
2302 2880 97 27 readers

1879 2924 26 25 of
1915 2923 43 27 the
1969 2923 65 33 signs
2044 2923 28 26 of
2080 2923 42 26 the
2131 2923 79 30 times,
2230 2923 43 28 the
2293 2923 105 30 London

1877 2973 162 25 newspapers.
2087 2960 102 35 listen,'
2208 2966 68 29 then,'
2302 2968 28 24 to
2355 2966 45 26 the

1879 3008 112 27 oracular
2338 3010 61 25 have

1877 3051 141 39 reache4jw
2038 3051 106 33 through
2166 3051 40 26 the
2217 3052 123 32 telegraph
2353 3059 43 17 :^-

1881 3087 82 33 ----"Thie'
1982 3093 102 26 'Times'
2112 3102 55 24 says
2193 3094 43 26 the
2258 3093 141 27 Australian

1880 3136 122 26 evolution
2012 3137 27 24 m
2050 3144 14 17 a
2074 3136 89 25 federal
2184 3136 114 25 direction
2319 3137 80 26 shows

1879 3180 42 27 the.
1931 3179 80 28 future
2029 3179 94 31 destiny
2147 3178 26 26 of
2197 3177 131 31 Australia,
2349 3179 50 26 and

1879 3222 118 26 indicates
2006 3221 33 33 by
2052 3222 93 33 history
2166 3222 49 25 and
2234 3221 103 34 analogy
2355 3222 44 26 the

1879 3265 96 26 normal
1983 3266 117 31 tendency
2110 3266 27 25 of
2145 3265 109 26 events.?*

1912 3307 72 30 Well,
1996 3307 34 26 let
2039 3316 30 18 us
2079 3307 31 26 be
2128 3310 100 24 (sontent
2235 3304 95 37 to-nday^
2338 3308 61 27 with

1879 3351 52 26 this
1941 3351 85 31 simple
2037 3351 120 32 specimen
2168 3351 27 26 of
2210 3352 43 28 the
2263 3352 98 25 wisdom
2375 3351 29 26 of

1881 3393 42 26 the
1950 3393 101 26 London
2071 3401 92 24 press;
2195 3394 69 26 when
2284 3402 35 17 we
2338 3394 63 26 have

1882 3436 101 32 grasped
1993 3436 20 25 it
2024 3436 27 25 m
2062 3436 33 26 all
2104 3436 33 26 its
2147 3434 120 35 bearings,
2278 3445 36 17 we
2335 3436 66 26 shall

1880 3485 30 23 go
1921 3485 32 17 on
1964 3478 60 25 with
2034 3480 108 24 renewed
2153 3487 100 24 courage
2261 3481 25 23 to
2297 3479 104 32 'analyse

1879 3520 43 26 the
1929 3520 156 31 profundities
2094 3522 26 25 of
2124 3522 68 26 other
2199 3530 93 24 papers.
2330 3521 73 27 Com-

1879 3563 44 35 ing
1933 3565 26 24 to
1969 3563 57 26 look
2036 3567 26 23 at
2073 3565 42 25 the
2126 3566 77 25 words
2213 3566 28 25 of
2247 3567 41 24 the
2300 3566 101 25 'Times*

1880 3606 60 25 with
1952 3614 15 17 a
1977 3607 93 26 mental
2081 3608 144 32 microscope
2227 3604 7 34 j
2246 3606 32 27 as'
2291 3609 21 25 it
2324 3610 2 23 .
2333 3616 66 22 were,

1841 3640 2 36 !
1879 3656 36 18 we
1925 3648 53 25 find
1989 3649 54 26 that
2054 3651 56 32 they
2121 3659 41 17 are
2170 3651 52 32 just
2243 3659 28 17 as
2292 3651 62 25 clear
2371 3658 30 19 as

1880 3692 68 25 mud.
1975 3692 52 26 .We
2037 3701 40 17 are
2087 3694 120 25 reminded
2217 3695 26 25 m
2250 3694 50 26 fact
2318 3694 25 25 of
2360 3694 43 26 the

1879 3734 136 25 celebrated
2023 3736 89 24 dictum
2123 3737 24 23 of
2163 3736 40 26 Sir
2221 3737 75 34 Boyle
2305 3763 3 2 .
2317 3737 84 26 Roche

1882 3776 74 33 (now,
1968 3777 52 26 alas
2029 3779 6 24 1
2044 3777 124 33 deceased)
2179 3778 56 27 that
2282 3779 78 26 There
2380 3779 23 28 is

519 27 55 8 —
574 27 26 14 -\
610 27 14 21 0

609 51 134 26 OXFOED
777 51 67 25 AND
879 51 83 26 CUST
996 49 189 31 OBSERVER,
1221 51 185 33 SATURDAY,
1441 56 192 28 NOVEMBER
1666 60 39 26 23,
1740 60 69 26 1889.

1392 170 267 35 3STOTICE.

1271 227 82 41 fjpHE
1367 233 136 23 well-known
1510 236 95 25 position
1614 235 23 21 of
1640 236 39 20 the
1688 236 98 26 Proprie-

1277 256 28 22 ■4-
1318 273 2 2 ■
1337 260 37 21 tor
1381 261 20 20 is
1409 267 15 15 a
1431 262 108 21 sufficient
1551 263 120 26 guarantee
1680 263 52 21 that
1743 269 44 20 any

1270 286 111 22 contracts
1388 289 120 20 connected
1519 290 54 19 with
1581 289 47 20 this
1637 290 92 20 Journal
1741 290 47 20 will

1269 310 28 22 be
1307 312 88 28 strictly
1404 315 44 20 and
1456 316 120 26 honorably
1585 316 85 21 carried
1678 318 45 19 out.

1297 348 46 22 The
1358 349 88 23 Printer
1458 352 45 21 and
1515 352 116 21 Publisher
1642 353 78 21 wishes
1732 353 20 21 it
1764 353 23 20 to

1269 374 28 21 be
1315 375 82 28 clearly
1413 376 135 24 understood
1559 379 52 20 that
1623 379 28 21 he
1664 379 20 21 is
1696 381 40 19 not
1748 379 39 21 the

1269 400 85 24 Editor.
1490 420 2 2 .

1296 436 38 24 All
1346 442 200 26 communications,
1561 443 91 25 reports,
1667 443 43 25 &c,
1728 443 60 21 must

1270 464 27 23 be
1306 466 120 23 addressed
1433 469 24 20 to
1546 470 78 20 Editor
1638 470 101 21 'Oxford'
1743 469 45 21 and

1271 492 56 22 Cust
1335 494 123 26 Observer/
1468 495 56 21 East
1655 501 3 6 •
1689 511 4 2 .

1296 529 47 21 The
1352 525 79 26 Editor
1440 532 51 20 does
1503 533 40 20 not
1551 530 54 23 bind
1617 532 89 22 himself
1713 534 25 19 to
1755 538 33 15 re-

1268 555 54 22 turn
1330 556 100 27 rejected
1435 559 142 26 manuscript.
1605 559 39 21 All
1654 560 85 21 letters'
1745 559 45 21 and

1270 582 68 21 other
1357 585 196 21 communications
1562 593 2 11 ;
1571 588 60 19 must
1638 586 28 20 be
1678 586 112 21 authenti-

1270 609 65 21 cated
1346 609 30 28 by
1384 610 40 21 tae
1433 611 113 27 signature
1553 612 28 21 of
1589 612 39 21 the
1636 613 92 24 writers,
1750 613 40 20 not

1271 637 133 26 necessarily
1416 637 35 21 for
1463 638 137 26 publication
1618 640 41 20 but
1671 645 25 14 as
1705 645 14 14 a
1726 639 64 20 mark

1270 661 24 22 of
1302 662 57 27 good
1367 664 64 21 faith.
1561 679 4 4 .

1284 725 6 5 _
1297 697 51 23 The'
1353 697 78 25 Editor
1436 701 52 21 does
1496 701 40 22 not
1541 701 55 21 hold
1603 701 90 21 himself
1699 708 92 21 respon-

1271 725 56 21 sible
1334 727 38 21 for
1383 728 40 20 the
1430 728 106 26 opinions'
1543 729 118 26 expressed
1671 729 32 26 by
1710 736 80 14 corres-

1268 756 17 23 p
1294 753 92 21 •ndents.
1412 755 39 20 AH
1458 755 80 20 shades
1546 755 25 21 of
1576 755 88 26 opinion
1670 756 57 20 shall
1734 756 58 20 have

1271 779 65 28 eaj£al
1352 781 182 26 representation,
1557 781 108 26 provided
1681 782 55 27 they
1753 788 38 15 are

1271 808 118 25 expressed
1394 808 27 22 m
1429 807 122 28 temperate
1560 809 115 26 language.
1699 815 39 11 ■;

727 164 51 37 BTe
799 163 165 38 ANDREW'S
985 163 129 39 CHURCH

802 223 73 21 EAST
896 223 123 21 OXPOED.

684 286 134 26 SUNDAY
835 286 164 29 EVENING,
1011 286 61 25 Nov.
1091 287 71 23 24th.

701 352 105 32 REV.
819 352 47 31 H-

699 411 124 26 Subject:
830 425 32 3 —
992 417 36 18 we
1054 409 48 26 live
1124 408 61 26 after

883 559 88 33 THE

670 608 122 38 OXFORD
829 606 164 54 DRA|ATIC
1007 606 180 62 CqpANY'3

750 675 111 31 annual
876 675 242 31 Entertainment

790 742 62 31 will
865 742 71 29 take
949 742 85 42 place
1048 752 40 19 on

722 809 99 30 NEW
833 809 147 31 YEARS'
1005 808 135 31 NIGHT

750 877 49 30 for
812 877 52 30 the
876 877 111 29 benefit
997 876 31 29 of
1037 876 53 29 the

670 943 167 33 OXFORD
846 942 205 43 WORKING;
1063 940 124 33 MEN'S

773 1009 179 31 Accidental
971 1008 96 31 Fund.

633 1099 2 11 ,
690 1077 86 31 when
797 1076 64 30 will
883 1077 37 29 be
945 1076 152 40 produced
1118 1076 53 29 the
1209 1086 16 23 v

724 1143 105 33 Girand
843 1143 188 31 Sensational
1044 1142 104 32 drama

838 1210 176 34 entitled:-7-

699 1394 147 39 -iPLAIIt
863 1399 98 32 Mm

960 1650 87 35 West
1069 1649 118 32 Oxford

980 1693 13 3 '*
1173 1692 4 12 t

743 1790 53 22 FOB
809 1788 118 22 SUMMER
940 1789 167 22 FLOWBBINa

666 1842 89 32 *~pHE
785 1841 137 27 nndersigned
943 1842 61 21 offers
1022 1842 38 22 the
1080 1841 107 27 following

679 1864 22 29 J.
712 1874 5 4 *
727 1867 150 23 PJantßwhioh
883 1867 41 22 will
930 1868 46 25 give
983 1874 14 15 a
1005 1868 75 22 wealth
1089 1869 24 20 of
1117 1869 68 21 bloom
1197 1872 3 14 :

663 1893 77 26 daring
756 1895 37 21 the
808 1899 91 15 summer
916 1893 118 22 months:—
1034 1892 49 28 Tiz:i
1098 1892 89 33 Dahlias

665 1920 65 25 show,
741 1920 110 27 Pompom,
861 1920 70 25 Single
941 1919 42 23 and
996 1919 76 23 Caotds
1085 1920 102 25 varieties,
1221 1925 2 3 '

666 1947 206 26 Chrysanthemamß,
878 1946 102 26 Japanese
990 1947 42 21 and
1038 1945 87 23 Chinese
1131 1947 54 20 vari-

665 1973 58 25 eties,
737 1973 112 23 Verbenas,
857 1973 105 24 Petnnias,
971 1973 151 24 Pentstemons,
1131 1973 55 20 Mar-

666 1999 94 25 guerites,
769 1998 107 25 Fuchsias,
885 1998 161 26 Pelargoniums,
1055 1998 132 26 Geraniums,

666 2026 77 24 Asters,
752 2025 79 25 Stocks,
840 2024 103 26 Lobelias,
958 2025 67 20 Phlox
1039 2020 146 30 Drummondi,

665 2052 123 26 Ageratums
794 2051 137 21 Calceolarias
937 2051 133 27 Heliotropes
1075 2051 112 26 Marigolds

666 2079 47 24 etc.,
725 2079 37 20 eta
795 2077 124 22 Collections
927 2078 23 20 of
962 2078 80 21 Plants.
1050 2077 29 27 5/-
1093 2077 42 27 10/-
1145 2077 42 27 20/-

666 2104 42 28 --4-
723 2104 56 27 100/-
804 2104 124 21 Purchasers
936 2104 22 20 of
966 2104 118 21 collections
1093 2103 94 27 liberally

666 2131 55 22 dealt
727 2130 57 22 with.
793 2130 122 26 Catalogues
920 2130 47 26 post
973 2130 42 21 free
1023 2136 28 15 on
1060 2130 127 27 application

736 2162 3 10 :
778 2169 24 4 ■'
823 2164 87 23 NAIRN
922 2166 57 21 AND
992 2166 68 23 SONS
1094 2161 4 6 '
1148 2180 4 2 -
1169 2153 4 24 j

795 2198 77 21 Florißt
885 2197 42 22 and
940 2198 144 26 Nurserymen,
1191 2206 3 14 i

853 2228 88 22 Lincoln
954 2228 65 27 Road,
1039 2228 148 23 Ohristohurch

813 2346 227 63 Holiday.

629 2459 4 5 .
666 2440 122 26 TTHE'
816 2441 215 25 undermentioned
1070 2440 118 27 Business

679 2466 23 26 J.
746 2473 84 33 people
840 2474 26 25 of
877 2473 89 25 Oxford
984 2473 62 26 have
1057 2474 86 31 agreed

664 2511 106 26 CLOSE
790 2511 63 25 their
862 2511 80 31 places
952 2511 28 25 of
990 2511 111 26 business
1115 2506 72 43 eveijy

665 2549 222 29 WEDNESDAY,
900 2550 26 24 at
936 2549 78 29 Noon,
1021 2544 167 38 commenoiiig

665 2586 132 26 November
807 2586 42 25 6th
861 2585 40 25 :-^-
958 2584 37 14 •°
1013 2598 5 3 ■
1167 2583 2 12 ;

792 2655 29 30 A.
838 2659 28 26 P.
883 2659 131 30 Pbiohard,

792 2697 31 25 G.
840 2697 28 25 T.
886 2697 85 29 Jones,

792 2735 33 25 J&;
839 2734 102 29 Fishee,

793 2772 80 24 James
889 2772 96 29 Bbown,

626 2809 4 14 :
791 2808 63 27 Mbs;
869 2806 62 31 Lebj
948 2810 23 10 '"

791 2845 34 25 H.
842 2845 25 25 J.
884 2846 107 28 Laming,

790 2881 31 30 %
838 2883 33 25 H.
887 2883 100 30 Pawsh,

792 2920 24 26 J.
833 2920 124 30 Dempsey,

791 2958 34 24 F.
838 2956 30 27 A.
884 2957 149 30 Wa^bbman,

626 2996 2 22 i
790 2995 80 26 e.H;
886 2995 139 29 Thompson,

792 3032 25 25 J.
834 3032 31 25 R.
882 3031 131 30 AIiPRESS,

792 3069 31 25 G.
843 3068 86 29 Smith,

833 3106 23 26 J.
873 3102 121 29 WiIEBER.

664 3196 180 33 AQENTS
860 3196 85 32 FOR
958 3196 91 32 THE
1068 3197 113 32 SALE

731 3240 57 31 OF
807 3231 28 39 f
840 3239 77 31 HIS
934 3240 197 33 PAPER.-

665 3299 52 21 Cust
745 3313 24 7 ...
823 3312 23 8 ...
1052 3297 34 21 Mr
1094 3298 91 27 Bradley

689 3330 80 31 '„'...
823 3348 23 7 ...
900 3349 24 6 ...
978 3348 24 7 ...
1080 3335 35 21 Mr
1119 3336 66 26 Early

663 3370 110 23 Bennett's
979 3383 23 8 ...
1080 3363 106 30 JtisFairr

663 3407 78 22 Oxford
749 3407 52 21 Bast
823 3421 24 7 ...
1034 3406 26 25 F,
1064 3396 121 32 Waterman

666 3443 78 22 Oxford
752 3443 64 21 WesV
826 3457 23 7 ...
1079 3442 26 22 B.
1112 3443 73 23 Fisher

743 3494 12 9 „
1066 3478 36 21 Mr
1109 3480 77 21 Ancall

665 3515 78 22 Oxford
1065 3515 24 21 O.
1098 3516 19 21 J.
1126 3516 59 21 Dorn

665 3553 55 21 View
727 3551 46 21 Hill
1070 3551 33 23 Mr
1111 3553 75 22 Elliott

665 3589 105 25 Bangiora
825 3603 24 7 ...
903 3603 23 6 ...
981 3602 23 7 ...
1066 3588 120 24 MrMorrel

666 3624 108 23 Woodend
826 3639 24 7 ...
904 3639 23 6 ...
982 3638 23 7 ...
1058 3625 128 27 MrDoggett

665 3661 89 27 Eaiapoi
1032 3658 155 27 Mrßbbilliard

666 3697 148 23 Christohuroh
1081 3698 34 22 Mr
1123 3699 64 22 Gates

665 3734 108 23 Nelson...
1070 3734 34 21 Mr
1112 3736 23 20 A.
1145 3736 42 21 Dee

665 3770 107 27 Westport
826 3784 24 8 ...
904 3784 23 7 ...
981 3784 24 7 ...
1038 3770 33 21 Mr

82 169 103 38 Town
199 167 92 45 Hall,
315 166 87 40 East
417 166 120 38 Oxford

142 229 352 55 FLOWER

271 310 87 29 AND

61 361 292 79 PRODUCE
397 359 179 78 SHOW

125 453 171 31 November
306 451 84 36 30th,
412 451 87 29 1889.

144 533 174 31 SPECIAL
339 530 159 31 PRIZES.

66 584 109 34 Messrs
190 582 240 40 Stephens&Son
440 580 64 31 will
514 580 68 38 give

108 625 43 39 5/-
172 625 49 30 for
233 623 82 31 Vase
332 623 32 28 of
374 621 141 35 Flowers,
524 619 60 30 and

107 665 44 40 5/-
165 665 48 30 for
225 664 69 29 four
307 663 60 30 Pot
379 654 122 43 Plants/
576 653 2 17 ]
621 667 2 35 \

68 717 49 35 Mr
131 716 81 31 John
229 713 121 32 Dobson
381 711 44 40 5/-
452 712 49 30 for
518 711 67 30 best

106 757 92 30 Hand
218 755 149 39 Bouquet.

69 807 49 31 Mr
122 807 29 30 J.
162 807 125 39 Ingram
296 799 44 45 5/-
350 804 68 30 best;
428 801 157 33 collection

109 848 33 29 of
146 848 61 29 Cut
214 846 139 30 Flowers.
370 843 59 30 2nd
443 843 82 39 prize
532 839 51 40 2/6
621 862 2 22 f

71 898 54 30 Dr.
139 896 89 31 Weld
237 895 44 40 5/-
285 896 49 28 for
341 895 66 29 best
419 892 164 31 Collection

110 935 57 34 jPot
181 937 139 31 Flowers.
355 933 68 31 2nd.
438 933 81 40 prize
534 929 51 41 2/6

71 990 73 30 Key.
159 989 41 29 H.
224 986 147 30 Williams
390 982 44 41 5/-
458 983 48 30 for
519 978 67 34 best

110 1027 158 33 collection
279 1027 32 29 of
320 1025 94 30 Fruit.
425 1023 69 30 2nd.
503 1022 82 40 prize

109 1069 52 40 2/6
193 1068 29 5 •-
305 1069 1 3 '
341 1068 24 6 '•
379 1063 2 8 :
414 1072 4 2 -
437 1065 3 2 '
461 1062 25 12 ''"
513 1063 12 12 ll
575 1063 3 11 '

69 1119 166 32 MrNalder
246 1116 44 41 s/-
303 1117 49 30 for
355 1116 66 30 best
429 1113 156 31 collection

109 1161 33 29 of
155 1157 188 41 Vegetables.
343 1160 3 10 1
367 1152 60 33 2iid
440 1151 82 45 prize
533 1151 51 42 2/6

69 1211 208 30 MrsPearson
289 1206 70 47 10/6
373 1206 49 30 for
435 1206 69 29 best
522 1203 60 31 col-

107 1250 111 30 lection
231 1248 32 30 of
276 1246 131 32 Pansiesi
463 1253 3 6 '
528 1254 6 4 *

66 1300 49 30 Mr
128 1300 34 30 F.
176 1298 123 39 Hodges
313 1297 63 30 Will
390 1294 68 41 give
475 1291 44 43 5/-
533 1295 50 29 for

104 1340 53 31 tlte
169 1337 69 34 best
247 1338 63 30 side
324 1338 31 29 of
364 1338 104 29 bacon.
491 1339 4 13 :

211 1384 100 36 l)eahs
329 1388 61 30 will
400 1387 69 39 give
516 1384 66 42 pair

95 1443 5 7 r
103 1432 33 30 of
148 1441 87 29 geese
251 1430 48 30 for
315 1429 66 30 best
398 1419 66 41 Sbs
482 1420 101 37 buttei

64 1524 65 30 The
149 1521 172 40 Proprietor
378 1519 116 31 Oxford
499 1507 62 45 Mm
581 1527 32 32 p

104 1564 76 30 Cust
400 1561 33 28 5s
449 1551 120 55 foril^
581 1568 37 30 ?fs

103 1605 66 30 31bs
183 1605 101 29 butter
295 1600 126 41 (fancy).
503 1592 116 40 $£VJP

103 1822 49 33 for
162 1825 66 29 best
242 1824 92 29 dozen
345 1822 83 31 Hens
442 1822 93 38 Eggs.
571 1817 3 16 ;

64 1874 54 31 Mr.
126 1874 82 30 John
223 1874 88 30 Weld
323 1872 42 40 5/-
381 1873 48 29 for
444 1873 65 30 best
518 1872 63 30 loaf

104 1914 187 31 home-made
300 1913 107 31 Bread.

64 1970 49 37 J^r
128 1970 32 31 0.
172 1971 37 29 A.
225 1970 169 38 Thompson
409 1968 45 40 5/-
467 1969 48 29 for
529 1969 52 29 the

103 2012 67 29 best
181 2010 91 31 Ham.
569 2012 3 16 ;

64 2061 50 31 Mr
123 2060 175 33 Waterman
311 2059 46 40 5/-
370 2060 48 30 for
444 2060 52 29 the
516 2060 67 32 best

105 2102 69 30 dish
187 2102 32 30 of
230 2101 87 31 home
331 2100 85 30 made
430 2101 98 30 Tarts.
569 2100 2 11 '

66 2148 96 42 ]£r'Bu
177 2154 34 29 F.
226 2152 129 30 Thomas
378 2150 45 41 h/-
446 2151 49 29 for
515 2151 67 29 best

108 2196 89 38 quart
211 2193 32 29 of
256 2191 198 36 Goosberries,
468 2190 114 41 ands/-

104 2233 16 31 -
120 2243 34 21 for
166 2234 53 30 the
231 2233 68 30 best
309 2232 108 30 Bridal
427 2233 147 38 Bouquet.

66 2283 51 31 Mr
131 2284 33 30 C.
178 2281 85 33 Dbrn
275 2283 43 38 5/-
332 2283 48 30 for
392 2283 53 30 the
457 2283 67 30 best
536 2281 47 30 six

107 2324 95 30 Roses
217 2322 175 41 (varieties).
567 2328 3 8 '

66 2363 50 31 Mr
125 2364 82 30 John
220 2363 112 31 Brown
347 2365 16 28 1
378 2363 66 40 pair
454 2363 33 29 of
496 2371 87 31 geese

106 2405 47 29 for
165 2405 53 29 the
230 2405 66 35 best
308 2413 58 30 pen
379 2404 32 29 of
423 2404 97 30 fowls.
566 2398 3 17 !

105 2475 46 34 To
163 2475 37 33 be
208 2475 137 31 confined
352 2478 33 27 to
393 2474 53 32 the
455 2474 126 38 Oxford,

66 2523 84 39 Custi,
160 2526 56 30 and
226 2527 132 39 Eyreton
371 2525 141 31 districts.

104 2574 140 33 Exhibits
263 2580 32 27 to
308 2577 37 30 be
358 2577 107 38 staged
477 2576 103 30 before

64 2622 89 31 10.30
165 2633 68 19 a.m.
389 2621 130 37 Entries,
536 2619 44 42 1/-

73 2664 5 9 --'"
111 2662 131 21 '>■•■•••'••■■•'•■■•••;
316 2673 19 16 »■
487 2664 5 12 :
504 2668 18 11 ■■'

61 2702 51 32 Mr
121 2703 114 32 Nalder
257 2702 117 32 willbe
386 2706 33 26 at
440 2702 52 30 the
506 2702 73 31 Hall

61 2747 33 26 afc
109 2746 17 28 9
145 2753 19 21 a
183 2753 40 21 m.
249 2747 33 26 to
303 2744 115 29 receive
437 2741 141 38 exhibits,

61 2783 98 31 which
172 2794 57 20 can
242 2784 38 30 be
293 2783 57 31 left
363 2784 48 29 for
423 2784 53 30 the
489 2783 90 39 night

59 2820 33 33 i£
98 2822 112 32 Messrs
216 2824 148 30 'Grriffiths'
370 2827 88 33 store,
472 2822 106 41 kindly

59 2857 122 41 lenifpr
190 2866 53 29 tne
253 2865 147 30 occasion.
561 2881 4 11 .•

59 2960 55 52 8t
132 2967 167 40 ANDREW'S
325 2967 150 40 FESTIVAL
501 2965 75 42 1889

88 3148 6 17 ;
117 3149 206 46 f|otp
355 3154 92 31 SHO
447 3153 54 41 I^
520 3142 4 42 i

266 3282 174 31 PUBMe
472 3269 106 52 tSa,

94 3323 153 44 COSTUME
261 3323 134 39 CRICKET
417 3309 121 62 PlCff.

61 3374 45 21 The
114 3375 117 20 committee
238 3376 82 24 request
328 3376 81 24 players
419 3376 21 19 to
449 3375 54 20 meet
512 3375 22 20 at
543 3374 36 21 the

61 3399 53 22 Hall
125 3399 30 27 by
164 3400 58 21 12.30
229 3406 79 20 pm.—
307 3400 93 26 dressing
408 3407 58 16 room
475 3400 104 27 provided.

62 3464 188 34 OXFORD
278 3468 150 31 BRASS
451 3445 128 58 B^ND

71 3515 13 9 <■
100 3520 8 6 .-
125 3519 4 5 -
162 3514 11 11 :•
205 3506 40 21 will
256 3506 25 21 be
289 3506 22 21 m
322 3508 127 21 attendance.
476 3515 3 3 •
491 3506 21 28 ■•/•

93 3574 39 32 In
144 3575 52 31 the
210 3575 127 40 evening
350 3579 33 26 at
397 3577 17 28 8
426 3576 122 30 o'clock.

129 3614 3 12 '
164 3621 129 29 DiCKENS'
304 3628 50 21 Tale
362 3629 86 21 entitled
455 3636 33 14 :—

191 3711 174 31 Illustrated
378 3712 74 29 with

110 3759 421 37 TABLEAUX.
