2460 3850
623 59 134 24 OXFORD
793 58 67 23 AND
891 57 90 24 .OUST
1016 52 185 28 OBSERVER,
1237 51 184 29 SATURDAY,
1455 50 187 26 NOVEMBER
1676 51 38 26 23,
1752 50 59 23 1889

1272 3712 101 26 Printed
1383 3712 50 24 and
1442 3708 132 27 Published
1583 3707 33 31 by
1626 3707 112 24 Kichard
1748 3705 108 24 Holman
1863 3704 101 27 Parish,
1976 3704 26 23 at
2012 3702 40 24 his
2063 3700 141 32 Eegistered
2216 3698 111 31 Printing
2343 3697 73 25 Office

1338 3749 69 31 High
1420 3749 86 26 Street,
1517 3747 63 24 East
1592 3744 97 29 Oxford,
1702 3742 156 32 Canterbury,
1872 3740 129 33 Saturday;
2034 3738 139 27 November
2190 3739 39 28 28,
2258 3737 72 25 1889.

1324 172 211 53 Chas.
1612 154 188 69 V/rri.
1863 167 496 56 TURJSnUB,.

1338 261 198 33 L^ISTD
1568 258 153 33 AND
1740 256 237 35 GRAIN
1992 253 295 38 BROKER

1491 305 35 28 12
1549 302 96 39 Inglis
1667 301 158 39 Buildings
1849 301 147 39 (opposite
2011 300 191 39 Tattersalls)

1542 350 607 43 OHBISTOHTTBOH.

1399 434 40 24 All
1450 434 88 24 classes
1550 433 26 23 of
1585 433 73 23 Farm
1670 439 27 17 or
1707 432 75 30 Dairy
1792 431 104 31 produce
1906 430 134 31 purchased
2050 438 27 17 or
2091 430 111 31 disposed
2222 430 28 25 of
2267 432 26 23 at

1672 473 106 31 Highest
1794 473 95 25 Market
1910 472 83 26 Bates.
2313 482 2 7 ;

1368 519 80 31 Agent
1463 518 37 25 for
1501 533 32 3 —
1533 517 66 25 John
1614 517 89 31 Bridge
1721 517 17 23 &
1750 516 52 29 Co.»

1683 559 77 24 Grain
1777 558 48 25 and
1841 558 107 25 Produce
1966 558 134 29 Salesmen,

2043 606 2 7 '
2208 601 104 32 Sydney.

1368 636 80 32 Agent
1458 636 37 24 for
1495 650 32 3 —
1527 634 201 32 Younghusband
1739 634 18 24 &
1769 633 52 29 Co.,
1838 633 114 25 Limited.
2110 656 2 4 .

1668 676 70 25 Wool
1754 676 49 24 and
1820 675 76 24 Grain
1911 675 105 24 Brokers

2137 728 5 4 i
2165 707 147 26 Melbourne.

1232 756 2 37 I
1442 762 98 25 Liberal
1550 762 119 25 advances
1679 761 71 24 made
1761 761 95 30 against
1867 760 186 30 Consignments
2069 759 22 24 if
2103 759 118 31 required.
2341 755 78 23 ■'.:-''

1232 796 2 17 i
1312 798 2 2 ■
1401 807 2 4 ,

1488 1110 59 78 J.
1594 1109 71 76 B.
1712 1104 491 98 MANSIIELP,

1233 1370 1 52 j
1352 1363 322 46 Manchester
1699 1362 97 44 aud
1816 1361 279 45 Barbadoes
2113 1361 198 56 Streets,

1450 1455 790 62 CHRISTCHURCHi

1490 1542 2 3 ■
1692 1549 3 3 .
1710 1548 182 6 ——————
2018 1547 2 10 i

1232 1598 2 14 :
1272 1577 336 34 Estimates
1622 1575 29 31 £
1651 1573 244 34 or^iararcl
1909 1582 85 23 on
2006 1571 400 42 application*
2418 1601 2 3 .

1270 1980 429 49 G-ElTt!Rr^.L
1741 1977 662 54 STOREKEEPER

1266 2054 6 6 •
1464 2050 283 59 WEST
1799 2045 433 90 J©XFORI>.

1387 2173 295 37 DEALER
1700 2172 80 38 IN
1799 2170 146 36 AIJL,
1962 2166 231 40 KINDS
2210 2165 91 35 OP

1270 2224 569 65 GROCERIES,
1929 2219 448 60 DRAPERY

1594 2318 541 62 CIiOTHIWG.'
2216 2373 4 5 .

1745 2511 90 33 ETC.
1877 2509 88 32 ETC.
1987 2524 26 21 -,

1526 2569 88 32 Agent
1630 2566 45 26 for
1689 2565 49 26 the
1752 2563 99 27 Oxford
1867 2561 52 26 aud
1936 2560 65 27 Cust
2018 2559 139 26 Obeerver:.

1272 2961 442 68 BUiIiBEM;
1746 2949 667 73 IJNDEKTAiCEK.

1409 3050 658 65 WHEELWRIGHT
2110 3042 163 62 ETC

1482 3148 244 58 EAST
1797 3139 415 73 «XF©»l^
2288 3187 9 23 :
2356 3162 30 62 ;

1272 3233 146 32 Funerals
1439 3231 158 33 furnished
1618 3233 31 26 at
1669 3232 80 27 most
1768 3225 173 32 reasonable
1954 3228 90 26 rates.
2096 3219 148 40 Building
2259 3215 155 34 materials

1352 3284 111 38 always
1484 3292 40 20 on
1543 3280 91 30 hand.
1704 3279 220 37 Ironmongery
1946 3275 32 29 of
1998 3282 91 31 every
2109 3269 183 40 description
2312 3272 32 27 at

1664 3353 2 3 .
1715 3328 148 39 Cheapest
1882 3330 87 25 rates.
2195 3355 2 4 ,
2217 3356 3 4 ,

1333 3386 67 28 B—
1400 3383 138 31 Vehicles
1552 3382 33 28 of
1595 3391 92 25 every
1702 3379 181 37 description
1898 3374 148 41 Repaired
2063 3374 61 29 and
2143 3370 128 33 Painted
2290 3373 33 27 at
2335 3371 81 28 most

1394 3433 172 32 reasonable
1581 3432 133 39 charges.
1778 3429 105 39 Agent
1895 3427 48 30 for
1956 3426 65 30 The
2034 3422 270 37 Fowa^d^inder.

1347 3492 4 9 1
1369 3490 4 4 '
1407 3509 2 3 .
1435 3495 6 13 v
1454 3484 78 32 Hote
1552 3483 52 31 the
1625 3481 124 37 address^
1749 3497 39 4 —
1788 3480 86 29 three
1884 3478 89 32 .doors
1996 3478 93 31 from_
2095 3468 139 47 Parish's.

1477 3555 1 1 .
1500 3537 7 23 :
1653 3540 154 25 '.',"'
1859 3542 1 2 '
2059 3554 3 2 •
2112 3553 38 6 -■■
2219 3543 3 13 ;
2281 3544 18 21 \.
2372 3548 3 1 ■
2412 3551 7 12 ■■■

660 337 179 46 JOHN
901 331 268 49 INGRAM

660 404 57 20 HAS
729 404 56 20 FOR
798 403 69 21 SALE
883 402 36 20 BY
935 400 118 21 PEIVATE
1067 396 115 23 TREATY,

761 441 31 19 On
803 439 92 20 Account
905 439 21 19 of
935 438 47 19 Mrs
990 438 97 20 Agassiz,

660 476 46 19 Her
715 477 94 23 compact
820 474 54 20 little
893 474 98 24 Property
1009 473 21 18 of
1048 471 50 20 nine
1116 469 67 20 Acres.
1210 473 8 11 *

660 502 59 19 with,
728 502 45 19 four
778 500 93 20 -roomed
889 500 77 21 House,
985 498 40 20 and
1043 497 52 26 good
1113 495 71 21 Stable

641 528 5 9 v
660 528 92 20 thereon.
765 528 17 19 A
787 527 55 25 large
848 526 90 20 Orchard
942 525 57 20 fillad
1002 525 50 20 with
1056 523 127 25 well-grown

661 556 52 18 trees
722 554 23 19 m
754 554 39 19 full
802 554 96 23 bearing,,
902 553 66 24 nicely
978 551 96 22 situated,
1084 549 41 20 and
1134 547 50 21 land

661 582 21 17 of
709 580 36 20 the
772 580 77 19 richest
876 579 87 25 quality.
990 578 65 22 Price,
1072 581 48 20 very
1138 575 44 19 low.
1209 578 7 13 ■'

661 606 72 20 Terms
741 606 112 19 moderate.

750 660 31 19 On
792 658 89 21 account
890 658 20 20 of
919 658 36 20 the
964 657 133 24 Mortgagees,

661 697 56 19 That
722 696 98 24 Property
827 695 22 19 at
857 695 81 24 present
945 693 97 25 occupied
1053 693 27 24 by
1086 692 97 19 Eichabd

661 723 74 22 Kkats,
745 721 125 25 comprising
884 720 46 19 four
940 725 55 14 acres
1004 718 49 22 with
1064 717 52 27 good
1126 715 59 22 dwel-

661 748 136 25 ling—house
812 748 16 19 &
846 746 76 20 Stable.
949 746 53 25 Very
1018 744 87 21 suitable
1122 744 32 19 for
1172 748 13 15 a

663 776 72 22 carter,
753 774 91 24 fronting
858 773 37 19 the
904 772 57 20 main
970 772 50 20 road
1029 773 22 18 to
1067 771 35 19 the
1128 768 56 21 mills

661 801 38 19 but
708 806 57 14 more
774 806 23 13 so
806 800 31 19 for
847 805 13 13 a
868 799 126 24 fellmonger,
1009 803 24 14 as
1050 797 57 19 three
1116 800 69 15 never-

661 826 75 24 failing
745 827 87 19 streams
841 831 39 13 run
899 826 47 24 past
964 824 56 20 three
1037 822 55 21 sides
1109 822 22 19 of
1149 820 35 21 the

662 853 102 25 property.
792 851 116 26 Priee^very,
915 852 46 19 low.

661 904 56 21 That
735 907 96 23 property
848 905 75 19 known
942 909 22 14 as
982 902 95 25 Skippers
1095 899 90 22 situated

662 932 94 24 opposite
765 932 89 19 Pearson
864 931 53 20 Park
926 929 50 20 with
992 928 45 20 half
1055 933 27 14 an
1101 932 46 15 acre
1164 926 21 20 of

662 958 50 20 land
722 963 26 14 on
758 958 68 19 which
835 958 57 19 there
900 957 19 19 is
926 962 12 13 a
946 955 56 25 Shop
1009 954 100 25 Dwelling
1116 953 70 20 House

663 984 72 21 Stable
743 984 42 20 and
794 991 12 13 a
815 985 51 23 good
877 983 44 19 well
931 983 16 19 &
956 980 98 21 Orchard.

662 1036 55 21 That
727 1036 100 26 Property
835 1036 74 19 known
919 1041 23 14 as
951 1033 111 20 Fenwiek's
1079 1032 107 26 adjoining
1213 1051 3 2 .

621 1062 3 4 '
663 1063 32 19 Mr
704 1063 74 19 Aliens
787 1061 127 21 Blacksmith
924 1061 64 24 Shop,
998 1059 124 25 comprisiiig
1140 1058 46 20 half

663 1095 26 13 an
700 1095 53 17 acre,
762 1088 51 20 with
830 1088 54 25 good
902 1086 94 25 dwelling
1014 1086 65 20 house
1096 1085 18 20 &
1130 1085 57 24 large

666 1114 55 21 Shed
730 1117 17 18 &
757 1114 76 21 Stable.

663 1166 55 21 That
736 1166 129 21 two-storied
882 1165 98 25 Building
997 1170 28 14 on
1042 1165 37 20 the
1095 1164 92 23 Terrace,

663 1193 107 26 adjoining
779 1194 34 19 Mr
821 1193 119 20 Pritchards
950 1193 60 19 store.

756 1245 32 21 On
798 1246 88 20 account
895 1245 21 20 of
926 1245 33 19 Mr
968 1244 29 20 H.
1007 1244 94 20 Heakne.

662 1281 40 23 His
711 1287 50 19 very
776 1287 85 19 cornpac
889 1281 54 19 little
959 1280 99 26 Property
1075 1280 23 18 m
1116 1279 69 24 Queen

663 1307 71 24 Street,
745 1307 121 25 containing
874 1307 63 20 about
945 1306 27 27 4|
980 1306 61 20 Acres
1051 1305 21 20 of
1078 1305 45 20 rich
1129 1304 58 24 land,

663 1334 122 20 subdivided
794 1333 47 21 into
850 1333 77 20 several
937 1333 62 20 small
1007 1332 111 25 paddocks,
1136 1331 49 19 with

662 1360 53 24 good
732 1360 72 19 House
821 1360 92 22 thereon,
931 1359 59 20 brick
1006 1358 56 21 well-
1082 1358 51 19 Cost
1150 1356 36 21 the

663 1392 68 13 owner
740 1386 61 21 £250.
887 1386 25 20 be
921 1386 44 19 sold
975 1387 22 18 at
1006 1391 12 14 a
1029 1390 47 19 very
1086 1383 99 21 consider-

661 1413 46 20 able
715 1412 107 21 reduction
832 1419 26 14 on
868 1412 43 20 this
920 1414 61 24 price.

747 1466 33 19 On
790 1466 88 19 account
888 1465 20 19 of
918 1464 33 19 Mr
959 1464 135 20 Wooldrige.

663 1501 38 20 His
710 1501 46 20 nice
764 1501 59 20 little-
828 1501 105 25 Property,
943 1499 90 21 situated
1042 1501 22 18 at
1072 1499 35 21 the
1114 1504 71 15 corner

662 1528 21 19 of
692 1527 83 20 Church
782 1527 67 20 Street
856 1528 18 18 &
880 1527 45 24 Bay
932 1527 57 19 road,
996 1525 125 25 comprising
1128 1525 57 20 three

661 1555 61 19 Acres
733 1554 21 18 of
762 1553 45 19 rich
816 1553 58 24 land,
885 1553 57 19 filled
950 1552 50 20 with
1009 1553 52 18 fruit
1075 1551 42 20 and
1126 1551 59 19 other

661 1582 58 18 trees.
748 1579 47 20 The
804 1579 108 24 Buildings
921 1578 101 25 comprise
1030 1578 82 23 House,.
1119 1576 63 25 Shop,

661 1607 41 19 and
717 1607 62 25 large
790 1605 56 21 Shed
860 1605 52 20 with
922 1605 47 19 iron
985 1604 45 20 roof
1070 1603 61 21 Price
1136 1609 49 20 very

660 1633 45 20 low.
954 1649 5 3 ,

717 1700 4 6 v
752 1686 33 19 On
795 1686 88 20 aeeoant
891 1685 22 19 of
923 1685 32 19 Mr
964 1684 132 19 Bbbttahgh.

660 1722 113 24 Fifty-four
781 1722 63 19 Acres
854 1721 21 20 of
883 1720 53 26 good
945 1720 57 24 land,
1013 1718 118 21 subdivided
1138 1718 47 20 into

660 1749 40 19 two
706 1748 103 26 paddocks
816 1748 28 20 all
851 1747 71 21 fenced
929 1746 42 21 and
976 1746 42 20 laid
1024 1746 58 20 down
1090 1744 22 20 m
1118 1750 65 19 grass,

660 1775 88 20 situated
759 1774 92 26 opposite
867 1774 35 20 the
917 1772 148 26 Immigration
1074 1772 113 19 Barracks^

658 1801 58 20 Price
724 1807 48 19 very
778 1801 45 20 low.
834 1801 69 19 Terms
913 1805 55 19 easy.
967 1804 2 5 1
1018 1818 3 2 .

659 1853 88 25 Seventy
755 1854 62 19 Acres
824 1852 135 25 unimproved
968 1850 48 21 l&nd
1025 1857 26 14 on
1060 1850 62 21 Ellis'
1128 1851 55 24 Flat,

616 1881 2 29 J
658 1878 108 26 adjoining
775 1880 32 19 Mr
816 1879 71 20 James
895 1878 99 20 Wilson's
1003 1877 69 20 Farm.

658 1930 77 26 Eighty
743 1932 61 20 Acres
814 1930 106 27 adjoining
927 1930 35 19 Mr
969 1929 143 20 O-'Halloran's
1121 1928 64 21 farm:.

778 1985 31 20 On
819 1985 86 20 account
915 1984 22 19 of
947 1983 34 20 Mr
988 1982 68 21 Rowb.

617 2022 1 23 ;
658 2017 39 20 116
715 2017 61 19 Acres
795 2017 21 19 of
833 2015 56 23 land,
907 2014 116 26 adjoining
1035 2014 39 20 Mr.
1088 2014 94 20 Dueler's

657 2043 60 24 land,
729 2044 22 18 at
759 2042 56 20 View
825 2042 52 22 Hill,
883 2040 225 24 frontingFourChain
1116 2040 64 20 Road.

657 2069 71 21 Water
736 2075 46 14 race
791 2068 91 24 running
890 2067 107 25 alongside
1002 2067 22 20 of
1032 2067 36 20 the
1077 2066 105 26 Property.

738 2122 32 20 On
779 2121 88 20 account
876 2120 22 20 of
907 2120 33 20 Mr
949 2120 33 20 H..
989 2120 108 24 Dudding..

616 2162 2 5 •
658 2154 52 20 2529
720 2153 62 20 Acres
795 2153 21 19 of
825 2151 52 26 good
883 2151 89 25 grazing'
976 2152 4 18 1
983 2151 41 20 and
1027 2163 3 11 ■,
1038 2157 50 13 near
1095 2151 86 20 Master-

616 2176 2 31 |!
658 2182 44 22 ton,
716 2179 74 26 (North
799 2178 90 25 Island),,
904 2177 50 20 with
962 2177 54 21 2000
1025 2177 66 25 sheep.
1121 2176 59 20 Good

658 2206 111 25 Buildings
788 2205 41 20 and
848 2204 61 25 sheep
926 2203 61 26 yards
1005 2203 91 21 thereon.
1120 2202 62 20 Land

658 2233 70 26 partly
736 2231 113 26 improved.

748 2285 33 20 On
792 2285 88 19 account
889 2285 21 19 of
919 2285 33 19 Mr
961 2284 12 20 J
983 2284 22 19 M
1013 2282 69 21 Booth

657 2315 139 26 Ninty-sever*
803 2316 62 20 Acres
873 2315 58 21 Bush
939 2315 56 24 land,
1006 2315 59 20 West
1075 2313 82 21 Oxfordi

656 2348 51 19 Also
716 2353 13 14 a
738 2347 88 20 number
834 2347 24 20 of-
864 2346 58 20 other
931 2346 122 25 Properties,
1070 2344 51 21 with
1138 2344 42 20 and

658 2374 87 19 without
754 2373 113 24 buildings,,
873 2372 42 21 and
924 2378 12 14 a
946 2372 87 20 number
1048 2372 23 19 of
1087 2370 96 26 building,

658 2399 89 20 sections
753 2400 22 19 m
784 2399 147 25 variousparts
940 2399 22 19 of
966 2398 40 24 .the
1013 2398 108 25 township.

809 2452 36 19 TO
860 2452 99 20 LETOR
972 2452 70 20 SELL

746 2483 32 21 On
787 2484 88 19 account
884 2483 22 19 of
915 2483 32 19 Mr
955 2482 30 21 D',
993 2482 104 21 SladdeiC

658 2516 40 20 His
718 2515 43 20 late
770 2514 119 23 Residence,
905 2514 68 25 nicely
987 2513 97 24 situated,
1093 2519 23 14 so
1126 2519 23 14 as
1158 2513 22 20 to

659 2541 110 21 command
778 2547 13 14 a
800 2540 49 20 view
860 2541 21 19 of
890 2540 36 20 the
935 2539 137 25 surrounding
1088 2541 92 23 country,

659 2567 124 26 comprising
794 2568 33 18 ten
837 2572 64 18 acres,
909 2566 50 20 with
969 2569 33 17 ten
1009 2566 85 20 roomed
1100 2566 79 24 House,

658 2595 51 19 with
718 2595 63 18 water
790 2593 43 20 laid
842 2599 35 17 on,
884 2592 52 25 good
943 2592 51 20 bath
1001 2598 65 16 room,
1074 2591 41 21 atid
1122 2598 59 19 every

659 2620 142 21 convenience.
835 2619 44 19 The
892 2618 50 20 land
950 2618 19 20 is
982 2618 81 20 divided
1071 2619 46 19 into
1123 2618 58 20 three

660 2646 109 26 paddocks,
779 2652 13 14 a
801 2645 94 26 splendid
904 2645 76 25 garden
988 2644 42 20 and
1037 2644 89 20 orchard*
1135 2644 46 20 well

658 2673 58 21 filled
724 2673 51 20 with
783 2671 52 21 fruit
844 2671 42 20 and
895 2670 130 21 ornamental
1032 2671 59 20 trees.

766 2725 2 4 '
781 2734 3 2 ■
816 2729 52 8 •■..••
877 2724 81 20 Also—.
1046 2739 2 3 .
1122 2741 3 4 .

658 2762 64 25 Forty
740 2762 61 20 Acres
815 2761 22 20 of
853 2760 69 26 partly
937 2759 80 21 worked
1033 2760 36 21 out
1088 2759 59 20 bush.
1162 2759 20 20 A

658 2795 48 19 very
716 2789 55 23 early
789 2787 104 22 selection,
903 2786 41 21 and
954 2787 38 20 300
1001 2788 62 18 Acres
1072 2786 21 20 of
1102 2786 80 20 worked

641 2814 5 9 ■'
659 2817 37 19 out
705 2814 53 21 bush
766 2814 63 25 lately
838 2812 97 26 occupied
943 2813 27 25 by
978 2813 33 20 Mr
1018 2812 131 25 Youngman.

868 2865 35 20 TO
912 2866 54 20 LET

660 2921 87 24 Cottage
759 2920 94 26 opposite
865 2919 34 19 Mr
910 2918 119 26 Weylandf
1029 2924 17 14 s.
1082 2917 61 26 Rent,
1157 2918 25 21 4s

659 2953 36 20 per
702 2946 60 21 week.

620 2989 3 2 •
660 2978 117 20 Furnished
783 2977 87 24 Cottage
879 2975 106 25 adjoining
995 2975 36 20 the
1040 2974 47 21 Sale
1095 2974 74 20 Yards.

754 3035 32 21 On
795 3035 88 20 account
892 3034 22 20 of
922 3034 37 20 Mb
968 3033 87 20 Fbohm.-
1103 3045 9 9 %

663 3073 56 20 Four
729 3073 61 19 Acres
800 3072 21 19 of
829 3070 60 21 Land
898 3068 286 31 with'House|andputbuid-

663 3100 47 24 ings
720 3099 91 22 thereon,
832 3103 47 19 very
897 3097 45 20 rich
959 3096 51 21 land
1025 3095 92 25 fronting
1126 3094 57 21 main

662 3125 51 22 road
722 3125 53 21 East
788 3124 84 21 Oxford.
1082 3129 4 3 '

768 3158 35 20 On'
810 3157 88 20 account
907 3155 21 20 of
937 3160 57 15 same
1004 3160 68 16 owner

662 3186 26 19 20
698 3185 63 19 Acres
769 3184 22 20 of
800 3183 126 19 worked-out
942 3181 55 20 bush
1011 3180 51 20 land
1077 3179 107 26 adjoining

663 3212 34 20 Mr
705 3210 71 20 Friars
785 3210 58 20 West
853 3208 83 20 Oxford.

742 3263 33 21 On
785 3263 87 20 account
881 3262 22 20 of
911 3261 34 20 Mr
953 3261 58 19 John
1019 3259 87 20 Fishes.

663 3301 43 21 His
715 3299 94 21 valuable
819 3299 64 20 Stone
892 3298 80 24 Quarry
982 3298 22 18 at
1011 3296 56 20 View
1076 3295 46 20 Hill
1137 3301 47 14 con-

622 3338 11 7 -.
664 3328 82 22 taining
755 3325 36 20 the
800 3325 45 19 best
855 3324 93 23 building
957 3324 59 19 stone
1025 3322 23 19 m
1057 3321 128 25 Canterbury

626 3359 4 17 ;
651 3350 5 9 '
663 3353 51 21 with
723 3353 26 19 20
757 3352 63 19 Acres
830 3352 21 18 of
859 3350 60 20 Land
929 3355 27 14 on
974 3348 67 21 which
1060 3348 57 20 there
1135 3347 18 20 is
1171 3353 13 14 a

663 3386 58 14 seam
729 3379 22 20 of
760 3378 125 20 Limestone.

663 3458 188 34 JOHN
882 3454 301 49 INC^R-^-lM

805 3525 249 32 AUCTIONEER,,
1098 3550 5 7 r

741 3586 92 32 OX
865 3587 25 29 ¥
926 3586 26 32 O
987 3584 90 42 R/vD
1098 3606 6 7 •
1123 3606 38 19 .-,,

145 288 156 21 GENERAL
317 283 167 24 CARRIERS

263 332 99 21 between

56 369 285 30 CHRISTCHURCH
358 368 22 25 &
398 366 22 26 O
444 363 122 28 XFORD
589 368 5 3 '

53 511 102 27 Parcels
173 510 51 26 and
242 509 86 26 Goods
346 507 82 35 safely
440 504 132 28 delivered

146 556 38 21 AT
198 554 83 24 VERY.
294 553 66 22 LOW
374 552 100 21 RATES.

147 659 77 43 W.
262 655 213 52 MDNKT,
540 692 2 3 .

75 737 164 32 WEST
287 733 241 32 OXFORD.

56 839 64 30 The
133 838 127 39 Largest
269 836 148 39 Cheapest
428 834 60 30 and
501 834 73 28 Best

66 890 4 7 '
260 892 69 15 STOCK
342 891 29 15 OF

134 925 134 22 ENGLISH
281 912 60 32 AND'
357 921 149 22 COLONIAL

122 1040 45 31 IN
189 1039 85 30 THE
296 1035 202 32 DISTRICT.

172 1160 319 81 SADDLERY.

51 1338 80 52 H.
157 1335 59 55 J.
233 1329 340 57 LAMING

143 1432 336 39 SADDLER

278 1500 62 21 AND

52 1558 279 43 HARNESS
364 1556 207 38 MAKER

171 1654 3 6 ,
193 1634 69 25 Neak
279 1632 145 27 Sam;yabi>s,
451 1648 3 4 .
520 1652 2 3 .

152 1720 64 30 2fc»
239 1720 28 28 J»
307 1732 43 15 w
376 1720 52 31 <&y
456 1720 44 25 AJ
517 1733 15 11 •

49 1844 88 25 Orders
148 1843 48 24 and
207 1841 100 30 Repairs
320 1838 122 32 promptly
453 1838 116 24 executed

204 1887 26 22 at
240 1884 84 24 lowest
334 1885 74 21 rates.

160 1988 119 26 COALS!
313 1985 107 25 GOALS
428 1986 26 23 1!

47 2055 141 28 Newcastle,
222 2053 130 30 Westport;
392 2049 176 32 Coalpitlieatli,

215 2085 117 27 Malvern,
350 2083 49 25 and

79 2120 172 26 Blacksmith's'
270 2118 111 23 Brunner
397 2116 63 23 Nuts
469 2114 65 26 Coal.

46 2186 151 23 FIREWOOD
210 2185 23 20 m
246 2183 90 24 Lengths
350 2182 22 20 to
385 2181 47 20 Suit
451 2179 116 21 CLIENTS
576 2198 3 2 .

114 2245 86 26 gj|p°AT
213 2243 85 20 Lowest
311 2242 101 19 Current
425 2240 76 19 Rates.

47 2306 21 23 A
74 2305 156 29 Conveyance
237 2302 75 23 meets
320 2307 68 23 every
395 2298 72 24 train.
486 2297 80 24 Goods

58 2336 119 31 conveyed
187 2337 26 22 to
224 2341 69 22 every
300 2334 53 29 part
364 2332 26 24 of
399 2331 42 24 the
452 2330 102 25 district.

103 2367 98 26 Booked
211 2365 90 32 parcels
312 2363 119 25 delivered
442 2363 61 23 Free

160 2399 84 25 within
260 2397 41 24 the
318 2395 121 31 Borough.

48 2432 155 28 Commercial
230 2429 141 26 Travellers'
399 2428 170 31 requirements
580 2441 3 3 ■

73 2467 50 25 will
133 2465 92 25 receive
233 2463 33 25 all
277 2470 122 22 necessary
411 2460 127 25 attention.

46 2511 19 33 I
113 2508 77 31 W
221 2508 58 30 A-
298 2503 204 34 BURT.

145 2548 165 28 GENERAL
328 2546 159 28 CARRIER,

47 2595 91 26 COAL
153 2595 18 23 &
183 2590 178 27 FIREWOOD
373 2588 194 29 MERCHANT,

240 2635 131 24 Rangiora.

47 2714 87 25 Orders
143 2720 56 23 may
211 2711 30 25 be
249 2710 42 25 left
300 2711 24 22 at
336 2708 38 24 Mr
382 2708 58 24 C.I.
450 2706 119 31 Jennings

148 2742 142 29 'Stationer,
313 2741 127 31 Rangiora.

46 2854 56 79 P.
127 2829 54 109 i
209 2844 358 97 JOIAHVSEN,

280 3037 59 21 and
390 3034 19 32 ;;
417 3045 1 7 :
470 3031 2 2 '
502 3030 2 1 '
545 3038 10 23 ;-
575 3037 33 22 ...,-.

72 3087 492 46 PERAMBULATOR

49 3162 521 47 MANUFACTURER,

91 3238 171 33 QTJEEN
300 3230 227 38 .STREET,

47 3298 187 35 EAST
274 3298 334 50 OXFORD;;

94 3431 444 55 PHGfOfiltPIlY

47 3538 35 33 J
124 3533 448 37 SPiLLER^

45 3615 115 26 removed
171 3614 61 26 from
248 3613 114 26 Colombo
379 3612 37 25 St.
436 3614 25 23 to
482 3613 89 25 Oxford

55 3660 102 24 Terrace
169 3658 64 24 close
244 3660 25 21 to
282 3656 86 25 Cashel
381 3655 79 25 Street
472 3656 88 31 Bridge

169 3697 273 28 CHRISTCHURCH.
607 3712 2 5 ,

75 3778 117 26 Cabinebs
210 3779 32 23 10
253 3776 114 28 shillings
378 3783 43 21 per
432 3775 85 24 dozen.
607 3771 2 28 i
