2520 4020
1897 130 52 22 Soo-
1956 130 71 24 chow.
2064 130 29 24 In
2100 132 115 32 notifying
2227 133 60 25 what
2298 133 42 25 had
2349 135 58 23 been
2414 135 64 30 done,

1897 163 36 22 Sir
1948 163 32 23 H.
1996 163 119 32 Pottinger
2127 166 104 23 remarks
2240 171 42 19 :-:—

1953 196 119 31 Although
2088 197 65 24 these
2163 201 129 28 operations
2302 208 37 15 are
2351 201 31 22 of-
2391 209 28 15 no
2429 209 50 16 mo-

1895 232 69 25 ment,
1979 230 130 23 considered
2128 231 25 22 in
2163 239 15 14 a
2196 232 101 32 military
2307 234 65 30 point
2382 234 26 23 of
2416 235 62 29 view,

1895 265 38 26 yet
1945 261 58 24 their
2015 263 71 23 moral
2104 264 45 22 and
2165 265 102 30 political
2285 266 64 24 effect
2368 267 21 23 is
2402 267 78 31 highly

1896 295 129 30 important,
2034 295 51 30 and,
2093 304 30 15 on
2136 297 50 23 that
2196 304 103 24 account,
2309 299 40 24 her
2358 300 120 32 Majesty's

1896 326 195 33 Plenipotentiary
2112 329 77 23 deems
2207 332 19 22 it
2246 332 120 31 expedient
2377 338 23 18 to
2412 334 66 23 make

1897 359 36 23 the
1945 360 72 24 result
2028 361 25 23 of

1954 393 165 28 Considerable,
2135 396 174 30 improvements
2329 406 59 16 were
2410 399 69 32 being

1896 425 63 23 made
1972 427 24 21 in
2007 427 39 23 the
2057 427 75 23 islaud
2144 429 25 22 of
2187 429 71 31 Hong
2276 431 75 30 Kong,
2370 431 108 32 although

1896 458 62 23 there
1982 460 109 30 appeared
2115 464 23 19 to
2165 461 29 23 be
2221 464 152 22 considerable
2398 464 80 24 doubts

1895 491 100 23 whether
2005 493 18 23 it
2036 493 73 23 would
2121 493 28 24 be
2166 497 154 30 permanently
2332 497 102 24 retained

1895 532 14 15 a
1917 524 86 23 British

1927 575 38 31 By
1977 575 38 24 the
2026 575 110 30 Eleanor,
2150 577 58 24 from
2222 579 96 31 Sydney,
2324 588 41 16 -we
2377 582 101 24 received

1894 616 13 15 a
1918 607 92 24 Herald
2020 609 26 24 of
2060 609 37 24 the
2111 610 40 23 Bth
2164 610 68 25 June.

1926 641 52 23 The
1990 643 85 23 vessels
2088 643 129 24 advertised
2229 649 22 18 to
2267 645 60 23 leave
2340 646 97 32 Sydney,
2445 648 35 24 for

1894 674 43 23 this
1950 679 58 26 port,
2022 684 37 15 are
2072 676 38 23 the
2128 676 67 31 Lady
2207 676 82 33 Leigh,
2302 679 36 23 the
2349 679 127 32 Exporter,

1895 707 42 22 and
1950 708 38 22 the
2000 708 93 30 Tyrian.

1927 740 51 23 The
1992 739 98 31 Herald,
2104 743 18 22 it
2142 744 19 22 is
2181 744 138 29 announced,
2333 745 46 23 will
2396 746 28 23 be
2436 754 40 16 en-

1893 772 78 31 larged
1983 773 56 24 after
2058 775 37 23 the
2117 777 36 22 Ist
2171 776 61 31 July,
2247 782 22 19 to
2283 778 35 23 the
2337 779 47 23 size
2401 779 25 23 of
2441 780 39 23 the

1894 805 97 24 London
2008 805 112 33 Morning
2125 815 7 7 *
2140 808 119 25 Chronicle
2267 820 9 18 ;
2300 811 44 23 and
2363 812 37 23 the
2417 813 63 30 price

1896 838 41 22 will
1950 838 28 24 be
1991 840 120 23 continued
2122 847 24 17 at
2157 842 38 23 the
2206 849 92 25 present
2306 844 45 23 low
2362 845 81 31 charge
2445 859 34 4 —

1893 871 37 24 £3
1944 878 40 24 per
2001 880 92 21 annum,
2105 874 54 23 with
2179 883 14 14 a
2213 876 117 24 deduction
2350 878 25 22 of
2390 883 36 19 ten
2435 887 45 23 per

1893 909 68 24 cent.,
1981 905 20 23 if
2024 906 52 31 paid
2093 907 25 23 in
2137 907 106 25 advance.
2293 910 40 23 We
2353 916 89 26 suspect
2459 913 22 22 it

1893 937 45 23 will
1956 939 30 22 be
2003 939 39 22 the
2063 939 108 31 cheapest
2189 941 61 31 daily
2267 950 75 24 paper,
2365 946 46 21 size
2433 945 45 23 and

1893 975 81 19 matter
1986 972 138 29 considered,
2138 974 23 22 in
2174 974 39 24 the
2226 975 74 24 world.

1926 1003 51 24 The
1990 1003 89 25 Herald
2091 1008 102 21 contains
2206 1015 14 15 a
2234 1008 66 24 letter
2310 1009 60 23 from
2382 1010 96 31 Captain

1894 1036 106 30 Christie,
2020 1038 30 27 ,of
2071 1039 38 23 the
2138 1039 79 24 Water
2242 1041 82 30 Witch,
2346 1050 13 16 a
2382 1043 96 24 London

1893 1070 90 29 whaler,
1996 1073 146 31 announcing
2151 1074 49 23 that
2208 1074 66 24 while
2283 1075 25 23 he
2318 1083 44 16 was
2375 1085 27 14 on
2411 1076 67 25 shore

1893 1108 23 18 at
1935 1103 63 24 Lord
2019 1105 94 23 Howe's
2133 1107 84 28 Island,
2231 1108 94 31 seeking
2342 1111 134 28 provisions,

1893 1136 37 23 the
1942 1142 60 18 mate
2014 1138 44 22 and
2078 1139 38 22 the
2135 1147 58 15 crew
2214 1142 128 23 committed
2363 1151 14 14 a
2387 1142 91 32 glariug

1893 1174 35 18 act
1951 1170 26 23 of
1999 1172 84 29 piracy,
2110 1172 28 29 by
2160 1174 102 31 running
2284 1182 60 22 away
2367 1176 52 22 with
2441 1176 39 23 his-

1893 1203 80 28 vessel,
1994 1203 72 23 which
2087 1204 41 23 has
2152 1210 40 18 not
2215 1212 38 24 yet
2274 1207 56 23 been
2353 1207 69 24 heard
2445 1209 29 23 of.

1894 1235 95 31 Captain
2012 1236 99 24 Christie
2129 1238 46 23 had
2196 1239 89 23 arrived
2300 1245 23 17 at
2343 1240 91 31 Sydney
2452 1243 26 21 in.

1893 1268 36 22 the
1952 1268 67 31 Lady
2041 1269 106 30 Rowena,
2173 1272 25 23 of
2220 1271 152 26 Laiinceston.
2415 1274 61 24 Sub-

1891 1301 76 31 joined
1980 1302 19 22 is
2012 1310 14 15 a
2044 1302 136 32 description
2202 1305 24 23 of
2242 1306 37 23 the
2290 1306 80 29 vessel,
2384 1308 43 22 and
2438 1308 38 23 the

1892 1342 80 16 reason
1984 1335 33 23 for
2029 1336 132 32 publishing
2173 1337 38 24 the
2223 1346 73 17 same:
2299 1352 33 4 —

1952 1368 50 23 The
2019 1368 78 23 Water
2121 1369 82 31 Witch,
2217 1372 20 22 is
2250 1374 47 22 253
2309 1378 51 18 tons
2372 1374 105 30 register,

1892 1408 43 16 was
1948 1402 107 31 formerly
2066 1402 38 24 the
2116 1402 93 31 Falcon,
2218 1412 47 23 gun
2278 1406 54 30 brig,
2347 1407 44 22 and
2402 1408 72 23 raised

1892 1441 57 23 upon
1970 1435 57 23 after
2049 1435 68 31 being
2135 1437 50 23 sold
2199 1443 46 18 <out
2256 1439 25 22 of
2295 1438 39 24 her
2353 1440 121 31 Majesty's

1891 1468 86 22 service
1989 1468 23 22 in
2027 1470 71 23 1837.

1925 1500 52 23 Her
1988 1502 94 30 register
2093 1502 20 23 is
2124 1502 66 25 dated
2203 1504 23 23 in
2236 1512 25 15 or
2273 1505 66 23 about
2345 1505 38 24 the
2396 1506 77 24 month

1892 1534 24 22 of
1931 1533 135 30 December,
2081 1537 73 22 1839.
2313 1536 6 14 ;
2323 1537 61 30 Vv,

1924 1566 48 23 She
1989 1567 19 22 is
2028 1567 84 31 barque
2131 1570 86 30 rigged,
2237 1570 65 24 black
2320 1571 61 30 hull,,
2390 1573 52 23 with
2460 1581 18 15 a.

1891 1607 88 16 narrow
1998 1600 66 23 white
2086 1602 89 29 ribbon,
2196 1611 13 15 a
2226 1603 79 25 female
2417 1606 57 23 head

1891 1633 90 30 painted
1999 1634 74 28 white,
2086 1635 67 23 small
2172 1642 91 24 quarter
2281 1638 99 31 badges,'
2389 1640 52 22 with
2460 1648 18 14 a.

1891 1666 91 30 dolphin
2004 1667 80 23 carved
2102 1669 43 22 and
2165 1671 92 28 painted
2281 1671 64 23 white
2368 1680 27 15 on
2419 1673 55 22 each

1891 1704 90 26 quarter
1992 1700 72 30 badge
2075 1709 6 20 ;
2102 1709 13 15 a
2128 1709 58 21 rose,
2199 1703 126 29 shamrock,
2339 1706 43 22 and
2397 1706 77 23 thistle

1891 1733 79 23 carved
1986 1734 43 22 and
2048 1735 92 28 painted
2159 1736 67 23 white
2246 1745 29 15 on
2293 1737 36 23 the
2350 1738 82 24 middle
2450 1739 28 23 of

1891 1766 35 22 the
1939 1772 69 22 stem,
2022 1767 53 23 with
2088 1769 80 22 carved
2187 1770 80 23 scrolls
2285 1779 26 15 ou
2325 1772 54 22 each
2392 1772 46 23 side
2451 1772 29 23 of

1891 1799 35 22 the
1940 1805 69 23 stern,
2024 1800 45 23 also
2088 1802 93 29 painted
2198 1803 66 24 white
2275 1813 6 19 ;
2299 1804 63 23 there
2382 1813 36 15 are
2431 1810 46 19 two-

1891 1831 63 24 cabin
1979 1833 113 29 windows,
2117 1835 53 22 with
2196 1836 78 23 sashes
2295 1837 45 23 and
2363 1839 114 30 swinging-

1891 1865 126 31 deadlights
2026 1875 6 20 ;
2059 1867 40 23 she
2119 1869 84 23 carries
2222 1869 63 24 three
2300 1870 66 23 boats
2386 1880 26 14 on
2434 1872 41 23 her

1891 1898 101 24 larboard
2004 1900 56 28 side,
2073 1900 45 23 and
2130 1909 42 15 one
2182 1910 29 15 on
2224 1903 40 23 her
2280 1904 113 23 starboard
2407 1913 68 23 quar-

1891 1937 32 18 ter
1932 1940 6 20 ;
1953 1932 37 23 the
2001 1932 71 24 davits
2085 1942 38 14 are
2133 1935 53 23 each
2199 1937 117 30 composed
2326 1937 26 23 of
2362 1946 41 15 one
2412 1940 62 29 piece

1891 1965 22 23 of
1928 1965 71 28 wood,
2013 1966 101 24 fastened
2128 1973 21 17 to
2163 1968 38 23 the
2213 1970 48 22 side
2274 1970 25 30 by
2312 1971 49 22 iron
2381 1971 92 31 clamps,

1891 1997 41 22 and
1944 1999 94 21 secured
2050 2003 22 18 to
2085 2000 38 21 the
2135 2000 46 22 rail'
2186 2002 29 27 by
2229 2002 61 23 three
2300 2003 51 22 iron

1922 2029 48 23 She
1981 2030 18 22 is
2010 2030 58 23 flush
2076 2031 49 23 fore
2133 2031 44 23 and
2184 2032 40 28 aft,
2236 2033 52 23 with
2295 2041 14 15 a
2317 2034 65 23 small
2391 2034 82 23 round-

1891 2062 68 23 house
1972 2063 60 23 abaft
2044 2063 37 24 the
2094 2064 78 28 wheel,
2186 2066 45 22 and
2252 2066 40 23 had
2313 2067 107 23 mounted
2431 2073 43 17 two

1891 2096 63 22 small
1968 2097 74 22 swivel
2053 2104 60 23 guns
2126 2106 28 14 on
2166 2097 38 25 the
2217 2099 87 23 taffrail.

1923 2129 76 24 Thp.re
2012 2130 18 23 is
2043 2138 13 15 a
2066 2130 64 30 large
2148 2139 82 23 square
2246 2132 115 31 sky-light
2372 2142 52 15 over
2435 2134 40 23 the

1891 2162 71 29 cabin,
1976 2163 153 31 immediately
2140 2165 63 23 abaft
2215 2165 37 25 the
2265 2167 151 28 mizen-mast,
2429 2168 46 23 and

1891 2195 36 23 the
1949 2197 133 31 companion
2100 2205 70 23 opens
2188 2198 101 30 forward,
2309 2200 54 23 with
2381 2209 13 14 a
2413 2201 61 23 fixed

1891 2230 94 22 circular
2003 2231 107 22 staircase
2132 2231 44 23 and
2199 2232 65 24 brass
2286 2233 68 28 rails;
2386 2242 27 15 on
2435 2235 39 22 the

1891 2262 55 23 after
1958 2268 51 25 part
2027 2263 25 23 of
2066 2264 38 23 the
2123 2264 59 23 after
2201 2265 68 24 hatch
2286 2266 19 23 is
2318 2275 14 14 a
2343 2268 64 22 small
2421 2275 53 24 cap-

1891 2301 55 23 stan,
1959 2297 54 23 with
2025 2305 13 15 a
2048 2297 129 31 mahogany
2189 2299 58 23 head
2257 2308 5 20 ;
2277 2299 41 23 and
2328 2307 28 16 on
2368 2300 36 24 the
2413 2301 60 23 fore-

1891 2334 48 25 part
1951 2329 26 23 of
1991 2330 38 23 the
2041 2330 58 23 after
2114 2330 68 24 hatch
2202 2332 20 23 is
2241 2341 13 14 a
2273 2333 80 23 cistern
2372 2342 52 15 over
2436 2334 38 23 the

1891 2368 41 16 two
1944 2364 69 22 metal
2026 2372 88 23 pumps,
2128 2364 54 23 with
2202 2365 80 24 leaden
2300 2366 65 31 pipes
2384 2367 90 31 leading

1891 2400 36 18 out
1939 2396 73 23 under
2023 2397 37 23 the
2072 2398 61 22 main
2146 2397 109 25 channels
2264 2409 6 19 ;
2287 2399 38 23 the
2338 2400 103 24 windlass
2453 2401 25 22 is

1891 2436 40 15 one
1944 2430 26 22 of
2008 2430 104 31 Thysick
2124 2431 44 23 and
2180 2431 113 25 Dobson's
2330 2438 85 26 patent.

1923 2461 52 24 Her
1987 2468 70 19 masts
2069 2464 67 23 stand
2148 2465 79 31 nearly
2238 2466 96 31 upright,
2346 2467 53 23 with
2404 2471 71 20 'taunt

1891 2496 65 22 lower
1969 2503 77 22 masts,
2066 2498 45 22 and
2132 2498 65 24 short
2215 2504 116 26 topmasts,
2347 2500 38 23 the
2403 2506 71 18 masts

1891 2528 42 23 and
1945 2530 67 29 yards
2026 2538 57 16 were
2095 2531 92 31 painted

1923 2561 51 25 The
1984 2560 96 26 Herald
2091 2572 44 15 was
2148 2565 100 31 usefully
2259 2565 41 24 and
2313 2565 163 32 industriously

1891 2595 116 31 employed
2026 2598 24 21 in
2068 2598 85 30 urging
2167 2597 38 24 the
2224 2600 92 22 citizens
2337 2604 21 18 to
2380 2602 94 29 petition

1891 2628 35 23 the
1940 2629 96 23 Council
2048 2635 21 18 to
2082 2638 53 23 pass
2147 2638 14 16 a
2179 2631 147 31 Corporation
2339 2632 47 24 Bill
2398 2634 17 22 it
2429 2633 46 23 had

1891 2661 70 24 under
1979 2663 175 24 consideration.
2191 2665 23 22 A
2233 2665 104 31 Meeting
2356 2666 70 29 galled
2445 2667 31 30 by

1891 2703 93 23 persons
1998 2696 22 22 in
2032 2696 80 23 favour
2131 2697 26 23 of
2172 2698 50 22 that
2237 2699 121 30 important
2372 2707 104 16 measure

1891 2729 23 23 of
1928 2728 58 24 local
2005 2729 213 31 self-government,
2236 2739 44 16 was
2298 2736 22 19 to
2341 2732 53 24 take
2411 2733 65 31 place

1891 2763 21 22 in
1922 2769 13 15 a
1946 2762 41 23 few
2001 2763 54 30 days
2067 2768 24 18 at
2103 2763 102 32 Sydney.

1924 2795 117 24 Remarks
2051 2798 131 30 respecting
2201 2797 39 24 the
2256 2802 57 20 state
2326 2799 25 23 of
2366 2800 37 23 the
2415 2800 61 31 Syd-

1891 2836 42 23 ney
1946 2829 113 29 Markets,
2072 2830 69 23 taken
2159 2831 57 23 from
2231 2832 36 23 the
2279 2829 100 33 Herald,
2392 2833 43 23 will
2449 2833 27 23 be

1891 2862 69 23 found
1972 2863 21 22 in
2006 2863 94 23 another
2112 2868 51 26 part
2175 2865 26 22 of
2215 2873 42 15 our
2268 2873 76 24 paper.

1924 2922 51 19 The
1992 2922 78 27 Eagle
2089 2922 58 21 from
2170 2922 94 31 Sydney
2329 2922 93 29 Nelson,
2437 2930 39 15 ar-

1891 2951 61 23 rived
1966 2959 27 15 on
2013 2952 93 31 Sunday
2119 2953 53 24 last.
2185 2945 72 43 wpje
2266 2955 44 31 >s
2321 2951 155 28 furnishecTus

1892 2984 52 23 with
1957 2993 13 14 a
1981 2985 87 23 Nelson
2085 2985 131 26 Examiner
2233 2989 26 28 pE
2331 2989 54 23 18th
2400 2989 74 28 June;

1891 3017 44 23 and
1947 3018 52 24 Van
2019 3018 120 25 Dieman's
2159 3020 68 24 Land
2238 3030 79 23 papers
2335 3026 21 19 to
2368 3022 37 23 the
2417 3021 59 26 27th

1892 3051 63 31 May,
1974 3051 73 24 which
2066 3053 44 23 had
2132 3055 89 23 arrived
2244 3056 23 23 in
2285 3054 39 24 the
2347 3054 86 25 Sisters
2451 3059 25 19 at

1892 3084 94 29 Nelson,
2005 3086 57 23 from
2082 3086 93 25 Hobart
2194 3088 79 30 Town,
2284 3088 55 24 with
2351 3096 12 15 a
2375 3096 65 23 cargo
2452 3088 27 24 of

1891 3118 112 24 sundries.
2480 3120 5 22 I

1925 3151 50 23 The
1991 3152 90 24 Hobart
2093 3153 73 25 Town
2177 3163 83 23 papers
2276 3155 89 23 contain
2377 3159 99 19 extracts

1892 3185 57 23 from
1962 3185 98 31 English
2072 3195 83 23 papers
2167 3193 23 18 to
2203 3188 38 23 the
2253 3187 56 25 28th
2320 3187 107 31 January.

1926 3218 50 24 The
1998 3225 103 26 quarters
2123 3229 98 15 revenue
2238 3221 144 31 terminating
2403 3222 71 28 1841,

1891 3251 90 24 showed
2002 3261 28 15 an
2046 3254 103 23 increase
2168 3255 26 23 of
2215 3255 138 27 £338,000,
2373 3261 51 17 over
2435 3254 41 24 the

1891 3287 178 30 corresponding
2079 3293 93 25 quarter
2184 3288 25 23 of
2218 3287 37 23 the
2267 3286 134 32 preceeding
2411 3296 62 23 year.

1925 3319 50 24 The
1996 3320 82 31 degree
2097 3321 26 22 of
2148 3321 127 23 estimation
2293 3320 25 23 in
2342 3320 71 23 which
2436 3320 40 25 the

1891 3352 109 31 Puseyite
2018 3353 123 31 principles
2161 3362 39 15 are
2219 3353 51 23 held
2280 3358 24 18 at
2320 3353 96 30 Oxford,
2429 3355 47 23 will

1890 3385 28 23 be
1934 3386 123 23 submitted
2078 3392 21 17 to
2118 3387 69 30 proof
2206 3387 25 22 in
2248 3387 35 22 the
2303 3387 100 24 election,
2415 3388 25 23 of
2461 3395 15 16 a

1891 3419 120 23 Professor
2029 3420 24 22 of
2076 3420 94 30 Poetry.
2214 3420 51 23 The
2285 3420 130 24 candidates
2436 3428 39 16 are

1892 3453 47 22 Mr.
1954 3452 91 23 Garbell
2056 3453 45 22 and
2114 3453 47 22 Mr.
2170 3453 121 29 Williams,
2302 3453 45 24 and
2360 3454 37 23 the
2408 3454 67 24 latter

1890 3486 18 22 is
1919 3486 39 23 the
1975 3486 81 23 author
2077 3485 25 23 of
2118 3493 62 16 some
2200 3486 25 24 of
2240 3487 36 23 the
2294 3494 82 25 papers
2393 3488 25 23 in
2435 3488 39 22 the

1890 3518 62 23 work
1965 3519 70 22 called
2113 3519 15 12 '•
2138 3519 83 24 Tracts
2241 3520 25 23 of
2279 3520 39 23 the
2460 3529 13 14 a
2492 3529 1 5 •

1890 3552 69 23 series
1972 3552 25 22 of
2011 3552 152 31 publications
2173 3554 58 22 from
2244 3554 36 23 the
2291 3561 58 24 pens
2359 3555 24 23 of
2392 3555 82 30 parties

1889 3586 22 21 in
1923 3586 130 22 connection
2067 3585 54 24 with
2133 3585 39 24 the
2185 3587 91 29 church,
2285 3589 52 22 who
2347 3588 66 31 adopt
2424 3588 49 23 Pu-

1890 3619 73 29 seyite
1973 3619 131 30 principles.

1923 3651 49 23 The
1992 3651 150 33 christening,
2153 3653 25 23 of
2193 3653 38 24 the
2255 3654 82 24 Prince
2358 3655 25 23 of
2396 3654 77 23 Wales

1890 3684 54 24 took
1964 3685 64 30 place
2046 3693 29 15 on
2097 3686 38 23 the
2157 3687 60 24 25th
2232 3688 107 31 January,
2359 3687 52 24 with
2432 3694 41 16 ex-

1889 3718 138 31 traordinary
2040 3726 70 24 pomp
2126 3720 46 23 and
2189 3728 125 24 ceremony.
2353 3721 48 24 The
2412 3719 61 32 royal

1889 3751 73 23 iufant
1972 3759 48 16 was
2039 3751 130 26 christened
2189 3754 30 31 by
2237 3755 37 23 the
2292 3754 145 31 Archbishop
2451 3752 25 24 of

1889 3784 150 32 Canterbury,
2062 3785 45 24 and
2125 3788 21 22 is
2166 3788 82 24 named
2266 3787 82 24 Albert
2368 3786 103 25 Edward.

1889 3817 50 24 The
1952 3818 65 31 King
2029 3819 24 23 of
2070 3820 104 29 Prussia,
2187 3821 46 23 and
2250 3821 85 24 several
2353 3821 24 23 of
2392 3821 81 23 Prince

1889 3851 101 24 Albert's
2003 3853 116 29 relations,
2132 3861 59 17 were
2203 3855 38 23 the
2253 3862 114 24 sponsors.

2109 3909 150 23 NELSON.

1924 3957 51 23 The
1983 3957 88 23 Nelson
2083 3957 129 23 Examiner
2224 3958 104 22 obtained
2340 3958 37 22 the
2387 3957 81 23 follow-

105 3158 169 26 SHIPPING
293 3161 273 29 INTELLIGENCE.

266 3223 143 18 ARRIVED.

72 3249 57 20 June
137 3249 34 23 26,
180 3249 76 26 barque
264 3251 97 25 Eleanor,
371 3253 47 24 153,
428 3253 27 21 R.
463 3254 104 25 Johnson,
577 3258 55 19 from

46 3277 90 26 Sydney.
167 3276 139 26 Passenger—
308 3278 42 21 Mr.
361 3280 117 22 Buckland.

73 3304 61 20 Same
144 3304 47 26 day,
202 3303 77 27 barque
289 3306 71 25 Eagle,
375 3308 40 20 4JB
427 3312 55 22 tons,
500 3310 63 26 Shell,
575 3313 55 20 from

44 3332 89 20 Nelson.

73 3359 61 21 Same
152 3359 47 26 day,
216 3359 103 21 schooner
333 3362 68 25 Ariel,
420 3364 46 26 104,
486 3364 79 28 Finlay,
576 3368 56 20 from

44 3387 35 20 the
90 3385 84 24 Straits,
185 3390 38 23 put
232 3387 61 20 back.

71 3414 57 21 Juue
146 3415 34 23 28,
197 3414 103 20 schooner
314 3415 60 26 Lady
392 3418 74 24 Leigh,
486 3420 47 24 109,
550 3420 80 27 Roche,

44 3441 54 21 from
110 3442 91 26 Sydney.
229 3442 142 26 Passenger—
372 3443 42 21 Mr.
426 3445 135 23 Fitzherbert.

282 3494 114 23 SAILED.

71 3521 57 21 June
155 3522 35 23 28,
211 3522 103 21 schooner
334 3524 67 25 Ariel,
426 3525 48 25 104,
500 3526 79 26 Finlay,
599 3529 34 21 for

45 3548 82 28 Cloudy
138 3548 52 28 Bay.

270 3595 33 19 IN
318 3595 86 23 PORT.

71 3628 84 27 Barque
173 3628 113 26 C'ydeside,
354 3633 55 22 tons,
430 3630 129 28 Mathieson,
575 3636 53 20 refit-

43 3656 53 25 ting.
127 3653 66 22 Waitt
202 3657 40 20 and
251 3657 73 26 Tyser,
333 3658 86 26 Agents.

73 3684 51 26 Ship
135 3683 91 24 London,
239 3685 40 20 700
293 3688 54 22 tons,
360 3686 96 26 Atwood,
467 3687 35 20 for
512 3687 120 29 Sincapore.

43 3710 68 21 Waitt
119 3711 40 20 and
169 3711 72 25 Tyser,
253 3713 88 25 Agents.

72 3738 65 26 Sloop
147 3738 67 25 Royal
231 3740 100 25 William,
347 3741 35 25 43,
398 3741 86 21 Lovett.
522 3743 78 23 Agent,
611 3745 22 21 J.

44 3766 32 20 M.
86 3765 87 26 Taylor.

72 3793 108 20 Schooner
190 3794 115 25 Catherine,
314 3796 26 20 25
348 3795 76 22 Smith.
441 3798 76 25 Agfnt,
525 3799 20 20 J.
557 3799 75 22 Wade.

71 3820 109 21 Schooner
188 3821 77 22 Fidele,
278 3823 94 21 Cemino.
401 3825 79 25 Agent,
491 3826 22 21 J.
525 3827 72 21 Wade.

71 3848 109 20 Schooner
195 3848 126 28 Harlequin,
332 3851 25 20 fi4
372 3852 56 24 tons,
441 3852 84 25 Phelps.
554 3855 78 22 Aeent,

42 3875 21 22 J.
75 3875 73 20 Wade.
492 3868 13 12 *
574 3868 11 13 s

35 3905 4 4 '
70 3896 84 33 Barqic
160 3903 168 26 BrightTlanet,
338 3906 47 26 187,
395 3907 119 22 Morrison.
540 3909 91 26 Agents,

42 3929 98 22 Bethuoe
147 3930 41 20 and
197 3931 92 21 Hunter.

698 119 109 21 Schooner
825 120 87 20 Thomas
922 120 67 27 Crisp,
1003 121 47 24 175,
1062 121 73 21 Beard.
1164 122 88 26 Agents,

670 147 49 25 Hay
728 146 40 20 and
779 146 128 24 Machattie..

698 174 106 20 Schooner
818 174 62 24 Kate,
900 175 35 24 70,
954 174 61 21 Reid.
1050 174 76 27 Agent,
1143 175 34 21 W.
1196 176 59 20 Fitz-

669 201 90 21 herbert.

697 227 107 21 Schooner
814 228 109 20 Susannah
932 229 57 24 Ann,
1004 229 26 21 79
1048 231 54 23 tons,
1121 230 133 27 Dougherty.

669 255 76 26 Agent,
756 255 22 20 J.
788 255 74 21 Wade.

698 282 106 20 Schooner
817 283 106 25 Industry,
940 283 26 20 24
980 285 56 23 tons,
1050 283 97 25 Bradley.
1174 285 79 23 Agent,

669 309 22 21 J.
701 309 73 20 Wade.
954 323 3 4 .

696 335 107 22 Schooner
822 336 76 21 Nelson
917 337 88 24 Packet,
1028 337 26 21 20
1072 340 58 23 tons,
1150 338 103 22 Jackson.

669 363 87 25 Agents,
766 363 93 21 Wallace
867 364 42 19 and
919 363 40 21 Co.

698 390 48 26 Brig
755 391 60 19 Lord
823 391 90 20 Hobart.
942 391 86 25 Agents,
1039 391 84 21 Rhodes
1133 393 39 20 and
1184 393 40 20 Co.

695 417 50 26 Brig
753 418 100 25 Eleanor,
863 419 40 19 253
922 420 58 22 tons,
992 419 85 20 Barlow.
1106 420 87 25 Agents,
1205 420 48 27 Hay

669 445 41 19 and
722 445 39 19 Co.

696 471 82 26 Barque
793 472 98 25 Eleanor,
902 472 40 20 153
959 474 59 23 tons,
1028 472 105 22 Johnson.
1161 473 90 27 Agents,

669 498 84 20 Rhodes
763 499 41 19 and
816 499 39 20 Co.

697 525 82 27 Barque
787 526 75 26 Eagle,
870 527 42 20 438
923 530 57 21 tons,
989 526 34 21 W.
1034 526 22 21 J.
1072 528 65 20 Shell.
1165 528 87 25 Agents,

669 552 67 20 Willis
747 553 40 20 and
799 552 38 22 Co.
858 552 4 5 '

696 579 106 22 Schooner
811 580 61 25 Lady
881 581 73 25 Leigh,
968 581 47 25 109,
1025 582 78 20 Roche.
1133 582 77 26 Agent,
1217 583 35 22 W.

658 612 2 1 '
668 606 139 21 Fitzherbert.
1199 613 12 13 *

795 664 138 23 DIARY.—
935 666 88 22 JUNE,
1040 666 85 22 JULY.

761 1153 136 15 GARDENERS
909 1154 120 14 CALENDAR
1039 1154 42 14 FOR
1090 1154 66 14 JUNE.

693 1178 49 22 The
763 1180 106 21 Garden.
879 1191 28 4 —
919 1181 49 20 Sow
987 1181 91 27 turnips,
1095 1184 90 23 carrots,
1207 1182 45 22 and

666 1205 68 22 broad
745 1206 67 22 beans
820 1215 5 19 ;
841 1207 61 27 plant
914 1212 39 17 out
963 1208 88 26 seakail,
1063 1209 22 20 in
1095 1215 55 14 rows
1158 1216 5 19 ;
1180 1213 71 18 trans-

666 1232 62 27 plant
747 1233 133 28 artichokes,
900 1234 70 26 leeks,
994 1235 83 26 onions,
1097 1234 88 28 shalots,
1207 1236 44 21 and

667 1259 134 28 chardoons;
811 1261 213 27 prune-gooseberry
1034 1262 42 21 and
1086 1266 89 17 currant
1185 1265 65 19 trees.

691 1292 51 22 The
753 1294 122 21 Orchard.
876 1306 29 3 —
905 1294 134 27 Transplant
1053 1295 53 21 fruit
1117 1300 68 22 trees;
1202 1303 49 20 pre-

666 1325 51 19 pare
728 1320 45 21 and
783 1320 35 27 lay
831 1321 62 21 down
903 1321 73 27 layers
992 1321 43 21 and
1048 1322 62 27 plant
1121 1323 95 26 cuttings
1229 1324 24 20 of

666 1343 161 25 hard-wooded
836 1348 71 21 fruits.

691 1380 50 21 The
757 1381 82 22 Field.
840 1392 27 4 —
869 1382 50 22 Sow
934 1382 76 27 spring
1018 1382 84 28 barley,
1111 1383 42 22 but
1165 1391 29 14 on
1204 1383 46 22 fine

667 1406 48 22 soil.

692 1440 48 22 The
757 1441 98 22 Flower
872 1443 108 21 Garden.
981 1454 29 4 —
1010 1443 44 28 Dig
1067 1450 30 21 up
1114 1443 73 23 flower
1199 1444 52 22 bor-

667 1466 49 22 ders
727 1468 44 21 and
781 1468 147 23 shrubberies.

834 1531 123 20 LATEST
973 1533 105 20 DATES.

675 1565 77 14 London
840 1565 41 15 Jan.
915 1565 27 15 15.
954 1565 3 19 j
971 1565 70 16 Nelson
1147 1565 49 18 June
1211 1568 27 16 11.

675 1582 74 21 Sydney
841 1584 43 22 May
910 1585 29 17 26.
969 1585 39 21 Bay
1015 1589 18 13 ex
1047 1585 91 18 Islands..
1144 1587 43 17 Feb.
1220 1590 17 15 4.

674 1603 40 17 Van
740 1603 98 19 Dieman's
968 1607 97 17 Auckland
1142 1608 47 17 Mar.
1211 1609 27 17 30.

696 1624 50 17 Land
840 1626 53 22 April
922 1627 16 16 6.
969 1628 43 16 Port
1022 1627 66 22 Phillip
1143 1629 54 20 April
1210 1631 27 16 20.

674 1645 45 17 New
726 1646 102 21 Plymouth
967 1648 109 18 Adelaide./
1111 1650 81 17 ...Mar.
1220 1652 17 16 2.

754 1693 123 20 AGENTS
890 1695 58 20 FOR
964 1695 70 20 THIS
1047 1696 108 20 PAPER.

684 1725 37 17 Mr.
732 1726 126 18 BUttCHAM
954 1728 71 18 Petoni.

684 1747 36 16 Mr.
734 1747 17 16 F.
765 1747 23 18 G.
802 1748 85 17 .MOORE
954 1749 69 18 Nelson
1033 1749 73 18 Haven.

685 1768 36 17 Mr.
732 1768 23 16 It.
768 1769 113 17 U.VlUtim'
1124 1772 103 17 Taranaki.
1256 1773 4 11 ;

685 1789 34 17 Mr.
731 1789 25 17 H.
768 1790 121 17 CHUItrO.V
959 1791 108 18 Wan«-anui.

686 1810 33 17 Mr.
733 1810 28 17 \V.
775 1810 95 18 WILSON
955 1812 39 21 Bay
1002 1817 18 13 oj
1032 1813 82 18 Islands.

681 1856 40 17 The
728 1856 97 22 following
831 1861 31 13 are
870 1857 33 18 ths
910 1859 79 20 quarter
1000 1858 45 22 days
1052 1859 23 17 of
1083 1859 41 17 this
1132 1864 58 18 paper
1196 1866 29 11 :—

767 1885 67 18 March
1072 1889 68 16 .'.3lst.

766 1905 52 18 June
1091 1909 52 17 30th.

766 1927 111 21 September
1067 1930 77 18 \.3oth.

766 1948 106 18 December
1091 1953 50 16 3lst.

684 1973 79 18 Persons
770 1975 109 20 previously
886 1977 21 14 to
921 1976 143 22 discontinuing
1076 1978 51 16 tu*ir
1135 1983 67 15 papers
1210 1979 37 17 and
1253 1988 6 5 >

664 1993 163 23 advertisements,
836 1996 52 17 must
895 1996 58 18 settle
961 1996 33 18 the
1003 1999 90 15 accounts
1102 1998 37 18 due
1148 2003 23 14 up
1183 2000 20 16 to
1215 2000 33 17 the
1260 1996 3 21 I

664 2015 48 17 date.

664 2263 94 69 New
789 2263 220 69 Zealand
1040 2263 219 69 Gazette

703 2332 66 21 AND
786 2332 212 24 WELLINGTON
1013 2336 183 22 SPECTATOR.

943 2405 61 22 June
1018 2407 33 24 29,
1064 2408 60 21 1842.

694 2440 49 23 The
766 2440 121 23 continued
911 2440 81 24 arrival
1016 2442 25 22 of
1060 2442 51 31 ship
1135 2443 64 24 loads
1223 2445 25 23 of

660 2473 74 28 cattle,
750 2478 74 18 create
837 2473 59 23 what
914 2482 52 22 may
978 2475 26 23 be
1016 2476 86 23 termed
1117 2485 13 14 a
1142 2485 104 23 pressure

660 2507 56 22 from
730 2506 101 24 without.
868 2507 77 24 There
958 2509 18 22 is
990 2516 46 15 now
1048 2518 14 14 a
1074 2513 78 28 strong
1163 2511 84 32 feeling

661 2539 47 24 that
726 2539 37 24 the
776 2545 121 26 pasturage
917 2541 68 23 about
997 2542 35 22 the
1044 2546 66 25 town,
1133 2544 43 23 will
1190 2553 56 16 soon

660 2573 27 23 be
705 2574 97 30 unequal
823 2579 21 18 to
858 2573 37 24 the
908 2574 107 24 demands
1028 2575 23 23 of
1069 2576 36 22 the
1117 2578 66 22 stock
1201 2579 45 23 im-

660 2607 85 30 ported,
766 2607 45 23 and
830 2607 37 23 the
888 2609 104 29 question
1011 2610 19 21 is
1048 2609 75 24 where
1142 2616 21 17 to
1182 2612 64 31 place

660 2640 68 23 them.
766 2640 51 23 The
830 2645 94 26 country
937 2642 20 23 is
970 2649 48 16 now
1030 2643 47 23 well
1091 2643 82 25 known
1185 2645 59 24 from

661 2673 43 23 this
717 2678 21 18 to
752 2673 139 30 Manawatu,
916 2675 43 23 and
980 2675 78 24 thence
1070 2677 21 22 in
1112 2677 36 23 the
1161 2686 50 15 rear
1222 2680 26 23 of

660 2707 36 23 the
709 2708 129 23 mountains
850 2708 73 23 which
944 2708 74 24 bound
1031 2708 37 24 the
1082 2710 68 29 Hutt,
1171 2717 23 18 to
1207 2712 38 24 the

661 2739 133 33 Wairarapa
806 2740 79 32 valley.
923 2741 50 24 The
986 2748 93 26 country
1091 2749 22 17 to
1129 2744 35 23 the
1178 2746 66 23 north

660 2774 19 22 is
696 2781 56 16 now,
768 2774 70 31 easily
850 2775 143 30 approached
1010 2776 52 23 with
1075 2778 68 22 cattle
1161 2778 32 31 by
1206 2779 38 24 the

661 2807 96 23 Porirua
775 2808 62 27 road,
858 2808 45 23 and
921 2808 64 24 there
1003 2810 18 22 is
1033 2810 110 23 excellent
1154 2811 50 24 feed
1222 2814 22 22 in

661 2840 48 23 that
720 2840 110 24 direction
839 2850 5 19 ;
859 2841 38 23 the
911 2842 89 30 feeling,
1014 2843 110 30 however,
1137 2852 73 17 seems
1224 2851 21 19 to

660 2874 28 23 be
698 2875 23 21 in
733 2874 80 23 favour
825 2874 24 23 of
864 2874 39 24 the
915 2875 64 23 other
990 2876 47 23 side
1048 2877 24 22 of
1088 2877 38 23 the
1138 2877 106 31 harbour,
1257 2878 3 27 i

661 2907 36 24 the
710 2912 79 19 extent
801 2908 24 23 of
835 2907 51 24 land
901 2916 63 22 upon
982 2909 37 23 the
1037 2910 78 24 shores
1128 2911 23 23 of
1164 2912 80 30 which,
1257 2907 3 39 j

660 2948 57 16 were
731 2948 33 16 we
776 2941 93 23 without
879 2942 97 30 positive
992 2942 143 25 information
1144 2952 101 25 respect-
1257 2950 3 18 i

660 2974 40 32 ing
710 2975 25 27 it,
749 2974 73 23 would
834 2974 47 23 still
899 2975 28 22 be
940 2975 88 24 evident
1040 2984 58 23 upon
1112 2979 84 31 merely
1208 2988 36 15 re-

660 3007 94 32 garding
768 3007 38 23 the
819 3013 93 26 country
925 3008 58 24 from
996 3009 96 24 Palliser
1105 3011 56 31 Bay.
1194 3013 51 24 The

660 3041 112 31 difficulty
785 3042 22 22 in
819 3040 37 25 the
869 3049 49 23 way
930 3042 26 23 of
973 3043 152 32 approaching
1142 3046 17 22 it
1171 3047 20 22 is
1203 3055 42 15 our

660 3074 68 31 being
736 3075 167 30 unacquainted
916 3075 53 23 with
978 3084 12 14 a
997 3077 135 30 practicable
1140 3080 52 23 road
1199 3089 6 19 ;
1220 3089 25 15 as

660 3112 36 26 yet
716 3115 27 16 no
756 3108 80 23 search
848 3108 40 23 has
902 3109 56 24 been
971 3110 77 28 made,-
1063 3111 39 23 but
1115 3119 30 15 we
1162 3120 84 18 cannot

661 3140 68 24 doubt
739 3142 35 22 for
783 3149 13 15 a
808 3146 101 19 moment
917 3150 13 15 a
943 3143 112 24 sufficient
1067 3145 52 22 road
1131 3146 32 22 for
1176 3146 70 33 sheep

660 3174 43 23 and
716 3174 67 25 cattle
796 3175 43 23 will
849 3175 28 24 be
890 3176 71 23 found
973 3176 63 23 when
1047 3178 105 31 properly
1161 3181 83 24 sought

661 3207 63 24 after.
762 3208 73 31 Many
853 3209 108 23 colonists
979 3211 143 31 considering
1140 3212 47 24 that
1209 3214 37 25 the

662 3242 52 23 time
735 3240 41 25 has
790 3242 87 23 arrived
889 3242 66 24 when
977 3243 44 23 this
1033 3244 65 23 effort
1218 3247 28 25 be

661 3274 70 28 made,
752 3275 58 23 have
830 3275 80 30 agreed
924 3280 23 19 to
966 3277 113 23 subscribe
1093 3280 96 23 towards
1209 3280 37 25 the

662 3315 97 24 expense
771 3308 26 23 of
806 3308 96 32 seeking
909 3309 42 29 for,
964 3310 43 23 and
1019 3310 95 32 making
1125 3320 13 14 a
1149 3306 97 32 suitable

661 3341 61 23 road.
761 3341 25 23 It
802 3342 21 23 is
834 3341 59 24 their
906 3343 90 30 opinion
1015 3343 47 24 that
1076 3345 38 23 the
1128 3345 116 34 Company

661 3374 81 24 should
754 3375 47 23 also
821 3376 127 23 contribute
961 3376 93 24 towards
1070 3377 47 24 this
1129 3380 117 29 work,,for

662 3407 50 32 they
721 3407 75 32 justly
809 3416 75 23 argue,
898 3408 113 25 whatever
1022 3411 137 24 contributes
1172 3418 22 18 to
1208 3415 37 24 the

662 3442 125 30 prosperity
800 3441 25 23 of
841 3441 37 24 the
900 3442 94 31 Colony,
1014 3444 42 23 will
1077 3446 118 31 assuredly
1210 3449 34 23 in-

662 3482 74 16 crease
750 3475 38 23 the
800 3475 65 23 value
877 3475 26 23 of
917 3476 39 23 the
969 3476 138 31 Company's
1121 3486 104 25 property
1237 3492 6 16 ;

662 3507 54 30 that,
729 3508 23 23 in
766 3508 53 29 fact,
839 3508 52 32 they
905 3516 41 16 can
965 3509 27 24 be
1005 3510 110 24 benefited
1126 3512 119 35 indirectly

661 3548 25 16 as
697 3541 50 23 well
760 3550 25 14 as
797 3542 23 23 in
832 3550 14 15 a
857 3541 72 24 direct
942 3550 98 16 manner.

695 3574 76 24 There
778 3583 38 15 are
825 3580 42 19 two
879 3575 123 24 directions
1014 3577 21 22 in
1049 3578 74 24 which
1135 3581 78 23 ajcoad
1222 3587 22 18 to

662 3607 97 24 Palliser
780 3608 49 31 Bay
847 3616 53 24 may
921 3609 28 23 Be
968 3610 90 31 sought.
1095 3611 50 25 The
1164 3608 54 30 one*
1225 3616 19 23 is

662 3641 135 24 somewhere
807 3642 22 23 in
839 3642 38 23 the
888 3642 182 33 neighbourhood
1081 3645 71 24 ofthe
1162 3647 82 25 Petoni

663 3672 67 24 beach
740 3683 6 19 ;
761 3674 38 24 the
812 3675 63 24 other
886 3677 21 22 is
919 3675 30 32 by
960 3678 69 30 going
1040 3679 72 22 round
1124 3679 36 24 the
1173 3687 71 18 coast/

663 3705 48 24 The
722 3707 68 23 latter
802 3714 63 17 route
883 3709 40 23 lias
935 3710 126 32 frequently
1074 3712 56 23 been
1149 3714 94 29 walked,

663 3739 42 23 and
724 3741 190 31 unquestionably
926 3750 42 16 can
989 3744 25 23 be
1026 3745 64 23 made
1109 3747 135 31 sufficiently

663 3773 143 29 practicable,
815 3774 33 23 for
856 3774 39 23 the
903 3783 95 24 passage
1007 3772 102 37 of'sheep
1117 3780 44 23 and
1168 3781 74 27 cattl<£

665 3805 44 23 But
721 3806 38 23 the
770 3806 83 24 former
863 3808 75 23 would
957 3809 28 23 be
997 3810 35 23 the
1053 3818 61 17 most
1125 3813 118 29 desirable',

662 3846 24 15 as
698 3840 18 21 it
725 3839 74 24 would
811 3841 22 22 in
846 3840 30 23 all
888 3842 135 32 probability
1030 3850 64 17 enter
1106 3853 61 17 some
1180 3847 64 23 railed

663 3880 27 23 up
713 3872 36 24 the
772 3872 131 33 Wairarapa
916 3875 79 31 valley,
1017 3877 42 23 and
1072 3879 72 22 would
1165 3888 62 15 -:-vm<
1237 3895 6 5 -
1256 3901 3 6 ,

658 3905 95 31 .quently
766 3914 52 16 save
827 3922 3 4 .
839 3907 64 24 those
917 3908 48 23 who
987 3909 54 24 have
1053 3912 95 22 stations
1166 3919 31 16 tm
1208 3901 52 44 tri;»'j

660 3945 104 24 country,
776 3938 85 32 having
872 3945 24 19 to
907 3948 30 22 go
949 3949 67 22 many
1026 3943 64 24 miles
1102 3948 39 20 out
1153 3950 20 16 i»i
1182 3936 60 30 Vt-^'r
1254 3948 4 19 ;

1283 131 55 23 way,
1347 124 84 23 -which
1443 125 55 31 they
1509 126 73 23 would
1601 127 56 23 have
1669 131 23 19 to
1705 127 28 24 do
1745 128 21 23 if
1778 128 89 31 obliged

1283 161 22 19 to
1324 165 29 22 go
1366 157 64 23 down
1443 162 22 18 to
1479 159 37 23 the
1528 164 70 24 coast,
1605 177 4 3 .
1619 159 45 24 and
1676 168 63 16 come
1751 161 71 23 round
1838 163 30 30 by

1283 189 36 24 the
1332 195 93 18 entance
1437 194 23 19 to
1474 192 37 22 the
1523 192 106 24 harbour.

1314 223 24 23 A
1351 222 165 26 consideration
1523 225 25 23 of
1557 226 140 29 importance
1706 227 20 22 is
1738 226 38 24 the
1785 235 82 23 proper

1281 260 64 26 party
1358 264 24 15 or
1399 257 93 29 parties,
1510 262 22 18 to
1551 258 87 23 confide
1656 260 39 22 the
1712 259 53 23 task
1777 265 29 18 to.
1843 260 24 24 It

1283 288 83 31 maybe
1378 289 102 30 imposed
1491 298 61 23 upon
1559 298 63 16 some
1627 297 135 24 araateures,
1772 300 24 16 or
1804 300 63 16 some

1283 326 125 26 competent
1429 330 82 22 person
1530 332 51 22 may
1600 325 26 22 be
1650 325 120 31 employed
1778 335 5 19 ;
1812 333 26 16 or
1854 335 14 14 a

1282 354 105 31 specified
1404 356 87 23 reward
1505 356 84 24 offered
1606 358 36 22 for
1662 358 38 23 the
1715 359 119 30 discovery
1844 360 26 22 of

1282 386 37 24 the
1330 387 50 23 best
1391 387 64 31 place
1466 387 35 25 for
1514 391 105 29 carrying
1629 391 38 23 the
1679 391 63 24 road.
1778 391 89 24 Unless

1283 419 36 23 the
1331 420 84 23 reward
1427 429 45 14 was
1481 429 53 23 very
1541 422 70 31 large,
1624 424 17 22 it
1649 424 74 24 would
1735 429 39 19 not
1785 425 81 23 induce

1283 453 83 23 several
1380 460 95 23 persons
1488 459 22 18 to
1528 455 66 23 incur
1606 458 85 21 certain
1704 465 118 23 expenses,
1843 459 27 22 in'

1282 485 93 31 making
1386 485 38 25 the
1436 487 87 28 search,
1535 488 35 23 for
1578 490 118 22 uncertain
1709 491 84 23 reward
1801 500 5 19 ;
1822 492 44 22 and

1282 526 23 15 as
1317 526 21 15 a*
1349 518 61 31 large
1421 520 86 23 reward
1519 522 120 24 cannot.be
1651 523 159 31 forthcoming,
1834 532 32 15 we

1281 551 68 23 doubt
1361 552 36 23 the
1410 552 121 32 eligibility
1547 554 25 23 of
1582 554 37 24 the
1631 555 51 28 last,
1696 564 25 15 as
1738 565 32 15 we
1782 558 83 30 always

1281 584 54 23 have
1348 584 98 24 doubted
1459 586 48 22 that
1518 586 25 23 of
1557 587 37 23 the
1606 588 50 22 first
1667 589 62 30 plan,
1748 590 22 22 in
1783 590 82 23 endea-

1280 618 95 30 vouring
1391 622 22 18 to
1425 619 53 30 gain
1491 619 131 32 knowledga
1641 626 23 17 at
1676 622 38 23 the
1732 630 99 23 expense
1843 624 25 22 of

1281 655 132 18 amateures.
1451 651 44 23 We
1503 652 81 23 should
1592 653 26 23 be
1625 654 99 24 inclined
1737 660 22 18 to
1771 656 69 23 select
1852 665 13 14 a

1281 688 125 26 competent
1417 692 91 23 person,
1528 685 44 23 and
1594 686 81 30 depute
1695 687 47 24 him
1763 693 21 19 to
1798 690 67 23 make

1282 716 35 23 the
1337 716 78 23 search
1438 718 52 22 with
1515 718 36 23 the
1574 719 84 23 reward
1681 721 132 30 contingent
1836 730 29 16 on

1281 756 96 17 success.
1408 750 89 24 Should
1509 751 27 22 he
1545 752 47 27 fail,
1601 752 100 28 another,
1715 754 44 22 and
1772 755 93 23 another

1281 782 71 31 might
1364 783 27 23 be
1402 784 129 31 appointed,
1552 793 26 14 as
1591 785 36 23 the
1641 793 78 16 means
1730 787 25 22 of
1768 788 97 22 reward-

1281 816 39 30 ing
1330 815 38 23 the
1380 815 127 25 discoverer
1519 817 73 24 would
1604 820 85 21 remain
1700 820 23 22 in
1737 820 58 23 hand
1806 821 59 23 until

1282 848 91 23 claimed
1385 849 30 31 by
1427 850 38 23 tbe
1478 851 126 23 successful
1617 852 126 24 candidate.

1313 914 36 30 By
1367 914 37 23 the
1424 916 82 24 arrival
1526 918 25 22 of
1573 918 37 23 the
1627 918 67 31 Lac/y
1712 918 74 32 Xei^A
1805 921 59 23 from

1281 947 98 31 Sydney,
1389 956 31 15 we
1433 949 57 24 have
1503 950 56 23 New
1571 951 73 23 South
1658 952 78 23 Wales
1747 961 82 23 papers
1843 960 21 18 to

1281 980 36 23 the
1331 981 55 22 14th
1397 981 69 24 June.
1504 982 38 24 On
1554 984 40 23 her
1606 986 89 28 arrival,
1704 992 76 24 report
1791 988 73 23 stated

1282 1013 45 24 that
1341 1015 89 27 13,000
1444 1019 75 26 troops
1529 1017 44 22 and
1587 1018 56 22 their
1653 1019 89 24 officers
1751 1019 43 24 had
1807 1020 57 25 been

1281 1047 125 22 massacred
1435 1048 23 23 in
1482 1043 169 35 Afghanistan,
1676 1052 44 22 and
1750 1052 47 24 that
1827 1055 37 23 the

1281 1081 65 21 wives
1358 1081 44 22 and
1415 1081 101 23 children
1529 1083 25 22 of
1563 1083 38 23 the
1613 1084 89 23 officers
1715 1087 114 22 remained
1840 1088 24 23 in

1280 1113 36 23 the
1328 1112 70 24 hands
1411 1114 25 23 of
1446 1114 59 23 their
1518 1114 121 25 baibarous
1652 1118 136 30 destroyers.
1825 1120 39 24 On

1279 1146 112 23 reference
1403 1151 22 19 to
1444 1147 37 24 the
1500 1148 93 31 Sydney
1605 1157 88 23 papers,
1713 1159 32 15 we
1758 1151 45 23 find
1823 1160 37 16 ex-

1281 1184 66 18 tracts
1360 1179 57 24 from
1431 1180 81 23 Indian
1526 1189 82 23 papers
1620 1190 28 15 on
1657 1183 38 23 the
1705 1184 95 31 subject,
1812 1187 51 22 with

1279 1220 13 14 a
1302 1212 39 23 list
1352 1213 25 23 of
1386 1213 126 31 thirty-five
1526 1222 77 16 names
1615 1215 26 23 of
1657 1216 89 24 officers
1759 1219 47 22 who
1820 1219 44 24 had

1279 1245 54 23 been
1344 1246 151 30 slaughtered.

1311 1278 125 32 Subjoined
1460 1288 37 16 are
1518 1287 98 18 extracts
1634 1281 59 25 from
1714 1283 37 24 the
1771 1281 95 28 Herald

1279 1320 58 22 upon
1355 1313 36 22 the
1410 1313 116 29 disasters,
1540 1314 45 23 and
1605 1316 19 22 is
1645 1316 31 23 all
1692 1316 37 23 for
1746 1318 72 23 which
1831 1327 33 15 we

1278 1345 55 23 have
1345 1353 61 15 room
1420 1347 23 21 in
1455 1346 45 24 this
1514 1355 78 24 paper.

1339 1386 42 22 We
1392 1392 77 25 regret
1481 1392 22 18 to
1515 1396 49 23 say,
1577 1388 48 24 that
1637 1389 38 24 the
1687 1398 62 16 news
1761 1393 102 23 received

1278 1418 56 23 from
1347 1418 75 30 India,
1441 1420 30 30 by
1484 1421 37 22 the
1542 1421 121 30 Malcolm,
1678 1424 18 22 is
1711 1424 24 23 of
1755 1424 36 23 the
1803 1431 61 18 most

1278 1452 160 23 unfavourable
1451 1458 87 20 nature.
1575 1455 24 23 It
1611 1455 44 24 will
1667 1457 28 23 be
1707 1459 156 23 remembered

1279 1485 47 23 that
1338 1485 62 23 there
1413 1494 58 15 were
1483 1495 61 15 some
1552 1488 81 23 doubts
1646 1497 25 15 as
1685 1495 21 18 to
1720 1491 38 22 the
1766 1492 59 23 truth
1839 1494 26 21 of

1278 1518 37 23 the
1333 1523 75 26 report
1432 1519 49 23 that
1500 1520 38 24 Sir
1556 1521 131 25 Alexander
1713 1523 76 24 Burns
1818 1525 44 24 had

1277 1551 54 23 been
1346 1552 125 28 murdered,
1495 1553 61 24 when
1570 1554 37 24 the
1625 1555 46 24 last
1688 1564 61 16 news
1768 1565 44 16 was
1824 1566 37 16 re-

1278 1584 81 30 ceived,
1371 1585 42 23 hut
1424 1586 139 31 subsequent
1573 1588 145 24 information
1728 1591 73 23 shews
1814 1591 49 24 that

1278 1617 36 24 the
1327 1623 75 26 report
1412 1626 45 15 was
1469 1620 167 32 unfortunately
1650 1628 57 17 true.

1310 1651 50 24 The
1374 1652 86 23 British
1480 1652 81 32 Envoy
1574 1659 23 18 at
1610 1654 79 29 Cabul,
1711 1657 37 23 Sir
1760 1657 101 25 William

1278 1684 153 31 Macnaghten
1444 1683 111 34 (recently
1568 1689 120 29 appointed
1708 1689 118 24 Governor
1839 1692 25 23 of

1279 1717 120 31 Bombay,)
1422 1726 33 15 we
1478 1725 74 24 regret
1571 1725 21 18 to
1613 1729 49 22 say,
1683 1722 41 24 has
1744 1723 47 23 also
1805 1725 56 23 been

1266 1751 135 23 'murdered.
1439 1751 24 23 It
1474 1760 94 23 appears
1582 1754 47 23 that
1643 1763 40 14 one
1698 1756 26 22 of
1736 1756 36 23 the
1784 1758 77 23 insur-

1276 1789 53 25 gent
1342 1784 125 29 chieftains,
1482 1786 123 24 Mahomed
1618 1788 100 23 Ukhbar
1730 1789 76 28 Khan,
1821 1791 39 23 be-

1276 1817 39 31 ing
1326 1818 120 31 suspected
1459 1819 27 30 by
1496 1819 34 23 his
1538 1820 153 24 confederates
1701 1822 25 23 of
1737 1823 95 31 wishing
1838 1829 22 18 to

1276 1856 100 25 separate
1392 1850 96 25 himself
1496 1852 58 24 from
1573 1853 37 23 the
1622 1854 175 31 confederation,
1820 1857 40 23 de-

1276 1884 108 23 termined
1396 1889 22 19 to
1429 1884 47 24 free
1483 1885 95 24 himself
1587 1887 24 22 of
1621 1887 50 24 that
1680 1890 123 29 suspicion,
1817 1891 44 23 and

1276 1916 142 32 accordingly
1434 1918 85 23 invited
1537 1920 40 23 Sir
1589 1920 99 24 William
1706 1922 154 31 Macnaghten

1276 1954 21 18 to
1316 1958 27 14 an
1363 1951 125 28 interview,
1510 1953 72 23 which
1605 1953 45 23 His
1671 1954 138 32 Excellency
1822 1965 38 15 ac-

1276 1981 65 24 c<&ed
1354 1990 29 20 to,
1399 1983 63 22 when
1476 1985 130 28 Mahomed,
1625 1988 96 21 without
1732 1990 78 28 giving
1822 1991 38 21 the

1275 2015 56 23 least
1340 2017 81 28 notice,
1435 2016 60 23 drew
1507 2025 12 15 a
1531 2018 68 30 pistol
1617 2019 44 23 and
1673 2019 52 23 shot
1737 2021 45 22 him
1795 2021 64 29 dead,

1275 2049 42 22 and
1336 2049 34 23 his
1382 2049 125 29 attendant,
1531 2051 96 31 Captain
1643 2052 95 30 Trevor,
1759 2061 44 16 was
1822 2061 38 17 cut

1275 2082 63 28 do,wn
1350 2082 28 31 by
1387 2083 40 23 the
1439 2083 121 30 Affghans.

1307 2120 98 24 General
1419 2120 152 32 Elphinstone
1585 2123 51 23 then
1646 2124 66 24 made
1725 2129 67 20 terms
1805 2127 55 23 with

1276 2153 35 23 the
1329 2155 119 29 insurgent
1466 2155 69 24 chiefs
1557 2161 21 18 to
1599 2157 64 23 allow
1681 2158 47 23 him
1749 2160 52 22 with
1821 2160 39 23 the

1276 2191 74 26 troops
1371 2188 72 22 under
1462 2188 35 23 his
1516 2190 126 29 command,
1656 2195 22 19 to
1697 2191 63 24 leave
1778 2193 81 29 Cabul,

1275 2220 70 23 which
1356 2221 53 30 they
1422 2221 44 23 had
1487 2222 65 28 done,
1564 2223 41 23 but
1625 2224 18 22 it
1661 2232 46 15 was
1720 2225 74 24 feared
1807 2226 53 31 they

1275 2254 70 22 would
1357 2254 28 23 be
1398 2260 39 18 cut
1449 2259 22 19 to
1483 2256 75 30 pieces
1566 2256 77 24 before
1655 2257 54 31 they
1719 2259 63 23 could
1793 2261 67 22 reach

1274 2286 134 24 Jullalabad.
1446 2288 99 24 General
1558 2289 160 32 Elphinstone,
1731 2293 18 22 it
1761 2300 44 16 was
1824 2301 36 16 re-

1273 2320 85 30 ported,
1379 2321 50 23 died
1451 2322 26 22 of
1491 2323 61 29 grief
1573 2324 43 22 and
1639 2326 112 27 vexation,
1765 2327 37 22 the
1817 2326 43 31 day

1276 2354 35 22 the
1335 2358 76 27 troops
1435 2357 143 22 commenced
1602 2357 58 23 their
1682 2364 89 18 retreat.
1822 2360 38 23 Sir

1276 2386 84 25 Robert
1380 2388 62 28 Sale,
1457 2388 48 23 who
1526 2390 148 24 commanded
1690 2399 14 15 a
1722 2391 95 25 division
1838 2398 22 18 at

1276 2419 123 30 Candabar,
1415 2421 43 23 had
1478 2422 92 23 refused
1587 2429 20 18 to
1626 2424 57 31 obey
1696 2424 100 25 General
1815 2426 45 24 El-

1274 2454 140 30 pliinstone.'s
1427 2455 65 23 order
1505 2460 22 18 to
1539 2457 67 23 retire
1626 2456 59 24 from
1707 2458 35 24 his
1753 2460 106 30 position,

1275 2487 42 23 and
1329 2487 44 23 had
1385 2488 140 24 determined
1538 2495 21 18 to
1573 2490 52 23 hold
1638 2496 40 18 out
1691 2492 65 23 while
1776 2493 29 23 he
1817 2493 43 24 had

1274 2528 12 15 a
1297 2528 51 15 man
1362 2521 49 23 that
1422 2522 66 23 could
1499 2524 67 22 stand
1577 2529 21 17 to
1611 2524 34 22 his
1660 2525 96 24 colours.

1307 2553 23 24 It
1342 2554 45 23 will
1398 2555 29 23 be
1440 2563 53 15 seen
1505 2556 59 23 from
1577 2557 52 28 this,
1644 2558 49 23 that
1707 2559 38 23 the
1756 2565 105 25 prospect

1273 2587 24 22 of
1307 2595 12 15 a
1326 2587 96 32 lengthy
1434 2589 44 22 and
1490 2589 81 31 bloody
1585 2598 45 15 war
1641 2591 73 23 would
1723 2598 63 25 greet
1798 2593 63 24 Lord

1274 2619 169 33 Ellenborough
1457 2630 27 15 on
1497 2622 34 23 his
1545 2624 82 23 arrival
1644 2630 24 17 at
1681 2625 103 24 Calcutta
1793 2635 6 15 :
1825 2627 35 24 for

1274 2654 43 23 this
1330 2655 69 23 series
1411 2655 26 23 of
1447 2656 102 24 murders
1561 2658 42 22 and
1611 2658 138 24 treacheries
1761 2665 61 18 must
1833 2661 27 23 be

1272 2687 117 31 punished.

1335 2727 94 32 Having
1441 2729 101 24 received
1555 2738 13 15 a
1581 2731 126 31 Singapore
1721 2741 69 23 paper
1808 2734 52 23 with

1274 2760 102 24 Calcutta
1388 2769 62 16 news
1462 2767 22 18 to
1496 2763 37 23 the
1547 2765 58 22 20th
1618 2764 126 33 February,
1756 2772 38 18 ten
1806 2767 55 31 days

1272 2794 56 24 later
1338 2795 53 23 than
1402 2803 33 15 we
1447 2796 81 30 quoted
1540 2798 128 31 yesterday.

1306 2835 23 23 It
1342 2835 44 23 will
1398 2835 28 24 be
1439 2844 53 15 seen
1505 2837 49 23 that
1577 2838 37 23 the
1634 2841 144 23 unfortunate
1799 2849 64 23 army

1272 2873 23 18 at
1305 2867 72 25 Cabul
1390 2868 42 24 has
1444 2870 55 23 been
1512 2872 96 30 entirely
1622 2875 164 23 exterminated
1796 2884 6 19 ;
1824 2880 39 18 out

1273 2904 21 20 ot
1312 2903 36 22 six
1366 2902 114 24 thousand
1499 2904 45 23 five
1561 2904 103 25 hunirecl
1681 2907 97 31 lighting
1801 2916 60 21 men,

1272 2935 44 23 and
1328 2943 67 16 seven
1408 2936 112 24 thousand
1533 2945 64 24 camp
1609 2939 121 30 followers,
1749 2949 41 15 one
1803 2941 59 23 hun-

1273 2968 53 24 dred
1348 2969 54 30 only
1420 2978 59 15 were
1502 2972 112 30 supposed
1635 2976 22 19 to
1667 2973 68 24 -have
1758 2975 103 30 escaped,

1272 3002 87 23 besides
1372 3002 38 24 the
1422 3004 89 22 officers
1523 3005 50 22 who
1584 3006 73 22 would
1664 3011 39 18 not
1711 3007 26 23 be
1745 3008 118 30 separated

1272 3035 55 23 from
1342 3035 57 23 their
1413 3037 74 28 wives,
1501 3038 43 23 and
1559 3039 105 23 returned
1684 3040 54 23 with
1757 3040 60 24 them
1839 3047 21 17 to

1274 3068 71 24 Cabul
1373 3069 73 24 under
1471 3071 38 22 the
1537 3072 126 29 protection
1686 3073 26 22 of
1739 3073 124 25 Mahomed

1274 3101 97 25 Ukhbar
1391 3101 50 32 (the
1462 3103 116 24 murderer
1590 3105 25 22 of
1631 3105 45 25 Sir
1676 3105 106 25 William
1794 3108 68 23 Mac-

1274 3135 117 31 naghten,)
1411 3136 38 23 the
1467 3145 41 15 son
1526 3138 26 22 of
1576 3137 60 23 Dost
1658 3138 132 31 Mahomed,
1812 3142 50 23 who

1274 3177 42 15 was
1328 3168 98 31 deposed
1440 3170 29 30 by
1481 3171 37 22 the
1534 3171 84 22 British
1632 3176 21 18 to
1667 3173 67 23 make
1745 3181 63 16 room
1827 3176 35 23 for

1274 3202 61 24 Shah
1348 3202 94 31 Soojah.
1479 3203 51 23 The
1542 3204 52 23 first
1606 3210 87 25 reports
1707 3206 48 24 that
1766 3208 94 24 reached

1274 3235 102 25 Calcutta
1387 3244 59 15 were
1458 3236 49 24 that
1525 3237 101 23 General
1645 3238 153 32 Elphinstone
1819 3242 43 24 had

1273 3268 95 31 actually
1380 3277 42 16 run
1436 3277 62 23 away
1511 3270 57 23 from
1585 3270 35 24 his
1639 3279 61 22 men,
1718 3273 39 24 but
1781 3275 20 23 it
1821 3284 41 23 ap-

1273 3310 63 24 pears
1348 3303 49 22 that
1411 3302 28 24 he
1451 3310 56 23 gave
1524 3303 94 24 himself
1628 3312 30 24 up
1671 3305 85 33 hoping
1779 3308 49 25 that
1845 3310 18 23 it

1274 3336 69 23 would
1356 3335 81 24 induce
1446 3336 37 23 the
1495 3336 100 31 AfFghan
1608 3338 72 24 chiefs
1704 3345 22 19 to
1746 3341 59 32 keep
1824 3343 38 23 the

1273 3374 78 25 treaty,
1370 3369 46 23 and
1436 3369 66 23 allow
1523 3370 61 24 them
1604 3376 22 18 to
1645 3380 53 24 pass
1719 3374 22 23 in
1753 3376 74 30 safety
1840 3383 21 16 to

1272 3402 131 24 Jellalabad.
1456 3402 49 24 The
1525 3409 102 25 greatest
1649 3407 137 25 excitement
1807 3417 53 23 pre-

1273 3435 70 24 vailed
1366 3435 140 32 throughout
1528 3437 83 24 Lower
1633 3439 68 24 India
1732 3441 64 24 when
1816 3444 46 23 this

1272 3469 122 24 disastrous
1406 3477 61 15 news
1479 3478 45 15 was
1537 3473 109 23 received.

1304 3510 30 23 In
1352 3517 156 24 consequence
1527 3512 25 23 of
1572 3512 44 24 this
1635 3521 70 22 news,
1728 3515 38 24 the
1791 3516 70 24 Com-

1273 3543 90 23 mander
1382 3543 25 23 of
1425 3543 37 23 the
1476 3544 85 24 Forces
1583 3547 22 22 in
1618 3546 57 23 New
1696 3548 73 24 South
1782 3549 79 24 Wales

1272 3576 106 34 prepared
1398 3581 23 19 to
1441 3577 108 31 despatch
1572 3579 154 33 immediately
1745 3582 37 24 the
1801 3583 60 24 28th

1272 3610 124 31 Regiment
1409 3614 22 19 to
1445 3610 74 24 India.

1304 3649 50 25 The
1372 3647 122 32 Malcolm,
1513 3651 73 23 which
1605 3652 100 32 brought
1721 3654 37 24 the
1777 3656 83 23 Indian

1273 3691 65 20 news,
1363 3683 59 23 from
1444 3690 108 18 accounts
1571 3685 60 23 alike
1650 3687 142 32 distressing,
1813 3690 47 22 dis-

1271 3722 95 23 astrous,
1379 3717 45 23 and
1436 3717 145 31 disgraceful,
1593 3718 121 26 furnished
1730 3729 59 16 news
1801 3722 58 24 from

1272 3750 73 23 China
1365 3755 22 18 to
1408 3750 39 23 the
1458 3750 64 24 22nd
1535 3751 127 32 February.
1698 3754 40 23 Sir
1753 3754 34 24 H.
1801 3755 59 24 Pot-

1272 3785 71 29 tinger
1363 3791 45 15 was
1431 3788 23 19 at
1475 3785 71 30 Hong
1566 3785 78 31 Kong.
1681 3787 92 24 Several
1794 3789 65 23 small

1272 3821 69 20 towns
1357 3817 23 22 in
1404 3817 38 24 the
1462 3818 184 30 neighbourhood
1660 3820 26 23 of
1702 3821 92 32 Ningpo
1817 3822 43 24 had

1273 3851 53 23 been
1345 3851 108 31 occupied
1475 3852 27 30 by
1516 3851 40 24 her
1578 3852 120 32 Majesty's
1718 3860 83 26 troops,
1816 3856 44 23 and

1283 3885 3 13 :
1332 3883 105 31 Imperial
1457 3886 192 24 Commissioners
1667 3888 45 22 and
1725 3888 62 24 other
1803 3889 62 32 high-

1272 3924 34 15 .);.-.
1317 3923 42 15 vrs
1371 3917 101 30 residing
1490 3922 23 19 at
1530 3919 73 31 Hong
1622 3921 129 30 Chow-foo,
1765 3930 57 17 were
1835 3931 25 16 so

1272 3950 18 21 :.r
1410 3945 59 27 'that
1490 3950 55 31 they
1563 3951 43 24 had
1624 3953 45 24 fled
1688 3958 24 19 to
1730 3955 36 24 th«
1779 3957 49 28 city
1838 3957 25 23 of

561 31 102 48 ®f)s
686 32 119 42 Wteto
830 33 211 41 zmmxb
1064 34 192 48 dfrmtttt
1281 36 92 40 at*
1397 37 305 48 mtWitgtxm
1727 36 253 50 Spectator,

734 731 49 23 Lasl

736 758 47 22 Nev

736 784 47 23 Firs

738 811 41 22 Ful

734 838 49 22 Lasl

850 706 27 14 HC

781 735 7 18 t
799 732 78 23 QuarU

781 766 9 14 r
798 759 70 21 Moon
875 774 2 4 .

781 789 14 17 it
802 785 75 24 Quart

783 813 3 19 I
800 812 68 22 Moon

781 841 7 18 b
798 839 79 23 Quarto

877 707 35 14 lON
923 707 11 13 S
949 707 123 15 QUARTERS.

877 740 43 14 ;r..
954 733 35 21 Id.
1006 733 51 22 lib.
1063 735 57 20 16m.
1141 741 71 15 morn.

953 761 13 20 8
1021 762 13 19 6
1062 762 27 20 37
1105 768 7 5 '
1144 761 80 27 aftern,

877 793 43 15 9r..
941 787 25 20 15
1021 789 12 19 9
1060 788 25 21 4.1
1142 795 69 15 morn.

877 814 91 20 ....22
1010 815 26 20 10
1062 815 26 20 33
1145 814 80 23 aftern.

877 847 15 14 ir
906 854 19 6 ..
943 841 25 20 31
1025 842 13 19 2
1065 841 26 21 IS
1147 848 68 15 morn.

699 880 81 27 orises

701 917 21 21 h.
750 924 29 14 m.

701 944 12 21 7
768 946 13 19 6

701 971 12 21 7
767 972 13 20 6

701 998 12 20 7
765 999 13 18 5

700 1024 13 20 7
765 1025 13 19 5

701 1050 12 21 7
765 1052 12 19 5

701 1077 12 21 7
764 1078 15 20 4

700 1105 12 19 7
764 1105 14 19 4

788 881 82 26 Assets.

791 917 21 21 h.
840 925 28 14 m.

789 945 15 20 4
843 946 28 20 54

789 972 13 19 4
842 971 28 21 54

788 998 15 20 4
842 998 26 20 55

788 1025 14 19 4
841 1025 26 19 55

787 1051 15 20 4
817 1057 4 5 '
841 1051 26 20 55

791 1078 9 20 t
841 1078 27 21 56

786 1105 15 19 4
840 1105 27 21 56

886 884 14 22 D
911 889 53 30 age.j

997 882 113 28 Sundays',
1124 883 113 28 Festivals,

1044 910 62 21 Term
1109 918 3 7 I*,1
1112 917 13 20 *,
1138 911 39 21 &c.

672 945 20 19 19

672 971 20 20 JO

680 998 10 19 1

678 1025 14 19 2

678 1051 14 19 3

677 1077 14 20 4

678 1105 12 19 5

904 946 28 20 20

903 972 26 20 21

903 999 28 19 22

902 1025 28 21 23

902 1052 29 20 24

901 1079 28 19 25

901 1106 29 20 26

968 945 36 19 St.
1019 945 83 21 Peter.

967 997 59 28 July.

961 1046 21 37 |6
991 1051 63 21 Sun.
1066 1051 70 22 after
1146 1052 107 27 Trinity

298 118 106 22 Notice.

286 151 141 28 Wellington,
438 151 60 23 June
507 152 35 28 27,
554 154 59 21 1842.

37 189 8 5 -
60 183 92 35 rpHE
167 182 147 24 BUSINESS
329 184 94 22 hitherto
433 185 124 22 conducted
571 185 71 23 under

68 206 29 26 _L
134 211 38 21 the
182 210 48 21 firm
242 211 24 20 of
279 210 59 22 John
349 212 43 20 and
410 212 86 26 George
509 212 67 22 Wade
589 212 52 27 will,

58 238 57 20 alter
130 238 38 20 the
187 238 31 19 Ist
232 237 42 27 day
285 237 27 21 of
322 238 54 27 July
389 242 59 22 next,
466 239 26 21 be
512 238 83 22 carried
611 246 29 14 on

57 264 72 21 under
138 264 38 21 the
187 270 64 15 name
261 264 25 21 of
294 264 57 22 John
366 264 66 21 Wade
443 265 45 21 and
495 265 38 21 Co.
540 273 7 19 ;
559 266 42 21 and
612 265 29 21 all

56 297 92 21 persona
159 287 104 25 indebted
270 294 23 17 to
300 290 38 22 the
344 291 49 21 firm
401 291 24 21 of
431 291 61 21 John
502 293 45 20 and
554 292 87 27 George

58 317 76 25 Wade,
147 323 37 14 are
195 317 115 27 requested
322 317 110 22 forthwith
449 321 23 18 to
489 325 42 20 pay
541 318 56 22 their
606 326 36 14 re-

57 344 97 25 spective
164 345 104 19 accounts
279 348 21 17 to
312 342 35 23 the
358 344 158 27 undersigned,
528 345 113 21 otherwise

57 368 53 28 they
120 369 45 22 will
175 370 26 21 be
213 369 87 22 handed
311 373 22 18 to
342 377 14 14 a
374 370 101 22 Solicitor
484 371 35 21 for
528 378 112 20 recovery.

452 403 65 22 John
533 404 80 22 Wade.

122 446 98 23 ESSRS.
235 446 93 26 HORT,
351 448 158 26 MOCATTA,
526 448 43 23 and
584 450 55 25 CO.,

149 474 57 20 have
224 472 103 23 received
345 474 143 22 instructions
507 478 22 18 to
548 475 39 22 sell
611 476 31 27 by

54 499 75 27 public
140 500 95 25 auction,
251 507 26 13 on
289 500 101 27 Monday
399 506 61 20 next,
472 501 54 27 July
535 502 44 26 4th,
596 506 23 17 at
632 505 6 18 I

56 526 84 21 o'clock
156 525 111 28 precisely,
282 533 29 14 on
328 526 36 22 the
380 527 85 27 ground
481 528 22 21 in
521 529 120 27 Inyestrie-

313 556 72 24 streef,

54 586 103 22 EIGHT
176 584 85 23 VERY
284 586 170 24 VALUABLE
479 588 160 23 BUILDING

237 612 216 28 ALLOTMENTS,

54 638 68 27 being
136 641 50 25 part
200 638 25 21 of
237 643 56 17 town
310 646 49 15 acre
375 641 42 21 No.
428 643 40 20 128
486 649 28 13 on
530 642 111 26 Surveyor

56 665 117 21 General's
192 665 61 27 Map,
268 666 97 22 situated
382 667 24 21 in
422 674 43 14 one
486 668 25 20 of
526 669 36 20 the
580 672 60 18 most

54 692 89 26 eligible
154 694 58 24 parts
218 693 24 20 of
249 692 37 21 the
296 693 68 21 Town
374 695 25 19 of
406 693 144 27 Wellington,
561 695 44 21 and
615 695 24 21 in

54 718 37 21 the
101 718 129 21 immediate
246 719 90 28 vicinity
345 720 26 21 of
382 720 28 21 all
425 720 38 21 the
479 721 73 25 public
566 721 73 22 build-

54 746 49 26 ings
122 744 47 22 and
188 745 72 27 places
277 747 25 20 of
319 747 104 25 business,
441 747 46 21 and
505 747 72 22 within
594 748 45 22 five

188 772 94 22 minutes
293 773 55 21 walk
359 773 66 21 ofthe
436 773 71 22 Bank.

318 806 60 20 ALSO,

55 824 48 21 One
117 824 27 21 of
160 824 36 22 the
213 824 47 23 best
275 826 126 21 allotments
415 826 22 21 in
457 827 37 21 the
514 827 86 27 Village
616 828 26 21 of

54 851 133 26 Richmond,
199 858 28 14 on
243 852 36 21 the
298 852 68 26 Hutt;
382 852 42 22 and
439 852 44 22 five
496 860 62 15 acres
567 860 23 16 at
600 855 38 21 the

87 878 77 25 Ohiro,
177 878 65 28 being
251 883 49 23 part
308 879 25 21 of
340 879 43 22 Mr.
395 880 114 22 Ludlam's
519 881 90 22 section.

54 904 58 21 June
122 906 35 24 28,
169 906 59 20 1842.

81 948 93 21 Union
188 949 89 21 Steam
293 951 62 19 Saw
369 951 54 20 and
437 951 87 21 Plour
539 952 69 21 Mill.

54 983 92 48 THE
162 983 251 24 SHAREHOLDERS
424 985 27 21 of
460 985 45 22 this
515 986 121 27 Company,

129 1010 50 21 who
190 1010 55 21 have
257 1011 127 21 subscribed
395 1012 36 21 the
446 1012 65 21 Deed
522 1013 25 21 of
558 1013 79 21 Settle-

53 1040 62 17 ment
129 1035 46 22 and
192 1036 50 26 paid
254 1036 56 22 their
325 1037 90 27 deposit,
428 1045 37 14 are
482 1039 115 26 requested
616 1045 21 15 to

53 1066 58 17 meet
127 1066 25 18 at
167 1062 36 21 the
220 1063 69 22 Office
307 1064 24 21 of
347 1064 44 21 Mr.
404 1065 93 26 Brewer,
519 1066 119 21 Manners-

52 1092 72 22 street,
134 1095 27 16 on
173 1088 80 28 Friday
258 1094 62 22 next,
329 1090 35 21 the
373 1092 33 20 Ist
413 1091 61 27 July,
484 1095 24 18 at
514 1094 26 20 12
546 1092 90 22 o'clock.

79 1122 143 27 Wellington,
234 1123 57 22 June
303 1125 32 25 28,
348 1125 59 21 1842.

228 1161 42 20 Ex

53 1194 89 47 FOR
157 1193 84 28 SALE,
253 1194 27 27 by
291 1194 38 22 the
339 1195 154 28 undersigned,
507 1196 36 23 the
554 1197 83 23 follow-

124 1221 40 25 ing
173 1221 71 26 cattle,
256 1221 96 22 selected
361 1222 57 22 from
428 1223 38 21 the
476 1223 56 22 herd
543 1225 24 20 of
573 1226 62 26 Capt.

53 1247 97 26 Rhodes,
170 1252 23 16 at
211 1247 101 27 Broulee,
330 1248 55 22 New
404 1250 70 22 South
490 1250 80 28 Wales,
591 1252 46 21 and

52 1274 82 21 lauded
145 1274 52 21 here
208 1274 21 22 in
241 1275 69 26 prime
319 1276 120 27 condition,

78 1302 27 20 28
115 1308 58 14 cows
181 1301 23 21 in
216 1301 48 27 calf,

79 1330 13 18 9
101 1327 108 27 bullocks,

79 1355 25 20 13
115 1360 69 15 steers
194 1355 45 21 and
252 1355 88 27 heifers,
353 1356 100 28 eighteen
465 1359 89 21 months
563 1359 45 23 old.

315 1391 62 19 ALSO,

79 1408 40 21 150
129 1414 57 15 ewes
196 1408 43 21 and
248 1409 99 29 wethers,
359 1418 29 14 ex
395 1412 60 20 Lord
463 1413 91 20 Hobart.

311 1443 35 23 W.
361 1445 26 21 B.
403 1446 97 22 Rhodes
515 1447 42 22 and
568 1448 40 21 Co.

79 1468 61 22 June
149 1469 34 26 28,
199 1470 57 21 1542.

53 1513 41 19 Ex
107 1514 104 24 barque
417 1519 56 20 and
488 1520 76 21 other
578 1521 56 21 late

282 1542 121 23 arrivals.

51 1566 101 48 IjMVE
166 1566 77 23 TONS
258 1567 60 23 fresh
328 1570 97 22 Colonial
436 1570 63 28 flour,

124 1592 75 22 White
210 1595 43 20 and
263 1595 75 22 brown
350 1604 65 20 sugar
425 1598 21 21 in
455 1603 65 23 mats,
532 1600 75 27 coffee,

77 1620 71 21 Black
157 1620 44 21 and
211 1628 66 19 green
294 1626 41 23 tea,
348 1624 91 22 tobacco
449 1625 23 22 in
482 1628 40 20 200
531 1626 29 22 lb.
573 1627 61 28 kegs,

78 1646 114 25 Blankets,
205 1647 46 22 loaf
258 1655 71 21 sugar,
340 1650 62 27 piece
412 1652 76 28 goods,

77 1673 54 21 New
145 1673 96 23 Zealand
251 1676 56 26 pork
317 1676 45 21 and
373 1682 105 22 potatoes.

77 1699 66 23 Wine
154 1700 21 22 in
185 1702 63 21 wood
254 1702 46 21 and
310 1703 75 27 bottle,
398 1705 85 22 bottled
493 1706 41 27 ale,

77 1727 44 21 Gin
133 1727 22 21 in
167 1735 67 14 cases.
262 1729 67 27 Rum,
341 1731 44 26 gin,
397 1732 94 28 brandy,
502 1734 45 21 and
555 1735 80 21 arrack

51 1760 21 14 in
82 1753 68 23 bond.

303 1782 35 23 W.
354 1784 25 22 B.
395 1784 96 24 Rhodes
506 1787 43 22 and
564 1788 40 22 Co.

76 1807 57 22 June
144 1808 32 25 28,
189 1809 59 21 1842.

198 1854 42 20 Ex
279 1856 75 26 Lady

48 1885 201 49 BLANKETS,

126 1913 61 22 Dark
197 1915 84 24 ground
292 1915 77 28 prints,

75 1940 106 26 Calicoes,
194 1941 64 21 white
269 1943 45 21 and
322 1950 61 20 grey,

75 1966 23 22 Pi
103 1967 23 21 i;,
131 1967 35 21 ted
176 1969 84 19 merino
270 1969 91 26 dresses,

75 1993 91 21 Fustian
177 1998 60 17 coats
246 1995 44 21 and
300 1998 101 26 trousers,

75 2019 82 23 Mould
167 2020 89 22 candles
268 2021 85 28 (good),

74 2047 73 21 Tacks
157 2047 25 21 of
189 2047 60 27 sizes,
261 2049 48 21 iron
317 2050 45 21 and
369 2050 39 28 tin,

75 2073 65 22 L;md
150 2073 45 22 and
204 2073 51 23 boat
264 2076 63 27 nails,

75 2100 57 22 Shoe
143 2101 63 25 nails,

76 2127 101 27 Oranges
187 2127 22 21 in
221 2128 62 22 small
294 2130 67 23 cedar
368 2130 79 28 chests,

75 2155 20 20 A
106 2155 42 21 few
159 2154 87 22 bushels
255 2156 106 23 Derwent
371 2159 52 20 seed
434 2159 78 22 wheat.

328 2183 106 24 Johnson
450 2187 45 20 and
511 2187 93 23 Moore.

74 2207 59 23 June
143 2209 33 24 28,
190 2209 56 21 1842.

49 2251 92 34 rpHE
156 2251 229 26 UNDERSIGNED
405 2257 65 22 offers
486 2258 35 22 for
535 2259 50 26 sale,
604 2267 28 15 ex

55 2278 29 23 X
121 2280 61 25 Lady
192 2280 77 26 Leigh;
272 2292 28 4 —

74 2307 98 26 Sugar—
174 2307 49 27 loaf,
232 2315 94 19 grocers,
336 2310 43 21 and
389 2311 79 26 ration.

73 2333 53 27 Tea,
140 2333 68 28 hyson
220 2334 43 22 artd
272 2336 57 26 good
340 2336 71 29 black,

74 2360 62 26 Rice,
148 2360 49 22 best
207 2362 90 26 quality,

74 2387 80 26 Coffee,

74 2413 90 27 Cheese,
176 2414 105 23 Cheshire
292 2416 44 22 and
346 2417 84 26 Dutch,

73 2440 86 27 Butter,

72 2467 103 23 Tobacco
186 2468 43 22 and
238 2470 80 27 spirits,

72 2494 56 23 Also
156 2502 13 15 a
195 2496 84 27 variety
308 2498 26 20 of
357 2498 164 30 ironmongery,
550 2502 79 27 prints,

45 2521 110 27 blankets,
168 2522 45 21 and
223 2524 65 26 slops.

305 2551 110 23 William
430 2553 172 25 Fitzherbert.

73 2575 102 27 June2S,
188 2578 58 20 1842.

174 2621 133 28 Building
324 2623 178 23 Allotments.

47 2654 89 47 FOR
160 2654 83 27 SALE,
268 2655 100 29 building
392 2658 133 29 allotments,
548 2661 84 27 having

119 2681 112 26 frontages
241 2689 28 13 on
283 2682 70 23 Willis
363 2685 42 21 and
419 2685 109 23 Ghuznee
538 2688 91 26 Streets,

46 2710 41 18 two
105 2708 26 21 of
141 2707 37 22 the
193 2709 108 27 principal
316 2713 76 19 streets
407 2713 25 20 of
444 2713 37 21 the
493 2718 62 18 town.
587 2715 45 22 For

46 2734 62 28 plans
119 2734 44 22 and
174 2735 135 29 particulars,
319 2738 64 27 apply
395 2743 22 17 to

452 2767 29 21 A.
497 2767 107 24 Ludlam.

242 2796 74 16 TERMS
331 2798 105 16 LIBERAL.

73 2814 145 28 Wellington,
231 2816 58 22 June
300 2819 32 25 28,
346 2820 58 20 1842.

244 2861 55 21 For
314 2863 117 28 Sydney,

126 2894 29 21 To
164 2894 42 20 sail
214 2901 25 14 on
248 2897 80 25 Friday
337 2899 57 24 next,
406 2900 35 19 the
452 2901 33 19 Ist
493 2901 57 27 July,

53 2923 117 46 '"jfilk.
202 2934 42 35 nP
248 2932 45 23 HE
322 2934 47 22 first
397 2936 57 21 class
482 2937 43 22 fo»t
550 2938 82 29 sailing

66 2960 114 28 t&m
208 2959 29 22 J-
284 2960 82 28 barque
386 2964 72 26 Eagle,
477 2964 35 22 W.
529 2965 21 22 J.
571 2966 62 22 Shell

214 2988 154 28 commander;
383 2989 40 23 has
432 2992 102 26 splendid
543 3000 89 14 accom-

45 3016 150 31 jESS^sßß
214 3021 20 14 ni
237 3014 107 23 °dations.
380 3016 44 23 For
442 3018 82 27 freight
540 3026 24 14 or
582 3028 50 20 pas-

214 3048 58 20 sage,
293 3042 64 28 apply
379 3048 20 17 to
425 3044 37 22 the
488 3046 92 27 Captain
603 3054 27 15 on

218 3068 74 27 board,
303 3077 25 13 or
337 3073 22 18 to

398 3098 91 22 Willis
505 3099 43 22 and
564 3101 39 21 Co.

783 2064 97 23 Notice
896 2067 29 19 to
942 2067 179 22 Subscribers.

664 2102 76 25 Papers
756 2103 45 19 will
813 2104 35 18 not
863 2103 23 20 be
899 2105 46 18 sent
963 2105 20 18 to
996 2111 85 19 persons
1094 2106 63 25 living
1172 2108 36 19 out
1225 2107 27 25 of

688 2137 52 20 Port
751 2137 119 25 Nicholson,
888 2139 69 19 unless
971 2142 153 23 arrangements
1138 2148 35 13 are
1188 2143 60 19 made

685 2171 36 22 for
731 2171 34 20 (he
770 2174 100 23 payment
879 2173 69 25 ofthe
957 2179 60 21 same,
1030 2175 89 25 thr^'yh
1130 2182 25 13 an
1168 2177 77 25 Agent,

688 2207 21 18 at
722 2206 133 25 Wellington.
