2480 4390
189 162 91 35 THE
303 159 231 37 NOVELIST.

139 264 28 28 A
187 262 168 30 DIGGER'S
374 260 218 31 CHRISTMAS.

204 339 55 36 (By
273 339 27 28 C.
315 339 33 28 0.
362 336 171 36 Montrose.)

120 396 26 27 A
158 403 84 28 merry
255 395 140 28 Christmas
402 395 49 27 and
463 404 14 18 a
487 395 83 36 happy
579 393 66 28 New

167 436 28 24 to
205 433 35 27 all
253 442 43 26 my
308 433 99 27 readers
419 435 5 25 !
460 432 14 28 I
482 433 64 35 hope
558 433 21 26 it
592 431 51 28 will

85 473 27 23 at
135 470 64 26 least
222 470 31 26 be
278 480 15 16 a
314 471 104 25 merrier
431 470 139 26 Chiistmas
582 470 62 27 than

85 507 56 26 that
162 506 81 28 which
266 506 14 28 I
302 510 75 32 spent
398 507 26 26 in
449 508 66 27 1859
542 517 32 17 on
601 507 42 27 the

83 544 93 34 Indigo
207 544 130 33 Diggings,
370 544 119 25 Victoria.
528 545 41 25 Do
598 548 46 22 not

82 579 128 29 confound
247 579 71 27 these
354 579 61 27 with
447 581 43 26 the
520 581 122 35 Bendigo.

82 618 71 36 They
164 626 42 18 are
216 620 50 23 two
280 617 80 35 places
378 617 78 35 widly
473 623 79 30 aparh.
590 619 53 26 The

82 656 91 36 Indigo
198 654 116 37 diggings
337 664 66 19 were
426 664 33 18 on
483 656 44 27 the
551 656 48 28 site
616 657 29 27 of

81 694 44 26 the
146 696 101 31 present
268 693 139 33 townships
422 693 28 25 of
461 693 116 25 Chiltern
590 694 50 24 and

82 730 140 28 Christmas
242 728 88 34 Town,
348 729 113 26 between
476 729 79 27 Beech
560 729 80 28 worth

80 768 49 25 and
143 767 43 26 the
198 767 81 26 River
290 766 108 34 Murray
408 775 8 23 ;
435 766 115 34 Bendigo
562 767 22 25 is
602 767 39 25 far

80 812 71 26 away
163 807 27 24 to
201 804 41 26 the
255 805 69 26 west.
360 803 28 27 It
402 811 49 18 was
463 811 15 18 a
488 811 83 27 weary
579 803 61 35 long

80 845 82 32 tramp
182 841 114 27 between
320 840 41 26 the
383 843 51 23 two
455 840 82 36 places
555 841 28 25 in
596 841 44 26 the

78 878 42 27 old
269 878 67 34 days.

113 917 15 27 I
141 916 49 27 had
203 916 63 26 been
278 915 111 35 engaged
402 924 34 17 on
448 924 15 17 a
475 917 112 24 contract
600 914 40 27 for

81 953 43 26 the
145 953 109 26 erection
276 953 30 26 of
323 962 16 16 a
362 952 134 34 stockyard
518 957 26 21 at
556 952 64 26 Bada-

78 990 85 36 ginnie
179 990 71 26 when
263 990 15 27 I
289 992 45 33 got
347 989 43 27 the
402 989 108 36 straight
526 989 38 34 tip
583 989 56 26 that

78 1028 44 26 the
135 1028 127 33 Morgans,
276 1035 14 17 a
309 1026 160 35 prospecting
487 1030 82 31 party,
588 1026 49 26 had

78 1065 88 25 struck
177 1064 58 32 gold
245 1066 26 23 at
282 1064 160 32 Glenrowan,
452 1063 51 24 and
513 1063 43 25 the
565 1071 73 18 scene

78 1101 28 28 of
116 1101 43 28 the
172 1100 78 36 Kelly
260 1099 116 37 exploits,
392 1100 46 27 but
450 1103 24 24 at
489 1099 43 28 the
551 1099 86 36 period

77 1140 29 25 of
116 1148 41 25 my
170 1143 69 29 story
253 1138 42 26 the
308 1138 104 34 embryo
424 1141 70 23 town
511 1138 126 26 consisted

76 1176 29 27 of
122 1185 15 17 a
156 1176 110 34 wayside
286 1175 54 32 inn,
362 1174 83 26 which
464 1175 14 25 I
494 1175 104 26 assisted
610 1178 27 23 to

79 1214 78 26 build.
193 1214 27 26 It
250 1221 52 19 was
325 1221 58 18 neai
405 1212 70 27 Cobb
504 1212 51 27 and
578 1212 60 28 Co's

79 1251 100 32 stables,
200 1250 50 27 and
272 1259 51 18 was
342 1259 14 17 a
377 1249 122 36 half-way
512 1250 77 27 house
598 1250 39 27 for

78 1287 131 27 travellers
217 1286 114 27 between
342 1287 43 26 the
398 1287 190 35 Honeysuckle,
602 1296 33 17 or

76 1325 88 28 Violet
192 1324 86 35 Town,
312 1324 51 28 and
394 1324 107 29 Benalla
532 1334 33 18 on
593 1324 44 28 the

75 1363 103 28 Broken
193 1362 83 26 River.

113 1400 54 28 The
202 1400 140 36 proprietor
365 1400 30 26 of
421 1399 43 27 the
489 1399 147 37 Badaginne

78 1438 80 28 Hotel
178 1447 70 20 came
269 1442 26 23 to
316 1438 67 36 grief
393 1437 154 37 financially.
584 1438 51 28 His

78 1477 61 35 only
151 1480 148 32 permanent
308 1476 117 27 boarders
437 1485 66 17 were
520 1486 16 17 a
553 1475 83 28 bailiff

76 1515 51 28 and
139 1515 97 37 myself.
273 1514 15 29 I
302 1514 180 37 compromised
500 1524 43 26 my
561 1514 74 28 claim

76 1562 32 16 on
132 1553 41 26 the
193 1557 80 22 estate
291 1562 33 17 on
342 1556 106 22 account
460 1553 28 26 of
499 1553 42 25 the
553 1553 69 25 stock-

75 1590 62 35 yard
149 1593 120 30 contract,
282 1590 50 26 and
342 1589 162 36 shouldering
515 1598 42 27 my
567 1599 68 26 swag

75 1630 38 24 set
125 1630 45 24 out
175 1627 62 27 with
251 1636 15 18 a
278 1628 66 35 light
355 1627 71 27 heart
435 1627 50 26 and
493 1636 32 17 an
533 1627 102 35 equally

76 1665 65 35 light
152 1665 91 36 pocket
255 1668 27 25 to
294 1668 41 32 try
349 1673 42 27 my
404 1664 59 28 luck
477 1668 26 23 at
516 1664 44 27 the
578 1673 55 18 new

76 1702 32 27 El
121 1703 109 27 Dorado.
266 1703 14 27 I
293 1703 88 35 passed
389 1702 108 35 through
511 1702 42 27 the
567 1702 67 28 Crab

80 1739 88 34 Holes,
182 1740 81 27 which
276 1744 28 23 at
316 1740 51 27 this
378 1741 46 34 dry
442 1748 88 19 season
547 1740 29 26 of
591 1740 43 26 the

79 1787 60 25 year
160 1787 65 18 were
243 1778 146 36 ankle-deep
410 1778 28 27 in
454 1778 66 33 dust,
542 1778 47 27 but
607 1778 27 26 in

81 1815 90 26 winter
195 1816 99 26 became
318 1825 14 17 a
355 1816 74 26 chain
442 1816 29 26 of
478 1820 71 31 great
562 1816 54 25 mud-

80 1852 69 27 holes
160 1854 135 26 connected
308 1853 33 34 by
360 1853 62 34 deep
436 1856 62 30 ruts,
512 1853 27 26 in
553 1853 80 26 which

80 1889 80 28 whole
182 1894 79 24 teams
280 1891 29 27 of
328 1890 114 29 bullocks
459 1891 50 26 and
527 1890 106 29 Yankee

79 1936 116 27 waggons
216 1937 66 18 were
298 1929 69 26 often
380 1929 96 34 bogged
485 1929 40 25 for
537 1929 96 26 several

78 1964 70 35 days.
189 1965 53 27 The
270 1966 113 26 roadside
412 1974 51 18 was
485 1965 147 36 plentifully

76 2001 129 35 sprinkled
231 2011 17 17 m
255 2002 37 26 ith
311 2003 44 26 the
372 2002 127 27 skeletons
510 2003 28 26 of
548 2002 85 27 horses

77 2038 50 26 and
149 2039 77 26 cattle
249 2040 56 25 that
321 2039 50 27 had
384 2040 62 25 been
459 2048 70 18 worn
541 2044 46 22 out
599 2041 34 33 by

78 2074 42 27 the
141 2075 102 28 terrible
251 2076 88 35 strain,
351 2085 65 18 were
426 2076 87 27 drawn
526 2077 69 26 aside
607 2081 26 22 to

78 2112 47 33 die,
143 2113 51 26 and
211 2113 49 27 had
278 2114 64 26 been
359 2113 88 35 picked
461 2114 69 26 clean
543 2114 34 33 by
590 2113 43 27 the

80 2153 56 21 vast
148 2150 78 25 flocks
236 2150 28 25 of
273 2159 79 19 crow
362 2150 55 24 that
429 2150 68 25 cften
507 2150 126 26 darkened

78 2183 44 28 the
138 2183 49 36 sky
197 2184 50 27 and
259 2193 63 27 gave
331 2194 15 17 a
358 2185 112 26 funereal
483 2194 152 26 appearance

80 2224 26 23 to
136 2221 43 27 the
207 2225 55 31 tops
290 2223 30 26 of
348 2222 42 26 the
421 2222 121 26 withered
560 2226 71 23 trees.

77 2257 72 27 Here
162 2258 50 26 and
225 2258 69 27 there
307 2258 43 26 the
362 2258 88 27 stench
462 2258 27 27 of
504 2268 15 16 a
537 2267 96 18 carcase

76 2295 108 27 denoted
206 2295 43 27 the
268 2296 139 36 proximity
426 2296 28 26 of
462 2305 67 18 some
546 2296 73 26 unfor-

75 2336 89 25 tunate
185 2336 119 25 teamster
316 2334 56 27 that
389 2334 50 27 had
452 2334 111 35 recently
574 2335 59 26 died

73 2370 28 24 in
113 2369 110 26 harness.
262 2371 174 34 Occasionally
448 2380 14 15 a
475 2371 59 34 long
550 2371 83 35 string

73 2406 29 29 of
123 2406 129 38 pig-tailed
271 2408 141 30 Chinamen
430 2408 103 37 bearing
551 2408 80 36 heavy

73 2446 111 26 burdens
196 2454 33 18 on
242 2446 106 27 bamboo
359 2446 76 35 poles,
449 2455 29 17 or
489 2456 15 16 a
520 2450 74 31 party
606 2448 28 24 of

73 2482 99 36 diggers
191 2483 117 36 carrying
328 2492 80 27 swags
430 2483 49 27 and

73 2528 65 19 were
150 2520 120 37 trudging
282 2521 104 36 wearily
395 2521 109 36 through
519 2521 42 28 the
571 2521 59 28 dust

71 2558 51 27 and
147 2558 144 37 sweltering
320 2559 59 28 heat
408 2560 108 27 towards
534 2560 80 27 Beech-

68 2595 89 27 worth.

104 2632 50 35 My
174 2632 148 35 companion
353 2643 50 17 was
422 2643 16 17 a
461 2634 166 34 Frenchman,

69 2670 112 35 bending
211 2670 109 26 towards
349 2671 44 26 the
411 2680 68 17 same
497 2671 129 27 direction.

71 2707 49 27 We
132 2707 114 32 beguiled
261 2707 42 27 the
317 2717 55 26 way
381 2708 61 27 with
455 2717 31 18 an
501 2709 126 26 animated

71 2745 138 26 discussion
247 2754 33 17 on
322 2745 43 27 the
400 2750 89 23 events
518 2747 28 25 of
588 2747 41 26 the

71 2782 155 36 Napoleonic
250 2783 94 35 period,
381 2783 62 26 fiom
481 2783 80 26 which
591 2793 38 17 we

71 2821 87 34 passed
168 2820 127 35 naturally
309 2824 26 24 to
348 2821 43 27 the
400 2820 85 28 Battle
495 2821 27 27 of
532 2821 80 27 Water-

71 2858 48 32 loo,
132 2858 50 26 and
196 2858 42 26 the
250 2858 106 26 relative
367 2858 113 26 national
492 2859 124 26 character-

70 2895 70 26 istics
165 2895 28 26 of
211 2895 97 27 French
327 2896 50 25 and
396 2896 96 26 British
516 2896 113 27 soldiers.

71 2931 209 35 Unfortunately,
293 2941 46 17 our
358 2933 77 26 views
447 2942 32 17 on
492 2933 52 26 this
569 2934 45 25 sub-

70 2968 53 34 ject
141 2969 103 26 differed
262 2978 28 18 so
313 2970 92 33 widely
423 2970 56 26 that
492 2979 42 25 ray
547 2970 82 27 Gallic

70 3005 82 26 friend
163 3006 48 25 lost
222 3005 40 26 his
275 3008 103 32 temper,
388 3006 50 26 and
447 3015 41 23 my
498 3015 128 26 company.

69 3041 30 28 If
108 3042 14 26 I
134 3042 139 26 romember
281 3042 100 35 rightly,
393 3043 31 26 he
436 3043 49 26 lost
497 3043 52 27 also
561 3053 67 17 some

70 3078 81 34 blood,
166 3079 49 27 and
229 3088 14 17 a
255 3079 48 28 few
313 3079 68 28 front
394 3079 75 29 teeth.

105 3116 82 28 Social
208 3116 64 27 rank
285 3117 49 27 and
353 3117 106 28 colonial
482 3118 147 35 experience

70 3163 65 18 were
149 3154 129 27 measured
297 3155 131 34 according
442 3159 25 23 to
480 3156 43 26 the
535 3164 74 26 expen-

69 3190 112 27 siveness
191 3191 51 26 and
253 3200 46 27 age
308 3192 28 26 of
343 3192 43 26 the
395 3192 173 35 cabbage-tree
576 3193 51 28 hat.

69 3227 54 28 The
135 3228 57 27 sash
214 3237 52 19 was
279 3229 43 28 the
345 3229 109 36 insignia
466 3230 28 27 of
538 3230 63 27 flash

69 3274 30 17 or
108 3265 98 35 display
215 3265 30 27 of
251 3267 98 26 wealth.
386 3267 28 27 It
424 3268 84 25 would
518 3267 110 35 surprise

69 3311 78 29 many
159 3303 29 28 of
196 3312 43 28 my
252 3304 98 28 readers
371 3313 65 19 were
449 3305 14 27 I
479 3309 25 24 to
516 3304 57 38 give
585 3305 44 27 the

68 3345 54 23 cost
142 3342 29 26 of
179 3350 68 18 some
259 3343 30 26 of
306 3343 43 26 the
365 3351 68 19 more
456 3344 135 33 expensive
603 3344 28 26 of

69 3378 71 25 these
164 3381 67 24 touts
250 3379 138 27 ensembles.
435 3379 69 34 They
525 3383 54 23 cost
602 3389 27 16 as

69 3413 76 28 much
157 3422 27 19 as
197 3418 51 25 two
259 3424 28 19 or
305 3415 70 28 three
413 3416 70 28 swell
500 3419 43 34 get
555 3424 47 28 ups

69 3451 29 28 in
110 3451 70 28 these
192 3452 70 36 days.
307 3453 81 28 There
401 3463 64 18 were
486 3463 34 18 no
532 3463 96 18 women

71 3493 27 23 to
110 3489 31 27 be
153 3498 57 18 seen
222 3490 28 26 in
262 3490 44 27 the
323 3491 188 34 dance-houses,
524 3492 57 32 and,
594 3491 34 27 all

71 3526 87 36 things
181 3527 153 34 considered,
347 3528 21 26 it
385 3537 51 18 was
454 3528 55 35 just
532 3537 28 18 as
572 3528 56 27 well

71 3563 57 27 that
155 3563 60 36 they
242 3573 64 18 were
324 3565 95 27 absent.
456 3566 103 32 Indeed,
586 3566 42 26 the

70 3600 82 27 whole
164 3601 90 28 female
272 3602 147 36 population
443 3602 28 27 of
481 3603 43 26 the
536 3602 92 36 Indigo

70 3638 83 35 might
165 3638 64 27 have
249 3639 63 27 been
323 3640 108 27 counted
452 3650 33 17 on
497 3639 66 28 one's
581 3641 36 26 fin-

69 3684 63 26 gers.

104 3711 87 29 When
205 3712 14 28 I
231 3713 58 27 read
312 3713 43 27 the
371 3717 7 12 '
386 3714 75 27 Star'
483 3723 145 27 correspon*

70 3749 82 28 dent's
163 3749 152 38 description
322 3751 30 27 of
361 3751 42 28 the
416 3752 55 27 first
482 3752 106 37 pegging
595 3752 36 27 off

70 3790 28 23 at
109 3787 35 27 Te
156 3788 93 32 Aroha,
259 3789 23 26 it
294 3789 98 35 vividly
412 3791 106 26 recalled
531 3791 44 26 the
585 3791 43 26 old

71 3831 84 19 scenes
167 3832 31 18 on
214 3825 43 27 the
274 3825 97 37 Indigo.
419 3826 53 28 The
484 3827 105 35 rushing
602 3831 26 22 to

71 3860 43 26 the
126 3860 131 28 Warden's
269 3862 76 33 office,
367 3863 43 27 the
423 3872 57 20 men
494 3864 87 26 drawn
593 3872 35 26 up

71 3896 28 25 in
124 3897 79 27 battle
214 3906 73 26 array
311 3902 26 23 to
348 3900 79 34 guard
449 3900 67 27 their
534 3900 92 33 claims,

72 3932 44 27 the
130 3935 112 35 struggle
266 3944 59 19 over
344 3936 42 28 the
409 3946 66 27 pegs,
507 3938 50 27 and
584 3937 43 28 the

73 3972 102 32 general
200 3972 90 33 bustle,
313 3974 146 32 animation,
481 3976 50 25 and
543 3984 70 24 eager-

73 4014 63 25 ness,
149 4011 69 23 must
226 4008 64 26 have
301 4008 61 28 been
374 4010 52 27 like
440 4011 42 27 the
492 4011 136 27 miniature

73 4045 167 28 resemblance
252 4046 28 27 of
298 4046 43 28 the
358 4052 69 31 great
447 4058 72 18 scene
539 4058 33 18 on
585 4048 43 28 the

69 4081 92 34 Indigo
172 4082 63 28 lead.

104 4118 61 35 But,
177 4119 32 27 ah
222 4121 54 26 me!
290 4121 44 27 the
344 4122 73 27 times
428 4123 64 27 have
500 4124 72 35 sadly
584 4123 29 27 de-

70 4156 142 35 generated.
250 4158 54 27 The
316 4160 84 26 march
418 4161 29 26 of
466 4161 159 34 civilisation,

70 4193 44 26 the
144 4194 94 34 malign
266 4195 125 29 influence
419 4198 28 27 of
475 4199 43 26 the
548 4199 79 27 Peace

71 4230 109 34 Society,
195 4231 42 25 the
257 4232 176 35 development
450 4236 28 24 of
496 4237 43 24 the
556 4237 71 24 law's

71 4267 139 33 restraints,
223 4267 50 27 and
287 4268 41 27 the
337 4269 113 38 frontage
459 4275 92 32 system
563 4272 63 28 have

674 151 126 38 produced
822 161 16 18 a
850 160 56 19 new
929 156 39 23 set
980 150 27 29 of
1030 150 200 33 circumstances,

673 191 51 28 and
748 190 43 27 the
807 189 51 34 old,
877 189 60 27 wild
964 188 106 36 stirring
1087 198 84 18 scenes
1188 196 42 20 are

674 229 86 34 things
769 227 28 27 of
802 227 43 26 the
854 229 64 33 past.
954 226 53 27 The
1016 226 68 34 slow,
1098 225 132 36 laborious,

674 266 86 35 costly,
773 264 50 28 and
837 264 121 28 scientific
975 264 194 36 quartz-mining
1186 264 45 27 has

674 304 77 27 taken
763 303 34 27 all
809 303 44 26 the
870 311 116 18 romance
998 304 46 24 out
1068 301 29 27 of
1106 301 58 36 gold
1177 302 52 35 dig*

673 341 66 37 ging.
788 339 52 28 The
852 339 42 28 old
944 339 57 36 pipe
1011 339 55 35 clay
1078 339 127 35 punching

673 381 62 35 days
746 388 42 17 are
798 387 15 18 a
826 378 84 27 dream
918 377 28 26 of
951 377 60 36 long
1020 386 52 26 ago.
1138 376 67 27 Piles

672 426 43 20 are
726 426 34 19 no
777 417 87 36 longer
874 415 73 28 made
972 415 28 27 in
1012 424 15 18 a
1050 415 56 36 day,
1118 414 51 28 and
1181 414 49 28 lost

673 465 26 18 as
712 456 111 37 quickly.
871 454 54 28 The
937 453 70 36 rapid
1020 453 107 35 changes
1140 453 28 27 of
1183 453 35 26 for-

673 499 61 22 tune
744 492 80 28 which
834 495 38 25 set
883 492 41 28 the
937 491 72 27 heart
1021 491 103 35 beating
1134 490 92 35 wildly,

671 531 92 27 stirred
787 530 77 27 men's
880 529 91 36 pulses,
995 529 51 26 and
1064 529 72 26 made
1153 529 44 26 life
1214 537 14 17 a

671 568 91 36 golden
776 567 93 33 dream,
891 576 15 17 a
918 565 128 37 perennial
1059 565 166 35 hopefulness,

671 615 43 17 are
718 614 65 28 gone
791 605 39 27 for
840 613 65 18 ever.
925 603 118 29 Wehave
1048 603 100 27 become
1157 603 69 32 bard,

671 643 159 37 calculating,
844 642 90 34 selfish,
948 641 51 28 and
1011 640 128 30 scientific.
1176 640 51 28 The

671 683 74 25 times
770 691 43 17 are
842 690 33 17 no
904 682 87 33 longer
1021 680 73 26 when
1124 689 15 16 a
1170 689 57 17 man

670 718 73 26 could
757 722 74 22 wrest
844 718 90 26 wealth
948 718 63 25 from
1025 717 43 26 the
1080 717 71 26 earth
1166 717 60 25 with

670 764 15 17 a
697 755 58 35 pick
769 756 48 26 and
829 755 95 33 shovel,
937 755 39 26 tin
987 755 63 32 dish,
1064 754 53 32 tub,
1137 754 88 32 cradle,

669 800 15 17 a
709 791 91 28 bucket
818 792 50 26 and
891 800 66 26 rope,
974 791 49 26 and
1042 800 13 18 a
1082 791 47 26 few
1159 790 67 36 days'

670 830 6 14 *
685 830 106 26 tucker.'
828 830 26 24 It
867 829 22 25 is
901 830 34 24 all
953 830 99 34 capital,
1066 829 73 34 scrip,
1152 829 71 32 adits,

668 866 109 33 tunnels,
788 866 79 34 costly
877 866 151 36 machinery,
1042 866 48 26 and
1102 866 124 26 laborious

668 903 102 33 science,
784 903 28 26 in
831 903 80 26 which
930 911 58 18 men
1009 912 65 17 wear
1092 907 45 22 out
1155 904 71 25 heart

667 940 50 26 and
729 939 55 27 soul
797 940 62 34 deep
870 940 74 26 down
954 940 25 25 in
991 940 44 26 the
1048 940 92 26 bowels
1149 940 29 26 of
1183 940 42 27 the

667 978 81 32 earth,
762 977 89 35 slowly
861 978 99 34 tearing
969 981 45 23 out
1023 981 70 32 great
1102 986 90 18 masses
1201 980 24 24 of

667 1014 62 26 hard
753 1014 69 34 rock,
840 1015 49 25 and
912 1015 109 34 moodily
1040 1014 120 35 awaiting
1184 1015 41 27 the

667 1051 99 26 tedious
782 1060 98 25 process
897 1052 30 25 of
944 1052 127 33 crushing,
1102 1052 123 35 retorting

666 1088 52 27 and
735 1097 28 18 so
790 1087 74 28 forth.
915 1088 27 28 It
966 1088 81 27 would
1079 1088 74 27 make
1183 1089 41 28 the

667 1127 217 34 mouthdofyour
901 1127 226 35 quartz-punchers
1148 1131 77 22 water

668 1172 63 17 were
748 1164 13 24 I
776 1166 25 23 to
813 1163 46 26 tell
871 1172 50 25 you
934 1164 28 25 of
970 1164 56 25 how
1039 1164 49 26 Pat
1101 1164 121 35 Murphy,

666 1200 87 36 Sandy
783 1200 165 33 McPhersen,
985 1210 27 18 or
1054 1200 51 28 Bill
1142 1201 81 27 Smith

666 1238 128 27 bottomed
807 1247 15 18 a
834 1238 67 27 shaft
987 1239 42 26 the

664 1284 16 17 a
868 1276 49 25 and
937 1276 100 34 panned
1056 1280 45 22 out
1113 1277 30 24 of
1152 1285 15 17 a
1185 1277 38 26 tin

664 1312 55 27 dish
741 1313 29 26 of
786 1313 132 27 wash-dirt
936 1321 27 18 as
996 1313 75 26 much
1103 1313 105 36 money's-

666 1351 81 26 worth
775 1360 28 16 as
835 1353 66 23 most
925 1350 28 26 of
975 1359 50 26 you
1050 1359 61 26 poor
1135 1352 88 35 toiling

666 1388 121 26 wretches
800 1388 73 25 make
882 1387 28 25 in
922 1397 14 16 a
948 1395 66 27 year.
1051 1388 53 26 The
1117 1388 106 35 thought

664 1424 46 28 has
719 1425 70 27 often
798 1425 119 27 occurred
927 1428 26 24 to
962 1433 40 19 me
1012 1424 56 28 that
1077 1425 42 27 the
1129 1425 94 37 change

665 1463 65 27 from
743 1463 43 26 the
798 1463 41 26 old
852 1463 66 34 style
931 1463 28 26 of
966 1463 103 35 digging
1077 1466 26 23 to
1113 1463 42 27 the
1168 1473 55 18 new

664 1500 22 29 is
698 1510 14 18 a
725 1508 60 30 type
803 1500 28 28 of
842 1500 41 28 the
896 1500 89 37 phases
998 1500 28 28 of
1037 1501 101 27 modern
1153 1501 57 28 civil-

664 1539 102 32 izatioD,
777 1540 42 26 the
831 1539 96 34 change
939 1540 65 26 from
1015 1539 43 26 the
1073 1540 49 33 old,
1134 1540 88 34 simple

664 1576 84 35 happy
767 1576 61 35 days
849 1576 29 26 of
893 1584 46 17 our
957 1576 182 35 grandfathers,
1160 1577 61 25 with

664 1614 66 25 their
741 1623 83 25 merry
838 1613 125 34 makings,
974 1614 88 33 family
1070 1614 151 35 gatherings,

663 1651 50 26 and
726 1650 99 36 kindly,
836 1650 108 35 homely,
956 1650 89 27 honest
1056 1660 75 26 ways,
1143 1655 26 23 to
1180 1653 41 25 the

663 1689 149 33 selfishness,
832 1689 237 35 money-grubbing,
1085 1698 62 17 wear
1169 1690 49 25 and

662 1729 61 30 tear,
756 1726 49 26 and
838 1725 72 27 stark
943 1728 124 24 contrasts
1098 1727 28 25 of
1142 1730 79 32 gaunt

663 1766 106 34 poverty
782 1763 51 27 and
852 1763 134 28 luxurious
1005 1764 92 26 wealth
1109 1764 28 27 of
1153 1764 68 28 these

663 1802 62 26 hard
739 1802 104 25 modern
856 1801 81 27 times.
974 1802 53 26 But
1037 1802 64 26 lam
1109 1802 112 35 growing

662 1838 169 35 disgustingly
859 1838 170 32 sentimental,
1069 1839 50 26 and
1153 1843 68 22 must
1230 1838 1 40 J

663 1876 89 27 hasten
764 1885 40 18 or.

697 1917 37 25 At
746 1915 44 26 the
803 1915 61 27 time
877 1915 27 26 of
916 1924 42 24 my
976 1917 79 32 story,
1074 1915 43 26 the
1131 1914 89 36 Indigo

663 1961 51 17 was
725 1952 117 26 crowded
854 1952 62 25 with
930 1952 43 25 the
984 1952 58 34 pick
1054 1952 29 26 of
1093 1952 42 26 the
1153 1961 50 17 man-

662 1988 65 27 hood
748 1988 29 26 of
793 1988 42 26 the
859 1988 116 33 colonies,
995 1998 87 26 young
1099 1988 119 33 stalwart,

662 2026 161 34 bright-eyed
842 2025 104 35 healthy
961 2034 57 18 men
1040 2035 7 24 ;
1075 2026 94 26 enured
1193 2029 26 22 to

662 2062 127 36 hardship,
803 2065 87 32 strong
911 2063 29 25 of
957 2062 73 32 band,
1045 2063 125 26 muscular
1181 2063 38 25 for

661 2100 54 33 toil,
729 2099 104 27 brimful
847 2100 27 25 of
885 2100 70 34 hope,
967 2100 77 34 quick
1056 2103 27 24 to
1096 2100 97 36 requite
1204 2109 14 17 a

663 2145 86 25 wrong
758 2145 27 17 or
913 2146 30 15 ah
956 2136 216 33 insuii,cLivuTrctf
1192 2136 19 25 U

663 2180 121 25 generous
798 2176 25 21 to
843 2182 14 13 a
880 2173 89 30 friend,
1193 2177 24 20 to

663 2208 59 35 help
735 2218 15 17 a
764 2208 102 26 brother
877 2208 27 26 in
915 2208 109 27 distress.
1072 2208 94 29 Where
1178 2216 41 19 arc

661 2253 57 17 now
741 2245 71 25 those
833 2245 87 25 Titans
940 2245 28 25 of
983 2245 40 25 old
1038 2245 4 26 !
1073 2245 89 26 Under
1176 2246 42 24 the

663 2282 52 34 sod,
741 2285 64 23 most
823 2281 28 27 of
878 2282 77 33 them,
981 2281 90 27 buried
1096 2290 71 27 away
1191 2282 27 26 in

661 2319 123 28 nameless
808 2328 95 27 graves,
931 2319 116 36 decayed,
1074 2328 70 18 worn
1173 2322 45 25 out

662 2357 61 25 with
735 2357 42 25 the
787 2357 56 25 mad
853 2357 149 33 dissipation
1010 2357 49 25 and
1067 2358 152 25 excitement

660 2392 28 29 of
949 2392 96 28 broken
1083 2392 63 28 with
1176 2392 43 29 the

659 2432 132 26 fickleness
816 2432 27 26 of
864 2432 101 26 fortune
977 2442 7 22 ;
1002 2432 160 35 luxuriating
1184 2442 34 16 on

660 2469 43 26 the
722 2469 116 34 proceeds
863 2469 28 26 of
913 2469 110 34 prudent
1050 2469 101 35 savings
1168 2469 50 26 and

659 2506 212 35 metamorphised
904 2506 56 26 into
997 2506 66 26 staid
1092 2507 120 33 citizens;

658 2554 29 17 or
711 2543 96 28 wrecks
828 2543 28 27 of
877 2543 92 28 former
993 2543 69 36 lusty
1086 2544 130 34 manhood,

657 2582 178 35 grey-hoaded,
882 2591 133 24 careworn,
1055 2582 49 26 and
1145 2583 71 34 aged,

658 2619 119 36 dwelling
790 2619 27 26 in
831 2618 43 27 the
892 2619 145 26 dreamland
1057 2620 29 25 of
1101 2619 42 27 the
1162 2623 54 32 past

657 2657 51 25 and
720 2656 101 35 sighing
838 2656 26 26 in
885 2656 59 26 vain
962 2656 38 27 for
1018 2656 43 26 the
1079 2657 96 25 revival
1192 2657 28 26 of

657 2694 44 26 the
713 2693 77 27 brave
800 2693 60 35 days
870 2693 28 27 of
904 2694 42 26 old
991 2693 74 28 More
1073 2694 143 27 sentiment!

658 2731 76 33 Well,
760 2731 15 27 I
788 2740 40 17 am
853 2731 137 35 scribbling
1014 2731 37 27 off
1066 2731 51 28 this
1129 2732 87 27 sketch

659 2768 140 35 hurriedly,
812 2768 62 28 with
884 2769 41 26 the
938 2769 118 35 printer's
1068 2769 52 35 imp
1132 2773 28 24 at
1172 2779 42 25 my

657 2806 89 34 elbow,
766 2806 50 26 and
835 2807 137 26 sentiment
993 2806 22 28 is
1035 2810 45 24 out
1101 2808 28 26 of
1139 2808 75 36 place.

658 2844 74 26 Some
744 2844 57 35 day,
814 2844 23 26 if
845 2853 51 26 you
908 2844 52 26 like
973 2845 58 32 this,
1043 2845 14 27 I
1070 2855 58 24 may
1148 2846 68 26 write

657 2881 98 27 further
784 2881 89 27 stories
903 2882 27 27 of
958 2881 44 27 the
1031 2883 112 34 pathetic
1165 2883 49 27 and

657 2918 160 27 sentimental
831 2919 53 26 side
897 2919 27 26 of
934 2919 115 36 diggings
1063 2919 50 30 life.

837 2993 145 23 CHAPTER
1002 2994 32 23 11.

805 3047 33 19 AT
849 3041 113 27 DEATH'S
987 3049 77 20 DOOR.

719 3084 13 26 I
745 3093 52 26 say,
812 3084 41 27 old
873 3094 65 23 man,
953 3085 35 27 let
1000 3095 30 17 us
1043 3088 41 33 get
1103 3095 14 17 a
1138 3086 61 28 wash-

658 3121 45 35 ing
719 3131 42 26 up,
786 3123 51 26 and
862 3123 74 26 make
953 3133 15 16 a
992 3123 49 26 rise
1059 3123 38 27 for
1117 3124 87 28 Christ-

661 3168 52 17 mas
766 3159 60 26 thus
844 3159 64 28 Jack
929 3159 83 36 Ripon
1031 3161 53 26 said
1110 3166 24 21 to
1147 3171 39 17 me
1203 3171 15 17 a

659 3196 49 26 few
727 3196 129 35 mornings
875 3197 83 26 before
984 3197 140 28 Christmas
1154 3199 62 27 Eve.

659 3232 49 28 We
718 3234 49 27 had
781 3234 129 26 bottomed
919 3243 15 17 a
944 3234 67 28 shaft
1023 3235 68 36 right
1104 3236 111 27 between

659 3274 50 23 two
726 3271 88 26 claims
843 3271 56 26 that
932 3280 65 17 were
1028 3272 113 36 washing
1167 3277 45 22 out

659 3307 70 28 three
741 3317 91 19 ounces
842 3308 28 27 of
879 3308 60 36 gold
953 3312 26 25 to
990 3309 43 28 the
1046 3310 54 35 tub,
1118 3311 45 27 but
1176 3320 38 18 we

659 3345 49 26 had
720 3354 28 17 as
758 3349 45 31 yet
815 3350 43 30 got
870 3347 117 35 nothing.
1024 3349 54 25 Our
1090 3349 65 26 shaft
1167 3349 50 26 had

659 3383 92 25 missed
764 3382 43 26 the
964 3392 29 17 or
1015 3384 43 26 the
1070 3393 49 17 run
1131 3385 26 26 of
1173 3385 43 26 the

657 3418 66 37 gold,
736 3418 50 28 and
798 3419 89 29 struck
901 3419 43 28 the
954 3420 59 35 reef,
1033 3421 45 28 but
1091 3430 38 20 we
1142 3422 72 29 knew

658 3457 33 34 by
713 3457 44 27 the
770 3457 52 36 dip,
846 3466 29 19 or
889 3457 68 36 slope
974 3458 29 28 of
1019 3458 51 28 this
1089 3459 54 28 reef
1166 3460 50 27 and

657 3494 65 26 from
738 3495 73 26 other
832 3495 157 33 indications,
1011 3497 57 26 that
1087 3497 44 27 the
1154 3497 60 36 gold

657 3531 75 27 could
743 3534 45 24 not
806 3531 31 27 be
849 3532 39 26 far
899 3531 37 27 off
944 3533 65 26 from
1021 3533 43 27 the
1073 3534 71 27 other
1166 3535 49 26 end

658 3568 28 26 of
696 3577 46 17 our
766 3568 79 27 drive.
882 3568 53 28 The
959 3570 110 26 weather
1086 3580 52 18 was
1165 3580 34 19 ex-

659 3605 131 36 ceedingly
815 3605 89 36 sultry.
958 3606 91 29 Water
1070 3608 69 28 there
1163 3618 51 17 was

659 3652 66 18 none
750 3652 33 18 on
806 3643 43 26 the
870 3643 62 34 lead,
965 3648 90 33 except
1078 3646 68 28 what
1163 3655 52 17 was

659 3680 111 34 brought
789 3680 63 27 from
866 3690 14 15 a
894 3681 111 26 distance
1030 3685 50 24 and
1097 3684 53 26 sold
1162 3687 26 22 at
1199 3692 15 17 a

658 3717 105 35 shilling
781 3726 15 17 a
816 3718 99 26 bucket.
951 3718 54 27 The
1022 3720 72 25 small
1111 3720 102 27 shallow

658 3754 73 28 creek
753 3763 54 19 was
833 3754 71 28 dried
929 3764 43 28 up,
984 3756 50 28 and
1051 3757 34 28 its
1097 3758 47 27 bed
1155 3766 59 19 con*

658 3792 88 27 verted
777 3793 56 26 into
845 3802 15 17 a
878 3793 90 34 yellow
986 3795 87 35 sludge
1100 3796 111 26 channel.

658 3829 51 28 We
722 3837 65 18 were
800 3829 102 35 heavily
914 3830 27 26 in
953 3830 61 27 debt
1026 3835 26 23 to
1070 3841 46 18 our
1136 3836 63 24 store-

657 3866 93 34 keeper
761 3866 50 26 and
821 3866 111 28 butcher.
951 3867 35 26 To
999 3876 45 26 cap
1055 3869 156 34 everything,

657 3902 72 26 there
747 3910 51 18 was
810 3902 53 26 foul
875 3903 38 27 air
925 3902 26 26 in
965 3912 46 18 our
1023 3904 73 34 shaft,
1108 3906 49 26 and
1175 3913 37 18 we

657 3939 74 27 could
743 3942 46 24 not
801 3939 105 28 descend
918 3939 55 29 into
984 3941 21 26 it
1018 3944 26 25 to
1066 3942 75 28 work.
1186 3942 25 28 A

656 3977 88 25 candle
757 3978 106 25 lowered
880 3981 27 22 at
929 3978 43 25 the
995 3979 49 25 end
1056 3980 28 25 of
1093 3989 14 16 a
1127 3979 82 34 string

655 4012 131 36 gradually
809 4013 97 27 burned
930 4013 59 27 blue
1005 4014 49 27 and
1078 4019 68 24 went
1166 4018 46 25 out

657 4050 83 27 before
769 4050 119 36 reaching
912 4052 42 27 the
976 4052 104 35 bottom,
1101 4054 50 27 and
1174 4062 38 18 we

655 4088 76 26 knew
742 4088 98 35 enough
862 4089 28 25 of
916 4090 117 33 practical
1069 4092 97 34 mining
1184 4095 27 21 to

656 4125 153 28 understand
824 4126 56 26 that
894 4126 80 26 where
993 4135 14 18 a
1031 4128 86 27 candle
1137 4127 74 28 could

655 4166 45 23 not
729 4162 73 34 burn,
833 4172 15 17 a
884 4172 57 17 man
972 4165 73 26 could
1089 4170 44 23 not
1151 4166 58 27 live.
1219 4162 1 34 ,

656 4201 50 28 We
741 4201 160 26 constructed
932 4201 66 26 what
1037 4203 21 26 is
1084 4203 76 27 called
1196 4211 16 18 a

654 4238 44 24 fan
739 4241 28 22 at
793 4239 43 24 the
876 4242 43 30 top
946 4238 29 25 of
1011 4240 41 24 the
1089 4241 63 24 wind
1157 4241 13 23 I;
1178 4234 42 39 SB,'

654 4273 51 29 and
717 4281 46 21 ran
776 4282 15 20 a
802 4282 104 20 canvass
918 4274 58 28 hose
988 4274 74 29 down
1080 4276 42 28 the
1134 4276 76 35 shaft,

1245 142 1 34 1
1259 149 26 27 in
1303 148 73 28 order
1388 153 26 23 to
1427 146 65 27 force
1505 155 13 17 a
1529 149 103 24 current
1644 145 29 27 of
1693 144 67 28 fresh
1776 142 37 28 air

1258 187 55 28 into
1331 187 43 26 the
1390 186 73 27 drive
1482 184 57 28 that
1562 184 49 27 had
1631 184 60 26 been
1710 182 104 36 opened,

1258 226 46 26 but
1316 224 52 27 still
1392 224 41 26 the
1454 222 38 26 air
1511 231 49 17 was
1581 221 169 35 oppressively
1769 220 46 25 hot

1258 262 50 28 and
1337 261 113 34 noxious,
1473 264 42 31 got
1541 267 77 19 worse
1649 258 50 27 and
1736 264 78 19 worse

1245 294 40 43 |as
1320 299 42 28 the
1386 299 71 26 drive
1478 307 29 17 or
1536 297 89 27 tunnel
1667 295 144 36 proceeded,

1245 332 1 40 ;
1257 338 49 27 and
1311 340 26 24 at
1346 336 88 36 length
1442 336 99 26 became
1551 335 91 26 almost
1652 332 159 28 unbearable.

1245 371 1 35 !
1257 376 51 29 We
1320 375 57 26 held
1390 384 15 17 a
1414 372 176 33 consultation,
1600 371 103 27 decided
1713 374 26 24 to
1749 379 64 26 open

1257 424 34 27 up
1320 411 177 37 underground
1521 409 211 29 communication
1751 408 62 26 with

1245 445 1 36 i
1256 453 104 27 another
1372 451 66 27 shaft
1452 451 54 27 that
1524 450 49 26 had
1583 450 61 26 been
1652 447 155 33 abandoned,

1245 483 1 35 1
1256 491 27 27 in
1296 490 74 27 order
1382 492 26 24 to
1420 488 118 28 establish
1553 496 14 18 a
1579 490 102 24 current
1705 486 29 27 of
1743 485 68 27 fresh

1245 523 1 39 !
1255 528 44 34 air,
1312 528 49 26 and
1374 527 64 26 after
1447 535 68 18 some
1527 526 60 26 time
1599 529 73 32 spent
1684 525 27 26 in
1725 523 89 35 taking

1245 562 1 38 I
1256 565 114 35 bearings
1383 564 61 26 with
1457 564 42 26 the
1511 563 42 26 aid
1565 563 28 26 of
1603 572 15 17 a
1630 562 91 35 pocket
1744 569 68 18 com*

1245 598 1 41 I
1255 612 56 27 pass
1323 602 49 27 and
1389 601 132 36 tapefor
1533 610 37 18 we
1583 609 64 18 were
1668 599 100 27 novices
1786 598 26 26 in

1245 634 1 48 |
1256 641 43 28 the
1315 647 40 21 art
1367 640 28 28 of
1405 640 117 36 practical
1534 638 137 37 surveying
1682 636 129 29 -entered

1245 671 1 43 !
1255 690 68 24 upon
1346 689 47 17 our
1405 680 66 25 task.
1518 679 54 26 But
1583 688 48 16 one
1649 678 33 33 by
1696 687 47 16 one
1767 685 43 25 my

1245 713 1 33 !
1256 720 78 23 mates
1348 725 64 17 were
1424 716 140 26 exhausted
1588 714 62 27 with
1673 714 42 25 the
1739 714 72 32 close,

1245 752 1 38 ,
1255 754 53 27 foul
1330 754 45 32 air,
1400 754 49 26 and
1468 763 63 25 gave
1543 763 42 25 up.
1639 753 38 27 At
1701 752 49 26 last
1768 760 43 26 my

1254 792 62 27 shift
1329 799 74 19 came.
1440 791 53 27 The
1506 791 71 25 drive
1591 799 48 16 was
1651 789 60 36 only
1724 798 14 17 a
1762 789 48 25 few

1254 831 50 25 feet
1334 829 64 26 from
1427 828 122 34 breaking
1578 828 110 35 through
1713 831 26 22 to
1769 826 42 26 the

1254 868 72 26 other
1339 866 134 35 workings,
1483 866 50 26 and
1541 866 14 27 I
1565 864 164 34 determined,
1741 873 70 18 come

1255 905 66 27 what
1334 905 87 35 might,
1433 908 26 22 to
1472 904 31 26 do
1513 913 41 25 my
1565 904 63 26 level
1639 904 55 26 best
1704 906 26 23 to
1739 911 73 26 carry

1254 943 21 25 it
1287 942 116 35 through.
1440 942 14 25 I
1472 950 51 17 was
1537 950 85 26 young
1643 941 48 26 and
1714 944 95 30 strong,

1253 981 49 26 and
1313 981 74 33 being
1397 979 42 26 the
1449 979 111 26 smallest
1567 979 29 26 of
1604 979 41 26 the
1656 988 37 25 pai
1701 981 27 31 ty
1738 977 73 27 could

1253 1018 29 25 fit
1292 1018 55 25 into
1358 1017 42 26 the
1412 1017 62 25 least
1485 1025 79 26 space.
1602 1017 33 25 So
1648 1015 13 28 I
1676 1015 93 35 pushed
1784 1015 27 26 in

1252 1064 15 15 a
1281 1054 107 26 Cornish
1410 1053 77 25 drive.
1525 1053 53 25 The
1602 1053 87 25 candle
1714 1052 95 26 burned

1252 1090 49 28 low
1324 1090 50 26 aud
1391 1089 89 35 sickly,
1504 1089 51 27 and
1588 1090 43 26 the
1654 1089 157 33 atmosphere

1254 1139 49 16 was
1318 1129 51 25 like
1383 1137 31 16 an
1426 1137 71 16 oven.
1535 1128 52 27 The
1600 1128 43 26 fan
1664 1137 51 16 was
1737 1127 73 26 small

1252 1165 49 26 and
1314 1165 150 31 ineffectual,
1478 1164 49 25 and
1543 1165 41 25 the
1597 1165 37 24 air
1647 1165 26 24 in
1685 1165 41 24 the
1739 1165 71 24 drive

1253 1203 70 28 thick
1336 1202 50 27 and
1399 1202 113 27 noxious.
1562 1202 14 27 I
1588 1202 61 26 used
1664 1210 76 27 every
1753 1210 58 18 now

1252 1241 49 26 and
1317 1241 59 25 then
1389 1243 26 23 to
1428 1240 76 35 apply
1513 1249 44 26 my
1569 1240 88 26 mouth
1669 1243 25 23 to
1708 1240 42 26 the
1762 1240 49 26 end

1253 1278 28 27 of
1308 1278 43 26 the
1370 1278 65 32 hose,
1468 1277 74 26 while
1554 1286 48 18 one
1621 1277 27 27 of
1670 1285 41 26 my
1732 1280 79 23 mates

1251 1315 61 36 kept
1332 1315 42 26 the
1393 1315 42 26 fan
1455 1314 75 36 going
1548 1315 85 33 above,
1647 1315 50 26 and
1717 1314 94 35 having

1251 1354 99 26 become
1364 1353 137 26 somewhat
1511 1353 110 32 revived,
1633 1353 71 26 made
1716 1362 15 16 a
1743 1352 65 26 fresh

1252 1390 84 27 attack
1355 1398 33 18 on
1402 1390 43 26 the
1463 1390 78 27 work.
1578 1390 53 27 The
1654 1390 99 34 ground
1772 1390 26 26 be-

1254 1437 68 19 came
1351 1428 120 27 hollower
1489 1427 49 27 and
1566 1427 119 27 hollower
1715 1426 49 28 and
1783 1430 26 24 at

1253 1466 87 35 length
1353 1466 14 27 I
1381 1466 49 26 had
1443 1466 43 26 the
1496 1470 112 23 extreme
1616 1466 156 26 satisfaction
1785 1466 27 26 of

1252 1504 105 36 sending
1387 1504 43 27 the
1455 1503 57 38 pick
1535 1503 70 28 clean
1625 1504 109 37 through
1752 1503 55 27 into

1252 1544 43 25 the
1313 1543 165 34 neighboring
1487 1543 79 27 drive.
1604 1544 14 25 I
1638 1543 115 26 widened
1766 1543 43 25 the

1250 1580 109 36 opening
1371 1588 14 17 a
1398 1579 73 33 little,
1492 1579 49 26 and
1555 1579 61 26 then
1637 1579 71 26 there
1727 1588 51 17 was
1795 1588 14 16 a

1250 1618 96 26 sudden
1365 1617 49 26 and
1433 1617 98 35 mighty
1556 1618 60 25 rush
1637 1617 27 26 of
1675 1618 38 24 air
1726 1617 80 25 which

1251 1655 63 27 blew
1327 1657 45 25 out
1385 1654 43 27 the
1440 1655 88 27 candle
1539 1655 49 26 and
1602 1654 79 27 seized
1695 1663 39 17 me
1747 1654 60 26 with

1249 1702 14 16 a
1276 1693 93 34 feeling
1381 1693 27 25 of
1418 1692 128 26 faintness.
1585 1692 11 26 I
1611 1692 138 26 scrambled
1762 1694 46 24 out

1250 1734 25 22 to
1285 1730 42 26 the
1337 1730 74 30 shaft,
1425 1729 130 36 signalled,
1577 1730 51 26 and
1651 1738 51 18 was
1720 1729 87 26 drawn

1250 1777 33 26 up
1296 1767 111 37 clinging
1425 1769 38 26 for
1483 1767 60 28 dear
1561 1767 43 28 life
1629 1771 25 24 to
1679 1767 43 26 the
1740 1776 65 26 rope,

1252 1805 63 26 with
1332 1814 44 25 my
1397 1805 52 26 foot
1463 1805 27 26 in
1510 1806 43 25 the
1574 1805 186 34 bowling-knot
1780 1809 27 21 at

1250 1842 42 26 the
1308 1842 54 26 end.
1400 1843 14 26 I
1428 1851 50 17 was
1491 1842 78 26 about
1591 1842 55 26 half
1663 1842 69 33 dead,
1757 1842 50 26 and

1252 1879 80 36 might
1344 1879 65 27 have
1419 1880 77 26 fallen
1509 1880 55 26 into
1583 1879 43 27 the
1647 1879 68 27 shaft
1732 1879 74 36 again

1250 1918 49 26 had
1312 1920 45 23 not
1369 1927 15 16 a
1397 1918 52 33 pair
1459 1918 27 26 of
1497 1922 86 31 strong
1595 1918 82 26 hands
1700 1917 106 35 grasped

1249 1964 43 17 me.
1330 1955 15 24 I
1358 1955 53 25 said
1430 1955 67 25 little
1515 1955 50 25 and
1584 1955 96 25 walked
1700 1964 61 17 over
1780 1958 25 23 to

1248 2001 41 24 my
1303 1994 62 30 tent,
1380 1991 80 26 which
1477 2001 48 17 was
1537 1996 27 21 at
1574 2001 14 17 a
1601 1991 70 27 short
1684 1991 120 33 distance,

1247 2028 118 35 thinking
1378 2028 56 26 that
1446 2037 15 18 a
1473 2028 67 27 little
1550 2031 52 24 rest
1614 2028 84 27 would
1711 2032 94 23 restore

1247 2074 45 18 me.
1329 2065 53 26 But
1394 2065 21 26 it
1428 2075 50 17 was
1496 2069 45 23 not
1551 2066 58 35 long
1621 2066 85 26 before
1718 2075 14 16 a
1745 2066 60 25 rush

1246 2103 27 26 of
1283 2103 163 35 hemorrhage
1456 2112 68 18 came
1537 2106 27 23 to
1577 2112 42 26 ray
1630 2103 95 34 mouth,
1738 2111 54 18 caus-

1247 2141 43 33 ing
1304 2141 73 25 much
1393 2141 132 26 weakness.
1565 2141 67 24 How
1651 2140 55 25 that
1731 2140 74 34 night

1248 2175 85 32 phased
1346 2177 14 23 I
1373 2177 64 23 need
1454 2181 44 19 not
1517 2176 115 28 describe.
1671 2177 47 32 My
1727 2181 79 20 mates

1247 2211 50 26 had
1322 2211 61 26 been
1406 2211 82 27 seized
1514 2212 61 26 with
1600 2212 43 26 the
1657 2212 58 26 and
1735 2222 71 16 sacra

1243 2248 90 34 fames,
1359 2248 50 25 and
1421 2248 50 26 had
1490 2248 162 34 temporarily
1679 2249 126 33 forgotten

1250 2292 46 18 me.
1351 2284 71 35 They
1452 2285 49 27 had
1543 2285 86 27 struck
1671 2294 14 18 a
1721 2285 83 35 patch,

1248 2329 64 28 gone
1344 2331 70 26 away
1441 2325 26 25 to
1491 2322 69 28 wash
1594 2325 44 25 out
1656 2332 15 18 a
1704 2322 47 28 tub
1780 2324 28 26 of

1249 2360 51 24 rich
1323 2360 68 25 wash
1415 2361 59 31 dirt,
1494 2361 64 25 from
1577 2361 81 24 which
1683 2361 61 33 they
1762 2365 43 28 got

1247 2394 99 38 enough
1377 2398 27 25 to
1434 2405 72 28 carry
1530 2395 68 29 them
1623 2395 109 38 through
1762 2396 43 28 the

1248 2435 139 26 Christmas
1395 2435 140 34 festivities,
1548 2435 50 27 and
1608 2435 49 28 had
1695 2445 64 25 gone
1772 2445 31 17 on

1246 2471 43 26 the

1287 2521 56 27 The
1356 2521 68 26 third
1444 2521 49 35 day
1512 2521 30 26 of
1558 2530 42 27 my
1619 2522 88 27 illness
1727 2531 77 25 came,

1252 2560 48 27 and
1314 2559 53 27 still
1379 2562 44 24 not
1444 2568 15 17 a
1477 2559 68 27 hand
1564 2569 52 17 was
1634 2569 61 18 near
1713 2564 28 23 to
1764 2561 41 26 aid

1248 2606 48 17 me.
1344 2597 26 26 It
1397 2605 53 17 was
1480 2597 76 26 about
1588 2597 44 26 the
1661 2598 94 25 middle
1778 2597 29 26 of

1249 2634 140 27 Christmas
1403 2634 65 34 Day.
1497 2634 14 26 I
1523 2634 115 27 reflected
1652 2634 56 26 that
1720 2636 19 25 it
1751 2644 53 17 was

1247 2681 15 17 a
1274 2672 60 25 time
1346 2671 31 25 of
1386 2671 125 25 universal
1525 2672 109 34 feasting
1647 2672 49 25 and
1716 2672 75 33 rejoic-

1247 2709 52 35 ing.
1336 2709 14 26 I
1363 2708 109 35 thought
1485 2708 59 27 how
1564 2718 76 25 many
1653 2709 110 26 millions
1777 2709 30 26 of

1247 2747 90 35 people
1356 2755 66 17 were
1443 2750 26 21 at
1488 2746 56 26 that
1563 2750 112 23 moment
1694 2750 51 23 met
1765 2750 26 23 to-

1247 2784 88 36 gether
1356 2787 26 23 to
1407 2783 122 27 celebrate
1553 2783 44 27 the
1628 2788 71 31 great
1728 2789 76 22 event

1246 2822 83 26 which
1354 2821 44 27 the
1422 2822 49 34 day
1501 2822 218 33 commemorated,
1744 2822 58 26 how

1248 2860 106 26 families
1374 2860 60 34 long
1459 2860 89 34 parted
1572 2869 66 17 were
1662 2860 141 26 assembled

1247 2898 79 25 round
1346 2896 42 27 the
1410 2897 91 26 festive
1520 2896 85 33 board,
1628 2897 93 26 friends
1742 2897 61 34 long

1248 2934 129 35 separated
1389 2935 150 34 recounting
1554 2934 42 26 the
1614 2933 61 36 joys
1688 2935 50 25 and
1751 2943 39 18 sor-

1247 2981 64 18 rows
1342 2971 30 26 of
1398 2971 43 26 the
1481 2976 57 29 past
1567 2980 78 25 year;
1681 2972 49 25 and
1760 2980 43 26 my

1248 3008 122 35 thoughts
1383 3011 68 22 went
1463 3008 64 26 back
1541 3011 26 22 to
1588 3008 99 33 bygone
1701 3008 62 34 days
1776 3009 26 24 in

1247 3046 43 26 the
1308 3045 41 26 old
1372 3048 114 31 country,
1508 3045 49 25 and
1577 3048 26 22 to
1621 3044 43 26 the
1683 3044 68 26 faces
1776 3044 31 26 of

1247 3083 88 27 absent
1349 3081 93 28 friends
1462 3082 49 26 and
1532 3082 87 35 loving
1641 3081 83 28 hearts
1744 3081 59 27 who

1247 3129 65 18 were
1325 3119 108 35 perhaps
1446 3119 51 26 still
1511 3119 119 35 thinking
1640 3119 30 26 of
1679 3119 42 26 the
1734 3128 52 17 wan-

1247 3159 70 26 derer
1328 3157 50 26 and
1391 3157 104 34 longing
1509 3157 38 26 for
1558 3157 40 26 his
1611 3161 93 23 return.
1727 3156 76 27 From

1247 3196 53 25 afar
1311 3194 36 26 off
1363 3203 69 17 came
1444 3194 44 26 the
1501 3193 93 26 sounds
1607 3194 31 26 of
1651 3194 61 25 rude
1725 3203 77 25 songs

1246 3232 49 27 and
1320 3231 139 27 boisterous
1483 3230 144 36 rejoicings,
1647 3231 46 26 but
1715 3231 25 26 in
1760 3240 42 25 my

1246 3269 143 26 immediate
1401 3268 188 34 neighborhood
1606 3269 107 33 nothing
1725 3268 78 25 broke

1247 3307 42 28 the
1303 3306 111 27 stillness
1427 3317 7 21 ;
1453 3305 49 28 and
1515 3314 59 19 ever
1593 3305 43 27 the
1657 3306 75 26 fierce
1744 3314 58 26 rays

1245 3345 31 26 of
1285 3345 42 26 the
1340 3353 47 17 sun
1400 3345 59 25 beat
1471 3345 74 25 down
1564 3344 52 26 like
1636 3344 42 25 the
1697 3344 59 25 beat
1774 3344 31 24 of

1245 3391 33 16 an
1290 3389 64 26 open
1367 3380 102 26 furnace
1481 3388 69 25 upon
1562 3380 44 25 the
1619 3380 55 24 thin
1683 3380 119 33 covering

1245 3418 31 27 of
1284 3417 44 28 the
1340 3425 93 19 canvas
1445 3416 59 28 roof
1513 3416 30 27 of
1556 3416 44 27 the
1618 3419 62 24 tent.
1716 3416 84 27 There

1245 3465 52 18 was
1311 3465 14 17 a
1345 3455 93 27 bucket
1457 3454 30 27 of
1502 3457 78 24 water
1599 3455 91 26 almost
1710 3454 90 27 within

1245 3493 75 27 reach
1332 3492 31 26 of
1379 3501 43 25 my
1441 3491 77 34 hand,
1537 3492 49 26 and
1607 3492 14 26 I
1640 3492 84 26 would
1737 3491 65 27 have

1245 3531 75 34 given
1333 3530 93 26 worlds
1439 3529 39 27 for
1487 3537 15 18 a
1513 3528 128 27 mouthful
1653 3529 30 27 of
1693 3529 27 26 it.
1751 3528 49 35 My

1244 3572 95 29 tongue
1363 3575 52 17 was
1434 3565 109 36 parched
1568 3566 49 26 and
1641 3566 114 35 clinging
1775 3570 26 22 to

1243 3605 44 26 the
1299 3603 58 28 roof
1365 3604 31 26 of
1404 3613 43 25 my
1459 3603 89 26 mouth
1560 3614 6 20 ;
1579 3603 15 26 I
1604 3603 119 27 breathed
1737 3603 63 26 with

1244 3641 132 35 difficulty,
1389 3645 71 31 great
1473 3641 64 26 clots
1546 3641 30 26 of
1580 3641 74 29 bloo.d
1662 3640 138 36 disfigured

1243 3679 44 26 the
1299 3679 110 26 coverlet
1421 3678 50 26 and
1489 3678 43 26 the
1551 3678 105 26 earthen
1668 3678 69 26 floor.
1774 3678 27 25 A

1243 3716 85 35 pound
1341 3715 31 27 of
1392 3715 85 27 butter
1496 3714 50 26 had
1565 3714 94 26 melted
1680 3714 64 26 with
1756 3714 44 27 the

1243 3754 60 26 heat
1315 3753 49 27 and
1377 3761 47 18 run
1436 3752 34 27 all
1482 3752 84 27 about.
1603 3751 14 28 I
1637 3751 60 28 took
1718 3752 26 26 in
1765 3752 34 27 all

1241 3792 72 26 these
1326 3791 88 35 things
1432 3794 26 22 at
1476 3799 15 17 a
1509 3790 97 34 glaDce,
1626 3791 49 25 and
1694 3790 105 27 realised

1243 3828 55 26 that
1312 3828 15 25 I
1345 3836 53 17 was
1421 3827 90 34 slowly
1532 3827 78 35 dying
1630 3827 64 26 from
1715 3827 68 27 weak-

1243 3873 59 18 ness
1314 3865 50 25 and
1377 3864 160 26 exhaustion.
1568 3864 53 26 But
1633 3864 43 26 the
1690 3864 110 35 thought

1243 3900 30 26 of
1288 3901 79 34 dying
1379 3899 43 27 did
1435 3903 44 23 not
1501 3900 96 26 trouble
1616 3908 41 18 me
1676 3909 28 17 so
1723 3900 75 26 much

1243 3946 28 19 as
1285 3937 42 28 the
1344 3937 129 28 reflection
1492 3936 56 27 that
1567 3937 15 27 I
1601 3937 74 28 could
1695 3942 44 23 not
1757 3938 41 27 die

1243 3975 92 25 amidst
1347 3975 70 26 clean
1431 3975 190 33 surroundings.
1647 3975 56 26 The
1716 3975 82 35 sights

1243 4011 30 27 of
1288 4010 44 27 the
1351 4014 73 32 great
1443 4010 63 27 clots
1523 4010 30 27 of
1570 4012 75 26 blood
1666 4012 132 36 disgusted

1242 4057 48 19 me.
1328 4048 14 27 I
1367 4048 97 27 wished
1484 4048 14 28 I
1519 4048 50 28 had
1589 4058 86 27 power
1687 4053 26 24 to
1733 4050 65 28 raise

1241 4093 102 35 myself,
1356 4093 24 27 if
1396 4094 45 26 but
1462 4093 39 27 for
1521 4103 16 17 a
1560 4096 50 25 few
1629 4096 117 34 minutes,
1770 4097 27 26 in

1240 4138 74 27 order
1337 4141 27 24 to
1387 4147 103 26 prepare
1509 4142 26 24 to
1559 4139 40 28 die
1623 4140 105 37 cleanly.
1765 4141 32 27 In

1245 4187 68 23 utter
1325 4184 169 35 helplessness
1507 4185 15 27 I
1537 4186 118 27 breathed
1675 4197 14 16 a
1708 4196 89 27 prayer

1242 4232 27 22 to
1288 4229 44 25 the
1353 4229 145 35 Almighty,
1517 4231 50 25 and
1587 4232 44 26 the
1652 4233 144 34 All-seeing

1245 4272 55 39 Eye
1312 4273 31 27 of
1359 4272 58 29 God
1430 4273 91 29 looked
1539 4275 73 29 down
1631 4283 68 30 upon
1719 4285 39 20 me
1771 4278 25 28 in

1844 139 55 38 pity
1912 137 49 28 and
1970 139 56 26 sent
2038 144 32 19 an
2083 133 76 39 angel
2171 132 30 29 of
2210 142 84 28 mercy
2307 135 27 26 to
2344 142 58 20 save

1845 187 48 18 me.

1879 216 15 26 I
1906 213 74 28 think
1994 214 14 25 I
2029 215 69 23 must
2119 212 64 25 have
2203 210 97 27 fainted
2319 211 83 35 again,

1844 253 75 27 when
1939 252 15 26 I
1975 249 88 28 awoke
2084 248 134 35 suddenly,
2235 247 58 36 just
2312 257 28 17 as
2359 248 45 28 the

1844 292 61 26 door
1922 290 31 26 of
1973 289 45 27 the
2040 290 56 24 tent
2118 295 52 18 was
2195 286 96 35 parted,
2315 286 50 27 and
2389 295 16 18 a

1843 332 72 33 great
1928 326 92 35 woolly
2033 325 65 27 head
2110 325 50 26 and
2167 323 75 27 black
2251 323 55 27 face
2314 324 90 34 peered

1842 367 35 27 in.
1915 365 59 28 God
1987 363 98 36 forgive
2103 371 40 18 me
2157 361 5 27 !
2182 361 26 26 in
2228 361 44 27 the
2292 361 112 28 dimness

1843 404 31 27 of
1882 412 43 28 my
1938 402 83 27 vision
2042 400 50 28 and
2112 400 43 27 the
2178 399 113 27 disorder
2310 398 30 28 of
2360 408 42 27 my

1843 443 79 27 brain.
1959 441 15 26 I
1992 439 111 36 thought
2123 447 43 27 my
2185 438 50 26 end
2254 437 51 27 had
2325 446 77 25 come,

1842 481 50 27 and
1905 480 55 27 that
1972 478 44 28 the
2030 478 72 34 spirit
2120 476 31 27 of
2166 476 50 26 evil
2235 475 51 27 had
2305 476 98 26 arrived

1842 523 28 23 to
1881 518 60 27 bear
1953 525 73 26 away
2040 525 44 25 my
2097 514 63 27 soul.

1901 556 60 26 You
1974 563 41 17 are
2035 553 63 32 sick,
2116 560 181 26 massapoor
2318 551 86 33 boy

1842 603 77 19 never
1936 592 78 33 mind,
2038 589 88 30 Sam'll
2145 589 61 35 help
2225 597 59 27 you.
2321 586 83 29 Cheer

1877 671 57 28 The
1945 674 73 23 tones
2031 667 30 28 of
2079 677 15 18 a
2114 665 90 36 kindly
2217 664 95 29 human
2331 666 71 28 voice

1842 708 131 27 reassured
1986 715 48 24 me,
2047 706 58 31 and,
2119 704 63 25 with
2194 712 15 16 a
2217 703 82 26 feeble
2307 703 96 26 motion

1842 746 31 28 of
1881 746 44 27 the
1937 744 76 33 hand,
2027 743 14 27 I
2054 741 127 28 indicated
2194 740 43 27 the
2251 744 85 23 water.

1905 784 62 31 Yes,
1979 789 91 24 massa,
2084 781 15 25 I
2112 779 68 26 see'd
2192 786 45 26 yer
2244 778 46 26 fire
2302 778 45 26 bin
2359 781 45 23 out

1843 822 69 26 them
1932 824 51 23 two
2002 819 70 27 three
2092 817 72 35 days,
2189 815 50 27 and
2259 815 15 26 I
2294 814 110 28 knowed

1843 859 95 27 suthiu'
1951 867 52 18 was
2017 866 43 26 up.
2099 854 88 29 Sam'll
2209 852 66 28 stick
2295 856 27 23 to
2343 862 59 26 you,

1842 907 51 25 yon
1918 897 82 26 better
2029 895 43 26 bet
2101 902 64 26 your
2195 892 97 26 bottom
2316 891 87 27 dollar.

1844 935 78 26 Don't
1946 943 45 26 yer
2009 932 138 27 remember
2176 930 60 26 how
2253 937 45 27 yer
2329 928 75 27 stook

1843 982 34 26 up
1891 973 38 26 for
1942 972 58 27 Sam
2013 970 75 26 when
2101 969 56 27 that
2174 967 66 34 heap
2258 967 22 26 o'
2294 966 109 35 galloots

1843 1011 26 26 in
1881 1010 45 26 the
1939 1010 86 26 saloon
2038 1016 52 18 was
2109 1007 84 35 gwine
2212 1008 27 23 to
2258 1005 74 26 chaw
2353 1004 51 27 this

1843 1047 69 27 child
1925 1055 34 26 up
1973 1047 50 25 'cos
2036 1045 32 26 he
2088 1053 53 17 was
2162 1052 16 17 a
2198 1041 95 35 darkey
2304 1041 11 26 ?
2354 1041 50 33 Oh,

1842 1093 54 27 yes,
1926 1083 88 28 Sam'll
2046 1081 66 27 stick
2137 1085 25 22 to
2187 1087 51 28 you
2262 1078 52 27 like
2338 1078 66 35 grim

1844 1122 76 27 death
1933 1125 26 23 to
1971 1131 16 17 a

1878 1159 96 33 Gently
1987 1158 50 26 and
2049 1156 115 33 lovingly
2177 1155 44 26 the
2241 1156 73 33 great
2338 1162 49 17 mus-

1840 1196 70 26 cular
1922 1194 96 28 black's
2030 1203 52 18 arm
2097 1192 64 29 stole
2173 1191 81 28 under
2277 1200 44 26 my
2340 1190 64 27 head

1840 1235 51 26 and
1916 1234 81 26 raised
2018 1242 38 17 me
2081 1235 27 23 to
2138 1240 15 17 a
2177 1230 92 35 sitting
2293 1233 110 31 posture,

1841 1271 74 27 while
1946 1271 108 26 another
2084 1269 67 26 hand
2181 1267 181 27 administered
2388 1276 15 16 a

1840 1309 126 36 pannikin
1978 1309 28 26 of
2018 1311 76 23 water
2106 1308 65 25 from
2183 1306 44 26 the
2250 1304 100 27 bucket.
2388 1304 14 27 I

1840 1348 65 26 have
1919 1346 85 27 drunk
2016 1356 15 16 a
2050 1346 48 26 few
2120 1345 86 34 things
2225 1345 28 25 in
2270 1352 44 25 my
2332 1342 69 33 time,

1841 1385 47 25 but
1917 1385 14 25 I
1962 1384 76 26 think
2068 1382 108 35 nothing
2206 1390 52 17 was
2286 1388 60 19 ever
2375 1388 28 17 so

1840 1421 120 29 delicious
1973 1421 51 27 and
2036 1421 117 35 reviving
2173 1428 27 18 as
2223 1419 58 26 that
2305 1426 49 28 cup
2376 1416 29 28 of

1840 1461 56 26 half
1915 1462 127 33 stagnant,
2072 1459 147 26 luke-warm
2244 1460 84 24 water.
2366 1456 36 26 To

1840 1497 65 29 seize
1919 1497 43 28 the
1975 1496 74 28 towel
2063 1496 50 27 and
2126 1495 77 37 apply
2215 1494 22 28 it
2249 1497 26 25 to
2286 1503 43 27 my
2338 1493 65 28 head

1839 1537 50 26 and
1902 1537 53 26 face
1969 1546 49 17 was
2034 1536 43 26 the
2089 1535 70 27 work
2173 1535 27 26 of
2211 1544 14 16 a
2237 1537 119 23 moment.

1901 1573 82 27 Don't
1994 1581 51 25 you
2059 1572 49 26 fret
2121 1579 89 25 massa,
2223 1570 48 26 I'm
2284 1571 22 25 o'
2318 1570 83 34 gwine

1840 1614 25 23 to
1879 1610 74 35 bring
1966 1620 15 16 a
2002 1610 94 33 doctor,
2121 1610 15 26 I
2159 1618 49 23 am,
2231 1608 50 26 and
2305 1607 41 28 I'll
2371 1607 30 27 be

1840 1648 63 25 back
1915 1648 28 25 in
1956 1657 15 16 a
1984 1648 73 25 brace
2069 1648 23 25 o*

1874 1686 40 26 He
1928 1686 88 35 gently
2029 1684 133 36 composed
2181 1693 42 26 my
2236 1683 63 27 head
2312 1693 33 17 on
2357 1683 44 27 the

1840 1723 93 36 pillow,
1948 1723 49 26 and
2012 1731 50 18 was
2079 1731 64 27 gone
2168 1731 61 25 very
2252 1730 67 17 soon.
2357 1721 44 26 He

1838 1761 121 27 returned
1973 1760 61 27 with
2056 1770 15 17 a
2092 1763 71 33 great
2182 1765 88 30 strong
2293 1768 108 17 woman.

1838 1800 50 26 She
1901 1799 49 26 had
1963 1799 62 26 been
2039 1799 120 35 running,
2173 1799 15 26 I
2202 1797 82 33 think,
2303 1797 39 27 for
2354 1797 46 27 her

1837 1836 98 35 kiudly,
1950 1836 125 35 motherly
2088 1836 54 26 face
2162 1844 49 18 was
2232 1835 97 26 flushed
2349 1835 50 27 and

1837 1873 139 36 streaming
1988 1873 63 27 with
2065 1873 177 36 perspiration.

1898 1912 14 26 I
1926 1921 40 17 see
1978 1912 58 26 how
2049 1912 21 26 it
2082 1911 23 27 is
2117 1911 61 27 with
2192 1911 64 33 thee,
2270 1920 44 25 my
2336 1919 63 26 poor

1915 1949 54 26 said
1994 1949 43 26 the
2062 1958 99 17 woman
2185 1949 27 24 in
2234 1949 55 25 that
2310 1951 88 23 accent

1836 1985 81 27 which
1932 1986 13 27 I
1959 1985 143 35 recognised
2114 1994 28 18 as
2153 1985 34 26 all
2201 1985 43 26 the
2266 1994 54 24 way
2333 1985 64 26 from

1837 2022 134 33 Cornwall,
1987 2025 15 13 u
2013 2024 46 25 but
2072 2025 66 24 trust
2159 2028 24 20 to
2206 2022 97 26 mother
2329 2021 51 27 Red-

1835 2061 67 32 ruth,
1917 2060 50 26 and
1980 2060 71 26 she'll
2065 2060 55 35 pull
2133 2060 57 26 thee

1870 2097 14 28 I
1896 2098 64 26 naed
1972 2102 45 22 not
2037 2097 111 27 describe
2169 2100 27 23 at
2216 2100 72 31 great
2308 2095 88 36 length

1835 2135 44 26 the
1898 2135 154 35 subsequent
2071 2135 109 26 conduct
2200 2134 28 27 of
2248 2134 54 26 that
2322 2133 72 37 good,

1834 2172 85 36 gjentle
1948 2172 63 27 soul.
2049 2172 67 25 How
2136 2172 44 26 she
2204 2171 111 34 speedily
2338 2180 58 25 pro*

1835 2208 80 26 daced
1929 2208 56 26 beef
1997 2213 39 21 tea
2049 2208 81 26 which
2150 2208 102 26 revived
2276 2217 46 17 me,
2345 2207 50 27 had

1835 2253 39 17 me
1886 2247 117 24 removed
2025 2246 27 25 in
2075 2246 42 25 the
2138 2246 123 33 powerful
2281 2254 66 17 arms
2368 2246 28 24 of

1834 2281 46 28 her
1892 2281 111 36 gigantic
2015 2290 59 18 sons
2086 2285 27 23 to
2134 2282 45 26 the
2199 2281 82 27 cooler
2302 2281 94 27 shelter

1834 2319 28 28 of
1872 2319 44 27 her
1928 2319 83 34 house,
2025 2319 235 36 unceremoniously
2284 2319 111 28 bundled

1834 2361 46 21 out
1908 2358 42 25 old
1974 2358 117 25 Redruth
2116 2358 50 25 and
2190 2358 40 25 his
2253 2358 142 33 roystering

1834 2401 130 28 company,
1986 2394 27 26 in
2034 2393 74 29 order
2203 2393 57 37 give
2281 2393 43 27 the
2345 2393 50 36 boy

1834 2432 85 35 quiet,'
1933 2432 56 27 how
2001 2433 122 34 carefully
2143 2432 51 27 and
2215 2432 115 35 lovingly
2351 2432 45 27 she

1834 2469 92 26 nursed
1939 2478 39 19 me
1991 2469 66 26 until
2071 2470 14 27 I
2098 2479 51 18 was
2161 2472 95 32 strong,
2270 2470 50 25 and
2338 2469 57 26 how

1834 2516 43 24 my
1889 2506 64 27 dark
1965 2506 101 27 saviour
2077 2507 60 26 used
2152 2511 26 22 to
2190 2507 74 26 insist
2282 2516 34 17 on
2328 2516 51 17 run-

1834 2544 62 36 ning
1916 2544 112 35 errands,
2048 2544 50 28 and
2123 2544 90 37 taking
2232 2544 39 28 his
2291 2544 104 28 humble

1833 2582 72 26 share
1918 2582 26 26 of
1958 2583 42 25 the
2018 2583 91 34 kindly
2121 2584 89 26 offices.
2248 2583 15 27 I
2276 2583 64 26 have
2357 2583 38 25 al

1834 2619 76 34 ready
1921 2620 123 26 exceeded
2059 2620 42 26 the
2113 2629 72 26 space
2197 2620 106 27 allotted
2316 2624 26 23 to
2355 2629 39 17 me

1834 2657 38 26 for
1884 2657 50 25 this
1947 2656 94 32 sketch,
2055 2658 50 26 and
2119 2658 15 27 I
2157 2662 68 23 must
2249 2659 89 26 hasten
2360 2667 34 17 on

1834 2697 26 23 to
1876 2693 43 27 the
1930 2693 56 28 end.
2025 2694 14 27 I
2062 2703 49 19 was
2132 2704 86 26 young
2241 2695 50 27 and
2316 2695 60 35 hope-

1833 2731 45 34 ful,
1897 2731 58 34 and,
1981 2733 82 27 under
2084 2733 43 26 the
2149 2733 106 35 nursing
2276 2733 28 27 of
2323 2733 70 27 those

1833 2772 51 24 two
1914 2769 72 27 Good
2016 2770 162 33 Samaritans,
2211 2780 42 25 my
2276 2770 116 36 stteugth

1833 2815 59 18 soon
1905 2807 127 26 returned.
2070 2807 70 28 Then
2152 2808 15 26 I
2190 2808 53 27 told
2267 2808 42 27 the
2330 2808 63 36 good

1834 2845 104 26 Cornish
1959 2845 99 26 mother
2079 2846 56 26 that
2154 2847 15 27 I
2190 2846 49 26 had
2259 2846 46 27 left
2325 2855 69 18 some

1834 2891 90 25 money
1939 2883 81 26 under
2033 2892 43 24 my
2088 2882 62 27 head
2164 2883 26 26 in
2204 2884 44 27 the
2260 2884 79 27 bunk.

1950 2920 59 33 fear,
2024 2929 43 25 my
2086 2929 52 20 son,
2161 2920 22 27 it
2200 2921 22 26 is
2348 2922 44 25 she

1832 2956 61 34 said,
1907 2956 111 37 handing
2030 2957 22 26 it
2065 2961 26 23 to
2105 2967 46 24 me,
2193 2958 12 27 I
2227 2959 60 27 took
2300 2968 56 18 care
2368 2959 28 27 of

1833 2994 46 33 thy
1909 2994 92 35 things,
2032 2995 49 25 and
2102 2996 60 33 they
2189 3005 43 17 are
2258 2996 35 26 all

1832 3030 72 27 Then
1917 3031 14 26 I
1943 3031 99 34 pressed
2055 3032 45 26 her
2110 3035 27 24 to
2150 3035 86 32 accept
2249 3033 43 26 the
2302 3041 90 26 money

1832 3075 27 18 as
1870 3076 16 18 a
1898 3067 77 37 slight
1996 3069 95 27 reward
2106 3071 39 24 for
2157 3069 46 26 her
2215 3070 114 34 services,
2342 3070 50 27 and

1832 3104 44 28 the
1887 3106 65 35 good
1966 3115 97 18 woman
2074 3116 68 26 grew
2159 3116 80 27 angry
2260 3107 50 28 and
2331 3108 61 27 used

1832 3146 89 31 strong
1938 3144 131 35 language.
2105 3145 15 25 I
2150 3146 73 26 made
2252 3154 15 18 a
2296 3146 97 27 similar

1832 3181 157 33 experiment
2002 3181 62 25 with
2077 3181 66 33 Sam,
2170 3182 52 26 and
2246 3183 32 25 he
2303 3191 75 18 scorn-

1831 3215 65 35 fully
1927 3217 95 35 pushed
2048 3217 64 27 back
2155 3228 42 25 my
2221 3220 171 27 outstretched

1832 3253 74 26 hand.

1865 3290 53 27 The
1941 3290 107 37 changes
2066 3291 50 27 and
2146 3292 158 29 vicissitudes
2334 3294 29 27 of
2377 3303 15 18 a

1832 3328 107 35 digger's
1950 3329 44 26 life
2006 3330 95 26 carried
2116 3339 29 18 us
2154 3341 72 25 away
2236 3332 27 25 in
2272 3331 120 28 different

1831 3365 143 33 directions,
1986 3367 50 25 and
2048 3368 130 32 separated
2190 3377 30 17 us
2233 3369 39 26 for
2283 3377 67 24 ever,
2364 3370 27 25 ia

1831 3401 34 25 all
1878 3401 94 27 human
1985 3403 161 35 probability,
2166 3413 68 26 upon
2247 3405 142 26 this'earth.

1832 3438 52 28 But
1915 3439 61 36 they
2000 3440 64 27 have
2084 3450 59 18 ever
2164 3442 50 27 had
2234 3452 16 17 a
2270 3442 121 38 dwelling

1831 3476 69 35 place
1926 3477 28 27 in
1976 3487 43 26 my
2037 3478 128 35 gratitude
2187 3480 81 27 which
2293 3481 98 27 neither

1830 3513 44 28 life
1886 3523 28 18 or
1926 3515 84 34 death,
2022 3524 30 18 or
2071 3516 126 35 anything
2216 3517 28 26 in
2265 3517 44 27 the
2332 3518 59 26 uni*

1831 3560 78 24 verse,
1935 3561 47 18 can
2002 3553 76 26 efface
2091 3562 9 24 ;
2116 3554 51 26 and
2190 3554 15 26 I
2226 3554 65 26 have
2310 3563 80 18 never

1830 3588 90 27 looked
1933 3598 68 26 upon
2013 3590 43 27 the
2069 3590 53 27 face
2134 3591 29 27 of
2177 3600 15 17 a
2210 3591 108 28 Cornish
2331 3601 59 18 man

1829 3634 29 19 or
1881 3635 100 19 woman
2011 3628 108 28 without
2150 3628 98 36 vividly
2270 3629 121 36 recalling

1830 3663 71 27 those
1913 3668 95 31 events,
2022 3675 28 17 or
2062 3675 34 17 on
2108 3666 44 26 the
2164 3666 65 26 dark
2241 3667 110 27 features
2363 3668 29 26 of

1829 3709 33 18 an
1877 3701 103 28 African
1998 3702 109 28 without
2127 3704 183 36 remembering
2332 3704 57 27 that

1829 3737 32 28 he
1873 3747 51 18 was
1937 3741 15 14 -
1961 3748 15 18 a
1989 3748 59 19 man
2060 3741 51 26 and
2123 3749 15 18 a

929 72 73 29 THE
1019 72 136 30 MOUNT
1173 69 147 31 BENGER
1338 66 103 31 MAIL.

1868 54 174 36 Wednesday,
2057 54 131 35 February
2206 52 40 34 16,
2261 53 75 28 1881.

158 82 16 27 2

1863 3833 56 28 Mrs
1937 3834 74 28 Cross
2037 3836 108 36 (George
2157 3837 96 36 Elliot),
2267 3837 43 27 the
2321 3840 69 32 great

1828 3880 137 32 authoress,
1979 3881 59 26 died
2050 3882 28 25 in
2091 3882 106 26 London
2209 3891 33 17 on
2251 3882 139 25 December

1830 3923 75 34 22nd,
1923 3924 46 27 her
1986 3925 76 28 death
2082 3935 53 18 was
2147 3926 77 36 quiet,
2238 3927 48 26 and
2300 3927 89 26 almost

1828 3970 113 34 painless.
1979 3972 41 26 On
2039 3972 44 26 the
2101 3973 117 34 previous
2230 3972 103 35 Sunday
2345 3972 44 26 she

1828 4022 51 19 was
1899 4015 81 27 seized
2001 4015 62 28 with
2084 4025 16 18 a
2111 4016 97 27 sudden
2220 4016 68 34 chill,
2305 4016 83 27 which

1828 4060 120 28 attacked
1961 4061 43 27 the
2016 4062 97 35 larynx.
2151 4061 53 28 The
2216 4062 93 35 attack,
2322 4062 50 28 how-

1828 4113 69 26 ever,
1912 4106 43 26 did
1967 4109 46 25 not
2024 4116 72 18 cause
2108 4107 75 27 much
2195 4107 80 28 alarm
2288 4107 39 28 till
2344 4108 43 26 the

1828 4150 113 37 evening,
1963 4161 15 18 a
1999 4152 49 27 few
2068 4152 75 29 hours
2164 4153 84 28 before
2261 4153 44 28 she
2320 4153 64 32 died,

1828 4194 73 27 when
1917 4195 42 27 the
1971 4205 54 17 case
2037 4205 51 18 was
2100 4197 79 27 found
2188 4200 27 23 to
2227 4198 30 26 be
2267 4197 118 34 hopeless.

1828 4239 51 26 The
1897 4241 109 25 remains
2023 4250 65 17 were
2106 4242 88 26 buried
2211 4242 28 25 in
2257 4242 129 34 HighgaU

1828 4282 130 39 Cemetery
1970 4292 32 22 on
2014 4282 140 33 December
2166 4285 69 31 28th.
