2480 4390
93 89 158 32 Wednesday,
265 90 123 31 February
403 91 34 28 16,
455 90 52 26 1881

961 87 90 27 THE
1088 84 88 27 MOU
1187 83 22 26 N
1222 84 19 24 T
1276 84 85 27 BEX
1371 87 53 26 GE
1434 88 21 24 R
1487 88 55 26 MA
1554 90 37 24 IL

2329 95 12 22 3

214 167 52 26 £SO
308 167 130 26 REWA
451 168 20 23 II
486 167 29 24 D.

139 249 51 25 iHE
207 249 74 25 above
306 249 101 24 Reward
432 248 47 26 will
496 250 28 23 be
550 248 54 32 paid
628 251 23 20 to

103 294 31 14 •*■
173 302 45 25 any
230 302 85 23 ptrson
329 294 50 23 v;ho
392 294 60 23 shall
471 294 53 30 give
541 292 56 24 Btich
615 292 24 24 in-

96 337 127 23 formation
242 345 26 15 ua
289 335 46 26 will
355 335 52 25 lead
426 340 24 20 to
464 335 41 24 the
517 334 135 25 conviction

96 380 24 21 of
136 378 39 24 the
191 387 86 23 person
301 387 26 15 or
341 386 99 24 prrsonr;
465 379 123 29 removing
612 376 41 25 the

98 422 53 23 wire
164 422 60 24 frutn
238 419 39 33 ;ho
299 422 123 30 boundary
438 421 67 24 fence
521 428 30 16 on
567 424 40 28 top
628 419 28 26 of

97 464 41 23 the
151 464 46 23 Old
216 464 59 24 Man
291 462 88 33 Eucg.-.

232 516 145 26 CARGILL
395 518 19 23 £•
432 516 189 26 ANDEBSON.

127 564 86 27 Teviot
230 566 104 30 Sra'ion,

186 603 109 33 January
310 607 59 26 Sis',
389 606 67 24 1881.

225 737 169 24 NOTI
428 737 17 25 C
479 737 19 24 E
516 737 3 25 .

366 820 53 23 who
442 821 31 21 do
496 821 42 22 not
562 820 106 29 receive;

124 868 14 13 '
164 863 63 26 their
239 864 88 30 Papers
340 864 121 32 regularly
475 872 38 16 are
526 866 125 30 requested

98 908 25 21 to
134 906 174 24 cocnmnnlcaio
395 907 41 24 the
451 906 120 33 Manager,
585 907 68 25 when

97 958 71 23 every
184 958 53 16 cas-3
253 949 46 26 will
312 950 29 26 be
353 954 22 21 at
389 958 58 18 once
465 951 71 25 taken
552 955 23 21 to
593 952 60 24 have

98 992 39 24 th?
150 998 86 19 L'-.uUfcr
248 992 113 25 rectified.
666 988 2 32 !

350 1039 10 3 _

128 1061 23 25 It
179 1071 18 14 !«
226 1065 126 29 requested
379 1065 52 25 that
446 1064 207 26 AdverU*2ment?
666 1061 2 37 |

97 1107 39 22 fcr
147 1107 116 23 insertion
282 1108 23 22 in
324 1108 48 24 this
393 1108 102 24 Journal
510 1110 27 23 bo
559 1110 94 23 Landed

96 1150 25 22 in
135 1153 23 19 to
171 1152 40 20 the
223 1150 70 24 CiUce
310 1155 42 20 not
369 1151 59 24 later
444 1153 56 23 than
515 1151 66 32 eight
595 1160 56 23 p.m.
666 1144 2 39 I

98 1198 31 17 on
143 1191 162 26 TUESDAY
319 1193 165 26 EVENING.

129 1242 203 26 Advertijeireni
332 1240 1 39 l
332 1251 16 22 !,
367 1243 53 30 &c,
444 1244 93 32 coming
562 1245 60 23 from
640 1253 11 15 a
665 1240 1 39 j

97 1287 105 24 distance
214 1288 84 24 shouU
313 1289 28 24 he
352 1290 81 30 posted
450 1297 25 15 ho
488 1297 25 16 as
532 1295 25 18 to
574 1290 78 23 arrive
665 1285 1 35 j

98 1329 30 31 hy
141 1329 41 24 the
201 1330 56 24 trail
272 1339 31 16 on
328 1331 141 24 MONDAY
487 1331 164 27 EVENING,

95 1374 25 23 in
136 1373 69 25 order
219 1374 53 25 that
294 1376 56 31 they
376 1384 53 23 may
446 1384 87 23 appear
556 1385 31 16 on
611 1377 41 25 the

96 1416 122 34 following
229 1417 158 34 Wednesday.

127 1467 70 25 Mail
212 1468 80 28 Office,
312 1468 138 33 Roxburgh,

233 1618 19 22 b'
270 1620 19 20 U
308 1618 19 23 ii
391 1619 15 20 .S
425 1622 20 19 A
464 1617 18 24 L
502 1620 18 22 E

132 1698 65 34 \NE
211 1697 104 27 CHEST
326 1699 165 26 DRAWEES
504 1702 23 24 (5
540 1700 112 31 drawers)

132 1723 15 32 )
181 1732 75 25 ~£4.

143 1775 50 24 One
209 1775 71 25 Chest
294 1776 74 24 Ct.uar
383 1776 109 25 D/a-ets
508 1777 21 31 (7
541 1777 112 31 drawers)
666 1775 1 33 ■

142 1859 52 22 One
207 1858 73 24 Cheat
293 1858 76 24 Cedar
382 1858 110 26 Drawers
505 1860 23 29 (8
537 1859 114 30 drawers)
665 1856 2 33 j

141 1943 49 21 Quo
207 1941 158 32 Cupboard—
367 1943 34 24 £2
419 1944 33 21 5?.

397 1992 45 22 Ml
472 1992 85 31 SIN'G,

354 2029 102 25 Chii.Cve
474 2032 115 29 Garden?,

473 2068 145 30 Roxburgh.

224 2122 21 25 Sf
279 2123 19 23 0
332 2122 21 26 T
389 2124 6 22 I
430 2124 17 22 C
482 2125 19 21 E
520 2122 3 26 •

100 2193 38 28 T\
157 2192 22 23 II
200 2193 19 22 0
239 2192 25 22 ?.[
285 2195 18 20 A
323 2193 15 22 S
421 2193 26 23 M
473 2193 21 23 A
522 2193 19 23 }i
574 2193 18 22 E
618 2194 21 22 E

127 2232 4 27 -
179 2232 123 27 TAILOR
325 2233 72 25 AND
414 2233 175 25 CLOTHIER.

272 2271 198 26 ROXBURGH.

92 2310 97 25 Desires
203 2314 25 17 to
241 2308 109 24 intimate
364 2310 24 21 to
409 2310 40 23 the
464 2308 150 25 inhabitants
627 2311 22 21 of
663 2308 2 33 j

92 2346 135 27 Roxburgh
242 2345 43 24 and
299 2345 161 28 surrounding
473 2345 105 25 districts
597 2347 51 22 tha'
663 2345 1 28 ;

92 2386 29 23 he
145 2385 40 22 h.-.s
215 2385 149 24 commenced
395 2385 106 22 business
532 2386 23 21 in
583 2386 65 21 those

92 2424 116 32 premises
221 2425 55 21 next
291 2421 57 25 door
361 2426 23 20 to
400 2422 37 24 Mr
453 2421 192 28 Burton'sofioe,
661 2421 2 35 |

92 2463 46 23 and
150 2463 19 23 is
178 2460 116 33 prepared
312 2463 23 21 to
349 2465 97 21 execute
468 2461 63 24 work
552 2468 24 17 in
591 2468 56 18 con-
661 2455 2 38 |

92 2500 93 24 nection
200 2500 56 22 with
272 2499 39 23 the
406 2499 23 24 in
446 2498 120 26 Grat-elasa
579 2500 69 29 styk-.
661 2498 2 31 !

92 2540 18 21 A
200 2537 26 24 lit
243 2537 18 23 is
276 2536 158 29 guaranteed.

128 2599 53 60 11l
213 2598 78 24 GEO
302 2597 50 26 RG
365 2598 18 24 B
426 2595 239 38 RICHARDS]

191 2640 141 27 ERACTIC
338 2644 14 22 A
359 2640 18 27 L
402 2641 24 24 M
434 2641 62 24 ECU
501 2642 56 24 AN!
562 2642 25 31 0,

275 2684 198 32 LAWRENCE,

175 2734 25 21 to
221 2730 111 25 intimate
358 2732 24 21 to
401 2731 40 23 the
456 2730 149 25 inhabitanta
627 2731 24 23 of

92 2769 135 32 Roxburgh
252 2770 46 22 xnd
316 2768 100 25 District
433 2773 52 19 taut
507 2769 29 24 he
559 2769 20 23 is
594 2776 56 24 pro-
663 2762 2 39 !

90 2807 75 34 .pared
190 2811 26 21 to
236 2806 90 32 Fit-up,
345 2805 92 32 Ai'jusr,
454 2806 82 31 Clean,
553 2807 96 31 Repair,

92 2846 119 26 Re-black
226 2853 26 15 or
265 2844 102 25 Varnish
381 2844 31 25 all
433 2844 70 27 kinds
520 2847 24 23 of

196 2889 133 25 SEWING
361 2889 185 26 MACHINES.

123 2969 75 27 G-R.,
219 2968 70 29 being
308 2975 13 15 a
347 2966 116 24 Practical
494 2966 156 26 Tradesman,

92 3008 91 24 desires
197 3011 23 18 to
243 3009 61 19 fctate
324 3004 52 24 that
389 3004 32 24 all
440 3004 65 24 work
526 3006 123 24 entrusted

92 3050 25 20 to
141 3046 36 23 his
200 3052 51 16 care
266 3043 49 25 will
343 3042 28 25 he
386 3043 115 25 executed
514 3044 23 23 in
561 3052 14 16 a
595 3051 41 17 con-

91 3082 128 25 secutions
231 3081 46 24 and
291 3080 168 23 workmanlike
472 3088 106 15 manner.

224 3141 172 27 NOTI
428 3141 18 25 0
478 3142 21 23 E
517 3161 5 5 .

127 3183 2 35 >
155 3186 41 25 LL
207 3186 87 32 parties
308 3184 112 25 indebted
435 3187 24 22 to
478 3185 41 24 the
531 3185 83 25 Estate
628 3187 25 23 of
665 3183 1 35 I

145 3242 8 4 -
186 3230 40 25 the
254 3229 48 24 late
330 3228 136 25 GEORGE
492 3228 157 31 BIDGOOD,
664 3212 3 47 I

93 3281 38 17 are
146 3271 124 32 requested
281 3275 24 20 to
315 3279 45 25 pay
371 3271 62 25 their
441 3274 111 22 accounts
562 3275 24 21 at
595 3280 54 17 once
664 3271 1 33 i

94 3323 23 18 to
138 3316 38 24 Mr
184 3317 23 25 J.
234 3315 32 25 D.
287 3316 145 29 Thompson,
454 3315 77 25 whose
550 3317 99 30 receeipt
664 3315 1 32 i

93 3359 49 24 will
155 3360 28 22 be
197 3358 118 24 sufficient
327 3358 124 31 discharge
467 3358 25 24 of
506 3358 40 24 the
556 3366 70 17 same.

216 3406 108 27 JAMES
346 3406 122 24 STEELE
480 3408 26 22 ),
508 3423 14 14 r
567 3406 4 31 .

224 3604 295 28 NOTICE.

203 3656 121 32 following
336 3664 40 17 are
393 3655 40 26 the
447 3656 56 32 days
524 3658 125 31 appointed

122 3703 14 15 u
166 3698 36 23 for
212 3696 96 30 holding
318 3694 41 24 the
367 3695 115 24 Resident
491 3695 160 33 Magistrate's
665 3694 2 34 I

94 3743 45 25 and
159 3742 126 27 Warden's
301 3742 88 24 Courts
404 3742 38 23 for
468 3743 40 22 the
530 3743 121 24 combined

94 3787 133 26 Goldfields
244 3785 111 25 Districts
375 3784 28 27 of
428 3783 111 27 Dunstan
562 3786 91 31 during

94 3834 41 26 the
148 3830 83 28 mouth
245 3830 25 25 of
285 3829 129 33 February,
429 3828 101 26 1E81:

154 3927 118 32 Monday,
282 3924 165 34 14th—Clyde
456 3926 47 23 and
515 3926 138 26 Alexandra

153 3970 161 30 Wednesday,
329 3970 224 31 3Gth—Roxburgh

156 4016 100 34 Friday,
268 4013 219 28 25th—Cromwell

155 4063 117 28 Monday,
285 4061 164 30 28th—Clyde
459 4062 46 22 and
517 4063 137 23 Alexandra

229 4109 150 28 JACKSON
398 4109 164 26 KEDDELL.

370 4153 105 25 Warden
492 4154 44 23 and
555 4154 61 24 R.M

127 4198 136 28 Gromwel),
277 4197 125 31 February
419 4197 56 28 2ud.
494 4198 67 24 1831.
584 4197 2 31 .

131 4270 102 24 s::tz.
235 4268 83 25 March
332 4277 63 16 same
408 4268 58 27 days
480 4268 46 23 and
540 4268 72 23 dite3-

726 167 108 24 BLACK
870 167 110 24 HORSE
1013 164 175 31 BREWERY,

855 211 196 26 MILTON.

767 287 136 25 KOFOED
933 288 71 25 AND
1036 285 110 27 CLIVE,

681 330 35 31 (J.
729 330 27 24 T.
769 331 103 31 Kofoed,
886 332 47 25 late
945 332 24 24 of
982 331 80 32 Hayes
1074 331 47 24 and
1135 327 100 30 KofVeJ,

903 370 124 31 Tuapeka)

683 412 55 59 IT
745 414 67 24 AVE
830 414 71 26 much
924 415 108 32 pleasure
1049 415 24 23 in
1100 411 135 30 intimating

719 459 23 13 *■
774 460 25 19 to
818 457 42 23 the
887 456 148 26 inhabitants
1058 456 26 23 of
1101 453 132 31 Roxburgh

682 499 45 23 and
736 499 160 31 surrounding
908 499 122 29 Districts,
1043 501 53 21 that
1107 497 56 32 they
1176 496 59 23 have

681 543 149 24 commenced
840 541 106 34 brewing
955 543 24 23 in
989 542 39 25 the
1038 543 74 24 above
1122 539 113 33 premises

712 594 36 24 All
759 595 80 23 ordera
852 602 27 16 or
889 594 82 24 letters
980 595 52 23 sent
1041 595 24 22 to
1077 593 39 23 the
1129 592 106 29 brewery

683 637 45 24 wiil
744 639 91 23 rcctive
847 637 135 24 immediate
1000 635 125 26 attention.

711 707 86 25 Noiiec
811 712 24 19 to
856 703 153 29 Customers:
1036 706 83 25 Please
1142 707 24 22 to
1179 703 56 25 cork

682 750 90 26 b&rrfis
790 753 64 23 when
870 759 91 25 empty.

734 821 73 26 Yeast
823 823 47 23 and
884 822 86 24 Grains
983 821 89 33 always
1084 830 30 15 on
1126 820 56 25 sale-

712 894 92 30 Ageuta
834 894 36 23 for
908 893 112 25 Feraud'a
1051 890 73 27 Tcnic
1156 889 79 25 Bitter

682 936 79 25 \Yiu9s
774 938 45 23 and
833 936 116 27 Cordiila.

682 1451 82 58 M,
851 1449 204 56 FIIA
1084 1446 147 64 ER,

833 1545 158 26 LAWRE
1006 1545 19 26 N
1041 1546 17 23 0
1071 1545 27 24 E.

848 1690 162 24 IMPORTER
1030 1691 38 21 OF

680 1759 168 29 DRAPERY,
867 1757 183 31 CLOTHING,
1069 1757 113 30 BOOTS,
1200 1757 36 25 Ac

694 1903 177 22 MILLINERY
893 1902 66 23 AND
986 1902 234 24 DRESSMAKING,

684 2046 40 24 AJI
745 2046 89 24 Ordera
851 2046 47 24 will
912 2046 63 24 Lava
990 2050 97 27 prompt
1102 2046 127 24 attention.

707 2290 77 22 BEST
801 2288 146 24 SELECTE]

1098 2288 30 22 IN
1144 2288 62 22 THE

790 2356 150 24 TUAPEKA
962 2355 148 23 DISTRICT

745 2862 22 24 R
798 2860 147 25 DAVID
978 2860 71 24 FIX
1065 2858 168 30 LAYSON,

700 2937 168 26 SOLICITOR
884 2937 68 22 AND
968 2935 243 29 CONVEYANCER,

782 3005 64 24 RobS
860 3004 93 31 Place,
972 3003 143 25 Lawresce

740 3154 214 25 Offices—Town
969 3154 57 25 Hall
1041 3154 134 31 Buildings.

739 3300 135 33 Roxburgh
891 3300 86 26 visited
991 3300 66 26 when
1071 3299 102 28 desired.

790 3427 124 26 MONEY
945 3428 43 25 TO
1020 3426 102 27 LEND.

870 3534 40 24 TO
939 3533 92 26 LEND
1060 3542 30 16 on
1117 3531 117 27 Freehold

679 3608 116 31 Security,
821 3607 24 25 in
868 3615 66 17 sums
950 3609 25 23 to
991 3607 48 26 suit
1060 3607 176 25 Borrowers.—

679 3678 87 33 Apply,
785 3678 42 24 Mr
850 3678 153 31 Finlayson,
1024 3678 121 29 Solicitor,
1168 3677 51 25 Law-

680 3756 77 15 rence.

738 3828 210 27 Offices—Town
963 3829 57 26 Hall
1043 3827 133 33 Buildings.

757 3922 127 24 FOR
962 3922 171 25 SALE

683 3994 98 65 ONE
813 3996 196 25 FOUR-ROOM
1042 3996 172 25 DWELLING-

757 4041 115 30 HOUSE,
881 4041 133 31 STABLE,
1027 4041 208 31 STOCKYARD,

682 4083 115 25 2-ACRE
813 4083 154 25 PADDOCK
980 4085 59 29 (laid
1050 4085 71 24 down
1133 4085 25 23 in
1171 4085 49 31 Eng-

684 4127 44 24 lish
748 4128 82 30 grass),
851 4128 103 23 situated
969 4135 30 15 on
1016 4128 41 23 the
1071 4128 58 24 East
1146 4128 51 26 side
1213 4129 23 24 of

684 4172 40 23 the
739 4172 89 23 Clutha
842 4171 82 30 River,
943 4172 57 23 Coal
1013 4172 76 24 Creek
1103 4172 62 24 Flat.

714 4215 47 25 For
772 4215 147 32 particulars,
936 4215 72 32 apply
1019 4218 25 22 to

867 4264 135 24 GEORGE
1032 4265 175 23 COURTIER.

1265 162 113 26 LABOR
1406 166 200 29 EXCHANGE,
1630 167 188 26 LAWRENCE

1264 232 104 27 HMHIS
1399 235 130 33 Exchange
1559 238 19 24 is
1608 247 54 16 now
1686 247 61 22 open
1781 238 37 25 for

1341 278 164 33 Engagement
1515 282 25 22 of
1544 282 31 23 all
1585 281 71 25 kinds
1665 283 28 23 of
1699 283 118 28 Servants,

1263 315 143 31 Domestics,
1436 318 86 30 Cook?,
1559 320 170 28 Housemaids,
1757 320 60 28 &o.;

1263 353 50 24 also
1325 353 157 35 Ploughmen,
1496 356 194 31 fc>tation*hands,
1702 356 60 26 Pick
1771 358 45 25 and

1264 391 87 26 Shovel
1366 394 66 29 Men,
1444 393 141 31 &c.,\fcc—
1587 396 88 25 Orders
1684 398 32 30 by
1728 400 52 28 post
1792 405 25 16 or

1264 429 114 32 telegram
1392 433 45 23 will
1449 434 91 25 receive
1554 435 113 30 punctual
1679 437 127 23 attention.

1479 476 24 24 J.
1523 477 25 24 C.
1565 476 161 32 LORIMER,

1502 520 76 23 Labor
1591 520 136 32 Exchange,

1400 556 253 32 Whitehaven-street,
1665 558 135 26 Lawrence,

1401 609 279 57 CKAIG'S

1264 679 197 27 COMMEii
1473 684 18 22 «J
1505 683 44 23 IA
1562 684 20 22 L
1649 684 166 31 HOTEL,

1369 729 67 24 Peel
1447 736 98 26 stbbet,
1558 730 153 28 Lawrence.

1265 846 61 25 -*-J-
1358 850 55 32 begs
1439 857 24 19 lo
1479 861 122 16 announce
1627 853 88 31 having
1737 854 79 24 leased

1264 889 40 22 the
1314 889 74 24 above
1404 891 155 24 well-known
1573 892 79 30 Hotel,
1663 894 47 22 and
1723 893 94 23 intends

1263 926 113 34 devoting
1388 928 36 25 his
1439 931 76 24 entire
1526 932 120 24 attention
1659 931 91 26 thereto

1293 972 50 25 Tile
1356 974 153 24 Commercial
1520 974 76 25 Hotel
1608 976 19 23 ia
1641 983 52 16 now
1716 983 27 17 bo
1765 976 53 23 well

1265 1010 46 25 and
1321 1011 123 33 favorably
1456 1011 87 26 known
1569 1013 53 25 that
1643 1021 48 24 any
1713 1014 103 24 detailed

1264 1049 142 32 description
1418 1051 19 24 is
1445 1050 156 33 superfluous
1634 1051 25 26 It
1681 1051 20 25 is
1723 1060 13 17 a
1750 1052 66 25 brick

1264 1087 114 32 building,
1397 1089 68 25 fitted
1486 1089 57 24 with
1568 1098 73 23 every
1655 1091 161 23 conyenience

1264 1125 37 25 for
1333 1126 97 26 Piivate
1458 1127 111 25 Families
1596 1129 48 23 and
1671 1128 145 25 Travellers.

1249 1164 1 34 ■
1264 1164 49 25 The
1338 1166 178 32 Sitting-rooms
1541 1174 39 16 are
1601 1167 62 30 lofty
1684 1167 47 24 and
1756 1175 47 16 com-

1265 1205 114 30 modious,
1401 1206 45 24 and
1472 1207 40 23 tho
1530 1206 142 25 Bud-rooms
1693 1214 40 16 are
1755 1205 63 33 large

1265 1244 44 24 and
1324 1243 200 27 well-ventilated.

1295 1286 47 26 For
1368 1286 40 24 the
1432 1287 155 24 convenience
1616 1286 27 26 of
1663 1286 155 25 Commercial

1264 1324 130 24 Travellers
1410 1325 64 23 there
1488 1325 18 23 is
1518 1332 13 16 a
1543 1325 64 30 largo
1625 1324 46 24 and
1681 1324 137 25 well-fitted

1265 1362 181 32 Sample-room.

1294 1439 52 26 The
1356 1440 179 25 Biliiard-room
1544 1442 18 23 is
1573 1441 114 31 provided
1703 1441 57 25 with
1774 1449 44 17 one

1263 1479 24 23 of
1304 1479 107 24 Aiccck's
1423 1480 51 23 best
1486 1480 43 23 full
1542 1479 62 23 sized
1617 1479 93 23 Tables.

1248 1505 1 12 i

1248 1561 1 32 j
1309 1562 63 31 Hot,
1389 1561 77 32 Cold,
1486 1569 49 16 and
1551 1562 109 24 Shower
1677 1562 92 25 Baths.

1248 1646 1 26 !
1265 1646 142 26 Permanent
1430 1646 117 26 Boarders
1568 1646 191 26 accommodated
1788 1654 30 17 on

1424 1686 136 24 reasonable
1574 1689 77 21 terms.

1295 1773 27 24 In
1335 1772 138 26 connection
1486 1773 56 24 with
1556 1773 40 25 the
1616 1773 73 24 Hotel
1712 1773 67 24 there
1799 1772 19 23 is

1263 1821 29 16 an
1303 1813 122 24 extensive
1437 1821 73 23 range
1522 1813 26 24 of
1555 1812 115 30 Stabling,
1681 1811 69 25 fitted
1761 1811 57 24 with

1265 1853 61 22 loose
1338 1851 78 29 boxes,
1429 1853 46 22 and
1488 1852 70 30 being
1576 1851 77 24 under
1667 1851 40 23 Mr
1728 1850 90 30 Craig's

1264 1892 107 28 personal
1408 1889 158 32 supervision,
1601 1889 19 23 is
1655 1896 14 16 a
1700 1888 118 24 sufficient

1263 1936 125 24 guarantee
1417 1929 53 24 that
1493 1929 81 24 horses
1592 1927 49 24 will
1663 1927 91 25 receive
1778 1929 40 23 the

1265 1969 49 23 best
1328 1967 127 25 atteution.

1291 2012 90 25 Ladies
1409 2012 47 25 and
1484 2011 84 26 Gents'
1600 2011 88 26 Saddle
1718 2012 97 30 Horses,

1263 2051 109 31 Buggies,
1395 2052 84 29 Trap?,
1493 2051 46 23 and
1556 2051 111 29 Coaches,
1695 2051 26 23 of
1745 2058 71 23 every

1263 2088 152 33 description,
1429 2089 36 25 for
1477 2088 145 30 Travellers,
1634 2088 184 29 Excursionists,

1265 2128 99 31 Picnics,
1393 2130 48 27 &c,
1465 2127 110 32 supplied
1608 2135 31 16 on
1653 2128 42 23 the
1714 2128 105 23 shortest

1260 2167 87 23 •notice.

1292 2205 67 23 Cobb
1374 2206 47 22 and
1446 2205 63 23 Co.'s
1535 2205 78 29 Royal
1637 2205 59 23 Me.il
1716 2205 103 23 Coaches

1263 2243 65 24 leave
1341 2244 40 23 the
1391 2243 73 23 Hotel
1477 2242 121 32 regularly
1610 2242 38 25 for
1658 2242 161 30 Queenstown

1263 2281 45 23 and
1321 2281 33 24 all
1367 2279 166 26 intermediate
1545 2281 24 30 pi
1578 2288 53 17 ices.

1505 2322 99 26 HUGH
1618 2324 111 30 CRAIG,

1642 2368 147 31 Proprietor.

1294 2436 241 30 N.B.—Passengers
1564 2444 42 16 can
1634 2436 92 31 depend
1754 2444 65 23 upon

1265 2474 70 29 being
1345 2474 74 24 called
1430 2475 38 23 for
1481 2474 40 24 the
1533 2474 64 29 early
1608 2475 72 24 train.

1362 2618 360 84 ¥O_OL,

1278 2721 128 25 ~,TAGO
1460 2721 89 24 COKN
1599 2721 71 24 AND
1721 2721 96 28 WCQL

1293 2745 21 37 )
1346 2754 199 26 EXCHANGE.
1578 2754 165 25 DUNEDLN.

1323 2817 37 25 To
1372 2817 40 25 the
1425 2815 70 28 Wool
1509 2817 111 25 Growers
1632 2817 27 24 of
1668 2817 87 32 Otago.

1263 2857 190 26 Gentlemen—

1293 2895 43 25 We
1352 2897 45 30 beg
1418 2896 26 23 to
1467 2895 107 24 intimate
1596 2894 55 25 that
1670 2902 45 17 our
1732 2895 68 25 Ware-

1263 2930 85 23 houses
1357 2936 39 16 aro
1407 2935 54 16 now
1481 2929 73 26 ready
1576 2928 36 23 for
1634 2929 41 23 the
1696 2928 120 31 reception

1263 2961 46 24 and
1322 2961 47 23 sale
1380 2961 24 24 of
1425 2960 61 24 wool
1500 2961 88 30 during
1601 2961 40 23 the
1663 2967 92 24 season,
1770 2961 46 23 and

1263 2996 53 22 that
1343 3000 35 17 we
1403 3000 39 16 are
1470 2994 115 30 prepared
1612 2996 24 19 to
1667 2991 69 25 make
1762 2992 54 25 cabb

1263 3028 115 23 advaDCCB
1390 3025 92 32 against
1505 3025 185 31 consignments,
1711 3025 107 26 whether

1264 3060 36 21 for
1314 3060 48 21 sale
1370 3058 56 23 hero
1437 3065 27 15 or
1475 3058 38 22 for
1524 3058 125 29 shipment.

1294 3095 45 26 We
1350 3095 58 25 hold
1420 3095 101 24 Auction
1533 3094 67 26 Sales
1610 3095 25 24 of
1649 3094 74 31 Wool,
1733 3095 84 31 Sheep,

1263 3129 80 28 Skins,
1365 3128 83 28 Hides,
1470 3129 47 23 aud
1540 3128 95 29 Tallow,
1650 3135 73 21 every
1745 3129 73 23 week.

1266 3163 107 23 Account
1399 3161 66 24 Sales
1489 3160 124 29 rendered,
1635 3159 48 26 and
1705 3159 113 33 proceeds

1264 3195 53 31 paid
1331 3202 57 17 over
1400 3193 84 25 within
1496 3194 35 24 six
1548 3194 58 30 days
1618 3193 24 24 of
1654 3193 56 25 sule.

1290 3233 44 23 We
1358 3234 37 22 act
1408 3232 92 30 strictly
1514 3239 26 16 as
1562 3231 110 24 Selling
1698 3232 120 25 Brokeks

1263 3262 80 34 Oxfir,
1369 3265 47 23 and
1429 3263 69 25 make
1526 3264 90 24 careful
1640 3264 135 24 valuations
1793 3264 26 24 of

1262 3307 72 23 every
1346 3297 78 33 parcel
1441 3297 64 33 prior
1517 3300 24 21 to
1561 3297 54 30 sale,
1627 3298 48 24 aud
1696 3306 26 16 as
1745 3305 71 26 every

1262 3332 152 30 department
1427 3332 27 22 of
1464 3331 40 23 the
1517 3331 108 23 business
1648 3331 20 23 is
1684 3331 133 23 conducted

1262 3363 78 25 under
1362 3371 45 16 our
1433 3363 132 24 Personal
1590 3363 157 30 supervision,
1776 3363 42 24 the

1263 3398 51 21 best
1326 3399 129 30 guarantee
1468 3396 20 23 is
1509 3394 108 25 afforded
1637 3398 24 21 to
1681 3396 137 30 consignors

1263 3429 52 24 that

1263 3467 42 23 NO
1319 3467 121 21 PARCEL
1457 3466 81 22 WILL
1555 3467 38 20 BE
1611 3466 80 22 SOLD
1707 3466 111 22 BELOW

1327 3496 49 23 ITS
1392 3496 83 22 FULL
1490 3495 132 23 MARKET
1637 3495 113 28 VALUE,

1262 3535 46 25 and
1320 3535 53 24 that
1389 3535 64 25 their
1465 3535 112 25 interests
1590 3535 123 31 generally
1726 3533 50 26 will
1788 3534 30 25 be

1262 3566 114 30 carefully
1390 3570 130 25 protected.

1294 3603 37 25 All
1344 3603 58 25 wool
1417 3603 46 24 and
1490 3603 69 24 other
1586 3602 105 31 produce
1716 3603 21 24 is
1756 3602 62 32 fully

1263 3637 97 25 covered
1385 3638 31 30 by
1435 3638 124 22 insurance
1578 3637 62 23 from
1661 3638 41 22 the
1724 3638 58 22 time
1798 3638 20 22 it

1264 3674 78 21 enters
1352 3678 43 15 our
1408 3671 89 22 Stores.

1293 3707 50 25 The
1352 3708 95 31 charges
1458 3715 28 16 on
1498 3707 66 24 Wool
1574 3706 89 26 offered
1675 3707 36 26 for
1718 3707 47 25 sale
1771 3707 46 25 and

1265 3743 40 22 not
1315 3740 51 23 sold
1378 3747 39 16 are
1428 3739 113 28 nominal,
1554 3740 71 29 being

1286 3777 64 24 ONE
1367 3777 151 23 SHILLING
1534 3777 59 22 PER
1608 3777 80 23 BALE
1704 3777 91 28 ONLY,

1266 3810 75 24 which
1364 3807 108 26 includes
1498 3807 127 31 receiving,
1642 3808 175 33 warehousing,

1265 3843 112 31 delivery,
1390 3842 47 25 and
1451 3841 125 25 insurance
1587 3841 81 25 whilst
1686 3842 25 24 in
1723 3842 76 25 Store.

1294 3881 133 30 Returning
1439 3887 43 15 our
1493 3880 51 22 best
1554 3879 87 23 thanks
1654 3880 37 23 for
1703 3880 42 24 the
1760 3889 42 24 sup-

1265 3918 52 28 port
1329 3922 25 17 so
1369 3912 109 31 liberally
1489 3911 113 25 accorded
1613 3914 24 22 to
1654 3920 27 17 ua
1703 3912 113 31 hitherto,

1265 3948 45 24 and
1333 3947 108 28 assuring
1456 3953 47 21 you
1521 3945 23 24 of
1566 3952 44 16 our
1621 3945 76 24 desire
1712 3950 24 19 to
1748 3947 68 23 merit

1265 3981 29 22 its
1304 3978 164 27 contiouauce,
1474 3978 4 27 1

1407 4015 42 27 We
1462 4014 99 34 remain,
1576 4014 149 36 Gentlemen,

1473 4051 78 23 Yours
1565 4050 130 31 faithfully,

1414 4087 140 26 DONALD
1571 4088 82 24 REID
1667 4090 47 24 and
1734 4090 52 31 Co.,

1267 4135 67 23 Wool
1372 4133 112 29 Brokers,
1519 4133 80 29 Stock,
1639 4133 99 31 Station,
1752 4133 3 31 .
1770 4135 47 25 and

1280 4167 105 24 Produce
1398 4167 99 28 Agents,
1510 4165 65 30 High
1586 4169 82 26 street,
1682 4166 119 27 Dunedin.

1978 167 294 26 NOTICE.

1848 274 6 17 r
1866 274 9 15 I
1888 265 54 24 HIE
1960 265 159 33 undersigned
2133 267 89 25 desires
2236 270 25 22 to
2278 275 126 18 announce

1879 320 7 4 -
1926 311 24 20 to
1964 306 39 27 the
2016 308 150 26 Inhabitants
2178 310 24 24 of
2211 310 132 33 Roxburgh
2357 312 47 24 and

1847 352 164 30 surrounding
2022 352 114 33 districts,
2155 353 52 26 that
2221 354 30 25 he
2267 352 25 33 ha
2304 352 13 33 3
2329 352 75 33 leased

1847 402 40 24 the
1900 401 148 25 Blacksmith
2067 401 65 32 Shop
2150 402 25 25 in
2197 403 77 25 which
2293 404 111 26 business

1847 452 41 24 baa
1915 452 106 24 hitherto
2045 453 60 24 been
2136 453 91 24 o«rried
2250 461 31 18 on
2305 454 33 30 by
2359 453 45 27 Mr

1847 500 102 24 Thomas
1973 500 123 25 Cameron,
2123 500 46 27 gud
2195 503 75 23 trusts
2293 504 24 22 to
2339 502 64 25 raeefc

1849 548 54 26 with
1921 549 52 24 that
1989 554 100 27 support
2114 550 76 25 which
2207 551 43 25 has
2264 550 138 27 heretofore

1848 601 56 23 been
1917 599 111 25 accorded
2041 601 36 23 his
2089 601 158 31 predecessor,

2070 654 98 27 HUGH
2182 655 184 27 OHISHOLM.

1928 759 62 22 Lives
2001 759 21 22 of
2037 762 58 26 great
2111 767 47 16 men
2169 760 29 22 all
2213 761 83 22 remind
2311 768 32 21 us,

1926 790 40 21 We
1976 797 38 14 can
2026 790 62 21 make
2099 797 37 14 our
2149 791 50 21 lives
2209 792 91 21 sublime
2310 799 7 18 ;

1925 819 58 26 And,
1994 820 116 27 departing,
2122 820 60 21 leave
2194 820 78 22 behind
2284 827 25 15 us

1926 849 122 28 footprints
2058 856 28 14 on
2097 849 35 22 the
2142 849 62 23 sands
2220 849 22 23 of

1847 914 91 59 THE
1954 915 74 25 above
2049 915 20 25 is
2092 916 57 25 read
2175 915 55 29 with
2256 917 101 26 interest
2368 917 33 33 by

1925 948 131 25 thousands
2093 950 26 23 of
2151 957 83 23 young
2266 957 63 18 men.
2376 951 27 24 It

1846 980 101 31 inspires
1971 981 64 23 them
2062 980 57 24 with
2152 981 77 30 Hope,
2258 982 37 24 for
2308 982 25 24 in
2360 982 42 25 the

1848 1012 80 31 bright
1942 1012 91 25 lexicon
2047 1013 27 24 of
2086 1013 78 31 youth
2181 1013 67 26 there
2263 1015 20 24 is
2300 1022 31 17 no
2342 1016 59 24 suoh,

1848 1046 64 23 word
1924 1053 24 16 as
1966 1046 50 24 fail.
2050 1046 71 26 Alas!
2150 1054 42 23 say
2214 1055 80 24 many,
2309 1048 50 24 this
2380 1048 21 25 ia

1848 1082 95 25 correct,
1944 1079 51 23 —ia
2008 1082 52 20 true
2072 1079 56 24 wnk
2143 1079 84 30 regard
2235 1083 25 20 to
2272 1081 40 23 the
2323 1081 78 30 youtli
2415 1079 2 32 ,

1849 1110 51 24 who
1910 1110 41 24 has
1966 1117 73 18 never
2051 1111 87 24 abused
2155 1111 36 24 his
2213 1112 189 31 strength—and

1848 1146 24 20 to
1885 1143 41 24 the
1940 1150 54 18 man
2009 1142 53 25 who
2075 1144 41 24 has
2131 1147 42 21 not
2196 1144 59 25 been
2288 1145 115 31 passiou's

1877 1208 49 26 But
1936 1211 23 22 to
1976 1208 53 25 that
2044 1209 132 32 youth—to
2199 1210 53 26 that
2263 1218 64 24 mau,
2347 1211 55 26 who

1848 1241 41 25 baa
1907 1242 88 25 wasted
2014 1242 37 25 his
2077 1242 75 33 vigor,
2180 1243 52 26 who
2251 1244 42 25 has
2305 1244 97 32 yielded

1848 1275 97 25 himself
1969 1283 32 24 up
2033 1279 25 21 to
2086 1277 40 23 the
2159 1279 136 30 temporary
2329 1279 74 24 sweet

1848 1308 154 24 allurements
2018 1310 24 22 of
2068 1309 58 29 vice,
2148 1309 51 25 who
2214 1309 41 24 has
2271 1310 70 30 given
2359 1317 29 18 un-

1848 1340 92 24 bridled
1952 1340 85 24 license
2051 1343 25 21 to
2090 1340 37 24 his
2141 1341 105 31 passions
2256 1345 24 20 to
2296 1342 51 24 him
2360 1342 43 26 the

1848 1373 74 24 above
1933 1373 59 24 lines
2000 1381 38 16 are
2053 1374 42 23 but
2103 1381 25 15 as
2138 1382 14 15 a
2171 1373 120 31 reproach;
2327 1375 76 24 What

1849 1405 72 25 Hope
1942 1413 41 17 can
2011 1405 29 25 he
2055 1405 79 25 have?
2152 1405 70 26 What
2244 1405 159 34 aspirations?

1850 1439 70 24 What
1935 1440 86 23 chacco
2039 1438 169 32 ofieavinghis
2222 1441 129 29 footprints
2369 1450 34 16 ou

1849 1472 39 23 the
1900 1470 47 30 sand
1959 1470 12 30 3
1983 1470 23 30 of
2016 1472 56 23 time
2081 1471 10 24 ?
2105 1470 47 25 For
2161 1471 57 29 him,
2226 1472 49 24 alas
2286 1473 5 23 !
2307 1474 65 23 there
2382 1475 20 23 i*j

1848 1505 93 31 nought
1971 1504 44 24 but
2040 1503 60 25 dark
2136 1504 95 32 despair
2260 1505 47 26 and
2345 1506 45 26 sell-

1848 1537 112 31 reproach
1970 1538 45 30 for
2025 1546 13 15 a
2055 1537 43 24 lost
2122 1537 49 31 life.

1877 1570 47 24 For
1940 1579 14 16 a
1969 1578 54 16 mau
2032 1572 24 22 to
2082 1570 66 24 leave
2168 1570 37 24 his
2220 1570 129 33 footprints
2369 1580 34 17 on

1848 1603 39 24 the
1899 1603 69 24 sands
1980 1603 24 24 of
2015 1603 66 28 time,
2095 1603 31 23 he
2149 1606 64 21 mu9t
2234 1604 30 24 be
2287 1605 116 26 endowed

1849 1636 56 24 with
1917 1644 12 16 a
1941 1639 85 29 strong
2036 1634 68 26 brain
2121 1635 46 25 aud
2187 1643 104 19 nervous
2316 1645 88 25 power,

1848 1669 29 23 he
1885 1672 63 21 must
1957 1676 93 24 possess
2060 1676 13 15 a
2081 1669 83 27 sound,
2173 1669 119 30 vigorous,
2303 1670 100 32 healthy

1848 1702 73 29 mind,
1938 1702 25 24 in
1984 1709 12 17 a
2009 1700 99 32 healthy
2128 1700 134 32 body—the
2274 1710 80 23 power
2377 1706 26 23 to

1847 1735 182 24 conceive—the
2053 1741 88 23 energy
2162 1737 32 20 -to
2220 1736 114 23 execute!
2358 1735 46 26 but

1847 1766 55 26 look
1924 1771 25 21 at
1961 1775 60 22 your
2041 1765 139 25 Australian
2195 1767 77 30 youth
2282 1768 6 23 !
2307 1768 43 25 See
2362 1768 42 26 the

1847 1800 129 24 emaciated
1999 1799 68 29 form,
2095 1798 40 24 the
2162 1803 86 21 vacant
2270 1801 63 28 look,
2360 1801 44 25 the

1847 1832 88 25 listless
1956 1831 130 29 hesitatiog
2108 1838 107 22 manner,
2237 1831 41 26 the
2299 1841 104 18 nervous

1848 1865 106 29 distrust,
1968 1865 41 23 the
2023 1862 120 31 senseless,
2169 1864 85 24 almost
2267 1865 82 25 idiotic
2361 1873 43 17 ex*

1847 1897 117 33 pression.
1997 1896 65 24 Note
2077 1895 37 24 his
2125 1896 145 25 demeanour
2282 1897 47 26 and
2345 1905 44 19 con-

1849 1930 126 28 versation,
1988 1929 47 25 and
2049 1928 59 24 then
2122 1937 49 22 say,
2192 1930 19 24 is
2223 1929 53 25 that
2287 1938 14 16 a
2312 1938 54 17 man
2378 1933 26 24 to

1847 1963 65 24 leave
1924 1962 38 23 his
1970 1961 130 31 footprints
2115 1969 32 16 on
2158 1962 41 25 the
2213 1963 72 24 sands
2295 1963 29 24 of
2333 1963 67 26 timo^

1877 1996 38 24 Do
1925 1998 106 29 parents,
2042 1994 100 24 medical
2154 2001 54 18 men
2218 1995 49 25 and
2279 1996 125 25 educators

1842 2030 30 23 -of
1886 2028 76 30 youth
1981 2036 47 23 pay
2040 2027 119 24 sufficient
2180 2029 118 24 attention
2319 2032 25 21 to
2356 2029 48 25 this

1847 2060 111 32 subject?
1989 2060 38 23 Do
2056 2060 58 30 they
2143 2067 56 17 ever
2222 2062 115 23 ascertain
2363 2061 42 25 the

1848 2102 67 16 cause
1927 2094 25 23 of
1964 2093 49 23 this
2037 2090 73 33 decay
2119 2101 7 20 ;
2143 2093 46 23 and
2208 2092 87 32 having
2308 2094 62 24 done
2382 2102 26 16 so

1848 2127 31 23 do
1905 2126 59 28 they
1990 2125 37 29 (as
2056 2131 15 16 a
2100 2125 68 22 strict
2199 2131 66 17 seuse
2289 2126 26 23 of
2343 2126 64 31 duty

1842 2157 133 33 Remands)
1993 2154 55 26 seek
2063 2154 40 25 the
2115 2156 97 27 skilled,
2223 2156 84 27 advice
2328 2158 26 26 of
2367 2158 36 26 tha-

1849 2189 99 23 medical
1959 2196 61 17 man,
2035 2187 53 23 who
2108 2188 42 23 has
2164 2188 69 25 made
2256 2191 48 22 this
2317 2191 89 24 branch

1850 2221 25 24 of
1886 2220 37 24 his
1935 2219 132 32 profession
2084 2218 37 25 his
2134 2220 130 31 particular
2274 2222 132 32 speciality,

1851 2253 79 25 whose
1942 2253 42 23 life
2000 2252 42 24 has
2057 2252 58 24 been
2129 2253 103 24 devoted
2244 2257 25 21 to
2281 2254 40 25 the
2333 2257 61 23 treat-

1851 2288 65 22 ment
1938 2285 28 24 of
1985 2285 66 23 these
2067 2285 80 24 cases?
2177 2285 102 29 Reader,
2302 2287 62 25 what
2385 2289 21 23 ia

1850 2321 61 26 yotfr
1925 2324 90 16 answer
2026 2316 8 23 ?
2063 2316 46 24 Let
2122 2317 58 23 each
2199 2325 45 17 one
2265 2326 91 18 answer
2368 2320 38 25 for

1851 2349 101 25 himself-
1994 2349 101 24 Parents
2126 2356 37 17 see
2199 2349 63 26 their
2296 2359 109 25 progeny

1850 2382 81 30 fadiug
1947 2380 124 32 gradually
2088 2380 78 25 before
2188 2381 63 25 their
2271 2382 72 33 sight,
2365 2392 40 18 see

1850 2415 65 24 them
1930 2414 94 24 become
2039 2413 129 25 emaciated
2187 2414 40 25 old
2237 2422 82 24 young
2341 2425 62 22 men,

1851 2446 88 24 broken
1948 2446 70 23 down
2026 2446 24 23 in
2063 2445 87 31 health,
2159 2446 131 32 enfeebled,
2300 2448 104 27 unfitted

1849 2479 36 25 for
1897 2479 41 23 the
1948 2478 75 24 battle
2030 2478 25 24 of
2062 2477 41 25 life
2114 2486 7 21 ;
2136 2481 42 28 yet
2189 2486 45 18 one
2248 2481 67 24 word
2326 2482 78 31 might

1848 2519 55 16 save
1929 2510 73 30 them,
2032 2517 45 16 one
2107 2511 77 23 sound
2214 2512 46 24 and
2292 2513 111 32 vigorous

1849 2542 194 33 healthy-giving
2052 2542 70 26 letter
2131 2542 59 26 from
2204 2551 11 19 a
2227 2544 99 27 medical
2337 2554 64 24 man,

1849 2576 141 25 habituated
2022 2579 24 22 to
2062 2575 40 25 the
2125 2578 128 24 treatment
2279 2579 47 25 and
2345 2587 43 18 con-

1851 2610 98 23 tinuous
1961 2608 150 32 supervision
2126 2610 24 23 of
2163 2610 58 24 such
2234 2618 64 17 cases
2321 2612 80 25 would

1848 2643 24 23 in
1884 2645 62 21 most
1957 2641 124 28 instances,
2094 2643 98 24 succeed
2215 2643 25 25 in
2251 2643 106 33 warding
2368 2645 37 24 off

1848 2676 40 23 the
1901 2674 137 31 impending
2046 2674 71 24 doom
2136 2674 28 25 of
2173 2683 14 16 a
2209 2676 123 25 miserable
2354 2678 48 24 and

1848 2707 95 31 gloomy
1957 2706 88 28 future,
2057 2706 46 24 and
2117 2706 32 32 by
2161 2708 153 31 Appropriate
2326 2711 63 22 treat-

1846 2744 64 20 ment
1923 2742 91 21 restore
2025 2739 40 24 the
2075 2740 129 25 euervated
2227 2743 90 29 system
2332 2745 25 21 to
2371 2742 32 26 its

1847 2772 94 24 natural
1956 2772 74 30 vigor,
2044 2771 45 24 and
2114 2779 87 17 ensure
2214 2780 13 16 a
2246 2773 90 32 joyous
2354 2775 49 25 and

1846 2806 79 31 har>py
1936 2804 49 25 life.

1876 2838 35 24 Dr
1922 2837 28 24 L.
1971 2836 28 26 L.
2024 2836 115 28 SMITH,
2154 2838 25 25 of
2192 2838 150 31 Melbourne,
2357 2841 44 26 hos

1846 2870 67 24 made
1936 2870 40 24 the
2008 2869 100 24 diseases
2128 2870 25 23 of
2167 2872 76 28 youth
2267 2873 47 24 and
2333 2874 68 24 those

1846 2903 88 31 arieing
1972 2900 129 27 therefrom
2125 2902 36 25 his
2187 2903 103 32 peculiar
2317 2906 80 31 study.

1847 2935 45 25 His
1916 2935 78 24 whole
2019 2934 154 31 pro'essional
2204 2936 41 25 life
2271 2936 43 25 has
2341 2938 59 25 been

1846 2967 124 33 especially
1993 2967 100 24 devoted
2115 2970 24 20 to
2153 2968 41 23 the
2219 2972 129 22 treatment
2375 2970 26 24 of

1846 3000 110 25 iServous
1983 2998 131 26 Affections
2146 3000 46 24 and
2218 3000 41 26 the
2289 3001 111 26 Diseases

1846 3033 127 25 incidental
1992 3035 25 21 to
2040 3031 106 26 Married
2173 3033 60 25 Life.
2276 3033 46 26 His
2343 3034 58 25 skill

1848 3067 18 21 is
1882 3064 116 24 available
2010 3066 25 20 to
2050 3063 93 24 all—no
2164 3067 87 21 matter
2263 3066 51 23 how
2327 3073 72 24 many

1848 3096 121 25 hundreds
1981 3095 25 25 of
2027 3094 66 26 miles
2108 3095 94 25 distant.
2239 3096 46 25 His
2309 3102 90 28 system

1847 3130 27 23 of
1883 3128 197 28 correspondence
2089 3128 31 30 by
2132 3128 70 24 letter
2215 3129 19 23 is
2246 3137 52 16 now
2307 3138 28 16 so
2347 3131 52 24 well

1847 3160 122 33 organised
2001 3160 47 24 and
2072 3159 96 31 kuown,
2202 3161 53 25 that
2281 3167 118 20 comment

1848 3194 78 25 would
1946 3194 29 24 be
1990 3193 227 33 superfluous—(by
2245 3194 48 25 this
2316 3203 82 18 means

1847 3234 72 23 many
1941 3226 131 23 thousands
2088 3225 24 23 of
2131 3226 104 29 patients
2256 3227 61 23 have
2337 3228 60 24 been

1846 3259 78 29 cured,
1936 3258 77 23 whom
2024 3257 29 24 he
2064 3255 41 26 has
2119 3264 72 17 never
2202 3266 56 17 seen
2268 3259 47 24 and
2324 3267 74 18 never

1848 3292 111 29 known);
1978 3290 47 26 and
2035 3290 20 25 it
2069 3290 20 24 is
2102 3290 89 26 carried
2206 3300 33 16 on
2258 3292 56 24 with
2339 3294 60 24 such

1846 3325 118 31 judicious
1979 3323 149 30 supervision
2142 3323 52 24 that
2206 3325 90 28 though
2311 3325 29 24 he
2356 3326 43 25 has

1848 3360 57 22 been
1928 3356 127 31 practising
2067 3355 48 24 this
2136 3356 88 24 branch
2240 3356 27 25 of
2285 3356 38 26 his
2343 3365 42 24 pro-

1848 3389 88 25 fession
1959 3389 37 25 for
2019 3388 145 30 twenty-six
2186 3396 70 23 years
2279 3388 26 26 in
2331 3391 68 24 these

1848 3422 110 30 colonies,
1973 3428 30 19 no
2014 3420 74 32 single
2098 3420 105 25 instance
2223 3421 29 24 of
2268 3422 133 26 accidental

1846 3455 124 30 discovery
1981 3454 42 23 has
2031 3461 55 16 ever
2100 3456 42 27 yet
2153 3454 131 30 happened-
2318 3454 81 26 When

1847 3487 126 24 medicines
1997 3492 39 17 are
2060 3485 118 31 required,
2202 3486 68 24 these
2293 3494 39 17 are
2352 3486 36 25 for-

1848 3518 93 26 warded
1968 3518 26 26 in
2026 3518 41 24 the
2096 3526 65 16 same
2188 3518 89 26 careful
2302 3527 97 18 manner

1848 3553 102 23 without
1961 3560 14 15 a
1987 3551 134 30 possibility
2133 3551 26 23 of
2182 3551 40 23 the
2242 3555 108 20 contents
2373 3555 26 22 of

1848 3584 40 24 the
1901 3582 89 32 parcels
2004 3582 70 31 beiDg
2086 3582 144 25 discovered.
2269 3583 68 24 Plain
2351 3584 48 24 and

1847 3617 61 24 clear
1921 3614 127 26 directions
2063 3622 143 24 accompany
2230 3614 68 27 these
2319 3615 82 31 latter,

1847 3649 46 25 and
1902 3649 41 24 the
1954 3655 55 18 cure
2017 3647 20 24 ia
2048 3648 98 24 effected
2166 3647 102 26 without
2284 3656 59 18 even
2357 3649 42 26 the

1848 3681 122 33 physician
1983 3680 112 31 knowing
2106 3680 53 24 who
2170 3680 20 24 ia
2204 3680 37 25 his
2256 3682 99 30 patient.

1877 3714 33 23 To
1938 3713 58 24 Men
2020 3713 48 24 and
2089 3712 99 24 Women
2209 3713 58 24 with
2289 3713 96 26 Broken

1847 3746 70 23 dewn
1943 3744 182 28 Constitutions,
2151 3744 41 23 the
2215 3744 118 31 Nervous,
2357 3746 42 24 the

1848 3776 153 27 Debilitated,
2016 3777 47 23 aud
2084 3775 31 24 all
2142 3775 113 33 suffering
2274 3777 61 24 from
2352 3785 48 24 any

1848 3809 88 26 disease
1952 3809 127 29 whatever,
2103 3807 36 26 Dr
2158 3808 28 25 L.
2215 3809 27 24 L.
2265 3809 134 27 SMITH'S

1847 3843 55 32 plan
1935 3842 26 26 of
1998 3845 128 22 treatment
2161 3843 136 25 commends
2326 3845 75 29 itself,

1847 3875 119 29 avoiding,
1978 3882 26 15 as
2028 3874 19 23 it
2063 3875 65 28 does,
2154 3874 42 24 the
2217 3875 185 26 inconvenience

1846 3908 48 24 and
1905 3915 102 24 expense
2019 3904 25 27 of
2056 3913 12 17 a
2085 3906 109 33 personal
2206 3906 64 29 visit.

1878 3957 102 23 Address
1984 3969 27 5 —

1981 4004 54 28 DR.
2051 4003 28 29 L.
2098 4005 28 27 L;
2150 4005 115 35 SMITH,

1877 4049 45 26 182,
1959 4047 133 23 COLLINS
2121 4047 120 23 STREET
2272 4050 88 26 EAST,

2022 4082 203 29 MELBOURNE,

1846 4126 71 30 (Late
1933 4124 40 26 the
1995 4124 132 26 Residence
2147 4125 25 25 of
2197 4125 41 25 the
2262 4125 144 32 Governor.)

1909 4194 167 27 Consultation
2087 4195 47 26 Fvse
2145 4195 33 32 by
2197 4193 89 27 Letter.
2297 4193 43 34 £l.
