2480 4390
1252 172 159 66 Mount
1443 172 190 66 Benger
1665 172 158 66 Mail.

1442 294 59 16 JUST
1512 295 49 15 AND
1573 295 65 17 FEAR

1474 351 25 28 WEDNESDAY,
1514 352 184 25 FEBRUARY
1710 351 38 28 16,
1761 351 62 28 1881.

1249 396 18 15 ¥
1423 396 48 3 ~~~

1242 421 15 17 n
1269 416 161 25 Councillor
1458 414 113 25 Merytx
1602 423 61 24 gave
1693 416 78 23 notice
1803 415 24 24 of

1255 446 2 33 j
1271 449 88 23 motion
1371 451 23 19 at
1406 448 41 24 the
1460 448 45 23 last
1521 449 104 29 meeting
1648 449 24 23 of
1695 449 40 23 the
1759 449 66 23 Box*

1255 479 2 31 j
1273 480 75 30 burgh
1368 479 114 31 Borough
1498 480 99 23 Council
1617 481 53 22 that
1694 481 29 22 he
1745 481 80 21 would

1272 519 66 17 move
1351 516 24 19 at
1386 512 41 23 the
1442 517 58 18 next
1513 517 103 27 meetmg
1658 512 65 25 That
1738 513 23 23 la
1784 512 41 24 the

1272 545 94 33 opinion
1379 546 24 23 of
1416 545 48 25 this
1487 547 100 23 Ccuacil
1611 547 19 24 it
1655 547 19 24 ia
1697 545 128 33 expedient

1272 582 51 20 that
1335 580 41 21 the
1388 579 147 22 inhabitants
1550 580 25 21 of
1587 580 47 22 this
1658 580 165 30 municipality

1273 611 26 23 be
1312 610 115 32 provided
1441 611 57 22 with
1514 618 28 15 an
1556 612 120 31 adequate
1698 614 86 29 supply
1799 614 24 20 of

1255 641 2 36 i
1271 653 57 24 pare
1343 647 77 28 water,
1442 644 47 25 and
1504 649 24 20 to
1550 645 68 25 effect
1640 644 48 26 this
1703 646 79 31 object
1804 646 19 25 it

1242 677 1 33 .
1255 677 2 33 !
1271 687 19 14 is
1301 677 119 24 advisable
1432 679 53 21 that
1501 679 40 23 the
1563 686 123 23 necessary
1708 686 65 24 steps
1794 682 29 21 be

1255 709 2 27 '■
1270 710 71 22 taken
1363 712 26 19 to
1413 709 115 23 fiscerfain
1551 709 42 23 the
1620 712 85 21 wishes
1731 712 25 22 of
1782 712 40 24 the

1256 740 1 35 |
1271 740 111 33 majority
1394 741 24 25 of
1431 742 42 24 the
1484 749 136 26 ratepayers
1636 752 24 16 as
1676 749 24 19 to
1718 744 105 26 whether

1242 775 1 37 '
1255 775 2 37 |
1270 777 56 29 thtry
1340 783 38 15 are
1388 776 121 29 agreeable
1523 782 50 17 tiiat
1584 784 13 15 a
1608 785 51 15 sum
1671 784 41 17 not
1724 778 83 25 extend-

1269 808 40 29 ing
1321 808 64 24 £'soo
1397 816 27 16 oh
1437 808 121 24 borrowed
1582 808 36 26 for
1631 811 40 23 the

1255 839 2 30 !
1270 841 28 24 In
1310 841 58 23 view
1380 841 24 23 of
1416 840 40 24 the
1468 839 130 30 discission
1611 843 77 23 which
1702 845 45 22 will
1768 845 55 24 take

1270 874 63 31 place
1343 877 24 20 at
1383 874 40 23 the
1435 877 57 20 next
1505 874 103 30 meeting
1627 883 24 15 or
1664 876 40 23 the
1715 877 107 30 Conner,

1270 905 45 25 aDd
1338 905 37 24 for
1398 906 41 24 the
1463 905 155 26 information
1646 908 24 23 of
1695 916 43 15 oar
1763 911 59 22 local

1269 938 101 30 readers,
1398 945 33 17 we
1455 938 61 24 shall
1540 938 83 32 briefly
1650 940 100 26 indicate
1783 944 40 24 the

1242 971 1 37 _
1269 972 127 31 procedure
1422 971 113 32 enjoined
1564 973 30 30 Ly
1620 973 40 25 the
1690 975 132 33 Municipal

1268 1005 168 31 Corpora!ions
1453 1009 54 25 Act,
1532 1005 67 29 1876,
1612 1006 24 23 ia
1650 1010 56 21 such
1730 1016 14 16 a
1764 1016 58 17 case.

1269 1038 62 24 That
1343 1041 90 21 statute
1446 1038 110 29 provides
1580 1041 52 22 that
1648 1041 86 30 special
1756 1041 67 25 loans

1269 1078 53 23 may
1350 1070 29 24 be
1414 1069 76 25 raised
1517 1071 37 24 for
1590 1072 80 30 public
1709 1081 114 24 parposes

1242 1104 1 33 ,
1412 1110 123 25 necessary
1560 1104 37 24 for
1619 1107 136 30 promoting
1782 1110 40 22 the

1242 1136 1 28 ,
1267 1137 156 24 convenience
1434 1136 47 23 and
1493 1136 80 24 health
1585 1137 28 24 of
1623 1139 39 23 the
1676 1139 146 25 inhabitants

1268 1169 24 24 of
1321 1175 48 24 any
1578 1169 86 24 Notice
1693 1172 20 22 ia
1743 1174 25 22 to
1794 1174 28 22 be

1268 1199 125 33 published
1425 1200 26 23 in
1479 1201 42 23 the
1553 1201 116 33 hor<ug!i,
1702 1203 38 24 for
1769 1204 53 25 four

1268 1233 128 25 successive
1408 1232 85 28 weeks,
1508 1233 29 24 of
1547 1234 40 24 the
1605 1235 128 30 particalar
1757 1239 65 23 work

1269 1265 114 32 proposed
1409 1269 26 19 to
1460 1267 28 21 be
1516 1267 156 29 undertaken,
1702 1270 39 23 the
1769 1278 53 15 sum

1253 1297 2 33 i
1270 1298 112 29 proposed
1396 1300 24 20 to
1436 1297 26 23 be
1476 1298 130 28 borrowed,
1618 1302 47 21 and
1685 1300 41 24 the
1749 1304 71 26 rates,

1254 1331 2 34 |
1269 1332 54 22 tolls
1336 1338 27 15 or
1376 1335 65 18 rents
1454 1332 115 29 proposed
1582 1335 24 20 to
1620 1334 27 21 be
1670 1333 101 32 pledged
1796 1343 23 16 as

1242 1361 1 37 '
1254 1361 2 37 I
1269 1363 102 31 security
1398 1363 38 22 for
1459 1361 40 25 the
1518 1363 146 26 loan.—Tho
1690 1367 83 31 Mayor
1794 1368 26 24 is.

1242 1392 1 39 i
1254 1392 2 39 !
1270 1397 82 23 within
1371 1400 40 20 ten
1432 1396 60 31 daj's
1514 1399 61 22 after
1598 1399 39 23 the
1660 1399 45 24 last
1733 1402 87 29 notice,

1253 1427 2 34 I
1269 1433 24 19 to
1313 1429 44 23 call
1372 1436 11 16 a
1409 1436 105 23 meeting
1536 1431 24 21 oi
1575 1431 40 22 the
1642 1431 131 30 burgesses,
1797 1437 25 20 to

1253 1460 2 35 ;
1268 1461 107 24 consider
1391 1460 40 23 the
1447 1462 117 29 proposal,
1590 1463 47 23 and
1649 1465 60 21 shall
1729 1466 92 29 preside

1253 1493 2 30 !
1269 1496 23 22 at
1303 1493 56 24 such
1369 1495 103 28 meeting
1486 1502 5 18 ;
1505 1494 47 24 and
1563 1494 63 24 after
1634 1496 47 24 due
1688 1497 120 24 considera-

1253 1525 2 35 !
1270 1527 48 24 tion
1333 1526 46 24 and
1390 1525 133 25 discussion
1543 1525 26 26 of
1590 1526 41 26 the
1646 1530 110 30 proposal
1781 1531 41 24 the

1253 1559 2 33 ;
1270 1561 83 26 Mayor
1365 1565 54 23 may
1434 1566 53 21 give
1507 1559 78 23 notice
1601 1561 51 23 that
1669 1570 14 14 a
1710 1563 47 29 poll
1775 1563 47 23 will

1269 1589 106 25 betaken
1392 1593 109 20 tnereon.
1534 1591 53 24 The
1610 1595 45 21 Act
1670 1594 111 30 proceeds
1798 1603 24 16 to

1253 1618 2 41 I
1269 1622 115 33 prescribe
1395 1621 40 26 the
1446 1630 50 24 way
1506 1623 23 25 in
1540 1624 75 25 which
1625 1626 41 24 the
1677 1626 46 33 poll
1731 1626 19 25 is
1759 1632 24 21 to
1794 1628 28 25 be

1253 1656 2 41 j
1269 1657 69 25 taken
1362 1658 45 23 and
1427 1657 109 31 provides
1565 1659 53 24 that
1646 1661 40 23 the
1710 1664 111 29 proposal

1253 1683 2 44 I
1269 1693 62 20 ronfct
1345 1690 28 22 be
1384 1689 90 24 carried
1489 1690 31 29 by
1531 1698 14 15 a
1557 1692 112 31 majority
1680 1693 28 23 of
1716 1697 24 19 at
1763 1695 59 23 least

1253 1721 2 35 j
1268 1721 110 25 one-fifth
1400 1722 25 24 of
1447 1723 41 23 the
1510 1723 129 31 burgesses.
1671 1725 50 24 The
1736 1726 86 30 Mayor

1253 1749 2 39 i
1268 1754 19 25 is
1299 1754 92 25 further
1402 1754 111 31 enjoined
1525 1760 25 18 to
1570 1756 55 30 give
1646 1758 82 30 public
1743 1759 78 24 notice

1267 1787 28 24 of
1307 1787 38 24 the
1358 1787 101 24 number
1471 1787 25 23 of
1507 1795 68 17 votes
1585 1791 115 23 recorded
1716 1793 37 22 for
1774 1792 46 24 and

1267 1820 91 32 against
1374 1820 40 23 the
1430 1820 119 31 proposal,
1564 1822 46 24 and
1634 1826 24 20 to
1673 1823 91 27 declare
1780 1824 40 24 the

1267 1860 63 16 snnie
1343 1853 93 23 carried
1446 1860 27 16 or
1488 1852 101 33 rejected
1604 1863 25 16 as
1643 1857 39 23 the
1693 1866 51 15 case
1766 1865 54 18 nnv

1269 1886 33 23 he.
1338 1885 21 24 If
1371 1885 40 24 the
1419 1886 107 30 proposal
1538 1895 19 15 is
1570 1889 99 28 carried,
1681 1890 39 24 the
1734 1890 86 32 Mayor

1267 1920 19 21 is
1298 1923 24 18 to
1333 1919 76 28 notify
1423 1920 39 20 the
1475 1920 108 23 Colonial
1608 1923 134 31 Secretary,
1767 1924 53 22 who

1267 1951 57 24 shall
1336 1950 95 33 publish
1442 1951 42 24 the
1498 1959 63 17 same
1570 1953 22 24 in
1603 1953 40 24 the
1653 1954 110 32 Gazette,
1773 1957 45 23 and

1267 1987 50 21 that
1330 1983 147 26 notification
1495 1986 19 23 ia
1536 1990 25 20 to
1582 1987 27 25 be
1632 1989 113 24 evidence
1768 1992 60 23 that'

1249 2018 3 36 j
1266 2019 40 22 the
1319 2018 86 29 raising
1420 2019 28 22 of
1458 2019 41 23 the
1511 2027 85 23 money
1622 2021 41 24 has
1679 2024 55 23 been
1759 2024 59 30 duly
1827 2018 1 36 i

1249 2045 3 41 j
1265 2050 136 24 authorised
1413 2050 23 23 in
1449 2054 73 19 terms
1533 2052 27 22 of
1569 2052 41 24 the
1625 2055 192 31 Act.—Regard-
1827 2045 1 41 i

1265 2091 39 23 mg
1317 2085 38 22 the
1367 2083 108 24 absolute
1489 2084 115 34 necessity
1617 2087 25 24 of
1663 2096 14 15 R
1698 2097 60 15 jure
1772 2091 45 23 and
1827 2083 1 40 |

1248 2109 3 46 I
1266 2116 107 26 plentiful
1389 2118 86 28 supply
1486 2118 24 22 of
1523 2123 79 24 water,
1621 2128 31 14 »ve
1668 2121 68 23 think
1761 2130 56 21 vnry
1827 2109 1 46 j

1248 2144 2 42 {
1265 2147 59 25 little
1339 2148 107 33 requires
1459 2154 24 18 to
1502 2149 28 24 be
1544 2150 58 25 said.
1637 2152 49 25 The
1702 2153 115 33 necessity
1827 2144 1 42 I

1248 2181 1 38 I
1263 2182 19 22 in
1292 2181 43 24 self
1349 2182 104 23 evident.
1489 2182 62 24 That
1563 2184 41 24 the
1619 2191 95 24 present
1730 2191 85 28 supply
1827 2181 1 38 !

1248 2207 1 44 I
1263 2215 19 20 is
1296 2217 42 19 not
1349 2214 30 22 all
1394 2215 52 21 that
1460 2215 19 21 it
1491 2215 76 25 ought
1592 2221 6 14 t
1603 2225 13 15 0
1630 2219 28 22 be
1680 2220 20 21 is
1721 2220 94 31 equally
1827 2207 1 44 i

1242 2245 7 28 _;
1263 2245 102 22 evident.
1401 2244 53 24 Tne
1464 2250 72 21 water
1547 2247 19 24 is
1576 2254 21 17 at
1611 2255 92 25 pro-sent
1712 2252 101 31 brought

1247 2274 38 39 jin
1301 2281 68 23 r-yan
1383 2281 59 23 open
1456 2283 59 22 race,
1531 2281 45 21 ami
1590 2281 19 22 ia
1634 2281 68 25 habfe
1716 2288 24 18 to
1763 2293 52 15 con-
1827 2274 1 39 !

1247 2304 3 44 |
1264 2310 63 19 slant
1346 2307 159 25 coutam'fttion
1523 2310 60 24 from
1604 2312 94 26 various
1711 2321 102 25 s-mrccs,
1827 2304 1 44 j

1248 2334 1 45 j
1265 2338 89 25 besides
1363 2341 67 30 being
1442 2339 115 34 irregular
1567 2344 23 24 in
1600 2351 106 19 amount.
1738 2348 77 25 Those
1827 2334 1 45 !

1248 2371 1 42 i
1265 2372 49 22 who
1331 2371 59 25 have
1417 2374 42 22 the
1474 2381 72 18 wator
1573 2377 45 24 laid
1646 2386 30 16 on
1701 2385 23 18 to
1752 2382 63 23 their
1826 2371 2 42 j

1248 2400 2 40 j
1264 2404 100 24 sections
1378 2412 38 16 are
1431 2409 41 20 not
1486 2414 25 15 so
1524 2408 70 32 badly
1609 2419 6 13 <
1625 2410 19 23 ff
1657 2419 24 16 aa
1695 2420 38 16 are
1747 2415 67 22 thoso
1826 2400 2 40 i

1248 2436 3 40 |
1265 2436 50 23 who
1324 2436 61 24 have
1402 2440 25 20 to
1448 2445 69 31 carry
1538 2440 19 24 it
1582 2440 61 27 from
1661 2446 38 22 the
1722 2439 106 32 nearest!

1262 2469 136 30 stand-pipe
1410 2469 36 31 (in
1463 2477 64 18 some
1538 2481 64 16 cases
1623 2483 14 16 a
1652 2477 161 26 considerable

1262 2496 133 35 distance);
1427 2502 42 24 hut
1499 2504 24 23 in
1548 2510 98 19 matters
1660 2510 24 21 of
1710 2510 102 32 primary

1262 2532 144 33 importance
1418 2535 56 22 such
1487 2543 25 15 as
1530 2537 39 24 the
1582 2539 87 33 «upp!y
1693 2542 26 23 of
1740 2548 73 20 water

1263 2575 70 22 every
1343 2572 138 26 rate-payer
1491 2568 24 25 in
1529 2571 39 23 the
1579 2570 111 35 Borough
1702 2576 74 31 ought
1789 2582 24 20 to

1264 2600 27 23 be
1303 2600 80 30 placed
1401 2608 29 16 on
1451 2608 30 16 an
1502 2604 71 29 epual
1596 2607 100 30 footing,
1712 2610 47 23 and
1783 2611 30 23 all

1263 2632 83 23 should
1360 2632 60 24 have
1436 2641 29 16 an
1481 2635 116 33 unfailing
1618 2642 87 29 euppiy
1726 2641 25 25 of
1772 2643 40 23 tho

1263 2672 58 24 pure
1332 2664 112 26 element.
1476 2668 36 22 On
1528 2670 106 31 sanitary
1646 2673 104 29 grounds
1765 2676 47 23 end

1262 2699 36 23 for
1314 2698 221 31 self-preservation
1550 2701 49 25 also
1616 2703 49 24 this
1686 2707 21 22 is
1730 2715 70 16 neces-

1262 2736 60 26 sary,
1335 2737 26 16 so
1373 2730 52 24 that
1436 2731 36 23 Dr
1486 2732 94 24 Webb's
1592 2734 133 36 pleasantly
1740 2739 73 24 aboul;

1262 2761 41 26 the
1314 2763 117 31 necessity
1443 2764 37 23 for
1491 2765 123 32 enlarging
1626 2770 40 23 the
1677 2777 53 17 area
1740 2773 24 22 of
1773 2773 40 23 the

1261 2798 117 27 cemetery
1398 2796 125 25 contained
1540 2805 29 17 an
1596 2799 128 32 important
1736 2804 75 25 truth.

1262 2826 22 26 If
1295 2830 97 20 matters
1407 2835 38 17 are
1459 2829 98 26 allowed
1569 2835 25 20 to
1606 2833 89 25 remain
1707 2843 30 16 on
1752 2836 62 25 their
1825 2824 2 40 i

1262 2864 92 27 present
1366 2861 100 31 footing,
1479 2861 40 25 the
1533 2863 82 26 health
1639 2866 24 25 of
1685 2866 41 26 the
1747 2877 48 17 com-

1261 2894 94 30 munity
1382 2898 64 20 must
1472 2894 132 33 inevitably
1630 2899 80 30 suffer,
1745 2903 68 24 while

1260 2929 66 27 great
1350 2926 185 25 inconvenience
1557 2930 46 23 and
1627 2931 113 33 hardship
1764 2936 49 23 will
1825 2922 2 45 j

1260 2957 113 25 continue
1391 2961 25 21 to
1431 2960 99 30 prevail.
1564 2960 54 26 'The
1644 2969 97 21 amount
1760 2975 40 23 pro-

1261 2991 71 30 posed
1345 2994 24 20 to
1384 2991 27 25 be
1429 2992 76 24 raised
1528 2995 19 21 is
1567 3003 27 14 so
1618 2997 66 24 small
1701 2999 52 24 that
1778 3009 34 14 we

1260 3027 86 21 canoot
1372 3024 70 24 think
1472 3032 14 16 a
1507 3025 76 31 oiugle
1611 3033 126 28 ratepayer
1766 3033 45 24 will

1261 3056 80 25 record
1353 3064 13 16 a
1382 3056 139 26 dissentieut
1547 3063 61 27 vote,
1621 3062 48 25 and
1691 3070 35 18 we
1750 3064 63 33 hope

1260 3090 40 25 the
1314 3090 99 25 Council
1425 3090 49 25 will
1489 3094 115 23 ascertain
1616 3095 40 23 the
1678 3096 85 25 wishes
1787 3100 25 23 of

1260 3124 40 23 the
1312 3126 144 28 ratepayer?,
1482 3124 56 29 and,
1552 3125 69 25 when
1637 3126 40 25 the
1699 3130 112 31 requisite

1259 3155 139 26 formalities
1421 3156 60 24 have
1505 3157 57 25 been
1583 3167 60 23 gone
1667 3160 102 33 through
1792 3165 19 24 it

1260 3189 47 25 will
1322 3189 28 23 be
1364 3188 74 24 found
1453 3189 51 23 that
1517 3190 57 31 they
1590 3200 39 16 are
1642 3193 27 24 of
1677 3202 46 16 ono
1745 3196 65 25 mind

1258 3230 31 17 on
1312 3221 42 26 the
1382 3221 97 33 subject:
1513 3222 91 34 Money
1627 3224 19 25 is
1669 3230 24 20 at
1717 3233 94 25 present

1257 3255 73 32 cheap
1342 3256 45 23 and
1399 3255 20 24 is
1430 3255 73 30 likely
1516 3259 24 19 to
1551 3258 90 24 remain
1657 3267 26 16 so
1697 3259 37 25 for
1745 3270 65 16 some

1258 3290 57 23 time
1328 3292 25 20 to
1371 3296 71 17 come.
1477 3288 79 24 Labor
1579 3290 48 24 also
1656 3292 20 23 is
1700 3293 109 29 plentiful

1256 3322 48 24 and
1315 3320 81 33 cheap,
1411 3329 25 16 so
1452 3320 53 25 that
1517 3322 32 24 all
1562 3322 41 24 the
1615 3324 134 26 conditions
1771 3336 39 16 are

1258 3355 21 22 in
1292 3354 69 23 favor
1376 3354 28 23 of
1414 3353 42 24 the
1481 3354 65 23 work
1560 3355 68 29 being
1650 3358 92 23 carried
1768 3365 42 18 out

1257 3385 100 25 without
1368 3384 76 32 delay,
1456 3385 46 24 and
1515 3393 34 16 we
1561 3386 60 31 hope
1634 3387 19 24 it
1669 3388 47 25 will
1728 3390 33 24 be.

1254 3457 56 24 The
1332 3456 128 23 Insurance
1482 3453 142 31 Companies
1693 3456 115 28 Dunedin

1255 3490 60 23 have
1326 3487 73 31 lately
1411 3485 105 24 directed
1537 3486 80 29 public
1639 3490 117 23 attention
1785 3494 23 21 fo

1254 3522 41 24 the
1319 3521 57 29 fact,
1394 3518 53 25 that
1461 3517 155 33 Phosphorus
1636 3520 22 24 is
1683 3524 78 22 srored
1783 3524 24 24 In

1253 3553 95 26 various
1368 3557 66 26 parts
1452 3550 28 24 of
1499 3551 42 23 the
1556 3552 94 31 colony,
1667 3553 56 25 with
1746 3556 62 25 liit!e

1253 3594 27 17 or
1288 3594 31 16 no
1341 3584 139 31 precaution
1504 3582 36 24 for
1565 3583 42 24 the
1634 3586 129 26 avuidance
1783 3589 25 23 of

1252 3618 125 26 accidents.
1423 3614 25 26 It
1484 3615 20 24 is
1542 3616 99 31 pointed
1681 3620 43 24 out
1754 3621 54 24 that

1252 3651 166 31 phosphorous
1444 3647 21 24 is
1488 3647 71 24 liable
1589 3652 24 19 to
1646 3654 161 27 spontaneous

1252 3682 157 29 combustion,
1423 3680 47 25 and
1480 3680 20 25 is
1516 3680 81 33 highly
1609 3681 140 33 dangerous,
1763 3693 29 17 un-

1252 3717 45 24 less
1313 3718 67 30 great
1401 3714 95 25 caution
1514 3713 20 25 is
1554 3715 120 24 exercised
1688 3724 25 17 as
1733 3721 25 21 to
1776 3720 30 24 its

1251 3754 101 27 storage,
1366 3748 45 24 and
1421 3747 41 24 the
1474 3746 130 25 Insurance
1615 3747 140 34 Companies
1766 3752 38 31 lay

1251 3783 70 23 down
1337 3782 41 24 the
1386 3779 121 30 following
1519 3780 63 22 rules
1592 3780 36 23 for
1639 3781 41 24 the
1691 3783 114 29 guidance

1251 3814 25 23 of
1287 3814 69 23 those
1368 3812 92 29 storing
1472 3818 26 16 or
1510 3811 114 31 handling
1636 3812 150 32 phosphorus
1797 3824 5 18 :

1251 3847 68 31 —(1)
1330 3847 23 23 lfc
1366 3847 20 23 is
1399 3845 74 31 likely
1485 3847 25 20 to
1521 3843 82 32 ignite,
1620 3845 68 25 when
1704 3847 53 31 dry,
1778 3852 25 23 at

1250 3878 41 26 the
1322 3878 113 31 ordinary
1463 3882 176 26 temperature;
1672 3880 36 29 (2)
1735 3881 22 25 It
1784 3884 20 23 ia

1249 3912 110 24 essential
1371 3912 54 23 that
1436 3912 19 22 it
1469 3909 85 24 should
1568 3911 27 23 be
1610 3913 80 23 stored
1707 3916 25 20 at
1742 3917 58 22 such

1249 3953 14 15 a
1277 3945 106 24 distance
1406 3944 61 23 from
1488 3942 123 32 buildings
1626 3945 61 30 tbat,
1710 3945 25 25 in
1762 3948 41 24 the
1827 3942 1 33 i

1247 3981 72 21 event
1338 3977 26 23 of
1383 3978 163 29 spontaneous
1564 3976 159 31 combustion,
1745 3980 56 32 they
1827 3976 1 36 !

1249 4009 47 24 will
1321 4012 43 21 not
1388 4011 27 22 be
1439 4007 101 25 affected
1568 4008 115 33 thereby;
1710 4013 37 30 (3)
1778 4014 23 25 It
1827 4007 1 36 I

1246 4042 89 23 should
1352 4043 28 22 be
1392 4041 137 30 submerged
1542 4039 25 25 in
1580 4045 78 21 water,
1688 4045 21 21 in
1731 4047 70 23 tanks

1246 4082 28 17 or
1282 4075 69 23 other
1363 4074 88 23 vessels
1462 4074 57 31 kept
1531 4072 115 27 full.—»So
1657 4074 55 32 long
1723 4086 24 15 as
1760 4079 41 24 the
1827 4072 1 34 '

1246 4107 80 24 rabhit
1339 4108 86 29 plague
1452 4106 125 24 continues
1590 4108 31 23 its
1646 4113 152 22 devastation
1827 4106 1 31 '

1245 4145 109 24 amongst
1365 4146 35 22 us,
1413 4146 26 16 so
1449 4138 55 30 long
1517 4140 47 22 wU
1670 4145 129 27 quantities
1827 4138 1 34 '

1245 4172 25 23 of
1291 4172 148 30 phosphorus
1453 4171 113 26 continue
1593 4178 25 18 to
1643 4174 27 24 ho
1684 4178 78 22 stored
1775 4178 23 22 in

1246 4205 75 30 places
1338 4204 74 24 which
1432 4213 40 15 are
1498 4206 92 24 neither
1610 4206 125 32 fire-proof
1757 4219 42 15 nor
1827 4204 1 34 '

1244 4237 126 24 otherwise
1382 4237 100 29 adapted
1495 4237 36 23 for
1549 4239 39 22 the
1604 4240 49 22 safe
1677 4244 120 28 reception
1827 4237 1 35 1

1244 4270 23 23 of
1282 4268 157 26 inflammable
1455 4270 114 26 material.
1604 4271 49 25 But
1674 4279 42 19 not
1730 4273 68 25 alone
1812 4262 3 36 I
1827 4262 1 36 (

1855 164 30 31 by
1901 164 149 31 phosphorus
2072 164 58 24 does
2154 162 91 30 danger
2257 161 28 24 of
2308 161 48 24 lo?s
2380 161 32 31 by

1838 188 2 32 '
1855 197 41 23 fire
1907 196 68 24 exist.
2010 197 23 23 It
2045 196 19 23 is
2077 198 51 22 well
2139 195 85 24 known
2234 195 51 23 th&t
2298 195 28 22 of
2332 197 80 20 recent

1839 225 2 39 j
1854 237 76 25 jears,
1938 229 55 24 fires
2003 229 59 24 have
2072 229 58 24 bf.en
2139 227 140 30 alarmingly
2287 226 125 32 prevalent

1839 259 1 33 :
1855 263 148 29 throughout
2032 263 41 23 the
2090 263 99 28 Colony,
2221 261 48 23 auH
2293 260 41 22 tbo
2365 259 47 23 loss

1839 290 3 34 ;
1856 298 83 19 theuco
1954 295 91 29 arising
2060 295 42 23 has
2124 294 57 22 been
2205 290 207 32 proportionately

1839 319 3 40 I
1855 331 72 26 great.
1961 326 28 26 In
2003 336 73 23 many
2092 334 65 18 eases
2170 324 41 25 the
2224 324 75 31 origin
2323 324 25 24 of
2370 322 42 25 the

1839 360 58 35 j,iire
1910 360 42 25 has
1970 362 57 23 been
2051 362 88 29 clearly
2152 359 207 28 accidental,—or,
2386 362 26 19 at

1838 388 3 41 j
1855 395 39 23 the
1905 397 79 24 worst,
1994 394 41 24 the
2045 393 73 25 result
2128 394 24 23 of
2163 392 161 24 carelessness-
2358 388 54 25 Tho

1853 428 184 24 circumstances
2049 428 77 23 under
2133 425 77 25 which
2223 425 53 24 fires
2292 423 118 31 originate

1838 458 1 28 I
1853 468 40 15 are
1907 468 26 14 as
1944 461 95 23 various
2058 468 25 15 a3
2100 461 41 21 the
2164 458 74 23 kh.ds
2257 458 25 22 of
2295 460 117 26 property

1853 492 119 23 attacked.
2008 494 33 21 At
2053 491 56 24 Moa
2122 490 63 30 Flat,
2202 490 24 23 in
2243 489 49 23 this
2306 487 106 30 vicinity,

1852 533 12 15 a
1877 524 41 25 fire
1930 525 111 25 iceurred
2052 524 163 31 lately,under
2226 522 184 25 circutoiana's

1838 555 1 35 1
1853 558 105 25 believed
1982 562 23 21 to
2022 559 26 24 be
2062 559 84 31 purely
2161 556 138 26 accidental.
2332 555 78 24 Those

1838 587 1 33 !
1851 592 189 28 circimsUnces,
2067 599 26 14 a.%
2116 592 113 28 reported
2251 595 24 17 to
2292 595 34 21 us,
2350 594 60 17 were

1851 623 103 25 detailed
1968 623 25 26 in
2020 630 44 18 our
2090 621 107 27 columns
2227 625 25 21 fit
2277 620 41 24 the
2344 618 66 27 time.

1851 658 53 24 The
1935 657 42 25 fire
1994 665 100 24 appears
2116 661 26 20 to
2161 656 59 25 have
2237 656 59 24 been
2323 654 85 25 caused

1838 689 1 31 ,
1851 692 28 28 by
1894 692 40 22 the
1946 698 53 21 rays
2013 691 27 22 of
2048 698 14 15 a
2075 690 102 29 broiling
2194 696 44 15 sun
2262 689 70 28 being
2353 694 42 17 con-

1838 718 1 34 |
1850 723 122 24 c>iutrated
1998 729 64 23 upon
2087 728 64 17 some
2173 722 77 30 piecea
2276 721 24 21 of
2318 719 88 23 broken

1838 752 1 33 '
1850 757 68 28 gUsa,
1930 755 76 25 which
2028 755 37 30 lay
2079 754 93 25 around
2185 762 14 16 a
2220 752 66 25 stack
2300 753 25 23 of
2347 755 61 22 oat?.

1851 790 52 23 The
1925 788 66 24 sfack
2017 795 46 17 was
2082 787 84 31 totally
2191 785 135 30 destroyed,
2352 786 55 29 and,

1838 816 1 37 !
1851 822 69 31 bring
1950 820 138 29 uninsured,
2111 821 40 23 the
2174 818 47 26 loss
2249 823 23 19 to
2296 820 39 22 the
2363 825 30 18 uc-

1851 855 121 24 fortunate
1991 861 80 16 owner
2095 855 20 21 is
2132 861 44 15 one
2192 851 74 24 which
2293 855 62 20 must
2377 854 30 21 b>»

1838 884 1 35 l
1850 887 163 32 sympathised
2041 886 58 23 with
2116 888 30 27 by
2169 885 40 29 ali,
2226 886 36 22 for
2286 885 20 22 it
2329 884 76 31 mighi;

1851 921 181 24 have.occurred
2048 924 24 18 to
2085 926 47 22 any
2148 919 70 22 other
2234 916 84 25 settler
2331 918 23 23 in
2365 919 41 23 tho

1838 950 1 34 i
1849 958 110 26 c>untry<
1991 952 50 24 Tho
2064 951 72 25 moral
2153 950 74 25 which
2256 957 34 18 we
2304 951 55 24 seek
2382 955 25 21 to

1838 984 1 31 ■
1850 988 64 22 draw
1931 988 61 23 from
2006 987 55 24 this,
2076 986 28 29 is,
2131 988 29 27 by
2179 984 97 31 holding
2291 992 32 23 up
2347 984 58 25 suoh

1838 1020 1 29 j
1850 1027 71 21 cases,
1934 1020 131 29 toitaprees
2078 1025 28 16 on
2121 1025 70 20 every
2201 1024 205 24 property-owner

1838 1049 1 33 I
1851 1053 40 23 the
1902 1057 118 25 necesniy
2029 1051 26 23 of
2064 1051 87 31 having
2170 1050 36 24 bis
2216 1055 113 26 property
2349 1049 58 28 kept

1838 1082 1 34 ;
1850 1084 135 31 constantly
2007 1084 97 23 insured
2123 1082 92 30 against
2227 1083 47 24 loss
2300 1084 30 30 by
2354 1084 51 24 fire.

1838 1115 1 34 !
1850 1117 30 25 So
1894 1117 57 32 long
1966 1124 26 17 as
2000 1117 67 24 there
2083 1117 20 23 is
2116 1115 158 25 inflammable
2290 1119 115 29 property

1838 1144 1 36 I
1850 1150 75 23 —and
1950 1150 70 23 much
2049 1149 24 23 of
2098 1152 39 21 the
2168 1155 113 25 praperty
2299 1150 24 23 in
2344 1149 61 24 New

1838 1180 1 31 ;
1850 1181 102 25 Zealand
1965 1182 19 22 is
1996 1182 24 22 of
2031 1189 13 15 a
2061 1181 81 30 highly
2155 1180 158 25 inflammable
2338 1181 54 24 char-

1838 1213 1 32 j
1850 1219 71 24 actrr,
1939 1216 29 29 by
1984 1220 79 18 reason
2082 1220 41 18 not
2133 1213 58 30 only
2198 1216 24 21 of
2236 1213 88 24 timber
2333 1213 72 32 being

1838 1246 1 33 j
1851 1248 23 24 in
1886 1248 56 23 such
1956 1255 106 16 common
2080 1255 48 21 use,
2156 1248 43 24 but
2219 1246 28 24 of
2259 1248 40 22 the
2323 1247 82 23 eifects

1838 1279 1 31 i
1850 1288 61 22 upon
1925 1280 52 22 that
1991 1279 107 23 material
2109 1279 28 23 of
2142 1281 55 28 long
2207 1279 130 22 continued
2349 1280 56 22 heat

1838 1311 1 31 I
1850 1314 45 22 and
1906 1312 125 30 drought-
2042 1319 25 16 so
2083 1312 54 30 'org
2150 1311 45 24 will
2207 1312 66 24 there
2297 1311 29 24 be
2337 1314 69 26 great

1838 1343 1 33 :
1850 1345 101 31 liability
1958 1347 24 21 to
1995 1345 129 23 accidental
2136 1343 50 26 fire.
2217 1343 55 25 .S'ire
2280 1344 123 24 insurance

1838 1376 1 34 !
1849 1380 19 23 is
1881 1387 14 16 a
1909 1378 60 32 d«-ty
1982 1378 139 24 incumbent
2147 1383 65 26 upon
2227 1376 39 31 all,
2283 1381 42 20 not
2348 1378 56 30 only

1838 1410 1 29 I
1850 1413 35 22 for
1896 1412 62 22 the;r
1972 1418 52 17 own
2044 1413 68 21 saiscs
2129 1411 44 23 but
2191 1412 38 22 for
2243 1411 26 22 til
2273 1410 3 29 l
2276 1419 9 14 *
2307 1410 55 24 eake
2379 1420 29 14 ov

1838 1443 1 33 |
1850 1446 66 22 those
1927 1444 136 30 dependant
2076 1450 64 24 upon
2158 1444 71 25 them.
2266 1443 137 33 Especially

1838 1476 1 34 j
1848 1478 56 22 dots
1930 1477 47 22 this
1999 1476 133 31 obligation
2156 1481 47 19 rest
2217 1483 31 16 on
2262 1483 93 16 owners
2379 1477 25 23 of

1838 1508 1 33 |
1849 1509 64 24 rural
1929 1514 121 27 property,
2071 1510 76 22 where
2171 1509 74 31 leady
2272 1516 80 16 means
2378 1509 29 24 of

1848 1543 159 23 combination
2020 1544 37 21 for
2067 1543 179 29 extinguishing
2259 1542 52 24 fires
2319 1543 30 23 do
2361 1549 42 17 not

1838 1575 1 29 ;
1848 1577 68 21 evist.
1952 1575 128 22 Insurance
2094 1575 142 29 Companies
2260 1581 40 16 are
2323 1578 24 19 to
2375 1576 28 22 b»

1838 1601 1 36 I
1848 1608 75 22 found
1935 1606 148 31 throughout
2100 1607 39 23 the
2151 1608 84 29 colony
2246 1616 5 19 ;
2269 1606 57 31 they
2343 1607 60 23 have

1838 1637 115 35 'agencies
1982 1640 94 32 planted
2099 1640 165 30 everywhere;
2293 1643 40 22 the
2351 1649 39 23 pre-

1838 1673 1 32 j
1849 1676 86 21 miunw
1949 1673 140 30 chargeable
2111 1682 38 14 are
2166 1681 56 21 very
2248 1676 137 22 reasonable
2396 1684 6 20 ;

1838 1705 1 31 I
1848 1706 56 29 and,
1944 1713 52 16 now
2018 1705 52 24 that
2099 1712 43 18 our
2166 1705 174 31 agriculturists
2362 1715 41 16 are

1848 1738 73 25 about
1948 1742 25 19 to
2000 1745 81 16 secure
2105 1738 41 24 the
2168 1739 86 27 gulden
2283 1739 70 24 truita
2377 1740 26 23 of

1848 1771 101 23 another
1975 1770 123 24 abundant
2125 1771 104 28 harvest,
2253 1774 19 19 it
2297 1771 106 25 behoves

1849 1803 63 24 them
1938 1808 25 19 to
1980 1807 90 27 protect
2093 1805 140 22 themselves
2261 1803 61 26 from
2347 1803 56 31 IO3S,

1849 1836 30 30 by
1890 1837 141 23 substantial
2053 1837 145 23 insurance*.
2234 1835 94 32 Having
2342 1837 61 25 done

1847 1877 32 20 so,
1892 1869 46 23 and
1951 1870 89 30 having
2057 1871 73 23 taken
2141 1877 119 16 measures
2271 1875 22 18 to
2304 1871 98 29 provide

1848 1903 92 30 agaii;st
1962 1902 60 22 what
2050 1902 20 24 is
2093 1905 39 19 too
2158 1910 108 16 comu;cn
2291 1902 25 24 in
2335 1903 68 23 these

1847 1935 175 23 C'».'onieß--the
2057 1933 101 25 reckless
2192 1942 41 16 uao
2267 1935 25 24 of
2319 1934 84 25 lncifur

1848 1968 113 28 matches,
1975 1968 52 26 &c,
2047 1967 56 31 tiny
2116 1967 45 24 will
2176 1968 27 23 lie
2227 1968 23 24 in
2267 1977 13 15 a
2298 1970 102 30 position

1848 2004 23 21 to
1884 2001 52 28 feel,
1949 2001 36 24 but
2005 2004 38 22 not
2055 2001 37 24 till
2111 2001 57 28 then,
2195 2001 50 25 that
2260 2003 56 29 they
2340 2003 61 25 have

1846 2034 138 30 discharged
1997 2042 12 15 a
2021 2036 58 29 du.y
2095 2035 138 23 incumbent
2244 2044 29 15 on
2287 2036 65 22 them
2375 2045 26 15 as

1846 2067 104 29 prudent
1966 2073 88 18 mm.—
2061 2070 18 20 A
2106 2067 186 32 correspondent
2315 2069 24 24 of
2359 2069 42 24 the

1869 2099 76 27 Ota<jo
1973 2099 118 25 Witness''
2118 2101 78 30 points
2219 2107 42 18 out
2286 2102 52 23 that
2360 2105 41 21 the

1845 2138 63 16 mere
1933 2133 78 29 laying
2034 2133 25 23 of
2087 2132 113 31 poisoned
2226 2133 67 32 grain
2314 2134 88 29 during

1846 2167 39 22 the
1898 2170 93 26 present
2006 2165 41 24 hot
2064 2167 101 23 weather
2178 2166 20 25 is
2210 2166 112 26 astended
2344 2168 56 24 s\ith

1845 2197 123 25 imminent
1982 2199 91 30 dangur
2099 2200 61 23 from
2182 2200 129 24 accidental
2335 2208 48 16 com-

1845 2230 102 22 bustian.

1845 2307 120 61 Local
1989 2307 72 61 and
2085 2307 169 61 General
2278 2307 120 61 News.

1872 2442 70 31 Major
1963 2443 91 24 Keddeli
2077 2444 60 21 R.M.
2162 2445 41 22 and
2231 2443 100 29 Warden,
2355 2445 43 22 will

1826 2471 2 37 j
1843 2473 50 22 hold
1910 2474 35 21 the
1954 2474 60 22 usual
2034 2474 97 29 monthly
2152 2481 70 16 courts
2239 2481 20 16 at
2281 2478 48 19 i;ox

1842 2503 42 21 this
1895 2504 48 27 day.

1870 2538 35 21 An
1917 2538 124 30 interesting
2055 2539 179 24 communication
2246 2547 21 15 m
2282 2540 116 30 distemper

1826 2569 1 32 ,
1842 2569 21 23 in
1874 2573 53 25 dogs
1939 2570 37 21 has
1987 2570 52 22 been
2051 2570 98 23 received
2160 2571 42 22 and
2224 2571 43 24 will
2288 2579 79 22 appear
2377 2578 21 17 in

1826 2600 2 24 I
1841 2605 48 17 next
1901 2600 61 22 issue.

1870 2636 42 21 We
1922 2643 35 15 are
1964 2636 49 29 glad
2025 2639 21 19 to
2055 2636 57 23 learn
2122 2638 44 22 that
2175 2638 111 22 a'number
2293 2638 25 22 of
2326 2638 72 22 share*

1842 2665 21 24 in
1875 2666 35 22 the
1922 2666 90 22 Casweil
2025 2667 73 23 Sound
2111 2667 84 24 Marble
2211 2669 113 29 Company
2345 2671 53 21 have

1826 2690 1 38 I
1841 2697 54 22 been
1919 2697 65 22 taken
2004 2705 29 21 up
2058 2698 22 21 in
2101 2699 42 20 this
2162 2699 88 22 district.
2282 2698 116 30 Intending

1826 2721 1 34 j
1842 2727 101 21 investors
1964 2726 76 23 shou:d
2063 2728 61 27 place
2148 2729 127 21 themselves
2293 2736 22 14 in

1826 2756 1 33 j
1842 2756 127 24 munication
1982 2757 50 23 with
2045 2757 35 22 M:
2096 2757 87 29 Burton,
2205 2758 36 22 the
2265 2758 133 30 Company'*

1826 2785 1 35 j
1840 2785 86 25 broker.

1868 2826 48 22 The
1926 2827 142 29 unemployed
2081 2828 51 22 need
2145 2828 50 23 look
2208 2836 26 15 no
2249 2829 80 23 farther
2343 2829 53 23 ihau

1826 2856 1 33 I
1842 2856 33 22 Mr
1896 2857 132 23 Ptoudfoot's
2049 2859 164 22 advertisement
2232 2864 21 18 to
2274 2859 43 23 find
2338 2861 59 28 good

1826 2887 1 27 i
1844 2888 11 10 '*
1990 2888 35 23 He
2035 2892 66 20 wants
2114 2894 54 17 1200
2179 2897 49 15 men
2243 2892 36 22 ior
2296 2891 33 22 his
2340 2891 58 23 New.

1841 2918 67 21 South
1922 2918 72 21 Wales
2009 2919 85 27 railway
2110 2925 101 17 contract.

1868 2953 95 29 Monday
1989 2953 39 22 last
2056 2954 44 26 (the
2131 2955 49 27 14th
2209 2956 59 28 ins?.)
2294 2962 43 16 was
2359 2955 38 23 the

1840 2984 134 28 anniversary
1999 2984 24 21 of
2048 2985 31 21 St.
2107 2984 130 24 Valentine's
2263 2986 47 28 day.
2352 2986 44 22 For

1826 3014 1 30 >
1839 3015 80 19 several
1934 3014 52 27 days
2001 3014 116 21 valentines
2141 3016 22 20 in
2183 3022 64 21 every
2267 3019 66 25 shape
2352 3017 43 20 and

1838 3043 55 22 form
1918 3051 54 15 were
1996 3044 111 29 displayed
2131 3045 23 21 in
2178 3046 108 28 profusion
2311 3047 22 20 in
2358 3046 37 21 the

1826 3073 1 30 j
1839 3074 102 22 windows
1950 3073 23 23 of
1982 3076 81 21 several
2078 3079 66 18 stores
2165 3076 20 22 in
2202 3076 126 27 Roxburgh,
2350 3079 44 20 and

1826 3099 1 37 I
1838 3111 13 15 a
1870 3109 57 23 large
1950 3105 60 21 track
2025 3112 43 14 was
2093 3105 56 23 done
2173 3106 22 22 in
2215 3107 36 21 the
2270 3107 124 29 interesting

1826 3132 1 35 j
1838 3135 136 28 commodity.

1866 3172 21 21 A
1898 3179 49 14 man
1958 3172 77 22 namel
2047 3172 76 28 Henry
2135 3172 82 29 Philips
2234 3180 41 15 was
2296 3173 97 24 received

1826 3201 1 30 j
1837 3201 45 22 into
1893 3202 36 21 the
1945 3202 101 21 Dunedin
2059 3202 100 28 Hospital
2171 3210 27 14 on
2220 3203 106 28 Saturday
2339 3203 53 24 from

1826 3231 1 32 !
1837 3231 105 29 Tapanui,
1952 3231 100 28 suffering
2062 3231 54 22 from
2124 3239 12 14 a
2147 3232 91 23 fracture
2248 3233 24 22 of
2281 3234 35 22 the
2334 3234 57 29 righc

1826 3261 1 35 j
1837 3269 51 19 arm,
1901 3262 77 21 caused
1991 3263 27 27 by
2028 3269 12 14 a
2050 3261 54 24 kick
2115 3262 54 21 from
2183 3270 12 14 a
2207 3263 68 22 horse.

1865 3297 47 22 The
1929 3297 52 23 Rev.
1995 3297 34 21 Mr
2041 3297 75 28 Ryley,
2129 3298 24 21 of
2162 3298 109 29 Otepopo,
2286 3299 47 23 who
2354 3300 38 22 ha?

1837 3328 54 22 been
1901 3328 77 21 settled
1988 3327 21 22 in
2021 3327 46 22 that
2077 3328 85 28 locality
2173 3328 32 22 for
2215 3330 62 21 about
2289 3335 23 22 17
2321 3337 68 21 years,

1837 3359 38 20 has
1885 3357 94 21 received
1990 3357 60 20 leave
2060 3357 25 20 of
2092 3358 96 24 absence,
2201 3360 40 19 and
2251 3360 38 19 has
2296 3368 56 19 gone
2362 3368 29 13 on

1837 3394 11 15 a
1857 3387 41 28 trip
1908 3391 21 17 to
1941 3386 114 22 Australia.

1865 3422 47 21 The
2029 3427 48 21 s?ys
2095 3420 17 22 it
2129 3421 17 21 is
2159 3422 113 21 rumoured
2290 3423 46 22 that
2356 3424 36 22 Mr

1837 3452 35 22 W.
1883 3452 21 28 J.
1916 3450 96 23 Steward
2032 3450 42 22 will
2093 3450 27 22 be
2137 3458 13 14 a
2169 3452 114 23 cmdidate
2300 3454 33 20 for
2352 3455 38 21 the

1836 3481 166 28 representation
2009 3480 25 21 of
2039 3480 118 21 Gadstone
2168 3485 21 17 at
2200 3482 35 20 the
2244 3487 48 16 next
2302 3485 87 25 general

1835 3510 99 24 election.
1964 3509 35 22 Mr
2009 3509 96 23 Steward
2121 3516 41 15 was
2180 3509 32 23 for
2230 3514 81 20 several
2328 3518 62 23 years

1835 3548 40 15 one
1888 3541 24 22 of
1920 3541 35 21 the
1962 3540 105 22 members
2078 3540 31 21 for
2118 3539 103 24 Waitaki.

1863 3577 26 21 In
1900 3576 34 22 the
1947 3575 74 22 House
2041 3574 24 23 of
2073 3574 117 24 Commoas
2201 3576 35 22 the
2252 3576 55 23 Irish
2323 3578 53 22 Coer-

1834 3607 47 22 cion
1894 3606 42 22 Bill
1950 3605 38 23 has
2004 3605 53 23 been
2069 3604 50 22 read
2140 3612 12 14 a
2171 3605 79 23 second
2272 3604 57 30 litre,
2353 3608 36 23 the

1834 3637 65 20 result
1916 3636 25 21 of
1950 3636 35 21 the
2000 3636 91 20 division
2110 3636 96 27 showing
2224 3643 12 14 a
2252 3636 98 29 majority
2366 3638 24 22 of

1834 3671 41 24 300
1885 3666 32 22 lor
1927 3666 37 22 the
1974 3665 152 23 Government.

1863 3704 28 21 At
1900 3702 48 29 Que
1962 3706 89 20 ns'.own,
2061 3708 28 15 on
2108 3701 35 22 the
2163 3701 35 27 7th
2218 3701 84 27 instant,
2317 3702 72 30 M-jor

1834 3734 93 22 Keddeli
1950 3732 112 29 (Waiden)
2089 3732 45 22 said
2156 3733 26 21 he
2203 3733 71 22 would
2292 3733 26 22 bo
2338 3741 50 23 very

1832 3764 78 23 careful
1933 3764 22 21 in
1975 3763 99 28 granting
2097 3763 93 21 Chinese
2212 3763 72 28 rights.
2322 3764 65 22 Some

1832 3793 54 22 limit
1898 3798 54 16 must
1971 3798 24 16 be
2008 3793 74 27 placed
2101 3797 21 16 to
2135 3800 78 17 names,
2227 3794 41 19 and
2286 3793 21 21 in
2319 3795 68 20 future

1832 3823 118 29 applicants
1962 3828 54 16 must
2034 3822 26 22 be
2071 3821 109 23 identified
2192 3821 61 23 when
2265 3822 75 30 taking
2350 3830 38 16 out

1832 3861 13 16 a
1854 3852 84 25 miner's
1947 3853 63 29 light.

1859 3892 48 22 The
1917 3890 97 28 Diggers'
2037 3891 51 22 Rest
2105 3890 75 26 Hotel,
2204 3890 91 23 Arthurs
2314 3890 71 26 Point,

1831 3929 43 15 was
1885 3921 51 21 with
1946 3921 27 21 its
1983 3925 102 23 contents,
2100 3922 61 20 burnt
2169 3922 64 20 down
2243 3927 29 15 on
2286 3921 87 22 Wednes-

1830 3953 41 30 day
1882 3952 46 22 last.
1961 3951 50 26 The,
2020 3951 68 22 Hotel
2100 3951 55 23 belo-
2162 3951 41 29 ged
2213 3955 23 17 to
2255 3951 35 21 Mr
2307 3949 76 30 Davis,

1830 3983 92 25 Brewer,
1936 3980 151 30 Queenstown,
2100 3982 41 21 and
2154 3988 43 15 was
2216 3981 92 23 insured.
2340 3981 48 23 The

1830 4013 37 23 6re
1877 4014 18 21 is
1905 4015 45 21 said
1962 4016 21 18 to
1994 4012 54 23 have
2059 4014 53 21 been
2124 4011 73 31 purely
2207 4009 124 26 accidental.

1857 4050 22 22 A
1907 4050 38 23 fire
1969 4049 101 23 occurred
2087 4051 22 18 at
2129 4047 36 22 Mr
2178 4045 125 24 Thurston's
2323 4047 61 25 farm,

1830 4079 129 29 Crojkston,
1974 4087 28 14 on
2021 4078 105 29 caturday
2141 4076 105 30 morning,
2263 4076 124 30 destroying

1829 4112 35 19 the
1876 4111 50 21 barn
1937 4113 42 19 and
1992 4116 42 15 two
2044 4108 66 29 years'
2122 4116 58 20 crop.
2220 4108 47 21 The
2282 4113 103 23 property

1829 4147 43 15 was
1886 4141 84 22 insuied

1856 4176 47 22 The
1931 4177 108 22 Chamber
2063 4174 25 22 of
2110 4174 124 21 Commerce
2260 4170 122 32 (Dunedin)

1828 4207 53 22 have
1980 4216 13 13 u
2004 4204 116 25 resolution
2136 4203 99 29 agreeing
2246 4207 21 19 tu
2279 4210 49 21 urge
2338 4202 29 24 Go-

1828 4242 110 17 vernment
1958 4242 22 17 to
1991 4238 52 28 push
2055 4243 27 13 on
2101 4235 35 20 ihe
2153 4234 143 22 construction
2311 4233 25 21 of
2345 4234 36 20 the

1827 4266 70 27 Olago
1910 4266 85 24 Central
2012 4264 103 28 Railway.

834 98 83 25 THE
950 98 148 24 MOUNT
1130 96 177 26 BENGEE
1338 95 107 24 MAIL

1972 94 17 15 \\
2000 87 130 25 cJi»coo«iV,
2149 86 125 30 February
2290 86 36 29 10,
2336 86 60 29 l|36i

225 288 18 18 In
281 288 20 18 U
339 280 15 24 l'
386 280 11 23 I
431 281 19 23 0
484 279 19 24 £

96 362 61 61 IN
169 360 137 26 Pursuance
318 358 24 23 of
356 357 41 24 the
404 358 38 25 lit
447 363 14 18 u
475 356 89 24 section
576 353 25 25 of
611 353 41 25 the

162 404 126 31 Licensing
315 402 55 28 Ace,
396 402 68 29 1873,
490 399 162 25 Amendment

97 454 54 26 Act,
169 450 64 28 1874,
249 449 10 22 I
273 448 90 29 hereby
381 447 55 30 give
456 447 79 22 notice
549 444 51 24 that
612 444 41 22 the

97 489 126 33 Quarterly
239 487 178 27 LICENSING
438 484 161 27 MEETING
616 484 37 24 for

97 539 40 23 the
163 534 114 26 Districts
299 532 28 26 of
344 529 138 35 Roxburgh
506 529 72 26 T:-;n
605 527 47 27 and

95 581 85 24 Teviot
195 579 103 24 District
311 577 48 23 will
378 577 29 22 be
425 576 56 23 held
500 583 30 15 on
552 574 80 23 TUES-

96 621 78 31 DAY,
186 621 40 24 the
242 621 36 23 Ist
297 619 47 31 day
358 618 25 24 of
398 616 130 30 M\RCH,
546 616 65 29 1381,
626 615 25 25 in

95 670 41 23 the
155 665 160 28 Courthouse,
334 661 144 31 Roxburgh,
492 664 25 21 ah
532 660 41 24 the
591 660 62 24 hour

95 711 28 25 of
133 711 77 27 Nooa,
221 708 38 24 for
274 708 41 23 the
334 713 106 23 purpose
453 706 26 21 of
499 704 84 29 taking
597 704 53 22 into

95 753 174 28 consideration
281 751 32 25 all
323 748 167 35 Applications
504 747 38 25 for
554 746 84 26 Certifi-

96 798 60 23 cates
167 793 38 25 for
217 792 57 24 auch
288 790 109 25 Licenses
409 796 25 16 a*
450 796 41 15 are
511 785 140 26 authorised

96 837 25 21 to
139 833 27 25 be
177 830 101 33 granted
291 834 23 19 at
329 829 40 24 the
384 827 53 24 said
449 826 104 30 meeting
567 825 28 23 of
610 823 42 24 the

95 870 126 33 licensing
242 869 83 27 Court,
347 866 48 25 and
414 865 42 24 the
478 863 122 29 Transfer,
625 869 26 17 or

94 908 123 28 Renewal,
241 915 27 16 or
294 905 118 25 Removal
433 903 28 24 of
479 903 119 27 Licenses,
624 900 28 24 of

94 948 77 26 which
186 947 48 25 due
246 946 79 25 notice
342 943 60 25 shall
423 943 62 24 have
504 941 61 25 been
579 941 72 31 given

94 992 26 22 to
130 995 44 22 me,
184 986 37 25 for
232 985 40 24 the
283 983 117 25 aforesaid
412 981 115 25 Districts
539 980 24 24 in
573 980 78 24 which

94 1027 42 25 the
148 1025 114 33 premises
277 1023 25 24 in
323 1023 94 30 respect
438 1019 29 25 of
489 1019 78 25 which
591 1018 59 25 such

94 1063 145 34 application
250 1063 21 23 is
282 1060 69 26 made
369 1066 39 18 are
429 1058 104 26 situated
553 1064 82 24 respeo
645 1070 5 2 -

94 1102 83 33 tively.

183 1143 195 29 FREDERICK
395 1140 160 31 JEFFERY,

270 1182 72 25 Clerk
352 1185 25 21 to
389 1180 129 31 Licensing
529 1180 87 24 Court.

123 1228 73 26 Office
206 1226 29 26 of
245 1225 71 26 Clerk
330 1227 26 22 to
367 1224 126 30 Licensing
505 1223 85 30 Court,

183 1265 142 28 Ro?burgh,
339 1265 38 22 Ist
390 1263 133 29 February,
539 1264 66 22 1881.

137 1319 164 27 BOROUGH
334 1317 43 26 OF
405 1315 200 27 ROXBURGH.

223 1387 299 29 NOTICE.

136 1459 141 28 iENDERS
289 1467 40 17 are
342 1458 92 25 iuvited
445 1457 38 25 for
494 1456 42 25 the
547 1456 103 25 services

133 1498 3 36 ■
172 1502 28 25 of
208 1510 12 17 a
230 1502 142 32 Competent
384 1500 60 26 Man
457 1503 25 21 to
493 1498 156 32 superintend

92 1549 42 24 the
144 1548 73 25 Town
228 1547 63 24 Race
303 1545 46 26 and
361 1545 144 25 Recreation
527 1544 105 24 Reserve
643 1552 7 19 ,•

92 1591 51 25 also
156 1593 26 22 to
192 1594 38 20 act
244 1598 26 16 as
285 1588 124 32 Inspector
422 1587 28 26 of
464 1587 134 25 Nuisances
612 1587 38 24 for

93 1634 41 27 the
148 1633 115 34 Borough
283 1633 25 26 of
327 1631 209 36 Roxburgh—the
550 1637 99 28 persots

93 1681 114 31 applying
218 1684 24 19 to
254 1683 61 20 state
327 1679 40 24 the
382 1679 78 29 salary
470 1686 43 22 per
523 1684 89 17 annum
626 1680 24 20 at

94 1724 78 25 which
190 1722 59 34 they
271 1730 40 17 are
325 1722 117 32 prepared
469 1724 24 22 to
510 1723 38 22 act
570 1720 25 25 in
609 1720 40 25 the

93 1766 76 26 above
179 1766 124 33 capacities
314 1764 4 35 ;
337 1766 40 24 the
387 1764 129 25 successful
527 1764 122 32 applicant

94 1809 122 33 tO.Coilect
225 1809 39 26 the
271 1808 57 33 Dog
337 1809 86 28 Taxes,
428 1808 95 32 Quarry
530 1808 118 29 Licenses,

93 1854 124 25 Hawkers'
240 1854 47 25 and
315 1853 113 25 Carriers'
456 1852 121 30 Licenses,
600 1851 47 25 and

93 1894 69 24 other
175 1893 112 24 Licenses
301 1891 108 33 imposed
425 1891 32 32 by
480 1891 42 24 the
537 1891 110 29 Council,

92 1934 25 23 at
132 1931 42 25 the
189 1933 51 23 rate
261 1929 28 26 of
306 1933 41 21 ten
367 1937 43 25 per
426 1931 62 23 cent,
509 1936 31 18 on
555 1928 40 26 the
611 1936 23 18 re-

92 1970 82 33 ceipts.

122 2015 57 26 Full
198 2015 142 31 particulars
363 2014 48 25 will
437 2014 29 25 be
487 2012 110 33 mpplied
614 2021 31 16 on

90 2053 144 34 application
262 2056 26 21 to
313 2053 42 24 the
383 2052 170 32 undersigned,
590 2051 55 24 with

89 2093 79 23 whom
180 2091 96 26 tenders
290 2095 65 21 must
368 2091 30 24 be
417 2091 86 31 lodged
521 2098 32 16 on
565 2097 28 17 or
605 2090 27 24 be-

89 2129 52 25 fore
165 2129 162 30 TUESDAY,
358 2129 65 25 22nd
449 2126 195 32 FEBRUARY,

90 2171 104 24 current,
205 2172 25 22 at
242 2175 71 20 Beveu
330 2168 89 27 o'clock
433 2176 16 23 p
461 2175 31 17 m.

121 2210 51 24 The
183 2210 99 24 Council
295 2210 30 22 do
338 2213 41 20 not
392 2209 56 24 bind
466 2209 143 24 themselves
624 2213 23 20 to

49 2251 126 30 —accept
185 2253 39 21 toe
239 2247 83 25 lawest
335 2253 27 19 er
374 2253 47 26 any
435 2246 90 24 tender.

287 2295 104 27 JABEZ
411 2296 145 30 BURTON,

445 2339 73 27 Town
534 2340 80 26 Clerk.

118 2391 141 31 Roxburgh,
276 2390 41 25 Bch
334 2390 133 31 February,
484 2390 66 23 1881.

149 2447 166 27 BOROUGH
330 2446 41 25 OF
383 2445 200 28 ROXBURGH.

148 2516 100 26 OTICE
272 2516 25 25 la
320 2516 99 32 Hereby
442 2516 78 24 Given
537 2516 53 24 that
613 2523 29 17 on

87 2554 49 43 •f-1
178 2562 48 25 and
250 2561 63 26 after
335 2561 49 26 this
408 2561 63 31 date,
492 2559 91 27 Poison
607 2561 37 25 for

85 2608 104 25 Rabbits
202 2608 46 24 will
259 2608 27 24 be
297 2607 47 25 laid
365 2615 30 16 on
419 2607 33 23 all
474 2606 69 24 lands
558 2606 84 24 within

85 2651 42 25 the
141 2650 115 33 Borough
268 2651 23 25 of
303 2650 142 31 Roxburgh,
461 2649 125 32 including
602 2648 42 26 the

85 2695 142 27 Hecreation
243 2695 111 26 Reserve.

243 2745 110 27 JAMES

329 2790 87 31 Mayor
433 2790 24 24 of
470 2787 145 33 Roxburgh.

116 2833 140 34 Roxburgh,
273 2834 40 24 Bth
327 2834 130 30 February,
471 2834 68 23 1881.'

208 2898 98 25 FOR
368 2897 151 25 SALE.

150 2968 28 24 A
201 2964 206 30 CROSS-BRED
429 2963 70 28 LAM
506 2963 43 26 lIS.

169 3001 9 16 '
330 3011 91 24 Also—

89 3059 171 27 AYRSHIRE
287 3059 87 26 BULL
399 3059 67 32 (four
488 3065 69 26 years
583 3057 61 33 dd),

148 3106 62 25 after
221 3105 89 25 Messrs
325 3104 89 32 Cargiil
434 3103 47 25 and
496 3102 147 26 Anderson's

149 3149 134 26 Pure-bred
296 3147 64 26 Bull.

117 3198 81 34 Apply
212 3201 26 22 to

208 3246 110 28 DAVID
336 3246 216 30 ARMSTRONG,

442 3290 94 24 Millers
551 3289 63 27 Flat.

158 3354 130 25 FOR

378 3352 194 25 SALE;

129 3432 259 30 'HREE-ROOMED
405 3431 119 30 HOUSE,
539 3432 27 26 H
579 3439 65 17 acres

169 3468 121 26 Potatoes,
305 3465 92 29 Riding
417 3464 69 24 Mare
504 3465 46 23 and
564 3471 80 24 young

87 3505 73 32 Filly,
172 3504 66 32 Pigs,
250 3502 47 26 Lot
311 3502 25 24 of
351 3500 88 33 Fowlb,
454 3501 47 25 and
513 3501 131 26 Effects.—

87 3544 80 34 Apply
183 3545 27 23 to

238 3584 108 26 JAMES
362 3582 190 30 THOMPSON,

414 3626 118 26 Hercules
548 3626 61 24 Flat.

138 3688 140 28 CHURCH
326 3686 41 25 OF
414 3685 174 30 ENGLAND,

263 3731 200 29 ROXBURGH.

125 3826 143 31 IENDERS
278 3827 38 25 for
329 3825 41 25 the
382 3823 114 26 Erection
506 3822 26 25 of
543 3822 98 32 Sunday

163 3872 87 27 School
263 3870 129 30 Buildings
408 3871 25 22 at
446 3867 133 32 Roxburgh
592 3866 48 25 will

83 3920 31 24 be
125 3916 108 26 received
247 3924 33 23 up
290 3918 26 24 to
327 3912 158 31 MONDAY,
499 3913 52 25 21st
563 3911 57 24 FEB-

83 3959 128 28 RUARY.

113 4017 49 26 For
172 4017 72 24 Plans
254 4014 49 26 and
313 4012 187 34 Specifications,
515 4011 73 32 apply
600 4012 26 24 to

415 4067 28 25 C.
464 4066 140 27 COOPER.
623 4090 23 6 _

330 4131 53 24 KN
395 4132 19 22 0
423 4129 156 25 WN—That
593 4130 41 23 the

193 4163 157 32 undersigned
362 4162 19 24 is
392 4172 14 14 a
422 4162 62 24 Cash
504 4161 131 25 Purchaser

83 4202 22 24 of
115 4198 91 28 Rabbit
217 4197 72 25 fckins
304 4196 46 25 and
368 4195 62 25 Goat
442 4194 192 27 Skins.—Jabez

83 4236 111 25 BaaTOW,
223 4229 145 24 Auctioneer
400 4229 47 23 &ud
477 4228 156 24 Couiuiisaou

83 4268 81 28 -\2ent,
171 4261 141 31 Roxburgh.

732 329 152 26 TAPANUI
916 328 133 27 JOCKEY
1080 327 96 26 CLUB,

703 413 19 28 A
753 417 24 21 J*
797 414 23 24 N
839 413 23 26 U

1022 411 183 26 MEETIN
1217 412 23 26 G

865 463 30 17 TO
911 463 31 17 BE
956 463 68 17 HELD
1040 463 34 16 OV

729 499 181 26 THURSDAY
950 498 72 25 AND
1054 497 140 32 FRIDAY,

776 545 83 26 March
873 544 56 27 10th
941 545 46 25 and
1004 543 62 33 11th,
1084 545 66 24 1881.

837 619 66 26 £2OO
919 618 24 26 in
969 618 90 26 Prizes.

712 696 49 21 For
778 697 91 21 correct
885 702 148 22 programme
1046 702 39 16 Bee
1133 694 107 30 Tapanui

812 899 37 25 IN
865 900 242 25 BANKRUPTCY.

682 981 28 25 In
723 982 42 25 the
781 982 103 25 District
896 983 76 25 Court
983 984 26 23 of
1020 984 42 24 tha
1073 984 79 32 Otago
1164 984 64 25 Gold

772 1019 75 33 fields,
867 1021 90 26 holden
973 1025 24 21 at
1013 1022 135 25 Lawrence,

741 1101 30 26 In
793 1101 42 26 the
859 1105 88 23 matter
963 1103 26 25 of
1010 1103 43 25 the
1068 1103 105 26 Debtors
1192 1105 47 26 and

802 1141 125 24 Creditors
948 1143 52 28 Act,
1132 1143 48 24 and
1199 1143 41 26 the

802 1179 92 24 several
903 1181 59 23 Acts
971 1179 130 31 amending
1113 1179 40 25 the
1166 1188 71 24 same,

802 1218 47 24 and
858 1219 24 23 of
891 1218 41 24 the
942 1216 158 33 Bankruptcy
1108 1218 25 25 of
1141 1218 98 26 Patrick

802 1256 78 29 Kane,
892 1264 13 16 a
916 1257 100 23 Debtor.

680 1299 106 26 TITOS
800 1301 25 24 Is
840 1300 35 24 To
888 1299 87 32 Notify
988 1300 53 24 that
1054 1300 97 25 Patrick
1161 1301 78 30 Kane,

665 1345 3 39 j
757 1345 28 24 of
803 1345 151 26 Waitahuna
969 1345 82 31 Gully,
1066 1346 114 32 Laborer,
1197 1348 42 23 has

666 1386 1 37 '
682 1390 99 33 tkisday
793 1390 55 25 filed
858 1399 12 15 a
882 1393 130 22 statement
1022 1390 53 26 that
1084 1390 29 25 he
1123 1390 20 26 is
1153 1391 87 26 unable

681 1442 24 19 to
716 1437 62 21 meet
793 1433 36 24 his
841 1436 170 28 engagements
1023 1433 55 23 with
1096 1432 38 25 his
1150 1435 75 23 Credi-

680 1479 61 22 tors.
774 1475 52 24 The
840 1475 53 25 first
910 1477 106 29 meeting
1035 1476 24 25 of
1074 1475 123 26 Creditors
1214 1480 25 21 to

665 1518 2 32 i
682 1522 27 23 be
721 1519 55 26 held
790 1526 23 19 at
826 1519 41 24 the
881 1518 160 32 Courthouse,
1056 1519 134 31 Lawrence,
1209 1528 30 18 on

665 1546 2 49 !
682 1563 223 29 WEDNESDAY,
917 1563 40 24 the
970 1564 59 22 23rd
1043 1563 194 32 FEBRUARY,

665 1588 1 52 |
682 1609 63 25 1881.

665 1651 1 36 |
710 1653 82 26 Dated
805 1651 42 27 7th
863 1651 132 33 February,
1009 1652 66 25 1881.

991 1700 72 26 H.J.
1083 1700 95 31 ABEL,

1126 1740 79 24 Clerk.

665 1769 1 45 j
708 1773 28 26 F.
754 1773 33 26 H.
805 1773 113 29 M'COY,

771 1813 111 24 Solicitor
900 1814 37 23 for
953 1813 99 24 Debtor.

759 1875 93 25 LONG
898 1875 138 25 LOOKED
1078 1876 83 26 FOR!

806 1944 95 29 COME
929 1947 43 25 AT
1004 1945 101 28 LAST!

798 2030 16 24 S
919 2030 23 24 II
974 2030 21 23 O
1028 2030 20 24 L
1079 2031 29 23 M
1142 2032 21 22 A
1199 2032 19 8 v>

697 2075 8 13 '
748 2073 113 27 FANCY
878 2074 115 26 BREAD
1011 2074 20 26 &
1047 2074 134 26 BISCUIT

876 2119 166 28 BAKER,

678 2162 49 26 Has
734 2162 113 25 removed
856 2162 61 25 from
927 2162 95 25 Ettrick
1032 2166 25 21 to
1067 2162 76 33 Ferry
1157 2162 76 32 Road,

680 2206 138 29 tfoxburgb,
832 2205 45 23 and
889 2206 21 22 is
921 2206 115 29 prepared
1051 2209 25 20 to
1092 2206 88 30 supply
1193 2207 41 22 the

678 2249 79 28 P'ibiia
771 2248 57 21 •'itli
851 2246 111 26 BREAD
983 2248 30 19 lio
1028 2248 36 19 »'«.r
1079 2251 109 25 siijjfirior
1211 2256 26 19 ;,D.

665 2286 1 33 i
677 2296 45 23 any
735 2288 69 24 other
816 2286 51 25 sold
884 2288 26 22 in
927 2286 141 31 Roxburgh.

705 2366 118 30 O.mpare
835 2364 47 24 and
898 2364 75 31 judge
988 2363 37 25 for
1037 2363 148 32 yourselves.

730 2433 75 31 Price,
816 2433 39 32 6d,
869 2432 72 30 Caeb;
954 2434 48 23 and
1014 2433 39 29 7d,
1063 2432 108 33 Booked.

705 2509 74 26 Small
794 2509 82 25 Goods
896 2515 31 18 on
947 2508 57 28 sale,
1025 2508 46 25 and
1085 2508 110 32 supplied
1207 2512 25 21 at

674 2553 40 27 the
727 2554 105 25 shortest
844 2552 85 26 notice.

719 2625 21 24 A
760 2626 10 23 1
799 2624 149 30 BAKERY,
979 2623 202 26 ROXBURGH.

756 2686 176 28 POSTAL
974 2686 179 26 NOTICE.

816 2749 96 23 MAILS
942 2749 126 23 CLOSE—

706 2793 49 24 For
781 2792 96 26 Millers
903 2791 64 29 Flat,
999 2790 139 26 Eorseshoe
1164 2791 67 25 Bend

674 2830 62 25 Raes
764 2830 125 31 Junction,
922 2830 143 29 Beaumont,
1099 2830 133 30 Lawrence,

674 2869 126 31 Dunedin,
814 2869 54 29 &c,
880 2877 72 24 every
969 2868 120 33 Tuesday,
1103 2869 128 34 Thursday

673 2909 46 24 and
736 2909 126 31 Saturday,
875 2912 24 20 at
911 2908 13 26 7
933 2916 55 16 a.m.

705 2952 49 25 For
774 2952 59 26 Coal
859 2952 84 28 Creek,
971 2952 60 26 Bald
1058 2952 61 31 Dill,
1145 2952 70 27 Mann-

674 2990 100 30 herikia,
799 2989 83 33 Clyde,
910 2990 132 30 Cromwell,
1068 2991 93 31 Arrow,
1183 2999 30 18 an
1223 2991 6 26 1

674 3028 171 31 Queenstown,
858 3035 71 24 every
946 3028 115 32 Monday,
1073 3028 158 34 Wednesday,

672 3067 47 26 and
731 3066 97 31 Friday,
841 3072 25 19 at
878 3067 13 25 7
901 3074 54 23 p.m.

813 3105 96 23 MAILS
945 3105 148 24 ARRIVE—

704 3142 72 26 From
786 3141 113 25 Dunedin
911 3142 48 24 and
973 3143 168 25 intermediate
1153 3145 77 25 offices

672 3189 73 23 every
758 3180 116 32 Monday,
889 3180 158 35 Wednesday,
1068 3183 47 25 and
1133 3184 96 33 Friday,

672 3222 24 23 at
706 3220 53 24 5.30
769 3226 52 24 p.m.

705 3258 73 25 From
805 3258 162 30 Qneenstown
993 3260 45 24 and
1064 3260 165 28 intermediate

672 3291 78 25 offices
769 3299 73 24 every
863 3292 116 32 Monday,
1007 3293 157 33 Wednesday,
1182 3297 44 24 and

675 3330 94 32 Friday,
780 3331 26 23 at
818 3331 53 24 7.45
882 3339 59 23 p.m.

785 3375 170 24 EUROPEAN
985 3377 123 24 MAILS—

672 3447 40 24 via
734 3448 46 24 San
800 3446 132 32 Franciaco,
953 3449 74 25 closes
1046 3459 31 15 on
1100 3451 125 32 Thursday

672 3479 57 24 24th
749 3479 130 32 February,
898 3484 25 20 at
941 3482 13 23 7
971 3483 174 32 a.m.—Money
1157 3485 70 23 order

672 3511 111 33 previous
792 3511 57 33 days
856 3518 25 19 at
892 3514 14 23 4
914 3520 68 24 p.m.,
995 3514 45 25 and
1051 3516 127 30 registered
1186 3516 39 26 the

672 3545 82 24 letters
766 3548 26 21 at
813 3547 13 21 5
846 3552 46 23 p.m
905 3547 92 24 —Suez
1018 3549 57 23 Mail
1098 3549 76 25 oloses
1194 3557 29 17 on

672 3577 120 29 Tuesday,
812 3578 42 23 Bth
874 3578 93 30 March,
983 3582 24 21 at
1024 3580 14 25 7
1049 3588 57 17 a.m.

898 3621 138 27 THOMAS
1056 3624 93 31 COOP,

1037 3662 153 26 Postmaster.

700 3693 59 25 Post
774 3693 81 30 Office,
871 3693 141 33 Roxburgh,

729 3727 42 25 4th
783 3725 118 36 January,
919 3731 8 21 J
935 3731 50 22 BSI.

697 3800 91 21 London
799 3801 112 28 telegrams
925 3802 77 28 (dated,
1010 3804 49 21 nth
1070 3805 89 28 instant)
1171 3812 36 20 say
1217 3813 6 15 :

669 3828 75 22 —The
755 3829 72 23 Police
839 3832 53 21 have
902 3832 95 22 received
1007 3833 136 23 information
1154 3835 67 22 which

668 3859 59 22 leads
738 3863 22 18 to
770 3860 35 23 the
816 3860 66 23 belief
890 3862 45 23 that
943 3870 13 14 a
967 3862 80 23 Fenian
1059 3864 46 29 plot
1113 3864 17 23 is
1140 3873 28 14 on
1178 3866 43 22 foot

669 3894 22 17 to
705 3890 57 21 blow
772 3897 28 21 up
811 3891 101 23 Windsor
930 3893 78 22 Castle.
1047 3895 47 21 The
1112 3900 69 18 return
1199 3895 24 22 of

669 3919 47 22 Her
726 3920 92 28 Majesty
833 3924 23 18 to
875 3922 100 22 Windsor
988 3923 18 21 is
1016 3926 152 28 consequently
1185 3925 24 23 de-

668 3948 143 29 layed.—The
822 3951 103 29 marriage
934 3953 25 21 of
967 3953 35 22 the
1013 3953 104 24 Baroness
1133 3956 87 23 BurdeU

668 3979 75 22 Coutts
763 3985 23 16 to
797 3981 35 20 Mr
848 3981 110 24 Ashmead
979 3983 90 23 Baitlett
1089 3985 54 23 took
1159 3986 60 29 pfyce

668 4009 160 28 to-day.—The
840 4011 52 22 total
906 4017 88 17 amount
1004 4013 24 21 of
1034 4014 69 22 wheat
1114 4015 105 25 afloat-for

666 4040 37 21 the
719 4039 81 22 United
818 4040 111 29 Kingdom
946 4042 19 22 is
982 4047 116 23 2,230,000
1115 4050 101 24 quarters.

666 4068 54 22 —ln
741 4069 35 22 the
797 4069 75 23 House
896 4070 24 22 of
940 4072 118 22 Commons
1081 4077 22 18 to
1113 4080 42 24 oay
1181 4076 37 23 the

666 4098 55 23 Irish
738 4099 104 22 Coercion
858 4100 42 24 Bill
922 4109 42 15 was
978 4102 67 22 under
1063 4104 153 24 consideration

664 4128 21 21 in
698 4128 128 23 committee.
856 4130 36 21 An
905 4131 136 22 amendment
1053 4139 42 15 was
1113 4136 103 27 proposed

665 4158 26 29 by
702 4158 36 23 Mr
748 4158 4 36 I
762 4158 50 29 ugh,
830 4159 85 23 Liberal
938 4161 95 22 member
1044 4161 31 24 for
1101 4163 101 31 Cardigan-

662 4189 63 26 shire,
738 4189 45 22 that
794 4189 105 23 affidavits
919 4191 76 23 should
1012 4193 25 21 be
1063 4200 108 23 necessary
1193 4200 22 19 to

659 4218 74 29 justify
744 4220 35 21 the
789 4226 65 16 arrest
872 4221 22 21 of
913 4224 111 25 suspected
1044 4231 93 19 persous.
1167 4226 48 22 The

661 4255 81 15 mouoii
754 4256 41 14 was
805 4250 24 20 dr
835 4250 61 21 battd
907 4255 22 17 at
948 4258 59 14 some
1025 4252 81 29 length,
1125 4255 35 21 but
1171 4262 43 14 was

661 4279 71 26 hualJy
740 4278 92 27 rejected
844 4280 26 25 by
880 4280 171 24 the'comaittee.
