2392 4348
82 143 24 22 A
122 143 38 23 -61e
183 143 24 22 of
218 143 72 22 Home
311 150 76 21 papers
406 142 98 22 received
522 142 29 27 by
573 141 39 21 hst

56 173 51 22 mail
125 173 38 22 has
183 174 54 21 been
254 173 85 22 banded
351 176 21 19 to
391 179 32 16 us.
452 172 47 22 The
517 174 54 19 state
590 170 24 21 of

57 203 71 22 afiairs
139 204 21 21 in
173 204 84 21 Ireland
270 204 63 21 forms
344 211 13 13 a
367 202 120 30 prominent
500 202 79 22 feature
590 201 21 22 in

57 233 36 22 the
105 241 57 14 news
176 234 24 21 of
209 234 34 21 :he
256 234 48 27 day,
315 233 43 22 a;;d
374 233 36 21 the
421 233 78 21 editors
511 233 102 21 advocate

57 270 12 14 a
80 270 78 22 system
176 263 25 22 of
209 263 99 29 vigorous
325 263 125 26 repression,
463 263 58 26 prior
531 266 20 18 to
562 268 38 14 con-

58 293 93 29 quering
169 300 41 22 any
221 292 143 25 modification
376 291 22 24 of
407 292 36 23 the
463 292 90 28 existing
564 290 50 23 bnd

57 323 60 23 laws.
148 322 48 25 The
206 324 61 22 cable
277 324 38 22 has
332 322 130 28 anticipated
480 326 54 17 most
545 322 24 22 of
579 321 35 22 the

56 360 67 19 .news,
144 353 68 22 which
233 353 17 23 is
271 352 91 29 brought
383 352 64 25 do«P
468 352 49 29 only
538 357 23 17 to
579 351 36 22 the

57 383 82 23 middle
149 383 25 22 of
182 384 125 22 December.

89 419 38 22 We
137 420 53 22 haTe
200 420 97 22 received
313 421 52 22 from
376 420 34 22 Mr
432 419 133 22 M'C'elJand
586 417 31 29 (of

61 449 82 21 Millers
153 449 58 27 Fiai)
224 456 11 14 a
247 450 78 20 bundle
334 451 21 19 of
370 449 67 21 stalks
447 447 26 23 of
478 447 37 22 red
535 449 77 22 clover,

59 484 73 22 grown
140 485 27 14 on
177 478 32 21 his
219 478 52 22 farm
282 479 64 22 there.
379 477 61 30 Tftey
452 478 51 21 ench
522 484 94 14 measure

59 513 48 17 lour
117 509 41 21 and
170 515 13 16 a
193 508 47 23 half
246 509 39 22 feet
298 509 20 22 in
330 509 80 29 lerigth.
440 507 54 22 This
509 507 16 22 is
537 515 12 14 a
559 507 57 29 good

59 539 64 29 proof
131 539 24 22 of
164 540 36 22 the
210 538 108 24 first-class
338 539 81 30 qnali'v
430 538 24 22 of
471 539 37 20 the
525 538 49 21 land
595 537 22 22 in

58 570 37 20 the
107 569 83 28 locality
202 569 32 22 ref
239 571 53 20 trred
306 574 27 22 to,
344 569 43 22 and
397 569 76 28 speaks
483 568 44 22 well
540 569 32 20 for
582 568 35 22 the

59 598 132 29 capabilities
199 600 23 21 ol
233 599 82 23 Millers
327 599 57 22 Flat.

88 635 47 21 The
151 635 98 28 Tapanui
261 635 82 28 Jockey
364 634 55 22 Club
438 633 103 22 advetiise
562 633 55 21 their

60 664 77 23 annual
149 665 93 29 meeting
253 665 20 22 in
285 665 91 22 another
391 664 92 23 column.
516 663 20 22 It
557 665 60 21 takes

61 694 59 29 place
131 700 22 18 st
164 695 96 29 Tapanui
271 703 28 14 on
308 696 35 22 the
357 696 48 21 loth
416 695 41 21 and
471 694 48 21 nth
532 694 81 25 March,

59 725 43 21 and
113 724 54 23 from
178 725 36 23 the
224 725 117 23 handsome
353 732 46 14 sum
413 722 80 31 CC2OO)
507 723 78 22 offered
596 723 21 22 in

60 762 76 21 przes,
147 757 15 20 it
174 756 17 21 is
200 757 77 21 certain
289 760 22 17 to
331 762 65 21 prove
416 762 12 14 a
448 758 58 24 great
525 760 89 19 success,

59 785 103 27 provided
171 786 36 20 the
219 786 92 20 weather
322 785 17 20 is
350 784 116 21 favorable.

87 821 47 22 The
144 820 115 29 Roxburgh
269 820 78 22 School
357 819 128 23 Committee
493 818 53 22 have
554 818 62 22 voted

60 851 33 24 far
101 850 79 24 Messrs
199 851 72 26 Klder,
293 851 80 25 Shand,
391 850 42 22 and
454 849 108 25 Stanford,
583 849 34 21 the

60 882 53 22 Bine
136 883 55 22 Spur
217 880 80 23 School
323 881 130 22 committee
477 879 33 22 for
539 878 78 22 Messrs

60 911 72 27 Klder,
144 910 80 27 Shand,
244 912 41 20 and
303 910 59 29 Begg
379 917 23 15 as
422 909 105 22 members
544 908 25 22 of
581 908 36 22 the

61 941 120 24 EUic<ition
195 939 222 24 Board.—Cromwell
428 944 58 17 votes
497 938 32 23 for
538 938 79 22 Messrs

61 972 80 28 Shand,
159 972 42 22 and
220 970 216 25 E^ler.—Lawrence
457 969 79 24 Schoul
553 969 47 23 Com-

59 1004 55 22 have
123 1004 64 22 voted
203 1002 31 23 for
245 1002 47 22 Mes
306 1010 19 14 rs
345 1001 82 27 Shand,
442 999 109 28 Stanford,
574 999 43 23 and

61 1033 79 22 Robin.

87 1068 47 23 The
145 1067 58 24 word
216 1070 46 21 love
274 1067 20 24 in
306 1074 41 17 one
362 1066 24 24 cf
395 1066 35 24 the
441 1066 76 23 Indian
530 1063 87 25 ctialccts

61 1100 17 22 J3
99 1099 366 28 chernlendamoughkunngognger.
513 1096 71 30 Fancy
604 1103 13 15 a

60 1136 65 16 sweet
136 1129 63 23 forest
212 1129 84 22 maiden
308 1129 75 27 telling
394 1129 36 20 her
441 1127 176 29 coppcr-colured

59 1161 64 20 brave
134 1159 44 22 that
186 1159 37 22 fhe
231 1156 385 29 chemlendamougb,kun?gogagered

58 1189 57 23 •him.

88 1220 20 21 A
120 1218 93 30 meeting
230 1218 25 23 cf
272 1218 75 29 Lodge
357 1216 67 30 Hope
444 1216 25 23 of
488 1215 127 29 Roxburgh,

60 1248 54 24 1.0.
114 1248 28 24 G.
152 1250 29 26 V.,
195 1256 42 15 was
245 1249 49 23 held
305 1249 23 22 in
338 1248 36 23 the
385 1247 153 28 Lodge-room,
559 1246 58 22 Rox»

60 1280 75 28 burgh,
150 1287 28 15 oa
195 1279 104 29 Saturday
319 1279 91 28 evening
429 1278 47 25 last,
500 1277 61 22 when
582 1277 35 21 the

60 1310 110 28 following
180 1309 59 23 office
252 1316 10 15 3
273 1316 54 15 were
345 1309 50 27 duly
413 1307 105 24 installed,
532 1308 39 21 viz.
584 1315 33 15 ;

60 1339 106 28 W.C.T.,
180 1339 88 23 Broth-r
280 1339 23 23 P.
317 1339 26 22 T.
362 1338 119 28 Fitzgerald
493 1345 5 19 ;
516 1336 57 23 VV.V
585 1336 32 23 T..

62 1369 66 23 Sister
148 1370 85 22 Amelia
255 1369 105 28 Stringer;
376 1368 68 26 WS,
469 1368 89 21 Brother
582 1366 33 28 W.

62 1399 99 26 Mercer;
189 1399 97 26 W.F.S.,
309 1399 90 21 Brother
422 1397 21 30 J.
467 1397 25 21 R.
521 1396 80 23 Davics
610 1404 7 19 j

62 1429 76 28 W.T.,
149 1429 91 23 Brother
249 1429 72 30 James
336 1428 84 29 Craig;
436 1427 73 27 W.C.,
528 1427 89 23 Brother

62 1459 81 23 Robert
158 1459 31 23 M.
206 1460 86 26 Smith;
309 1458 78 26 W.M.,
409 1458 90 22 Brother
520 1457 96 22 William

62 1489 86 28 Smith;
173 1489 106 28 W.0.G.,
302 1488 90 24 Brother
411 1488 73 29 James
506 1486 93 29 M'llroy
611 1494 5 19 ;

60 1519 50 23 W.I
121 1520 34 27 G.,
178 1520 92 22 Brother
283 1519 89 22 Whelan
384 1526 6 17 ;
408 1517 52 25 R.H
474 1517 29 25 S.,
526 1517 91 22 Brother

61 1550 87 29 Ralph;
170 1550 95 26 L.H.S.,
286 1549 91 22 Brother
396 1549 79 21 Scott:
500 1547 114 26 W.D.M.,

60 1578 92 23 Bmther
164 1579 54 22 Hill.

88 1616 47 22 The
146 1615 84 29 County
240 1615 89 22 Council
341 1614 93 28 meeting
445 1613 45 22 will
512 1613 26 21 be
550 1612 65 22 found

59 1645 53 31 folly
230 1646 22 21 in
260 1645 42 22 this
313 1644 62 25 issue,
392 1644 44 21 and
448 1650 31 15 we
490 1647 78 18 cannot
580 1643 35 20 but

61 1683 70 17 notice
145 1676 50 22 vith
216 1676 143 30 approbation
379 1674 46 23 that
449 1674 35 22 the
503 1673 111 29 persistent

62 1709 40 19 fine)
113 1707 126 21 continuous
256 1707 105 21 exertions
376 1705 25 21 of
416 1703 35 23 Mr
472 1703 90 27 Mervyn
581 1709 34 15 are

61 1736 65 29 likely
142 1739 22 20 to
183 1736 65 23 result
270 1735 23 23 in
317 1735 80 22 several
423 1734 115 29 important
561 1732 54 22 local

61 1766 70 22 woiks
139 1765 63 29 being
216 1765 95 29 speedily
328 1763 106 24 initiated.
467 1764 21 21 A
505 1763 70 22 notice
593 1762 22 21 of

61 1795 80 23 motion
158 1796 63 28 given
246 1795 27 28 by
298 1795 45 22 that
367 1794 129 28 gentltman,
518 1792 32 22 for
566 1796 49 17 next

60 1825 101 29 meeting,
174 1825 102 22 indicates
286 1824 32 22 his
327 1823 57 23 fixed
401 1829 91 22 purpose
517 1825 22 19 to
561 1822 54 22 have

61 1855 35 21 the
109 1855 115 26 Roxburgh
234 1855 73 27 bridge
318 1854 115 21 re-erected
441 1853 87 20 without
535 1850 80 24 further

59 1885 68 27 oeJay.
131 1884 65 20 —Mr
212 1884 107 28 Mervyn's
338 1889 63 14 name
421 1882 18 21 is
458 1880 156 29 inadvertently

60 1912 90 26 omitted
163 1914 21 23 in
196 1914 36 23 the
242 1914 35 22 list
288 1913 22 22 of
320 1912 105 23 members
436 1915 84 25 present
541 1916 21 17 at
580 1910 35 23 the

60 1945 93 27 iv.teling
170 1945 45 25 (the
227 1944 102 21 omission
348 1944 78 26 having
438 1942 54 22 been
511 1942 103 21 observed

60 1974 56 22 si.-:ce
127 1974 35 22 the
174 1978 70 23 report
258 1979 40 15 was
314 1971 103 31 printed).

88 2009 97 30 Typhoid
197 2010 56 21 ftiver
265 2010 37 21 has
314 2008 80 23 broken
409 2011 36 19 out
466 2006 22 24 in
508 2006 103 30 Tapanui,

58 2039 42 23 aud
110 2048 14 14 a
134 2040 60 24 letter
206 2040 52 22 from
269 2039 31 22 Dr
316 2039 102 28 Douglas,
432 2037 35 23 the
479 2038 54 21 ioral
544 2037 71 21 officer

59 2069 25 24 »•(
102 2069 78 26 health,
208 2069 68 24 which
302 2076 90 22 appears
421 2067 21 23 in
472 2068 40 22 last
537 2067 78 23 week's

199 2104 66 19 traces
277 2099 35 22 :he
323 2098 104 23 outbreak
448 2103 22 16 to
481 2104 73 16 causes
575 2102 36 17 not

57 2130 74 23 oalike
141 2130 60 22 those
216 2129 135 28 complained
370 2127 55 22 ofia
446 2128 40 21 this
508 2128 105 26 borough.

58 2159 31 23 Dr
102 2159 94 29 Douglas
208 2160 38 21 bas
260 2158 110 29 published
382 2158 21 21 in
423 2157 37 22 the

56 2198 11 13 a
79 2198 48 19 iong
138 2193 70 25 rcpo;t
219 2188 131 30 prescribing
362 2187 34 23 the
414 2185 85 25 needful
511 2187 104 22 remedies

56 2224 32 19 lor
107 2221 35 22 the
157 2219 117 23 mtisa'<cr».

83 2257 35 19 Mr
130 2256 112 24 Fanconrt,
259 2263 12 12 a
282 2262 47 14 new
339 2255 77 21 arrival
435 2255 54 21 from
501 2254 108 26 Englaud,

105 2283 76 25 vis'ted
190 2284 121 23 Alexandra
323 2283 74 23 within
407 2283 35 23 the
453 2283 39 23 last
504 2283 39 22 few
552 2283 52 29 days

56 2317 41 21 and
109 2316 77 22 wishes
197 2320 22 17 lo
230 2314 109 23 introduce
350 2316 27 21 It
386 2313 101 25 estraan's
496 2321 64 15 cane
570 2322 41 14 arni

57 2345 42 22 nc'if
106 2351 71 19 r.cung
192 2344 77 21 bucket
280 2344 31 21 for
321 2345 105 27 dredging
439 2344 36 21 the
490 2344 69 20 banks
570 2344 41 20 and

57 2374 91 20 ttac'tvs
156 2372 63 22 of'he
232 2372 123 26 Molyncux.
388 2375 35 18 Rle
433 2378 47 21 says
491 2378 12 14 a
514 2373 97 20 machine

56 2408 22 17 l.)
89 2404 31 21 lilt
131 2408 12 15 a
153 2406 11 18 t<
175 2407 14 16 n
200 2401 52 22 each
260 2401 38 24 lilt,
309 2408 23 15 or
344 2405 26 25 50
377 2405 47 18 tons
435 2408 26 14 an
469 2400 60 28 hour,
541 2401 70 22 would

55 2438 45 18 toA
112 2435 21 20 i;i
145 2431 122 24 A-.eacandra
280 2430 64 30 ,£7OO
363 2440 24 15 or
400 2430 70 30 .£BOO,
487 2432 50 27 and,
559 2432 50 23 with

56 2465 64 26 Uirgc
136 2464 41 20 aad
198 2462 95 28 washing
312 2468 120 23 apparatus.
454 2461 79 29 £lsoo
544 2469 6 19 ;
565 2470 35 13 ma

56 2494 73 21 chiocs
139 2492 61 23 tohft
210 2492 65 23 about
287 2497 54 23 sc\vt
352 2492 70 22 would
433 2498 25 16 co
470 2497 8 17 t
486 2492 51 28 only

55 2529 8 16 t
73 2532 5 12 >
90 2523 70 28 £iS°'
190 2521 59 29 Only
263 2529 25 15 or
289 2530 15 14 -e
315 2529 48 15 man
380 2523 18 21 is
409 2521 95 29 required
517 2526 22 18 to
551 2523 59 21 work

56 2559 36 16 tue
101 2553 76 26 engine
188 2552 43 21 and
241 2558 69 20 crane,
321 2551 42 22 and
375 2552 35 22 the
421 2551 69 29 filling
498 2551 43 21 and
551 2558 44 23 emp-

57 2584 59 28 tying
132 2582 24 22 of
170 2582 37 22 the
225 2581 98 27 buckets.
353 2581 21 22 It
390 2588 43 15 was
450 2581 103 27 resolved,
564 2588 47 22 says

55 2614 38 21 the
132 2612 96 22 Dur.stan
349 2615 21 18 to
386 2613 54 20 form
451 2617 13 16 a
480 2611 54 22 local
547 2612 48 21 Com-

56 2642 121 29 pany—Mr
202 2642 123 21 Simraonds
352 2640 102 30 (Mayor),
484 2641 124 26 Cuairman,

56 2673 43 21 iind
124 2672 35 21 Mr
180 2671 86 23 Forrest
286 2671 76 26 (Town
383 2670 85 29 Clerk),
492 2670 116 29 Secretary.

56 2702 47 23 The
115 2701 122 23 Alexandra
254 2708 48 15 men
322 2701 88 22 deserve
420 2700 67 23 credit
506 2700 32 22 for
558 2701 54 21 their

55 2732 124 31 enterprise,
203 2731 44 23 and
268 2739 31 15 we
324 2731 68 22 doubt
416 2735 37 18 not
477 2730 38 23 but
539 2729 18 24 if
577 2730 35 23 Mr

54 2764 106 24 Fancourt
169 2769 70 17 comes
250 2762 42 24 this
303 2769 45 20 way
357 2762 35 23 the
403 2761 85 23 scheme
500 2760 43 24 will
555 2765 56 19 meet

54 2794 50 22 with
117 2795 108 21 favorable
240 2793 118 26 reception.

82 2828 36 24 Mr
133 2829 57 22 Gear
203 2828 102 29 (Butcher
325 2827 143 29 Wellington)
492 2826 18 24 is
524 2826 88 30 making

55 2866 158 21 arrar-.sjeuienia
225 2859 50 22 with
285 2859 35 22 the
329 2859 101 28 shipping
449 2858 125 29 compares
590 2861 22 19 to

56 2896 74 23 export
146 2892 70 19 frozen
224 2894 56 16 meat
301 2893 22 17 to
346 2889 176 21 London.—The
536 2888 77 21 Clutha

57 2918 143 30 Ajjriculmral
210 2919 42 22 and
266 2918 94 22 Pa-toral
372 2918 134 22 Association
525 2922 21 17 at
558 2917 54 22 their

57 2949 93 29 meeting
168 2949 41 22 la-t
229 2948 105 29 Saturday
353 2948 76 29 passed
449 2948 127 22 resolutions
591 2947 21 21 in

57 2981 59 22 favor
127 2980 23 22 of
162 2986 27 15 an
200 2979 144 28 organisation
355 2983 21 17 to
391 2984 75 24 export
473 2978 67 29 grain,
553 2977 59 29 dairy

57 3012 99 27 produce,
179 3010 55 26 bi_tf,
256 3014 92 21 mutton,
365 3008 36 24 &c.
433 3009 49 29 Cop
492 3016 22 14 es
532 3007 24 23 of
577 3009 35 20 the

57 3041 126 21 resolutions
193 3047 35 14 are
238 3043 22 18 to
271 3040 26 21 be
308 3039 118 22 forwarded
437 3043 22 17 to
478 3038 35 21 the
529 3038 83 21 various

56 3070 92 22 colonial
160 3069 104 23 societirs.
296 3068 26 22 In
333 3068 41 22 this
385 3071 130 23 movement,
525 3073 49 22 may
584 3066 27 23 be

57 3108 49 15 seen
116 3101 36 21 the
162 3106 58 23 germ
231 3099 25 23 cf
263 3106 12 16 a
286 3099 84 23 scheme
390 3098 69 23 which
478 3098 18 22 is
516 3097 96 23 drstined

57 3136 22 17 to
87 3137 83 14 assume
187 3130 94 28 gigantic
292 3129 141 28 proportions,
445 3129 23 20 in
482 3129 35 21 the
534 3127 75 23 future.

87 3165 90 25 Hudson
187 3163 43 25 and
245 3163 50 25 Go's
311 3164 76 23 biscuit
402 3163 80 30 factory
498 3163 20 23 in
536 3162 75 30 Moray

56 3197 72 25 Place,
136 3197 106 25 Dunedin,
254 3203 49 19 was,
311 3197 58 27 early
376 3202 26 15 on
413 3195 86 27 Sunday
504 3195 105 28 morning,

57 3226 75 29 totaKy
163 3226 113 27 destroyed
311 3226 28 27 by
369 3225 46 21 fire.
459 3225 152 20 Considerable

53 3252 93 31 'damage
170 3261 44 14 was
239 3256 57 19 done
320 3259 22 16 to
370 3255 35 20 the
437 3253 72 22 Coffee
536 3253 75 20 Palace

58 3285 105 28 K'iilding.
195 3283 48 23 The
250 3283 42 23 loss
300 3283 17 23 is
327 3283 89 23 covered
427 3282 28 29 by
464 3282 147 22 insurance.—

56 3318 36 21 On
102 3317 104 24 Saturday
217 3315 96 28 evening,
325 3322 14 15 a
352 3315 37 22 fire
400 3316 66 20 broke
487 3318 37 18 out
543 3313 21 23 in
575 3313 36 23 the

56 3346 66 22 Little
147 3345 111 21 Dust-l'an
292 3345 63 22 Store
391 3343 94 29 (George
520 3343 88 27 Street),

56 3376 88 22 another
155 3376 21 21 in
186 3374 77 24 Brown
271 3374 68 23 Street
348 3374 42 23 and
400 3381 13 15 a
423 3373 56 23 third
490 3372 22 23 in
522 3380 12 15 a
545 3372 66 23 house

54 3412 22 18 at
89 3406 49 22 Port
146 3404 111 24 Chalmeis
268 3404 102 29 occupied
379 3405 28 28 by
419 3405 34 21 Mr
462 3403 56 30 John
533 3403 78 23 Wood.

54 3436 70 23 These
137 3442 55 15 were
207 3435 24 22 of
238 3435 61 22 small
310 3439 110 24 monetary
430 3437 96 19 account.

82 3473 48 22 The
172 3471 54 23 New
244 3470 94 22 Zealand
355 3470 137 22 Churchman
530 3469 32 22 for
573 3470 36 24 the

56 3506 84 20 current
149 3502 77 23 month
236 3501 38 23 has
286 3501 53 22 been
349 3501 77 23 issued.
457 3500 53 22 This
519 3501 90 28 periodic

56 3534 33 21 cil
99 3532 110 24 Co3tinues
219 3535 23 18 to
252 3532 95 26 improve
358 3531 95 27 steadily,
464 3531 42 20 and
513 3531 98 22 deserves

57 3560 187 30 correspondingly
256 3561 107 21 increase.l
376 3563 87 25 support
478 3560 54 21 from
546 3567 48 16 mem-

57 3593 48 23 bers
122 3591 42 23 and
179 3591 115 23 adhereuts
311 3590 24 23 of
346 3590 35 23 the
394 3590 114 29 Episcopal
525 3590 86 24 Church

57 3623 130 28 throughout
197 3621 36 23 the
244 3621 90 28 Colony.
365 3621 71 22 There
447 3621 17 21 is
477 3628 12 14 a
499 3620 80 29 vaiie.y
590 3621 23 23 of

58 3652 150 23 ecclesiastical
219 3658 64 19 news,
296 3656 37 17 not
344 3651 50 27 only
404 3651 53 20 from
474 3650 36 21 the
521 3649 90 24 Diocese

59 3682 24 23 of
102 3681 101 24 Dunedin
214 3682 38 21 but
266 3681 54 22 from
336 3680 60 23 othsr
407 3680 101 21 Dioceses
530 3680 22 21 in
570 3680 42 23 this

59 3711 43 24 and
113 3711 35 23 the
168 3711 62 23 other
246 3711 109 26 Colonies,
372 3710 43 22 and
427 3710 129 29 throughout
576 3711 36 21 the

59 3742 74 23 world.
162 3743 35 21 An
217 3741 143 30 appreciative
372 3741 118 28 paragraph
513 3740 16 22 is
548 3741 64 28 given

59 3779 23 16 to
96 3773 36 22 the
142 3772 82 28 regular
235 3772 79 22 church
325 3772 89 21 services
427 3770 78 22 started
522 3776 21 15 at
561 3771 51 21 Moa

60 3803 48 23 Flat
118 3803 28 29 by
158 3802 37 23 Mr
209 3802 88 24 Charles
308 3802 91 28 Cooper,
416 3800 124 30 lay-reader,
554 3801 44 22 Rox-

58 3835 76 26 burgh.
167 3832 40 22 We
217 3840 37 14 are
264 3833 104 21 informed
386 3832 45 20 that
522 3832 90 21 services

59 3870 36 16 are
106 3863 62 22 much
178 3861 144 30 appreciated,
334 3861 41 22 and
384 3868 32 14 we
424 3860 52 23 wish
484 3861 57 22 them
550 3868 62 23 every

60 3885 180 35 succcsss.—2o
249 3891 40 24 has
303 3892 54 22 bten
374 3891 68 23 raised
459 3891 21 22 in
497 3892 115 21 Cromwell

59 3924 27 26 by
97 3929 13 15 a
120 3923 39 29 gift
169 3923 85 22 auction
264 3928 22 17 to
297 3922 60 22 assist
368 3922 22 21 in
400 3922 97 27 carrying
506 3925 37 18 out
553 3928 58 15 some

58 3953 124 21 alterations
198 3952 22 22 in
236 3953 35 21 the
290 3952 89 26 church,
395 3951 122 22 authorised
534 3951 28 30 by
576 3951 35 22 the

58 3983 167 31 Bish*p.--The
242 3983 79 23 church
331 3988 22 17 at
372 3982 84 29 Naseby
473 3982 42 22 and
529 3982 26 22 its
566 3989 34 22 par-

59 4020 78 23 sonage
155 4021 37 15 are
202 4014 98 28 reported
316 4018 23 18 to
401 4020 49 15 now
467 4018 36 16 out
514 4012 23 22 of
550 4013 59 21 riebt.

58 4044 48 22 The
116 4044 69 22 whole
195 4051 46 14 sum
251 4044 71 27 owing
330 4051 27 15 on
366 4043 36 23 the
412 4043 106 27 buildings
528 4041 81 30 (£350)

59 4074 40 22 has
108 4074 53 22 been
172 4073 104 23 collected
287 4073 75 23 wiihin
371 4073 36 23 the
417 4073 39 22 last
466 4075 44 18 two
517 4075 92 24 months,

59 4105 42 21 and
112 4105 59 21 there
182 4104 16 20 is
209 4112 12 13 a
232 4104 66 22 credit
310 4105 90 22 balance
414 4103 25 22 of
454 4101 49 29 £so
513 4111 24 13 or
554 4101 57 28 £6O.

59 4133 53 22 This
122 4134 17 21 is
154 4133 116 22 creditable
286 4138 22 17 lo
322 4133 35 22 the
368 4132 61 22 small
447 4132 130 28 community
589 4132 23 22 of

58 4164 94 27 Naseby,
165 4164 42 21 and
219 4168 48 24 puts
284 4167 22 18 to
323 4163 74 21 shame
415 4169 58 15 sonrie
484 4162 94 29 parishes
588 4162 24 23 of

57 4193 31 21 far
97 4197 83 25 greater
198 4193 136 27 pretentions.
364 4192 71 29 Again
456 4199 31 15 we
507 4192 102 29 cordially

59 4224 113 22 commend
189 4223 36 23 the
431 4227 21 18 to
463 4223 85 29 general
558 4230 36 22 sup-

54 4259 55 23 port.

663 126 188 27 ROXBURGH
869 127 152 24 DISTRICT
1039 126 140 24 SCHOOL,

670 211 51 24 Tha
743 210 144 25 Committee
910 210 26 24 of
958 209 40 25 the
1020 209 76 24 above
1113 207 84 24 School

640 247 49 20 met
701 244 24 22 in
738 244 40 22 the
787 242 156 25 scboolhouse
952 250 31 16 on
995 241 88 30 Friday
1095 242 102 29 evening

642 278 50 22 last.
728 275 102 24 Present
862 275 90 24 Messrs
978 274 99 24 Manuel
1099 273 85 30 (Chair-

643 311 75 27 man),
753 308 128 31 Beighton,
918 308 100 26 Grover,
1055 306 140 30 HaugbtoD,

645 340 117 29 Michelle,
774 341 30 24 G.
818 341 31 25 A.
861 341 85 29 Smith,
955 341 48 23 and
1016 339 23 25 J.
1052 337 145 28 Weatherall

642 374 154 31 (Secretary).

673 409 50 22 The
738 407 104 24 minutes
861 407 28 23 of
906 406 40 23 the
961 407 111 30 previous
1084 405 115 29 meeting,

644 441 45 21 and
701 440 49 21 alpo
765 439 68 25 those
847 440 25 21 of
884 439 40 22 the
941 439 45 22 last;
1000 438 106 28 meeiing
1122 438 25 22 of
1159 438 40 21 the

645 471 126 32 preceding
802 471 153 27 Committee,
983 477 59 16 were
1072 468 55 24 read
1153 468 44 23 and

645 504 134 27 confirmed,
795 511 30 16 nn
837 504 40 23 the
893 502 91 25 motion
1002 501 28 25 of
1045 501 39 24 Mr
1098 501 85 31 Ffaugh-

645 543 49 24 t:n,
710 538 118 23 seconded
843 538 29 30 by
890 537 37 23 Mr
943 536 99 24 Grover.

671 574 19 20 A
701 571 71 23 letter
782 578 45 15 was
838 569 106 24 received
957 569 60 23 from
1029 569 38 23 Mr
1077 568 122 29 Campbell

646 602 92 31 (school
761 602 115 29 teacher)-,
897 600 85 31 asking
997 600 60 29 that,
1080 601 26 22 in
1129 600 70 24 order

645 637 52 22 that
722 636 40 22 the
777 635 79 30 pupils
872 642 53 23 may
946 634 147 29 thoroughly
1109 633 74 23 under-

645 668 68 24 stand
727 667 38 25 the
775 667 95 26 lemons
882 667 23 25 in
925 665 41 26 the
989 666 96 30 Physics
1105 666 94 25 Science

647 702 98 27 Primer,
763 703 30 27 by
805 700 89 30 having
906 700 42 22 the
968 701 161 28 experiments
1143 707 40 21 per-

646 733 91 25 formed
753 733 25 24 in
799 732 62 25 their
882 738 117 24 presence,
1021 739 14 16 a
1055 732 91 23 science
1159 739 27 22 ap-

646 772 95 24 paratus
766 766 28 22 be
814 765 114 23 obtained
950 764 36 23 for
1002 764 40 23 the
1056 764 87 24 school.
1179 765 21 22 A

645 799 70 24 letter
727 805 48 16 was
795 797 49 23 also
865 796 55 24 read
942 797 62 23 from
1019 798 40 22 the
1075 796 125 30 Secretary

645 832 25 24 of
682 832 39 22 the
734 830 133 24 Education
880 829 79 25 Board
972 829 140 30 (addressed
1122 832 25 21 to
1161 829 39 24 Mr

645 865 143 29 Campbeli),
803 861 89 32 eta'ing
917 864 54 21 that
995 864 40 22 the
1058 863 143 22 Committee

645 896 68 24 could
727 896 82 23 obtain
828 903 13 15 a
857 896 91 22 science
963 900 128 25 apparatus
1107 902 31 16 on
1160 895 40 24 the

645 936 63 17 same
721 935 72 18 terms
805 935 25 16 as
844 927 68 25 other
924 927 238 30 Committees—viz.,
1177 931 24 21 at

645 962 136 32 half-price,
793 962 33 26 £5
838 961 49 25 10*.

670 997 23 24 It
703 1004 47 15 was
758 996 86 23 moved
858 996 30 30 by
899 995 38 23 Mr
947 994 126 33 Beighton,
1085 994 114 25 seconded

646 1030 32 29 by
693 1029 39 23 Mr
750 1027 141 31 Haughton,
1012 1029 39 22 the
1065 1032 95 27 request
1177 1029 23 21 of

647 1062 38 24 Mr
698 1061 122 31 Campbell
835 1067 24 17 re
880 1060 123 32 obtaining
1023 1061 92 24 science
1127 1068 59 23 appa-

645 1098 66 21 ratus
725 1096 27 23 be
764 1092 122 33 granted.''
891 1093 137 26 —Carried.

677 1127 22 24 It
712 1136 46 16 was
772 1128 49 23 also
833 1126 98 24 decided
945 1129 52 22 that
1011 1136 13 15 a
1035 1132 35 19 set
1085 1127 27 24 of
1126 1126 74 31 Royal

649 1160 90 23 Primer
751 1160 52 23 wall
818 1160 69 23 cards
906 1159 46 22 and
973 1167 13 16 a
1003 1164 36 19 set
1050 1160 25 22 of
1093 1160 107 28 drawing

646 1192 98 29 models,
764 1192 38 24 for
824 1190 40 26 the
883 1191 114 25 mistress'
1010 1200 67 16 room
1097 1195 27 21 be
1139 1199 45 24 pro-

644 1226 73 24 cured
732 1226 37 29 (as
779 1225 126 30 requested
922 1225 31 30 by
972 1225 39 24 Mr
1025 1224 144 31 Campbell).

675 1263 20 20 A
709 1258 71 24 letter
796 1265 45 17 was
857 1256 108 25 received
978 1257 63 24 from
1053 1258 40 23 the
1107 1256 83 26 Educa

646 1291 50 24 tion
719 1290 87 28 Board,
822 1290 87 31 asking
930 1290 38 24 for
983 1298 13 16 a
1018 1294 131 20 statemeut
1175 1291 25 23 of

645 1322 79 26 school
750 1322 61 25 fund
827 1327 101 20 ao:ount
944 1322 37 24 for
1007 1326 53 28 past
1081 1327 116 27 year.—A

645 1357 51 24 deal
709 1356 28 24 of
745 1355 131 25 discussion
898 1356 57 24 here
971 1356 89 24 ensued
1077 1355 58 25 with
1159 1364 28 15 re-

645 1389 57 30 gard
717 1393 24 20 to
750 1389 39 25 the
800 1394 121 19 accounts.
955 1387 23 25 It
988 1396 46 15 was
1045 1388 154 32 evenntually

644 1422 106 30 decided,
764 1429 30 17 on
810 1422 41 24 the
864 1420 89 25 motion
967 1421 24 25 of
1004 1420 40 25 Mr
1064 1421 135 31 Haughton,

645 1455 116 24 seconded
783 1457 30 27 by
828 1455 39 22 Mr
886 1455 101 28 Grover,
1109 1455 91 24 Messrs

645 1488 25 24 C.
686 1488 93 31 Cooper
787 1488 46 22 and
844 1486 103 24 Thomas
960 1487 65 30 Coop
1035 1486 28 25 be
1071 1487 127 31 appointed

645 1521 107 24 auditors
771 1524 25 21 to
810 1520 68 24 audit
892 1519 47 26 and
955 1520 109 25 examine
1086 1524 113 21 accounts

644 1554 37 22 for
693 1559 52 24 past

675 1585 89 25 Moved
778 1584 31 32 by
825 1583 41 25 Mr
878 1582 122 32 Michelle,
1015 1583 47 26 and
1082 1584 116 26 seconded

644 1618 32 31 by
690 1618 41 24 Mr
745 1617 86 27 Smith,
956 1618 40 23 the
1011 1617 129 24 Chairman
1152 1619 46 24 and

644 1651 124 32 Secretary
784 1649 123 26 interview
922 1648 40 27 Mr
979 1648 93 35 Jeffery
1090 1650 50 33 (the
1152 1651 47 26 late

644 1686 125 29 Secretary
794 1683 47 24 and
864 1684 147 29 Treasurer),
1027 1691 30 17 on
1080 1684 36 25 his
1140 1688 59 21 next

645 1717 55 23 vidit
712 1721 25 19 to
749 1716 143 29 Koxburgh,
916 1717 57 23 with
993 1724 15 16 a
1030 1717 60 23 view
1111 1721 24 19 to
1147 1725 39 22 pre-

644 1749 82 31 paring
737 1752 107 27 separate
857 1752 113 19 accounts
984 1748 36 24 for
1032 1749 40 24 the
1084 1749 115 32 Building

643 1782 45 24 and
703 1782 86 23 School

674 1813 119 24 Circulars
822 1820 59 16 were
895 1813 108 24 received
1024 1814 61 23 from
1109 1813 90 25 Messrs

643 1846 89 29 Shand,
746 1846 81 26 Elder,
839 1845 88 25 Robip,
936 1845 31 23 B.
980 1845 28 24 L.
1021 1846 121 28 Stanford,
1151 1848 46 22 and

645 1877 72 32 Begg,
738 1877 54 23 with
809 1877 119 23 reference
940 1880 26 20 to
980 1876 42 24 the
1036 1878 93 30 coming
1140 1879 45 22 elec-

643 1910 50 25 tion
703 1916 25 19 to
739 1909 34 25 fill
787 1909 40 25 the
841 1909 121 26 vacancies
973 1917 31 17 on
1015 1910 40 24 the
1065 1909 131 26 Education

644 1944 78 23 Board
734 1951 29 15 on
776 1943 41 23 9th
830 1942 84 24 March
926 1946 66 24 next,
1006 1944 47 22 and
1063 1943 83 30 asking
1158 1945 39 23 the

643 1975 162 25 Committee's
832 1977 163 28 support.—A
1022 1974 101 25 circular
1152 1984 45 15 was

643 2010 48 22 also
712 2008 107 24 received
841 2008 62 24 from
917 2007 40 24 the
969 2007 135 25 Education
1118 2009 78 24 Board

644 2041 56 24 with
714 2042 40 22 the
769 2048 122 22 necessary
905 2039 59 25 form
978 2044 25 20 to
1015 2041 28 23 be
1055 2039 64 26 filled
1131 2042 25 23 in
1167 2042 30 31 by

643 2074 40 24 the
713 2074 149 28 Committee,
885 2071 89 32 staring
999 2072 41 25 tho
1067 2081 81 18 names
1173 2076 25 22 of

644 2109 65 22 thrpe
723 2107 25 23 of
759 2107 68 23 tho*e
842 2105 134 31 gentlemen
992 2106 35 24 for
1047 2107 76 23 whom
1139 2108 58 30 they

642 2138 93 24 desired
749 2141 23 21 to
785 2138 119 23 vote.—A
923 2137 73 24 letter
1010 2145 45 17 wa*
1069 2138 54 25 read
1137 2140 60 24 from

646 2172 37 24 *lr
709 2170 72 25 Fraer
810 2170 153 31 (Lawrence)
993 2171 139 32 requesting
1157 2173 41 24 the

642 2206 101 29 Ropport
757 2204 26 25 of
806 2206 41 23 the
868 2203 143 27 Committee
1024 2212 29 17 on
1071 2205 80 25 beha'f
1172 2206 26 25 of

644 2238 87 23 Messrs
744 2236 74 26 Eider
833 2237 45 23 aud
893 2237 89 27 Shand,
1003 2239 193 30 recommending

643 2269 64 23 them
741 2276 25 15 aa
790 2267 141 34 supporting
959 2269 40 25 the
1036 2270 113 24 interests
1173 2270 27 23 cf

640 2308 104 18 oourrry
759 2302 102 24 school:?.

671 2335 89 23 Moved
773 2336 30 28 by
816 2335 39 23 Mr
869 2334 138 30 Haughton,
1020 2336 45 23 and
1079 2337 115 23 seconded

642 2366 29 28 by
689 2365 39 24 Mr
748 2365 120 29 Michelle*,
985 2368 39 21 Mr
1035 2367 65 24 Jr-bn
1115 2369 79 22 Shand

640 2397 28 24 bt»
682 2397 139 24 nominated
832 2405 13 16 a
858 2398 103 25 member
969 2399 26 25 of
1007 2399 40 25 the
1059 2398 134 28 Education

670 2464 88 23 Moved
781 2465 32 31 by
827 2465 41 23 Mr
891 2464 120 31 Michelle,
1066 2466 66 24 That
1155 2467 39 24 Mr

642 2495 60 25 WOl.
722 2495 72 26 Elder
811 2498 27 23 bo
853 2499 138 24 nominated
1003 2500 37 23 for
1051 2500 102 24 election
1167 2508 24 17 to

639 2529 41 23 the
979 2532 31 30 by
1034 2531 42 24 Mr
1098 2532 95 24 Grover

639 2561 46 24 and
703 2561 101 24 carried.

670 2593 89 24 Moved
775 2595 30 25 by
821 2593 38 26 Mr
871 2594 87 30 Smith,
976 2596 117 24 seconded
1113 2596 31 32 by
1157 2596 39 25 Mr

640 2625 127 30 Beighton,
785 2627 14 13 •«
810 2626 63 25 That
882 2627 41 25 the
931 2628 63 24 Rev.
1004 2628 29 24 11.
1044 2629 28 23 L.
1082 2629 113 25 Stanford

640 2658 28 24 be
685 2657 136 26 nominated
832 2661 37 22 for
894 2668 14 16 a
929 2668 103 25 vacaucy
1042 2661 25 25 in
1077 2662 40 25 the
1128 2661 51 26 Edu-

639 2690 79 25 cation

670 2724 71 23 Some
757 2725 167 24 conversation
936 2725 56 26 took
1005 2726 64 31 place
1083 2735 26 16 as
1119 2730 25 21 t>
1157 2728 40 25 the

640 2758 82 23 merits
736 2756 25 25 of
774 2758 54 24 each
842 2758 134 32 candidate,
990 2760 79 25 before
1085 2761 112 32 deciding

642 2793 23 21 to
679 2792 56 21 vote
749 2790 36 24 for
802 2791 40 24 the
853 2792 172 25 above-named
1037 2794 141 27 gentlemen.

673 2821 89 25 Messrs
788 2821 67 26 Wise
881 2824 46 24 and
953 2824 49 28 Co.,
1030 2824 165 32 Braithwaite,

642 2853 72 31 Sligo,
731 2854 142 33 Horsburgh
886 2856 147 32 (Dunedin),
1047 2859 46 23 and
1106 2859 40 24 Mr
1162 2859 32 25 0.

640 2886 92 32 Jeffery
761 2887 157 31 (Lawrence),
946 2894 54 19 sent
1026 2890 120 25 estimates
1171 2892 27 24 of

642 2919 73 30 prices
728 2919 36 24 for
775 2921 87 30 suppiy
873 2921 29 23 of
910 2921 79 24 school
999 2922 81 31 books,
1092 2922 50 32 &c,
1153 2932 42 24 per

641 2952 40 24 list
698 2952 125 25 furnished
838 2955 29 29 by
884 2953 41 25 the
937 2955 103 24 teacher.

670 2984 24 25 It
710 2993 47 17 was
774 2985 117 31 resolved,
906 2994 29 16 on
951 2988 41 24 the
1007 2988 91 24 motion
1112 2989 26 26 of
1155 2989 40 26 Mr

640 3017 85 31 Smith,
744 3019 120 24 seconded
879 3020 32 30 by
923 3020 41 24 Mr
980 3021 118 29 Michelle,
1118 3024 53 23 that
1181 3032 14 16 a

640 3051 190 23 sub-committee
842 3052 132 30 consisting
986 3054 24 22 of
1023 3053 40 23 Mr
1075 3053 118 31 Beighton

640 3082 47 25 and
714 3082 41 24 the
778 3083 132 33 Secretary,
925 3084 58 25 with
1007 3085 40 25 Mr
1070 3086 123 33 Campbell

638 3116 53 32 (the
705 3116 106 30 teacher)
825 3117 28 24 be
871 3118 130 30 appointed
1013 3121 25 20 to
1056 3120 82 23 decide
1152 3129 28 22 up-

639 3156 30 16 on
694 3148 41 24 the
759 3149 86 23 tender
866 3153 24 20 to
914 3150 27 24 be
958 3151 110 32 accepted
1093 3152 39 24 for
1153 3153 41 24 the

639 3182 85 31 supply
734 3183 24 24 of
769 3181 83 31 books,
864 3183 42 24 «fec.

671 3219 35 19 An
717 3219 99 19 account
828 3216 61 22 from
899 3216 99 24 Charles
1010 3217 137 25 Goldsmith
1159 3218 35 24 for

639 3247 108 26 cleaning
764 3254 31 23 up
820 3247 80 23 school
924 3248 73 29 yards
1023 3250 47 22 and
1097 3250 96 27 making

640 3278 56 32 path
708 3278 110 30 (amount
830 3278 47 32 £6)
894 3287 45 16 was
950 3279 104 26 referred
1068 3284 24 21 to
1105 3280 89 26 Works

639 3312 142 24 Committee
793 3313 38 24 for
843 3317 89 26 report.

670 3344 52 24 The
739 3345 105 29 meeting
858 3350 57 19 toon
931 3344 40 32 adj
980 3346 93 24 mrned.

656 3418 118 27 MOUNT
790 3417 138 27 BENGER
954 3420 225 25 COMMONAGE.

673 3489 143 24 MEETING
831 3488 40 23 OF
887 3489 272 24 CATTLE-OWNERS.

669 3529 20 21 A
703 3527 104 28 meeting
823 3525 28 22 of
859 3524 186 30 cattle-owners,
1062 3526 131 24 interested

638 3558 26 24 in
691 3558 40 24 the
758 3564 160 22 oommouage,
946 3564 45 15 was
1012 3558 124 23 convened
1162 3559 30 31 by

638 3590 195 29 advertisement,
856 3589 47 24 and
927 3588 57 25 held
1005 3590 46 24 last
1073 3591 120 31 Saturday

638 3625 103 29 evening
758 3624 25 22 in
800 3621 127 26 Ormond'a
953 3622 81 28 Hotel,
1049 3623 143 30 Roxburgh,

640 3657 37 23 for
688 3657 41 23 the
743 3661 103 24 purpose
859 3654 25 23 of
901 3654 101 30 electing
1018 3662 13 15 a
1046 3654 145 26 Committee

640 3693 24 20 to
685 3693 38 20 act
749 3689 70 29 along
835 3686 57 24 with
919 3685 41 26 the
985 3687 140 25 Committee
1148 3696 27 22 ap-

641 3721 97 32 pointed
751 3721 30 32 by
793 3722 41 23 the
845 3718 118 33 Tuapeka
974 3718 96 34 County
1080 3720 108 25 Council.

640 3755 78 23 There
744 3762 47 16 was
814 3762 14 16 a
851 3753 162 25 considerable
1040 3754 150 28 attendance,

640 3790 111 29 amongst
778 3786 67 26 those
872 3790 96 28 present
1002 3785 189 33 being—Moasrs

640 3821 136 29 Anderson,
805 3820 68 29 Bain,
906 3819 131 28 Ballaston,
1066 3819 125 30 Bennetts,

640 3852 81 30 Birch,
744 3852 107 31 Brophy,
880 3851 125 30 Cortnack,
1031 3851 105 27 Frauds,
1157 3852 33 23 A.

640 3886 107 28 Gordon,
765 3885 35 26 M.
815 3884 107 29 Gordon,
1050 3883 139 32 Haughton,

640 3919 84 29 Leary,
740 3917 109 26 Manuel,
864 3917 122 28 Michelle,
1003 3917 186 29 M'Counochie,

641 3953 66 23 A.C.
723 3949 136 30 M'Kenzie,
878 3948 135 32 M'Douail,
1034 3948 98 34 Parker,
1145 3950 45 24 aud

639 3984 86 25 Steele.

671 4017 39 23 Mr
720 4016 98 24 Manuel
834 4023 46 16 was
891 4014 74 26 called
978 4018 24 21 to
1015 4016 40 24 the
1066 4016 66 24 chair
1143 4018 48 22 and

640 4049 84 31 briefly
748 4049 143 24 introduced
917 4049 40 23 the
985 4049 116 23 business.
1152 4049 38 23 He

640 4083 78 30 hoped
727 4082 31 24 all
771 4082 53 23 who
834 4081 45 24 had
891 4080 117 32 anything
1016 4085 24 20 to
1049 4089 50 23 say,
1110 4082 80 23 would

640 4123 39 22 say
697 4115 25 22 it.
755 4114 82 23 There
851 4114 46 22 had
911 4115 58 21 been
984 4121 14 15 a
1010 4113 145 24 Committee
1165 4115 25 21 of

640 4146 175 25 cattle-owners
831 4145 52 24 who
897 4145 42 24 did
958 4153 65 16 some
1036 4146 152 31 preliminary

642 4181 73 28 work;
731 4179 44 23 but
800 4179 58 30 they
871 4178 42 23 did
931 4182 42 18 not
986 4183 63 19 meet
1071 4179 56 23 with
1147 4181 41 21 the

638 4213 113 31 approval
765 4211 28 24 of
801 4219 65 16 some
878 4210 79 25 whom
968 4210 30 25 he
1007 4211 76 30 might
1095 4213 80 22 charac-

638 4254 71 18 terise
720 4253 26 16 us
757 4244 63 25 their
828 4249 143 26 opponents,
983 4244 49 24 and
1042 4245 40 23 the
1091 4244 96 31 County

1227 134 99 24 Council
1343 133 46 24 bad
1411 133 106 25 resolved
1530 134 52 25 that
1601 143 12 17 a
1634 136 139 24 Committee
1785 125 3 36 !

1227 166 28 24 of
1263 167 46 23 five
1321 166 85 24 should
1422 167 27 23 be
1460 166 129 31 appointed
1599 167 31 32 by
1643 168 40 25 the
1693 168 69 25 cattle-

1227 207 99 19 owners,
1338 200 47 22 and
1403 200 53 22 four
1469 201 114 23 members
1595 201 28 25 be
1636 202 137 24 nominated

1229 233 29 29 by
1270 231 42 24 the
1322 231 107 24 Council,
1464 235 21 19 it
1498 233 77 24 would
1587 241 50 16 now
1650 235 28 23 be
1688 236 37 22 for
1734 235 40 22 the

1228 264 102 31 meeting
1340 268 23 19 to
1372 271 43 23 say
1427 262 104 26 whether
1538 266 56 29 they
1603 274 58 16 were
1670 266 105 25 satisfied

1227 297 57 24 with
1297 299 64 21 what
1372 297 41 23 the
1425 296 98 24 Council
1536 297 44 25 had
1592 299 67 24 done.

1260 330 38 23 Mr
1314 328 131 25 M'Kenzie
1467 329 49 24 said
1533 330 51 26 that
1608 332 104 24 whether
1735 333 40 24 the

1228 363 105 31 meeting
1345 370 45 16 was
1404 361 105 26 sat'slted
1529 371 27 16 or
1570 367 50 26 not,
1632 365 57 31 they
1706 367 67 22 could

1227 400 43 20 not
1286 399 115 20 overturn
1416 396 41 22 the
1472 395 76 24 action
1563 398 24 22 of
1607 397 40 24 the
1665 398 107 31 Council,

1229 430 43 22 but
1284 428 46 23 had
1342 429 76 21 better
1428 429 99 28 proceed
1540 429 56 23 with
1613 429 39 23 the
1665 431 95 23 nomina-

1229 461 63 21 tions
1303 461 24 21 at
1343 467 65 15 once.

1257 492 50 24 The
1319 491 122 31 following
1453 490 36 26 six
1500 492 132 31 gentlemen
1646 502 59 17 wero
1717 495 57 25 then

1227 524 147 31 nominated,
1390 525 183 33 viz^:—Messrs
1583 527 103 29 Manuel,
1696 528 77 31 Birch,

1227 559 123 27 Cormack,
1376 558 160 29 Woodbouse,
1563 558 139 32 Haughton,
1728 563 48 22 aud

1229 591 123 23 Michelle.
1376 590 79 24 Those
1465 591 135 30 gef*fcftnen
1612 593 57 23 then
1679 593 97 30 retired;

1228 627 42 20 toe
1293 621 66 25 chair
1382 629 45 16 was
1449 623 71 23 taken
1535 624 31 30 by
1581 623 41 24 Mr
1643 625 133 31 M'Kenzie,

1228 656 46 24 and
1288 656 41 24 the
1347 659 54 19 vote
1413 653 73 25 taken
1498 654 31 32 by
1541 664 13 16 a
1566 656 65 24 show
1645 657 27 24 of
1684 659 74 24 hands
1769 667 5 16 :

1230 690 106 25 Manuel,
1349 689 27 23 17
1387 696 5 20 ;
1412 689 79 28 Birch,
1503 689 53 28 17,;
1573 689 24 24 J.
1613 689 163 31 Woodhome,

1229 722 27 25 17
1269 729 6 20 ;
1294 721 140 30 Haughton,
1453 720 27 24 13
1492 728 6 20 ;
1513 720 122 31 Cormack,
1659 723 37 26 12.
1730 723 47 25 For

1229 754 40 24 Mr
1282 753 112 25 Michelle
1409 753 28 23 10
1449 754 73 23 hands
1539 762 60 15 were
1611 755 55 23 held
1677 763 40 24 up,
1731 757 46 24 and

1230 788 35 22 his
1281 793 69 16 name
1373 793 45 16 was
1432 784 82 24 Btruck
1531 786 34 23 off
1580 787 39 23 the
1634 787 49 24 list.
1726 789 51 23 The

1229 820 80 23 others
1322 826 61 16 were
1395 819 58 23 then
1463 817 108 25 declared
1584 819 59 32 du'y
1658 820 96 25 elected.

1263 853 37 22 Mr
1312 851 93 24 Eldrr's
1418 858 66 15 name
1498 858 45 17 was
1558 852 124 31 proposed,
1700 856 41 22 but
1752 863 25 15 as

1230 885 28 23 he
1269 893 46 15 was
1328 888 42 19 not
1380 887 101 28 prtsent,
1492 885 47 21 and
1548 884 18 23 it
1580 892 45 16 was
1637 890 42 19 not
1691 885 86 26 known

1231 916 106 25 whether
1352 916 30 25 he
1394 915 76 24 would
1484 920 96 20 consent
1595 920 25 21 to
1635 922 45 24 act,
1700 918 19 25 it
1731 927 47 16 was

1231 950 149 26 withdrawn.
1414 949 41 23 Mr
1470 948 61 25 Bain
1547 958 43 16 was
1602 950 48 26 also
1663 953 114 31 proposed

1230 986 43 23 but
1285 983 114 26 declined.

1260 1017 40 23 Mr
1324 1015 115 25 Michelle
1458 1015 3 32 j
1470 1017 124 30 pnposed,
1736 1019 41 24 the

1230 1049 96 33 County
1335 1048 98 25 Council
1443 1047 29 26 he
1482 1050 155 33 respectfully
1648 1052 126 31 requested

1230 1087 41 21 not
1286 1088 24 18 to
1326 1083 99 31 appoint
1438 1089 13 16 a
1465 1083 104 23 member
1587 1084 27 23 of
1625 1087 38 21 the
1679 1086 96 24 Council

1230 1122 23 18 to
1286 1119 37 21 act
1351 1124 31 15 ou
1413 1116 38 22 the
1482 1114 150 33 Committee,
1668 1118 48 25 and
1751 1122 26 21 to

1229 1150 121 22 nominate
1362 1148 173 24 cattle-owners
1547 1149 52 27 (uot
1613 1150 70 31 being
1691 1152 70 29 abeep-

1229 1180 102 29 owners)
1346 1179 74 31 living
1436 1179 25 24 in
1475 1187 27 17 or
1512 1188 56 17 near

1262 1216 38 22 Mr
1313 1214 35 23 M.
1364 1212 99 24 Gordon
1483 1216 116 23 seconded
1614 1217 42 22 the
1677 1216 98 31 motion,

1229 1247 77 24 which
1319 1253 47 17 was
1376 1248 43 28 put
1431 1245 47 25 aud
1489 1247 89 24 carried
1590 1247 174 33 unanimously.

1259 1280 41 23 Mr
1315 1278 122 25 Biliaston
1453 1280 50 23 said
1524 1278 28 25 he
1570 1282 67 22 made
1649 1282 36 23 his
1699 1282 76 31 living

1229 1320 24 17 as
1263 1320 13 17 a
1288 1311 111 29 raboiter,
1416 1313 45 21 and
1474 1314 123 30 employed
1612 1314 30 24 50
1658 1315 65 29 dogs.
1742 1315 35 24 He

1229 1345 46 24 had
1288 1346 59 23 been
1361 1344 51 25 told
1423 1343 52 25 that
1486 1346 74 23 under
1573 1346 39 24 the
1625 1355 50 16 new
1688 1348 77 29 regula-

1229 1384 63 18 tions
1305 1379 30 23 he
1357 1377 78 23 would
1449 1378 61 23 have
1527 1383 24 18 to
1568 1386 47 23 pay
1637 1380 40 23 the
1692 1379 85 25 license

1228 1419 31 16 on
1270 1411 65 24 them
1348 1411 39 29 all,
1402 1409 75 24 which
1489 1418 45 16 was
1545 1411 134 32 equivalent
1688 1417 24 20 to
1724 1418 39 27 put-

1229 1445 52 28 tidg
1299 1453 14 15 a
1334 1449 54 24 stop
1402 1446 25 20 to
1441 1444 40 22 the
1495 1444 117 30 industry.
1659 1445 36 23 lie
1719 1454 42 16 con-

1229 1477 86 24 tendrd
1338 1477 52 23 that
1414 1476 116 24 rabbitera
1555 1484 58 17 were
1630 1477 25 24 of
1667 1478 108 25 essential

1229 1510 89 24 service
1345 1510 25 23 in
1395 1508 108 31 assisting
1516 1512 24 22 to
1559 1508 60 33 keep
1642 1511 70 24 down
1737 1511 38 25 the

1229 1543 80 23 rabbit
1335 1541 119 28 nuisance,
1478 1543 45 21 and
1551 1543 55 22 that
1631 1544 62 23 their
1718 1544 59 30 dogs

1228 1574 87 25 should
1339 1577 43 20 not
1407 1572 27 25 be
1457 1573 165 25 taxed.—The
1649 1575 126 25 Chairman

1228 1607 138 29 concurred,
1388 1607 46 23 and
1455 1607 50 23 said
1524 1609 40 22 the
1587 1608 150 29 Committee,
1757 1609 21 23 if

1227 1640 94 32 applied
1335 1644 32 24 to,
1384 1638 76 25 would
1474 1639 29 24 do
1527 1640 62 24 what
1603 1641 57 32 they
1672 1641 68 24 couid
1754 1645 23 21 to

1229 1675 59 24 have
1301 1674 40 24 the
1359 1672 124 26 rabbitera'
1496 1672 58 33 dogs
1573 1675 125 31 exempted
1716 1675 61 25 from

1229 1706 115 24 taxatiou.

1259 1739 51 24 The
1332 1738 105 30 meeting
1550 1738 88 32 closed,
1670 1738 46 26 and
1738 1740 39 24 the

1228 1770 143 26 Committee
1383 1775 49 20 met
1446 1771 22 23 in
1482 1771 97 30 private.

1360 1844 92 26 RAES
1475 1844 169 26 JUNCTION.

1282 1928 82 26 (From
1377 1935 44 18 cur
1437 1935 50 17 own
1505 1928 210 30 Correspondent.)

1257 1971 51 26 The
1320 1971 60 25 Rev.
1395 1970 29 26 R.
1436 1970 97 26 Telford
1546 1971 115 32 preached
1676 1978 30 18 ou
1719 1970 45 26 Sun-

1227 2010 46 33 day
1285 2010 46 25 last
1341 2014 25 20 at
1374 2010 40 24 the
1426 2010 131 24 Beaumont
1568 2010 25 24 in
1604 2010 41 25 the
1658 2010 119 31 morning,

1227 2048 61 26 Raes
1299 2049 118 25 Junction
1428 2049 25 25 in
1468 2049 40 24 the
1526 2048 132 30 afternoon,
1680 2048 47 24 and
1752 2053 24 20 at

1227 2088 121 31 Mackay's
1362 2088 145 31 (Horseshoe
1523 2087 78 31 Bend)
1612 2088 25 24 in
1649 2086 42 25 the
1704 2094 60 17 even-

1227 2128 48 30 ing,
1294 2131 25 19 to
1334 2126 178 32 congregations
1533 2125 32 24 all
1583 2125 26 24 of
1622 2124 76 24 which
1721 2132 58 16 were

1227 2172 65 17 more
1304 2165 58 24 than
1374 2165 93 31 usually
1486 2163 73 31 large.
1597 2164 71 24 After
1679 2163 98 30 service,

1228 2204 27 25 he
1267 2204 50 24 said
1330 2203 52 26 that
1390 2203 41 26 the
1444 2204 79 28 Synod
1534 2203 45 25 had
1590 2203 68 26 made
1666 2209 112 25 arrange

1229 2246 76 19 meuts
1325 2243 36 22 for
1383 2246 40 20 tua
1447 2245 133 22 Beaumont
1595 2246 24 19 to
1639 2243 62 22 form
1726 2244 53 28 part

1228 2278 24 26 of
1277 2278 40 25 the
1345 2277 59 27 Blue
1419 2279 62 29 Spur
1507 2278 46 26 and
1583 2278 70 26 other
1675 2278 104 25 districts

1228 2319 74 30 there,
1326 2318 46 25 and
1393 2319 28 24 he
1438 2319 77 24 would
1533 2322 41 21 not
1588 2319 58 25 visit
1664 2318 54 25 that
1732 2318 36 24 dis-

1227 2357 63 28 trict,
1303 2365 25 15 as
1340 2357 31 23 he
1381 2356 67 24 could
1459 2359 44 20 not
1518 2356 66 24 laava
1604 2356 134 29 Roxburgh
1753 2363 26 16 so

1226 2394 66 25 often
1313 2402 25 17 as
1357 2394 29 24 he
1412 2392 45 25 bad
1471 2392 62 25 done
1555 2393 113 24 hitherto.
1716 2392 63 25 Raes

1225 2434 117 26 Junction
1355 2432 78 26 would
1444 2432 50 25 still
1506 2433 28 24 be
1546 2433 75 24 under
1636 2432 37 25 his
1684 2432 94 32 charge,

1227 2475 57 23 with
1306 2472 131 25 Horseshoe-
1452 2472 18 23 U
1487 2472 39 28 ad,
1545 2478 28 17 so
1592 2471 52 25 that
1660 2471 27 24 he
1708 2471 69 24 could

1225 2520 67 17 come
1303 2511 66 25 down
1386 2511 25 24 in
1427 2510 41 24 the
1483 2509 107 31 evening,
1606 2512 24 21 at
1642 2516 43 24 say
1706 2516 71 17 seven

1226 2549 97 24 o'clock.
1355 2548 49 24 The
1415 2547 89 31 Synod,
1519 2550 24 21 at
1555 2548 33 22 its
1600 2547 46 24 last
1661 2547 114 30 meeting,

1226 2589 46 24 had
1285 2589 72 31 given
1371 2587 48 25 him
1437 2594 13 17 a
1470 2589 71 28 grant
1556 2586 37 24 for
1607 2593 14 17 a
1638 2585 97 30 church,
1752 2593 26 17 so

1227 2627 52 24 that
1297 2627 29 25 he
1348 2626 77 25 would
1448 2629 64 21 meet
1529 2625 40 24 Mr
1585 2624 92 25 Bennct
1695 2624 48 24 and
1764 2631 13 16 a

1226 2666 44 24 few
1282 2666 24 24 of
1315 2666 40 24 the
1367 2665 95 24 settlers
1472 2663 40 25 the
1526 2662 119 33 following
1657 2662 118 30 morning,

1226 2707 25 21 to
1261 2704 93 25 consult
1365 2703 63 24 them
1440 2703 73 23 about
1524 2702 102 31 starting
1636 2702 39 24 the
1689 2702 87 24 church

1226 2751 54 17 now
1303 2751 27 17 or
1351 2743 60 24 after
1439 2741 84 25 winter
1545 2745 48 21 sets
1618 2741 97 25 in.—At
1737 2741 40 24 the

1226 2784 63 25 Raes
1303 2782 113 26 Junction
1428 2782 97 29 service,
1542 2781 42 24 the
1602 2784 132 21 sacrament
1750 2780 28 25 of

1226 2821 102 32 baptism
1354 2827 46 18 was
1426 2819 168 24 administered
1627 2821 25 22 to
1679 2818 43 24 Mr
1745 2818 30 25 R.

1226 2859 151 26 M'Donald's
1390 2857 71 26 child.

1240 2898 115 29 Monday,
1368 2897 121 29 February
1503 2895 64 30 14th,
1579 2895 67 25 1881.

1249 2977 66 27 PEN
1345 2976 70 25 AND
1447 2975 63 25 INK
1541 2975 134 25 SKETCH
1709 2975 43 25 OF

1374 3008 25 27 J.
1415 3008 28 26 G.
1460 3009 23 25 S.
1503 3008 123 26 GRANT.

1280 3090 49 32 (By
1342 3097 41 17 onr
1394 3087 105 25 Dunedin
1516 3087 180 33 Correspondent
1703 3088 11 32 )

1255 3134 28 24 In
1295 3134 65 23 front
1370 3133 24 22 of
1405 3132 40 23 the
1458 3131 67 24 b'.ock
1535 3132 24 23 of
1571 3132 86 23 houses
1667 3133 106 23 between

1225 3167 101 32 Kaitray
1347 3164 45 26 aad
1496 3167 86 22 streets
1597 3171 54 25 may
1676 3165 28 24 be
1717 3172 56 18 seen

1223 3202 84 23 almost
1333 3198 63 31 daily
1422 3198 40 23 the
1477 3198 92 31 subject
1580 3198 26 24 of
1620 3205 45 17 our
1683 3198 90 30 sketch,

1223 3234 24 23 J.
1260 3233 29 23 G.
1309 3233 24 22 S.
1350 3231 86 28 Grant,
1448 3229 41 24 the
1503 3230 213 31 pamphlet-writer
1726 3232 47 22 and

1382 3262 100 23 founder
1515 3261 26 22 of
1568 3262 40 23 the
1631 3262 142 32 eight-hour

1224 3294 171 36 system—first
1407 3294 86 25 Rector
1506 3293 25 26 of
1542 3294 41 25 the
1599 3292 68 33 High
1679 3294 94 31 School,

1225 3332 53 28 &c,
1296 3331 42 22 &c
1369 3327 113 24 Whether
1495 3328 39 22 Mr
1545 3327 78 24 Grant
1636 3328 41 23 has
1688 3329 84 22 choaen

1225 3363 46 24 this
1286 3360 66 26 track
1364 3359 52 24 that
1429 3359 28 23 be
1477 3366 55 23 may
1549 3359 59 30 keep
1622 3359 37 24 his
1679 3367 43 24 eye
1743 3368 30 16 on

1224 3396 40 25 the
1278 3396 39 23 old
1339 3391 133 26 Provincial
1487 3391 138 31 Chambers,
1648 3395 47 23 and
1717 3393 56 25 thus

1223 3430 101 28 sharpen
1335 3428 35 22 his
1379 3426 125 29 animosity
1514 3424 54 24 with
1579 3424 41 25 the
1627 3426 145 24 unleavened

1223 3461 152 24 associations
1389 3458 24 24 of
1436 3458 67 22 those
1527 3457 96 31 gloomy
1648 3461 73 27 walls,
1738 3466 33 16 we

1223 3494 68 24 know
1303 3499 51 21 nor,
1375 3491 43 24 but
1433 3489 55 25 here
1510 3489 29 25 he
1556 3489 68 31 plods
1643 3490 37 25 his
1697 3499 74 23 weary

1224 3534 55 23 way.
1312 3525 44 23 His
1370 3522 114 31 pby»-ique
1502 3522 47 23 and
1561 3523 96 29 general
1681 3524 92 24 outline

1222 3562 24 20 ot
1258 3558 39 24 the
1305 3556 70 25 index
1385 3560 24 19 to
1418 3555 37 22 the
1465 3555 97 24 interior
1572 3562 39 15 ar«
1620 3555 152 24 unfavorable

1222 3595 24 21 to
1258 3593 40 23 the
1310 3591 54 23 idea
1373 3588 52 24 that
1436 3588 28 24 he
1476 3586 9 34 i
1494 3586 10 34 3
1513 3586 9 34 a
1533 3595 54 16 man
1599 3588 24 23 of
1635 3587 56 33 high
1703 3588 56 26 intel-

1220 3625 87 22 lectual
1319 3624 161 22 attainments.
1523 3622 22 21 A
1561 3621 134 28 gentleman
1710 3623 61 22 from

1220 3658 42 22 the
1285 3654 179 31 neighborhood
1486 3651 28 24 of
1536 3651 134 31 Tipperary
1693 3656 78 22 would

1222 3687 42 24 feel
1275 3697 13 14 a
1297 3692 82 25 strong
1389 3684 139 27 inclination
1540 3685 23 23 in
1576 3684 94 31 passing
1679 3686 49 23 him
1747 3689 24 21 to

1219 3722 86 23 extend
1335 3720 40 24 the
1490 3716 63 25 hind
1578 3716 28 25 of
1632 3716 139 33 fellowship.

1220 3754 102 23 That-he
1333 3753 21 23 is
1364 3760 14 16 a
1390 3751 140 24 Scotchman
1547 3749 21 24 is
1587 3758 28 14 an
1627 3751 143 25 established

1219 3786 55 26 fact.
1309 3784 39 26 He
1371 3784 21 25 is
1414 3784 73 24 below
1503 3781 40 26 the
1569 3783 89 25 middle
1681 3784 89 32 height,

1220 3820 57 23 with
1298 3816 172 27 well-matched
1498 3816 62 30 body
1585 3817 45 23 and
1651 3817 56 30 leg?.
1749 3821 21 21 A

1219 3851 66 24 smile
1296 3859 27 16 or
1340 3850 104 32 peculiar
1458 3849 59 31 grin,
1540 3848 83 31 higHy
1634 3850 133 30 suggestive

1220 3884 27 24 of
1252 3884 94 33 injured
1355 3884 133 27 innocence,
1497 3880 66 32 plays
1573 3881 113 30 wickedly
1695 3883 75 25 round

1221 3918 35 22 his
1280 3918 59 26 linn,
1364 3915 107 31 globular
1498 3915 112 22 features.
1657 3915 45 24 His
1723 3917 48 29 gait

1224 3948 76 26 would
1312 3949 101 24 indicate
1431 3946 53 24 that
1498 3946 30 24 he
1538 3946 45 23 had
1596 3955 63 16 more
1672 3948 56 24 time
1740 3957 31 16 on

1222 3983 63 24 hand
1309 3982 57 26 than
1382 3981 29 24 he
1436 3979 50 26 well
1502 3980 80 29 knpws
1605 3981 62 25 what
1692 3985 24 21 to
1741 3983 30 24 do

1222 4016 64 25 with.
1317 4019 21 20 A
1352 4014 79 24 bunch
1446 4014 25 26 of
1482 4014 136 30 pamphlets
1632 4016 73 22 about
1719 4015 52 23 four

1219 4050 81 23 inches
1322 4048 67 24 thick
1409 4047 21 23 is
1455 4045 55 26 held
1534 4045 79 33 firmly
1630 4047 26 24 in
1670 4047 38 24 his
1727 4048 44 24 left,

1220 4082 73 29 hand,
1304 4082 69 23 while
1386 4084 116 28 gestures,
1514 4080 77 24 which
1599 4088 63 16 seem
1676 4084 23 20 to
1712 4081 59 25 have

1218 4122 65 16 some
1307 4114 90 23 hidden
1429 4112 201 24 communication
1651 4114 56 23 with
1730 4113 41 24 the

1220 4147 73 30 brain,
1305 4154 40 17 are
1361 4144 135 33 performed
1510 4144 32 30 by
1563 4144 35 24 his
1619 4145 74 29 rifcht.
1726 4146 45 23 His

1218 4181 89 22 reverie
1321 4179 19 23 is
1357 4177 88 25 broken
1462 4177 155 25 occasionally
1631 4179 31 30 by
1679 4179 40 23 the
1731 4179 39 23 old

1216 4219 64 18 town
1302 4212 66 24 clock
1384 4211 119 24 overhead
1519 4210 134 32 reuiiudmg
1678 4211 50 25 him
1747 4212 28 24 of

1264 4245 86 26 arrival
1362 4245 24 24 of
1397 4244 113 26 northern
1519 4251 28 17 or
1557 4244 118 24 (southern
1684 4245 84 30 trains,

1804 138 25 21 at
1851 135 75 24 which
1953 135 57 25 time
2032 134 36 25 his
2089 141 64 25 pace,
2173 133 115 31 although
2312 136 45 21 not

1804 167 139 33 quickened,
1965 168 20 24 is
1998 167 88 31 firmer,
2099 167 46 25 and
2159 166 42 26 tbo
2223 165 136 34 paraphleti

1803 209 39 18 are
1859 201 56 25 held
1934 201 91 31 higher.
2067 203 21 21 A
2102 199 93 31 passing
2208 204 109 28 stranger
2335 199 22 24 is

1804 234 78 23 hailed
1894 242 25 15 as
1928 234 92 31 though
2033 232 27 24 he
2075 234 77 29 ought
2165 236 24 19 to
2202 232 29 24 be
2244 239 77 16 aware
2332 230 30 24 of

1804 266 39 23 the
1854 266 132 32 chequered
1999 266 91 30 hisiory
2102 265 27 24 of
2139 264 36 24 his
2187 264 170 32 interrogator;

1805 298 68 24 while
1890 298 125 25 M.H.R.'s
2034 299 47 23 and
2102 298 40 23 old
2162 296 115 30 M.P.C/s
2293 300 40 27 get
2344 304 15 16 a

1804 331 132 31 significant
1947 331 47 24 nod
2007 331 60 25 from
2080 338 44 16 one
2135 330 50 24 aide
2198 329 25 25 of
2234 325 41 29 the
2287 328 70 26 head.

1804 364 76 28 Time,
1895 364 61 24 from
1968 364 43 24 btr
2027 362 134 33 postscript,
2176 362 79 25 would
2266 361 51 26 lead
2331 369 28 16 us

1804 401 25 20 to
1842 397 89 24 believe
1943 397 54 24 that
2011 397 29 23 he
2052 396 20 24 is
2084 404 31 16 on
2128 397 40 23 the
2189 399 99 21 autumn
2307 394 53 24 side

1804 430 27 22 of
1836 430 60 28 fifty.
1919 429 142 30 Respecting
2072 429 42 22 the
2122 429 74 22 above
2204 428 152 29 appendages

1805 463 10 21 t
1823 470 7 14 >
1841 461 35 23 his
1885 469 76 20 name,
1969 460 49 25 it.ii
2027 468 14 16 a
2049 459 147 25 remarkable
2208 459 149 25 coincidence

1804 494 53 23 that
1872 494 40 23 the
1926 493 58 26 Rev.
2009 493 39 24 Mr
2072 491 131 33 Campbell,
2229 491 54 25 who
2298 490 59 25 wish

1806 527 35 24 his
1868 526 51 26 wife
1940 526 48 26 and
2013 525 82 32 family
2117 524 109 33 perished
2248 525 109 25 between

1806 561 58 24 Port
1875 561 122 23 Ohalmsrs
2015 559 48 24 and
2077 559 114 24 Dunedin
2212 559 26 23 in
2253 557 42 24 the
2310 565 31 16 un-

1793 588 1 40 j
1807 594 120 22 lortunate
1941 592 108 23 collision
2070 592 108 23 between
2197 591 44 24 the

1804 625 25 24 of
1845 625 41 23 the
2030 625 52 30 sp&.
2110 624 40 24 the

1793 648 1 41 |
1806 657 81 31 nearly
1904 656 111 25 nineteen
2036 663 27 25 yt
2074 663 29 18 ..s
2116 662 51 26 ago,
2180 662 47 18 was
2247 656 42 24 the
2305 653 53 25 first

1806 691 128 29 appointed
1958 693 86 21 Kcctor
2058 690 24 23 of
2106 690 41 23 the
2173 688 64 31 High
2258 686 98 28 School,

1807 722 120 29 Dunedin,
1948 722 47 25 and
2016 721 54 25 that
2092 721 40 25 Mr
2147 721 77 24 Grant
2249 721 43 24 has
2315 721 44 22 not

1807 756 92 30 figured
1910 762 25 16 as
1957 763 13 15 a
1987 755 125 23 candidate
2124 754 64 24 since
2211 754 53 24 that
2285 752 69 24 time.

1807 787 85 31 Again,
1910 787 39 23 Mr
1969 787 77 24 Grant
2058 787 94 24 arrived
2164 787 25 22 in
2208 786 40 23 the
2265 784 94 31 Colony

1807 822 72 24 about
1891 820 40 24 the
1942 827 58 25 year
2019 818 25 25 of
2062 827 44 17 our
2119 818 72 30 Lord,
2204 818 68 31 1855,
2286 816 73 25 while

1793 849 1 35 ;
1807 853 41 23 the
1868 854 138 30 eight-hour
2019 855 88 27 system
2124 860 46 15 was
2186 852 25 23 in
2233 849 124 34 operation

1793 881 1 34 |
1807 887 72 22 about
1893 888 35 21 six
1950 893 67 22 years
2032 885 80 24 before
2124 886 53 24 that
2190 884 63 25 date.
2293 881 25 26 It
2337 881 21 24 is

1807 918 65 32 quite
1897 917 102 33 possible
2016 919 52 23 that
2084 918 41 25 Mr
2148 917 63 25 Jock
2233 912 126 31 Graham's

1806 952 146 32 experience,
1977 950 76 27 which
2069 951 55 26 took
2138 950 64 33 place
2221 950 73 26 about
2309 947 49 25 this

1807 985 63 31 time,
1896 987 45 23 and
1971 985 53 24 who
2052 985 80 24 claims
2155 990 24 19 to
2206 984 29 25 be
2249 984 40 24 the
2305 982 53 24 first

1806 1023 112 25 exporter
1941 1019 25 22 of
1988 1022 49 20 cats
2053 1022 24 20 to
2093 1018 40 23 the
2148 1017 64 24 West
2226 1017 78 26 Coast,
2317 1018 42 26 got

1807 1051 78 23 mixed
1906 1051 56 24 with
1987 1050 41 24 the
2052 1049 147 33 Bcctorship,
2221 1048 48 28 and
2284 1048 75 22 henca

1807 1084 40 23 the
1866 1084 132 23 confusion.
2031 1083 24 25 It
2072 1084 78 23 would
2169 1084 28 23 be
2219 1079 100 29 difficult
2331 1082 27 20 to

1807 1116 76 24 define
1898 1116 62 25 what
1976 1116 68 25 niche
2063 1116 25 24 in
2102 1116 103 25 creation
2227 1114 40 24 Mr
2281 1112 79 27 Grant

1808 1157 44 16 was
1863 1149 116 31 desigued
1991 1156 24 16 to
2028 1147 49 33 fill;
2096 1149 90 23 certain
2198 1149 20 23 it
2230 1149 21 22 is
2269 1147 30 22 he
2310 1152 49 18 was

1806 1188 43 17 not
1866 1182 60 24 born
1950 1183 25 23 to
1999 1189 90 24 occupy
2105 1189 14 17 a
2142 1187 59 24 very
2222 1178 137 34 prominent

1807 1214 103 32 position
1919 1215 24 24 in
1955 1215 40 24 the
2003 1215 78 29 social,
2091 1214 113 32 political,
2213 1220 27 17 or
2248 1211 113 32 religious

1806 1248 172 24 advancement
1991 1248 29 24 of
2027 1248 59 24 JNew
2100 1246 111 26 Zealand.
2244 1244 38 26 All
2294 1245 67 30 great

1807 1288 52 17 men
1877 1281 87 30 having
1979 1281 108 30 emerged
2110 1281 63 24 from
2199 1276 160 33 comparative

1807 1314 104 31 security
1926 1314 47 24 and
1990 1314 37 24 for
2046 1323 14 15 a
2079 1314 59 23 time
2151 1314 60 22 been
2225 1310 120 26 misunder-

1806 1347 76 29 stood,
1900 1353 34 17 \vm
1948 1354 54 24 may
2018 1351 42 26 yet
2072 1347 61 30 hope
2145 1345 54 25 that
2209 1353 25 17 as
2245 1342 116 28 Dunedin

1793 1374 1 36 I
1806 1383 88 20 attains
1910 1387 14 16 a
1938 1379 82 31 higher
2032 1379 85 31 degree
2128 1378 27 24 of
2164 1376 138 30 knowledge
2314 1374 47 24 and

1793 1407 1 36 I
1806 1411 161 32 appreciation
1988 1412 40 25 Mr
2042 1413 78 24 Grant
2133 1409 49 30 will
2205 1411 46 25 rise
2272 1412 25 21 to
2319 1407 42 24 the

1793 1437 1 39 |
1806 1445 135 24 estimation
1966 1450 25 18 to
2015 1446 78 23 which
2115 1446 30 23 he
2171 1444 82 25 claims
2279 1445 25 21 to
2329 1440 32 24 bo

1806 1477 111 25 entitled.
1961 1477 118 33 Candidly
2102 1477 46 25 and
2170 1474 137 33 repeatedly
2329 1472 31 25 he

1807 1511 40 24 has
1859 1509 102 27 told.the
1975 1510 79 32 public
2074 1509 103 33 through
2192 1510 40 27 the
2246 1514 64 26 press
2329 1506 33 25 ha

1806 1544 20 22 is
1842 1549 30 17 an
1891 1543 97 30 injured
2004 1544 126 24 man—the
2148 1546 68 23 exact
2230 1545 86 24 nature
2335 1539 29 24 of

1806 1575 40 24 the
1859 1575 22 24 in
1884 1573 75 33 judos
1969 1578 45 21 not
2025 1575 71 32 being
2107 1573 108 33 defined;
2229 1572 47 25 and
2288 1571 24 25 in
2324 1571 38 25 his

1806 1608 45 23 last
1863 1610 82 29 appeal
1961 1608 73 24 asked
2049 1610 57 29 only
2127 1608 38 24 for
2183 1617 14 15 a
2218 1607 47 24 fair
2281 1613 65 21 recog-

1793 1638 1 35 !
1807 1641 77 24 mtiou
1898 1641 28 24 of
1938 1641 80 25 native
2034 1641 85 32 genius
2133 1641 47 24 and
2196 1638 88 27 service
2305 1644 41 19 ren-

1807 1674 80 30 dered,
1910 1679 188 20 commensurate
2122 1673 57 25 with
2195 1681 45 17 our
2260 1672 99 25 boasted

1807 1706 152 30 civilisation,
1988 1707 107 30 showing
2117 1707 25 23 in
2169 1705 79 25 rouud
2270 1704 89 30 figures

1809 1739 52 23 that
1873 1739 40 23 the
1924 1738 164 25 Government
2099 1739 24 24 of
2140 1738 47 25 this
2200 1740 101 27 country
2315 1743 46 16 was

1809 1771 113 24 indebted
1943 1775 24 20 to
1981 1772 50 24 him
2044 1771 25 25 in
2086 1772 39 24 the
2138 1779 52 16 sum
2204 1770 25 24 of
2244 1768 115 29 £25,000.

1811 1804 32 23 Aa
1861 1804 40 23 Mr
1914 1803 76 24 Grant
2002 1804 43 24 has
2058 1804 59 24 been
2130 1801 149 33 twentyfive
2291 1807 70 27 years

1809 1836 25 23 in
1851 1843 43 17 our
1907 1836 80 29 niidsr,
2008 1844 35 16 we
2065 1844 111 22 presume
2194 1836 30 22 he
2245 1834 67 23 bases
2324 1832 39 25 his

1809 1867 81 23 claims
1901 1873 31 17 on
1946 1867 40 24 the
2001 1868 47 23 fact
2060 1868 24 23 of
2095 1867 37 23 his
2147 1866 88 30 having
2247 1863 115 26 survived

1810 1898 40 27 the
1878 1899 92 25 climate
1997 1899 47 26 and
2075 1898 150 27 vicissitudes
2249 1896 26 27 of
2308 1896 54 27 that

1809 1933 132 30 chequered
1955 1933 89 30 poiiod.
2079 1932 50 25 The
2143 1932 164 25 Government
2319 1930 43 24 has

1809 1965 175 31 unmistakably
2011 1965 89 32 proved
2119 1965 43 24 the
2183 1964 74 24 thorn
2279 1961 26 26 in
2321 1961 42 25 the

1808 1998 66 24 flesh.
1918 1996 100 33 Failing,
2041 1998 120 29 however,
2186 2000 26 21 to
2233 1998 90 22 muster
2337 2001 25 17 as

1808 2031 71 24 much
1892 2029 65 32 piety
1969 2038 25 16 as
2011 2030 40 25 the
2067 2029 114 32 apcsto.ic
2196 2027 106 29 suffdrer,
2314 2025 48 28 and

1808 2070 59 25 pray
1884 2064 37 22 for
1938 2062 31 24 its
1986 2063 112 30 removal,
2112 2062 31 25 he
2155 2060 126 26 conteuled
2295 2059 48 28 him-

1808 2097 43 22 self
1865 2095 58 24 with
1945 2095 96 32 hurling
2061 2095 139 25 anathemas
2223 2096 24 22 at
2260 2092 32 26 all
2312 2092 49 26 and

1809 2127 91 32 sundry
1913 2128 52 23 who
1984 2128 87 30 belong
2084 2131 24 21 to
2124 2128 54 23 that
2194 2125 102 25 crooked
2314 2125 48 22 and

1810 2167 107 25 perverse
1931 2159 147 27 institution,
2115 2159 70 25 Some
2204 2156 84 34 pitied,
2304 2158 45 22 not-

1811 2192 169 32 withstanding
2004 2192 36 25 his
2063 2192 174 33 vituperations
2249 2199 6 21 ;
2281 2189 83 25 others

1811 2226 79 31 vainly
1901 2225 148 25 endeavored
2061 2228 25 22 to
2098 2232 122 17 overcome
2239 2222 47 24 evil
2306 2221 58 24 with

1810 2260 69 26 gooJ.
1912 2257 177 29 Intellectually
2110 2253 200 32 and-financially
2326 2253 57 25 hia~

1810 2288 41 27 iife
1871 2291 43 25 has
1928 2290 57 26 been
2001 2298 13 16 a
2030 2289 92 32 failuro,
2143 2288 47 27 and
2208 2286 85 27 J.G-S.
2310 2293 56 26 may

1811 2325 28 22 bo
1861 2325 66 27 truly
1954 2324 92 23 termed
2075 2332 30 15 an
2136 2326 15 12 •*
2161 2321 114 26 educated
2310 2319 42 25 Ish-

1809 2354 94 23 maelite
1962 2356 37 22 his
2025 2355 64 23 haud
2114 2355 94 31 against
2222 2359 72 23 every
2309 2359 55 16 man

1809 2386 45 24 and
1866 2393 72 24 every
1956 2387 74 23 man's
2042 2386 90 32 against
2145 2386 56 24 him.
2235 2386 59 22 Asa
2303 2382 61 24 kind

1809 2420 25 25 of
1849 2420 135 32 redeeming
1995 2427 80 24 power
2086 2419 30 26 he
2128 2427 30 18 on
2173 2425 63 18 mote
2248 2415 57 28 than
2317 2424 46 17 on»

1807 2452 107 24 occasion
1934 2454 90 28 sought
2043 2452 135 24 Provincial
2199 2452 96 26 honors,
2315 2450 48 23 and

1807 2485 89 27 several
1917 2485 70 24 times
2016 2485 70 24 stood
2112 2485 37 24 for
2175 2483 40 25 the
2244 2481 67 25 office
2336 2481 29 25 of

1807 2518 94 30 Mayor,
1917 2518 56 29 only
1989 2520 24 21 to
2025 2525 68 17 serve
2114 2525 24 15 as
2154 2525 12 16 a
2179 2517 125 29 scapegoat
2323 2514 38 23 for

1807 2549 41 24 the
1860 2549 90 31 unholy
1962 2551 85 22 humor
2058 2549 24 23 of
2095 2549 39 24 the
2150 2551 65 28 great
2223 2546 136 24 unwashed.

1806 2582 82 31 Nobly
1908 2582 30 24 he
1953 2580 42 26 has
2021 2581 90 24 shaken
2135 2581 41 25 the
2195 2580 57 25 dust
2266 2579 35 24 off
2319 2577 38 24 hia

1806 2615 55 28 feet,
1872 2614 48 24 and
1941 2621 63 24 gone
2016 2620 31 17 on
2069 2613 41 25 the
2124 2620 61 18 even
2202 2616 69 20 tenor
2285 2611 25 23 of
2324 2610 37 24 hia

1806 2653 61 25 way,
1882 2646 51 24 well
1949 2645 111 31 knowing
2073 2647 52 23 that
2144 2645 42 26 the
2198 2645 54 28 loss,
2272 2643 18 24 if
2303 2650 56 24 any,

1808 2687 45 17 was
1864 2686 31 18 on
1910 2680 40 23 the
1965 2678 79 32 public
2055 2679 57 24 side,
2147 2678 29 26 la
2193 2681 100 22 matters
2312 2676 32 24 de-

1807 2712 105 23 votional
1924 2713 29 22 he
1974 2719 58 24 pays
2043 2711 36 24 his
2097 2718 65 17 vows
2175 2710 25 24 in
2215 2709 36 25 Dr
2265 2708 79 25 Green-

1807 2744 75 25 field's
1903 2744 98 31 church,
2017 2745 47 24 and
2086 2744 61 24 from
2171 2744 40 24 the
2227 2746 43 26 top
2296 2741 25 25 of
2345 2749 14 18 a

1807 2784 101 19 tramcar
1919 2786 30 16 on
1962 2786 13 15 a
1997 2779 80 29 bright
2096 2777 99 31 Sunday
2208 2775 109 31 morning
2329 2774 30 26 ha

1806 2818 57 16 once
1875 2810 91 23 related
1983 2810 36 23 his
2031 2810 146 31 experience.
2222 2808 81 31 Along
2318 2807 41 24 the

1805 2843 129 31 delightful
1949 2843 116 24 corridors
2078 2843 46 24 and
2136 2841 69 25 aisles
2217 2842 24 23 of
2255 2840 48 25 this
2314 2847 43 17 ex«

1806 2876 97 30 pansive
1928 2878 119 21 structure
2060 2876 28 23 he
2104 2874 125 25 described
2244 2873 37 24 his
2296 2880 48 17 wan-

1806 2907 94 31 derings
1912 2915 24 16 as
1948 2908 135 29 something
2097 2906 128 26 calculated
2239 2910 24 19 to
2275 2905 38 23 lift
2320 2904 37 24 his

1793 2940 104 25 'exalted
1912 2940 114 31 thoughts
2039 2940 84 31 higher
2140 2940 58 23 than
2209 2946 48 23 any
2270 2937 87 24 Duno-

1793 2970 1 34 I
1805 2973 41 24 diu
1862 2974 78 30 pulpit
1963 2974 69 22 could
2055 2981 57 15 over
2126 2975 83 28 expect
2230 2975 26 21 to
2276 2970 79 31 reach,

1804 3007 47 23 and
1863 3007 58 23 send
1942 3005 37 24 his
1998 3013 105 23 memory
2119 3006 95 23 further
2225 3002 61 26 back
2297 3003 59 26 than

1805 3038 40 23 the
1856 3038 77 23 oldest
1941 3038 136 23 inhabitant
2089 3038 69 23 could
2169 3036 107 30 imagine.
2300 3035 55 24 The

1805 3074 60 21 trees
1888 3069 67 31 (blue
1976 3070 78 31 gums)
2077 3072 25 21 to
2124 3069 49 24 him
2187 3066 116 33 appeared
2331 3071 25 21 to

1802 3106 52 28 clap
1876 3102 63 25 their
1961 3102 82 30 hands,
2070 3102 45 25 and
2139 3103 41 24 the
2201 3100 55 25 hills
2275 3100 81 32 (sand)

1804 3135 89 29 poured
1907 3134 64 24 forth
1992 3135 63 24 their
2075 3135 103 30 melody.
2211 3133 77 25 There
2309 3140 47 19 wan

1802 3167 133 33 something
1957 3168 25 24 in
2004 3168 41 25 the
2060 3175 53 17 roar
2128 3168 24 25 of
2176 3165 41 27 the
2241 3173 72 18 ocean
2329 3165 27 26 in

1802 3203 147 29 comparison
1962 3200 57 25 with
2040 3200 77 25 which
2132 3200 40 24 the
2187 3202 61 22 most
2263 3206 76 18 accom-

1802 3233 93 31 plished
1903 3236 78 22 orator
1994 3234 22 22 in
2030 3233 104 29 divinity
2147 3240 45 15 was
2202 3239 24 16 as
2234 3231 121 30 sounding

1804 3269 70 21 brass.
1921 3264 51 25 Tue
1987 3271 91 17 narrow
2106 3264 104 24 confines
2224 3262 25 25 of
2272 3269 15 17 a
2301 3269 53 24 pew

1802 3296 91 29 seemed
1919 3297 90 32 donbly
2030 3296 122 32 rapulsive
2174 3301 25 21 to
2220 3295 37 26 his
2279 3295 75 31 mind,

1802 3332 84 28 which,
1896 3338 32 15 on
1939 3331 48 22 this
1998 3330 126 30 particular
2134 3330 116 30 morning,
2259 3328 96 24 seemed

1802 3368 25 21 to
1839 3363 70 24 know
1924 3369 31 17 no
1968 3362 100 24 bounds.
2100 3361 52 25 The
2163 3360 102 32 gushing
2278 3360 61 24 foun-

1802 3397 61 25 tains
1875 3396 23 25 of
1911 3396 36 23 his
1961 3396 52 23 soul
2030 3397 65 22 must
2108 3395 60 24 have
2189 3393 137 31 undergone
2338 3402 15 17 a

1801 3430 92 24 sudden
1905 3429 103 31 collapse
2021 3428 88 30 during
2122 3427 40 24 the
2177 3426 78 32 night,
2272 3430 38 20 lor
2321 3433 32 17 on

1802 3462 41 24 the
1858 3461 107 30 Monday
1981 3460 110 31 morning
2105 3461 30 22 he
2154 3466 47 17 was
2213 3459 68 30 again
2298 3466 56 17 seen

1800 3494 84 33 gazing
1898 3501 31 16 on
1941 3495 42 21 tbo
2004 3493 40 23 old
2067 3491 136 26 Provincial
2218 3490 135 32 Buildings,

1801 3528 97 28 holdmg
1910 3525 36 24 his
1961 3525 133 31 pamphlets
2112 3533 24 15 as
2148 3525 87 28 before,
2251 3523 47 24 and
2315 3524 37 23 hia

1802 3558 93 24 funeral
1909 3564 53 24 pace
1981 3557 147 32 unchanged.
2169 3556 29 24 In
2216 3556 40 24 the
2269 3555 46 31 day
2328 3555 28 24 of

1801 3591 68 25 small
1881 3590 87 31 things,
1983 3589 39 25 Mr
2035 3591 79 25 Grant
2126 3588 111 33 occupied
2249 3596 65 18 Bome
2327 3588 29 26 of

1801 3629 40 20 the
1851 3624 92 30 leading
1953 3623 89 30 pulpits
2054 3623 25 24 of
2090 3624 41 23 the
2141 3631 51 23 age,
2202 3622 46 23 and
2260 3621 78 25 Jonah-

1800 3657 48 23 like
1870 3656 94 24 warned
1987 3656 41 23 the
2051 3654 148 25 inhabitants
2215 3654 24 24 of
2259 3655 95 29 coming

1801 3690 95 30 danger.
1929 3689 50 24 The
1992 3687 64 33 early
2069 3687 94 24 records
2182 3686 92 33 having
2291 3686 61 25 been

1800 3722 91 24 inisiaid
1894 3741 9 11 r
1916 3722 20 23 it
1959 3723 21 22 is
1994 3727 42 19 not
2062 3721 88 24 known
2176 3720 108 26 whother
2312 3720 42 26 the

1801 3756 73 23 result
1896 3754 29 23 of
1944 3755 37 22 his
2005 3754 96 24 mission
2129 3760 47 17 was
2201 3756 151 28 repentance.

1799 3786 141 31 Something
1961 3786 29 26 of
2001 3786 40 25 the
2063 3786 67 31 kind,
2151 3785 118 29 however,
2288 3789 66 21 must

1799 3822 61 23 have
1873 3823 57 22 been
1941 3819 157 31 experienced
2111 3821 31 29 by
2157 3819 104 28 himself,
2272 3819 38 23 for
2322 3819 30 23 ha

1800 3861 20 17 is
1835 3854 72 24 silent
1925 3859 61 18 now.
2021 3851 71 25 WhU
2114 3852 38 24 his
2174 3856 122 26 prospects
2314 3850 39 25 for

1801 3887 40 24 ihe
1863 3886 81 24 future
1965 3893 49 22 are,
2032 3885 12 25 I
2060 3888 87 22 cannot
2168 3885 88 25 divine.
2289 3883 63 25 This

1801 3927 34 16 we
1862 3920 49 23 will
1936 3918 127 30 say—that
2077 3920 41 21 the
2147 3924 54 17 mm
2224 3918 51 23 who
2310 3916 43 25 ha
2368 3916 15 32 3

1801 3953 72 23 borne
1898 3950 148 31 tweuty-five
2069 3957 73 25 years,
2158 3950 25 24 of
2206 3949 145 32 opposition,

1799 3986 56 24 such
1865 3992 25 17 as
1900 3985 41 24 ha*
1951 3984 71 25 fallen
2031 3988 24 20 to
2068 3983 35 26 his
2115 3984 42 30 lot,
2166 3991 43 16 can
2217 3983 53 27 well
2277 3982 77 25 afford

1801 4021 23 22 to
1839 4018 73 32 spend
1931 4017 40 25 tho
1984 4017 131 24 remainder
2127 4016 28 25 of
2164 4017 37 23 bis
2212 4017 58 31 days
2284 4016 56 24 with-

1798 4055 43 21 out
1862 4051 89 31 feeling
1970 4050 69 25 those
2060 4049 106 31 pricking
2181 4049 134 24 sensations
2328 4047 29 26 of

1799 4084 75 26 honor
1884 4092 28 17 so
1922 4084 105 33 peculiar
2039 4086 24 20 to
2075 4090 53 17 men
2140 4082 28 24 of
2175 4082 70 25 small
2253 4082 88 24 minds.

56 62 159 35 •Wtewday,
229 64 123 32 February
366 64 35 29 16,
417 63 57 25 1881

921 57 88 26 THE
1046 54 153 26 MOUNT
1234 54 177 26 BENGEft
1444 55 104 25 MAIL

2267 53 13 23 5

1827 4165 139 29 Intelligence
1987 4164 38 22 has
2047 4163 55 23 been
2125 4163 98 23 received
2248 4162 47 24 that
2319 4163 36 24 the

1800 4202 89 23 Basutos
1899 4200 90 23 Miffced
1999 4199 76 28 defeat,
2089 4199 51 23 with
2150 4199 69 28 heavy
2228 4198 50 29 loss,
2288 4203 22 20 at
2320 4200 35 25 the

1800 4238 67 23 hands
1877 4237 25 23 of
1909 4237 35 24 the
1955 4236 59 30 Cape
2027 4235 68 25 forces
2106 4242 28 21 op
2145 4235 35 24 the
2194 4235 49 32 13th
2254 4235 87 28 instant.
