2499 3980
69 51 2389 187 THE

69 238 377 74 NEW
572 238 880 74 ZEALAND
1578 238 880 74 GAZETTE

69 312 2389 73 AND

69 385 955 74 WELLINGTON
1120 385 286 74 AND
1502 385 956 74 SPECTATOR.

601 485 218 39 PUBLISHED
863 487 132 38 EVERY
1037 483 254 46 WEDNESDAY
1333 493 88 36 AND
1465 494 224 39 SATURDAY
1733 497 203 38 MORNING.

116 597 64 36 No.
203 597 87 39 264.]

666 601 111 32 PORT
798 601 253 41 NICHOLSON,
1074 599 266 43 WEDNESDAY
1360 608 209 38 HORNING,
1589 613 106 29 JULY
1719 617 46 31 19,
1790 615 87 29 1843.

2242 617 93 41 [Vol.
2357 621 52 32 IV.

197 690 54 22 For
273 690 115 22 London
412 691 96 24 direct,

231 725 29 19 To
268 724 43 20 sail
318 725 23 19 in
350 724 31 20 all
386 725 92 25 August,

101 754 78 35 -JHSL
228 761 91 28 rfIHE
346 760 45 22 fine
421 761 44 22 fast
487 761 82 28 sailing
593 762 51 27 brig

88 781 131 40 «asi^
233 781 31 28 J-
369 788 176 25 NELSON,

88 814 131 34 uW/KsBL
240 813 87 28 George
349 815 116 22 Maclaren
489 819 88 23 master,
597 816 47 22 will

65 841 157 33 gflEac3«W
238 847 25 15 s&
263 841 18 21 il
288 848 8 14 *
297 848 16 14 n
322 841 29 22 &H
361 841 96 27 August.

65 863 158 32 iSSSSDv
266 867 43 22 For
325 867 81 28 freight
421 875 24 14 or
462 875 99 20 passage,
583 868 59 28 early

236 893 135 28 application
381 895 19 20 is
412 902 118 20 necessary
539 899 23 18 to

372 926 85 23 Waitt
470 927 46 22 and
529 928 86 22 Tyser.

89 955 142 29 Wellington,
242 957 59 23 June
311 959 33 27 15,
356 959 61 23 1843.

202 1008 54 21 Fox
269 1009 117 21 London
402 1009 95 26 direct,

153 1042 30 20 To
191 1041 43 21 tail
245 1042 63 20 about
320 1043 37 20 the
370 1044 33 19 Ist
416 1043 27 26 of
454 1044 94 26 October,
570 1060 5 2 -

217 1079 92 25 HPHE
322 1079 83 28 barque
419 1081 221 26 INDEMNITY,

83 1103 108 30 .mllfmt.
224 1110 30 17 -*-
292 1117 14 5 ■■
316 1117 14 5 ■•
396 1117 30 6 —
434 1112 83 17 master
522 1117 6 18 ;
544 1109 40 21 has
593 1109 49 22 first

62 1131 148 35 /jSPiQt^
229 1135 49 19 rate
295 1134 205 23 accommodations
522 1136 36 21 for
576 1136 64 21 cabin

59 1155 153 37 mgUj/t/^L
230 1165 137 20 passengers.

59 1180 153 40 fKj9j9JP
257 1185 44 22 For
317 1185 83 28 freight
419 1194 25 14 or
459 1194 101 20 passage,
580 1188 61 27 early

230 1211 132 28 application
373 1213 19 21 is
404 1220 109 21 necessay
523 1217 23 18 to

237 1246 130 26 RIDOWAYS,
384 1247 106 26 GUYTON,
505 1248 21 21 &
540 1247 72 22 EaRP.

85 1276 141 27 Wellington,
235 1277 54 27 July
299 1279 33 26 13,
344 1279 59 21 1843.

165 1323 54 20 For
233 1323 111 21 Akaxoa
358 1324 55 20 and
433 1324 97 26 Otago.

69 1354 104 38 **^2?h
212 1361 92 31 T^HE
318 1369 44 14 nne
386 1365 35 18 ast
436 1361 81 28 sailing
531 1362 109 23 schooner

82 1387 107 23 .CK-flßh
217 1383 31 26 JL
355 1389 157 26 SCOTIA,

224 1413 69 23 Ward
302 1418 88 24 master,
400 1416 27 20 68
437 1419 57 24 tons,
503 1415 43 22 will
556 1416 39 22 sail
606 1416 35 22 for

59 1437 149 33 ■SHHSa
224 1440 37 22 the
272 1441 70 22 above
350 1444 58 25 ports
418 1449 29 14 on
455 1442 101 28 Monday
563 1450 77 15 morn-

223 1467 40 27 ing
279 1470 60 25 next,
352 1467 53 23 24th
419 1468 52 22 inst.
501 1469 43 22 For
560 1469 80 28 freight

221 1500 26 15 or
255 1501 97 20 passage,
363 1494 67 28 apply
439 1498 24 18 to
472 1495 38 22 the
519 1500 83 18 master
610 1503 28 15 on

59 1519 77 28 board,
148 1528 25 14 or
182 1523 23 19 to

370 1547 27 22 T.
414 1548 33 22 M.
463 1549 148 22 Machattie.

87 1572 54 29 July
150 1574 34 25 14,
196 1575 63 20 1843.-

59 1617 55 20 For
125 1618 122 26 Spdney,
257 1618 45 21 via
316 1619 147 22 Auckland
475 1621 55 20 and
543 1621 59 26 Bay
612 1622 30 20 of

290 1646 117 21 Islands.
416 1662 8 5 -

212 1678 92 31 npHE
327 1679 22 21 A
370 1680 11 20 1
401 1679 108 23 schooner
530 1682 114 20 LADY

92 1701 95 38 JgSfijL
219 1701 30 25 JL
285 1706 127 27 LEIGH,
434 1706 43 22 will
493 1707 40 22 sail
551 1709 35 21 for
602 1709 36 21 the

62 1729 145 41 ,Jfllgwgfik
224 1731 72 22 above
314 1736 58 23 ports
389 1740 29 14 on
438 1734 33 21 Ist
487 1735 91 26 August
590 1742 50 21 pre-

58 1781 156 41 '^JljjgfcijgjP'
253 1785 43 22 For
308 1785 81 28 freight
399 1794 25 14 or
432 1794 98 21 passage,
541 1788 66 28 apply
616 1792 23 19 to

311 1822 115 22 William
438 1823 172 24 Fitzherbert.

84 1846 54 28 July
148 1848 34 27 18,
193 1848 61 22 1843.
290 1868 4 4 .

245 1900 56 21 For
314 1901 115 27 Sydney.

210 1937 68 29 npQ
288 1937 39 21 sail
337 1938 116 27 positively
460 1945 28 15 on
497 1938 141 28 Wednesday

76 1959 113 43 ■jgggjfrr
208 1959 37 24 *jL
249 1962 6 9 v
258 1960 148 24 4Bfr26tlrof
412 1959 61 25 JaW.
483 1965 40 20 the
530 1966 108 21 schooner

55 2006 150 43 JgSJßjm
223 2015 29 19 62
267 2017 56 24 tons,
343 2016 92 26 Captain
454 2017 104 26 Higgins.
593 2018 45 21 For

58 2036 145 30 *S§&B&
223 2039 82 26 freight
315 2048 24 14 or
348 2048 98 20 passage,
455 2043 65 27 apply
530 2050 29 14 on
569 2044 68 21 board

223 2069 23 18 to
256 2066 37 22 the
304 2067 99 28 Captain,
416 2076 24 14 or
454 2072 21 18 to

466 2105 54 22 Wm.
536 2105 73 23 LfON.

83 2128 143 27 Wellington,
238 2128 53 28 July
302 2130 32 26 18,
346 2132 60 20 1143.

289 2174 107 22 Notice.

57 2206 92 49 THE
162 2207 116 27 following
292 2208 100 21 Portions
409 2209 25 21 of
449 2209 37 22 the
501 2210 69 21 Town
586 2211 51 21 Belt

130 2233 46 22 will
186 2234 26 21 be
222 2234 43 21 Let
275 2241 29 15 on
318 2235 70 22 Lease
402 2236 34 21 for
445 2236 38 22 the
497 2236 65 23 Term
574 2237 26 22 of
610 2239 27 20 14
646 2239 2 20 I

55 2267 64 19 years
125 2267 5 14 :
132 2271 28 5 —

108 2293 28 22 30
149 2300 61 16 acres
233 2294 153 29 immediately
405 2296 118 28 adjoining
546 2297 91 22 Wade's

163 2321 69 21 Town
239 2329 6 19 ;

109 2349 27 20 30
149 2354 63 15 acres
219 2348 23 21 in
254 2347 36 23 the
300 2356 50 14 rear
358 2349 26 21 of
391 2352 58 20 town
459 2349 85 23 section
551 2351 43 21 No.
600 2352 35 25 52,

163 2373 45 23 and
233 2375 122 27 extending
377 2376 23 22 in
424 2376 38 22 the
485 2377 108 22 direction
613 2378 26 21 of

165 2401 105 21 Martin's
278 2401 67 28 farm;

108 2429 29 20 30
150 2434 62 15 acres
220 2427 25 22 in
256 2428 36 22 the
301 2436 50 15 rear
360 2429 25 21 of
391 2432 60 20 town
461 2430 96 22 sections
563 2432 41 21 452
612 2434 23 19 to

162 2456 48 25 469,
220 2455 55 23 both
283 2455 107 23 inclusive
396 2464 6 18 ;

109 2482 27 21 12
149 2488 62 14 acres
219 2481 23 21 in
253 2482 36 21 the
299 2489 50 15 rear
358 2483 25 21 of
390 2486 58 19 town
459 2483 98 23 sections
562 2486 40 21 431
614 2487 21 20 to

161 2509 48 21 439.

82 2539 49 22 The
139 2539 119 23 minimum
268 2540 59 27 price
337 2541 89 28 already
436 2542 84 22 offered
527 2542 19 23 is
555 2544 31 21 ss.
597 2550 39 21 per

55 2573 51 15 acre
114 2566 35 22 for
158 2566 96 25 tbe.first
263 2574 67 16 seven
339 2575 70 19 years,
421 2569 45 22 and
482 2571 44 21 10s.
536 2577 41 20 per
586 2577 49 15 acre

55 2593 34 22 for
99 2593 37 22 the
144 2593 125 27 remaining
283 2601 75 16 seven.
386 2595 33 22 To
429 2603 80 15 ensure
523 2596 44 23 fair
576 2604 60 15 com-

55 2619 99 27 petition,
175 2620 89 22 tenders
282 2620 35 23 for
333 2621 37 22 the
391 2622 70 22 above
479 2622 43 23 lots
540 2623 44 22 will
607 2623 28 22 be

55 2643 101 25 received
172 2646 30 27 by
212 2646 38 22 the
261 2648 53 21 Tow
317 2655 20 14 a.
345 2648 112 28 Surveyor
471 2650 58 21 until
546 2650 89 27 Friday,

55 2672 37 22 the
101 2674 48 20 21st
157 2676 94 24 current,
263 2674 69 28 when,
346 2674 21 22 if
379 2682 29 15 no
423 2676 15 21 h
442 2676 4 11 :
447 2675 56 27 gher
518 2676 65 23 offers
597 2684 38 14 are

55 2699 108 28 received,
179 2699 53 28 they
247 2700 43 22 will
308 2701 29 22 be
351 2701 32 22 let
398 2706 25 18 to
437 2703 38 21 the
491 2704 82 26 parties
585 2703 49 22 who

54 2725 57 22 have
120 2725 89 28 applied
216 2727 36 22 for
261 2727 38 22 the
308 2735 68 15 same.

81 2757 87 22 N.B.—
167 2758 48 22 The
229 2758 49 22 first
292 2760 71 26 years'
380 2760 62 22 Rent
459 2763 26 19 to
497 2761 29 21 be
544 2761 54 28 paid
612 2761 23 23 in

55 2783 105 24 advance.

337 2813 95 22 Robert
446 2813 91 27 Waitt,

264 2839 84 28 Acting
356 2840 68 22 Town
436 2840 66 23 Clerk
509 2848 41 19 pro
559 2843 48 20 tern.

79 2875 67 23 Town
157 2876 62 27 Hall,
233 2876 143 28 Wellington,

134 2902 38 23 Bth
182 2903 61 28 July,
255 2905 60 20 1843.

172 2949 67 21 Two
254 2949 112 23 Pounds
386 2951 126 21 Reward.

52 2981 202 49 WHEREAS,
277 2983 85 23 several
379 2984 115 22 instances
515 2984 60 23 have
598 2993 37 16 oc-

146 3008 79 22 curred
238 3008 77 23 within
332 3017 14 14 a
356 3010 62 23 week
428 3014 57 24 past,
496 3012 25 21 of
529 3012 104 24 Animals

51 3033 153 29 having~been
216 3036 153 22 maimed^and
385 3037 117 27 wounded,
511 3038 122 29 belonging

50 3063 25 19 to
85 3061 136 22 Gentlemen
239 3062 141 23 well-known
398 3064 25 21 in
435 3064 38 22 the
488 3065 150 29 Settlement;,

50 3088 44 21 and
102 3087 154 27 whereasrmy
266 3088 44 22 Old
320 3089 73 22 Horse
407 3097 46 14 was
461 3090 99 29 brought
568 3092 65 23 home

50 3120 31 15 on
94 3113 123 28 Thursday,
235 3114 39 22 the
289 3115 54 22 29th
356 3116 48 26 ult.,
423 3117 100 27 severely
537 3118 101 28 injured,,

49 3139 132 28 apparently
189 3140 30 27 by
224 3140 40 22 the
272 3144 37 20 cut
318 3142 26 21 of
351 3148 12 15 a
373 3142 134 28 tomahawk,
514 3144 38 21 the
560 3145 79 23 Maori:

49 3166 51 23 w-h'o
116 3174 63 15 came
194 3170 23 19 to
234 3174 40 22 my
288 3167 71 23 house
373 3168 55 23 with
441 3169 38 22 the
493 3170 145 28 intelligence,

49 3193 162 28 peremptorily,
215 3194 100 28 refusing
323 3198 24 19 to
356 3195 121 28 say^where
487 3196 28 22 he
522 3203 49 16 was
576 3197 62 23 until!

49 3219 33 23 he
97 3220 102 23 extorted
216 3228 15 17 a
247 3224 108 24 payment
372 3222 27 23 of
413 3225 45 19 two
476 3222 108 30 shillings,
593 3225 42 22 but

50 3247 85 27 stating,
139 3247 31 23 he
179 3247 80 24 would:
262 3248 65 23 bleed
336 3252 24 19 to
369 3248 68 25 death
445 3250 23 21 if
477 3252 41 20 not
526 3250 111 27 instantly

49 3275 106 22 attended
163 3278 31 19 to.

65 3326 4 6 a
76 3300 12 22 I
97 3301 84 27 hereby
190 3301 57 23 offer
255 3309 14 14 a
277 3302 85 23 reward
370 3302 28 25 of
409 3304 41 20 two
455 3305 89 26 pound*,
556 3311 28 16 on
595 3305 38 23 the

50 3325 117 31 discovery-
172 3328 47 22 and
224 3329 127 22 conviction
365 3329 31 22 of-
407 3329 38 24 the
459 3334 140 25 perpetrator
610 3332 27 23 oft

50 3353 37 23 the
96 3357 93 25 cruelty.

339 3383 65 24 Geo..
414 3384 110 28 Hunter,

295 3429 11 8 -•
408 3415 113 23 Lambton
530 3417 75 26 Quay.

76 3439 54 29 July
138 3440 22 28 5,
172 3442 64 20 1843.

231 3485 23 21 E
266 3485 63 28 Boa,
345 3487 102 22 Fauna.

52 3515 66 54 XI
119 3518 22 21 A
157 3518 112 23 RONGO
285 3519 67 23 MAI,
363 3520 20 22 E
392 3527 45 21 nga
450 3521 101 28 Tangata
558 3522 74 29 katoa,

130 3544 47 23 kua
186 3548 64 20 rdotu
259 3553 13 14 c
287 3545 49 23 tahi
344 3553 14 16 o
366 3553 46 21 nga
422 3569 3 3 .
424 3547 48 22 kua
481 3551 51 19 ate
543 3548 90 25 Pakeha:

52 3570 76 33 ptenei
138 3571 84 28 kainga
231 3572 8 21 i
254 3572 101 28 tepatifi,
371 3581 37 14 me
417 3574 55 22 taku
487 3574 77 23 Hoiho
580 3575 53 27 hoki

52 3596 41 21 kua
106 3600 62 20 motu
177 3605 8 15 i
200 3602 23 19 te
230 3598 72 28 patiti,
318 3598 8 22 i
336 3603 22 18 te
370 3601 30 21 29
408 3607 15 15 o
431 3608 46 20 nga
490 3609 26 14 ra
525 3609 14 14 o
554 3602 77 28 Hune,

52 3623 152 29 na.'wairanfii,
213 3631 32 17 na
256 3625 40 23 wai
305 3626 68 23 ranei.
402 3627 123 23 Mehemea
532 3628 31 23 ka
572 3628 60 24 kites

51 3649 20 19 te
85 3649 99 29 Tangata
198 3658 61 18 nana
268 3652 65 23 tenei.
343 3652 67 28 mahi,
416 3670 3 5 .
428 3653 87 23 ahakoa
531 3655 99 28 Pakeha,

53 3676 79 24 ah*koa
144 3678 83 26 Maori,
237 3678 137 25 ka^hoatue
389 3680 152 29 au.kia-2.nga
555 3689 76 20 pauna

51 3706 34 17 Qei
92 3706 40 22 utu
139 3711 42 19 mo,
186 3707 24 20 te
217 3702 160 30 kai-wakaatu,
386 3706 39 23 ma
433 3708 144 23 wakawakia.

75 3762 20 10 „
172 3749 18 6 -
430 3743 198 25 NaTeHanita.

51 3789 17 2 __
75 3762 104 29 HuraesS,
187 3769 62 21 18431

50 3807 208 52 W'ANTrED
286 3817 27 21 A.
336 3817 105 23 ROPE
468 3818 160 24 MAKER*

137 3840 81 29 Apply)
224 3845 27 19 to
626 3841 2 9 '

75 3888 11 14 T
137 3893 27 9 „„
330 3887 7 3 -
353 3870 85 23 Waitt
450 3871 46 23 and
511 3870 93 29 TyseV

73 3892 98 28 4WKh27i
182 3895 61 23 1843.

883 693 73 24 THIS
970 695 74 24 DAY.
1260 701 2 34 ;

838 729 60 22 Sale
913 730 38 27 by
964 732 127 22 Auction.
1260 743 2 3 •

676 761 71 48 ON
762 760 205 31 WEDNESDAY,
983 764 50 23 19th
1056 766 61 28 July,
1133 767 45 22 Mr.
1192 766 60 23 John

751 788 72 23 Wade
832 788 20 22 is
866 789 122 24 instructed
998 794 22 19 to
1029 791 46 28 sell,
1086 796 24 19 at
1120 792 36 23 his
1172 794 79 26 Stores,

673 814 33 21 Te
720 815 55 26 Aro,
785 815 95 22 without
894 821 95 23 reserve,
1001 817 37 22 the
1048 819 126 28 remaining
1188 825 64 22 cargo

673 840 26 22 of
703 840 37 22 the
748 842 80 21 Robert
842 843 109 27 Pultford,
962 844 119 28 consisting
1091 846 50 22 of—

700 872 79 27 Hams,
788 874 58 26 pilot
853 874 46 24 and
912 881 59 21 navy
979 875 75 28 bread,
1065 877 102 28 bureaus,
1182 877 70 23 tables

672 898 45 23 and
739 900 145 28 wasnstands,
910 901 41 23 ash
973 909 49 17 oars
1044 903 45 22 and
1110 903 141 28 handspikes,

672 925 77 22 mould
763 924 97 30 candles,
877 928 75 22 lemon
966 935 72 22 syrup,
1049 929 59 27 glass
1122 931 73 26 lamps
1207 930 45 22 and

671 952 77 27 plates,
759 952 57 23 hard
824 956 69 20 water
902 954 102 23 crackers
1012 955 23 22 in
1050 955 61 29 kegs,
1121 956 129 26 Bedsteads,

671 978 98 28 cooking
784 983 79 24 stoves,
880 981 86 27 writing
978 982 71 26 desks,
1059 983 82 27 combs,
1152 983 40 23 red
1208 986 44 20 and

671 1004 66 23 white
745 1006 61 26 pine,
817 1006 152 29 whale-boats,
979 1015 19 16 a.
1008 1009 41 22 few
1059 1008 66 23 boxes
1135 1009 27 23 of
1166 1009 84 28 garden

671 1031 70 27 seeds,
751 1032 47 21 and
807 1032 65 23 other
880 1034 94 22 articles.

864 1076 76 16 TERMS
955 1078 27 14 AT
997 1078 62 15 SALE.

672 1098 100 28 Samples
781 1106 42 15 can
837 1100 28 22 be
880 1108 52 14 seen
943 1104 23 18 at

991 1137 115 24 Wallace
1119 1140 21 21 &
1154 1140 67 22 Co.'s.

697 1161 54 27 July
762 1162 34 26 18,
808 1163 60 20 1843.

719 1210 44 22 HE
782 1211 227 24 UNDERSIGNED
1023 1221 37 15 are
1080 1222 49 15 now
1146 1215 101 28 landing,

744 1244 30 15 ex
783 1239 34 19 St.
827 1239 70 24 Pauli,
908 1239 58 22 from
976 1240 160 27 Hamburgh—

697 1277 27 19 60
737 1276 84 22 barrels
831 1276 110 28 superfine
951 1276 47 24 kiln
1008 1278 62 22 dried
1082 1279 63 27 flour,

697 1301 28 22 70
738 1306 50 18 cwt.
798 1303 45 22 fine
852 1303 87 28 biscuit,

696 1329 28 21 60
737 1329 79 22 tierces
825 1329 118 28 Hamburg
953 1338 58 20 navy
1019 1331 52 22 beef
1078 1332 46 22 and
1132 1333 62 27 pork,

697 1355 27 21 53
737 1355 84 23 barrels
832 1356 36 22 do.
878 1357 72 32 prime
958 1364 60 15 mess
1028 1357 61 28 beef,

698 1381 88 23 Melted
795 1382 43 22 suit
846 1383 25 22 in
878 1390 54 21 jars,

698 1408 106 22 Holstein
813 1410 74 21 butter
893 1410 26 24 jn
925 1411 54 27 jars,

697 1436 28 20 20
739 1434 66 23 hhds.
816 1436 74 22 brown
901 1440 67 25 stout,

697 1462 28 21 20
737 1461 67 23 hhds.
815 1465 74 25 strong
898 1463 42 27 ale,

697 1489 14 20 2
725 1488 64 22 hhds.
801 1489 86 22 French
895 1490 58 22 wine
962 1491 97 27 vinegar,

698 1515 76 25 10,000
788 1519 63 18 stone
861 1516 78 22 bottles
950 1517 111 23 Hollands
1069 1517 24 22 in
1105 1517 71 28 casks,

697 1541 28 21 50
739 1548 62 15 cases
812 1542 43 27 do.,

696 1568 26 20 25
737 1567 37 22 do.
791 1568 77 28 cherry
880 1570 88 26 cordial,
988 1571 26 20 12
1028 1573 75 25 quarts
1116 1578 25 14 or
1148 1572 30 20 24
1190 1571 59 28 pints

668 1592 25 23 in
704 1594 61 26 each,

696 1619 89 23 French
801 1621 46 22 and
861 1622 101 22 Rhenish
977 1623 73 27 wines,
1060 1624 24 22 in
1095 1630 61 16 cases
1167 1624 26 22 of
1205 1630 43 16 one

670 1645 71 23 dozen
750 1647 57 25 each
807 1658 26 5 —

751 1674 33 21 St.
795 1673 104 29 Estephe,

752 1700 32 21 St.
796 1700 84 28 Julien,

751 1726 100 23 Chateau
860 1728 133 28 Margeaux,

750 1754 122 26 Cautenac,

751 1779 101 23 Chateau
861 1781 106 27 Leoville,

750 1806 64 22 Haut
827 1808 126 27 Sauternes,

750 1832 44 23 Do.
805 1833 47 22 Lur
861 1834 87 27 Saluce,

750 1859 91 23 Muscat
852 1860 77 28 Liinel,

750 1886 151 28 Champagne,

749 1912 160 28 Hochheimer,
919 1914 90 28 vintage
1018 1915 24 21 of
1050 1916 59 25 1834,

749 1938 183 29 Marcobriinner,
943 1941 44 26 do.,

696 1966 5 9 *
748 1963 168 30 f&ttiesheHneV,
928 1967 43 26 do.,
1182 1975 6 3 -
1238 1971 2 5 '
1251 1965 10 23 4

695 1991 90 26 Cognac
794 1991 93 27 brandy,

695 2017 54 22 Port
758 2017 47 21 and
814 2017 110 28 Madeira,

694 2042 128 22 Havannah
833 2043 77 27 cigars,
920 2045 25 21 in
955 2046 12 23 J
976 2045 45 23 and
1030 2046 12 24 J
1051 2045 76 27 boxes,

694 2067 144 24 Woodville's
846 2067 24 24 la
882 2071 68 27 fama,
960 2071 106 27 trabucos,
1078 2079 28 14 ne
1120 2071 50 28 plus
1179 2072 64 27 ultra,

667 2094 128 27 caballeros,
807 2097 48 24 &c,

695 2119 112 24 Kanaster
817 2123 100 26 tobacco,
927 2123 25 22 in
962 2126 10 19 1
981 2126 23 21 ft
1014 2124 115 27 packages,

695 2147 59 22 Petit
763 2149 112 25 kanaster,
887 2150 44 25 do.,

695 2175 9 20 1
721 2174 49 22 doz.
781 2175 81 22 bottles
871 2177 96 21 natchez
976 2177 92 22 touchez
1077 2178 64 25 snuff,

694 2203 14 19 2
722 2208 61 15 cases
792 2202 64 22 toilet
865 2210 71 20 soaps,

694 2229 27 19 24
734 2227 70 22 boxes
814 2229 96 21 stearine
920 2229 73 22 tallow
1003 2230 96 27 candles,

694 2254 101 22 Stearine
806 2255 96 27 candles,

691 2282 15 20 3
721 2285 51 17 tons
782 2281 82 23 double
874 2282 86 22 refined
970 2283 49 21 loaf
1025 2290 71 20 sugar,

695 2309 11 20 1
721 2314 50 15 case
781 2308 128 23 Havannah
919 2317 72 20 sugar,

693 2336 13 20 3
716 2334 84 22 barrels
811 2336 92 27 tapioca,

693 2362 14 20 2
720 2361 123 23 cannisters
852 2363 43 21 fine
906 2370 69 15 arrow
984 2366 55 24 root,

694 2389 12 19 1
720 2388 118 24 puncheon
846 2389 53 26 rice,

693 2415 14 20 6
721 2414 64 22 casks
793 2422 49 14 new
852 2416 97 27 Smyrna
957 2416 84 27 raisins,

694 2442 12 20 1
721 2441 51 21 cask
783 2442 93 27 Malaga
882 2443 85 26 raisins,

692 2469 15 20 3
720 2467 70 23 boxes
799 2469 111 23 Muscatel
918 2470 86 26 raisins,

694 2495 11 20 1
720 2494 44 27 keg
774 2495 108 23 Valencia
891 2496 107 27 almonds,

694 2522 10 20 1
720 2528 51 15 case
779 2521 80 28 citron,

692 2549 28 21 20
734 2551 49 19 cwt.
794 2555 49 16 new
851 2556 90 21 prunes,

692 2576 15 20 9
720 2577 50 19 cwt.
781 2575 63 23 dried
852 2576 83 27 apples,

692 2603 28 19 30
734 2604 49 20 cwt.
794 2603 81 24 Scotch
882 2603 87 27 barley,

691 2629 15 21 3
720 2627 69 24 boxes
798 2632 43 25 tea,

692 2656 15 20 4
720 2654 55 27 bags
784 2655 94 23 Batavia
887 2656 77 27 coffee,

693 2683 13 20 8
720 2686 49 17 cwt.
780 2683 123 26 chocolate,

694 2708 56 22 Seed
762 2709 78 27 wheat,

694 2735 57 21 Seed
755 2735 83 28 .barley

693 2761 49 23 Red
754 2762 46 22 and
811 2762 68 22 white
888 2763 73 23 clover
971 2763 59 28 seed,

693 2788 124 27 Ryd-grass
827 2789 61 28 seed,

692 2815 106 28 Timothy
809 2817 44 26 do.,

693 2843 27 20 60
733 2841 69 23 hides*
807 2847 78 23 patent
893 2843 93 27 leather,

655 2890 3 4 ,
693 2869 41 21 700
747 2869 50 26 pair
804 2870 25 22 of
836 2871 98 22 assorted
941 2871 70 26 boots,
1017 2870 73 28 shoes,
1096 2870 44 24 and
1146 2870 98 29 slippers,

694 2897 11 20 1
721 2902 50 15 case
780 2895 58 28 hats,

692 2922 145 22 Assortment
850 2923 27 23 of
887 2926 72 25 straw,
971 2923 110 30 Leghorn,
1099 2923 45 23 and
1160 2924 86 22 Tuscan

665 2948 57 27 hats,

692 2976 143 22 Assortment
844 2977 27 21 of
880 2977 99 22 German
990 2979 54 25 toys,
1055 2976 91 28 looking
1155 2977 89 27 glasses,

665 3003 95 21 musical
767 3003 154 28 instruments,
932 3004 47 22 and
991 3003 119 28 hardware,

653 3050 3 4 .
690 3030 29 21 50
732 3036 63 16 cases
805 3029 171 29 window-glass,
986 3030 88 22 various
1084 3031 64 26 sizes,

692 3056 73 28 Large
781 3061 134 19 assortment
928 3058 27 22 of
965 3057 201 28 glass—tumblers,
1178 3057 67 24 wine-

664 3082 91 27 glasses,
766 3083 124 28 decanters,
901 3085 50 26 &c,

653 3121 3 7 '
692 3110 27 20 12
732 3109 56 27 bags
797 3111 101 21 assorted
906 3111 65 27 nails,

690 3136 17 21 4
718 3135 85 22 barrels
812 3137 143 27 gunpowder,

691 3163 15 20 2
720 3161 64 23 casks
793 3162 75 23 lemon
875 3164 70 27 juice,

690 3189 15 20 2
718 3191 51 19 tons
779 3188 59 22 table
848 3189 49 27 salt,

690 3215 78 26 50,000
781 3215 80 28 yellow
870 3216 83 27 bricks,

690 3242 77 26 40,000
780 3241 41 23 red
830 3241 81 28 bricks,

690 3268 57 25 5000.
759 3268 47 25 feet
815 3269 98 28 Norway
922 3270 68 28 deals,

908 3307 63 22 John
988 3308 57 22 Beit
1060 3308 20 23 &
1094 3309 66 26 Sons,

1042 3335 82 28 Bridge
1139 3336 79 22 Street.

653 3362 6 10 '
690 3359 95 28 Nelson,
797 3360 55 28 July
859 3362 23 22 4;

664 3409 89 50 FOR
767 3410 86 28 SALE,
868 3418 30 15 ex
911 3413 117 25 Margaret,
1038 3412 49 28 &c,

736 3437 27 21 25
777 3438 78 22 tierces
863 3438 59 28 beef,

690 3464 14 20 3
718 3465 51 20 tons
777 3464 95 22 colonial
883 3464 51 29 hay,

654 3495 4 21 ;
690 3490 14 21 3
718 3492 50 19 tons
779 3490 60 22 Siam
849 3496 73 22 sugar,

654 3529 2 5 ■
689 3518 29 20 30
731 3516 84 23 barrels
824 3517 86 25 bottled
918 3518 44 28 ale,

652 3560 4 6 
689 3543 29 22 50
730 3542 70 23 boxes
807 3546 45 22 tea.

652 3581 6 10 .-
670 3585 7 6 .
689 3570 28 21 50
730 3569 40 23 ash
783 3577 57 21 oars,

652 3603 4 12 ■■
689 3596 28 22 30
730 3598 49 20 tons
790 3598 55 27 coal,

652 3631 4 8 >
689 3622 59 28 Port,
759 3623 84 29 sherry,
854 3624 44 23 and
913 3625 106 23 Madiera'
1024 3626 22 22 in
1061 3625 76 27 bottle,
1148 3624 95 23 Ruther-

662 3649 50 25 ford
721 3649 44 24 and
769 3650 101 28 JDrury's
878 3652 78 27 brand,

689 3675 101 29 Liquers,
799 3676 24 23 in
833 3680 72 21 dozen
914 3685 69 23 cases,

688 3701 151 30 Champagne,

687 3729 99 27 Brandy,
795 3736 58 21 rum,
863 3730 45 24 and
915 3731 41 28 gin
964 3732 25 22 in
998 3731 72 27 hhds.,

685 3756 29 21 30
727 3759 50 18 tons
786 3756 50 23 best
841 3757 96 29 Sydney
948 3758 64 26 flour,

687 3783 29 22 SO
728 3785 51 20 tons
790 3783 88 24 Chilian
887 3784 66 27 flour,
964 3791 31 16 ex
1004 3784 104 26 CVieer/W.
1131 3806 3 3 .

652 3832 2 6 '
714 3836 8 8 «
974 3823 84 22 Waitt
1070 3823 142 24 and-'TYUB.

656 3877 93 50 JUST
763 3878 133 26 OPENED,
903 3878 45 22 and
958 3885 30 16 on
997 3878 50 23 Sale
1056 3882 24 19 at
1088 3878 37 23 the
1136 3879 71 23 Office
1215 3880 28 22 of

718 3903 46 24 this
772 3904 80 29 Paper,
861 3904 40 23 ink
911 3904 77 24 stands
997 3904 26 25 of
1028 3904 90 24 various,
1124 3905 64 22 sizes.

1294 694 6 7 '
1459 702 62 21 Bale
1541 703 30 21 of
1583 705 95 21 Cattle.

1282 733 159 51 MESSRS.
1456 735 148 24 BETHUNE
1618 738 44 21 and
1672 738 130 22 HUNTER
1812 738 45 22 trill

1371 760 81 28 sellby
1457 762 76 27 public
1543 763 94 27 auction,
1649 767 23 19 at
1679 764 38 23 the
1727 764 130 27 Stockyard,

1270 787 35 19 iM
1313 785 161 29 WaitangiftTe
1487 788 56 28 Aro,
1559 795 27 16 on
1595 790 81 27 Friday
1686 794 59 24 next,
1755 790 38 22 the
1801 792 57 21 21st.

1273 811 106 35 .cfprent,
1390 816 24 18 at
1421 813 108 29 half-past
1538 816 26 21 12
1573 816 91 22 o'clock.

1282 836 40 43 d-
1359 844 139 31 2^.super,
1499 846 33 22 lO
1533 844 239 35 r'pair:y;.cpws.

1281 868 85 28 Mostly
1377 877 25 16 in
1412 868 56 25 Calf™
1833 877 23 21 to

1268 897 63 26 -bbil,
1341 897 30 22 all
1381 898 105 28 perfectly
1492 899 122 29 aclimated,
1625 901 82 28 having
1713 902 56 21 been
1775 902 82 27 runing

1270 933 5 9 ;
1281 922 43 23 this
1332 922 180 28 neighbourhood
1521 926 34 22 for
1562 933 13 15 a
1583 927 151 22 considerable
1741 928 59 27 time,
1811 929 45 22 and

1270 949 118 27 Scfcrefully
1407 950 97 23 selected
1518 955 38 20 out
1566 953 24 22 of
1601 953 36 22 the
1654 954 83 22 several
1752 955 104 26 importa-

1273 975 65 24 ftions
1346 978 23 19 to
1379 975 43 23 this
1432 977 57 22 Port.

1306 1006 11 23 1
1328 1007 123 23 Well-bred
1461 1009 87 23 BULL.

1268 1056 4 5 .
1306 1034 26 24 10
1338 1033 83 28 Young
1425 1034 139 29 HEIFERS,
1571 1037 54 25 bred
1632 1038 22 21 in
1662 1038 37 22 the
1708 1039 84 27 Colony
1797 1041 57 22 from

1278 1060 58 26 good
1346 1060 68 22 stock.

1282 1104 3 3 .
1305 1087 14 20 8
1328 1086 44 22 Do.
1384 1087 117 23 STEERS.

1268 1118 3 8 •
1291 1129 5 3 .
1306 1113 27 21 12
1342 1112 119 23 HORSES
1470 1115 46 22 and
1529 1116 106 22 MARES
1649 1117 24 21 in
1682 1117 43 23 foal
1741 1119 45 22 and
1801 1120 54 22 with

1276 1138 58 22 foals
1343 1138 31 27 by
1381 1139 58 22 their
1449 1140 52 22 side.

1275 1167 5 8 '
1304 1164 28 22 50
1345 1164 57 23 New
1409 1166 68 23 South
1487 1167 74 23 Wales
1568 1169 85 27 grafted
1661 1170 53 22 fruit
1723 1173 63 20 trees.

1276 1197 8 27 ;
1305 1195 141 29 Wellington,
1458 1198 50 23 17th
1519 1199 53 27 July
1581 1201 59 21 1843.
1766 1211 5 4 -

1279 1241 160 48 MESSRS.
1454 1243 146 24 BETHUNE
1615 1246 43 21 and
1673 1247 129 24 HUNTER
1816 1257 38 15 are

1367 1269 121 22 instructed
1496 1271 31 26 by
1537 1272 92 26 Captain
1643 1274 88 22 Padden
1741 1278 23 19 to
1775 1276 39 22 sell
1823 1276 32 27 by

1267 1303 2 17 [
1273 1295 78 26 public
1370 1296 93 26 auction,
1484 1303 28 15 on
1522 1298 99 27 Monday
1630 1303 59 23 next,
1703 1302 45 21 21st
1758 1306 95 20 current,

1276 1323 24 19 ftt
1314 1320 37 22 the
1367 1321 128 29 Exchange,
1510 1323 32 22 Te
1552 1327 52 24 Aro,

1305 1357 41 22 Ex.
1358 1359 135 22 BRIGAND
1498 1366 14 14 a
1520 1361 71 22 China
1596 1363 44 21 and
1650 1364 121 27 Singapore
1778 1364 75 29 direct,

1277 1397 15 28 j
1304 1389 67 28 Teas,
1388 1391 27 22 of
1424 1390 37 23 the
1475 1392 48 22 first
1532 1394 89 27 quality,
1637 1396 138 28 comprising,
1790 1397 64 22 Gun-

1277 1416 94 37 gowder,
1399 1417 82 28 Young
1503 1419 84 27 Hyson,
1618 1421 125 29 Pouchong,
1774 1423 78 28 Pecco,

1278 1443 125 29 qouchong,
1419 1445 47 26 &c,
1477 1445 23 22 in
1510 1446 71 23 chests
1597 1447 44 22 and
1651 1449 64 21 cattie
1724 1448 75 29 boxes,
1814 1451 40 21 ad-

1277 1469 94 28 nurably
1379 1470 71 23 suited
1458 1469 124 30 forjprivatc
1592 1473 101 24 families.

1305 1495 54 22 Best
1367 1497 58 22 Java
1435 1498 80 28 Coffee,

1292 1523 53 25 JSOO
1353 1523 54 27 bags
1417 1524 61 27 Rice,

1288 1553 8 8 *
1305 1548 83 29 Spices,
1398 1550 51 28 viz.,
1463 1551 123 28 Nutmegs,,
1604 1553 86 27 Cloves,
1706 1555 74 27 Mace,
1797 1556 57 28 Pep-

1315 1587 10 14 f
1334 1576 122 26 Preserved
1469 1578 41 27 dry
1525 1578 96 28 Geuger,
1639 1580 143 30 Chow-chow,
1801 1583 53 22 Pre-

1278 1606 68 22 serve,
1359 1603 73 27 Cassa,
1442 1604 174 30 Curry-powder,
1626 1607 40 22 &c.

1305 1629 27 20 SO
1340 1626 69 25 boxes
1418 1631 63 27 Sago.

1304 1655 42 21 500
1352 1655 56 28 bags
1418 1657 41 21 fine
1470 1658 76 26 Sugar.

1278 1685 14 20 V
1305 1681 81 28 Drugs,
1397 1683 115 28 Camphor,
1524 1685 95 27 Rubarb,
1631 1687 121 28 Anniseed,
1761 1688 93 23 Turme-

1276 1709 41 22 Jffc.

1267 1738 2 20 i
1282 1749 5 10 j
1306 1735 103 27 Superior
1418 1736 94 23 Manilla
1524 1738 99 23 cheroots
1637 1740 42 22 and
1687 1742 167 22 manufactured

1277 1761 110 25 Tobacco.

1306 1787 85 28 Gunny
1400 1788 60 28 bags.

1305 1813 22 22 A
1341 1816 100 27 quantity
1457 1816 27 21 of
1493 1817 53 22 silks
1561 1818 43 21 and
1623 1819 60 26 piece
1696 1820 76 28 goods,
1788 1821 66 23 black

1277 1841 44 21 and
1331 1841 103 23 coloured
1443 1843 42 21 silk
1494 1843 174 29 handkerchiefs,
1679 1853 81 21 crapes,
1770 1848 41 23 Sec.

1305 1866 69 23 Grass
1382 1868 66 27 cloth,
1455 1869 94 27 jackets,
1560 1874 105 25 trowsers,
1679 1876 45 19 and
1732 1874 66 23 shirts
1806 1875 47 22 and

1278 1895 83 21 leajner
1371 1895 90 27 slippers
1470 1897 45 21 and
1525 1897 93 22 Manilla
1628 1897 55 24 hats.

1282 1930 4 4 -
1303 1919 54 23 And
1366 1921 86 22 various
1461 1922 63 23 other
1533 1923 106 23 desirable
1648 1926 74 26 goods.

1267 1970 2 10 t
1272 1952 24 22 M
1328 1966 6 15 :
1339 1951 51 22 Sale
1400 1955 22 19 to
1431 1952 67 28 begin
1507 1957 24 19 at
1540 1956 26 19 12
1575 1955 83 22 o'clock
1666 1958 119 26 precisely.
1862 1966 2 20 )

1302 1985 55 28 July
1367 1988 33 25 18,
1412 1989 60 21 1843.
1684 1984 9 3 -
1713 1985 58 11 .-—
1795 1987 45 11 -«.-
1859 1987 4 16 t

1279 2030 264 29 SUBSCRIPTIONS,
1552 2034 33 21 for
1590 2034 37 21 the
1636 2041 92 23 purpose
1735 2035 26 22 of
1762 2035 92 28 placing

1276 2055 34 24 K3
1341 2056 75 22 Funds
1431 2060 23 19 at
1470 2058 36 21 the
1525 2059 94 28 disposal
1633 2061 25 21 of
1668 2060 38 23 the
1720 2062 133 22 Committee

1275 2083 120 28 appointed
1404 2084 35 21 for
1450 2084 36 22 the
1496 2085 91 23 defence
1597 2087 26 21 of
1628 2087 37 22 the
1680 2088 70 21 Town
1760 2089 25 21 of
1792 2088 61 22 Wel-

1274 2109 95 28 lington,
1382 2110 41 22 will
1435 2111 26 21 be
1470 2112 103 22 received
1582 2113 29 27 by
1621 2120 44 21 any
1672 2114 102 22 Member
1782 2115 25 22 of
1814 2115 39 22 the

1276 2136 97 22 General
1388 2137 138 28 Committee,
1538 2139 36 22 the
1584 2140 91 22 Officers
1692 2142 162 27 Commanding

1275 2163 109 27 Districts,
1399 2166 23 19 at
1438 2164 37 22 the
1491 2165 64 22 office
1564 2166 26 21 of
1600 2166 37 22 the
1651 2167 73 22 Union
1740 2168 71 28 Bank,
1828 2176 26 15 or

1276 2189 43 22 Mr.
1331 2190 95 22 Edward
1437 2191 108 28 Johnson,
1556 2193 123 22 Treasurer.

1303 2221 144 28 Wellington,
1459 2224 56 26 July
1526 2225 31 25 14,
1568 2226 60 20 1843.

1277 2266 90 48 THE
1390 2269 77 19 Nelson
1489 2269 115 21 Examiner
1626 2272 42 20 and
1687 2272 53 20 New
1762 2272 94 21 Zealand

1348 2293 110 22 Chronicle
1472 2295 124 29 (published
1606 2300 23 19 at
1637 2297 99 28 Nelson,)
1752 2299 19 22 is
1788 2306 66 20 regu-

1273 2318 58 29 larly
1349 2321 140 22 transmitted
1503 2325 23 19 to
1541 2323 141 28 Wellington,
1703 2325 42 22 and
1760 2333 51 19 may
1825 2326 29 21 be

1275 2345 43 23 had
1328 2349 23 19 at
1359 2347 38 23 the
1407 2348 62 22 office
1479 2349 25 21 of
1515 2349 43 22 this
1566 2357 73 21 paper.

1301 2380 47 22 The
1359 2382 78 20 Nelson
1444 2383 115 20 Examiner
1574 2384 44 21 will
1626 2384 27 22 be
1663 2384 68 22 found
1741 2392 28 14 an

1273 2406 49 21 lent
1330 2408 98 23 medium
1438 2410 34 21 for
1482 2409 136 23 advertisers.

1300 2439 79 24 Terms
1388 2442 34 22 for
1431 2442 37 22 the
1478 2450 73 21 paper,
1562 2447 35 19 ten
1606 2444 99 27 shillings
1718 2452 39 20 per
1765 2448 90 24 quarter

1273 2467 95 27 payable
1376 2468 24 22 in
1410 2469 106 23 advance.

1302 2505 82 23 Orders
1406 2506 34 22 for
1459 2507 37 22 the
1518 2515 64 23 paper
1606 2509 44 22 and
1672 2509 183 23 advertisements

1273 2533 104 21 received
1386 2536 24 18 at
1418 2533 37 22 the
1465 2534 71 22 Office
1546 2536 26 21 of
1583 2535 43 22 this
1635 2544 73 18 paper.

1515 2573 106 22 Notice.

1274 2605 89 48 WE
1372 2605 38 22 the
1418 2605 155 28 undersigned,
1585 2606 80 28 having
1675 2607 110 22 dissolved
1793 2610 61 24 part-

1370 2632 95 27 nership,
1489 2632 84 28 hereby
1588 2634 113 21 authorize
1716 2635 45 21 Mr.
1778 2634 76 22 James

1276 2657 79 23 Cullen
1366 2658 45 22 and
1420 2659 43 21 Mr.
1474 2659 29 22 A.
1512 2659 78 22 Gillies
1600 2664 22 17 to
1627 2660 84 22 receive
1718 2660 29 23 all
1753 2664 101 19 amounts

1275 2683 73 28 owing
1358 2688 23 18 to
1389 2692 33 19 us,
1434 2686 45 21 and
1487 2686 80 27 parties
1583 2686 78 28 failing
1670 2691 23 18 to
1702 2688 64 21 make
1774 2688 80 21 imme-

1275 2709 59 23 diate
1352 2716 111 23 payment,
1481 2713 45 21 will
1539 2713 27 22 be
1586 2713 122 27 proceeded
1724 2714 87 26 against
1829 2714 24 21 in

1277 2735 43 23 due
1329 2737 64 23 form.

1599 2767 87 22 Henry
1700 2767 93 27 Welsh,

1599 2794 104 21 Burgess
1717 2794 82 25 Sayer.

1304 2821 142 29 Wellington,
1457 2824 51 29 July
1522 2827 32 25 14,
1566 2827 59 21 1843.

1444 2870 78 20 Meat
1542 2871 145 25 Company.

1276 2900 92 49 THE
1388 2900 232 29 UNDERSIGNED,
1639 2903 82 29 having
1740 2904 55 22 been
1815 2912 39 20 ap-

1349 2928 90 27 pointed
1454 2929 108 27 Manager
1572 2929 24 21 of
1610 2929 36 22 the
1660 2930 61 21 Meat
1731 2931 122 27 Company,

1273 2953 56 28 begs
1338 2956 24 19 to
1371 2961 116 16 announce
1496 2955 49 22 that
1559 2963 12 14 a
1582 2956 84 26 regular
1675 2956 77 28 supply
1761 2957 25 21 of
1795 2951 58 28 beef!

1274 2983 95 24 mutton,
1390 2981 45 22 and
1451 2982 55 27 pork
1522 2989 50 19 may
1593 2982 79 27 always
1691 2982 26 22 be
1736 2983 119 28 depended

1274 3012 62 21 upon
1346 3010 24 19 at
1379 3007 44 22 this
1432 3008 170 22 establishment.

1302 3033 34 21 As
1358 3033 44 22 this
1425 3034 114 28 Company
1559 3041 102 21 purposes
1679 3034 78 28 selling
1776 3040 23 18 at
1815 3036 38 23 the

1273 3059 78 22 lowest
1359 3060 71 27 prices
1440 3064 23 17 at
1477 3061 73 22 which
1559 3064 16 18 it
1589 3062 18 20 is
1616 3062 70 21 found
1695 3062 36 22 the
1740 3066 60 19 meat
1812 3070 42 15 can

1273 3085 30 22 be
1313 3086 106 28 afforded,
1429 3087 37 22 the
1476 3087 150 27 undersigned
1632 3088 20 21 is
1664 3088 51 28 only
1725 3089 127 23 authorized

1275 3115 23 19 to
1307 3113 51 27 give
1364 3120 54 21 very
1422 3113 86 22 limited
1517 3114 76 27 credit,
1600 3114 46 22 and
1652 3114 40 23 has
1696 3115 57 23 been
1761 3116 94 23 ordered

1273 3141 24 19 to
1313 3142 49 25 stop
1376 3140 31 22 all
1420 3143 104 20 accounts
1538 3141 72 22 which
1623 3148 37 15 are
1675 3144 40 19 not
1728 3142 53 28 paid
1793 3150 61 22 upon

1267 3173 2 7 1
1275 3165 103 23 demand.

1301 3192 47 22 The
1359 3193 100 22 business
1468 3193 26 22 of
1500 3193 38 23 the
1549 3194 112 28 Company
1669 3194 21 23 is
1698 3195 85 23 carried
1791 3203 29 15 on
1829 3196 25 23 in

1274 3218 58 25 their
1346 3226 51 15 new
1411 3220 108 28 building,
1531 3221 87 22 erected
1633 3222 100 23 between
1751 3222 104 25 France's

1274 3245 70 23 Hotel
1362 3246 45 23 and
1425 3247 38 22 the
1480 3247 59 22 head
1555 3248 26 26 of,
1593 3248 39 22 the
1646 3248 56 28 Bay,
1719 3248 44 23 and
1778 3250 78 27 nearly

1267 3270 2 11 '-
1275 3273 99 26 opposite
1384 3276 23 19 to
1417 3273 44 22 Mr.
1472 3274 83 27 Lyon's
1564 3275 69 22 Store.

1546 3308 35 21 W.
1595 3308 101 26 Flyger,
1711 3309 116 28 Manager.

1302 3337 130 23 November
1440 3340 34 26 23,
1486 3340 60 21 1842.
1661 3363 5 3 .

1463 3384 85 21 Fresh
1562 3384 103 25 Butter,

1274 3416 163 49 ALWAYS
1452 3424 30 15 on
1496 3416 50 24 Sale
1561 3420 24 19 at
1600 3417 37 23 the
1647 3417 63 24 Meat
1720 3418 134 29 Company's

1353 3443 115 28 premises.

1545 3469 34 23 W.
1594 3470 102 28 Fltger,
1709 3471 117 29 Manager.

1301 3502 160 30 Willis-street;
1471 3504 57 21 Dec.
1538 3504 23 27 2,
1569 3505 61 21 1842.

1512 3550 109 21 Cheese.

1289 3582 21 23 A
1334 3582 118 25 SUPPLY
1461 3582 193 28 received-weekly
1660 3582 26 25 of
1693 3582 55 25 New
1753 3584 101 23 Zealand

1273 3606 51 25 2\.
1352 3609 66 25 made
1427 3609 93 27 Cheese,
1526 3609 56 25 from
1592 3609 38 26 the
1636 3610 140 27 Cowpasture
1782 3610 71 29 dapy,

1272 3636 46 21 and
1327 3636 34 21 for
1369 3636 47 23 sale
1424 3639 27 18 at
1463 3635 37 23 the
1509 3635 107 29 premises
1625 3636 31 22 or
1663 3636 42 22 the'
1715 3633 64 26 Meat
1787 3637 67 23 Com-

1271 3669 69 21 pany.

1552 3689 34 22 W.
1597 3689 100 27 Flyoerj
1708 3690 117 28 Manager:

1268 3726 4 8 '
1299 3716 159 26 Willig-gtreet,
1468 3716 126 23 December
1602 3718 35 25 20,
1648 3717 60 22 1842;

1493 3762 55 20 For
1561 3760 67 22 Sale.

1271 3791 368 52 ADWEELING-HOUSE
1665 3800 38 17 ou'
1717 3789 137 34 Wellington

1350 3821 103 26 Terraee>
1463 3819 97 29 adapted
1567 3819 37 22 for
1611 3827 14 15 a
1633 3820 65 22 small
1706 3820 84 27 family.

1268 3857 2 9 <
1297 3847 46 24 For
1350 3846 139 29 particulars,
1497 3845 92 28 enquire
1598 3848 24 20 at
1630 3846 40 23 the
1678 3847 65 23 Store
1748 3848 28 22 of
1815 3865 4 4 .

1419 3879 32 22 YL
1465 3880 97 23 Taylor
1576 3880 21 22 &
1610 3881 47 25 Co.,
1667 3879 158 24 Willis-street.

1297 3906 115 28 February
1421 3908 21 25 3,
1453 3907 60 21 1843.
1703 3922 5 3 .
1792 3910 3 5 '

2122 708 106 23 Notice.

1887 738 52 48 A
1952 738 102 29 Meeting
2062 740 27 22 of
2099 740 36 23 the
2146 741 105 23 creditors
2259 743 26 22 of
2296 743 32 23 H.
2345 743 26 25 T.
2387 745 45 24 and
2441 747 21 21 S.

1966 765 61 22 Cook
2039 769 24 19 at
2072 767 40 28 the,
2119 768 145 24 Commercial
2274 769 76 28 Hotel,
2368 778 28 16 on
2414 771 49 23 Fri-

1887 790 44 28 day
1940 795 61 23 next,
2013 792 37 23 the
2058 794 47 21 21st
2112 793 93 27 instant,
2218 797 23 20 at
2255 795 20 23 3-
2278 796 93 24 o'clock,
2382 798 34 22 for
2425 798 38 22 the

1886 823 94 20 purpose
1988 818 27 22 of
2021 820 127 28 examining
2157 817 185 31 an&liqui'datin*
2350 823 32 23 all
2388 823 75 24 claims

1886 849 30 16 on
1926 842 43 23 this
1978 848 76 20 estate.
2228 840 112 34 '^TJr^

1917 877 18 16 ■v
1948 891 8 7 v
1980 885 7 6 »
2020 886 7 6 ,
2073 872 94 26 Robert
2180 873 92 28 Waitt,
2279 867 12 29 1
2337 890 4 3 ■
2371 878 21 17 -'.

1889 902 7 3 -
1930 898 17 12 -•
1969 903 5 4 -
2060 898 185 31 ,^Bi<-fWADEV.
2253 898 17 14 v
2270 897 204 36 jT^teM%..

1912 929 144 28 Wellington,
2068 931 52 28 July
2130 932 34 27 18,
2175 934 59 21 1843.
2309 932 15 12 *°
2345 932 5 8 v
2380 935 28 25 t/

2025 982 64 27 Ship
2103 983 91 25 Hotel,
2209 985 37 21 Te
2260 985 66 23 Aro.

1886 1013 29 22 In
1924 1021 152 21 consequence
2086 1016 25 21 of
2117 1015 39 22 the
2164 1016 158 24 unfavourable
2331 1022 56 20 state
2397 1020 26 22 of
2425 1020 37 23 the

1911 1040 103 27 weather,
2032 1041 36 21 the
2087 1041 76 28 laying
2181 1042 37 23 the
2234 1044 47 21 first
2295 1048 63 20 stone
2373 1046 19 22 is
2404 1050 60 24 post-

1910 1067 74 26 poned
1992 1067 36 21 till
2038 1067 99 28 Monday
2147 1072 54 19 next
2214 1070 87 23 instead
2316 1072 27 21 of
2354 1071 43 24 this
2411 1073 52 27 day,

1911 1100 25 14 as
1944 1093 132 23 advertised.

1884 1127 52 48 A
1948 1126 113 23 PUBLIC
2075 1127 124 23 DINNER
2216 1129 42 22 will
2274 1130 30 22 be
2315 1131 67 27 given
2390 1135 23 19 at
2423 1133 38 22 the

1976 1153 71 22 above
2066 1153 75 28 Hotel,
2162 1161 29 15 on
2211 1156 101 31 Monday
2329 1161 61 24 next,
2409 1159 54 28 July

1883 1180 35 24 2?,
1929 1181 23 19 to
1962 1183 170 19 commemorate
2148 1181 38 22 the
2201 1182 75 28 laying
2286 1183 38 22 the
2337 1183 49 23 first
2398 1189 64 19 stone

1884 1204 26 21 of
1917 1204 36 22 the
1964 1206 72 26 Royal
2046 1206 99 23 Victoria
2155 1208 101 22 Theatre.
2284 1210 48 21 The
2343 1214 64 19 »tone
2416 1212 46 22 will

1884 1231 28 21 be
1928 1231 46 22 laid
1990 1232 30 27 by
2030 1232 96 23 William
2141 1233 72 28 Lyon,
2229 1235 60 27 Esq.,
2307 1239 23 18 at
2345 1239 16 19 4
2369 1237 93 23 o'clock.

1884 1256 87 23 Dinner
1981 1265 29 14 on
2020 1259 59 22 table
2094 1263 24 18 at
2131 1262 14 19 6
2160 1260 91 23 o'clock.
2279 1262 90 22 Tickets
2385 1264 30 22 7s.
2424 1265 37 22 6d.

1884 1284 63 21 each.

1911 1314 53 27 July
1973 1316 34 26 18,
2018 1317 60 21 1843.

2044 1361 57 21 Oil!
2119 1361 71 22 Oil!!
2213 1363 85 22 Oil!!!

1885 1391 91 48 THE
1990 1392 75 23 BEST
2079 1393 88 23 LAMP
2180 1394 53 22 OIL
2241 1396 24 22 in
2275 1396 141 29 Wellington,
2426 1400 33 21 3a.

1957 1425 39 19 per
2011 1419 70 27 single
2094 1420 80 27 gallon,
2185 1422 44 21 and
2241 1423 35 21 2s.*
2291 1423 35 23 9d.
2344 1425 30 26 by
2383 1425 78 26 taking

1884 1444 43 22 five
1936 1444 91 28 gallons,
2036 1449 23 18 at
2068 1446 37 22 the
2114 1448 73 21 Stores
2197 1448 26 22 of
2402 1456 2 6 •
2441 1455 2 5 ■

2178 1479 31 22 M.
2225 1479 89 28 Asher,

2241 1511 111 24 Lambton
2362 1513 70 27 Quay.

1911 1534 55 27 May
1974 1536 35 25 23,
2021 1536 60 21 1843.
2410 1528 50 43 *^

2067 1581 34 22 W.
2117 1581 33 22 M.
2166 1582 104 27 SMITH,

1884 1618 56 18 LATE
1950 1619 234 17 SURVEYOR-GENERAL
2194 1622 29 14 TO
2233 1622 44 14 THE
2293 1623 50 14 NBW
2358 1624 103 15 ZEALAND

2115 1648 113 19 COMPANY,

1910 1670 141 27 Surveyor,
2066 1671 208 27 Draughtsman,
2288 1674 55 20 and
2357 1674 75 21 Land

2122 1698 101 26 Agent.

1882 1726 176 29 Tinakori-road,
2069 1728 99 28 January
2180 1730 21 26 4,
2212 1731 60 21 1843.

2119 1779 53 20 For
2187 1780 68 24 Sale,

1882 1811 159 51 WHEAT
2061 1814 64 22 AND
2147 1815 119 27 FLOUR,'
2271 1816 38 22 the
2324 1817 104 27 pfoduce\
2441 1818 25 23 of

1978 1839 38 23 the
2027 1840 65 27 Hutt,
2101 1841 24 22 in
2140 1841 54 27 bags
2204 1842 103 28 (200165,)
2320 1834 23 31 it
2359 1844 34 23 £2
2405 1845 56 27 10a.,

1882 1865 51 22 half
1947 1866 53 26 bags
2018 1867 33 22 £1
2072 1869 31 20 ss.
2141 1868 58 27 Bags
2218 1872 22 18 to
2258 1870 28 21 be
2305 1870 111 27 returned,
2436 1879 26 14 or

1878 1891 100 28 •charged
1991 1895 32 19 2s.
2038 1893 37 23 6d.
2103 1894 55 22 Also
2168 1901 13 15 a
2189 1895 64 21 small
2267 1896 103 27 quantity
2380 1897 25 21 of
2409 1898 55 21 seed

1883 1918 75 28 spring
1966 1919 47 23 and
2022 1920 79 22 winter
2109 1921 73 22 wheat
2190 1921 44 22 and
2243 1921 96 23 skinless'
2345 1923 84 28 barley.

1910 1954 75 27 Apply
1994 1958 24 19 to
2034 1956 88 21 Messrs.
2134 1956 96 22 Rhodes
2244 1957 48 21 and
2303 1958 47 26 Co.,
2361 1958 32 22 Te
2408 1959 53 27 Aro,

1883 1987 25 13 or
1912 1982 83 21 .*&*s*>
2000 1982 136 25 -S\*a«*so^
2144 1982 157 28 JXft^shepOj
2312 1984 69 26 Jtiver
2395 1985 67 23 Butt.

1909 2009 55 27 July
1972 2011 22 25 4,
2007 2011 61 21 1843.
2202 2027 3 4 .
2260 2029 4 3 .

2018 2055 86 21 Town
2121 2055 31 21 of
2162 2056 166 23 Manewatu.
2442 2060 7 5 *

1884 2086 91 35 rpHE
1997 2086 212 25 PROPRIETORS
2232 2090 24 21 of
2279 2090 40 22 the
2339 2091 61 24 three
2413 2093 51 23 first

1891 2111 29 24 JL
1970 2112 89 23 choices
2074 2117 22 18 at
2105 2114 37 23 the
2159 2115 43 24 last
2216 2116 106 22 selection
2330 2118 27 22 of
2370 2123 93 25 country

1881 2138 71 27 lands,
1965 2138 84 29 having
2067 2140 135 24 determined
2216 2149 59 19 upon
2292 2144 38 21 the
2346 2145 41 22 site
2400 2146 35 22 for
2449 2154 15 14 a

1896 2172 93 22 TOWN
2004 2173 43 22 ON
2061 2174 63 22 THE
2138 2175 187 24 MANEWATU
2340 2178 105 29 RIVER,

1883 2203 56 22 after
1943 2206 79 19 several
2029 2206 59 20 visits
2097 2208 21 19 to
2126 2205 40 23 the
2173 2206 185 30 neighbouroood,
2369 2210 46 22 and
2425 2211 38 22 the

1883 2233 57 19 most
1958 2232 86 21 careful
2061 2232 45 22 and
2122 2232 82 23 minute
2224 2235 149 23 examination
2387 2236 26 22 of
2425 2238 38 21 the

1885 2261 69 18 entire
1970 2258 91 28 district,
2077 2259 65 22 aided
2157 2260 30 27 by
2195 2259 37 23 the
2247 2261 143 27 professional
2402 2264 60 27 skill,

1883 2283 140 28 knowledge,
2040 2285 44 22 and
2097 2286 128 27 experience
2240 2288 25 21 of
2275 2288 39 21 the
2328 2292 61 19 most
2401 2297 62 15 com-

1884 2313 75 24 petent
1966 2311 88 28 judges,
2070 2319 92 20 propose
2176 2316 23 20 to
2214 2313 53 22 offer
2277 2314 34 22 for
2327 2314 103 30 disposal,
2440 2320 24 19 at

2032 2341 37 18 toe
2082 2342 88 24 present
2178 2339 59 27 time,
2249 2340 67 22 about

1884 2368 218 26 TWENTY-FIVE
2134 2370 105 27 ACRES,
2277 2372 35 21 IN
2349 2372 114 24 ALLOT-

1886 2394 111 28 MENTS,
2013 2396 85 22 EACH
2118 2396 40 22 OF
2181 2397 62 22 ONE
2262 2398 148 24 QUARTER
2423 2401 40 22 OF

2099 2423 44 22 AN
2159 2423 88 23 ACRE.

1910 2455 47 23 The
1966 2459 50 25 spot
2025 2457 50 22 thus
2084 2457 96 22 selected
2190 2466 110 20 possesses
2308 2459 37 23 the
2355 2464 57 19 most
2426 2469 39 15 ex-

1884 2483 84 22 tensive
1982 2483 101 28 frontage
2097 2487 22 19 to
2136 2484 55 28 deep
2202 2488 68 19 water
2284 2486 27 21 of
2322 2493 44 21 any
2380 2495 28 15 on
2426 2488 38 23 the
2473 2505 4 2 -

1884 2510 64 21 river.
1977 2509 22 22 It
2016 2510 18 22 is
2053 2511 95 21 situated
2162 2511 47 26 just
2221 2514 23 19 at
2258 2511 49 22 that
2325 2514 64 28 point
2405 2514 59 23 from

1945 2536 73 22 which
2027 2543 14 15 a
2049 2537 54 21 road
2113 2537 72 22 would
2194 2538 83 22 branch
2287 2539 34 22 off
2326 2543 23 18 to
2359 2540 37 22 the

1885 2574 94 15 WOODED
2001 2575 46 14 AND
2068 2575 96 15 FERTILE
2182 2576 117 16 DISTRICTS
2319 2578 76 16 ALONG
2417 2580 45 14 THB

2052 2602 55 14 BASE
2120 2602 27 15 OF
2161 2602 44 15 THE
2221 2603 73 21 HILLS,

1884 2627 43 21 and
1939 2627 71 22 above
2019 2627 72 22 which
2100 2627 37 23 the
2151 2629 126 26 navigation
2290 2630 35 22 for
2334 2631 129 24 vessels-be-

1884 2661 73 15 comes
1967 2655 86 25 tedious,
2062 2655 24 25 if
2091 2657 35 19 not
2134 2655 87 27 difficult
2256 2656 23 21 Tt
2286 2657 17 21 is
2310 2657 107 24 therefore
2423 2659 39 22 the

2080 2681 61 28 point
2150 2682 71 22 whore
2232 2682 36 22 the

1886 2713 87 22 LAND
1987 2714 68 22 AND
2070 2714 112 24 WATER
2194 2716 161 23 GARRIAGE
2369 2718 93 22 MEET,

1885 2745 44 22 and
1939 2745 73 22 where
2021 2753 14 14 a
2044 2746 68 22 Town
2128 2754 60 15 must
2201 2754 29 16 be
2244 2754 91 16 formed
2350 2749 65 23 when
2425 2750 39 22 the

1885 2771 85 22 district
1985 2772 19 21 is
2013 2773 87 21 settled.
2128 2773 22 21 It
2159 2780 42 16 was
2211 2773 99 23 selected
2322 2775 30 27 by
2362 2775 37 23 the
2411 2777 54 22 Sur-

1885 2798 80 27 veying
1974 2799 60 21 Staff
2045 2807 24 13 as
2078 2800 37 21 the
2123 2800 135 22 rendezvous
2267 2801 36 21 for
2317 2801 58 23 their
2387 2802 61 27 body
2456 2810 7 19 ;

1886 2824 43 22 and
1938 2824 40 22 has
1987 2825 58 22 been
2054 2833 49 15 now
2115 2826 77 28 found,
2202 2827 56 21 after
2268 2828 91 22 several-
2369 2829 96 22 months'

1884 2850 103 28 location,
1999 2855 22 18 to
2034 2852 28 22 be
2071 2852 37 22 the
2118 2855 57 19 most
2188 2853 164 28 advantageous
2360 2855 103 28 position,

1884 2877 57 22 from
1957 2878 28 21 its
1998 2878 98 27 peculiar
2115 2878 89 28 facility,
2215 2880 27 22 of
2251 2880 111 27 approach
2371 2881 54 23 both
2434 2882 30 27 by

1884 2903 54 22 land
1946 2902 46 23 and
2000 2907 75 19 water.

1912 2930 28 21 In
1950 2930 152 23 confirmation
2112 2930 26 23 of
2143 2931 38 22 the
2190 2932 130 28 superiority
2329 2933 27 21 of
2363 2933 42 22 this
2415 2937 50 24 spot

1884 2963 53 14 over
1945 2963 45 20 any
1999 2956 63 23 other
2069 2960 39 24 yet
2114 2956 88 28 known,
2214 2957 38 22 the
2261 2959 91 22 Messrs.
2360 2960 103 27 Kebbell,

1884 2982 58 22 after
1958 2982 38 21 the
2016 2983 148 22 examination
2180 2984 25 21 of
2221 2984 35 22 the
2275 2985 59 22 river
2349 2986 57 22 from
2424 2986 39 22 the

1885 3008 88 23 Paneiri
1983 3008 47 23 Pah
2039 3012 24 19 to
2071 3010 29 21 its
2108 3009 84 27 mouth,
2202 3009 139 24 determined
2354 3019 29 15 on
2394 3017 70 18 erect-

2119 3036 38 26 ing
2170 3037 58 22 their

1885 3066 65 24 SAW
1964 3068 81 22 MILL
2065 3068 226 24 IMMEDIATELY
2305 3070 158 26 OPPOSITE.

1884 3100 48 22 The
1949 3100 71 22 works
2037 3100 26 22 of
2077 3100 48 22 that
2143 3099 166 25 establishment
2326 3110 37 15 are
2382 3106 22 19 at
2419 3104 44 23 this

1885 3129 100 20 moment
2001 3127 24 21 in
2039 3126 62 28 rapid
2115 3134 107 20 progress,
2238 3128 43 22 and
2301 3128 37 23 the
2355 3131 107 27 proposed

1884 3154 70 23 Town
1962 3153 45 22 will
2015 3152 132 29 necessarily
2152 3154 90 28 partake
2247 3155 27 22 of
2278 3155 44 22 ibis
2330 3156 132 28 advantage.

1912 3185 48 25 The
1979 3184 92 23 nucleus
2085 3185 25 22 of
2124 3191 14 16 a
2155 3185 68 24 Town
2237 3186 27 28 is,
2273 3186 25 23 in
2312 3187 51 28 fact,
2373 3188 90 28 already

1875 3231 2 6 ,
1886 3211 96 25 created,
1990 3212 31 28 by
2029 3211 39 22 the
2077 3212 162 23 concentration
2254 3213 26 22 of
2293 3213 37 23 the
2341 3215 122 28 Surveying

1875 3238 3 7 '
1886 3237 58 24 Staff
1950 3245 30 15 on
1989 3238 48 22 that
2046 3240 55 25 spot,
2111 3245 23 15 as
2143 3238 38 22 the
2190 3242 73 19 centre
2279 3239 26 23 of
2315 3241 148 23 communica-

1886 3265 47 22 tion
1942 3267 24 19 to
1974 3264 39 22 the
2021 3263 148 29 surrounding
2176 3264 96 29 district;
2288 3266 38 23 the
2336 3268 95 22 erection
2440 3269 27 21 of

1875 3300 3 10 ;
1888 3291 89 22 Messrs.
1980 3290 122 23 'Kebbell's
2115 3292 51 21 Saw
2181 3292 61 22 Mills
2258 3293 110 28 opposite;
2383 3294 30 27 by
2425 3294 38 22 the

1886 3320 163 24 arrangements
2061 3317 35 22 for
2110 3324 30 16 an
2155 3319 117 22 extensive?
2277 3320 98 22 General
2386 3321 61 21 Store
2455 3328 7 19 ;

1875 3362 3 3 .
1885 3344 45 22 and
1938 3344 31 28 by
1974 3343 93 31 thejate
2075 3344 132 31 application
2212 3346 34 21 for
2254 3345 127 23 a'Licensed
2386 3347 76 23 House

1884 3369 29 23 oh
1921 3370 37 22 the
1964 3370 54 32 part
2026 3370 27 22 of
2063 3377 29 15 an
2100 3370 123 24 individual
2235 3371 49 24 who
2298 3372 47 28 has,
2355 3372 59 23 since
2424 3373 38 22 the

1884 3396 117 23 formation
2019 3397 32 23 of:
2058 3396 38 23 the
2111 3397 91 28 Colony,
2216 3399 96 27 pursued
2326 3406 15 15 a
2357 3399 105 23 lucrative

1884 3423 63 22 trade
1957 3423 54 23 with
2019 3423 38 23 the
2067 3424 92 27 natives,
2169 3424 45 22 and
2223 3424 72 23 whose
2303 3425 131 27 knowledge
2438 3426 27 22 of

1884 3450 40 22 the
1931 3449 137 28 advantages
2077 3450 25 22 of
2107 3450 38 23 the
2154 3451 99 27 positron,
2259 3450 116 28 prompted
2383 3450 45 24 him
2438 3455 24 19 at

1884 3483 57 16 once
1950 3480 23 19 to
1981 3477 74 26 prefer
2063 3476 49 23 that
2122 3475 139 29 application.

1910 3502 48 23 The
1967 3502 95 24 Natives
2075 3504 30 27 by
2112 3504 73 22 whom
2199 3502 43 23 this
2251 3502 52 23 land
2313 3505 46 27 waif
2366 3502 95 25 chimed

1884 3534 42 22 are;
1931 3530 61 27 quite
2001 3529 108 28 prepared
2116 3533 22 18 to
2147 3529 50 27 give
2202 3536 30 20 up
2237 3529 129 29 p'ostession,
2372 3528 44 24 arid
2422 3537 38 16 are

1883 3556 148 28 exceedingly
2038 3556 92 23 anxious
2142 3560 24 17 to
2180 3556 59 22 have,
2265 3554 118 26 Eurorfeaii
2390 3560 70 26 popu-

1882 3582 69 23 lation
1960 3589 87 20 among'
2053 3583 65 26 them,
2128 3580 93 29 having^,
2226 3581 55 24 been
2288 3578 174 34 u^onthe'moit

1883 3609 97 28 friendly
1986 3609 86 27 footing
2081 3608 51 23 with
2140 3605 38 34 th^
2187 3605 274 32 guj^eywjg.Stsl'durJng

1880 3636 40 22 the
1929 3632 50 27 four
1988 3643 25 15 or
2021 3636 43 21 five
2073 3633 154 28 monthsithey:
2238 3631 59 28 havi
2304 3635 3 12 !
2308 3633 57 25 b¥fo
2373 3633 89 26 located

1880 3662 72 25 there.
2117 3659 50 32 %"'
2209 3661 40 17 '■•'"
2293 3658 19 7 >J
2317 3657 47 31 ";/,"'
2376 3661 24 26 X

1875 3695 3 7 1
1910 3689 33 22 Ai
1951 3689 39 21 the
1997 3687 265 28 Propriator#-purbose-to
2270 3686 169 28 d^sposeof-but
2448 3696 14 15 a

1882 3715 85 24 limited
1981 3713 131 28 portionof
2119 3711 120 25 th&'Tovn
2253 3715 135 28 at,jire6«nt,
2407 3715 55 31 they

1881 3741 79 29 pledge
1969 3740 131 24 themselves
2108 3739 53 26 that,
2172 3741 22 19 at
2202 3745 30 16 no
2249 3738 73 32 future
2331 3741 64 27 tales,
2404 3741 59 24 shall

1874 3781 5 16 r
1882 3769 38 23 the
1931 3768 126 22 allotments
2065 3766 28 22 be
2101 3767 75 26 putup
2184 3767 24 19 at
2216 3772 14 15 a
2239 3765 103 30 /wsj/sum
2350 3767 54 28 tfysn
2412 3774 51 17 now

1882 3794 91 23 offered.

1877 3824 2 6 '
1910 3822 23 22 A
1929 3819 11 16 1
1949 3820 132 26 Pro'spectiw
2098 3817 45 22 and
2161 3817 63 23 Plan-
2236 3819 25 21 of
2274 3819 39 22 the
2315 3818 4 6 1
2329 3817 72 26 Town'
2403 3819 3 10 1
2407 3840 3 3 ,
2416 3821 49 23 will

1880 3847 92 27 shortly
1975 3845 31 23 be
2012 3844 69 28 ready
2087 3844 35 22 for
2129 3844 122 27 inspection
2266 3847 24 20 at
2301 3845 131 26 the-Officto
2440 3849 27 22 of

2060 3870 45 23 and
2114 3871 75 27 Tyser,
2199 3871 31 22 Te
2240 3871 56 25 Aro.
2391 3882 4 11 >

1909 3903 146 27 Wellington,
2067 3902 62 26 April
2138 3904 36 26 22,
2183 3903 61 22 1842.
2305 3906 3 6 '
2345 3925 4 2 _
