4260 5920
2455 1582 149 38 Mount
2647 1581 157 46 Benger
2848 1577 116 38 Mail.

2588 1679 61 19 JUST
2669 1679 54 19 AND
2743 1678 68 19 FEAR

2521 1757 116 26 FRIDAY,
2651 1755 154 23 FEBRUARY
2823 1755 20 26 4,
2865 1753 58 22 1898.

2484 1852 125 42 Recent
2628 1849 195 44 Ministerial
2850 1848 96 42 Visit.

2441 1950 60 28 The
2515 1954 62 25 tour
2591 1950 28 29 of
2632 1950 46 28 the
2694 1949 125 28 Minister
2832 1947 43 28 for
2896 1945 96 28 Public

2445 1996 99 29 Works
2558 1996 54 28 and
2625 1996 43 28 his
2682 1994 216 35 Parliamentary
2910 1995 82 34 party

2443 2043 119 38 through
2577 2043 53 28 this
2644 2047 61 34 part
2714 2042 29 28 of
2754 2041 45 28 the
2809 2043 118 33 country
2939 2048 56 17 was

2445 2091 141 39 distinctly
2599 2092 29 28 of
2641 2103 16 16 a
2680 2090 175 35 satisfictory
2877 2087 53 29 and
2948 2097 32 17 en-

2445 2139 151 40 couraging
2616 2143 106 25 nature.
2762 2137 58 29 The
2841 2135 156 29 immediate

2445 2187 85 28 result
2543 2191 29 24 to
2593 2188 47 27 the
2661 2187 109 28 district
2793 2183 96 29 should
2915 2183 33 27 be
2969 2182 28 28 of

2446 2234 128 38 practical
2602 2235 80 28 value
2707 2234 27 28 in
2758 2231 169 36 forwarding
2951 2230 46 28 the

2445 2276 185 28 construction
2649 2276 28 27 of
2701 2275 45 28 the
2769 2274 60 28 first
2847 2272 94 37 length
2966 2271 29 28 of

2445 2324 47 28 the
2508 2323 265 38 Heriot-Roxburgh
2783 2321 119 36 railway;
2919 2319 78 28 while

2445 2371 47 27 the
2527 2370 186 28 Government
2751 2368 75 29 Land
2861 2366 136 29 Purchase

2447 2418 98 35 Board,
2555 2418 21 27 if
2586 2418 65 37 they
2657 2417 82 38 profit
2750 2417 32 38 by
2793 2416 47 28 the
2846 2413 151 30 Minister's

2444 2467 170 38 experience,
2630 2466 53 28 will
2697 2466 34 28 be
2753 2465 62 28 able
2837 2469 28 24 to
2891 2464 69 28 form
2983 2473 14 18 a

2444 2514 90 28 better
2547 2512 124 30 estimate
2687 2512 29 28 of
2727 2511 45 29 the
2795 2510 79 29 value
2899 2509 29 29 of
2950 2509 47 28 the

2445 2563 63 28 Moa
2522 2562 61 28 Flat
2596 2564 86 25 estate
2696 2560 43 27 for
2751 2559 73 29 close
2836 2559 159 27 settlement

2443 2608 65 28 than
2524 2608 66 38 they
2603 2606 52 29 had
2678 2606 103 29 before.
2821 2605 57 29 The
2898 2604 97 39 replies

2443 2655 28 28 of
2484 2655 139 28 Ministers
2633 2654 76 27 when
2722 2664 35 18 on
2769 2657 61 24 tour
2838 2664 46 16 are
2894 2653 101 37 always

2442 2702 29 28 of
2484 2712 15 17 a
2513 2712 73 17 more
2600 2712 30 17 or
2642 2701 53 27 less
2710 2700 174 37 stereotyped
2898 2699 93 35 order,

2442 2747 54 29 and
2523 2747 162 38 necessarily
2709 2758 39 18 so.
2787 2745 76 37 They
2884 2749 104 25 cannot

2442 2796 111 28 commit
2562 2795 165 29 themselves
2733 2794 115 28 without
2858 2792 122 29 consulta-

2442 2842 55 27 tion
2508 2841 65 29 with
2579 2841 72 28 their
2659 2841 154 37 colleagues
2823 2843 28 24 to
2861 2839 133 38 promises

2441 2888 29 29 of
2485 2899 53 27 any
2551 2888 78 34 kind,
2647 2888 54 28 and
2715 2888 21 27 it
2760 2887 22 28 is
2805 2886 51 28 self
2882 2886 112 28 evident

2440 2935 57 28 also
2520 2935 60 28 that
2601 2935 65 37 they
2687 2938 100 25 cannot
2807 2943 36 27 go
2868 2932 124 37 through

2440 2982 47 28 the
2520 2984 115 35 country
2668 2979 161 40 dispensing
2860 2979 133 38 railways,

2440 3029 80 29 roads
2548 3030 54 27 and
2635 3028 113 36 bridges
2774 3026 217 39 promiscuously

2442 3078 64 27 with
2520 3078 46 27 the
2578 3076 184 30 beneficience
2782 3076 29 28 of
2831 3076 46 26 the
2920 3074 72 37 good

2583 3124 135 28 Promises
2730 3123 78 28 made
2823 3122 87 29 under
2925 3121 66 29 such

2441 3174 211 28 circumstances
2677 3182 41 17 we
2731 3170 89 28 would
2834 3173 48 25 not
2897 3170 33 27 be
2951 3170 28 27 in-

2443 3220 87 30 clined
2555 3224 28 24 to
2605 3218 77 30 build
2708 3228 44 25 on,
2778 3217 53 28 and
2858 3227 40 19 Wi
2922 3217 70 28 have

2441 3267 81 28 much
2537 3276 74 18 more
2625 3264 157 30 confidence
2807 3264 28 27 in
2861 3262 131 38 practical

2439 3315 101 28 results
2566 3314 71 28 from
2659 3313 47 28 the
2732 3322 93 18 course
2845 3312 84 27 taken
2955 3312 37 36 by

2440 3363 45 28 Mr
2499 3363 165 28 Hall-Jones
2677 3361 80 29 when
2783 3371 35 18 on
2843 3364 62 25 tour
2953 3360 40 27 As

2438 3411 34 29 he
2485 3411 89 29 stated
2591 3414 28 25 to
2635 3411 46 27 the
2695 3409 109 29 settlers
2830 3413 28 23 at
2879 3406 109 36 Hsriot,

2438 3460 33 28 he
2485 3459 132 28 travelled
2632 3459 43 27 for
2687 3458 47 28 the
2747 3466 119 29 purpose
2879 3456 29 28 of
2929 3459 46 35 get-

2438 3508 61 38 ting
2524 3507 69 29 local
2617 3506 178 31 information
2831 3506 84 28 about
2940 3505 48 28 the

2438 3555 92 37 public
2546 3554 89 28 works
2648 3553 126 38 required
2797 3553 27 26 in
2838 3551 150 39 particular

2438 3601 122 29 districts
2586 3601 54 28 and
2668 3604 29 25 to
2722 3599 109 30 consult
2857 3599 66 28 with
2946 3598 46 29 the

2437 3648 107 29 settlers
2570 3652 72 24 most
2668 3647 154 37 intimately
2842 3645 148 29 interested

2437 3696 25 27 in
2478 3696 78 27 those
2570 3695 98 35 works,
2682 3694 55 29 and
2750 3694 21 28 it
2786 3697 72 24 must
2880 3694 33 27 be
2929 3692 57 28 said

2437 3744 33 27 he
2484 3744 79 27 made
2577 3744 46 27 the
2635 3746 72 24 most
2720 3743 28 27 of
2760 3742 40 28 his
2811 3742 64 26 time
2889 3741 100 35 (which

2438 3801 52 18 was
2504 3790 35 29 all
2553 3794 45 25 too
2613 3789 87 38 short)
2717 3788 79 29 while
2809 3788 27 29 in
2852 3787 55 30 this
2931 3787 42 29 dis-

2437 3840 71 28 trict.
2550 3839 50 28 His
2614 3838 177 38 impressions
2805 3837 28 28 of
2847 3837 47 27 the
2905 3847 66 17 coun-

2435 3892 52 32 try,
2501 3887 52 27 and
2569 3887 79 27 those
2661 3885 28 28 of
2708 3885 45 28 the
2781 3884 87 29 whole
2893 3883 29 29 of
2941 3883 47 28 the
2996 3883 1 54 j

2435 3934 156 36 gentlemen
2617 3933 65 27 with
2717 3932 66 35 him,
2815 3942 70 17 were
2917 3934 70 24 most
2996 3928 1 42 |

2434 3982 167 34 favourable,
2616 3982 47 28 the
2674 3986 142 33 prospects
2830 3979 155 36 altogether
2996 3979 1 40 j

2434 4031 152 38 exceeding
2599 4029 137 39 anything
2757 4029 65 28 thev
2851 4026 132 39 expected
2996 4026 1 44 j

2435 4078 177 29 beforehand.
2654 4077 58 29 One
2733 4076 168 33 conclusion,
2917 4078 69 24 most
2996 4073 1 39 j

2434 4128 149 35 important
2604 4129 27 24 to
2656 4125 45 28 the
2716 4125 114 33 district,
2847 4124 44 27 Mr
2907 4123 26 27 II
2944 4123 41 26 ill-
2996 4121 1 42 j

2433 4176 85 28 .Jones
2544 4184 75 18 came
2645 4177 28 24 to
2698 4172 55 28 and
2785 4172 122 38 publicly
2937 4181 33 17 an-

2437 4221 123 29 nnunced
2591 4224 28 25 at
2652 4220 98 29 Heriot
2820 4219 23 28 vi
2849 4229 31 25 z.,
2922 4217 61 29 tint
2996 4215 1 39 j

2435 4271 33 28 he
2496 4281 52 16 whs
2573 4270 28 27 in
2626 4269 98 28 favour
2745 4268 29 28 of
2798 4268 47 27 the
2873 4267 25 27 II
2911 4266 74 28 'riot-

2437 4316 151 35 Roxburgh
2617 4319 77 25 route
2769 4314 54 28 and
2852 4312 132 36 certainly

2435 4363 76 28 there
2533 4374 55 17 was
2614 4362 89 38 ample
2717 4372 94 18 reason
2828 4361 42 28 for
2884 4359 40 28 his
2939 4358 32 28 de-

2433 4411 94 32 cision,
2541 4411 104 38 seeing,
2660 4421 29 16 as
2703 4410 33 26 he
2762 4409 56 31 dM,
2842 4409 45 27 the
2904 4419 75 19 inair-
2996 4408 1 41 I

2433 4459 112 28 nificent
2565 4462 116 34 country
2706 4457 91 29 which
2823 4457 60 27 that
2910 4459 77 25 route
2996 4453 1 43 j

2434 4506 86 29 would
2537 4511 130 24 traverse.
2706 4506 44 28 He
2773 4505 57 27 also
2853 4504 90 28 stated
2959 4509 27 23 to
2996 4504 1 31 ;

2433 4553 102 28 several
2552 4553 134 27 members
2709 4552 29 28 of
2764 4552 46 26 the
2824 4551 160 33 deputation
2996 4548 1 41 j

2435 4601 59 28 that
2504 4601 34 27 he
2548 4599 159 31 considered
2717 4610 15 17 a
2742 4598 85 29 break
2843 4597 28 29 of
2884 4607 101 28 guage,
2996 4595 1 44 J

2433 4647 104 29 thouarh
2553 4657 64 25 very
2632 4645 116 28 suitable
2768 4654 32 17 on
2818 4654 74 17 some
2906 4643 77 33 lines,

2434 4694 86 27 would
2537 4694 33 26 be
2585 4694 102 28 unwise
2701 4703 34 18 on
2762 4691 54 28 tins
2843 4690 62 28 line.
2948 4690 37 28 At

2557 4739 151 35 Dunrobin,
2722 4738 106 29 Millers
2850 4737 63 28 Fiat
2927 4737 53 28 and

2435 4790 62 27 Moh.
2515 4788 57 28 Flat
2598 4788 46 28 the
2657 4786 162 30 Ministerial
2835 4788 79 34 party
2929 4795 55 16 saw
2996 4784 1 43 j

2433 4847 29 17 as
2488 4836 54 27 fine
2567 4844 117 28 average
2710 4831 121 37 farming
2865 4830 61 27 land
2954 4841 29 16 as
2996 4830 1 42 !

2433 4884 79 29 could
2542 4884 34 28 be
2602 4881 86 30 found
2713 4880 143 37 anywhere
2884 4878 26 27 in
2938 4877 46 29 the
2996 4877 1 41 j

2433 4932 106 36 colony,
2552 4931 55 28 and
2626 4930 47 29 the
2686 4939 79 26 crops
2780 4937 68 18 were
2871 4937 16 16 a
2910 4925 73 38 plea-
2996 4925 1 43 ,

2433 4990 62 19 sure
2508 4984 28 24 to
2550 4979 62 28 look
2632 4983 36 23 at.
2708 4977 57 27 The
2787 4975 127 28 Minister
2932 4984 51 16 was
2996 4974 1 40 |

2433 5030 56 27 also
2503 5028 106 37 greatly
2623 5025 108 39 pleased
2748 5023 64 29 with
2824 5022 47 28 the
2884 5024 97 25 extent

2433 5077 54 27 and
2501 5085 127 28 progress
2642 5075 28 28 of
2684 5075 47 26 the
2742 5071 65 29 fruit
2819 5070 126 35 industry
2956 5073 29 23 at

2433 5122 154 38 Roxburgh
2598 5120 53 29 and
2665 5119 65 31 Coal
2743 5117 97 34 Creek,
2852 5115 54 28 and
2918 5115 63 27 with

2432 5172 35 28 its
2480 5172 91 27 future
2585 5172 151 37 prospects.
2756 5166 28 29 It
2797 5164 50 28 will
2859 5164 33 28 be
2908 5174 75 24 seen,

2433 5219 145 33 therefore,
2604 5219 60 26 that
2686 5217 46 27 the
2758 5213 127 29 Minister
2905 5219 49 26 got
2969 5222 15 16 a
2996 5212 1 54 j

2433 5270 77 34 great
2524 5265 59 29 deal
2609 5263 29 30 of
2663 5259 174 32 information
2852 5268 28 18 as
2896 5261 26 25 to
2937 5257 46 29 the
2996 5257 1 56 j

2432 5321 139 20 resources
2584 5310 29 28 of
2627 5310 46 28 the
2698 5306 116 33 district,
2837 5304 53 27 and
2912 5314 29 17 as
2966 5314 15 17 a
2996 5304 1 37 i

2432 5361 60 27 first
2512 5364 60 32 step
2596 5356 117 30 towards
2729 5355 46 27 the
2790 5351 193 39 development
2996 5351 1 53 j

2431 5407 29 28 of
2482 5407 78 28 those
2585 5413 139 20 resources
2744 5402 34 28 he
2804 5398 137 39 promised
2955 5405 28 21 to
2996 5390 1 50 j

2432 5456 82 38 bring
2527 5454 94 29 before
2644 5452 168 29 Parliament
2835 5451 66 25 next
2927 5457 42 18 ses-

2431 5501 59 28 sion
2515 5501 47 28 the
2587 5497 188 30 construction
2801 5495 30 27 of
2856 5494 46 27 the
2924 5494 59 26 first

2431 5546 104 28 section
2546 5545 30 28 of
2584 5545 47 27 the
2642 5538 268 38 Heriot-Roxburgh
2922 5538 48 27 rail-

2432 5601 68 27 way,
2514 5591 41 27 six
2574 5589 54 29 and
2653 5600 16 16 a
2694 5590 111 36 quarter
2819 5584 77 28 miles
2911 5583 72 28 from

2433 5636 107 28 Heriot.
2579 5635 28 28 It
2630 5634 24 28 is
2666 5631 134 37 tertainly
2814 5640 15 18 a
2844 5628 139 30 moderate

2433 5681 118 30 demand
2564 5681 71 28 from
2652 5690 16 17 a
2681 5677 107 29 district
2799 5677 59 27 that
2871 5676 51 27 has
2936 5686 32 17 en-

2434 5730 85 30 dured
2532 5729 47 29 the
2593 5726 129 38 hardship
2737 5724 28 29 of
2791 5727 73 25 want
2877 5723 30 28 of
2920 5722 50 29 rail-

2435 5788 57 19 wav
2505 5774 238 34 communication,
2764 5772 60 29 tliat
2835 5781 54 19 was
2903 5772 80 27 abso-
2996 5767 1 41 '

3009 193 86 38 lutely
3109 202 153 29 necessary,
3274 193 44 29 for
3335 203 30 18 so
3379 202 82 28 many
3474 202 88 28 years.

3010 240 65 30 Less
3089 240 67 30 tlian
3179 240 47 30 the
3248 240 157 30 immediate
3418 244 125 26 construc-

3008 290 58 29 tion
3080 290 29 29 of
3121 289 55 30 this
3198 291 104 28 section
3327 289 56 29 will
3407 293 57 32 not,
3484 289 56 28 how-

3008 347 73 25 ever,
3095 340 113 25 content
3232 336 48 29 the
3301 335 106 40 people,
3430 335 56 29 and
3511 336 47 28 the

3010 383 188 30 Government
3211 383 55 28 will
3280 383 34 28 be
3327 381 134 40 expected
3471 385 28 25 to
3513 381 32 29 ob-

3011 431 56 27 tain
3081 430 47 27 the
3142 429 124 28 sanction
3285 429 29 27 of
3328 428 167 28 Parliament
3509 427 56 27 and

3013 477 115 40 proceed
3142 480 28 27 at
3181 487 66 20 once
3261 476 66 31 with
3337 476 47 29 the
3394 475 84 31 work.
3518 475 44 29 No

3014 527 124 33 specious
3161 526 133 39 promises
3318 527 30 27 ot
3403 524 74 29 fresh
3504 535 44 17 sur-

3015 586 65 27 veys
3134 585 31 19 or
3195 576 162 37 expedients
3382 574 43 28 for
3452 574 113 37 gaining

3015 623 75 34 time,
3106 623 67 28 such
3193 634 29 17 as
3250 623 141 38 dragging
3415 622 48 29 the
3522 623 48 28 red

3198 671 29 30 of
3252 672 46 29 the
3333 671 219 30 Lawrence-Kox-

3018 721 90 36 burgh
3129 724 77 24 route
3232 731 91 18 across
3348 721 47 27 the
3419 724 78 24 scent
3516 721 55 26 will

3017 778 86 25 serve,
3118 778 28 17 as
3167 768 47 29 the
3237 768 109 29 settlers
3360 768 28 27 in
3401 768 46 28 the
3461 766 110 30 district

3017 818 71 27 from
3106 816 150 33 h'oxbunjh
3270 821 28 24 to
3312 816 98 28 Heriot
3419 826 45 18 are
3476 816 80 28 unani-

3018 875 77 18 mous
3109 864 27 28 in
3151 864 72 29 their
3236 864 106 29 resolve
3354 868 28 25 to
3393 865 69 27 have
3476 863 95 39 simple

3013 914 101 38 justice
3139 914 28 28 in
3189 914 56 28 this
3271 917 101 25 matter
3384 913 116 28 without
3513 913 43 28 fur-

3017 962 61 28 ther
3088 962 53 28 loss
3155 961 29 29 of
3198 962 74 28 time.
3313 964 39 26 As
3367 971 39 19 we
3416 962 69 28 have
3500 962 68 35 said,

3017 1011 134 35 however,
3177 1010 47 28 the
3252 1013 143 35 prospects
3414 1010 29 29 of
3468 1010 103 39 having

3016 1070 50 18 our
3080 1059 131 29 demands
3230 1059 119 29 acceded
3368 1063 28 25 to
3406 1060 70 28 have
3487 1070 84 18 never

3016 1109 70 27 been
3101 1118 73 18 more
3188 1108 122 38 hopeful,
3326 1108 54 28 and
3403 1119 37 17 we
3455 1108 63 35 will,
3532 1119 39 17 we

3016 1157 69 26 have
3099 1166 95 18 reason
3210 1159 28 24 to
3254 1156 90 35 think,
3362 1156 69 28 have
3445 1166 16 17 a
3475 1160 96 34 strong

3006 1204 1 30 i
3016 1204 131 29 advocate
3167 1205 27 27 in
3216 1204 47 29 the
3288 1204 131 30 Minister
3431 1204 30 29 of
3476 1204 95 29 Public

3017 1251 234 39 Works.judging
3262 1252 35 37 by
3307 1251 41 29 his
3358 1251 176 38 impressions
3543 1253 28 28 of

3016 1300 46 28 the
3085 1303 126 33 country.
3252 1300 57 27 The
3325 1299 121 37 Railway
3461 1300 109 37 League

3015 1348 127 28 deserves
3157 1348 62 28 well
3233 1347 29 29 of
3271 1347 47 29 the
3328 1347 108 29 district
3446 1347 43 29 for
3498 1348 72 28 their

3014 1408 106 27 energy
3133 1397 54 28 and
3202 1397 95 38 public
3311 1397 79 37 spirit
3408 1408 35 17 on
3464 1397 47 28 the
3525 1407 29 18 oc-

3015 1445 89 29 casion
3120 1446 29 28 of
3162 1446 47 28 the
3224 1445 155 29 Minister's
3393 1445 73 36 visit,
3480 1445 52 29 and
3547 1445 22 29 it

3014 1493 22 28 is
3048 1493 75 38 quite
3134 1492 112 29 evident
3260 1492 65 39 they
3344 1493 68 28 have
3426 1497 50 34 put
3497 1492 72 29 their

3015 1542 72 28 hand
3102 1545 28 25 to
3149 1542 47 28 the
3214 1542 103 38 plough
3341 1543 115 28 without
3478 1543 75 27 inten-

3016 1590 56 27 tion
3099 1589 28 27 of
3152 1590 114 38 turning
3303 1590 81 28 back.
3424 1590 42 37 By
3501 1590 66 27 such

3017 1637 210 28 determination
3261 1638 64 33 they
3353 1641 74 25 must
3454 1637 115 28 achieve

3018 1688 70 28 their
3102 1688 61 35 end,
3179 1689 53 28 and
3247 1689 71 28 their
3341 1690 67 28 wise
3431 1689 92 38 policy
3541 1688 28 29 of

3019 1741 115 37 making
3147 1741 100 28 known
3263 1742 46 27 the
3323 1745 61 26 true
3398 1742 71 28 facts
3482 1742 31 27 of
3522 1741 47 27 the

3020 1799 70 26 case,
3101 1789 54 28 and
3168 1789 167 39 impressing
3348 1790 78 29 those
3440 1789 73 29 facts
3536 1799 33 18 on

3020 1837 47 28 the
3082 1848 106 27 powers
3202 1837 59 28 that
3274 1838 44 35 be,
3332 1843 73 23 must
3415 1837 156 37 ultimately

3023 1886 102 37 prevail
3139 1886 109 37 against
3261 1886 34 28 all
3309 1886 164 37 opposition.

3048 1984 44 20 The
3101 1984 82 20 rainfall
3202 1984 32 20 for
3252 1985 99 26 January,
3373 1986 111 25 registered
3504 1986 27 25 by
3548 1986 29 20 Dr

3024 2020 130 26 Mullin,was
3165 2020 44 21 1*66
3221 2020 77 25 inches,
3310 2022 111 25 extending
3431 2029 48 13 over
3489 2022 22 19 11
3521 2021 34 26 day
3555 2021 24 26 3.

3051 2064 33 20 Mr
3107 2064 23 21 B.
3155 2063 23 22 C.
3201 2063 94 27 Haggitt,
3321 2064 72 21 Crown
3416 2065 120 21 Piosecutor
3558 2067 22 19 at.

3027 2097 102 24 Dunedin,
3140 2097 46 20 died
3196 2099 23 18 at
3228 2097 31 20 his
3269 2098 103 21 residence
3380 2098 58 21 there
3447 2106 24 13 on
3480 2099 99 26 Tuesday.

3052 2140 101 21 Members
3159 2139 21 21 of
3187 2140 35 20 the
3233 2140 92 26 Railway
3338 2140 79 26 League
3427 2148 33 14 are
3471 2141 109 22 reminded

3027 2175 21 21 of
3059 2175 34 21 the
3104 2175 82 26 general
3205 2175 90 26 meeting
3309 2177 21 19 at
3345 2175 35 21 the
3398 2176 125 22 Athenaeum
3540 2177 42 21 this

3027 2209 94 25 evening.

3057 2244 30 20 Mr
3097 2244 62 27 Coop,
3172 2244 36 21 the
3219 2245 130 25 postmaster,
3360 2244 92 21 resumed
3472 2245 55 21 work
3542 2244 40 22 last

3030 2279 138 27 Wednesday,
3192 2279 82 26 looking
3295 2279 63 21 much
3379 2280 104 26 improved
3506 2280 26 27 by
3551 2281 31 20 his

3027 2313 90 26 holiday.

3053 2353 42 21 Mrs
3113 2353 70 25 Little,
3203 2353 36 21 the
3257 2352 66 28 newly
3336 2353 115 27 appointed
3462 2354 91 21 mistress
3562 2354 21 21 of

3027 2389 35 19 the
3084 2389 51 20 local
3158 2389 75 26 school,
3257 2389 83 21 entered
3364 2396 26 13 on
3413 2390 36 20 her
3469 2390 69 20 duties
3556 2397 25 13 on

3026 2423 93 27 Tuesday
3130 2424 100 26 morning.

3053 2470 43 21 The
3106 2470 87 21 Cabinet
3201 2470 52 21 have
3265 2470 121 22 authorised
3396 2471 34 21 the
3441 2471 106 26 providing
3560 2471 22 21 of

3026 2507 70 25 strong
3113 2512 67 14 rooms
3203 2506 21 20 in
3248 2506 35 20 the
3308 2506 73 27 Clyde,
3405 2507 116 25 Cromwell',
3544 2506 39 22 and

3026 2539 83 26 Naseby
3118 2539 139 25 courthouses,
3269 2539 42 22 4O
3323 2541 22 20 to
3364 2540 25 21 be
3403 2542 60 24 spent
3481 2547 25 14 on
3526 2541 56 22 each.

3050 2582 30 20 At
3089 2580 36 21 the
3135 2581 68 20 Police
3217 2581 64 21 Court
3298 2589 27 13 on
3340 2582 84 26 Friday,
3434 2582 69 21 before
3516 2582 33 21 Mr
3558 2583 24 21 J.

3026 2617 85 24 Burton,
3125 2615 56 26 J.P.,
3193 2616 90 22 Lachlan
3296 2617 107 27 Campbell
3422 2617 85 28 pleaded
3517 2619 65 26 guilty

3024 2652 22 20 to
3056 2650 60 26 being
3125 2650 76 26 drunk,
3212 2650 40 21 and
3263 2658 39 13 was
3311 2651 54 21 fined
3380 2651 31 21 10s
3421 2652 40 20 and
3470 2653 53 19 costs
3535 2652 46 26 (2s).

3050 2695 127 21 Councillors
3195 2695 51 21 Edie
3266 2696 78 25 (James
3367 2696 83 26 Riding)
3474 2697 40 21 and
3539 2697 42 21 Sim

3024 2728 100 26 (Tapanui
3149 2728 91 26 Riding),
3274 2729 99 26 Tuapeka
3391 2730 82 26 County
3489 2730 92 26 Council,

3025 2765 73 20 visited
3107 2765 42 20 this
3158 2765 82 21 district
3251 2772 26 13 on
3287 2765 104 26 Saturday
3398 2765 39 21 and
3445 2765 38 21 left
3489 2766 57 25 again
3554 2772 26 14 on

3024 2798 98 26 Monday.
3150 2798 56 26 They
3218 2805 51 14 were
3280 2798 35 21 the
3325 2801 69 23 guests
3412 2798 34 21 Mr
3462 2799 56 20 John
3536 2799 43 20 Ben

3023 2835 63 24 nett3,
3097 2833 22 21 of
3128 2833 49 21 Coal
3187 2833 73 20 Creek.

3048 2875 44 20 The
3106 2874 97 26 Tuapeka
3221 2874 59 21 West
3300 2874 73 22 School
3391 2875 122 21 Committee
3525 2875 53 20 have

3023 2910 117 21 nominated
3152 2910 74 20 Messrs
3239 2911 26 19 A.
3276 2910 62 20 Clark
3355 2910 39 20 and
3412 2911 71 19 James
3495 2911 44 20 Sim
3549 2911 32 20 for

3024 2947 35 19 the
3077 2946 112 20 Education
3207 2945 67 21 Board
3293 2946 111 21 vacancies.
3431 2946 43 21 The
3496 2946 84 21 Waitati

3022 2979 127 23 Committee
3167 2980 119 20 nominated
3297 2980 74 21 Messrs
3389 2980 22 22 J.
3431 2980 66 21 Green
3507 2980 39 21 and
3556 2980 22 23 J.

3022 3015 101 26 Mitchell,
3133 3015 40 19 and
3185 3015 35 19 the
3235 3015 65 25 Clyde
3320 3015 121 21 Committee
3453 3016 74 20 Messrs
3536 3017 43 19 Sim

3021 3049 41 21 and
3071 3048 104 21 Mitchell.

3046 3084 43 20 The
3095 3083 54 26 body
3154 3083 22 21 of
3182 3084 87 20 Thomas
3278 3084 85 25 Wilson,
3373 3085 44 19 who
3430 3091 39 13 was
3476 3084 99 21 drowned

3021 3126 25 13 on
3054 3119 34 20 the
3095 3119 36 27 11+
3142 3119 11 27 h
3164 3119 79 27 January
3248 3121 24 18 t
3278 3120 110 20 Sannoctcb
3396 3126 46 20 urn,
3453 3126 40 14 was
3507 3120 72 25 picked

3021 3159 29 20 up
3059 3151 48 26 (last
3118 3153 62 24 week)
3191 3160 24 12 on
3228 3153 88 24 Monday
3326 3159 49 13 near
3394 3152 120 21 Alexandra
3531 3153 27 25 by
3567 3160 12 12 a

3021 3185 123 26 dredgeraan
3161 3186 73 20 named
3248 3185 80 25 Finhy.
3357 3186 29 19 At
3396 3192 25 13 an
3440 3186 82 25 inquest
3531 3185 48 21 held

3022 3226 25 14 on
3054 3219 35 21 the
3099 3219 53 27 body
3161 3227 12 13 a
3183 3220 78 20 verdict
3280 3219 22 21 of
3309 3219 153 27 'Accidentally
3474 3219 105 22 drowned'

3023 3260 39 13 was
3072 3254 107 19 returned.

3056 3296 27 18 At
3094 3294 35 20 the
3146 3294 131 26 Invercargill
3295 3294 71 21 Police
3384 3294 65 21 Court
3466 3294 36 21 the
3520 3294 59 21 other

3022 3327 40 25 day
3071 3327 73 26 Fanny
3163 3327 56 26 Hall,
3240 3334 12 14 a
3269 3327 161 25 boardinghouse
3442 3327 82 27 keeper,
3539 3334 40 14 was

3022 3362 54 21 fined
3087 3362 40 21 SO
3135 3362 40 21 and
3190 3364 53 19 costs
3254 3363 31 20 for
3297 3362 31 26 sly
3339 3369 48 19 grog
3398 3362 80 26 selling.
3506 3363 21 20 It
3539 3369 40 14 was

3022 3395 37 21 her
3068 3395 44 21 first
3121 3396 87 21 offence.
3238 3396 17 20 A
3266 3395 71 26 couple
3347 3395 20 21 of
3374 3395 49 28 days
3433 3395 49 21 latei
3490 3396 88 20 another

3023 3436 79 13 woman
3122 3436 39 13 was
3184 3429 53 21 fined
3259 3428 125 22 loosD
3409 3429 50 20 each
3484 3436 26 13 on
3538 3431 41 19 two

3022 3463 141 25 chargesfor
3174 3463 36 19 the
3221 3469 55 14 same
3287 3463 83 20 offence.

3051 3503 44 21 Our
3128 3502 118 22 Alexandra
3279 3502 156 27 correspondent
3461 3502 60 22 sends
3544 3502 35 22 the

3022 3536 105 27 following
3137 3538 58 19 notes
3207 3536 131 21 .-Weather
3348 3536 97 26 variable,
3455 3536 124 26 alternately

3023 3572 46 25 fine,
3080 3571 57 24 rainy
3154 3571 41 21 and
3203 3573 68 24 gusty.
3280 3571 66 20 The
3366 3570 51 21 local
3436 3571 77 21 cricket
3532 3571 47 21 club

3023 3614 52 13 were
3086 3606 95 21 defeated
3194 3606 26 26 by
3233 3606 82 26 Naseby
3332 3613 24 14 on
3377 3606 101 24 Saturday
3488 3613 5 18 ;
3506 3607 73 25 expect

3021 3649 12 14 a
3042 3642 67 21 match
3121 3642 49 21 with
3184 3642 101 21 Lowburn
3299 3649 56 19 soon,
3373 3641 39 21 and
3428 3641 59 21 there
3504 3642 18 20 is
3535 3642 44 20 talk

3021 3676 21 20 of
3051 3683 38 13 one
3100 3676 49 20 with
3160 3675 221 26 Roxburgh.While
3392 3675 79 26 coming
3489 3676 29 20 off
3527 3675 51 21 shift

3020 3719 27 13 on
3056 3712 92 25 Tuesday
3158 3711 103 25 morning,
3275 3711 43 21 Geo
3345 3710 77 21 Carroll
3441 3711 40 20 and
3492 3711 86 21 another

3020 3746 91 25 capsized
3128 3747 35 19 the
3185 3746 56 25 boat,
3260 3745 37 20 but
3316 3745 77 25 luckily
3422 3746 86 23 escaped
3529 3746 49 20 with

3021 3781 85 27 nothing
3116 3788 54 14 more
3180 3781 75 21 serious
3266 3780 51 22 than
3328 3788 11 14 a
3351 3780 71 27 fright.

3045 3826 47 19 Miss
3104 3825 78 25 Weber,
3193 3825 35 20 the
3239 3825 41 20 late
3297 3824 138 25 postmistress
3449 3826 22 18 at
3490 3825 79 20 Millars

3019 3860 52 24 Flat,
3080 3858 37 21 left
3124 3858 32 20 for
3163 3858 36 20 her
3206 3865 42 13 new
3257 3860 45 23 post
3309 3865 49 12 near
3363 3858 78 24 Napier
3447 3865 25 12 on
3480 3858 96 24 Tuesday

3017 3892 100 26 morning.
3144 3891 30 21 On
3193 3891 101 25 Saturday
3311 3890 36 20 she
3364 3898 40 13 wis
3420 3890 35 21 the
3469 3891 100 25 recipient

3016 3928 22 20 of
3047 3935 11 12 a
3068 3934 59 19 purse
3142 3927 22 20 of
3179 3926 115 25 sovereigns
3313 3925 52 22 from
3382 3926 35 21 the
3433 3925 100 22 residents
3555 3926 22 21 of

3019 3963 74 20 Millers
3118 3962 54 21 Fiat.
3198 3961 43 20 The
3257 3961 141 26 presentation
3417 3968 40 13 was
3473 3961 59 20 made
3545 3962 22 19 at

3016 3996 88 27 Laffey's
3120 3996 68 25 Hotel,
3207 3997 32 19 Mr
3259 3996 74 25 Pilling
3353 3996 20 20 in
3393 4003 26 13 an
3437 3996 132 27 appropriate

3015 4033 73 24 speech
3103 4033 71 25 asking
3198 4032 47 21 Miss
3267 4032 91 21 Weber's
3374 4033 120 25 acceptance
3510 4032 21 20 of
3551 4032 25 21 it.

3018 4069 59 21 After
3086 4077 12 12 a
3112 4068 87 21 suitable
3210 4075 94 19 response
3320 4067 40 21 had
3382 4067 51 21 been
3450 4068 66 26 made,
3539 4067 36 21 the

3016 4102 128 27 proceedings
3154 4101 111 21 concluded
3276 4101 48 21 with
3342 4108 61 19 many
3412 4101 73 27 hearty
3500 4101 71 21 wishes

3016 4140 31 20 for
3057 4138 47 21 Miss
3116 4138 89 20 Weber's
3214 4137 69 20 future
3294 4137 130 24 prosperity.

3042 4185 19 19 Yv
3062 4185 6 9 T
3069 4192 11 12 e
3090 4184 56 20 learn
3158 4183 46 20 that
3214 4183 35 19 the
3261 4183 166 25 Massey-Harris
3438 4189 80 20 reapers
3529 4182 40 20 and

3017 4221 12 19 b
3038 4220 57 21 nders
3104 4218 96 22 continue
3215 4220 21 18 to
3263 4218 98 21 maintain
3383 4218 54 21 their
3455 4218 118 27 popularity

3017 4256 125 26 throughout
3167 4254 40 20 this
3233 4254 89 23 district,
3342 4254 40 21 and
3403 4255 41 20 this
3463 4261 48 19 year
3535 4254 37 21 the

3017 4291 84 19 farmers
3111 4288 50 21 have
3171 4294 51 19 gone
3236 4288 20 19 in
3278 4288 30 19 for
3327 4288 57 20 them
3405 4295 47 18 vnry
3462 4288 110 25 generally.

3019 4325 72 20 Messrs
3101 4322 108 21 Matthews
3222 4322 39 20 and
3281 4322 114 27 Chalmers,
3415 4322 22 20 of
3455 4322 115 25 Lawrence,

3018 4361 44 19 who
3080 4366 33 14 are
3130 4360 70 23 agents
3223 4357 32 21 for
3273 4357 35 21 the
3327 4365 107 19 companv,
3446 4359 68 26 report
3525 4357 44 21 that

3017 4396 49 24 they
3075 4395 50 20 have
3137 4393 91 20 received
3248 4399 110 14 numerous
3378 4393 76 23 orders,
3474 4393 39 20 and
3531 4392 36 19 the

3017 4429 91 20 machine
3117 4429 36 19 has
3162 4427 106 26 evidently
3280 4427 123 21 established
3422 4435 13 12 a
3454 4426 115 23 reputation

3015 4472 22 12 as
3047 4470 37 14 one
3094 4462 20 21 of
3123 4462 35 20 the
3166 4462 44 19 best
3219 4469 25 13 on
3261 4462 35 20 the
3307 4462 87 21 market.
3422 4461 117 23 Duplicates
3548 4460 24 21 of

3015 4500 26 21 all
3064 4500 55 26 pirts
3139 4498 20 20 of
3175 4498 35 19 the
3231 4498 101 24 machine,
3353 4505 21 12 as
3396 4496 44 21 well
3459 4503 20 14 as
3498 4496 72 21 hinder

3015 4536 69 25 twine,
3094 4534 34 23 oil,
3139 4535 47 24 etc.,
3205 4540 35 13 can
3252 4533 24 20 be
3287 4533 95 21 obtained
3395 4533 52 20 from
3459 4531 109 21 Matthews

3015 4570 39 20 and
3064 4569 110 22 Chalmers,
3188 4568 117 21 Lawrence.

3039 4613 59 20 From
3110 4611 35 20 the
3155 4609 85 22 interest;
3250 4609 57 24 there
3330 4609 15 21 is
3364 4607 102 28 generally
3488 4614 24 14 on
3533 4607 35 21 the

3013 4646 79 26 subject
3102 4644 21 21 of
3133 4645 34 19 the
3177 4644 64 19 initial
3251 4643 56 20 show
3319 4642 65 21 under
3396 4643 34 19 the
3440 4642 90 25 auspices
3537 4641 21 20 of

3013 4680 35 20 the
3058 4679 66 26 newly
3133 4677 78 22 formed
3224 4677 150 21 Horticultural
3389 4677 87 25 Society,
3495 4675 66 21 which

3013 4713 57 21 takes
3086 4712 56 26 place
3151 4714 49 18 next
3216 4710 107 26 Thursday
3335 4710 61 24 week,
3417 4710 16 20 it
3452 4709 73 21 should
3544 4708 23 21 be

3013 4747 111 26 eminently
3135 4746 115 22 successful.
3277 4746 44 20 The
3332 4752 54 19 perm
3394 4746 57 19 n.-nt
3467 4744 94 26 standing

3014 4782 20 20 of
3044 4782 34 20 the
3088 4781 75 25 society
3174 4779 39 21 will
3224 4779 24 21 hi
3257 4778 77 27 largely
3351 4778 113 21 influenced
3479 4778 25 25 by
3523 4777 35 20 the

3014 4816 44 20 first
3067 4814 63 26 show,
3140 4820 21 13 as
3171 4814 16 19 it
3196 4813 16 20 is
3224 4812 67 27 hoped
3308 4814 21 18 to
3344 4812 32 20 lav
3394 4811 35 21 the
3444 4811 122 21 foundation

3014 4851 30 20 for
3054 4857 11 13 a
3080 4848 120 22 substantiel
3216 4847 55 26 prize
3290 4847 51 20 fund
3361 4847 31 20 for
3406 4848 50 18 next
3471 4852 55 19 year,
3545 4851 22 13 so

3013 4886 46 21 that
3075 4884 25 22 all
3117 4883 45 22 who
3177 4882 48 22 wish
3236 4882 36 23 the
3289 4883 55 20 show
3360 4889 11 14 a
3391 4882 119 26 permanent
3527 4879 40 21 and

3015 4927 118 19 prosperous
3143 4920 70 19 future
3231 4919 74 21 should
3324 4919 60 19 exert,
3399 4917 121 21 themselves
3542 4918 21 16 to

3013 4955 80 20 exhibit
3106 4954 40 20 and
3164 4956 33 22 get
3211 4954 54 20 t.heir
3280 4953 76 21 friends
3374 4955 22 17 to
3411 4951 87 22 exhibit.
3524 4950 42 19 The

3014 4988 90 20 business
3114 4987 71 25 people
3195 4987 22 20 of
3227 4987 35 20 the
3272 4989 53 18 town
3338 4985 47 25 (and
3402 4991 60 16 many
3479 4983 80 20 outside

3014 5023 21 21 of
3048 5023 24 24 it)
3082 5023 51 19 have
3151 5022 118 26 generously
3286 5020 103 28 promised
3406 5027 11 14 a
3433 5018 85 22 number
3536 5017 22 20 of

3013 5056 72 27 special
3097 5056 72 22 prizes.
3391 5071 8 11 t

3038 5097 43 20 The
3090 5096 75 21 annual
3182 5098 78 19 contest
3278 5096 20 20 of
3318 5095 35 20 the
3379 5093 110 22 Go'dfields
3507 5092 61 20 Brass

3016 5131 65 21 Bands
3100 5130 134 27 Association,
3258 5129 63 21 which
3340 5136 40 13 was
3397 5130 21 18 to
3437 5127 50 20 have
3505 5124 61 21 taken

3013 5165 57 25 place
3079 5166 22 19 at
3110 5164 83 26 Naseby
3203 5171 24 14 on
3240 5164 34 20 the
3290 5163 52 21 22nd
3359 5162 56 21 inst.,
3427 5161 23 23 is,
3464 5166 27 14 we
3501 5159 66 26 regret

3013 5201 21 17 to
3043 5205 42 19 say,
3096 5198 62 25 likely
3168 5202 21 15 to
3199 5197 8 19 f
3213 5197 21 19 ill
3245 5195 93 26 through
3352 5202 30 18 or,
3389 5196 21 18 at
3417 5194 26 19 all
3455 5194 78 20 events,
3544 5193 21 18 to

3013 5233 24 20 be
3047 5232 119 26 postponed,
3177 5238 65 18 owing
3251 5234 22 17 to
3291 5230 35 20 the
3349 5229 41 20 f:ict
3411 5227 46 21 that
3466 5226 47 23 only
3525 5227 41 19 two

3013 5266 6 19 l
3025 5266 51 21 ands
3084 5265 60 23 could
3154 5264 78 22 attend.
3260 5264 42 20 The
3342 5261 85 27 Naseby
3440 5258 107 24 Chronicle

3012 5303 62 19 states
3084 5301 47 21 that
3140 5303 21 18 at
3171 5308 12 13 a
3195 5300 88 24 meeting
3299 5298 21 20 of
3331 5298 35 20 the
3382 5295 126 26 association,
3519 5294 47 21 held

3012 5338 22 18 at
3044 5335 80 24 Naseby
3135 5342 26 13 on
3171 5335 35 20 the
3215 5333 48 21 ?6th
3275 5330 45 29 u!t,
3336 5331 37 21 the
3384 5330 103 25 following
3498 5335 69 15 course

3013 5378 39 14 was
3070 5370 83 22 decided
3171 5377 26 13 on
3206 5367 109 25 :That
3333 5368 35 20 the
3391 5367 99 23 secretary
3514 5371 40 14 com-

3014 5406 100 21 municate
3124 5405 49 21 with
3185 5406 35 19 the
3229 5402 111 26 Roxburgh
3351 5401 40 22 and
3408 5400 82 27 Naseby
3499 5399 67 21 Eands

3013 5439 49 22 with
3072 5447 11 13 a
3093 5440 49 21 view
3153 5442 22 18 to
3185 5438 53 22 their
3248 5436 129 27 consenting
3386 5437 21 19 to
3415 5434 78 22 outside
3504 5434 62 21 bands

3013 5476 56 23 (.-uch
3079 5483 21 12 as
3109 5475 86 20 Outram
3205 5474 39 20 and
3255 5474 112 19 P.ilmersto
3375 5472 21 22 n)
3412 5471 60 25 being
3481 5470 85 20 allowed

3013 5510 21 18 to
3043 5510 99 23 compete,
3152 5507 47 25 and,
3210 5507 19 19 in
3239 5505 36 20 the
3291 5506 61 19 event
3373 5503 21 20 of
3415 5504 82 19 consent
3508 5502 59 25 being

3011 5540 102 24 obtained,
3125 5542 22 17 to
3157 5540 35 19 the
3203 5538 156 25 postponement
3372 5536 21 20 of
3413 5536 35 19 tbe

3013 5574 54 19 At
3087 5580 12 12 a
3119 5571 88 25 meeting
3225 5569 21 21 of
3270 5569 35 21 the
3330 5568 114 26 Roxburgh
3464 5568 57 21 Band
3540 5575 25 14 on

3011 5606 129 26 Wednesday
3149 5606 59 25 night
3218 5608 21 17 to
3248 5604 92 21 consider
3354 5603 35 21 the
3410 5603 64 20 above
3483 5605 81 23 matter,

3011 5649 10 13 a
3032 5641 110 21 resolution
3154 5647 38 13 was
3203 5639 69 26 passed
3283 5641 22 19 to
3330 5638 36 21 the
3387 5638 62 21 effect
3467 5638 46 20 that
3531 5637 35 21 the

3013 5675 124 22 Association
3147 5674 25 21 be
3179 5672 114 23 Jisbinded
3302 5672 40 21 and
3351 5672 25 21 all
3387 5674 96 19 entrance
3493 5678 73 18 niouey

3012 5709 109 23 returned;
3151 5716 55 19 sieps
3225 5710 23 19 to
3273 5708 25 20 be
3320 5708 61 20 taktu
3400 5707 126 24 afterwards,
3551 5707 16 21 if

3013 5745 88 27 thought
3110 5745 110 24 advisable,
3230 5747 21 19 to
3262 5743 97 23 establish
3369 5750 25 15 an
3403 5743 128 21 Association
3541 5749 25 14 on

3016 5790 5 12 i
3029 5780 64 24 Jfie&h
3102 5780 60 21 basis.

3622 194 32 20 On
3676 193 89 25 Monday
3788 193 86 26 evening
3890 199 13 14 a
3928 192 74 26 special
4020 192 82 21 address
4120 199 28 13 on

3596 230 130 26 temperance
3736 228 41 21 will
3787 228 24 21 be
3821 228 59 27 given
3891 227 27 27 by
3927 228 34 20 Mr
3975 227 25 21 E.
4020 227 29 21 H.

3596 263 72 21 Grand
3678 261 61 23 Chief
3750 261 103 27 Templar,
3865 268 10 13 a
3880 267 7 15 c
3896 261 37 21 the
3948 261 131 21 Athenaeum.
4106 260 31 21 Th
4139 261 11 14 e

3596 296 78 22 lecture
3683 296 40 21 will
3734 296 25 21 be
3769 294 118 24 illustrated
3896 294 27 27 by
3933 294 48 21 lime
3988 294 52 26 light
4048 294 95 26 pictures,

3598 332 41 21 and
3660 339 26 13 an
3704 331 129 28 exceptional
3851 331 55 22 treat
3930 330 17 21 is
3964 329 100 25 promised
4082 336 21 14 as
4117 330 33 21 Mr

3596 367 75 27 Taylor
3688 367 17 21 is
3723 374 26 13 an
3767 366 47 21 able
3823 366 97 27 platform
3930 367 76 19 orator.
4033 366 117 21 Admission

3597 401 51 26 free,
3657 402 108 21 collection
3775 404 21 19 to
3806 402 71 25 defray
3887 407 104 20 expenses.

3623 458 34 21 Mr
3671 458 71 22 James
3757 458 102 26 Mitchell,
3878 457 22 21 of
3914 457 96 27 Oamaru,
4021 456 104 28 publishes
4138 465 12 14 %

3600 501 49 18 very
3662 493 103 21 advanced
3937 491 22 22 of
3976 491 31 22 his
4026 493 60 21 views
4105 500 21 13 a
4139 500 11 14 a

3600 526 106 21 candidate
3723 527 33 20 for
3775 526 35 21 the
3824 526 112 20 Education
3954 526 70 21 Board.
4054 526 33 21 He
4097 527 16 20 is
4124 533 26 14 an

3600 560 155 21 educationalist
3765 560 21 21 of
3802 561 47 25 long
3859 560 125 25 experience,
4003 560 39 21 and
4062 560 49 21 each
4127 561 21 20 of

3601 594 35 20 the
3649 594 86 20 reforms
3753 594 67 20 which
3833 594 26 20 he
3873 594 81 20 intends
3975 595 21 19 to
4006 594 102 25 advocate,
4134 594 16 20 if

3602 629 83 24 elected,
3697 629 41 20 will
3748 629 116 25 materially
3874 628 119 27 strengthen
4000 636 36 14 our
4044 630 106 21 education

3602 667 82 22 system.
3724 663 51 21 Like
3798 664 33 21 Mr
3854 663 52 26 Sim,
3930 663 21 21 of
3974 663 118 24 Crookston,
4117 665 33 21 Mr

3603 698 93 21 Mitchell
3708 698 42 21 will
3760 698 47 21 look
3816 698 53 22 after
3885 698 35 22 the
3929 698 96 21 interests
4034 698 21 22 of
4064 701 86 25 country

3602 734 85 19 schools.

3628 771 33 21 Mr
3677 771 22 21 J.
3718 771 25 22 B.
3761 771 84 28 Jaquet,
3865 771 119 26 A.R.S.M.,
3998 770 85 27 F.G.S.,
4101 771 37 21 Geo-

3603 804 71 25 logical
3685 805 102 26 Surveyor
3796 808 21 18 to
3828 806 35 20 the
3871 806 52 20 New
3932 805 66 21 South
4009 805 68 20 Wales
4088 804 62 21 Mines

3603 841 143 24 Department,
3767 841 45 20 who
3829 841 16 20 is
3861 841 84 26 visiting
3962 841 52 20 New
4029 840 88 20 Zealand
4126 847 24 13 on

3603 874 70 21 behalf
3682 875 22 21 of
3713 875 31 21 hid
3755 875 146 27 Government,
3918 876 79 21 arrived
4008 877 20 19 in
4038 875 112 27 Roxburgh

3603 915 25 14 on
3646 908 93 27 Tuesday
3756 909 40 20 and
3806 910 38 20 left
3854 910 32 20 for
3895 910 108 21 Cromwell
4012 910 41 21 and
4062 910 76 26 Queens-

3603 945 57 20 town
3675 952 25 13 on
3711 945 111 27 Thursday.
3854 945 38 21 His
3905 946 81 21 mibsion
3996 948 22 19 to
4028 946 41 21 this
4078 946 72 27 colony

3602 980 17 21 is
3629 982 21 19 to
3659 980 79 27 inquire
3748 981 43 20 into
3801 981 35 20 the
3847 981 96 27 dredging
3951 982 100 26 industry,
4061 988 22 14 so
4093 989 21 13 as
4129 985 21 17 to

3602 1015 70 21 obtain
3680 1015 28 20 all
3725 1015 131 22 information
3866 1016 98 21 available
3972 1017 49 20 with
4032 1017 36 20 the
4081 1017 69 27 object

3603 1050 21 21 of
3633 1050 104 27 reporting
3751 1049 92 23 thereon.
3869 1050 70 21 While
3948 1051 48 21 here
4005 1051 25 21 he
4040 1058 39 14 was
4089 1052 61 21 taken

3602 1086 74 20 aboard
3688 1085 35 20 the
3732 1085 65 20 Edina
3807 1085 74 27 dredge
3901 1086 26 24 by
3941 1086 33 21 M<-
3993 1086 73 27 Ryley,
4075 1087 41 20 ard
4125 1088 25 19 he

3602 1121 42 21 also
3658 1120 74 21 visited
3742 1121 35 20 the
3787 1121 154 26 Amalgamated
3955 1121 57 21 claim
4023 1122 40 21 and
4074 1122 76 21 several

3602 1155 21 20 of
3642 1155 36 20 the
3697 1154 85 25 dredges
3800 1156 22 18 at
3840 1155 76 20 Millers
3935 1156 54 20 Flat.
4024 1156 33 20 Mr
4074 1156 76 26 Jaquet

3602 1190 64 18 states
3685 1187 46 21 that
3746 1187 97 26 dredging
3861 1188 16 20 is
3896 1189 109 24 attracting
4014 1189 136 20 considerable

3600 1223 102 21 attentiou
3727 1223 20 21 in
3770 1223 98 27 N.S.W.,
3892 1223 40 21 and
3954 1223 69 21 before
4045 1225 49 27 long
4115 1225 35 21 the

3602 1260 121 26 Macquarie,
3734 1259 127 21 Shoalhaven
3871 1260 40 20 and
3920 1260 69 21 Turon
3998 1260 63 21 rivers
4071 1261 40 20 will
4123 1262 25 20 he

3602 1295 80 20 worked
3692 1295 27 24 by
3729 1294 91 26 dredges.
3847 1295 33 19 He
3889 1295 81 20 intends
3981 1297 21 18 to
4010 1297 70 19 return
4096 1296 51 20 with

3601 1329 35 21 the
3647 1329 72 21 fullest
3731 1329 131 20 information
3873 1329 87 26 possible
3969 1336 26 14 on
4003 1330 35 20 the
4049 1331 87 25 subject.

3622 1375 105 26 Certainly
3741 1375 35 21 the
3790 1376 53 20 most
3857 1375 93 21 effective
3963 1375 98 22 medicine
4075 1376 20 21 in
4107 1376 39 22 the

3598 1411 61 21 world
3678 1411 17 21 is
3712 1410 114 22 SANDER
3839 1410 39 20 and
3896 1410 75 21 SONS'
3986 1410 162 22 EUCALYPH

3596 1446 136 22 EXTRACT.
3760 1445 48 21 Test
3815 1444 27 21 its
3849 1444 111 27 eminently
3967 1445 99 27 powerfnl
4075 1446 72 21 effects
4160 1444 3 28 '

3596 1481 22 21 in
3629 1479 82 26 coughs,
3723 1479 61 25 colds,
3795 1479 113 25 influenz\,
3932 1478 35 21 the
3977 1478 59 21 relief
4045 1479 16 20 is
4075 1479 67 21 install

3597 1518 90 19 taneous.
3717 1515 25 20 In
3756 1515 76 20 serious
3842 1521 54 14 cases
3909 1513 41 22 and
3963 1514 102 21 nccidects
4079 1514 22 21 of
4117 1514 32 21 all
4161 1513 3 24 '

3596 1552 68 23 kinds,
3675 1551 25 20 be
3709 1551 49 25 they
3770 1550 90 23 wounds,
3871 1550 68 21 burns,
3948 1549 106 26 scaldings,
4071 1549 79 22 brufiii

3607 1587 73 26 prains,
3690 1587 16 19 it
3715 1587 17 20 is
3740 1587 35 20 the
3784 1586 62 21 safest
3856 1586 134 26 rerandyno
4000 1586 150 25 swellingno
4160 1582 4 31 *

3596 1622 155 22 inflammation.
3781 1622 49 19 Like
3840 1621 110 25 surprising
3961 1622 72 20 effects
4043 1621 105 26 produced

3598 1655 20 19 in
3631 1661 68 18 croup,
3710 1653 107 26 fiipthpria,
3831 1654 117 25 bronchitis,
3961 1654 148 20 inflammation
4125 1653 25 21 of

3600 1689 36 20 the
3657 1688 66 26 lungs,
3737 1688 108 26 swellings,
3854 1689 37 20 etc.
3911 1688 108 25 diarrhoea,
4034 1688 100 24 dysentrv

3599 1723 86 19 diseases
3695 1722 20 19 of
3725 1721 35 20 the
3774 1721 84 24 kidneys
3867 1721 40 20 and
3921 1721 81 25 urinary
4011 1728 78 18 organs.
4117 1721 27 20 In

3615 1763 21 14 se
3643 1755 53 21 stall
3702 1755 99 25 hospitals
3807 1754 39 21 and
3854 1754 83 22 medical
3943 1754 74 26 clinics,
4030 1756 91 26 patronis
4134 1755 14 22 d

3600 1791 27 26 by
3636 1791 38 21 His
3684 1791 86 26 Majesty
3780 1789 35 21 the
3826 1788 55 27 King
3890 1788 21 21 of
3921 1787 62 27 Italy,
3993 1788 92 22 crowned
4106 1789 46 21 *ith

3602 1827 65 19 medal
3677 1827 39 20 and
3725 1827 90 24 diplo;na
3823 1829 22 18 at
3857 1827 150 21 International
4020 1827 128 24 Exhibition,

3605 1861 137 22 Amsterdam.
3769 1861 61 21 Tr:st
3840 1869 20 12 in
3871 1862 40 20 this
3922 1862 102 25 approved
4034 1862 70 22 article
4113 1862 39 21 and

3604 1897 64 25 reject
3677 1897 26 21 all
3715 1898 69 20 others
4028 1897 3 25 >

3748 1978 125 48 Mining
3915 1978 110 40 Notes.

3645 2057 57 28 The
3718 2055 150 40 Roxburgh
3885 2055 209 40 Amalgamated
4109 2057 47 30 Co.

3609 2098 108 28 washed
3751 2108 36 27 up
3819 2097 43 27 for
3894 2095 212 36 JanuaryNo.
4142 2100 12 26 1

3608 2138 129 35 elevator,
3761 2138 67 28 2loz
3860 2136 102 37 10.iwfc;
3984 2136 43 29 No
4050 2138 26 35 2,
4091 2138 67 30 660z

3610 2180 92 35 sdwt;
3723 2180 52 27 No.
3802 2179 26 34 3,
3852 2179 85 34 250z;
3958 2180 54 26 .No.
4039 2181 25 32 4,
4091 2181 68 27 290z

3613 2220 100 29 lldwt.

3648 2260 57 29 The
3737 2258 139 39 dredging
3908 2262 107 25 returns
4041 2259 42 29 for
4106 2260 53 30 last

3610 2301 77 28 week
3708 2300 216 28 wereKttrick
3939 2300 49 27 Boz
4003 2300 75 28 Cdwfc
4094 2301 66 36 12gr

3615 2342 58 35 (the
3685 2340 68 40 higli
3768 2343 70 27 state
3852 2340 28 29 of
3889 2340 46 28 the
3949 2339 72 30 river
4031 2345 128 33 prevents

3611 2384 50 26 her
3671 2382 126 35 working
3807 2382 88 26 where
3905 2382 46 26 the
3960 2381 65 37 gold
4036 2382 23 26 is
4070 2382 91 36 owing

3612 2426 28 25 to
3671 2422 47 28 the
3737 2421 87 37 drift),
3858 2420 104 29 Golden
3997 2420 69 30 Gate
4097 2423 63 28 18oz

3616 2464 97 34 12dwt,
3721 2462 105 30 Golden
3837 2462 131 29 Treasure
3984 2463 63 28 l4oz
4062 2462 97 35 lOdwt,

3612 2504 109 28 Bender
3746 2504 73 28 Burn
3844 2503 49 29 Boz
3908 2502 92 29 13dwt
4019 2504 78 30 18<2rra
4118 2503 43 29 for

3671 2530 16 12 r>
4051 2528 16 13 o

3613 2548 51 25 two
3680 2544 97 35 weeks,
3788 2544 89 36 Otago
3892 2543 67 29 370z
3975 2542 83 30 fc'dwt.

3648 2584 56 29 The
3740 2584 86 28 Kdina
3857 2583 113 37 dredge,
3996 2583 89 29 which
4111 2584 49 28 has

3610 2626 68 28 been
3694 2625 63 28 shut
3778 2624 79 29 down
3883 2625 44 28 for
3952 2635 16 17 a
3996 2624 77 29 week
4099 2631 62 32 past

3610 2666 119 33 through
3757 2676 15 17 a
3797 2665 149 37 breakage,
3961 2666 105 27 started
4079 2665 81 39 again

3609 2706 144 38 yesterday
3774 2705 137 38 morning.
3952 2706 55 27 She
4028 2706 22 27 is
4064 2716 35 17 on
4113 2715 32 18 ex-

3610 2747 98 29 cellent
3722 2746 82 36 wash,
3818 2746 54 28 and
3888 2746 46 28 the
3944 2746 155 38 proprietor
4112 2746 48 29 has

3609 2787 70 35 good
3696 2790 141 34 prospects
3848 2787 31 28 of
3886 2787 111 36 getting
4008 2798 16 16 a
4033 2787 112 28 substan-

3608 2827 48 29 tial
3688 2827 105 29 reward
3825 2827 44 28 for
3894 2827 41 28 his
3962 2838 119 26 courage
4106 2827 55 29 and

3608 2868 160 36 enterprise.

3646 2907 57 30 Our
3754 2908 142 29 Cromwell
3946 2908 214 39 correspondent,

3608 2949 186 28 writesThe
3809 2949 118 29 Electric
3941 2951 66 26 J\os.
4037 2954 6 23 I
4069 2949 53 28 and
4143 2949 15 27 2

3608 2989 104 29 started
3733 2989 75 28 work
3831 3000 35 17 on
3893 2989 216 38 Monday.Ho
4113 2993 45 32 top
4178 3005 5 7 <

3608 3029 50 28 and
3675 3029 104 38 party's
3793 3040 59 16 new
3864 3029 104 36 dredge
3982 3029 47 28 has
4045 3029 113 35 started,

3607 3069 54 28 and
3674 3070 47 27 the
3732 3069 155 37 machinery
3897 3069 23 28 is
3931 3069 127 36 working
4068 3069 92 37 splen-
4177 3087 6 3 -

3607 3109 86 28 didlv.
3732 3108 87 29 Wash
3833 3109 29 28 of
3883 3109 59 28 rich
3957 3109 104 38 quality
4075 3109 22 28 is
4114 3116 44 22 be-
4178 3127 5 3 -

3607 3160 50 25 ing
3671 3149 118 28 worked.

3718 3240 178 42 Warden's
3939 3239 110 43 Court.

3642 3326 52 27 The
3708 3326 130 34 following-
3850 3328 21 25 is
3884 3327 41 27 the
3948 3326 43 28 list
4010 3326 28 27 of
4047 3326 113 28 business
4170 3337 11 14 -;

3609 3370 37 21 set
3659 3365 72 26 down
3746 3364 36 26 for
3795 3365 102 28 hearing
3911 3372 24 20 at
3949 3365 42 26 the
4004 3363 62 27 local
4081 3364 78 28 Court

3608 3411 32 17 on
3653 3402 138 32 Thursday,
3809 3401 59 27 10th
3882 3401 127 36 February
4024 3412 41 17 :

3709 3441 178 25 Adjourned
3913 3439 143 27 Business.

3695 3477 136 28 Surrender
3844 3476 38 27 for
3896 3476 177 27 Cancellation.

3642 3517 31 26 R.
3687 3515 22 28 J.
3726 3515 111 27 Pitchers
3851 3515 48 26 and
3918 3517 121 25 another:
4060 3515 97 37 Special
4177 3515 3 37 '

3607 3553 80 34 claim,
3706 3553 88 27 license
3809 3552 39 26 No
3873 3553 122 35 1(59/95r.

3805 3590 160 27 Water-race.

3643 3630 21 26 A
3701 3628 31 28 H.
3759 3627 139 37 T?mblyn:
3928 3629 53 25 One
4012 3628 64 28 head
4095 3628 63 28 from

3606 3667 85 27 Jones'
3706 3667 75 27 Creek

3777 3704 94 36 Special
3892 3703 91 27 Claims

3643 3743 32 25 D.
3692 3742 30 25 H.
3734 3742 109 25 Parker:
3861 3742 33 25 32
3908 3750 73 22 acres,
3997 3741 184 27 Whitecomb->

3607 3790 89 18 survev
3711 3780 96 27 district

3645 3820 31 24 H.
3691 3818 151 29 Younjrman
3856 3827 5 16 :
3892 3818 28 24 41
3937 3826 75 22 acres,
4026 3816 76 37 being-
4116 3828 39 16 sec

3607 3856 42 29 29,
3663 3856 72 26 block
3749 3864 18 23 I,
3783 3855 85 26 Teviot
3882 3854 94 25 district

3643 3895 32 24 A.
3690 3894 30 25 B.
3735 3893 73 26 Jmrie
3819 3901 5 17 :
3844 3892 29 25 51
3889 3900 73 19 acres,
3976 3891 75 33 being
4061 3901 39 17 sec

3609 3931 69 27 block
3694 3940 31 25 ii,
3741 3931 97 32 Benger
3852 3938 88 26 survey
3953 3928 97 27 district

3772 3967 63 27 New
3855 3967 142 25 Business.

3807 4004 146 35 Complaint.

3642 4044 20 27 F
3694 4044 27 26 G.
3749 4041 102 28 Da'ziell
3878 4051 19 17 v.
3929 4041 116 27 Pleasant
4067 4041 84 39 Valley

3595 4079 1 35 |
3606 4082 67 28 G.M.
3690 4082 35 26 Co
3737 4092 5 16 :
3762 4079 115 35 Friendly
3889 4081 48 24 suit

3798 4117 148 27 Protection.

3595 4148 1 43 |
3638 4157 25 26 T.
3683 4157 88 27 Brown
3786 4155 47 26 and
3845 4158 82 24 others
3941 4148 4 43 :
3964 4154 79 28 Three
4056 4157 99 25 months
4178 4148 2 43 .

3606 4202 23 20 to
3643 4194 117 27 extended
3775 4193 71 27 claim

3637 4232 25 27 T.
3678 4234 91 25 Brown
3784 4230 47 27 and
3843 4230 83 27 others
3940 4241 6 16 :
3963 4230 80 28 Three
4056 4232 100 30 months
4173 4253 7 6 -

3604 4277 24 19 to
3642 4277 142 19 water-men

3767 4305 127 28 Extended
3910 4305 86 27 Claim.

3639 4343 52 27 ITee
3705 4344 58 27 Lnie
3776 4354 5 17 :
3803 4345 9 26 1
3830 4353 62 22 acre,
3905 4350 60 20 west
3976 4344 66 27 bank
4052 4344 104 35 Clutha;
4176 4343 3 36 ;

3602 4382 104 34 opposed
3723 4383 30 23 bv
3769 4383 74 33 Mary
3857 4382 106 25 O'Brien

3638 4418 28 27 F.
3682 4418 108 28 Bowden
3803 4429 6 16 :
3833 4420 8 25 1
3858 4428 53 17 aero
3924 4424 52 21 east
3990 4419 51 26 side
4064 4418 76 28 Fruid-

3603 4455 61 27 burn
3679 4458 74 26 creek

3637 4494 25 27 F.
3683 4495 76 27 Laloli
3774 4496 47 26 and
3837 4495 102 27 another
3953 4494 4 29 :
3977 4495 14 26 2
4002 4504 68 18 acres
4081 4496 74 27 north
4170 4509 6 7 -

3602 4531 64 27 bank
3685 4533 157 26 Whitecomb
3856 4533 70 26 creek

3635 4569 26 27 T.
3679 4570 69 26 Rue:
3771 4571 9 25 1
3793 4580 55 17 acre
3861 4577 26 19 at
3911 4571 111 32 junction
4038 4571 114 28 Gibson's-

3600 4608 70 26 creek
3683 4608 47 26 and
3746 4608 143 28 Fruidburn

3793 4646 176 26 Water-races.

3635 4681 21 26 F
3676 4681 107 26 Bowden
3796 4692 6 15 :
3823 4683 13 25 G
3850 4682 74 26 beads
3936 4683 62 26 from
4010 4683 143 26 Fruidburn

3633 4719 26 25 T.
3676 4719 53 25 Rae
3743 4729 5 16 :
3767 4719 15 26 6
3796 4719 74 26 heads
3882 4719 59 26 from
3955 4719 116 26 Gibson's
4082 4721 72 26 creek

3783 4756 97 26 Branch
3898 4756 65 26 Race

3635 4792 19 25 E
3675 4792 27 26 J.
3716 4792 103 26 Vernon
3833 4803 5 16 :
3861 4796 53 22 One
3930 4794 56 24 mile
3997 4794 60 26 from
4076 4794 77 26 Lnlol:
4169 4815 6 10 t

3599 4829 46 26 t:nd
3666 4829 124 27 Vernon's
3809 4839 61 20 race,
3887 4830 161 26 Whitecomb

3815 4866 122 28 Tail-race

3631 4903 28 27 T.
3678 4905 87 25 Brown
3792 4905 48 25 and
3864 4906 84 25 others
3962 4915 5 15 :
3984 4905 89 36 35yds,
4089 4905 36 26 fro
4129 4916 21 18 a:

3598 4940 96 27 Golden
3711 4941 87 35 Valley

3773 4978 133 28 Heeidence
3920 4978 58 26 Sire.

3635 5014 17 26 E
3675 5015 27 25 T.
3720 5015 71 28 Kitto
3803 5027 6 17 :
3829 5019 53 25 One
3896 5026 63 23 acre,
3980 5024 53 28 part
4048 5017 27 26 of
4086 5018 48 26 min-

3598 5053 44 32 ing
3656 5062 95 17 reserve

3772 5091 210 32 Amalgamation.

3631 5126 66 28 John
3720 5127 61 28 Edje
3805 5131 48 25 and
3879 5130 67 27 John
3973 5130 159 33 Kitkpatrick
4146 5126 4 37 :

3599 5164 119 28 Licensed
3748 5166 117 35 holdings
3891 5168 60 27 Nos.
3978 5168 97 27 77a107
4101 5170 47 25 and

3597 5203 116 35 206/96r

3734 5239 120 29 Licensed
3876 5242 133 36 Holdings.

3630 5278 26 25 T.
3683 5278 91 26 Brown
3800 5280 49 26 nnd
3873 5282 101 25 others:
4017 5281 26 26 11
4072 5290 77 24 acres,

3600 5314 115 26 Pleasant
3729 5316 90 27 Valley

3633 5351 115 28 Pleasant
3769 5352 88 37 Valley
3873 5354 61 28 G.M
3955 5355 62 27 Co.:
4038 5356 26 26 11
4082 5365 68 18 acres

3597 5396 24 20 at
3635 5399 39 18 sec
3688 5391 40 32 34,
3743 5390 69 27 block
3828 5400 24 24 v,
3867 5392 86 27 Teviot
3965 5393 96 27 district

3668 5427 115 30 Henewal
3796 5429 154 32 Occupation
3965 5429 113 30 License.

3631 5466 31 26 R.
3682 5466 63 27 Hidd
3758 5478 5 15 :
3786 5467 42 27 No.
3845 5469 77 33 36/87

3682 5503 138 27 Surrender
3835 5505 35 25 for
3882 5505 181 29 Cancellation.

3632 5539 27 28 E.
3693 5540 23 26 J.
3745 5540 100 28 Vernon
3859 5552 5 16 :
3890 5544 157 26 Water-race
4072 5546 79 27 under

3596 5576 47 27 last
3657 5578 104 26 renewal
3777 5578 89 28 license
3882 5580 45 26 No.
3939 5581 214 38 898730/4/9G

3746 5617 152 33 Occupation
3915 5618 90 27 Leases

3631 5652 103 27 Francis
3749 5653 108 38 Mackay
3870 5665 5 16 :
3894 5656 15 26 5
3923 5665 75 23 acres,
4010 5664 54 29 part
4075 5658 29 27 of
4110 5669 42 17 sec

3598 5690 39 28 02,
3654 5690 69 27 block
3743 5700 43 21 in,
3800 5693 98 33 Benger

3632 5729 29 25 A.
3680 5728 16 27 L
3723 5728 163 30 Wescouibe.
3912 5732 15 27 8
3950 5740 75 26 acre,
4047 5740 56 31 part

3597 5775 39 17 sec
3650 5766 40 32 60,
3706 5766 72 28 bltck
3793 5776 45 26 hi,
3856 5768 97 37 Benger

1709 119 199 44 MOUNT
1995 114 229 49 fiENGEB
2306 116 155 41 MAIL.

3447 104 165 48 Friday,
3636 104 216 48 February
3875 101 41 45 4,
3941 100 108 41 1698

97 228 178 38 MONDAY,
287 230 52 29 7th
349 227 217 38 FEBRUARY,
578 226 71 31 1898

256 273 35 24 At
304 271 15 25 2
334 270 91 27 o'clock
439 279 59 27 p.m.

137 352 207 29 ROXBURGH
375 350 95 30 GOLD
501 349 119 28 STEAM

149 390 194 29 DREDGING
357 390 50 28 CO.
422 387 187 37 (LIMITED),

228 446 40 27 IN
286 443 250 36 LIQUIDATION.

100 520 92 57 JA
212 519 65 28 BE
297 518 25 29 Z.
406 514 249 31 BURTON

182 559 45 28 has
250 557 109 29 received
382 557 163 27 instructions
566 561 26 21 to
613 553 44 28 sell

109 598 32 36 by
153 597 82 35 public
249 597 107 31 auction,
376 600 25 22 at
424 595 41 26 the
486 592 172 29 Auctioneer's

105 636 94 26 Rooms

178 682 139 29 Roxburgh
328 682 83 28 Steam
421 680 102 37 Dredge
534 680 35 35 (in
581 679 63 27 work-

246 723 44 32 ing
303 721 92 33 order),
409 721 59 25 with
484 719 30 26 all
529 726 130 26 neceesaiy

246 758 107 29 Gearing
353 754 4 37 -
368 767 6 24 ;
406 763 50 20 two
494 755 84 30 Boats,
605 754 53 26 well

245 795 126 28 furnished
383 795 58 26 with
454 793 72 28 Head
540 793 48 27 and
602 791 57 27 Side

244 835 82 26 Lines.

330 882 70 32 Also,

181 935 97 36 Special
303 934 78 27 Claim
402 932 26 27 of
444 931 30 28 61
496 940 74 22 acres,
585 929 75 34 being

250 973 98 26 Section
362 972 23 33 2,
398 970 78 27 Block
491 968 71 34 VII.,
573 968 87 26 Teviot

248 1012 111 25 Dis'.rict.

307 1076 40 38 [A
367 1072 96 38 Card.]

112 1227 47 55 Q
251 1218 410 37 HUBENER,

164 1273 155 36 'teacher
340 1285 36 20 of
395 1283 60 22 the
476 1281 111 26 violin,

115 1340 68 29 Will
195 1338 66 30 visit
273 1336 154 37 Roxburgh
441 1333 104 38 weekly
571 1333 91 36 (every

314 1383 142 37 Monday.)

114 1477 95 28 Terms
220 1486 34 18 on
264 1474 163 38 application
438 1476 28 25 to
477 1472 52 29 self
538 1483 30 17 or
580 1470 83 28 Office

287 1523 29 27 of
330 1521 54 29 this
398 1521 96 36 Paper.

116 1594 76 57 W.
272 1593 23 28 T

387 1592 22 28 B
430 1592 23 28 0
472 1590 36 28 W
530 1590 24 27 I)
575 1590 22 27 E
618 1589 26 28 N

187 1668 176 23 CARPENTER,
390 1665 113 24 JOINER,
531 1663 61 21 AND

286 1693 207 26 UNDERTAKEN,

112 1737 99 26 Desires
237 1741 24 19 to
288 1733 76 27 thank
391 1733 40 25 the
463 1730 86 27 Public
574 1731 23 23 of
623 1729 41 25 ilip

112 1775 105 27 District
232 1773 38 26 for
287 1778 53 30 past
360 1776 111 30 support,
491 1768 47 26 and
559 1767 61 28 be<_-s
640 1775 23 16 to

112 1813 88 26 inform
233 1811 65 25 them
334 1812 52 24 thaf
418 1808 29 25 lie
478 1807 43 25 has
552 1804 111 27 rcsmiud

113 1850 121 27 Business
247 1850 24 24 in
286 1845 148 34 Roxburgh.

113 1926 134 26 Estimatps
260 1924 71 33 givpn
343 1923 47 25 and
402 1920 120 33 Building
533 1919 131 26 Contracts

216 1963 26 24 of
259 1960 30 27 all
309 1959 73 27 kinds
400 1957 161 28 undertaken.

150 2036 76 27 Plans
239 2036 47 26 and
307 2033 185 37 Specifications
507 2029 121 36 prepared.

120 2109 47 53 Jg
284 2108 57 37 w
406 2107 19 37 I
491 2105 36 36 K
595 2103 36 36 H
658 2142 7 13 ,

112 2180 135 26 PAINTER,
271 2178 130 26 GLAZIER,
425 2176 91 22 PAPER
536 2173 129 25 HANGER.

186 2214 68 22 SIGN
274 2213 114 20 WRITER
411 2211 61 21 AND
494 2208 95 22 HOUSE

298 2244 177 25 DECORATOR,

206 2288 70 28 Ross
296 2286 99 34 Place,
415 2285 161 27 Lawrence.

155 2372 42 27 On
213 2369 61 29 Sale
288 2379 15 17 a
312 2368 76 37 large
399 2366 52 29 and
462 2365 92 29 varied
565 2366 86 26 assort-

119 2413 75 27 ment
207 2410 27 28 of
248 2408 67 35 Oils,
329 2408 104 33 Paints,
456 2405 98 34 Scrim,
578 2404 87 33 Glass,

119 2449 226 41 Paperhangirga
369 2446 53 30 arid
443 2445 133 29 Painters'
598 2443 51 29 Sun-

121 2493 82 28 dries.

158 2533 67 28 New
235 2530 51 29 and
295 2528 168 30 fashionable
472 2526 73 29 Wall
556 2525 109 39 Papers,

122 2574 71 29 from
207 2572 35 28 5d
263 2581 49 28 per
333 2571 73 37 piece
430 2568 134 38 upwards.
606 2572 7 21 1
627 2569 26 24 at-

120 2617 77 26 terns
211 2616 59 25 sent
283 2621 32 19 on
338 2609 173 40 application,
526 2612 61 34 post
601 2606 64 28 free.

158 2654 144 29 Estimates
316 2652 81 38 given
410 2651 43 27 for
475 2647 116 31 General
614 2646 34 29 Re-

118 2695 83 38 pairs.

158 2732 159 31 Celebrated
332 2732 129 28 Lustruss
479 2729 89 35 Paint,
581 2728 83 38 ready

118 2775 102 35 mixed,
232 2775 35 28 all
282 2773 119 29 Colours.

220 2852 44 37 C.
305 2852 35 36 J.
383 2851 185 48 Coombs,

141 2913 193 31 SURGICAL
354 2911 24 29 &
395 2907 254 32 MECHANICAL

312 2963 172 38 DENTIST}

329 3019 38 25 (By
381 3019 81 22 Exam.)

183 3078 25 26 R
228 3076 150 28 COOMBS
395 3085 60 25 may
470 3074 34 27 be
519 3072 146 29 Consulted

374 3120 28 21 at

275 3154 122 30 Heron's
420 3153 93 28 Hotel

124 3208 40 30 On
191 3206 153 36 FRIDAY,
376 3207 65 27 21st
472 3203 193 30 JANUARY.

158 3287 39 29 As
210 3287 15 27 I
237 3285 94 29 intend
343 3285 113 35 visiting
475 3282 56 29 this
550 3281 115 29 District

120 3325 183 42 periodically,
315 3325 22 29 it
345 3325 54 28 will
407 3333 63 20 save
484 3322 123 29 Patients
617 3321 47 29 the

119 3376 118 29 expense
249 3366 28 28 of
289 3366 85 37 going
388 3368 28 25 to
429 3368 73 25 town
514 3374 8 24 ;
542 3362 53 28 and
609 3372 29 18 as
649 3362 13 28 I

120 3410 147 35 guarantee
286 3405 36 29 all
344 3405 86 35 work,
455 3403 123 29 Patients
600 3412 63 28 may

117 3447 57 39 rely
187 3457 35 19 on
234 3446 111 38 getting
357 3457 16 17 a
386 3444 142 29 first-class
538 3443 115 28 denture

116 3528 90 23 TEETH
233 3527 82 22 MADE
342 3527 38 21 BY
409 3525 95 21 OTHER
529 3523 133 23 DENTISTS

135 3555 130 22 PROVING
275 3553 251 22 UNSATISFACTORY
536 3552 60 20 MAY
607 3552 35 20 BE

170 3582 194 23 REMODELLED
377 3581 36 22 AT
427 3580 92 22 SMALL
533 3579 73 21 COST.

118 3653 123 29 Painless
270 3650 160 30 Extraction
459 3648 65 29 with
549 3647 112 29 Nitrous

153 3694 88 29 Oxide
262 3692 65 36 Gas,
350 3691 124 34 Cocaine,
487 3689 94 36 Ether,
595 3699 31 19 or

298 3732 181 28 Chloroform.

101 3804 4 38 -
115 3809 132 29 Stopping
267 3816 70 19 with
357 3808 84 34 Gold,
463 3804 145 36 Amalgam,
628 3812 34 19 or

327 3848 122 30 Cement.

204 3925 31 30 C.
283 3924 29 30 J.
365 3920 204 37 COOMBS,

252 3974 128 28 Surgeon
402 3971 118 28 Dentist

153 4014 144 39 (Cpposite
312 4012 128 40 CargilPs
453 4011 172 38 Monument)

317 4053 143 22 DUNEDIN.

227 4094 80 37 (Late
320 4093 76 29 Kidd
409 4092 54 29 and
478 4091 58 38 Co.)

131 4282 125 33 Florist,
275 4280 171 28 Wholesale
465 4289 53 19 and
541 4278 100 30 Retail

251 4320 85 28 Seeds
357 4320 165 35 Merchant,

138 4372 138 29 MORAY
296 4370 132 35 PLACE,
447 4370 189 37 DUNEDIN,

115 4424 115 25 (Successor
238 4424 22 18 to
268 4423 50 19 Geo.
326 4421 266 21 MatthewsEstablished
603 4422 56 21 1850.

242 4489 148 30 FLORAL
411 4489 126 29 WORK.

151 4532 67 30 This
246 4532 23 27 is
294 4531 47 28 the
367 4529 125 39 Leading
517 4530 94 28 House
635 4531 26 27 in

115 4573 128 29 Dunedin
257 4572 43 28 for
319 4571 94 28 Bridal
437 4570 134 34 Showers,
592 4571 54 27 Bou-

114 4618 90 36 quets,
225 4611 140 37 Wreaths,
380 4611 113 40 Sprays,
505 4610 56 30 and
575 4611 90 29 Floral

108 4656 131 37 Designs.

147 4696 51 37 My
211 4692 139 32 continual
363 4692 53 29 and
431 4692 131 30 unvaried

108 4746 152 23 SUCCESSES
274 4745 38 22 AT
324 4745 57 21 THE
395 4745 131 20 DUNEDIN
543 4745 119 20 FLOWER

336 4772 99 21 SHOWS

112 4811 22 27 is
152 4810 135 28 sufficient
305 4808 80 37 proof
406 4807 29 29 of
448 4818 46 27 my
514 4808 147 39 capability

112 4851 26 27 in
153 4850 56 27 this
221 4849 106 28 branch
340 4848 28 28 of
381 4848 47 28 the
441 4848 133 29 business.

149 4889 50 39 My
209 4889 160 38 experience
380 4888 109 30 enables
502 4899 44 19 me
559 4892 27 26 to

145 4948 75 21 PACK
233 4946 90 21 THESE
336 4946 139 21 DELICATE
490 4947 134 21 ARTICLES

112 4983 45 29 for
175 4983 50 28 rail
245 4992 30 18 or
298 4985 115 25 steamer
425 4982 66 28 with
513 4983 67 28 such
600 4992 60 19 care

112 5023 55 29 and
190 5032 107 20 success
311 5032 29 19 as
354 5025 27 26 to
394 5032 97 19 ensure
513 5023 71 28 their
602 5023 58 29 safe

112 5064 55 28 and
177 5063 105 38 perfect
293 5062 128 37 delivery,
430 5073 66 18 even
506 5063 71 28 after
585 5073 75 19 some

112 5104 67 37 days
193 5104 27 27 in
234 5102 107 29 transit.

149 5144 15 28 I
178 5144 69 28 have
260 5153 145 19 numerous

112 5193 193 24 UNSOLICITED
315 5193 205 22 TESTIMONIALS
530 5194 78 21 FROM
618 5195 42 20 MY

303 5221 162 20 CUSTOMERS

114 5256 54 30 and
182 5256 117 29 Patrons
313 5256 131 38 attesting
466 5259 28 26 to
508 5266 44 29 my
566 5256 94 40 ability

113 5299 28 27 in
154 5297 55 29 this
222 5296 154 39 particular.

327 5368 126 30 SEEDS.

155 5411 14 28 I
195 5411 101 38 import
327 5409 65 38 only
423 5409 69 29 from
524 5411 47 29 the
601 5412 61 29 best

117 5453 146 38 European
277 5450 54 30 and
341 5450 174 30 Continental
530 5451 131 38 Growers,

117 5503 31 18 so
161 5493 60 27 that
234 5492 161 37 purchasers
408 5501 49 18 can
470 5493 59 36 rely
550 5502 33 18 on
601 5497 45 33 get-

115 5533 63 36 ting
190 5531 116 36 nothing
323 5531 51 28 but
389 5531 46 28 the
449 5531 60 28 best
523 5532 97 28 strains
634 5533 29 28 of

114 5572 95 29 Seeds.

155 5611 40 29 To
208 5611 79 28 those
300 5610 60 28 who
373 5610 69 29 have
460 5614 47 24 not
521 5611 80 37 givpn
616 5623 45 26 my

119 5651 72 31 Seed
213 5662 16 18 a
249 5650 70 36 trial,
334 5650 14 29 I
358 5649 90 30 would
468 5650 56 29 like
547 5651 73 29 them
634 5656 28 24 at

127 5696 59 25 east
199 5696 29 25 to
241 5691 66 29 send
320 5701 44 19 me
376 5702 15 17 a
406 5691 78 28 small
503 5691 59 28 trial
584 5693 80 28 order

115 5733 56 32 and
184 5742 126 29 compare
323 5731 109 35 results,
444 5731 55 28 and

133 5785 14 22 I
160 5785 44 23 AM
218 5782 129 23 WILLING
359 5782 35 20 TO
409 5783 87 20 ABIDE
508 5783 39 20 BY
559 5783 88 21 THEIR

321 5809 144 23 DECISION.

700 676 11 20 1
725 674 80 22 Double
816 674 87 20 Fuchsia

700 705 12 20 2
725 703 68 23 Single
802 701 87 22 Fuchsia

700 733 12 19 3
725 731 65 20 Three
800 729 102 23 Fuchsias,
919 726 87 21 varietiei

700 759 12 20 4
725 757 65 21 Three
802 755 94 21 Petunias
946 753 25 21 do

701 786 12 20 5
726 784 68 27 Single
804 783 111 21 Geranium

701 814 12 19 6
726 811 79 22 Double
816 811 110 20 Geranium

701 841 12 20 7
727 840 64 20 Three
800 837 127 23 Geraniums,
940 835 64 21 variet

701 868 12 18 8
727 867 49 20 Btst
788 864 142 27 Pelargonium

701 895 12 20 9
726 894 66 21 Three
801 892 159 26 Pelargoniums,
971 896 35 14 var

690 922 23 21 10
726 922 44 20 One
778 921 40 25 Ivy
829 919 112 22 Geranium

690 951 20 20 11
727 950 50 20 Best
790 948 75 21 Cactus

690 978 24 21 12
728 976 82 25 Foliage
820 975 89 24 Eegonia

689 1006 25 20 13
728 1005 50 20 Best
789 1003 116 24 Flowering
913 1000 91 26 Begonia

690 1033 23 21 14
727 1031 113 22 Collection
850 1030 22 21 of
880 1030 42 21 Cut
934 1028 68 21 Flowe

764 1065 55 15 more
829 1058 95 21 varieties

689 1089 25 20 15
726 1088 49 20 Best
785 1086 105 26 Specimen
905 1084 61 21 Plant

691 1116 22 20 16
729 1115 54 21 Most
793 1114 68 26 points
872 1113 20 20 in
901 1112 64 21 above
975 1112 31 21 CI:

798 1166 69 21 Class
880 1164 126 21 ll.Bordi

702 1202 8 20 1
727 1201 65 21 Three
804 1199 68 21 Sweet
880 1197 103 21 Williams

703 1230 12 20 2
729 1229 65 20 Three
804 1227 42 21 Sun
858 1226 88 21 Flowers

704 1258 12 21 3
729 1256 44 21 One
783 1256 43 20 Sun
836 1255 87 24 Flower,
932 1253 74 25 largest

704 1286 12 19 4
729 1284 64 21 Three
803 1282 77 21 French
891 1281 109 25 Marigolds

704 1312 12 21 5
729 1312 65 20 Three
804 1310 84 21 African
900 1307 106 27 Marigolds

704 1340 12 19 6
729 1339 36 21 Six
774 1338 129 24 Carnations,
919 1336 84 20 varietie

704 1368 12 21 7
729 1367 36 20 Six
776 1366 90 20 Picotees
966 1362 26 21 do

705 1395 12 20 8
730 1395 35 20 Six
775 1394 60 20 Show
847 1392 80 21 Pansies
938 1390 47 26 (self
994 1397 12 14 c

705 1423 12 20 9
731 1423 34 20 Six
777 1422 67 24 Fancy
854 1419 89 25 Pansies,
954 1418 52 21 varie

692 1450 25 21 10
730 1449 66 21 Three
809 1447 70 22 Lillies
991 1445 13 21 d

693 1479 21 19 11
729 1477 36 19 Tin
771 1483 22 13 ee
803 1476 62 20 Rnses
990 1474 12 19 d

692 1505 25 20 12
729 1505 34 19 Six
778 1504 62 20 Roses
990 1500 12 19 d

694 1532 23 20 13
729 1531 65 21 Three
807 1527 77 25 I'ruble
894 1527 83 22 Dahlias
990 1527 11 19 d

693 1560 22 18 14
731 1559 33 19 Six
775 1557 80 21 Df'ul'ie
865 1556 83 20 Dahlias
988 1554 18 20 di

694 1585 23 21 15
729 1585 64 19 Three
804 1585 27 18 Sii
840 1584 32 25 g'e
882 1582 83 21 Dahlias
989 1581 17 20 di

694 1614 23 18 !ti
729 1612 64 20 Three
805 1613 70 18 Asiers
990 1608 16 19 di

694 1640 22 20 17
729 1640 34 18 Six
779 1641 68 17 As'-rs
990 1636 16 19 di

693 1667 24 19 18
729 1666 66 20 'three
804 1664 106 20 V'ilrias
990 1662 16 20 di

696 1689 19 25 ]M
730 1693 65 21 Three
807 1691 101 21 |ii>n<hus
990 1689 16 20 d'

692 1722 25 20 20
729 1717 59 25 T;.r>
912 1717 94 21 Pereunis

767 1754 18 12 v.
795 1754 14 12 !1
825 1747 14 19 'i
853 1754 8 11 s

693 1777 23 19 21
731 1775 65 21 Time
807 1775 20 19 P!
839 1775 60 20 'oxes,
912 1773 94 20 Drumm(

770 1810 30 13 VM
806 1802 41 20 ifii'
855 1810 8 8 :

694 1831 25 20 2?
732 1830 63 20 Three
809 1829 162 24 Ai.tnLinums,
980 1833 24 13 va

694 1859 24 19 23
732 1858 50 20 F>'H
795 1857 72 20 stool.*
879 1856 14 24 (1
908 1856 56 25 spike
974 1861 32 13 eac

694 1887 24 19 24
732 1886 47 19 Thn
787 1893 10 11 e
807 1884 25 19 (.1
889 1884 14 21 i.
913 1882 93 22 varieties

694 1914 25 20 25
732 1914 55 19 Four
797 1912 34 21 Ho
840 1912 40 19 Ivh'
889 1912 35 19 cks

695 1942 24 19 26
732 1940 86 20 Wreath
828 1940 21 19 of
859 1939 87 20 Flowers

695 1968 24 21 27
734 1967 67 21 B'idal
816 1967 92 25 Bouquet

696 1996 24 19 28
733 1994 133 21 Ornamental
880 1992 74 21 Basket
964 1991 19 20 of
993 1991 13 20 I

696 2023 24 20 29
738 2022 57 19 Hand
807 2022 96 24 Bouquet

696 2050 24 20 3ft
735 2049 61 20 Table
809 2050 92 24 Bouquet

698 2078 22 20 31
736 2077 72 21 Gent's
818 2074 135 23 Button-hole

698 2105 24 21 32
737 2104 73 26 Lady's
823 2104 71 20 Breast
905 2103 94 25 Bouquet

698 2133 24 19 33
738 2131 111 21 Collection
858 2130 21 20 of
888 2130 41 21 Cut
938 2130 66 19 Flowe

700 2160 24 21 34
739 2159 112 21 Collection
863 2158 21 21 of
894 2158 40 20 Cut
945 2158 61 20 Annu

699 2189 25 20 35
741 2188 111 20 Collection
865 2187 21 19 of
896 2185 110 21 Everlastir

700 2215 25 19 36
741 2215 111 21 Collection
864 2213 21 20 of
894 2213 110 20 Ornament

700 2242 25 22 37
741 2242 60 21 Hand
814 2241 103 26 Bouquet,
929 2239 56 21 mad-
997 2245 9 14 x

778 2270 23 20 14
811 2276 59 19 years

700 2298 25 20 38
739 2298 78 26 Special
828 2296 61 21 Table

699 2326 26 19 39
740 2326 54 19 Most
804 2325 68 26 points
885 2323 19 20 in
915 2323 63 19 above
986 2321 16 21 C

863 2372 70 20 Class
947 2370 59 21 111.

713 2408 11 20 1
739 2408 49 20 Five
799 2407 85 25 Apples,
895 2406 83 19 Dessert

713 2435 12 21 2
739 2435 49 21 Five
799 2434 84 27 Apples,
893 2432 92 26 Cooking

712 2464 11 20 3
739 2464 48 19 Five
799 2462 94 25 Peaches,
903 2461 103 24 C'ingsron

710 2492 12 19 4
737 2492 50 19 Five
798 2490 94 25 Peaches,
905 2490 59 19 Frets
974 2495 32 12 oik

710 2519 13 19 5
738 2518 47 21 Five
796 2518 95 25 Apricots

710 2546 12 21 6
737 2545 49 21 Five
799 2544 118 22 Nfctarines

711 2574 11 20 7
736 2573 49 20 Five
799 2573 59 19 Pears

709 2601 12 20 8
734 2601 49 19 Five
793 2601 68 23 Pears,
872 2599 83 20 Dessert

709 2629 12 20 9
734 2627 82 21 Twelve
826 2627 73 26 Gages,
910 2626 65 20 Green
988 2632 18 13 oi

697 2657 24 20 10
734 2656 82 20 Twelve
827 2655 63 24 Large
900 2654 76 22 Plums,
987 2660 19 13 at

697 2684 22 21 11
735 2683 81 20 Twelve
827 2682 92 20 Medium
930 2681 76 25 Plums,

696 2712 24 20 12
734 2711 84 25 Twenty
828 2710 47 20 four
884 2709 101 20 Damsons

696 2739 23 20 13
733 2737 111 22 Collection
855 2737 21 19 of
886 2737 55 19 Nuts

696 2767 23 20 14
733 2765 110 22 Collectiou
854 2764 21 21 of
885 2764 97 19 Walnuts

696 2794 24 21 15
734 2793 111 21 Collection
856 2792 21 20 of
888 2791 59 21 Fruit
957 2797 49 15 row

696 2822 24 20 16
735 2821 65 21 Three
810 2820 48 26 Figs

697 2850 22 19 17
734 2849 47 20 Two
791 2847 93 22 Bunches
894 2846 21 21 of
925 2846 48 20 Best
982 2845 24 21 Gi

700 2876 20 20 18
734 2877 47 20 Two
792 2875 94 21 Bunches
895 2873 22 22 of
927 2874 47 19 Best
984 2874 17 19 G

697 2904 23 21 19
734 2902 148 26 Gooseberries,
893 2909 38 12 one
941 2902 45 25 pint

696 2931 24 22 20
734 2931 71 21 White
815 2930 107 24 Currants,
932 2928 44 21 half
985 2935 12 14 a

696 2960 23 19 21
734 2959 61 20 Black
806 2958 106 23 Currants,
974 2956 26 19 do

696 2986 24 22 22
734 2986 44 21 Red
793 2986 105 26 Currants,
976 2983 26 20 do

696 3014 24 20 23
734 3015 54 19 Most
798 3015 58 24 point
866 3013 21 20 in
896 3012 63 20 above
969 3012 37 19 Cla

819 3062 71 21 Class
903 3060 101 23 IV.Ye

708 3098 7 19 1
733 3096 80 20 Twelve
823 3095 64 20 Broad
899 3095 21 19 B'
929 3101 35 12 miis

708 3124 12 20 2
732 3122 142 25 Twenty-four
884 3121 73 19 Butter
968 3121 38 18 Bea

707 3151 13 19 3
732 3151 86 24 Twenty
828 3149 45 20 four
884 3147 76 21 French
973 3147 33 20 Bei

706 3179 13 19 4
732 3177 86 25 Twenty
828 3176 47 21 four
884 3176 78 20 Scarlet
975 3174 31 20 Ru

706 3206 13 20 5
732 3204 65 21 Three
807 3203 44 21 Red
861 3203 50 21 Beet

706 3233 13 19 6
731 3233 48 20 Two
789 3231 102 26 Cabhnges
901 3231 31 20 for
942 3229 55 21 table

706 3261 11 20 7
731 3260 47 20 Two
789 3259 97 21 Heaviest
896 3257 104 26 Cabbages

705 3288 12 20 8
730 3288 48 19 Two
787 3287 44 19 Red
841 3285 103 25 Cabbages

705 3315 12 20 9
729 3314 49 20 Two
786 3313 137 21 Cauliflowers

693 3342 24 21 10
730 3341 64 21 Three
804 3341 73 26 Celery

692 3370 21 21 11
730 3368 110 22 Collection
851 3368 22 20 of
884 3366 122 27 Vegetables

692 3397 25 20 12
730 3396 35 20 Six
776 3396 102 25 Potatoes,
889 3401 37 14 one
934 3394 72 26 variet]

693 3425 23 20 13
729 3424 80 20 Twelve
819 3424 104 23 Potatoes,
932 3422 13 19 3
959 3422 47 19 varii

692 3453 23 19 14
729 3451 48 20 Two
786 3450 132 25 Cucumbers,
928 3449 71 21 forced

692 3479 23 22 15
729 3478 47 21 Two
786 3477 131 27 Cucumbers,
928 3483 52 19 open
989 3476 17 21 ai

692 3508 23 20 16
728 3507 36 21 Six
773 3506 84 27 Onions,
867 3505 38 27 dry

691 3536 24 20 17
729 3535 33 20 Six
773 3534 73 26 Spring
856 3534 77 21 Onions

692 3563 23 19 18
727 3562 65 20 Three
802 3562 96 24 Parsnips

691 3590 24 20 19
728 3589 85 26 Twenty
824 3588 42 21 Pod
880 3588 51 21 Peas

690 3618 25 21 20
731 3617 49 21 Half
790 3617 47 21 Pint
847 3615 84 22 Shelled
941 3615 51 21 Peas

690 3647 20 20 21
727 3645 35 21 Six
774 3644 68 21 Stalks
852 3644 44 20 best
906 3642 100 22 Rhubarb

690 3673 24 21 22
727 3673 34 21 Six
772 3672 68 21 Stalks
850 3671 98 21 Heaviest
957 3670 49 20 Rhu

690 3702 23 20 23
727 3701 64 20 Three
802 3699 80 21 Garden
892 3699 89 25 Turnips

690 3730 24 19 24
727 3728 65 20 Three
801 3727 59 21 Field
869 3727 88 23 Turnips

689 3756 25 19 25
727 3755 44 20 One
780 3753 114 26 Vegetable
904 3753 95 24 Marrow,

689 3783 25 22 26
727 3782 44 21 One
780 3780 112 29 Vegetable
905 3781 92 26 Marrow,

690 3812 23 20 27
727 3811 44 20 One
785 3810 103 26 Pumpkin

690 3838 24 21 28
727 3838 34 19 Six
772 3838 83 20 Carrots

690 3865 25 20 29
728 3864 65 21 Three
802 3864 63 20 heads
873 3862 91 21 Shallots

689 3893 25 20 30
727 3892 65 20 Three
802 3892 73 20 Potato
885 3890 77 21 Onions

727 3919 65 20 Three
801 3919 48 21 Coss
865 3918 86 21 Lettuce

689 3948 25 20 32
727 3947 64 20 Three
800 3946 93 25 Cabbage
903 3946 87 19 Lettuce

689 3976 24 19 33
727 3974 65 20 Three
802 3974 50 19 Tree
861 3974 77 19 Onions

689 4002 24 21 34
726 4000 50 22 Dish
787 4000 102 27 Spinnach

689 4029 24 21 35
726 4029 35 21 Six
771 4029 114 25 Tomatoes,
894 4027 75 26 largest

690 4057 23 19 36
727 4057 35 20 Six
771 4057 113 23 Tomatoes,
895 4056 60 19 finest

689 4085 24 21 37
727 4084 49 20 Best
785 4084 105 20 collection
901 4082 22 21 of
932 4083 72 20 Tomat

689 4113 25 20 38
727 4112 80 20 Twelve
817 4111 58 25 Long
884 4110 100 21 Radishes

689 4140 24 20 39
726 4139 81 20 Twelve
816 4138 78 25 Turnip
905 4137 99 21 Radishes

689 4167 25 21 40
727 4166 112 22 Collection
850 4165 22 21 of
880 4165 39 21 Pot
934 4164 68 21 Herbs

689 4195 23 20 41
727 4194 35 20 Six
774 4193 65 21 Leeks

688 4222 25 21 42
727 4222 54 20 Most
791 4221 68 27 points
868 4220 21 21 in
899 4219 64 21 above
975 4218 31 21 Ch

851 4268 70 21 Class
934 4266 72 21 V.H

703 4305 10 20 1
727 4304 73 26 Honey
809 4303 20 21 in
837 4303 85 21 Frames

701 4332 12 21 2
728 4331 72 26 Honey
811 4331 19 20 in
840 4330 92 21 Sections

701 4360 12 21 3
727 4358 91 22 Drained
827 4358 82 26 Honey,
919 4356 66 21 under
995 4356 8 20 1

794 4405 69 19 Class
876 4403 130 21 Vl.Farm

704 4439 11 20 1
729 4438 43 21 31bs
781 4438 63 21 Fresh
855 4438 74 20 Butter
938 4437 21 20 in
968 4435 34 21 lib

704 4466 12 20 2
729 4466 43 20 31bs
784 4465 110 21 Powdered
906 4465 73 20 Butter

704 4494 12 19 3
729 4493 43 20 21bs
782 4494 68 25 Fancy
860 4494 75 19 Butter

705 4521 12 20 4
729 4521 43 19 31bs
782 4521 44 23 Salt
836 4522 75 19 Butter

705 4548 12 19 5
729 4548 45 20 Full
786 4548 62 21 Milch
859 4547 84 26 Cheese,
954 4546 52 21 madi

705 4574 12 20 6
730 4575 65 20 Green
807 4576 52 19 Ham

705 4602 12 22 7
730 4602 47 21 Side
786 4603 20 20 of
819 4602 73 26 Bacon,
903 4600 103 21 unmarkei

705 4630 12 21 8
731 4630 46 20 Roll
787 4630 22 20 of
818 4630 73 24 Bacon,
902 4628 104 21 unmarkei

705 4657 12 20 9
730 4657 88 20 Smoked
830 4657 52 20 Ham

692 4684 25 21 10
731 4684 55 20 Plain
797 4684 64 21 Oaten
873 4682 56 21 Cake

692 4711 23 21 11
729 4711 71 21 Girdle
807 4711 80 21 Scones,
899 4709 54 27 plain

691 4739 24 21 12
728 4739 57 19 Oven
793 4738 81 26 Scones,
885 4738 55 26 plain

691 4767 24 21 13
729 4766 67 25 Fancy
805 4765 74 21 Scones

691 4795 24 20 14
727 4793 52 21 Loaf
790 4791 134 23 Home-made
935 4790 71 23 Bread,

691 4822 23 21 15
728 4821 60 21 Fiuit
799 4821 69 20 Wines

691 4849 22 21 16
726 4849 81 21 Twelve
818 4848 46 20 Hen
875 4847 52 25 Eggs
937 4845 69 27 (weigl

690 4876 23 22 17
727 4877 80 21 Twelve
816 4875 59 21 Duck
889 4875 51 26 Eggs
948 4873 58 27 (weig

689 4906 24 21 18
726 4905 135 20 Home-made
870 4903 59 21 Jams

689 4933 24 20 19
727 4931 136 22 Home-made
873 4930 79 21 Pickles

688 4960 24 21 20
728 4959 111 22 Preservid
849 4959 59 19 Fruit
918 4959 19 18 in
949 4957 55 20 Bottl

688 4988 20 19 21
725 4987 49 20 Best
785 4985 111 22 Collection
906 4985 22 20 of
938 4984 62 21 Dried

688 5014 24 21 22
727 5015 48 20 Best
786 5012 112 23 Collection
908 5012 21 21 of
938 5011 68 22 Jellies

688 5043 24 20 23
725 5043 47 20 Pair
784 5040 88 22 Trussed
882 5040 66 21 Fowls

688 5070 23 20 24
726 5070 46 20 Pair
781 5068 87 22 Trussed
879 5067 71 22 Ducks

688 5097 24 21 25
725 5097 55 21 Most
790 5097 67 26 points
865 5096 21 21 in
896 5095 63 21 above
969 5094 37 21 Cla

795 5144 70 22 Class
874 5142 132 22 Vll.Livi

712 5178 49 21 Best
770 5178 55 22 Cock
833 5178 41 21 and
885 5178 45 20 Hen
941 5177 20 20 in
973 5183 33 13 eac

912 5204 83 21 Classes-

700 5232 10 19 -1
725 5232 62 21 Black
795 5232 45 21 Red
849 5232 65 21 Game

701 5258 12 21 2
726 5259 64 21 Game
800 5259 44 21 Pile

701 5287 12 20 3
725 5287 87 26 Spanish

701 5314 11 19 4
726 5313 109 26 Plymouth
846 5313 57 21 Rock

701 5341 12 20 5
726 5341 92 25 Dorking

701 5367 12 21 6
727 5368 113 26 Hamburg,
852 5374 39 19 any
901 5366 61 22 breed

702 5396 11 21 7
727 5396 162 26 Brahmapootra

701 5423 13 20 8
727 5423 77 21 Cochin
814 5423 65 21 China

702 5451 12 21 9
727 5451 106 26 Langshan

690 5479 23 20 10
727 5480 85 20 Bantam

690 5506 22 20 11
727 5506 54 20 Barn
790 5505 56 21 Yard

689 5532 24 20 12
726 5533 125 25 Wyandotte

689 5559 24 21 13
727 5560 86 20 Houdan

692 5587 21 19 14
728 5587 135 20 Andalusians

691 5614 24 19 15
727 5613 85 25 Spanish
823 5613 76 21 Poland

691 5640 22 20 lfl
729 5640 98 21 Minnrcas

695 5668 20 21 17
729 5668 59 21 Duck
798 5668 39 20 and
847 5668 35 20 Dr;
891 5667 25 20 ke
926 5665 79 24 (AvVsl

692 5695 24 20 18
729 5696 59 19 l)nek
798 5695 40 20 and
847 5695 70 20 Drake
926 5695 61 24 (Hoik
993 5701 12 13 ii

692 5721 24 21 19
729 5722 64 21 Pekin
803 5722 69 21 Ducks

693 5749 24 20 29
729 5750 99 26 Turkeys,
838 5750 43 19 best
892 5748 43 26 pair

692 5776 24 20 21
731 5778 71 23 Geese,
812 5777 45 19 best
866 5777 42 24 pair

692 5803 88 22 22SBest
788 5803 63 22 Car.ai
856 5810 11 13 v
877 5804 18 19 iii
907 5801 60 24 Cage!

1337 207 70 22 Class
1420 208 228 22 Vlll.lndustrial

1274 242 11 21 1
1300 242 104 27 Specimen
1411 242 23 22 of
1439 243 218 28 Cork,Cone.Shell,or
1663 244 77 21 similar
1749 244 63 22 Work

1276 270 12 21 2
1300 270 107 26 Specimen
1416 271 22 20 of
1446 272 89 21 Leather
1547 272 63 21 Work

1276 298 12 19 3
1302 298 111 20 Collection
1424 298 21 21 of
1454 299 67 26 Paper
1533 299 86 21 Flowers

1276 326 14 20 4
1303 324 86 22 Exhibit
1397 325 91 27 showing
1498 326 45 21 best
1552 333 36 15 use
1598 327 22 21 of
1629 326 71 21 Waste
1708 326 109 25 Products,

1341 352 49 22 such
1399 360 22 13 as
1430 353 62 27 Cork,
1503 354 63 27 Rags,
1578 354 79 22 Broken
1667 353 72 27 China,
1751 354 33 21 kc.

1279 381 12 21 5
1304 381 106 26 Specimen
1419 380 22 21 of
1448 381 102 21 Macrame
1560 382 64 20 Work

1279 409 12 19 6
1305 408 105 25 Specimen
1420 409 21 19 of
1451 409 69 21 Berlin
1533 409 59 21 Wool
1603 409 63 21 Work

1280 436 11 20 7
1305 436 105 24 Specimen
1421 435 22 20 of
1451 436 65 25 Crazy
1528 436 62 20 Work
1599 444 23 12 or
1632 436 63 20 Patch
1705 436 67 19 Work

1281 463 12 21 8
1305 461 106 27 Specimen
1421 461 21 21 of
1451 462 77 22 Crewel
1539 463 64 21 Work
1614 464 19 20 in
1643 463 45 21 Silk

1281 491 12 22 9
1306 491 65 21 Three
1382 491 137 21 Home-made
1533 491 167 26 Handkerchiefs,
1709 491 21 21 in
1742 491 75 21 Drawn
1832 491 2 28 j

1344 518 79 20 Thread
1437 519 65 20 Work
1512 519 115 26 (initialled)

1270 546 24 21 10
1308 545 86 22 Dressed
1403 545 48 21 Doll

1270 575 23 20 11
1307 574 44 21 One
1360 574 49 25 yard
1419 573 87 21 Crochet
1516 574 59 26 Lice,
1586 575 62 20 about
1657 575 33 20 3in
1700 574 20 20 in
1731 573 64 26 depth

1272 602 22 20 12
1307 602 44 19 One
1360 600 109 26 Traycloth
1479 601 19 20 in
1509 601 154 20 mouurmelliek

1270 629 24 20 13
1308 630 69 23 Apron
1389 628 19 20 in
1419 628 60 21 Cross
1487 628 74 25 Stitch,
1571 628 48 21 wi'h
1628 628 109 24 Ingrained
1744 628 76 20 Cotton

1270 656 24 21 14
1307 656 49 20 Best
1365 655 97 20 Starched
1474 656 63 19 Man's
1549 655 71 21 White
1629 656 57 20 Shirt

1270 684 24 21 15
1307 684 49 21 Best
1374 682 58 21 Plain
1450 682 80 28 Sewing
1550 682 48 28 (any
1615 683 86 27 article),
1721 683 27 24 by
1766 682 54 21 child

1344 711 65 21 under
1421 712 23 19 14

1270 739 24 20 16
1307 739 45 20 One
1365 739 43 25 pair
1422 738 61 19 Girl's
1493 738 58 19 Plain
1561 738 89 20 Knitted
1664 738 115 22 Stockiuzs,
1794 737 28 25 V>y

1344 764 53 22 child
1410 764 65 21 under
1485 764 24 21 13

1270 793 30 22 17.
1317 793 43 21 One
1371 792 43 26 pair
1423 792 72 21 Gent's
1504 792 48 25 Sox,
1561 792 82 22 knitted
1652 793 45 25 purl
1705 792 40 21 acd
1754 792 66 27 plait;

1345 821 25 25 by
1381 820 53 20 child
1446 821 65 20 under
1522 821 23 20 15

1295 881 19 20 A
1324 880 85 21 number
1418 880 22 20 of
1450 880 78 26 Special
1540 881 67 20 Prizes
1617 879 41 21 wi'l
1669 880 23 20 he
1702 879 94 21 n-Jofcti-d.

1297 915 41 20 The
1354 914 121 20 Secretaries
1490 914 41 21 will
1551 915 78 20 receive
1638 914 80 21 Entries
1730 921 28 12 nr.
1768 915 21 18 i<>
1800 914 24 19 10

1270 949 51 19 p.m.
1338 949 26 13 on
1384 941 189 27 WEDNESDAY,
1589 942 53 21 10th
1659 941 164 27 FEBRUARY,

1270 970 44 24 (the
1323 969 85 26 evening
1418 969 69 21 before
1499 970 35 20 the
1544 970 75 24 Show).

1297 1006 34 20 All
1344 1005 94 20 Exhibits
1448 1008 56 18 must
1514 1005 24 21 be
1547 1008 22 18 at
1587 1006 35 20 the
1641 1005 49 21 Hall
1705 1004 27 26 by
1746 1005 12 20 9
1774 1011 49 14 a.m.

1270 1039 26 14 on
1307 1032 35 21 the
1352 1033 93 25 morning
1455 1033 21 20 of
1485 1033 35 21 the
1531 1033 67 22 Show.

1296 1069 42 20 The
1348 1068 60 21 Show
1420 1068 40 21 will
1476 1068 23 21 be
1515 1076 51 19 open
1576 1068 51 21 from
1638 1068 12 21 3
1658 1075 52 20 p.m.
1721 1069 21 19 to
1751 1068 12 21 5
1773 1075 49 19 p.m.

1270 1096 40 21 and
1328 1096 50 20 from
1389 1096 78 21 7tolo
1477 1097 19 20 in
1509 1097 35 19 the
1554 1096 92 26 evening.
1683 1096 140 20 Admission

1272 1123 164 26 Non-members,
1459 1126 34 24 Is;
1515 1124 109 26 Mtnibtrs,
1643 1123 52 27 free;
1717 1124 107 20 Members'

1270 1151 93 24 families,
1375 1151 26 20 i-fd
1411 1152 54 21 each.

1297 1186 66 25 Entry
1382 1193 73 15 monev
1475 1187 39 20 will
1534 1187 91 20 beTor
1644 1194 18 11 n>
1672 1194 12 11 v
1804 1186 20 18 o'"

1271 1213 103 27 Exhibits,
1383 1215 36 25 ss;
1433 1215 31 21 six
1472 1215 101 26 Exhibits,
1582 1213 34 28 2;;
1627 1215 23 20 fii
1652 1227 13 8 tl
1665 1213 4 28 -
1680 1213 4 28 >
1697 1221 31 11 .>'
1739 1222 11 12 v
1759 1215 43 24 it,o
1819 1213 4 28 .

1296 1250 34 20 No
1351 1249 87 22 Exhibit
1455 1253 21 19 to
1495 1251 24 20 he
1534 1258 93 14 removed
1645 1250 68 21 Wf.it-
1747 1250 11 20 ).
1777 1257 15 12 -y
1808 1251 7 19 i-

1271 1278 66 20 closed
1349 1282 74 22 except
1431 1279 26 26 by
1464 1279 36 21 the
1505 1279 107 26 au'horily
1622 1279 21 19 of
1654 1279 34 19 the
1760 1291 10 6 .
1785 1285 38 13 u.e.

1431 1317 31 30 P.
1477 1319 27 28 J.
1518 1318 137 29 DUNNF.
1680 1320 15 26 *)
1717 1320 69 26 Mr.n.

1431 1359 29 27 B.
1480 1359 32 28 V.
1531 1359 140 28 KKILLY
1681 1360 14 35 j
1712 1359 65 28 Sees

1272 1449 138 30 TEYIOT
1421 1449 217 30 WESLEYAN
1653 1449 169 30 CHURCH.

1370 1554 112 37 Sunday
1497 1554 123 28 Services
1635 1554 51 27 will
1760 1565 62 16 .on-
1834 1554 1 37 I

1358 1594 100 28 ducted
1472 1604 29 18 as
1516 1594 99 28 follow:

1270 1649 111 25 Roxburgh
1394 1650 18 22 (7
1424 1650 83 26 p.m.)
1511 1650 50 19 Rev.
1571 1649 21 21 J.
1605 1649 27 21 H.
1644 1649 83 25 Hooper

1366 1677 195 25 jeer.Abraham
1570 1677 86 25 offering
1666 1683 27 18 up
1705 1677 20 19 Is

1270 1703 47 21 Coal
1330 1705 43 19 Cre.
1382 1705 12 19 k
1404 1704 20 24 (3
1434 1704 59 26 p.m.)
1504 1717 10 2 -
1521 1705 49 19 Rev.
1582 1705 19 19 .J.
1615 1704 19 20 H
1653 1704 84 26 Hoope:-

1272 1731 114 25 Ettrick(ll
1399 1733 137 24 a.m.)Kev.
1547 1732 21 20 J.
1580 1732 28 20 H.
1620 1732 82 25 Hooper

1368 1758 19 23 (7
1402 1761 60 24 p.m.)
1491 1759 31 21 Mr
1531 1759 22 21 J.
1564 1759 23 21 C.
1599 1759 66 20 Smith

1256 1841 2 36 ,
1427 1843 23 25 JSI
1474 1841 23 27 0
1518 1841 21 27 T
1559 1841 15 27 I
1594 1841 22 29 C
1637 1843 31 26 E.

1258 1921 3 40 j
1293 1923 19 27 A
1330 1921 45 28 LL
1399 1921 102 30 Claims
1522 1923 110 37 agninst
1657 1923 47 28 the
1730 1922 99 28 under-

1260 1956 2 41 S
1366 1962 97 35 signed
1479 1967 73 24 must
1572 1964 33 27 be
1620 1969 59 22 sent
1693 1964 26 27 in
1737 1963 94 28 before

1260 1997 4 42 j
1279 2003 46 27 the
1337 2003 41 26 Ist
1389 2002 302 35 MARCH,otherwise
1702 2003 64 36 they
1778 2002 53 29 will

1262 2041 3 40 I
1279 2048 47 23 not
1347 2043 34 28 be
1408 2043 170 38 recognised.
1618 2044 45 27 All
1693 2045 139 27 Accounts

1264 2081 2 36 !
1279 2084 53 28 due
1347 2089 27 22 to
1397 2095 42 17 me
1464 2090 70 22 must
1558 2084 34 29 be
1616 2085 98 28 settled
1740 2083 94 29 before

1283 2125 45 27 tie
1347 2130 36 21 Ist
1400 2124 87 38 April.

1584 2165 45 30 W.
1653 2165 145 30 SKLIGE.

1285 2262 233 52 I]AILEY.
1583 2262 32 38 &
1686 2262 148 55 JJIDD,

1451 2333 211 37 BUTCHERS,

1334 2388 130 27 MILL
1481 2387 57 28 ER
1556 2388 21 27 S
1643 2387 97 28 FLA
1755 2387 30 36 T,

1267 2438 3 38 j
1287 2444 57 32 J'eg
1359 2445 27 22 to
1399 2450 143 18 announce
1556 2444 27 23 to
1597 2438 46 29 the
1657 2439 133 28 residents
1806 2439 28 29 of

1267 2479 2 40 |
1283 2481 105 28 Millers
1407 2481 60 28 Flat
1487 2481 53 27 and
1565 2479 185 35 surrounding
1772 2480 45 27 Dis-

1266 2521 2 38 |
1283 2522 78 27 tricts
1374 2522 60 27 that
1448 2521 64 38 they
1535 2521 96 28 intend
1650 2521 129 37 carrying
1798 2531 32 17 on

1265 2561 4 37 |
1281 2573 12 16 a
1315 2562 134 36 Butchery
1469 2562 131 27 Business
1621 2561 76 28 there
1721 2572 35 17 on
1778 2561 53 28 and

1265 2601 2 38 |
1281 2604 71 26 after
1364 2602 47 29 the
1433 2603 40 27 l>t
1488 2602 149 37 February,
1651 2601 54 28 and
1719 2601 70 38 hope
1804 2605 27 24 to

1281 2648 47 31 get
1343 2644 45 27 the
1401 2650 150 31 patronage
1565 2643 29 28 of
1607 2643 46 28 the
1668 2643 116 28 district,

1263 2719 1 23 :
1280 2721 65 21 BEST
1363 2721 70 21 BEEF
1457 2720 59 20 AN!'
1542 2719 114 21 MUiTON
1684 2719 145 22 SUPPLIED.

1262 2740 3 20 I

1261 2789 3 42 {
1279 2789 159 30 Customers
1451 2790 51 27 will
1519 2790 33 28 be
1573 2789 98 28 waited
1693 2800 35 17 on
1754 2789 76 28 twice

1494 2842 15 17 a
1537 2830 83 28 we-k.

1282 2954 211 30 ROXBURGH
1504 2954 159 28 BAKERY
1675 2954 23 28 &
1711 2954 119 28 STORE

1492 3070 168 37 iiina

1297 3151 141 35 BAKER,
1467 3149 295 31 CONFKCTIONER
1787 3149 23 29 &

1413 3205 282 36 STOREKEEPER,

1314 3272 150 22 SCOTLAND
1487 3272 112 26 STREET,
1623 3271 166 23 ROXBURGH.

1311 3368 75 28 K.K.
1397 3368 103 28 desires
1515 3371 29 24 to
1558 3367 87 28 thank
1660 3367 46 28 the
1719 3367 92 28 inhabi-

1275 3411 74 26 tants
1363 3408 29 29 of
1406 3408 155 37 Roxburgh
1575 3407 52 29 and
1641 3407 182 38 surrounding

1274 3448 122 29 districts
1421 3448 44 29 for
1486 3448 46 28 the
1555 3451 116 35 support
1693 3448 130 28 accorded

1273 3489 56 29 him
1343 3490 28 28 in
1385 3489 47 29 the
1446 3493 70 35 past,
1531 3489 53 28 and
1599 3494 28 23 to
1636 3488 100 29 inform
1751 3488 74 28 them

1274 3531 60 28 that
1348 3531 119 36 nothing
1480 3530 55 28 will
1550 3531 34 27 be
1598 3530 123 38 wanting
1734 3541 36 17 on
1783 3530 42 28 his

1274 3575 60 35 part
1347 3572 27 27 in
1387 3572 47 28 the
1447 3571 91 28 future
1549 3574 29 25 to
1588 3570 80 29 merit
1676 3580 16 18 a
1700 3570 110 28 continu-

1272 3622 67 19 ance
1352 3612 30 29 of
1394 3612 72 29 their
1479 3615 123 35 support.

1300 3715 143 22 WEDDING
1461 3716 62 21 AND
1542 3716 151 21 BIRTHDAY
1711 3716 90 21 CAKES

1423 3750 81 20 MADE
1522 3750 35 20 TO
1570 3749 105 21 ORDER.

1272 3798 125 26 SOIREES,
1420 3797 112 22 PICNICS
1554 3797 16 21 k
1591 3796 85 22 BALLS
1694 3796 132 22 CATERED

1316 3834 55 20 FOR
1387 3833 38 21 ON
1441 3834 57 20 THE
1512 3832 145 22 SHORTEST
1674 3831 114 22 NOTICE.

1274 3875 127 40 Nothing
1415 3876 51 28 but
1481 3876 45 28 the
1540 3876 61 28 best
1612 3875 122 29 material
1749 3875 75 29 used.

1272 3971 77 21 GOOD
1363 3971 186 22 ASSORTMENT
1559 3971 35 20 OF
1604 3970 166 27 GROCERIES,
1780 3971 45 25 kc.,

1477 4005 38 21 ON
1533 4005 84 20 HAND

1291 4078 61 35 fHf
1359 4078 119 28 Liberal
1498 4078 140 30 Discount
1650 4087 49 20 for
1721 4076 84 30 Cash.

1270 4200 222 55 JONES'S
1583 4199 235 57 QOAIPIT,

1420 4276 99 28 COAL
1542 4275 137 29 CREEK.

1273 4357 119 28 T>EST
1414 4356 156 28 LTGNITK
1591 4357 26 27 in
1641 4356 47 28 the
1709 4355 25 27 D
1746 4362 73 18 <>.

1361 4397 43 27 for
1437 4396 143 34 Steaming
1606 4407 30 16 or
1664 4394 156 29 lious'h<;i(i

1271 4445 133 29 purposes
1421 4435 137 28 delivered
1573 4440 66 23 at

1533 4475 79 29 Cash.
1680 4472 123 31 Booked.

1272 4516 153 39 Roxburgh
1495 4539 29 5 ...
1554 4516 44 27 10s
1658 4517 46 26 lis
1718 4525 47 26 per
1777 4520 44 19 tun
1834 4508 1 47 j

1272 4557 57 27 The
1345 4557 44 27 Pit
1498 4579 28 5 ...
1570 4557 30 27 5s

1272 4596 153 37 Roxburgh
1465 4596 66 28 East
1554 4597 47 27 lis
1661 4596 45 27 12s
1759 4618 15 9 ~

1272 4639 57 27 The
1344 4637 126 38 Dredges
1499 4660 29 6 ...
1552 4636 131 29 Contract
1707 4636 96 27 IVir-.s.

1310 4715 58 28 The
1389 4713 158 38 Proprietor
1559 4714 49 28 has
1622 4713 98 34 special
1738 4713 86 27 IV'-;!:-

1274 4755 50 28 ties
1335 4755 43 27 for
1391 4754 121 38 delivery
1525 4754 27 27 in
1567 4765 53 26 any
1644 4758 61 34 part
1728 4753 30 28 of
1777 4757 47 23 the

1274 4795 123 34 District,
1425 4795 54 27 and
1507 4794 158 29 Customers
1692 4805 60 25 imiy
1766 4793 57 38 rely
1834 4793 1 38 ,

1273 4846 33 18 on
1323 4835 83 38 being
1417 4835 139 38 promptly
1570 4835 134 38 supplied.

1311 4875 101 30 Orders
1425 4885 63 28 may
1502 4876 33 29 be
1550 4875 50 30 left
1613 4880 28 25 at
1662 4875 47 29 the
1726 4876 98 27 Mount
1834 4875 1 38 ;

1273 4917 115 28 Bknger
1402 4916 75 28 Mail
1491 4917 91 27 Office.

1272 4990 55 29 TT
1434 4990 27 29 J.
1551 4988 272 37 WALLES,

1443 5042 71 30 Coal
1554 5043 102 29 Creek.

1272 5115 115 39 Repairs
1409 5115 141 30 Executed
1573 5120 28 25 to
1627 5115 35 29 all
1682 5115 100 29 classes
1796 5113 28 29 of

1412 5157 83 29 Small
1516 5157 170 36 Machinery.

1310 5197 112 36 Sewing
1439 5198 141 28 Machines
1601 5197 120 28 Cleaned
1734 5207 23 17 at
1770 5196 18 28 d

1433 5237 119 28 Refitted
1568 5237 42 28 for
1624 5239 39 25 ss.

1347 5278 86 28 Teeth
1446 5284 51 32 put
1511 5279 26 27 in
1553 5277 60 38 Cog
1625 5277 125 28 Wheels.

1451 5352 94 27 Terms
1566 5350 82 30 Cash.

1312 5427 101 32 Orders
1440 5433 62 29 may
1530 5425 33 29 be
1596 5424 50 30 left
1671 5429 29 26 at
1726 5424 101 29 Mount

1273 5470 113 28 Benger
1400 5467 75 29 Mail
1488 5467 93 28 Office.

1301 5547 96 34 Tho
1413 5545 153 36 Wife's
1582 5543 214 36 Welfare.

1369 5592 65 20 poured
1448 5593 43 16 free.
1516 5592 15 16 It
1596 5589 52 18 teach
1664 5593 36 18 you
1716 5592 50 12 more

1276 5616 23 16 all
1316 5616 31 16 the
1361 5620 54 17 year-)
1429 5614 66 21 you've
1509 5613 55 18 lived.
1594 5613 59 19 Evtry
1670 5616 68 12 oiu..!i
1756 5611 66 16 stf.oi-u

1277 5637 42 17 rou.l
1329 5638 19 16 it.
1371 5637 56 17 Wiit-
1436 5638 92 16 Professor
1533 5636 101 20 Hermann,
1642 5634 70 17 French
1721 5632 76 22 Pp'eia'.

1276 5660 162 22 4oCollins-ph.ee,
1448 5660 114 18 Melbourne.

1378 5704 188 38 YOUNG
1591 5701 132 42 MHIM,

1278 5750 56 19 Write
1342 5754 20 15 to
1370 5757 29 10 pv
1408 5752 28 16 for
1444 5750 84 18 valuab'"
1540 5747 4 22 '
1592 5747 3 22 I
1605 5748 33 16 rr.l;
1648 5751 61 12 eMMVj-
1728 5749 12 10 ''
1801 5747 16 12 ,r
1817 5752 5 3 '

1277 5780 15 11 B.
1298 5775 42 16 :vtH.
1366 5775 92 15 I'rr/'i-sir
1592 5776 30 18 :pi
1628 5770 47 17 e.;Ji.
1681 5773 14 15 L,
1748 5767 38 17 C-ii
1795 5770 21 12 i.s-

1277 5797 58 21 bl.a;i,
1345 5797 111 17 i.elixiui/iii.

1862 802 83 53 W.
1975 802 55 53 I.
2067 794 336 60 TALBOYS

1852 892 114 35 Having
1985 894 79 28 made
2082 904 17 17 a
2117 893 91 34 Large
2227 889 134 29 Purchase
2375 887 28 29 of

1946 919 16 10 o
2172 919 16 10 o

1868 952 221 39 SAMPLE
2115 947 274 44 CLOTHING

1853 1019 83 29 From
1950 1019 46 29 the
2019 1020 171 36 Wellington
2211 1016 129 30 Woollen
2355 1015 47 29 Co.

1941 1137 129 43 Large
2110 1135 206 41 Discount,

1909 1195 28 28 Is
1962 1206 61 19 now
2042 1196 121 36 Offering
2176 1195 47 28 the
2237 1203 73 19 same
2323 1196 28 25 at

1853 1262 334 39 ORIGINAL.
2232 1259 170 39 COST.

1983 1350 52 28 We
2060 1349 79 29 Have
2164 1349 111 29 Also

1837 1404 2 40 I
1854 1408 90 28 Men's
1956 1407 98 29 Tweed
2069 1407 53 28 and
2138 1407 85 37 Serge
2235 1406 85 34 Suits,
2333 1404 69 29 from

1927 1448 48 27 21s

1837 1493 2 42 i
1856 1503 87 29 Men's
1974 1502 91 28 Tweed
2086 1493 141 42 Wousers,
2241 1500 34 28 all
2299 1500 105 28 sizes

1927 1546 29 25 (i<
1975 1543 48 27 lid
2131 1556 5 18 f

1853 1590 90 29 Men's
1957 1590 85 28 Biack
2058 1589 129 29 Worsted
2202 1589 82 28 Vests
2286 1588 69 27 6s
2369 1587 35 28 6d

1837 1618 2 20 i

2009 1669 134 39 Splendid
2163 1670 52 28 Lot
2229 1668 28 28 of

1838 1706 1 40 :
1858 1717 104 29 BOYS'
1976 1717 120 29 SEUGE
2107 1716 175 30 KNICKKR
2293 1714 111 29 SUITS
2415 1706 1 40 '

1839 1749 2 21 ;

2067 1766 43 27 Ail
2125 1775 76 19 sizes.

1912 1846 116 28 MEN'S
2062 1846 109 35 HATS,
2204 1842 146 35 SHIRTS,

1943 1898 181 37 SCARVES,
2138 1895 188 32 BRACES

1989 1951 34 27 In
2043 1951 107 29 endless
2164 1949 115 38 variety.

1861 2031 92 38 Large
1986 2031 159 38 Shipments
2176 2030 28 29 of
2238 2029 48 29 the
2317 2031 96 28 Latest

1900 2072 92 30 Goods
2009 2073 70 28 from
2095 2072 45 28 the
2153 2071 221 30 Manufacturers

2089 2113 102 27 in

1865 2169 120 30 DRESS
2001 2168 151 38 STUFFS,
2162 2168 147 37 PRINTS,
2322 2166 70 32 MUS-

1900 2226 100 36 LINS,
2014 2225 193 35 VEILINGS,
2225 2224 158 35 GLOVES,

2074 2278 58 36 &c.,
2153 2278 59 34 &c.,

1894 2333 38 29 At
1947 2332 92 29 Prices
2052 2331 88 28 which
2155 2333 72 26 must
2241 2330 48 29 sell
2303 2330 84 28 them.

1974 2428 25 27 A
2025 2425 137 30 Beautiful
2196 2425 53 28 Lot
2274 2424 29 29 of

2021 2472 244 31 UMBRELLAS.

1907 2601 221 38 Trimmed
2150 2600 229 48 Millinery,

1860 2662 30 30 of
1913 2663 87 27 which
2027 2673 40 17 we
2091 2662 69 27 have
2185 2672 16 17 a
2224 2671 66 27 very
2316 2660 92 27 choice

2045 2708 138 35 selection,
2204 2711 28 24 at

1860 2758 170 49 Greatly
2053 2757 189 39 Reduced
2265 2756 148 38 Prices.

1857 2889 552 58 W.T.TALBOTB

1994 2985 284 35 ROXBURGH,

1949 3084 50 28 TU
2006 3087 20 25 A
2032 3083 74 28 PEK
2113 3068 173 84 AMOUNT
2289 3068 33 84 Y.

1859 3173 192 29 TENDERS
2077 3162 66 38 will'
2161 3172 34 28 be
2220 3168 124 31 received
2370 3168 37 37 by

1872 3210 10 18 *
1938 3214 45 29 the
2010 3213 130 39 Tuapeka
2165 3211 108 37 County
2295 3208 113 31 Council

1856 3255 68 30 until
1939 3265 72 18 noon
2030 3265 35 17 on
2089 3250 221 34 THURSDAY,
2339 3251 69 27 10th

1856 3294 218 34 FEBRUARY,
2092 3294 80 34 1898,
2185 3293 80 28 for

1929 3347 131 29 Contract
2094 3346 54 28 446
2211 3342 128 30 Erection
2379 3341 29 28 of

2002 3386 109 29 Shelter
2138 3384 75 28 Shed
2237 3383 54 28 and
2322 3383 84 27 Snow

2004 3427 89 35 Poles,
2107 3425 53 29 Old
2175 3424 64 28 Man
2253 3424 106 37 Range.

1891 3478 206 42 Specifications
2118 3480 29 26 at
2168 3476 102 28 Mount
2291 3474 114 29 Benger

1856 3523 73 28 Mail
1956 3520 83 30 Office
2074 3518 55 30 and
2155 3517 109 38 County
2298 3515 108 36 Offices,

1854 3563 155 28 Lawrence.

1998 3610 116 30 JAMES
2140 3608 157 34 BENNET,

2089 3661 109 37 County
2213 3660 156 30 Chairman.

1891 3716 157 32 Lawrence,
2062 3714 67 28 26th
2142 3713 132 37 January,
2289 3713 80 29 1898.

1873 3790 164 31 LICENSE
2063 3788 47 31 TO
2145 3787 242 31 SLAUGHTER.

2038 3894 29 28 Is
2081 3893 111 37 Hereby
2207 3892 86 29 Given
2305 3892 60 28 that
2380 3891 24 36 I,

1941 3936 89 28 James
2057 3934 112 34 Bailey,
2195 3933 69 28 have
2294 3932 110 39 applied

1853 3983 28 23 to
1896 3977 45 27 the
1955 3974 131 36 Tuapeka
2109 3973 108 38 County
2239 3972 112 29 Council
2368 3983 34 17 on

1854 4017 110 37 Friday,
1981 4016 65 28 14th
2060 4014 130 36 January,
2216 4014 78 33 189s,
2320 4013 42 29 for
2389 4024 15 17 a

1854 4058 113 29 License
1999 4060 28 23 to
2054 4055 147 32 Slaughter
2236 4054 84 29 Great
2348 4054 53 28 and

1854 4096 188 33 Small.Cattle
2056 4106 33 17 on
2105 4094 125 29 Sections
2292 4094 51 28 and
2358 4094 15 29 3
2385 4097 17 32 1-,

1853 4138 85 29 Block
1966 4137 92 33 VIII.,
2079 4136 31 27 ad
2117 4136 104 37 joining
2235 4135 164 37 Ormaglade

1836 4176 3 40 j
1854 4179 116 34 Station,
1988 4177 101 28 Millers
2105 4176 70 27 Flat.

2060 4217 18 27 J
2092 4216 44 28 \M
2145 4216 39 27 ES
2212 4216 151 28 BAILKY.

1934 4306 27 21 v.
2293 4302 13 22 R-

1856 4381 110 28 \OTIH
1974 4377 75 30 KOF
2061 4375 136 30 APPLIC
2204 4375 89 28 ATIO
2300 4376 22 26 N
2331 4376 74 28 FOR

1926 4416 244 33 OCCUPATION
2197 4414 132 29 LKASB.

1835 4497 3 46 ;
1853 4505 24 38 J
1907 4501 146 29 ALFRED
2070 4499 103 28 LnUiS
2187 4497 212 32 WRB3OMBE,

1881 4548 12 22 *)
1929 4543 25 24 of
1968 4540 94 27 Millers
2077 4538 63 28 Flat,
2150 4537 88 26 herehv
2252 4537 57 31 give
2321 4536 78 26 notice

1836 4573 1 38 '
1865 4584 40 21 ti!r
1921 4579 9 26 I
1944 4579 60 25 have
2024 4575 96 36 applied
2141 4574 77 27 under
2237 4574 42 25 the

1858 4610 2 38 '
1879 4619 90 25 i-trics
1992 4614 66 28 Laud
2082 4612 152 36 Occupation
2257 4614 46 24 Act
2325 4610 74 32 lb9-l,

1835 4648 3 40 i
1854 4663 11 15 :
1878 4666 8 14 r
1901 4665 29 16 an
1947 4654 151 34 Occupaiinu
2119 4652 77 25 Lease
2218 4659 57 17 over
2295 4650 15 25 8
2333 4658 67 15 acres

1836 4684 2 40 :
1894 4692 63 32 Irtnd,
1972 4689 106 28 situated
2099 4697 32 20 at,
2152 4687 46 26 and
2220 4688 71 34 being
2311 4692 52 27 part
2376 4684 28 26 of

1836 4721 2 39 j
1853 4733 95 22 Sr.-tiun
1962 4731 39 29 G2,
2020 4727 75 27 Block
2110 4725 165 35 lif.B-nger
2291 4724 110 31 iJistricr;

1836 4760 2 38 |
1851 4773 47 22 a'd
1914 4769 50 23 rli;
1980 4765 59 27 such
2054 4763 147 35 application
2214 4762 47 26 wiil
2283 4762 27 26 be
2325 4760 74 26 heard

1835 4798 3 35 I
1870 4816 14 16 v
1900 4806 39 26 'be
1957 4804 65 26 Laud
2041 4802 78 26 Board
2135 4807 23 18 ar
2173 4799 127 31 Dunedin,
2313 4807 30 18 on
2359 4798 40 25 the

1835 4834 3 39 I
1852 4838 61 34 L'ijcd
1936 4845 45 23 dav
2008 4840 26 24 of
2061 4838 125 35 February
2218 4839 73 31 1898,
2318 4843 24 20 at
2370 4837 26 24 11

1835 4880 3 31 I
1852 4880 91 30 i.'ci'ick
1957 4889 56 17 a.m.

1836 4913 2 42 |
1889 4918 77 28 Da'ed
1981 4924 23 18 at
2018 4914 97 27 Millers
2136 4913 56 26 Fit
2207 4914 48 25 this
2274 4913 60 26 25th
2349 4913 49 35 day

1835 4952 3 36 !
1851 4967 21 17 <o
1888 4958 120 30 January,
2025 4952 65 26 1898

1883 5004 152 35 ALFRED
2051 5002 111 30 LOUI>
2179 5001 224 31 WESCOMBE.

1919 5104 36 29 V.
2300 5103 22 25 Jl-

1836 5154 2 43 !
1852 5167 140 30 NOTICE
2004 5165 45 28 OF
2063 5164 256 29 APPLICATION
2329 5164 75 29 FOR

1927 5204 244 33 OCCUPATION
2196 5205 132 28 LEASE.

1836 5265 3 53 !
1853 5291 24 21 T
1908 5286 154 29 FRANCIS
2082 5286 74 26 MAC
2163 5285 79 33 KAY,
2256 5286 28 25 of
2303 5284 98 27 Millers

1836 5320 3 45 J
1853 5324 41 32 -*-}
1930 5324 64 31 Flat,
2018 5322 89 36 hereby
2129 5324 56 33 give
2209 5324 80 25 notice
2315 5322 55 26 that
2389 5322 12 24 I

1837 5359 2 38 i
1854 5366 60 24 have
1925 5360 95 37 applied
2032 5360 76 27 under
2119 5360 40 26 the
2171 5360 101 33 Mining
2284 5359 117 26 Districts

1837 5397 2 35 |
1854 5400 68 28 Land
1948 5399 151 30 Occupation
2125 5400 47 25 Act
2199 5398 73 32 1894,
2298 5397 37 26 for
2369 5405 30 17 an

1854 5446 5 15 i
1877 5437 128 36 ccupation
2022 5435 74 29 Lease
2108 5446 57 17 over
2187 5436 14 27 5
2216 5445 66 19 acres
2297 5433 27 28 of
2335 5432 65 33 land,

1853 5480 91 22 citnate
1958 5481 25 19 at
1995 5474 47 27 and
2058 5475 73 33 being
2140 5480 55 27 part
2208 5474 27 25 of
2245 5473 100 26 Section
2360 5471 40 30 62,

1854 5512 77 28 Block
1947 5510 61 34 111.,
2028 5511 98 36 Benger
2140 5510 104 26 District
2258 5519 6 23 ;
2285 5508 49 26 and
2349 5507 52 26 that

1853 5550 59 26 such
1927 5548 148 35 application
2089 5547 46 27 will
2152 5548 28 25 be
2201 5547 73 25 heard
2301 5545 32 35 by
2360 5545 40 24 the

1854 5585 69 28 Land
1941 5585 87 33 Board,
2042 5595 24 16 at
2081 5584 123 30 Dunedin,
2228 5592 30 16 on
2283 5581 40 26 the
2339 5580 62 27 23rd

1853 5625 46 24 dav
1914 5623 26 26 of
1952 5622 132 38 February,
2108 5621 74 32 1898,
2207 5626 25 21 at
2256 5620 27 25 11
2309 5618 92 27 o'clock

1854 5671 54 16 a.m.

1839 5693 3 46 j
1890 5699 79 25 Dated
1984 5705 24 20 at
2023 5698 97 28 Millers
2133 5696 57 28 Fiat
2204 5696 47 27 this
2277 5695 31 27 19
2314 5694 22 27 th
2357 5693 47 36 day

1839 5734 3 49 j
1854 5735 23 27 of
1889 5734 120 40 January,
2020 5736 74 29 1898.

2034 5783 155 30 FRANCIS
2206 5780 162 30 MACKAY.

2464 203 216 34 ROXBURGH
2702 197 241 34 ATHENAEUM.

2554 300 165 33 ANNUAL
2748 294 175 32 MEETING
2952 295 30 29 of

2512 341 206 33 Householders
2732 337 55 31 and
2801 336 179 30 Subscribers

2429 385 55 29 will
2496 386 35 29 be
2544 384 64 30 held
2633 388 28 23 at
2685 381 48 29 the
2756 378 64 28 Hall
2843 388 35 18 on
2905 377 58 29 FRI-

2431 426 88 33 DAY,
2555 427 68 25 hth
2655 418 221 34 February,
2900 424 28 22 at
2966 419 16 26 8

2430 465 106 31 o'clock
2549 475 67 30 p.m.

2606 517 33 28 L.
2660 515 31 28 E.
2713 513 157 36 HAINES,

2794 554 152 37 Secretary.

2630 630 162 36 1.0.G.T-

2631 720 20 20 A
2680 719 104 20 PUBLIC

2468 757 258 31 TEMPERANCE
2770 755 172 31 MEETING

2432 812 66 27 Will
2510 813 32 25 be
2554 812 64 26 held
2629 812 27 25 in
2669 811 45 26 the
2738 811 157 24 Athenaeum
2923 806 63 27 Hall

2449 861 42 26 On
2513 860 159 27 MONDAY
2694 859 107 32 NEXT,
2817 858 52 27 7th
2883 856 85 31 FEB.,

2650 900 26 24 at
2688 897 15 27 8
2717 906 17 25 p
2744 906 36 16 in.

2436 1032 104 36 (Grand
2552 1031 77 27 Chief
2641 1030 144 36 Templar),
2803 1030 74 26 Good
2890 1029 76 33 Temp-

2434 1072 39 25 lar
2482 1070 131 29 Lecturer,
2625 1069 84 25 under
2718 1070 175 32 engagement
2903 1070 27 23 to
2940 1066 45 26 the

2433 1107 91 27 Grand
2543 1106 89 35 Lodge
2653 1106 28 26 of
2702 1105 55 27 N.Z
2770 1126 5 11 ,
2789 1106 55 25 will
2859 1103 100 28 deliver
2971 1112 15 17 a

2436 1146 116 30 Lecture,
2577 1145 153 25 illustrated
2754 1144 35 34 by
2815 1141 169 35 appropriate

2432 1183 52 25 and
2506 1180 131 28 beautiful
2660 1180 114 27 Lantern
2788 1179 130 29 Pictures,
2933 1177 52 26 and

2436 1220 34 25 I)r
2498 1219 118 35 Kellog's
2639 1218 95 28 Charts
2756 1218 26 25 of
2804 1217 48 26 the
2876 1216 109 26 Human

2650 1257 113 36 System.

2547 1331 200 27 ADMISSION
2766 1330 103 26 FREE.

2467 1370 143 27 Collection
2627 1371 28 26 to
2681 1368 101 35 Defray
2806 1367 144 35 Expenses.

2603 1454 44 17 are
2656 1443 129 36 cordially
2790 1443 53 27 and
2849 1442 135 34 earnestly

2433 1483 102 26 invited
2554 1486 26 22 to
2599 1482 101 26 attend.
