4260 5920
159 203 180 42 Lawrence
367 204 99 42 News
493 204 114 42 Notes.

237 282 62 25 (Own
312 282 206 26 Coerespondesx.)

141 309 59 29 The
212 311 129 35 weather,
355 311 90 30 which
468 311 49 30 has
539 311 43 30 for
609 311 45 30 the

177 351 53 28 few
243 352 91 28 weeks
351 353 69 28 been
436 363 64 27 very
515 353 59 37 dry,
590 353 64 28 took

102 401 16 18 a
143 390 114 29 decided
288 391 108 38 change
427 392 55 29 this
516 393 138 38 morning,

102 431 115 35 turning
231 442 66 28 very
319 433 62 27 cold
403 433 53 28 and
471 433 103 35 windv,
588 434 66 27 with

101 471 151 28 occasional
282 473 128 28 showers.
451 473 58 28 The
537 474 117 37 change,

101 511 106 38 though
221 512 93 29 rather
334 514 99 38 rough,
454 513 46 29 did
515 520 49 23 not
577 524 77 19 come

102 551 93 29 before
209 553 21 28 it
243 564 56 18 was
313 555 118 35 wanted,
445 566 30 17 as
496 555 47 29 the
563 564 73 19 work-

100 591 49 39 ing
174 592 83 29 hours
278 593 28 29 in
334 604 80 29 many
428 595 29 29 of
476 595 47 29 the
536 595 118 38 sluicing

101 632 94 29 claims
221 634 69 29 have
310 635 70 28 been
405 636 108 37 greatly
536 636 117 28 reduced

100 673 93 38 owing
205 677 28 26 to
244 675 48 28 the
304 675 130 39 shortage
457 676 26 28 in
499 677 45 28 the
569 681 84 24 water

100 714 110 39 supply.

139 755 94 30 House
243 762 130 33 property
387 758 55 27 still
462 759 158 27 commands
635 769 15 16 a

102 805 65 28 very
186 796 54 29 fair
253 797 72 38 price
346 798 26 27 in
388 797 155 35 Lawrence,
558 809 29 17 as
606 798 46 28 the

102 835 79 28 brick
203 837 86 28 house
308 838 96 27 owned
428 838 36 35 by
478 838 45 28 Mr
537 838 115 28 Sinclair

100 875 50 30 has
163 876 68 30 been
247 877 57 29 sold
320 877 42 29 for
374 878 85 35 £220,
473 878 53 29 and
544 878 59 29 that
623 878 29 28 of

100 916 48 27 the
156 916 54 29 late
224 917 58 28 Mrs
297 918 122 28 Menzies
433 920 42 26 for
489 919 74 27 £3OO
586 919 48 27 dur-

102 955 47 37 ing
163 956 46 29 the
221 962 61 34 past
294 957 85 29 week.

137 997 58 28 The
224 998 117 28 District
367 999 84 27 Court
483 1000 104 27 started
614 1000 34 27 its

99 1036 113 39 sittings
226 1038 64 28 here
309 1038 105 37 to-day,
429 1039 53 28 and
497 1039 53 28 will
565 1039 83 38 likely

216 1079 47 27 the
276 1079 154 27 remainder
442 1079 28 27 of
483 1080 47 26 the
544 1080 84 27 week.

134 1117 59 29 The
206 1118 98 29 Albert
318 1118 87 29 Lucas
430 1129 135 28 company
586 1119 60 39 paid

97 1171 32 17 us
142 1170 16 16 a
178 1159 65 28 visit
267 1170 34 16 on
323 1159 130 38 Monday,
480 1161 77 27 when
583 1160 63 38 they

97 1199 138 39 produced
371 1200 79 28 Sixth
480 1200 145 29 Command-

216 1240 53 28 and
283 1250 35 18 on
332 1240 126 37 Tuesday
485 1240 81 38 night
582 1241 64 36 they

95 1291 73 27 gave
211 1279 86 35 Conn,
313 1280 46 28 the

141 1321 160 28 '.'o-morrow
315 1331 15 17 a
355 1320 144 29 combined
515 1320 87 38 picnic
616 1320 29 28 of

95 1360 46 29 the
155 1361 145 28 Lawrence
322 1360 53 28 and
400 1360 98 28 Milton
529 1360 99 37 Presby-

95 1401 84 29 terian
196 1400 113 35 Sunday
330 1400 113 30 Schools
458 1400 51 28 wiil
534 1400 33 28 be
581 1400 61 28 held

94 1447 29 22 at
148 1442 52 28 Mt.
231 1444 103 25 Stuart.
382 1444 26 24 A
439 1440 100 37 special
571 1440 69 27 train

92 1481 90 27 leaves
196 1480 144 28 Lawrence
353 1484 28 22 at
396 1480 80 28 12.-JO
497 1484 26 22 to
537 1489 103 27 couvey

94 1521 47 27 the
153 1520 153 37 picnickers
320 1524 28 22 to
362 1519 46 28 the
421 1519 115 37 ground.

130 1560 46 28 Mr
198 1559 31 28 E.
256 1557 37 30 H.
320 1558 107 37 Taylor,
453 1558 72 29 chief
538 1558 29 27 of
593 1558 46 28 the

91 1599 78 29 Good
183 1599 150 37 Templars,
346 1609 156 18 announces
525 1598 115 29 lectures

93 1640 53 27 this
157 1640 74 27 week
234 1639 105 27 —Blue
354 1639 72 36 Spur
439 1649 34 16 on
485 1637 153 38 Thursday,

95 1680 141 28 Lawrence
249 1689 33 18 on
297 1677 111 38 Friday,
423 1678 166 29 Waitahuna
602 1690 35 17 on

84 1720 154 37 -Saturday,
269 1719 54 28 and
355 1720 81 35 again
470 1725 107 22 returns
611 1724 27 23 to

95 1760 143 28 Lawrence
261 1764 27 23 to
311 1759 97 36 preach
431 1760 25 26 in
483 1759 46 28 the
554 1758 84 29 Town

94 1801 62 27 Hull
182 1811 34 17 on
243 1800 110 37 Sunday
367 1800 127 36 evening,
509 1799 131 38 reaching

94 1841 160 38 Roxburgh,
275 1841 14 26 I
314 1840 175 35 understand,
503 1840 43 28 for
560 1842 60 26 Mon-

90 1882 56 39 day
156 1882 125 38 evening.

132 1923 101 38 1/2/98.

248 2008 234 50 Cablegrams.

237 2111 104 30 BUSH
372 2111 119 29 FIRES.

228 2152 177 35 Melbourne,
419 2152 124 39 January
557 2154 44 27 31.

125 2193 58 29 The
197 2194 86 27 whole
296 2201 75 20 coast
384 2193 22 27 is
424 2192 101 28 hidden
540 2193 37 38 by
592 2194 47 28 the

92 2234 92 30 •rtiioke
209 2234 28 28 of
259 2233 70 29 bush
351 2233 72 28 fires.
464 2233 138 39 Shipping
616 2234 22 29 is

89 2274 124 31 invisible
228 2275 72 28 from
311 2274 46 29 the
371 2273 126 30 look-out
511 2275 125 29 stations.

87 2318 85 34 Many
185 2316 101 28 vessels
299 2315 101 27 behind
414 2319 66 23 time
498 2315 70 28 have
581 2318 42 25 evi-

87 2356 95 38 dently
195 2365 50 19 run
259 2358 46 26 out
317 2358 27 25 to
357 2364 45 18 sea
416 2364 30 18 or
458 2364 47 18 are
520 2354 101 30 shelter-

85 2397 59 35 ing.

252 2436 150 36 Adelaide,
414 2436 125 38 January
553 2436 43 29 31.

123 2479 21 28 A
160 2478 165 29 destructive
340 2478 69 26 bush
424 2478 47 26 fire
486 2478 48 27 has
548 2478 83 27 taken

85 2519 75 38 place
191 2519 28 27 in
251 2518 45 29 the
337 2518 138 28 Kenmark
515 2518 118 28 district.

85 2559 73 30 Over
189 2559 53 28 200
274 2558 142 38 telegraph
451 2558 75 38 poles
561 2569 71 18 were
645 2550 1 46 \

84 2600 116 34 burned,
212 2599 162 36 interfering
397 2599 66 28 with
482 2599 46 28 the
548 2599 85 28 inter-
645 2599 1 40 j

86 2639 113 30 colonial
212 2639 110 29 service.

103 2692 139 29 WRECK
262 2692 46 27 OP
321 2692 76 27 THE
414 2691 198 28 MATAUftA.
645 2673 1 59 j

277 2731 122 36 London,
412 2730 123 38 January
550 2732 43 28 29.
644 2730 2 38 j

123 2773 46 29 All
194 2784 33 18 on
252 2773 85 28 board
362 2773 45 27 the
422 2772 125 29 Mataura
560 2784 71 17 were
644 2772 1 30 •

84 2814 94 33 saved,
200 2813 54 27 and
279 2824 44 16 are
347 2812 167 38 proceeding
537 2813 91 28 home-
643 2812 2 38 ;

85 2853 73 28 ward
173 2854 36 36 by
221 2853 47 28 the
282 2852 105 28 Orcina.

120 2893 57 29 The
190 2893 126 28 Mataura
336 2892 92 29 struck
453 2902 36 18 an
515 2888 130 34 unchar-1

83 2933 76 29 terpJ
184 2933 65 28 rock
273 2933 27 27 in
327 2933 136 37 Magellan
478 2933 84 28 Strait
576 2933 52 28 and
642 2923 2 47 i

83 2985 54 18 was
150 2984 50 18 run
213 2973 97 28 ashore
322 2977 28 24 to
364 2977 116 34 prevent
504 2973 123 35 sinking,
642 2970 2 41 j

83 3014 85 39 Eight
193 3015 86 33 boats,
305 3013 83 37 along
419 3014 65 27 with
505 3013 46 28 the
577 3024 51 18 one
642 3012 2 41 j

84 3054 177 29 commanded
287 3054 37 37 by
348 3054 47 27 the
409 3054 118 37 captain,
541 3054 87 27 which
642 3047 2 44 j

83 3104 54 19 was
148 3094 46 29 the
206 3095 60 28 first
278 3094 60 29 that
348 3093 111 35 landed,
471 3094 107 29 started
588 3094 42 29 for

84 3135 93 37 Sandy
190 3135 80 28 Point
281 3145 34 18 on
327 3135 47 28 the
391 3135 30 27 17
426 3135 37 27 th.

119 3175 58 27 The
187 3174 113 29 vessel's
310 3179 85 23 masts
404 3184 45 18 are
461 3174 104 32 visible,
576 3174 54 27 and
644 3174 1 32 i

82 3215 22 28 it
124 3214 22 29 is
167 3214 133 38 expected
321 3214 62 28 that
404 3214 109 38 portion
536 3214 28 28 of
585 3214 47 27 the
644 3214 2 38 !

82 3265 82 28 cargo
176 3254 55 29 will
244 3254 34 29 be
291 3254 91 29 saved.

247 3305 225 29 KLONDYKE.

229 3346 70 29 New
311 3346 93 35 York,
414 3346 121 38 January
549 3346 44 29 30.

118 3387 58 30 The
189 3387 66 39 gold
276 3387 57 28 belt
355 3385 28 30 in
409 3387 47 28 the
480 3385 151 30 Klondvke

78 3429 111 30 -district
202 3429 49 28 has
264 3429 67 28 been
346 3428 85 29 found
445 3431 29 26 to
487 3428 103 29 extend
604 3433 27 22 to
644 3423 2 50 j

82 3469 121 35 Cassear,
216 3479 67 18 once
308 3480 16 16 a
346 3469 82 27 noted
442 3468 66 38 gold
523 3469 108 35 mining
644 3468 1 38 j

80 3513 101 31 centre,
194 3513 29 24 at
236 3509 46 28 the
296 3518 94 19 source
403 3509 29 27 of
452 3508 46 28 the
513 3507 115 29 Sticken
644 3506 1 38 |

78 3550 55 29 and
147 3549 81 30 Liard
243 3549 93 30 rivers.
376 3548 68 29 Rich
459 3548 90 38 places
560 3549 68 26 have
644 3546 1 40 j

79 3592 69 32 been
157 3589 86 30 found
252 3590 28 28 in
289 3590 46 28 the
344 3589 88 37 valley
440 3591 30 26 of
480 3589 47 28 the
538 3588 90 28 Liard.
644 3588 1 43 j

164 3642 76 29 THE
263 3642 123 29 CHINA
411 3640 133 29 CRISIS.

273 3683 124 34 London,
412 3683 122 35 January
548 3682 45 26 31.

115 3724 28 29 It
155 3725 23 28 is
191 3723 169 30 understood
381 3722 87 29 China
487 3722 22 27 is
525 3722 104 36 willing
644 3722 2 36 j

78 3769 28 24 to
121 3768 81 25 errant
225 3763 130 33 Jlinjjland
380 3773 15 17 a
414 3762 157 29 concession
586 3762 44 26 for
644 3761 1 35 I

282 3802 4 6 .
466 3802 104 4 ....

77 3805 48 28 the
138 3804 186 29 construction
339 3802 28 28 of
392 3812 16 17 a
433 3802 110 35 railway
559 3802 68 26 trom
643 3802 2 35 :

78 3844 148 38 Mandalay
239 3842 122 38 through
381 3842 100 27 Yunan
498 3842 132 27 Province
643 3842 3 40 j

78 3890 28 25 to
119 3886 88 28 Pekin
218 3896 31 16 or
262 3883 122 28 Nankin.

227 3924 166 34 Hongkong,
412 3922 123 37 January
550 3922 43 29 31.

117 3967 24 28 A
156 3965 106 30 French
277 3964 124 38 gunboat
412 3963 49 28 has
471 3963 98 39 passed
586 3963 44 28 the
643 3960 2 42 j

77 4007 94 36 rapids
184 4016 33 17 on
233 4005 47 28 the
294 4004 94 37 Upper
400 4004 125 36 Makong
538 4003 91 34 River,
642 3999 3 45 j

78 4045 53 29 and
143 4045 85 29 found
243 4044 47 27 the
303 4044 72 28 river
388 4043 82 37 easily
482 4042 147 39 navigable
643 4042 2 39 ,

78 4092 28 24 to
121 4087 95 38 Kiang
229 4085 112 39 Kheng,
351 4085 56 28 Ton
412 4085 44 38 qui
461 4096 16 17 n
491 4089 57 24 terr
559 4090 70 32 tory.
642 4085 3 40 i

160 4127 44 29 St.
221 4127 180 33 Petersburg,
414 4125 123 37 January
548 4125 44 28 aO.
642 4123 2 39 j

114 4169 58 28 'lhe
389 4176 161 28 newspaper
564 4176 62 27 says
642 4167 2 41 j

78 4209 59 29 that
150 4208 100 30 Russia
271 4207 137 30 disclaims
431 4217 53 28 any
507 4206 67 29 wish
601 4212 29 23 to
642 4199 2 58 j

78 4251 108 29 disturb
213 4250 47 29 the
285 4249 119 37 friendly
429 4248 129 30 relations
581 4248 47 29 be-
642 4248 2 38 1

77 4296 88 23 tween
179 4291 61 27 that
261 4294 116 32 country
390 4290 53 27 and
459 4290 84 26 Great
566 4289 45 26 Bri-

78 4331 66 30 tain.
183 4332 13 27 'J
206 4330 33 30 he
264 4340 85 29 paper
374 4329 126 40 virtually
527 4328 101 29 admits
640 4328 3 41 j

78 4376 59 25 that
186 4372 99 28 Russia
329 4371 150 38 purchased
524 4370 102 28 certain
640 4370 3 39 j

78 4412 107 30 French
198 4412 119 37 military
331 4415 110 30 secrets,
465 4410 48 28 but
534 4410 94 29 insists
641 4410 2 39 j

78 4453 60 28 that
151 4453 22 27 it
195 4462 56 18 was
275 4452 99 37 simply
400 4463 16 15 a
441 4461 60 17 case
527 4451 28 27 of
577 4461 51 17 one
641 4451 2 38 I

77 4492 119 38 friendly
225 4496 92 24 t'ower
341 4491 112 38 dealing
478 4491 66 27 with
583 4491 45 27 the
642 4491 1 39 j

78 4534 89 28 affairs
179 4533 30 29 of
221 4533 122 28 another.
383 4533 39 27 At
444 4535 69 25 most
535 4531 22 28 it
570 4541 56 18 was
641 4531 4 31 i

77 4585 16 17 a
112 4574 100 28 breach
224 4574 30 28 of
267 4573 95 29 official
377 4583 117 26 secrecy,
508 4572 54 28 and
579 4577 46 23 not
642 4572 3 40 j

76 4619 119 23 treason.

190 4700 318 50 Correspondence.

113 4786 178 32 SABBATH
317 4782 279 31 DESECRATION.

249 4826 39 26 (To
301 4829 43 17 the
359 4823 100 24 Editor.)

113 4856 157 34 Sir,—The
294 4852 114 29 terrible
430 4849 195 29 denunciation

74 4898 60 28 that
143 4897 47 27 the
227 4904 68 18 nnco
407 4891 69 26 have
485 4888 140 28 showered

74 4948 35 18 on
129 4937 47 28 the
196 4934 69 29 head
289 4932 28 29 of
336 4932 47 28 the
399 4930 71 28 Hon.
486 4928 47 28 Mr
550 4928 74 27 Hall-

73 4979 85 28 Jones
171 4977 43 28 for
227 4975 42 28 his
284 4972 54 29 real
349 4982 31 16 or
390 4968 138 39 supposed
542 4968 70 27 viola-

72 5019 58 28 tion
144 5017 29 29 of
185 5017 47 28 the
256 5011 84 30 moral
354 5011 50 27 law
419 5010 27 27 in
460 5007 161 29 connection

73 5059 66 28 with
152 5058 48 27 the
223 5049 268 38 Heriot-Roxburgh
514 5047 111 38 railway

73 5100 23 29 is
110 5097 111 39 enough
234 5100 29 24 to
276 5092 135 31 condemn
436 5090 45 28 for
501 5099 64 18 evnr
580 5088 45 28 the

72 5139 137 40 proposed
220 5138 87 31 route,
315 5132 54 28 and
380 5131 79 29 allow
469 5130 46 28 the
528 5129 97 46 people

70 5184 32 26 of
114 5177 129 31 Danedin
264 5174 54 29 and
338 5174 169 35 up-country
520 5168 105 29 friends

71 5224 29 26 to
125 5216 159 40 religiously
310 5214 71 27 stick
409 5215 27 24 to
462 5212 46 26 the

72 5259 112 32 Central
199 5257 115 28 without
321 5252 165 39 opposition.
527 5250 58 27 One
596 5248 29 28 of

70 5302 48 29 the
148 5296 231 32 inconveniences
410 5292 31 28 of
479 5301 16 17 a
534 5289 91 38 public

70 5352 63 19 man
147 5341 23 28 is
183 5340 61 27 that
258 5337 47 28 the
328 5343 64 29 eyes
413 5332 29 28 of
463 5331 46 28 the
531 5329 93 37 pubic

68 5394 47 18 ure
128 5380 92 31 contii'
230 5378 68 36 ialiy
312 5386 34 19 on
369 5374 58 28 him
444 5371 55 29 and
587 5380 38 17 a:>

68 5426 106 28 actions
200 5417 124 42 publicly
348 5412 147 32 criticised.
543 5409 82 34 Well,

66 5465 131 41 perhaps,
211 5460 56 30 this
278 5458 25 29 is
315 5455 65 35 only
391 5465 30 18 as
432 5454 21 27 it
468 5451 98 30 should
582 5451 43 27 be.

73 5509 51 27 Sut
137 5504 75 30 what
224 5506 29 24 to
267 5510 75 18 some
357 5495 90 30 would
473 5502 105 30 appear
596 5501 29 18 as

67 5557 79 27 gross
159 5541 169 38 immorality
347 5549 36 19 on
406 5537 47 29 the
477 5538 63 36 part
561 5532 29 30 of
609 5542 16 18 a

69 5588 92 32 public
174 5596 61 18 man
252 5581 89 31 would
354 5589 64 31 pass
433 5576 149 30 unnoticeci
595 5574 29 27 in

70 5624 48 26 the
130 5634 60 18 case
209 5626 28 27 of
258 5624 129 36 ordinary
410 5617 131 35 mortals;
567 5614 56 30 and

72 5661 153 31 sometimes
246 5664 54 28 vice
324 5673 87 24 versa,
436 5672 30 18 as
492 5658 48 30 the
561 5666 62 20 case

75 5709 61 25 may
157 5701 42 29 be.
241 5706 52 26 riut
317 5705 21 27 if
359 5705 36 27 ail
416 5709 81 22 ttiose
519 5697 104 40 parties

77 5738 59 27 who
148 5749 44 19 see
204 5741 46 29 the
274 5748 72 24 mote
368 5739 213 42 conspicuously
593 5738 29 28 in

157 5777 131 33 brother's
300 5792 50 27 eye
364 5794 69 18 were
450 5782 65 38 only
529 5786 28 24 to
572 5781 31 28 be-

669 204 3 41 j
685 204 65 28 hold
764 204 47 28 the
826 204 78 28 benm
918 204 29 28 in
970 205 72 28 their
1064 214 61 20 own
1148 216 49 26 eye
1217 205 21 28 it

670 245 2 38 j
684 245 88 37 ought
791 248 29 25 to
842 245 82 28 make
936 247 75 26 them
1026 246 62 37 sing-
1101 247 95 33 dumb,
1207 256 31 18 or

669 285 3 40 |
684 289 29 25 to
725 289 29 24 at
767 285 68 29 least
849 285 165 37 investigate
1027 287 47 28 the
1087 297 61 18 case
1162 296 74 19 more

657 324 1 39 !
669 324 2 39 j
684 325 69 38 fully
764 326 93 30 before
867 326 137 36 blabbing
1013 327 22 28 it
1045 332 28 25 to
1083 329 46 28 the
1141 327 92 28 world.

668 367 3 35 I
686 367 53 28 But
764 368 102 27 human
892 370 96 25 nature
1012 369 23 26 is
1061 369 77 33 such,
1152 368 53 27 and
1220 367 15 27 I

657 407 1 38 I
684 417 118 28 suppose
824 407 101 37 always
938 407 53 28 will
1006 408 43 34 be,
1061 408 59 28 that
1135 418 41 19 we
1188 417 46 18 are

667 447 3 38 j
682 451 48 34 apt
743 451 28 26 to
784 447 63 28 look
862 452 28 23 at
903 447 47 28 the
964 448 55 27 sins
1033 448 29 29 of
1075 459 49 18 our
1138 447 94 33 neigh-

657 487 1 38 I
667 487 2 38 I
682 487 86 30 hours
789 488 120 36 through
931 497 49 18 our
1000 498 61 17 own
1075 488 157 37 spectacles.

657 527 1 45 1
666 527 4 45 1
687 527 50 30 Por
750 529 132 33 instance,
908 527 14 29 I
944 531 101 26 cannot
1068 528 99 39 myself
1191 528 42 28 for

657 568 1 37 '
667 568 3 37 |
683 569 46 27 the
743 569 47 28 life
804 569 29 27 of
846 579 43 17 me
903 568 62 27 look
985 579 74 26 upon
1073 579 15 17 a
1101 579 62 18 man
1178 569 40 27 rid-

667 607 3 40 |
682 609 49 38 ing
741 620 16 17 a
770 609 105 37 bicycle
888 619 32 16 on
948 607 113 32 Sunday
1077 609 59 36 (not
1150 609 83 37 being

667 642 2 49 j
682 659 15 17 a
710 649 95 37 cyclist
820 649 120 36 myself),
955 659 35 17 no
1010 654 100 23 matter
1122 650 21 27 if
1157 650 33 27 he
1210 649 22 28 is

667 684 2 43 j
682 700 15 17 a
711 699 157 28 messenger
881 689 29 29 of
931 689 45 29 the
1004 689 111 38 Gospel,
1142 690 50 28 but
1217 689 13 28 I

667 729 2 35 1
682 729 62 29 look
759 741 71 23 upon
847 731 53 28 him
915 741 29 16 as
958 741 16 17 a
999 734 71 25 most
1092 730 140 29 notorious

666 771 2 37 i
681 771 53 28 and
744 771 115 37 profane
870 771 266 34 Sabbath-breaker;
1153 771 78 27 while

665 810 1 37 ;
683 811 21 33 I,
720 821 34 18 on
769 811 46 28 the
828 811 78 28 other
929 811 80 33 hand,
1038 821 62 26 may
1125 810 65 28 take
1216 821 15 17 a

664 850 2 39 j
680 851 77 28 drive
778 861 31 17 or
834 862 15 16 a
873 851 58 28 ride
956 856 48 22 out
1028 850 43 28 for
1097 851 133 38 pleasure,

663 891 3 41 j
680 892 74 37 quite
779 892 179 28 unconscious
990 891 59 27 that
1075 892 14 27 I
1115 903 43 17 am
1185 891 45 28 the

663 929 2 40 j
679 936 108 30 greater
812 935 150 34 trespasser
986 931 30 26 of
1039 931 46 27 the
1112 936 54 24 two
1193 931 37 37 by

662 971 2 40 i
678 972 166 34 compelling
859 983 44 26 my
917 972 88 33 horse,
1019 971 87 29 which
1128 972 22 28 is
1164 972 64 28 sub-
1237 971 1 40 j

662 1001 2 48 '
677 1012 110 28 missive
800 1016 28 23 to
843 1023 45 26 my
899 1012 62 33 will,
974 1016 26 23 to
1015 1012 84 28 break
1115 1013 46 27 the
1174 1012 54 36 day
1237 1001 1 48 j

661 1048 2 41 j
677 1052 28 27 of
731 1056 64 29 rest,
819 1052 43 28 for
887 1053 91 28 whose
1003 1052 103 29 benefit
1127 1053 22 27 it
1172 1063 54 17 was
1237 1048 1 41 |

676 1092 136 39 promised
826 1092 94 29 sacred
934 1103 30 17 as
990 1092 57 27 well
1071 1103 29 17 as
1126 1093 43 27 for
1192 1093 34 27 its

661 1132 1 39 !
677 1136 107 25 master.
824 1132 80 37 Now,
920 1134 51 34 Sir,
986 1132 70 29 Tam
1081 1133 64 38 glad
1174 1144 50 17 von

659 1173 3 39 ;
676 1173 110 38 pointed
800 1177 48 24 out
862 1182 29 20 so
905 1174 73 37 plain
992 1173 27 29 in
1033 1184 69 27 yonr
1115 1174 111 37 leading

659 1209 3 50 J
675 1214 94 28 article
801 1214 29 28 of
861 1214 52 28 lust
954 1215 71 27 issue
1058 1214 88 28 where
1179 1214 47 28 the
1237 1209 1 50 j

659 1254 2 29 :
675 1254 168 29 desecration
870 1256 29 26 of
924 1255 48 28 the
998 1254 122 28 Sabbath
1148 1254 22 27 is
1195 1265 31 17 so

657 1294 3 40 j
674 1294 184 37 prominently
873 1294 104 30 carried
1003 1298 48 25 out
1064 1305 101 26 atnong
1179 1294 47 28 the

657 1334 3 39 !
674 1334 139 35 dredging
825 1336 157 37 companies
1003 1346 33 17 on
1064 1336 46 26 the
1125 1334 100 28 Clutha

657 1374 2 34 i
675 1374 90 34 River,
795 1376 52 26 and
882 1376 89 29 where
1002 1377 47 27 the
1080 1374 128 29 dividend-

657 1414 1 38 ;
673 1414 120 38 hunting
818 1416 120 30 director
961 1421 61 24 cuts
1035 1416 22 28 it
1071 1420 45 25 too
1132 1416 51 28 fine
1197 1420 28 24 to

657 1453 49 47 Jhe
719 1454 107 28 honest.
867 1456 40 26 On
925 1460 70 23 most
1005 1457 30 27 of
1046 1456 46 26 the
1106 1456 119 37 dredges

657 1493 1 44 |
671 1493 47 28 the
732 1503 61 18 men
816 1505 46 19 are
888 1494 68 39 kept
982 1495 126 38 working
1134 1505 36 27 up
1196 1500 29 24 to

657 1534 1 39 j
673 1534 79 28 11.30
766 1545 32 17 on
817 1534 138 32 Saturday
969 1536 90 35 night,
1075 1546 28 18 so
1115 1536 61 27 that
1186 1536 39 37 by

657 1574 1 40 !
669 1574 48 28 the
726 1574 66 29 time
804 1576 66 28 thev
882 1581 48 28 got
942 1577 89 34 home,
1044 1576 69 29 have
1124 1586 101 28 sapper
1237 1574 1 40 j

657 1604 1 46 !
670 1615 52 27 and
739 1619 47 29 get
798 1620 29 24 to
842 1616 63 32 bod,
929 1618 22 26 it
976 1617 54 28 will
1058 1618 33 27 be
1120 1618 7 26 I
1155 1627 31 17 or
1208 1618 15 26 2
1237 1604 1 46 j

657 1653 1 41 :
669 1656 105 28 o'clock
800 1667 33 16 on
863 1656 113 38 Sunday
991 1657 136 34 morning.
1167 1656 57 28 The
1237 1653 1 41 j

657 1694 1 41 !
670 1695 207 39 engine-driver
887 1701 84 25 starts
983 1701 28 25 at
1028 1694 29 41 10
1068 1696 106 30 o'clock
1186 1708 33 17 on
1237 1694 1 41 j

671 1736 114 37 Sunday
800 1737 90 34 night,
905 1738 53 27 and
972 1738 75 28 often
1069 1738 94 27 before
1178 1738 47 27 the
1237 1736 1 37 !

657 1774 1 54 I
669 1776 89 29 hands
772 1776 28 28 of
813 1777 48 28 the
874 1776 77 30 clock
966 1778 78 38 point
1066 1781 28 25 to
1122 1778 32 27 12
1178 1777 46 28 the
1237 1774 1 54 j

657 1817 1 39 i
671 1817 157 38 machinery
847 1818 23 28 is
885 1819 25 27 in
927 1820 111 27 motion.
1080 1818 143 38 Although
1237 1817 1 39 j

657 1858 1 43 |
670 1858 47 28 the
732 1858 75 28 work
831 1860 150 28 connected
997 1860 64 27 with
1085 1858 140 37 dredging
1237 1858 1 43 j

657 1894 1 56 I
671 1900 21 28 is
706 1903 48 25 not
769 1898 38 38 by
819 1909 54 28 any
889 1910 90 19 means
993 1900 77 36 hard,
1084 1903 47 35 yet
1144 1900 77 28 there
1237 1894 1 56 j

657 1940 1 41 i
671 1952 45 16 are
730 1951 34 17 no
779 1944 110 30 greater
899 1941 122 36 drudges
1030 1942 65 27 than
1106 1940 118 36 dredge-
1237 1940 1 41 j

657 1973 1 48 I
672 1990 59 18 men
748 1983 28 25 to
790 1980 33 28 be
837 1980 87 29 found
938 1981 25 28 in
979 1981 47 28 the
1040 1981 86 28 whole
1141 1981 80 27 realm
1237 1973 1 48 j

657 2016 42 37 jof
712 2021 117 35 mining.
870 2021 80 28 From
964 2022 113 36 Sunday
1088 2028 27 21 to
1128 2021 80 28 Satur-

670 2062 54 37 day
737 2061 54 30 and
819 2060 137 38 Saturday
982 2067 29 24 to
1037 2061 113 38 Sunday
1176 2061 47 29 it's

670 2103 118 35 nothing
831 2103 51 27 but
927 2103 122 35 dredge!
1099 2102 122 35 dredge!

669 2142 155 35 dredging!
858 2143 53 28 and
938 2143 125 37 drudge!
1097 2142 124 38 drudge!

668 2183 108 38 drudge
790 2183 5 28 !
836 2182 34 29 In
884 2183 64 35 fact,
964 2183 46 28 the
1025 2194 61 17 men
1105 2194 73 17 seem
1195 2187 28 24 to

668 2224 33 27 be
715 2234 33 17 an
771 2223 149 29 automatic
934 2223 185 29 combination
1132 2223 30 29 of
1175 2223 46 28 the

668 2265 156 36 machinery
847 2265 66 37 they
936 2265 85 28 work.
1061 2264 82 29 From
1170 2275 51 18 one

666 2306 89 34 year's
769 2305 53 29 end
837 2308 27 24 to
875 2306 115 27 another
1000 2306 65 34 they
1077 2315 83 18 never
1174 2310 48 32 get

665 2355 14 17 a
694 2345 110 37 holiday
818 2344 55 29 like
887 2345 185 37 otherpeople
1087 2344 91 29 unless
1193 2345 26 27 in

664 2385 47 28 the
722 2395 62 18 case
797 2385 29 28 of
837 2395 15 17 a
866 2385 168 28 breakdown
1054 2395 31 18 or
1098 2395 15 18 a
1127 2385 76 35 provi-

664 2425 103 30 dential
793 2426 54 29 rise
872 2425 27 30 in
926 2425 47 29 the
1000 2426 80 28 river.
1121 2424 14 29 I
1150 2425 69 29 have

664 2467 100 28 known
779 2468 75 28 them
869 2467 69 27 have
954 2471 26 23 to
994 2467 77 27 work
1094 2477 68 17 even
1184 2477 35 17 on

664 2507 153 29 Christmas
843 2507 54 28 and
921 2507 68 28 New
1016 2507 98 29 Year's
1141 2507 77 35 days,

662 2549 54 27 and
730 2549 56 29 this
800 2559 33 17 on
849 2547 119 36 dredges
992 2548 60 27 that
1066 2557 69 19 were
1150 2557 50 28 pay-

661 2590 50 32 ing
724 2590 47 27 the
785 2589 191 27 shareholders
1004 2589 3 36 1
1016 2589 35 26 00
1075 2598 48 27 per
1146 2592 71 24 cent,

661 2639 50 27 per
724 2639 111 18 annum.
878 2628 61 28 And
962 2628 99 28 should
1086 2627 47 28 the
1160 2627 58 28 coal

661 2680 49 16 run
727 2670 76 27 short
817 2673 28 24 at
859 2668 47 28 the
918 2669 53 27 end
983 2668 29 28 of
1023 2669 46 26 the
1081 2667 75 29 week
1172 2668 46 28 the
1232 2662 1 39 j

660 2713 90 24 carter
765 2713 73 24 must
849 2709 76 27 work
939 2709 112 27 himself
1061 2708 52 28 and
1124 2708 94 28 horses

660 2750 33 28 all
710 2750 53 35 day
776 2761 34 17 on
828 2750 113 35 Sunday
955 2761 31 15 or
997 2760 48 17 rim
1059 2750 47 27 the
1117 2749 57 27 risk
1188 2750 30 28 of
1231 2749 1 36 i

659 2791 85 32 being
777 2791 72 27 fined
884 2790 43 27 for
955 2800 50 18 eve
1009 2801 12 8 n
1023 2800 15 20 v
1075 2790 69 27 hour
1169 2790 46 27 the
1230 2790 2 36 j

659 2830 105 35 dredge
777 2831 22 26 is
814 2830 55 28 idle
884 2830 43 26 for
937 2835 74 22 want
1021 2829 29 27 of
1063 2829 69 28 coal.
1173 2829 41 28 On
1230 2829 2 36 i

658 2870 47 28 the
719 2869 80 29 other
812 2869 82 34 hand,
906 2869 46 28 the
964 2879 61 18 man
1040 2869 59 28 who
1114 2867 102 39 spends
1229 2867 2 39 !

657 2921 16 16 a
687 2910 117 28 number
819 2910 28 27 of
863 2920 77 18 vears
967 2919 34 18 on
1028 2920 15 17 a
1064 2908 105 37 dredge
1190 2909 24 27 is

657 2950 214 38 comparatively
887 2949 99 29 useless
1014 2949 44 28 for
1077 2949 138 36 anything

658 2990 65 35 else,
733 3002 38 23 or,
786 2995 28 24 at
828 2991 78 34 least,
922 2990 42 28 for
978 2990 85 36 doing
1077 2989 137 36 anything

658 3031 55 28 else
737 3031 23 28 if
781 3031 65 36 they
871 3041 51 18 can
945 3030 64 37 help
1035 3030 30 28 it.
1077 3041 5 3 *
1106 3029 14 28 I
1145 3029 69 28 have

657 3070 101 28 known
774 3081 94 27 young
882 3080 61 18 men
958 3072 29 26 to
1002 3069 60 29 wait
1078 3069 54 29 idle
1145 3069 43 28 for
1200 3079 15 18 a

658 3110 69 28 solid
757 3111 31 28 12
816 3111 109 28 months
951 3109 44 30 for
1023 3121 16 17 a
1061 3110 50 37 job
1138 3120 35 18 on
1199 3120 15 18 a

659 3151 104 30 dredcre
790 3151 114 27 without
929 3161 24 16 m
957 3150 63 27 akin
1025 3161 19 13 a-
1070 3150 46 27 the
1144 3150 69 27 least

1024 3176 16 11 O

659 3189 80 28 effort
764 3198 29 20 to
817 3190 63 28 look
907 3189 72 29 after
997 3190 137 37 anything
1148 3189 64 28 else.

660 3230 27 28 It
713 3230 108 28 seemed
849 3234 28 24 to
901 3239 43 19 me
976 3229 64 35 they
1068 3239 70 19 were
1165 3233 48 25 not

661 3271 111 35 capable
786 3271 29 27 of
828 3270 128 36 severing
969 3271 69 27 their
1051 3271 161 27 connection

661 3311 65 27 with
739 3311 47 27 the
800 3311 98 27 servile
918 3310 129 37 bondage
1072 3315 27 23 to
1125 3310 87 28 which

661 3351 64 36 they
751 3351 166 35 voluntarily
949 3349 60 29 sold
1039 3350 173 29 themselves.

660 3391 14 27 I
689 3394 80 33 trust,
784 3391 136 35 however,
938 3390 64 32 they
1017 3391 51 27 will
1087 3391 68 27 have
1169 3391 44 28 the

661 3432 82 28 moral
770 3443 119 22 courage
915 3437 28 23 to
974 3436 106 33 protest
1106 3432 107 34 against

659 3472 126 32 working
800 3483 30 16 so
844 3472 54 27 late
921 3482 33 16 on
981 3471 137 37 Saturday
1134 3473 78 34 night

659 3522 30 16 or
702 3521 29 17 so
744 3512 75 37 early
830 3523 33 15 on
878 3511 122 38 Monday
1009 3511 137 35 morning,
1158 3512 54 28 and

659 3552 60 28 that
734 3552 77 28 those
838 3556 60 24 who
925 3552 65 28 wish
1017 3557 28 22 to
1068 3562 143 19 reverence

659 3592 46 27 the
720 3592 124 28 Sabbath
860 3592 51 28 will
927 3598 116 31 support
1068 3593 52 27 and
1146 3605 66 24 urge

661 3632 70 28 them
748 3633 24 27 iti
789 3633 129 39 carrying
932 3640 47 21 out,
1000 3632 71 29 tlvir
1095 3633 112 39 proj.-ct.

659 3673 51 27 —I
724 3685 52 17 am,
791 3678 63 24 etc.,
969 3673 203 29 Ex-Dirkcl'Oi:.

704 3766 22 39 A
761 3766 91 40 Good
897 3766 130 50 Forage
1065 3767 99 41 Plant.

660 3877 89 28 SUIT
753 3878 20 27 A
783 3878 68 27 RLE
861 3878 47 28 TO
922 3878 89 29 THIS
1023 3879 176 30 DISTRICT

696 3963 44 29 Mr
750 3964 38 29 M.
804 3964 129 37 Murphy,
954 3969 136 35 secretary
1113 3966 29 28 of
1164 3967 45 29 the

660 4003 171 38 Canterbury
844 4006 189 33 Agricultural
1056 4007 54 27 and
1131 4008 63 26 Past-

658 4043 53 28 oral
749 4044 180 32 Association,
951 4045 49 29 has
1027 4047 107 28 written
1162 4047 46 29 the

942 4088 47 27 the
1004 4088 142 37 following
1166 4090 28 27 in-

658 4126 133 34 teresting
1017 4128 69 29 have
1108 4129 101 29 always

658 4166 67 28 been
739 4177 14 16 a
767 4170 78 33 great
865 4167 131 30 advocate
1018 4169 42 28 for
1086 4170 125 35 growing

657 4206 109 29 lucerne
779 4207 26 27 in
820 4207 117 31 suitable
951 4209 58 36 soil,
1030 4209 140 40 believing
1188 4210 21 28 it

657 4252 27 24 to
700 4248 33 28 be
759 4248 122 37 superior
903 4253 28 25 to
955 4261 53 27 any
1023 4252 78 29 other
1114 4252 96 34 forage

657 4288 86 36 plant,
754 4289 144 36 especially
912 4290 25 26 in
950 4290 49 33 dry
1012 4300 118 19 seasons.
1171 4292 38 26 To

656 4332 54 25 test
724 4328 47 29 the
785 4328 151 30 soundness
961 4330 27 28 of
1008 4331 53 29 this
1075 4332 99 37 theory
1195 4330 14 29 I

657 4370 52 27 had
733 4380 33 17 an
793 4370 94 31 eighth
914 4370 29 27 of
955 4381 31 17 an
1002 4382 60 18 acre
1077 4372 131 28 trenched

656 4410 42 28 2ft
723 4410 69 35 deep
820 4410 24 27 i:i
880 4410 120 37 August,
1031 4412 79 28 18°8.
1151 4412 58 28 The

656 4450 49 29 soil
721 4452 22 28 is
757 4450 30 28 of
799 4449 81 38 fairly
894 4450 72 37 good
978 4452 112 37 qualify,
1100 4453 108 36 resting

657 4491 26 27 in
717 4502 16 16 a
764 4490 88 37 sandy
875 4490 61 37 clay
967 4491 70 28 loam
1070 4492 54 28 and
1157 4492 51 37 dry

660 4532 120 35 (lucerne
794 4531 53 29 will
861 4535 47 25 not
924 4531 88 30 thrive
1026 4543 34 18 on
1080 4532 58 29 cold
1155 4536 53 25 wet

658 4573 85 34 soils).
783 4572 57 28 The
854 4573 62 27 seed
933 4584 53 16 was
1007 4584 74 17 sown
1096 4574 26 27 in
1138 4573 52 37 Sep-

658 4614 113 33 tember,
799 4612 76 31 1896,
901 4612 26 27 in
952 4612 76 28 drills
1051 4613 46 28 9in
1119 4616 87 34 apart.

657 4654 64 27 Two
735 4653 53 29 and
803 4664 12 17 a
831 4652 58 29 half
901 4654 92 36 pound
1019 4654 29 27 of
1073 4654 63 28 seed
1153 4664 53 18 was

656 4704 85 22 sown,
767 4692 88 28 which
877 4702 91 18 means
981 4697 29 23 at
1023 4694 47 26 the
1097 4697 56 23 rate
1178 4693 29 28 of

656 4733 65 27 201b
736 4742 48 27 per
797 4741 69 18 acre.
907 4732 57 27 The
985 4732 59 28 first
1065 4742 64 27 crop
1152 4742 54 17 was

656 4779 47 21 cut
716 4773 28 27 in
775 4771 160 29 November,
960 4770 59 36 jusfc
1042 4775 46 24 ten
1115 4771 91 28 week
1209 4770 3 36 3

656 4812 71 28 after
758 4810 114 39 sowing.
930 4810 79 28 With
1042 4822 16 17 a
1084 4812 67 28 view
1178 4815 28 24 to

654 4851 173 37 acertaining
858 4852 47 27 t.he
938 4852 101 32 weight
1063 4851 30 28 of
1122 4861 84 27 green

654 4892 70 27 stuff
742 4901 50 27 per
817 4900 60 18 acre
904 4894 28 24 at
959 4891 64 27 each
1048 4891 118 35 cutting,
1192 4901 16 17 a

654 4935 98 30 spuate
777 4929 83 35 perch
887 4939 54 19 was
966 4940 12 17 a
982 4934 100 24 curat',
1092 4929 27 38 ly
1134 4940 54 18 mea-

654 4970 80 28 sured
760 4970 45 28 off.
828 4973 56 30 cut,
906 4970 54 27 and
976 4970 134 37 weighed.
1150 4970 58 28 The

654 5016 79 22 exact
745 5009 104 34 weight
864 5020 55 17 was
936 5009 90 35 1781b,
1035 5021 30 15 or
1085 5010 46 35 I2|
1147 5015 61 22 tons

653 5052 29 27 of
695 5061 85 29 green
795 5050 101 33 soiling
909 5050 64 28 each
985 5050 117 33 cutting.
1141 5049 66 30 This

653 5102 55 18 was
731 5092 64 28 then
818 5091 80 28 made
920 5091 58 28 into
992 5091 52 28 hnv
1059 5091 53 28 and
1126 5091 81 38 again

653 5132 132 37 carefully
818 5132 137 37 weighed,
989 5132 78 26 when
1100 5131 21 27 it
1154 5142 54 18 was

653 5172 86 29 found
766 5177 28 23 to
817 5175 65 25 turn
910 5172 47 28 the
983 5171 71 29 scale
1080 5174 28 25 at
1134 5171 74 34 4'2lb,

653 5212 80 38 equd
747 5217 27 23 to
790 5212 15 29 13
821 5216 61 24 tons
969 5222 70 23 acre,
1054 5222 30 17 or
1104 5212 3 38 1
1115 5212 14 27 2
1147 5220 61 20 r<>ns

653 5254 29 26 of
696 5253 53 32 hay
764 5260 26 20 at
806 5252 61 28 four
880 5252 134 30 cutting.
1056 5251 13 27 I
1091 5262 42 17 am
1149 5262 60 17 now

657 5293 134 36 (January
821 5292 75 32 15th)
931 5292 110 35 cutting
1066 5291 46 27 the
1136 5291 74 28 third

653 5343 75 27 crop,
752 5332 110 38 equally
876 5341 29 17 as
929 5332 70 36 good
1028 5341 30 18 as
1084 5332 47 27 the
1156 5335 54 25 two

656 5372 146 39 preceding
827 5383 76 22 o:i-s,
924 5372 52 28 and
1005 5372 13 28 I
1046 5372 68 28 have
1139 5371 70 29 little

654 5414 88 28 doubt
755 5414 51 28 bat
820 5412 60 29 that
894 5412 14 28 I
924 5412 68 28 shall
1007 5416 48 29 get
1068 5416 54 23 two
1137 5422 73 18 more

654 5464 89 19 crops.
783 5452 59 28 The
855 5452 93 28 fourth
976 5462 65 27 crop
1067 5451 141 36 following

654 5495 22 27 is
692 5494 47 29 9iu
755 5504 27 18 i<>
800 5493 58 29 12in
874 5492 77 34 high.
992 5492 14 28 I
1017 5491 126 29 consider
1154 5492 56 28 .-hat

655 5545 52 20 one
717 5545 61 20 acre
792 5533 104 29 treated
914 5543 28 18 as
955 5534 88 27 above
1052 5532 89 29 would
1154 5532 42 29 fur-

654 5577 63 28 nish
726 5587 33 18 an
769 5574 91 38 ample
869 5573 101 38 supply
980 5573 29 29 of
1019 5583 84 27 green
1114 5572 98 30 fodder

656 5618 129 36 morning
793 5615 54 29 and
858 5615 118 36 evening
988 5613 101 39 during
1097 5613 96 29 thehot-

654 5663 56 26 test
724 5657 110 30 months
849 5656 28 29 of
890 5655 46 28 the
950 5664 66 27 year
1028 5653 44 29 for
1094 5657 29 25 at
1142 5654 70 29 least

655 5701 42 28 six
712 5699 78 34 dairy
803 5708 81 19 cows.
924 5695 49 38 My
987 5695 61 37 plot
1061 5694 29 29 of
1103 5694 35 28 20
1147 5705 45 27 per-

654 5743 65 27 ches
733 5741 67 38 kept
814 5750 15 17 a
844 5746 75 30 pony
932 5736 27 28 in
982 5734 152 30 half-made
1156 5735 53 38 hay

654 5783 70 29 from
748 5774 48 37 tlie
813 5777 100 32 midele
935 5777 29 29 of
978 5775 120 30 October
1110 5774 42 30 till
1164 5775 48 29 the

1270 202 102 28 middle
1397 202 28 28 of
1450 201 80 38 April
1564 201 54 28 last
1639 210 74 28 year.
1762 200 57 28 The

1268 242 78 29 value
1360 242 29 29 of
1402 242 109 29 lucerne
1524 251 29 18 as
1566 251 15 18 a
1595 241 99 29 fodder
1708 241 77 37 plant
1795 241 23 28 is

1266 282 93 38 amply
1384 282 155 29 illustrated
1564 291 35 19 on
1623 282 47 28 the
1700 281 114 37 Asylum

1265 322 81 29 Farm
1379 328 29 24 at
1435 322 164 38 Sunnyside,
1626 322 90 29 where
1743 322 22 28 it
1792 322 21 28 is

1264 374 96 23 grown
1374 363 223 37 systematically,
1619 362 54 28 and
1700 362 45 28 Mr
1770 362 42 28 YV.

1266 401 93 30 White
1372 404 94 28 senr's.
1481 402 58 39 plot
1558 412 35 19 on
1616 402 47 29 the
1689 401 109 29 Lincoln-

1263 444 75 33 road,
1352 444 93 27 within
1456 444 45 27 the
1513 446 65 33 city,
1592 443 22 28 is
1628 442 56 28 also
1698 442 115 28 another

1262 483 122 37 striking
1397 483 90 38 object
1501 484 99 27 lesson.
1642 482 98 33 Surely
1761 482 46 28 the

1261 522 157 38 exigencies
1448 523 29 28 of
1498 524 54 27 this
1574 529 111 33 present
1705 532 105 25 season,

1263 563 76 27 when
1354 564 76 36 dairy
1440 564 117 27 farmers
1566 574 45 17 are
1620 569 29 22 at
1658 564 71 27 their
1738 563 70 28 wits'

1262 602 52 28 end
1329 607 27 23 to
1376 603 101 37 supply
1499 603 63 29 feed
1585 608 29 24 to
1639 604 71 27 their
1735 603 77 37 dairy

1261 642 88 34 stock,
1365 643 97 28 should
1476 648 42 23 set
1531 645 76 26 them
1616 644 141 38 thinking.
1797 644 14 27 I

1263 682 52 28 will
1329 688 149 32 guarantee
1492 684 60 28 that
1566 694 71 27 anyo
1660 694 14 18 e
1687 685 59 27 who
1757 684 52 27 will

1261 723 63 29 take
1339 724 46 27 the
1399 724 107 29 trouble
1520 724 54 29 and
1592 724 87 37 spend
1703 736 15 17 a
1743 724 70 29 little

1260 764 64 28 cash
1338 764 26 27 in
1379 765 151 36 preparing
1538 775 15 17 a
1564 765 127 37 paddock
1703 765 28 28 of
1742 765 53 28 suit-

1261 804 60 27 able
1334 803 49 28 soil
1407 803 42 28 for
1473 804 109 28 lucerne
1605 804 53 27 will
1685 805 67 28 have
1778 816 35 17 no

1260 854 78 17 cause
1348 848 27 22 to
1385 848 92 33 regret
1488 844 45 27 the
1547 844 190 38 expenditure.
1778 845 32 27 In

1259 884 166 34 conclusion,
1441 895 44 26 my
1496 884 95 29 advice
1604 885 31 31 is,
1650 885 35 28 do
1708 885 21 28 it
1752 885 60 28 well

1258 935 30 16 or
1299 924 37 27 let
1349 924 21 26 it
1385 924 87 28 alone.
1513 924 13 27 I
1542 934 62 26 may
1617 925 54 27 add
1687 926 59 26 that
1760 935 46 25 my

1258 975 64 28 crop
1334 964 47 29 has
1392 971 47 21 not
1446 964 68 29 been
1520 964 153 39 artificially
1683 965 128 30 watered.

1258 1059 134 48 Sunday
1413 1058 131 43 Labour
1563 1061 28 42 in
1614 1062 104 41 Mines
1740 1062 67 41 Bill.

1294 1162 57 28 The
1378 1162 114 38 Sunday
1525 1164 110 29 Labour
1667 1165 27 27 in
1722 1164 88 29 Mines

1258 1203 163 27 Prevention
1436 1204 63 34 Act,
1515 1205 97 36 passed
1629 1205 51 28 last
1698 1206 112 34 session,

1256 1243 22 27 is
1303 1242 115 38 causing
1449 1244 188 29 considerable
1662 1250 147 30 comment,

1257 1283 110 36 notably
1383 1293 33 17 on
1432 1283 47 28 the
1492 1284 146 35 goldfields
1664 1285 25 33 (s
1699 1296 40 24 tys
1763 1285 46 28 the

1288 1323 83 28 Bruce
1394 1322 105 30 Herald
1576 1325 55 28 and
1651 1336 29 17 as
1706 1326 20 26 it
1753 1324 57 28 also

1255 1362 95 28 affects
1364 1363 58 28 coal
1437 1364 109 33 miners,
1562 1365 21 27 it
1597 1365 22 28 is
1632 1376 29 17 as
1677 1365 57 28 well
1750 1366 59 26 that

1256 1414 38 17 we
1308 1404 98 28 should
1419 1404 88 29 direct
1525 1406 93 37 public
1632 1406 135 29 attention
1783 1409 27 25 to

1254 1444 35 26 its
1305 1445 69 25 maiu
1402 1445 163 35 provisions.
1605 1446 58 28 The
1687 1456 69 17 crux
1781 1447 29 26 of

1256 1483 45 29 the
1327 1493 122 19 measure
1482 1486 23 27 is
1537 1486 145 29 contained
1709 1486 27 28 in
1764 1486 45 28 the

1254 1524 142 36 following
1409 1524 104 29 clauses
1526 1538 6 16 :
1555 1526 98 29 Clause
1753 1526 36 27 Ex-

1254 1570 63 32 cept
1343 1564 25 28 in
1398 1574 74 18 cases
1498 1566 90 29 where
1609 1568 47 27 the
1683 1567 126 39 previous

1253 1604 140 38 authority
1406 1605 27 27 in
1449 1606 112 38 writing
1574 1608 29 27 of
1616 1618 33 17 an
1665 1608 144 38 Inspector

1254 1646 28 26 of
1298 1645 87 27 Mines
1400 1645 47 27 has
1463 1646 68 28 been
1545 1648 139 34 obtained,
1704 1647 21 28 it
1739 1647 68 27 shall

1255 1691 47 23 not
1326 1687 33 27 be
1385 1685 90 29 lawful
1503 1686 43 29 for
1572 1698 54 28 any
1652 1698 98 29 person
1778 1698 30 16 or

1254 1736 133 26 company
1414 1732 27 22 to
1468 1727 117 39 directly
1607 1740 32 17 or
1661 1727 145 37 indirectly

1254 1767 107 36 employ
1377 1775 53 28 any
1440 1767 139 30 workman
1591 1780 34 18 on
1639 1767 111 38 Sunday
1766 1769 41 26 for

1255 1806 57 28 hire
1326 1818 31 16 or
1371 1807 102 28 reward
1487 1813 28 23 to
1529 1809 35 29 do
1587 1820 53 26 any
1663 1808 99 30 skilled
1777 1819 30 17 or

1255 1846 137 28 unskilled
1409 1849 107 28 manual
1530 1850 97 29 labour
1639 1850 27 28 in
1679 1861 31 17 or
1722 1850 85 27 about

1253 1898 53 26 any
1332 1888 72 31 mine
1430 1889 94 31 within
1550 1891 47 30 the
1622 1891 131 38 meaning
1779 1889 28 29 of

1254 1931 7 11 '
1273 1929 58 28 The
1355 1929 110 40 Mining
1480 1934 61 32 Act,
1561 1932 88 34 1891,'
1675 1943 31 18 or
1732 1931 75 28 'The

1255 1968 166 32 Coal-mines
1437 1974 61 33 Act,
1517 1972 85 35 1891,'
1677 1971 98 30 Clause
1791 1972 15 27 3

1253 2015 86 22 states
1480 2016 143 35 Inspector
1655 2013 29 28 of
1716 2013 90 27 Mines

1254 2050 68 28 shall
1348 2051 63 37 give
1436 2064 53 29 any
1519 2054 67 29 such
1612 2053 140 38 authority
1778 2063 29 19 as

1253 2091 135 30 aforesaid
1402 2100 97 33 except
1512 2095 28 27 in
1562 2105 75 18 cases
1663 2095 89 28 where
1773 2095 34 27 he

1253 2132 22 27 is
1290 2133 121 30 satisfied
1433 2135 61 28 that
1515 2135 45 29 the
1586 2135 96 28 labour
1708 2138 99 25 cannot

1254 2173 33 27 be
1312 2175 156 36 suspended
1491 2186 35 18 on
1552 2175 113 34 Sunday
1691 2175 116 28 without

1254 2211 56 30 risk
1325 2213 28 28 of
1378 2215 93 39 injury
1492 2219 30 25 to
1546 2216 48 28 the
1618 2216 73 28 mine
1716 2226 31 17 or
1771 2215 36 28 its

1252 2254 172 37 operations;
1444 2256 54 29 and
1513 2257 79 28 when
1618 2256 98 39 giving
1737 2255 68 29 such

1251 2295 141 39 authority
1406 2298 33 27 he
1452 2298 69 28 shall
1535 2298 27 27 in
1578 2298 66 28 each
1658 2308 62 18 case
1733 2303 72 22 state

1251 2334 26 27 in
1293 2335 111 39 writing
1424 2338 41 27 his
1489 2347 110 19 reasons
1613 2338 43 27 for
1669 2337 133 38 granting

1251 2375 66 27 such
1331 2377 148 36 authority,
1488 2378 53 28 and
1557 2377 69 29 shall
1637 2377 105 38 specify
1758 2377 46 27 the

1252 2416 115 29 number
1380 2416 29 30 of
1432 2418 138 29 workmen
1597 2418 60 29 that
1683 2428 62 28 may
1771 2417 33 29 be

1250 2458 143 37 employpd
1407 2459 54 28 and
1487 2460 46 28 the
1560 2463 96 24 nature
1676 2459 29 27 of
1731 2458 71 28 their

1250 2498 196 38 employment,
1459 2500 54 28 and
1532 2500 46 28 the
1593 2500 93 35 period
1701 2498 103 38 during

1252 2539 87 28 which
1353 2540 66 28 such
1431 2541 139 37 authority
1584 2540 67 29 shall

1251 2580 56 28 The
1323 2582 53 26 Act
1390 2581 107 28 further
1509 2581 128 37 provides
1658 2582 46 27 the
1727 2580 75 38 right

1248 2619 29 28 of
1303 2620 96 36 appeal
1427 2621 70 27 from
1529 2622 48 27 the
1603 2622 144 36 Inspector
1773 2620 29 28 of

1252 2659 86 29 Mines
1352 2665 28 23 to
1395 2660 45 29 the
1452 2660 121 30 Warden
1585 2660 29 29 of
1624 2661 46 28 the
1684 2660 115 29 district.

1249 2699 98 29 Clause
1360 2701 16 27 5
1391 2700 121 29 declares
1556 2701 27 28 If
1595 2712 54 26 any
1662 2700 137 28 workman

1247 2740 21 28 is
1282 2741 144 38 employed
1440 2742 26 27 in
1484 2742 98 29 breach
1606 2742 27 29 of
1655 2742 54 27 this
1736 2741 64 35 Act,

1247 2782 45 27 the
1308 2792 98 26 person
1430 2794 29 15 or
1480 2792 136 28 company
1639 2782 160 38 employing

1249 2822 64 33 him,
1334 2821 54 27 and
1401 2822 67 35 also,
1483 2823 88 27 where
1592 2823 46 27 the
1661 2822 139 36 employer

1245 2860 21 28 is
1280 2870 16 18 a
1306 2870 145 28 company,
1462 2862 45 28 the
1519 2862 216 37 mine-manager
1744 2860 55 29 and

1245 2910 80 27 every
1341 2901 120 29 director
1475 2902 115 35 thereof,
1604 2912 45 18 are
1664 2901 134 37 severally

1245 2940 79 29 liable
1339 2945 28 23 to
1392 2952 16 16 a
1435 2942 110 37 penalty
1571 2945 48 25 not
1644 2940 153 38 exceeding

1244 2982 52 27 five
1311 2982 105 36 pounds
1428 2993 6 17 :
1458 2982 135 28 Provided
1620 2982 60 28 that
1694 2982 21 28 it
1729 2982 69 28 shall

1245 3022 32 28 be
1294 3032 16 17 a
1320 3022 136 28 sufficient
1468 3023 116 28 defence
1597 3026 29 24 to
1639 3033 16 17 a
1668 3032 112 28 prosecu-

1242 3062 57 28 tion
1316 3062 86 28 under
1416 3062 54 28 this
1494 3065 53 25 Act
1569 3062 21 28 if
1614 3062 47 28 the
1676 3062 85 28 Court
1774 3062 23 27 is

1243 3102 119 28 satisfied
1386 3102 60 28 that
1468 3102 47 28 the
1541 3102 186 38 employment
1743 3112 54 18 was

1243 3142 133 28 rendered
1404 3152 143 27 necessary
1581 3143 36 28 bv
1645 3152 96 18 reason
1767 3143 30 27 of

1245 3182 137 38 breakage
1391 3192 30 18 or
1432 3182 78 28 other
1518 3182 101 37 special
1628 3191 166 28 emergency

1243 3222 142 38 involving
1398 3222 106 39 danger
1517 3225 28 26 to
1559 3222 47 28 life
1626 3232 30 18 or
1679 3222 117 38 damage

1245 3269 26 21 to

126 96 192 60 Triday,
336 108 213 47 February
565 106 38 42 4,
628 104 105 40 1398

1772 100 198 40 MOUNT
2056 97 226 41 BENGER
2369 98 141 40 MAIL

1356 3356 332 50 BE:O'FST

1495 3435 55 28 and

1245 3500 269 64 BrigM's
1524 3500 232 50 Diseas
1763 3512 34 38 ©•

1391 3642 37 37 A
1459 3642 120 48 Lady
1610 3643 45 36 at

1275 3703 258 49 Queenscliff,
1563 3703 193 41 Victoria,

1457 3774 127 29 Suffered

1243 3844 343 57 FEARFUL

1559 3928 234 56 PAINS.

1333 4022 118 28 LIVER
1490 4022 218 35 TORPIDITY,

1407 4073 224 31 DYSPEPSIA.

1262 4147 270 38 EXPECTED
1566 4147 69 37 TO
1663 4148 78 36 DIE
1762 4149 6 34 I

1427 4227 55 30 Bat
1506 4227 23 30 is
1555 4238 61 19 now
1641 4238 29 18 as
1688 4226 103 41 Strong
1791 4226 2 41 1

1426 4280 29 17 as
1486 4271 72 26 Ever

1243 4331 56 29 Her
1316 4332 84 27 Name
1414 4330 52 28 and
1483 4329 123 30 Address
1619 4330 61 29 is—

1313 4392 73 28 Mus*
1402 4391 151 28 Elizabeth
1584 4391 133 35 Dicksoy,

1237 4445 58 28 The
1322 4443 164 39 Esplanade,
1516 4443 176 36 Queenscliff,
1717 4443 72 36 Yic.,

1236 4499 53 26 and
1303 4497 57 26 who
1374 4495 88 26 writes
1487 4504 33 16 on
1545 4494 154 35 September
1716 4496 72 30 23th,

1240 4537 62 27 1896
1313 4547 5 15 :
1322 4534 85 27 —For
1419 4533 60 26 four
1487 4542 76 26 years
1577 4533 10 25 I
1600 4543 51 16 was
1662 4544 14 15 a
1687 4537 103 33 martyr

1236 4580 26 21 to
1275 4575 92 25 illness
1391 4572 101 34 arising
1516 4571 68 26 from
1610 4573 131 32 torpidity
1762 4573 28 25 of
1797 4571 1 35 :

1235 4612 46 27 the
1294 4612 75 28 liver,
1382 4609 148 34 dyspepsia,
1546 4608 52 26 and
1623 4610 106 30 general
1744 4610 43 24 de-
1797 4606 1 37 |

1235 4650 95 28 bilitr:
1349 4649 28 25 in
1389 4646 63 31 fact,
1474 4657 15 16 a
1510 4646 104 34 general
1629 4646 157 28 breakdown
1797 4646 1 34 ,

1235 4688 27 25 of
1271 4686 45 26 the
1329 4688 108 28 system.
1478 4684 5 23 I
1507 4693 52 16 was
1573 4683 131 26 informed
1718 4685 35 25 bv
1772 4693 15 17 a
1797 4683 1 33 '

1235 4724 90 25 doctor
1336 4722 60 25 that
1410 4721 9 24 I
1433 4720 54 26 had
1497 4720 98 33 dropsy
1607 4720 52 25 and
1673 4719 114 31 Bright's
1797 4719 1 40 j

1235 4760 100 26 disease
1358 4758 26 26 of
1405 4757 46 27 the
1476 4756 119 34 kidneys,
1620 4756 52 26 and
1699 4758 87 25 would
1797 4753 1 37 1

1235 4796 154 26 shortlvrlie
1434 4794 84 26 There
1532 4793 21 25 is
1568 4802 32 16 no
1613 4793 83 26 doubt
1708 4793 8 24 1
1734 4803 51 16 was
1797 4792 1 34 |

1234 4833 172 34 exceedingly
1428 4831 53 27 bad
1493 4829 4 38 ;
1527 4829 93 27 fearful
1647 4830 76 34 pains
1748 4831 38 26 in-
1797 4829 1 38 j

1236 4871 85 25 vaded
1334 4871 33 24 all
1382 4871 75 33 parts
1476 4867 27 25 of
1517 4876 45 23 my
1574 4870 114 30 system;
1708 4867 12 25 I
1737 4877 49 16 was
1797 4862 1 42 |

1235 4907 97 34 always
1344 4906 77 29 tired,
1436 4904 52 26 ond
1505 4904 53 25 had
1569 4904 81 33 sharp
1663 4904 124 27 shooting
1797 4904 1 37 j

1235 4944 76 34 pains
1332 4944 81 25 about
1436 4951 46 23 my
1506 4941 83 29 loins;
1614 4940 8 24 I
1648 4949 53 17 was
1723 4942 75 33 very!

1235 4981 164 31 constipated
1412 4980 52 26 and
1485 4987 51 16 was
1560 4977 151 34 frequently
1732 4978 55 25 laid
1797 4977 1 42 j

1238 5027 33 25 up
1288 5018 65 25 with
1366 5015 133 28 headache
1544 5014 79 26 After
1636 5015 89 33 trying
1750 5014 37 26 in-
1797 5014 1 38 i

1236 5055 152 26 numerable
1395 5064 29 16 so
1437 5052 224 28 ca''edremedies.
1669 5051 119 36 Ibought
1797 5051 1 41 j

1236 5103 15 17 a
1261 5094 71 31 large
1344 5094 85 25 bottle
1447 5091 28 25 of
1488 5090 133 27 Clements
1635 5089 88 31 Tonic,
1738 5090 50 25 and
1797 5089 1 36 !

1236 5130 82 26 found
1330 5131 22 25 it
1365 5129 117 27 relieved
1494 5137 42 16 me
1548 5127 106 33 greatly
1664 5127 4 33 ;
1689 5127 64 25 then
1776 5127 7 23 1

1238 5168 154 32 persevered
1406 5168 27 24 in
1443 5165 94 29 talcing
1550 5164 61 25 nine
1633 5173 71 16 more
1717 5165 73 32 large

1236 5205 105 26 bottles,
1356 5205 53 25 and
1431 5212 66 17 were
1519 5201 13 26 I
1545 5204 27 22 to
1588 5200 35 26 fill
1638 5209 13 16 a
1673 5210 71 17 ream
1763 5200 28 25 of

1240 5251 80 23 paner
1337 5242 7 23 1
1360 5241 77 27 could
1452 5243 44 23 not
1509 5247 107 24 express
1641 5247 45 24 my
1708 5237 68 33 grati-

1239 5279 63 25 tude
1326 5281 27 23 to
1377 5287 49 24 you
1447 5287 28 16 as
1501 5275 69 34 fully
1583 5283 27 16 as
1623 5274 13 25 I
1650 5274 84 25 desre
1779 5273 12 25 I

1239 5325 41 16 am
1294 5316 88 26 cared,
1396 5315 53 25 and
1462 5323 41 16 am
1573 5313 93 31 strong
1685 5320 28 16 as
1732 5319 61 17 ever

1242 5353 98 33 (which
1358 5362 47 17 can
1432 5352 32 25 be
1486 5348 107 28 verified
1616 5348 32 25 bv
1675 5348 33 25 all
1734 5346 59 26 who

1240 5389 76 27 know
1329 5391 59 28 me),
1402 5389 52 26 and
1462 5388 61 33 only
1535 5384 114 33 through
1661 5384 132 27 Clements

1240 5428 78 25 'ionic
1365 5428 12 24 I
1391 5436 38 15 -un
1445 5436 16 15 a
1471 5424 117 26 resident
1598 5422 27 26 of
1634 5421 161 31 Queenscliff

1240 5464 40 26 for
1300 5464 32 26 23
1355 5471 80 25 years,
1450 5471 44 25 my
1507 5459 122 27 husband
1647 5459 112 33 holding
1777 5468 16 15 a

1240 5502 150 35 prominent
1409 5499 179 27 Government
1608 5495 121 36 position,
1743 5495 52 26 and

1240 5549 65 26 your
1317 5540 105 26 readers
1443 5546 63 25 may
1530 5534 104 35 depend
1655 5542 70 26 upon
1750 5534 46 25 the

1240 5577 83 26 above
1336 5577 81 33 being
1430 5584 15 17 a
1457 5577 60 23 true
1530 5574 153 24 statement.

1333 5617 219 33 ELIZABETH
1574 5614 182 31 DICKSON.

1267 5717 48 21 You
1327 5716 52 21 have
1389 5714 71 22 ruined
1469 5720 53 20 your
1532 5711 134 22 constitution
1677 5709 121 27 sufficiently

1243 5751 26 27 by
1281 5751 97 25 drinking
1393 5749 83 22 inferior
1492 5750 39 19 tea.
1560 5745 85 22 Recruit
1660 5744 27 26 by
1704 5744 94 26 drinking

1242 5785 47 25 only
1300 5785 64 21 Koeie
1375 5788 40 17 tea.
1442 5782 21 21 It
1472 5781 17 21 is
1496 5787 49 20 ;mre
1551 5779 40 21 and
1598 5777 91 26 reliable.
1698 5777 86 22 -Advt.

1816 280 1 70 1
1851 286 131 43 LOOK!
2013 280 362 70 READ!_CONSIDER

1847 371 91 21 ttisit
1961 371 21 20 f.
2010 367 146 23 jfffery's
2179 366 95 21 fancy
2297 367 99 20 goods'

1909 395 151 24 EMPORIUM
2078 394 41 20 and
2135 400 41 19 you
2198 393 41 21 will
2257 393 83 21 endow
2361 394 35 20 t'ne

1845 425 93 26 opinions
1947 425 22 21 of
1978 425 68 20 others
2049 422 70 25 —viz,,
2131 420 79 21 thatln
2220 421 35 20 has
2266 421 35 20 the
2312 421 83 23 Largest

1844 453 40 21 and
1895 453 53 20 Most
1957 451 107 27 Complete
2073 449 85 26 Display
2165 448 20 20 of
2197 448 14 20 F
2220 448 72 21 INCY
2302 448 92 21 GOODS

1844 480 84 24 (useful,
1938 477 128 23 ornamental
2076 476 40 20 and
2133 476 92 25 pleasure
2234 476 77 25 giving)
2320 482 25 14 ou
2358 477 36 19 the

2056 503 117 22 Gddfields.

1843 534 118 22 Christmas.
1985 532 106 26 Willing,
2111 529 40 22 and
2176 529 100 26 Birthday
2298 529 94 22 Presents

1965 562 41 25 (No
2015 560 24 21 ch
2046 567 40 16 inje.
2097 559 32 20 for
2138 557 129 26 inspectiou.)

1843 590 59 25 Toys,
1911 589 102 25 Crockery
2022 587 39 20 and
2069 586 120 23 Glassware,
2198 585 71 26 Vases,
2276 584 114 20 Christmas

1843 617 114 25 Magazines
1967 616 39 25 (for
2016 614 64 21 which
2090 612 111 22 orderscau
2209 612 25 20 he
2241 612 94 26 booked),
2347 619 44 13 Dew

1892 644 74 24 Books,
1977 643 78 20 Tuoacc
2068 641 57 20 runs'
2135 640 19 19 G
2162 640 49 25 io<ls,
2221 639 80 21 Statfoi
2308 646 31 18 -ry

1843 672 74 21 Patent
1928 670 115 24 Mfdicine.%
2057 667 108 24 Perfumes,
2184 667 66 20 Toilet
2267 667 122 26 R-q'iUites

1899 698 39 22 hiiil
1951 698 65 25 Fancy
2027 695 68 22 Goods
2105 695 21 21 of
2136 701 59 20 every
2205 694 132 25 description.

1923 734 78 22 xvr\s
2015 733 16 21 .t
2046 732 39 21 XE
2097 730 14 20 V
2127 730 77 22 YEAR
2217 730 100 27 CARDS,

1842 763 60 20 From
1921 771 9 10 a
1952 762 68 20 Peouv
2040 759 101 26 upw.irls,
2281 758 108 25 Jj.villeil,

1844 791 35 19 twe!
1930 790 149 24 Photogravure
2089 787 39 19 aid
2144 787 15 19 C
2168 786 4 28 >
2181 793 31 13 u.o
2226 786 87 23 d;s'Js'i<.
2344 786 47 20 !s;so

1816 813 1 24 1
1874 816 89 21 assorted
1974 818 18 17 st.
2001 815 30 20 >ck
2041 814 20 20 in
2193 820 25 13 on
2230 814 50 19 vhw
2291 819 20 13 at
2323 813 35 20 the

1904 848 139 31 TEVIOr
2079 846 250 29 DISPI3MS\.RY.

2003 926 24 35 F
2072 924 168 50 Jeffer/j

1844 982 82 29 CIIE
1934 982 47 29 MI
1989 981 59 34 ST,
2091 980 79 28 800
2180 978 49 30 KS
2239 979 18 29 E
2267 979 18 29 L
2295 978 48 30 Ll3
2353 979 34 34 R,

1869 1021 222 34 STATION'tiIt,
2106 1019 111 29 NEWS
2235 1020 98 27 AGE.N
2346 1020 23 27 1\

1936 1119 176 56 Record
2154 1119 150 28 dkkjn.

1989 1161 123 23 WHOH.D

1825 1239 2 47 j
1938 1244 100 28 enable
2062 1242 47 28 the
2136 1241 95 38 public
2256 1247 28 21 to
2312 1239 82 28 Dress

1825 1279 2 37 |
1926 1283 117 30 suitable
2055 1286 26 24 to
2092 1282 48 28 the
2151 1281 134 32 occasion,
2302 1279 10 28 I
2328 1282 67 23 have

1954 1335 183 28 REDUCED
2161 1334 17 27 P
2185 1333 106 28 KICKS

1841 1376 30 29 of
1884 1386 45 27 my
1943 1375 77 36 large
2038 1375 53 28 and
2107 1373 93 29 varied
2215 1373 3 40 .
2237 1373 73 33 tuck,
2325 1373 43 26 viz
2390 1373 4 40 :

1917 1416 86 35 Suits,
2016 1418 37 27 £o
2072 1425 49 25 os;
2152 1415 132 33 I'rousers,
2307 1418 51 23 los.

1916 1456 118 37 Factory
2050 1472 9 5 -
2075 1455 79 28 made
2198 1455 84 33 Suits,
2324 1454 14 26 2
2349 1455 46 31 is;

1998 1503 133 27 trousers,
2144 1494 91 30 6.^6d.

1867 1537 72 35 Ties,
1955 1536 81 38 Caps,
2055 1536 108 32 Braces,
2178 1535 58 31 &c.,
2252 1535 33 27 Gd
2302 1533 74 28 e:ich.

1843 1578 76 28 Hard
1935 1577 56 29 and
2005 1577 62 28 Sot't
2081 1576 61 28 Felt
2168 1582 75 27 iiats,
2274 1577 24 25 Is
2319 1573 76 30 each.

1860 1657 126 22 REDUCT
2001 1656 43 21 'XS
2060 1656 31 20 IX
2107 1656 52 20 ALL
2173 1654 98 21 OTHER
2283 1653 89 22 LINES.

1935 1723 40 40 E,
2021 1722 43 41 A,
2113 1721 186 48 HART,

1836 1780 108 21 TAILOR
1967 1780 17 21 k
2007 1777 198 24 GENTLEMEN'S
2230 1777 166 20 OUTFITTER.

1895 1820 200 30 ScOTLAND-STK
2101 1826 55 26 EET,
2178 1817 59 27 Rox
2243 1826 30 18 BU
2279 1825 62 20 RGIf.

1842 1918 52 26 U
1916 1919 25 28 R
2001 1915 195 31 FINLA
2217 1914 110 30 YSO
2347 1914 48 37 N,

1921 1968 162 23 BARRISTER
2097 1968 62 21 AXD
2173 1966 156 26 SOLICITOR,

2035 2015 164 33 Lawrence,

1839 2084 67 29 Will
1931 2082 96 30 attend
2053 2081 48 29 the
2120 2080 156 38 Roxburgh
2298 2079 95 30 Court.

1838 2164 102 37 Money
1950 2166 28 25 to
1987 2159 79 32 Lend
2075 2171 36 18 on
2120 2159 137 30 Freehold
2269 2159 125 39 Security

1859 2309 53 33 XT
1924 2309 49 28 IL
1984 2309 85 28 LIA
2079 2307 32 29 M
2154 2309 54 33 l\/r
2222 2304 170 35 ALONE,

1920 2460 173 39 General
2130 2459 172 45 Grocer,

1858 2606 501 36 SCOTLAND-STREET,

1999 2735 225 31 ROXBURGH.

1832 2844 216 53 {JUGH
2122 2841 262 42 BRUCE,

1924 2911 202 31 BOARDING
2154 2911 139 35 HOUSE,

1860 2963 316 35 Whitehaven-street,
2199 2961 155 30 Lawrence

1896 3010 144 38 (Opposite
2055 3009 116 39 English
2187 3008 130 37 Church.)

2101 3069 3 9 •
2117 3069 6 5 v
2161 3069 9 9 v

1842 3099 81 22 FIRST
1941 3099 84 22 CLASS
2049 3097 247 24 ACCOMMODATION
2318 3097 55 21 FOR

1917 3128 58 20 THE
1989 3127 184 22 TRAVELLING
2189 3127 111 20 PUBLIC.

1876 3208 78 31 Good
1978 3208 131 39 Stabling
2133 3208 55 28 and
2208 3207 130 28 Paddock

1980 3248 255 31 Accommodation.

1915 3330 166 29 —Charges
2101 3330 161 28 Moderate.
2265 3344 37 5 —

1841 3476 188 54 YJILLEUS
2093 3476 96 28 flat
2246 3474 136 34 hotel,

1992 3628 122 22 MILLERS
2140 3628 77 21 FLAT.

1864 3895 31 28 P.
1918 3895 108 28 Laffey

2176 3893 166 37 Proprietor.

1919 4031 37 55 E
2037 4030 254 65 JOHNS,
2390 4024 4 71 I

1868 4109 143 38 Grocer
2041 4109 84 37 and
2153 4105 175 41 Gtensral
2391 4102 1 45 ;

1988 4160 228 38 Merchant.

1945 4217 157 29 MILLERS
2157 4217 66 27 FLA
2234 4217 21 27 i'.

1860 4299 58 28 The
1944 4299 106 34 largest
2083 4297 54 27 and
2388 4296 1 37 I

1824 4339 84 30 Stock
1922 4340 30 29 of
1964 4338 117 31 General
2102 4338 92 29 Goods
2215 4338 25 29 in
2255 4349 52 27 any
2324 4338 46 38 u.»-

1821 4388 115 21 couutrv
1951 4387 73 22 store
2039 4380 26 27 in
2081 4379 99 35 Oiago.

1858 4421 141 29 Groceries
2019 4419 55 29 and
2104 4419 153 28 Provisions
2278 4419 29 28 of
2329 4420 44 27 rlie
2386 4419 2 37 j

1895 4462 79 27 kinds
1985 4466 28 23 at
2025 4465 71 23 most
2107 4471 91 16 rsason
2210 4460 52 37 ib!;
2276 4460 95 37 p.-ices.

1857 4503 147 36 Crockery,
2032 4501 161 34 Glassware,
2228 4500 143 29 Irasnnon-
2386 4500 3 39 j

1819 4553 76 28 gery,
1912 4543 91 35 Boots,
2019 4542 97 34 Shoes,
2128 4539 50 30 &e.

1819 4584 159 28 Customers
1992 4582 100 28 waited
2105 4593 35 16 on
2154 4582 29 27 iu
2197 4582 34 27 ail
2246 4588 76 30 parts
2342 4583 25 27 ol
2387 4582 3 36 j

1818 4623 47 30 the
1883 4623 121 30 district.

1970 4703 32 26 E.
2041 4701 99 28 Jorl
2157 4701 69 33 XS,

1828 4750 117 23 GROCER
1959 4750 62 21 AXD
2039 4749 137 21 GENERAL
2192 4749 166 22 M.U.MAN'i'.
2389 4749 2 30 ;

2020 4814 154 22 AGENCIES:

1818 4844 174 29 Manchester
2006 4844 63 29 Fire
2083 4844 149 28 Insurance
2249 4842 47 30 Co.

1817 4885 158 27 Australian
1985 4884 108 28 Mutual
2102 4884 148 28 Provident
2260 4882 108 35 Society
2388 4882 3 40 j

1825 4956 123 52 WM.
1978 4924 413 92 KINASTON,!

1881 5029 241 48 Hermitags
2160 5029 47 48 St?
2223 5029 16 48 3
2255 5029 47 48 3u,

1992 5089 130 30 ROXBU
2133 5099 16 20 R
2159 5101 16 18 U
2187 5099 28 24 H,

1822 5151 236 37 carpenter,
2087 5153 173 29 builde.t
2281 5173 64 8 ...

1822 5226 6 7 .
1850 5226 7 6 .
1879 5226 6 6 .
1909 5227 5 5 .
1937 5203 164 29 PICTURE
2128 5204 133 31 FRAME
2267 5205 30 35 LI,
2319 5211 55 21 and
2387 5186 3 61 |

1967 5255 266 43 Undertaker,

1825 5339 107 29 Picture
1947 5338 170 38 Mouldings,
2131 5340 118 33 Glasses,
2272 5340 103 36 Paints,
2387 5338 4 38 i

1890 5379 54 29 and
1971 5379 26 28 P.
1997 5379 2 40 ,
2002 5380 196 39 f.perh:i.:;g.'i£s
2223 5383 29 27 of
2274 5382 31 28 ;tl!

1935 5420 181 36 descriptions
2131 5423 25 25 in
2177 5423 87 28 slock.

1825 5471 102 29 Orders
1941 5471 84 29 taken
2048 5472 43 27 for
2112 5473 98 38 supply
2224 5474 29 29 of
2266 5473 112 30 Timber
2389 5467 3 44 j

1966 5512 29 28 in
2010 5521 54 29 any
2077 5513 157 38 quantities.

1827 5595 86 30 W.K.
1927 5594 105 40 having
2052 5597 113 28 secured
2186 5609 15 17 a
2222 5598 157 31 First-class
2392 5594 3 41 j

1987 5660 235 48 HEARSE,
2392 5637 6 80 j

1829 5725 23 29 is
1866 5722 136 41 prepared
2015 5726 28 26 to
2063 5724 120 29 conduct
2203 5726 132 31 Funerals
2353 5727 28 30 in
2395 5719 3 50 j

1932 5762 36 29 all
1982 5767 74 34 parts
2069 5764 29 29 of
2112 5764 46 29 the
2170 5765 119 32 district.

2511 233 255 58 EVERY
2806 231 177 58 NOW
3029 232 154 55 AND
3232 231 253 57 AGAIN.

2451 388 12 23 \
2487 383 19 28 S
2527 383 47 28 the
2596 382 117 29 Seasons
2736 381 78 30 Close
2838 392 29 18 so
2889 381 47 28 the
2959 380 146 29 Clearance
3126 380 106 29 MUST
3253 380 35 29 be
3308 380 87 28 made.

2444 417 33 25 A
3419 417 4 31 .

2500 446 114 38 Hoyle's
2626 446 93 28 Prints
2727 446 29 27 in
2765 446 34 28 53
2811 445 127 28 different
2952 443 124 35 Colours,
3086 453 61 19 now
3157 444 113 38 offering
3281 447 29 25 at
3323 443 121 38 Bargain
3461 442 82 28 Prices

2499 487 85 28 Dress
2600 486 122 34 Tweeds,
2736 485 73 37 good
2822 484 55 29 and
2892 484 166 28 serviceable
3072 484 44 28 for
3128 484 35 28 all
3174 484 45 28 the
3233 494 64 26 year
3310 484 98 34 round,
3422 482 36 28 all
3472 482 71 28 dowc

2425 527 26 29 in
2465 526 270 40 price—something
2751 527 41 27 for
2805 526 47 28 the
2866 524 124 36 waiting,
3006 524 48 29 the
3068 524 141 35 watchful,
3225 524 47 28 the
3291 524 64 28 wise
3368 522 55 30 and
3436 522 107 38 willing,

2503 567 195 33 Flannelettes,
2720 567 114 35 Liberty
2858 567 53 25 Art
2938 563 113 35 Muslin,
3074 566 95 36 Apron
3192 564 222 37 Muslins—they
3436 573 64 27 may
3521 563 22 27 be

2425 607 155 40 anybody's
2594 610 139 35 property,
2749 607 59 27 who
2823 606 96 27 knows
2931 604 10 28 ?

2501 647 115 29 Friends
2630 653 28 22 at
2672 658 15 17 a
2696 647 132 34 distance,
2845 646 159 28 Customers
3014 644 71 29 from
3098 645 42 27 far
3154 644 54 29 and
3220 654 73 23 near,
3307 644 71 28 little
3391 643 152 39 purchasers

2425 689 28 29 of
2468 688 78 30 small
2560 687 114 39 parcels,
2688 687 53 29 and
2757 687 49 38 big
2830 687 101 36 buyers
2956 684 29 29 of
3006 684 77 40 large
3105 685 104 39 parcels
3235 684 54 29 will
3312 685 57 28 find
3390 686 22 27 it
3433 687 29 27 to
3484 683 59 29 theii

2426 729 126 39 personal
2567 728 155 38 advantage
2736 731 28 25 to
2780 727 65 29 take
2864 726 54 29 this
2941 724 61 30 hint
3016 726 53 29 and
3190 736 35 18 on
3239 729 29 25 at

2501 770 75 27 Each
2597 769 88 28 Order
2703 768 118 28 receives
2835 766 111 38 special,
2960 766 155 37 particular,
3130 766 55 28 and
3199 770 109 34 prompt
3321 766 145 28 attention.
3507 764 36 29 All

2427 810 92 29 Goods
2539 809 138 28 delivered
2700 808 128 37 Carriage
2847 806 77 29 Free.

2573 1032 100 31 CASH
2696 1031 162 36 DRAPER,
2880 1030 202 37 CLOTHIER,
3102 1028 83 31 aND
3204 1029 207 33 IMPORTER.

2807 1083 70 28 Ilusa
2900 1082 95 36 Place,
3015 1082 164 28 Lawrence.

2943 1318 142 29 TAILOR
3114 1316 82 29 AND
3225 1317 162 28 HATTER.

2818 1398 40 21 AM
2872 1397 157 26 acknowledged
3045 1399 21 19 to
3080 1396 25 22 be
3118 1396 73 22 second
3205 1399 21 18 to
3240 1403 53 15 none
3306 1396 32 21 for

2815 1458 137 30 STYLE!

2961 1498 189 38 QUALITY!

3129 1538 314 30 WORKMANSHIP!

2948 1660 157 23 RESIDENTS
3131 1660 36 21 OF
3194 1659 59 22 ROX
3256 1658 124 21 BURGH-

2773 1690 80 26 Kindly
2863 1697 41 13 rem
2907 1697 29 13 *n.
2941 1690 35 20 her
2990 1690 46 20 that
3045 1689 66 25 owing
3124 1690 21 19 to
3155 1695 35 20 my
3199 1688 98 21 immense
3307 1688 130 26 HS.-ioitment,
3448 1686 34 22 the
3491 1687 52 22 Show

2823 1720 19 18 iu
2855 1718 34 20 the
2901 1718 103 20 Wifdows
3014 1718 16 19 is
3040 1717 48 25 only
3097 1724 12 13 a
3119 1723 48 18 very
3176 1716 59 20 small
3247 1718 45 22 part
3298 1714 22 21 of
3329 1722 33 18 my
3373 1715 127 21 Exhibition.

2823 1785 111 26 Intending
2944 1785 117 20 Customers
3072 1783 40 21 will
3123 1784 40 20 find
3173 1784 45 19 that
3228 1783 9 20 I
3248 1783 51 20 have
3311 1781 59 22 made
3377 1782 36 21 the
3418 1782 65 21 inside
3489 1782 21 21 of
3517 1789 26 19 my

2771 1813 161 21 Establishment
2950 1812 106 27 especially
3075 1815 22 17 at
3109 1818 32 14 rac
3154 1811 38 26 ive,
3210 1811 39 20 and
3268 1810 103 22 earnestly
3386 1810 63 20 invite
3467 1817 40 19 ynu
3529 1812 14 18 te

2771 1846 84 16 saunter
2870 1841 87 24 through
2976 1839 35 21 the
3030 1840 80 20 various
3127 1839 147 26 Departments
3288 1837 41 21 and
3343 1837 83 26 Inspect
3435 1837 36 21 the
3481 1837 62 21 Litest

2772 1868 105 22 Fashions.

2808 1937 184 29 OPPOSITE
3014 1936 108 28 BANK
3145 1936 47 28 OF
3212 1935 92 28 NEW
3324 1934 190 36 ZEALAND,

3094 1975 161 29 Lawrence.

2466 2115 395 85 WOOL.

3114 2114 384 84 WOOL.

2690 2237 287 60 SEASON
3020 2237 258 61 1697-98.

2480 2439 150 31 ALGETY
2651 2439 23 29 &
2696 2437 197 37 COMPANY,
2914 2437 172 36 LIMITED,
3108 2438 54 39 beg
3183 2441 29 26 to
3229 2447 144 20 announce
3392 2437 62 29 that
3472 2437 71 30 their

2562 2521 122 30 THIRD
2722 2519 113 29 WOOL
2875 2519 98 29 SALE
3012 2519 74 29 FOR
3123 2518 90 29 THIS
3255 2518 149 31 SEASON

2848 2598 67 28 Will
2942 2599 34 27 be
3001 2598 63 28 held
3089 2608 35 18 on

2419 2676 296 66 FRIDAY,
2773 2676 33 51 4
2808 2674 51 29 th
2924 2674 416 65 FEBRUARY,
3401 2675 137 56 1898.

2490 2854 113 30 WOOL
2623 2854 42 28 for
2680 2853 53 28 this
2748 2852 63 29 Sale
2825 2855 73 25 must
2912 2853 78 28 reach
3004 2862 50 19 our
3068 2853 94 28 Stores
3188 2859 47 21 iwt
3256 2852 68 28 later
3345 2852 66 27 than
3439 2850 76 29 WED-

2416 2933 164 35 NESDAY,
2606 2933 47 28 the
2679 2933 55 27 2tfi>
2762 2930 217 29 FEBRUARY.

2489 3007 106 29 Advice
2610 3005 94 35 Notes,
2722 3004 120 29 Address
2856 3003 110 34 Libel*,
3053 3003 98 37 posted
3166 3013 34 18 on
3214 3004 176 37 application.

2750 3142 40 28 Ad
2795 3142 77 28 dress
2891 3152 69 27 your
2981 3142 216 39 Consignments
3220 3147 28 24 to
3249 3160 37 4 —

2526 3232 15 43 1
2574 3261 9 14 x
2632 3241 20 32 I
2693 3241 15 32 i
2734 3231 33 44 ¥'

2526 3259 10 36 2
2573 3259 10 30 ')
2599 3269 19 21 *wl
2693 3269 15 21 H;
2742 3259 19 36 1

2522 3280 40 35 jL.
2740 3289 20 23 ifij

3080 3277 66 33 w-t
3190 3273 125 41 IWMl!

2821 3351 315 31 DUNKDIS.

2610 3454 93 49 to

3248 3466 60 37 cs

2804 3689 262 82 Pppipt

2677 3868 36 27 I.S
2743 3864 209 30 aaNuALLY
2986 3865 98 29 used
3115 3862 101 30 upon
3247 3861 23 29 a

2411 3920 349 64 QUARTER
2776 3932 87 24 <*™
2868 3934 15 21 E
2897 3908 634 64 SHEEP®W0RLD

2444 4035 59 29 ITS
2525 4035 234 29 BENEFICIAL
2783 4033 165 30 EFFECTS
2969 4031 80 28 AND
3068 4031 167 28 LASTING
3259 4028 95 29 PitOP
3373 4024 71 29 WT[
3455 4023 36 27 vS

2808 4086 128 30 ALONE
2964 4084 110 29 MAKE
3101 4085 39 28 IT

2408 4148 43 55 T
2492 4148 68 56 l:<)
2600 4147 396 57 CHEAPEST
3029 4143 95 56 OF
3166 4143 140 56 ALL
3348 4137 166 56 DIPS

2477 4256 2 26 I
2488 4256 162 26 'iiOcaKABL.E
2678 4261 70 19 FROM

2893 4289 102 28 JOHN
3030 4288 211 34 THOMPSON,

2815 4331 62 29 And
2900 4331 71 29 from
2994 4330 35 29 all
3054 4329 87 29 Stock
3162 4329 55 29 and
3242 4327 104 30 Station
3448 4331 42 18 k>.

2449 4413 33 35 (VI
2494 4422 129 35 jrray,
2651 4410 173 37 Roberts
2857 4410 79 35 and
2969 4409 89 42 00.,
3091 4413 81 29 Chief

2711 4546 39 16 6

2506 4719 18 26 /
2553 4725 58 24 .;v.
2643 4733 8 13 \
2662 4718 46 33 ;\\yf

2496 4748 59 24 *>:/
2578 4748 50 24 \W
2651 4740 223 32 xWvMMr.AM

2499 4778 16 30 $
2521 4781 13 29 l
2552 4779 26 25 \

2489 4776 89 166 fb

2502 4941 188 44 W///H
3101 4941 369 43 '\V///A\\\//

2515 4969 137 59 \\y/
2924 4964 6 66 j
2687 4981 16 61 \
2720 4962 16 61 \
3088 4962 364 88 \jf/^AJ\\\yy

2527 5119 150 55 SEW
2732 5121 246 55 RAPID

2414 5222 52 21 ~IT.
2480 5219 116 23 GEORGE
2611 5219 205 21 ENGINEERING
2828 5221 51 25 CO.,
2895 5221 100 25 Limited,
3009 5227 33 13 are
3053 5219 35 21 the
3099 5219 78 21 Maker*
3219 5219 22 20 th
3249 5218 4 28 >
3262 5218 48 25 only
3323 5219 78 20 Bicvc'e
3412 5221 109 25 ;vms>ssins

2468 5249 19 20 i:j
2576 5247 137 20 combination
2726 5248 34 18 the
2771 5248 113 24 perfection
2894 5248 21 19 of
2922 5249 56 18 those
2984 5247 95 26 quaiiaes
3087 5254 18 12 m
3114 5252 24 14 >ss
3144 5246 83 20 coveted
3237 5248 23 18 by
3270 5253 38 19 exp
3317 5246 59 20 'li-.nc
3383 5247 18 19 .d
3412 5247 88 26 Cyclists
3506 5259 15 4 -

2574 5279 223 29 STABILITY!
2877 5280 141 29 SPEED!
3097 5279 241 29 DURABILITY
3355 5279 4 30 !

2451 5322 50 22 Tliin
2510 5321 42 20 f«cfc
2560 5320 13 20 h
2581 5327 16 12 is
2606 5319 81 21 beCM'.U')
2696 5320 103 24 gen-rally
2809 5320 115 25 recognised
2936 5322 18 18 in
2965 5320 103 26 Tuap'slra,
3079 5320 40 20 'aid
3130 5327 18 12 >n
3159 5327 49 13 cons
3220 5326 66 19 quenc
3294 5319 4 27 t
3314 5319 9 19 1.
3338 5326 33 14 a:n
3385 5319 56 26 daily

2404 5352 44 21 th-s
2469 5348 104 22 Machines
2584 5352 21 14 to
2615 5346 87 26 Cyc'ists
2713 5346 44 21 who
2767 5348 51 19 have
2828 5348 49 19 bee<i
2887 5347 141 27 d'stppoiurel
3041 5348 24 19 by
3075 5346 61 22 other
3145 5347 75 24 mikes,
3232 5346 40 21 aud
3284 5346 45 21 who
3338 5347 92 24 areglad,
3441 5347 74 22 indeed

2404 5380 31 20 for
2444 5385 32 14 me
2487 5383 19 14 to
2516 5374 58 23 make
2583 5374 58 21 them
2648 5380 25 14 an
2683 5373 109 22 alio-voice
2802 5374 29 21 for
2844 5374 54 21 their
2908 5374 104 22 discarded
3024 5381 60 14 moaii
3103 5373 2 27 ■

2406 5419 52 34 As
2471 5417 91 34 Part
2574 5414 192 43 Payment
2777 5412 63 35 for
2851 5424 23 24 a
2887 5413 185 35 Machine
3085 5413 88 44 they
3185 5424 76 24 can
3277 5413 167 44 Depend
3460 5425 61 23 on,

2459 5505 64 19 Those
2534 5501 44 20 wh«
2586 5506 34 13 are
2632 5503 30 16 not
2680 5499 19 20 in
2710 5506 9 11 n
2731 5506 12 20 p
2752 5498 66 21 >sitioa
2828 5501 23 17 to
2860 5499 99 25 purchase
2969 5506 38 13 one
3016 5499 21 20 of
3047 5500 56 19 thi:s-
3114 5499 33 20 ide
3153 5499 13 20 *l
3176 5499 68 21 steeds
3254 5506 37 13 can
3301 5499 68 20 obtain
3381 5500 53 20 from
3446 5507 32 13 n.e

2526 5529 67 30 New
2616 5537 54 20 and
2696 5529 198 27 Sejond-hand
2922 5527 130 29 Bicycles
3075 5528 29 27 of
3128 5537 81 25 every
3232 5527 177 39 description.

2623 5582 688 93 CHARLESItfOKES,

2563 5686 215 36 MERCHANT
2811 5686 151 36 TAILOR,
2988 5687 70 28 Ross
3090 5686 98 36 Puce,
3213 5684 162 33 Lawrence.

2813 5729 94 37 Agent
2933 5728 43 28 for
3001 5727 140 37 Tuapeka.

2461 5775 122 25 ll:talogue3
2595 5778 27 15 oh
2636 5768 138 29 Application.
3015 5767 107 21 —When
3134 5766 100 28 Ordering
3248 5767 92 23 Mention
3355 5768 41 22 this

3175 4674 107 33 »rr

3225 4939 244 51 /WW//

3225 4961 219 75 t!\x\zy

3589 226 257 46 Speargrass
3879 222 91 39 Flat
4010 218 133 43 Hotel,

3690 286 100 30 BALD
3812 286 94 29 HILL
3931 283 109 32 FLAT.

3586 369 90 20 JAMES
3689 369 151 20 FALCONER

3586 437 99 28 HTHE
3698 437 86 28 above
3799 437 84 28 Hotel
3896 435 56 30 will
3965 435 35 29 be
4014 433 87 30 found
4120 443 17 17 a

3668 480 73 25 most
3767 477 179 28 comfortable
3976 475 54 28 aud
4061 473 60 28 well-

3584 516 150 41 appointed
3746 516 95 30 House
3856 517 36 38 by
3915 515 153 30 Travellers
4081 513 56 30 and

3584 559 47 28 the
3643 557 92 38 public
3749 557 150 38 generally.
3939 557 119 28 Patrons
4071 564 65 27 may

3584 598 57 38 rely
3655 608 34 19 on
3703 607 82 28 every
3803 597 136 30 attention
3954 597 84 38 being
4051 595 85 39 given

3584 643 27 25 to
3622 639 72 28 their
3706 638 127 29 comfort.

3582 712 45 29 An
3640 712 158 29 Excellent
3811 710 88 30 Table
3913 712 118 29 Always
4046 709 88 30 Kept.

3643 785 72 38 Only
3732 785 45 29 the
3791 785 68 29 Best
3871 785 119 38 Liquors
4003 783 77 39 Kept

3786 826 30 28 in
3830 825 96 29 Stock.

3583 877 158 31 First-class
3755 879 138 38 Stabling,
3908 878 67 29 with
3992 877 100 30 Groom
4106 877 29 30 in

3775 920 174 28 attendance.

3584 1009 279 56 RAILWAY
3941 1009 194 35 HOTEL,

3674 1078 67 21 ROSS
3759 1076 98 26 PLACE,
3879 1075 168 22 LAWRENCE.

3583 1145 158 45 Joseph
3767 1145 105 42 Cox,
3900 1142 236 47 Proprietor

3618 1232 62 30 J.C.
3695 1232 69 38 begs
3785 1235 28 25 to
3826 1230 125 30 intimate
3965 1230 61 29 that
4038 1230 36 28 he
4086 1230 50 28 has

3582 1272 154 38 purchased
3766 1272 48 28 the
3845 1271 87 28 above
3958 1270 178 28 well-known

3584 1312 139 37 Hostelry,
3733 1311 53 29 and
3802 1311 93 37 hopes,
3904 1310 38 37 by
3951 1310 80 28 strict
4044 1313 76 25 atten-

3584 1352 57 28 tion
3654 1356 29 23 to
3695 1351 48 28 the
3753 1350 116 30 comfort
3878 1351 28 28 of
3918 1350 154 28 Travellers
4081 1349 55 29 and

3584 1392 47 29 the
3643 1390 93 40 public
3749 1390 150 39 generally,
3912 1394 29 26 to
3955 1392 73 27 meet
4041 1389 66 29 with
4120 1400 16 18 a

3583 1432 52 28 fair
3649 1432 79 28 share
3740 1432 29 28 of
3781 1436 161 33 patronage.

3621 1471 58 29 The
3702 1470 121 40 Railway
3845 1470 24 30 is
3891 1481 52 19 one
3956 1469 30 29 of
3998 1470 47 28 the
4059 1470 60 29 best-

3582 1512 148 38 appointed
3742 1512 99 29 Hotels
3849 1512 107 28 outside
3965 1510 30 30 of
4007 1510 127 30 Dunedin

3583 1552 98 30 Under
3692 1552 86 30 J.C.'s
3793 1555 202 35 management,
4004 1551 47 29 the
4061 1561 55 19 com-

3582 1594 57 28 fort
3651 1593 29 29 of
3688 1597 112 34 patrons
3810 1593 53 27 will
3874 1594 34 27 be
3919 1592 78 29 made
4007 1602 16 18 a
4033 1591 102 39 special

3582 1634 113 34 feature,
3709 1633 54 28 and
3777 1643 35 18 no
3825 1632 82 30 effort
3917 1632 53 30 will
3986 1632 34 28 be
4035 1631 99 39 spared

3583 1677 27 26 to
3624 1674 63 39 give
3699 1683 83 29 every
3796 1673 180 29 satisfaction.

3582 1746 58 29 The
3652 1747 61 28 best
3727 1747 101 28 brands
3842 1747 30 28 of
3893 1745 105 36 Wines,

3617 1787 55 29 and
3687 1787 64 29 Ales
3764 1787 102 38 always
3885 1786 68 39 kept
3965 1786 29 28 in
4007 1785 88 30 stock.

3582 1860 127 40 Simpson
3722 1860 54 29 aud
3791 1860 96 29 Hart's
3901 1860 66 29 Ales
3981 1859 101 39 always
4095 1869 36 19 on

3825 1900 67 40 Tap.

3580 1974 156 30 First-class
3747 1974 129 39 Stabling
3887 1973 245 30 Accommodation

3583 2056 281 56 jyfASOHIC
3907 2053 225 42 HOTEL'

3671 2116 68 21 ROSS
3753 2116 96 25 PLACE,
3863 2116 167 21 LAWRENCE.

3575 2184 34 29 E.
3629 2184 113 29 WEBB
3946 2184 180 29 Proprietor.

3612 2265 57 30 The
3723 2265 122 30 Masonic
3901 2265 100 30 affords
4024 2265 37 28 all
4079 2265 48 29 the

3574 2307 131 27 comforts
3718 2307 29 27 of
3759 2317 16 17 a
3788 2307 88 34 home,
3887 2306 55 28 and
3955 2306 23 28 is
3992 2305 132 38 provided

3574 2346 66 27 with
3654 2345 47 29 the
3722 2356 66 28 very
3808 2345 61 29 best
3883 2344 244 30 Accommodation
4152 2348 5 12 ;

3572 2385 44 30 for
3642 2385 160 29 Travellers.
3842 2385 157 29 First-class
4031 2385 95 28 Table.
4152 2398 5 3 -

3573 2426 67 30 Best
3660 2425 96 31 Wines
3778 2426 55 30 and
3854 2426 100 39 Spirits
3976 2425 102 39 always
4097 2425 28 28 in
4151 2431 6 12 1

3572 2467 89 29 stock.

3693 2535 132 21 CHARGES
3844 2534 161 22 MODERATE.

3607 2590 57 29 The
3690 2590 158 38 Proprietor
3873 2590 100 28 wishes
4000 2592 28 26 to
4051 2589 76 29 draw
4153 2589 4 39 r

3572 2629 107 39 Special
3704 2630 136 28 attention
3865 2634 29 24 to
3923 2630 46 28 the
3995 2628 132 39 Stabling

3570 2671 246 28 Accommodation
3836 2670 142 37 provided,
3993 2670 90 28 which
4102 2671 23 27 is

3570 2711 153 35 unlimited,
3737 2711 55 28 and
3805 2711 29 28 of
3849 2711 44 28 the
3908 2711 61 28 best
3983 2710 78 29 kind.

3579 2796 183 56 yIOTO
3776 2796 25 28 li
3814 2796 14 29 I
3842 2796 27 29 A
3944 2797 28 27 II
3984 2796 94 28 OTE
4092 2796 33 31 L,
4149 2810 8 5 ~

3660 2862 70 21 PEEL
3743 2862 111 26 STREET,
3871 2862 167 22 LAWRENCE.

3595 2953 168 37 Ronald
3793 2952 310 44 Montgomery:

3762 3010 178 28 Proprietor.

3572 3102 58 30 One
3653 3102 29 29 of
3702 3101 46 29 the
3770 3104 71 26 most
3866 3100 181 30 comfortable
4067 3101 57 30 and

3597 3142 227 29 best-conducted
3838 3141 155 29 Hostelries
4003 3153 35 17 on
4050 3143 46 28 the

3718 3182 89 35 Otago
3821 3181 159 29 Groldfields.

3669 3273 56 21 HOT
3747 3273 62 21 AND
3829 3273 73 20 COLD
3921 3273 100 21 BATHS.

3595 3341 109 29 Sample
3724 3342 95 27 llooms
3838 3349 52 19 for
3909 3341 181 30 Travellers.

3567 3423 167 38 Passengers
3742 3422 85 28 called
3838 3422 42 29 for
3889 3422 45 28 the
3943 3422 74 38 early
4026 3423 91 34 Train,

3570 3569 61 57 D.
3676 3568 65 60 M
3771 3567 13 24 1

3815 3567 124 25 TCH
3972 3567 19 24 E
4023 3567 19 26 L
4073 3567 20 25 L

3622 3711 70 26 THE
3737 3710 161 27 POPULAR
3932 3710 120 32 HOUSE,

3743 3774 198 25 LAWRENCE.

3576 3856 11 17 s
3600 3854 51 18 now
3668 3846 104 33 opening
3791 3854 30 23 up
3841 3845 38 24 his
3902 3843 63 25 First
3987 3843 125 33 Shipment

3579 3892 24 24 of
3620 3891 143 25 SUMMER
3779 3889 169 29 DRAPERY,
3964 3889 133 25 consisting

3577 3936 25 24 of
3609 3936 31 24 all
3651 3936 39 25 the
3699 3936 70 24 latest
3780 3933 117 26 novelties
3906 3934 35 24 for
3952 3932 39 26 the
4000 3932 94 31 coining
4120 3946 5 6 >

3646 3984 90 21 season,
3755 3974 47 26 and
3816 3975 76 30 prices
3906 3976 23 20 to
3947 3973 88 23 match*

3683 4014 122 28 Millineiy
3819 4021 14 15 a
3857 4011 134 31 Speciality.

3759 4154 76 25 Visits
3871 4154 89 24 Millers
3986 4152 44 25 Fla
4078 4151 32 26 nd

3567 4204 10 14 r
3586 4203 28 16 ox
3620 4195 74 31 burgh
3708 4201 72 23 every
3796 4194 35 23 six
3849 4193 85 24 weeks.

3668 4684 96 31 m.M
3781 4684 60 31 fill
3861 4689 169 26 U:a:

3984 4715 22 26 'I
4011 4720 7 12 K
4019 4713 123 28 'VwPw!y

3740 5252 30 24 m

4056 5358 24 31 #

3702 5382 144 43 fmmm

3964 5390 42 16 UMV

3728 5501 1 20 '
3740 5501 30 20 M
3791 5501 32 20 ■
3847 5501 32 20 ■
3899 5501 31 20 ■
3953 5503 31 18 mk
3998 5501 3 20 '

3829 5518 12 10 V
3852 5518 1 10 ■

3589 5646 47 28 TO
3645 5646 118 39 THILL,
3782 5648 175 41 WATSON,
3978 5652 23 30 &
4023 5652 66 37 CO.,

3729 5726 81 22 (sheet.

3610 5774 6 14 >
3627 5775 13 17 e
3654 5771 88 27 Ag4«»ts
3760 5773 34 21 lor
3810 5773 61 26 Ow*
3882 5783 5 9 »
3904 5773 46 25 ami
3971 5774 83 25 SaatW-
