3236 4284
1076 3362 123 18 VISITORS'
1213 3362 63 18 LIST.

1087 3413 83 17 Geyser
1186 3413 78 17 Hotel.

981 3443 107 18 Mesdames
1101 3443 104 22 Casement,
1224 3444 77 17 Ireland
1310 3449 5 12 :
1324 3445 58 17 Athcr-

958 3467 39 21 ton,
1006 3467 64 21 Kelly,
1080 3467 111 16 Melbourne
1198 3467 4 24 ;
1211 3467 83 19 Hewett,
1301 3467 81 24 Welling-

958 3490 32 17 ton
999 3495 5 12 :
1016 3489 101 21 Arbuclde,
1132 3490 58 20 Buck,
1200 3490 100 17 Auekland
1308 3489 3 21 :
1325 3491 70 17 Messrs

958 3512 84 22 Salmon,
1059 3512 99 18 Auckland
1171 3512 3 22 :
1193 3513 101 20 Atherton,
1311 3514 82 20 Walker,

958 3535 124 18 Melbourne:
1096 3535 111 24 McGregor,
1217 3535 120 24 Wanganui:
1352 3537 42 17 Mc-

958 3559 82 18 Donald,
1068 3559 105 21 Turakina:
1198 3559 96 20 Andrews,
1317 3560 76 20 Bolton,

959 3582 64 20 Collie,
1034 3582 105 17 Woodville
1147 3582 4 24 :
1165 3582 92 23 Simpson,
1267 3582 97 24 England.

1024 3633 89 17 Bhenx's
1125 3633 112 17 Bathgate
1249 3633 78 18 House.

983 3664 81 22 Captain
1073 3664 37 16 and
1120 3664 40 17 Mrs
1169 3664 119 20 Sundstrnm,
1296 3664 97 21 Dunedin;

960 3686 28 18 Dr
997 3687 21 17 B.
1026 3687 21 17 T.
1054 3686 80 21 Russell,
1143 3686 86 25 Ireland:
1242 3686 70 19 Messrs
1318 3688 77 23 Reaney

960 3710 117 22 Wellington
1085 3709 4 24 :
1099 3709 91 23 Pinkney,
1200 3710 83 20 Bohson,
1294 3710 89 23 England
1390 3709 4 24 :

960 3733 77 19 Powell,
1068 3733 92 19 Johnson,
1186 3733 87 21 Sydney:
1294 3733 46 18 Rev.
1357 3734 38 17 and

959 3756 41 16 Mrs
1017 3756 111 21 Dewsbury,
1147 3755 111 18 Auckland:
1271 3756 31 17 Mr
1320 3756 73 21 Mason,

960 3779 123 22 Devonport;
1108 3779 55 22 Capt.
1188 3779 77 20 Turner,
1288 3779 105 22 Pabiatua;

960 3801 46 18 Rev.
1016 3801 111 26 McGregor,
1138 3801 109 26 Auckland;
1261 3802 31 17 Mr
1305 3803 88 22 Conway,

960 3824 112 23 Tauranga;
1086 3826 63 21 Craig,
1160 3824 53 19 Chris
1214 3825 33 18 tell
1248 3825 52 18 urch.

1093 3872 44 16 The
1150 3871 110 17 Langham.

983 3902 41 17 Mrs
1031 3902 82 22 McKay,
1120 3902 139 18 Christchuieh.
1273 3903 47 17 Miss
1329 3904 64 21 Batty,

961 3925 84 17 Pokeno.
1070 3925 69 17 Messrs
1150 3925 84 22 Standly,
1249 3926 134 17 Christcliurcb
1390 3932 5 15 ;

961 3948 126 21 Wetherstan,
1099 3948 126 21 Strathmorc;
1240 3949 98 20 Lichfield,
1353 3949 31 17 Lis-

961 3977 62 16 morc;
1037 3972 95 19 Millonoe,
1143 3972 91 21 Hawera;
1248 3972 75 21 Dunne,
1337 3973 47 16 Tara-

959 3994 57 21 nald;
1033 3994 61 21 Wells,
1103 3994 106 18 Auckland.

1096 4041 85 16 MOKOIA
1192 4041 64 17 VIE'VS'.

983 4071 71 18 Messrs
1063 4072 75 22 Dwyer,
1148 4072 81 16 Hawera
1237 4071 3 23 ;
1255 4072 76 18 Gecvcs.
1346 4073 35 21 Syd-

960 4100 36 16 ney
1004 4095 3 21 ;
1041 4095 109 20 Stevenson,
1176 4095 109 21 Auckland;
1315 4095 78 21 Winter,

959 4118 118 20 Melbourne;
1091 4118 48 20 Tait,
1150 4118 81 19 Ireland;
1241 4118 62 17 Smith
1308 4119 85 16 Thames.

1414 99 57 20 THE
1490 99 57 20 HOT
1566 99 95 20 LAKES
1680 99 170 20 CHRONICLE

1602 152 56 13 AND

1517 191 108 19 Tourists'
1642 191 101 24 Journal.

1438 264 171 21 WEDNESDAY,
1618 265 104 18 AUGUST
1731 266 28 19 19,
1774 266 52 16 1896.

1414 338 59 19 THE
1495 337 57 19 BAY
1578 338 36 18 OF
1631 337 116 20 PLENTY
1769 337 65 21 ELEC-

1573 363 116 19 TORATE.

1492 419 34 12 are
1533 413 20 18 in
1561 413 74 25 receipt
1642 414 51 17 from
1701 413 33 19 Mr
1748 413 30 20 W.
1788 414 63 24 Kelly

1416 440 21 18 of
1447 447 12 10 u
1467 445 48 18 map
1528 438 67 19 issued
1614 440 53 18 from
1686 439 35 18 the
1740 438 111 26 Surveyor-

1416 465 105 19 General's
1545 465 127 24 department
1699 466 94 21 showing
1815 466 35 18 the

1416 490 94 20 electoral
1520 491 87 19 districts
1618 492 21 18 of
1649 491 34 19 the
1697 491 66 19 North
1780 491 71 19 Island

1416 524 23 12 as
1458 517 98 25 proposed
1581 517 27 24 by
1629 517 34 19 the
1681 517 170 26 Representation

1416 543 166 19 Commissioners
1601 542 111 26 objections
1739 546 20 16 to
1786 544 65 18 which

1416 572 54 16 must
1481 569 25 18 be
1516 569 73 23 lodged
1609 569 27 24 by
1658 569 120 25 September
1799 570 52 18 14th.

1416 595 44 18 The
1470 595 44 24 Bay
1524 595 21 17 of
1555 594 74 25 Plenty
1642 595 108 19 electorate
1767 602 86 19 appears

1417 624 20 15 to
1448 621 26 18 be
1483 621 36 19 the
1529 621 75 24 largest
1615 628 26 12 on
1652 621 34 19 the
1704 628 46 18 map
1768 621 72 20 extend-

1417 647 36 24 ing
1463 647 52 18 from
1526 646 66 20 Motiti
1603 647 71 19 Island
1684 653 25 13 on
1723 647 34 19 the
1767 651 56 15 coa-t
1832 651 21 15 to

1417 668 98 23 Toknanu
1525 673 20 18 in
1555 672 35 19 the
1600 673 60 19 south
1675 673 47 23 and,
1743 674 108 24 according

1418 702 19 15 to
1448 705 12 12 a
1469 698 87 26 flippant
1565 699 62 21 critic,
1661 699 73 24 taking
1748 699 21 19 in
1785 706 13 12 a
1816 699 37 19 hot

1418 727 62 16 water
1493 725 71 24 region
1583 725 65 18 which
1668 725 16 18 is
1703 725 112 20 calculated
1832 728 21 16 to

1418 751 46 24 give
1484 750 62 19 sinful
1564 751 115 24 politicians
1699 758 13 12 a
1731 751 121 19 wholesome

1418 778 43 17 fear
1471 777 22 18 of
1600 776 40 19 We
1659 776 27 19 do
1703 780 36 17 not
1758 784 94 19 suppose,

1419 803 99 23 however,
1530 802 44 19 that
1589 802 41 19 this
1648 803 42 18 will
1708 803 58 19 deter
1784 804 58 19 candi-

1418 828 57 19 dates
1484 829 52 18 from
1547 829 85 25 seeking
1639 835 36 12 our
1684 830 102 24 suffrages
1795 830 58 19 when

1418 855 35 18 the
1463 855 49 18 time
1522 861 71 12 comes.

1444 881 42 19 The
1497 881 105 24 following
1611 887 35 14 aro
1656 880 35 19 the
1698 881 123 20 boundaries
1832 882 22 19 of

1418 907 35 18 the
1464 907 107 19 electorate
1581 914 21 12 as
1613 907 104 20 described
1728 908 21 18 in
1764 909 34 18 the
1815 908 26 19 Go-

1418 936 106 16 vernment
1546 933 171 25 Gazette:Bay
1746 934 21 19 of
1794 934 48 19 Plen-

1418 962 22 22 ty
1457 960 108 24 comprises
1581 959 33 19 the
1637 960 96 19 Counties
1763 960 20 19 of
1801 960 40 19 Tau-

1418 992 69 18 ranga,
1518 986 96 22 Rotorua,
1646 986 138 23 Whakatano,
1814 986 39 20 and

1418 1011 49 19 East
1492 1012 70 25 Taupo
1573 1011 4 26 ;
1605 1012 41 18 and
1673 1012 35 19 the
1738 1012 64 19 whole
1834 1013 20 18 of

1418 1038 65 18 Tiako
1502 1038 79 23 County
1606 1038 40 18 loss
1667 1038 46 19 that
1737 1039 80 24 portion
1834 1040 20 18 of

1418 1063 27 20 To
1456 1063 70 20 Aroha
1536 1064 76 23 Riding
1623 1064 99 19 absorbed
1734 1064 27 25 by
1776 1064 65 20 Oliine-

1419 1091 51 17 muri
1480 1089 100 21 Electoral
1591 1090 96 21 District;
1703 1091 94 24 together
1806 1091 47 19 with

1418 1115 45 20 that
1474 1117 77 24 portion
1563 1117 20 18 of
1594 1116 123 25 Cambridge
1739 1117 78 23 Riding
1834 1117 20 19 of

1419 1138 98 23 Waikato
1534 1142 79 25 County
1628 1143 58 24 lying
1704 1143 70 18 within
1795 1143 48 19 Ilau-

1418 1171 50 22 tapu
1486 1168 72 19 Parish
1567 1168 4 25 ;
1594 1169 44 18 that
1654 1169 80 24 portion
1747 1169 21 18 of
1785 1169 56 19 Puke-

1418 1194 52 18 kura
1479 1194 78 25 Riding
1566 1195 21 18 of
1597 1195 75 24 Waipa
1682 1195 82 24 County
1780 1198 21 16 to
1818 1196 34 18 the

1418 1221 99 18 eastward
1536 1222 22 17 of
1577 1228 11 11 a
1607 1221 40 18 lino
1671 1221 91 25 running
1785 1221 57 19 south-

1418 1249 93 22 westerly
1521 1247 52 19 from
1583 1253 12 12 a
1606 1248 56 24 point
1672 1254 25 11 on
1708 1248 35 18 the
1757 1247 94 19 Waikato

1418 1272 62 20 River
1510 1273 63 19 about
1596 1273 88 25 midway
1707 1273 91 19 between
1819 1273 34 19 the

1418 1298 97 19 Narrows
1526 1299 75 25 Bridge
1611 1299 40 19 and
1668 1299 33 19 the
1719 1299 97 25 Borough
1833 1300 21 18 of

1418 1324 136 26 Cambridge;
1569 1325 39 19 and
1627 1325 45 19 that
1690 1329 46 21 part
1755 1326 21 18 of
1796 1326 56 19 West

1418 1351 69 25 Taupo
1509 1347 78 27 County
1607 1352 88 18 situated
1712 1355 21 15 to
1750 1352 34 19 the
1800 1355 43 15 east-

1418 1378 54 17 ward
1487 1378 22 18 of
1524 1378 34 18 the
1577 1377 68 20 Puniu
1664 1378 41 18 and
1724 1377 127 20 Okahukura

1417 1403 78 18 Rivers.
1520 1404 48 18 This
1578 1403 78 19 district
1665 1404 91 19 includes
1766 1404 43 19 also
1818 1404 34 19 the

1418 1429 107 22 Boroughs
1533 1430 177 25 ofTaurnugaaud
1721 1430 129 25 Cambridge,

1417 1458 39 16 aud
1468 1456 68 18 Motiti
1547 1456 76 18 Island.

1416 1529 45 17 TltE
1470 1529 99 23 following
1762 1535 21 11 or
1813 1529 26 17 Lu-

1416 1552 94 17 brication
1545 1559 20 10 as
1581 1552 16 17 it
1613 1552 62 23 might
1689 1553 23 17 be
1729 1559 51 11 more
1797 1553 54 21 aptly

1417 1575 59 17 called
1486 1576 15 16 is
1510 1576 31 16 the
1551 1576 52 22 reply
1613 1576 21 17 of
1641 1576 33 17 the
1682 1576 26 17 Te
1717 1576 65 17 Aroha
1795 1576 56 17 News

1416 1600 21 16 to
1453 1604 35 12 our
1505 1600 63 16 recent
1584 1601 140 15 remonstrance
1749 1600 102 21 regarding

1595 1623 20 16 It
1623 1622 44 17 falls
1674 1628 52 17 upon
1733 1628 22 11 us
1821 1623 30 16 the

1416 1645 118 17 benediction
1555 1646 49 16 after
1619 1646 131 22 prayer'":"
1760 1646 39 17 The
1808 1646 43 17 Ifot

1416 1668 69 18 Lakes
1502 1668 118 18 Ciiiion-icle
1634 1669 18 17 in
1669 1669 87 22 noticing
1772 1675 35 11 our
1820 1675 20 11 re-

1417 1692 62 16 marks
1486 1693 57 16 anent
1559 1693 31 15 the
1604 1692 100 17 allocation
1719 1693 20 16 of
1752 1693 43 16 that
1808 1698 33 16 pro-

1416 1715 58 22 posed
1483 1714 80 22 50,000
1578 1719 49 14 vote,
1641 1715 108 23 deprecates
1765 1716 32 17 the
1811 1716 40 17 idea

1416 1738 44 17 that
1467 1738 46 22 they
1529 1738 75 18 wanted
1620 1739 32 16 the
1668 1739 63 17 whole
1740 1739 21 17 of
1768 1739 22 16 it.
1821 1740 30 15 He

1416 1762 63 16 writes
1491 1767 10 11 a
1518 1762 40 17 nice
1574 1762 50 17 little
1641 1768 47 16 par.,
1708 1762 18 17 in
1752 1762 60 17 which
1829 1762 22 17 he

1416 1791 42 15 says
1473 1791 51 11 some
1540 1785 40 17 nice
1589 1785 66 22 things
1668 1785 61 17 about
1742 1786 26 16 To
1777 1785 69 21 Aroha,

1416 1808 37 17 and
1475 1808 97 22 generally
1594 1808 87 17 breathes
1698 1815 11 10 a
1734 1809 117 16 benediction

1416 1837 44 11 over
1472 1837 27 12 us.
1525 1832 32 16 We
1569 1832 132 22 congratulate
1714 1838 36 11 our
1764 1833 72 16 contem-

1416 1860 68 17 porary
1499 1861 23 11 on
1537 1855 29 17 his
1581 1857 63 15 return
1663 1858 19 14 to
1693 1855 4 22 '
1705 1857 57 15 sweet,
1776 1861 65 11 reason-

1416 1878 98 18 ableness.'
1524 1878 37 17 and
1576 1880 64 20 accept
1654 1879 161 22 unquestionably
1823 1879 28 16 his

1416 1902 134 21 protestations
1560 1902 19 17 of
1590 1901 2 23 '
1599 1901 98 23 brotherly
1706 1902 41 17 love
1757 1901 38 18 and
1804 1908 33 11 eon-

1416 1924 45 17 cord
1470 1924 3 23 '
1491 1925 82 17 towards
1592 1931 28 10 us.
1645 1924 89 23 Judging
1750 1926 49 16 from
1820 1925 31 17 the

1416 1948 54 16 tenor
1487 1948 20 17 of
1521 1948 29 17 his
1567 1948 42 17 first
1625 1948 61 17 notice
1703 1954 28 11 we
1748 1954 49 11 were
1819 1950 32 16 not

1417 1971 52 21 quite
1479 1971 48 17 clear
1536 1978 24 10 on
1570 1971 37 17 this
1616 1972 60 21 point,
1686 1971 36 17 but
1731 1978 20 10 as
1761 1972 22 16 lie
1797 1971 54 17 holds

1416 1995 33 16 out
1459 1994 32 17 the
1500 1995 48 17 olive
1562 1995 70 16 branch
1639 1995 19 16 in
1674 2000 23 11 an
1713 1995 138 17 unmistakable

1416 2023 84 14 manner,
1512 2024 26 11 we
1547 2024 31 10 are
1587 2020 34 15 not
1629 2018 60 22 going
1702 2020 20 15 to
1730 2018 24 17 bo
1769 2018 82 17 outdone

1416 2040 19 17 in
1630 2041 61 17 Shake
1700 2040 3 22 !

1420 2109 102 23 LOCAL
1535 2110 97 23 NEWS
1655 2110 71 23 AND
1740 2110 109 24 NOTES.

1439 2182 32 17 Mr
1479 2182 19 17 J.
1505 2182 31 18 Mo
1538 2182 76 20 Arthur,
1625 2183 120 21 accountant,
1754 2183 68 17 inserts
1828 2189 23 11 an

1418 2207 151 16 announcement
1577 2206 18 16 in
1606 2206 79 17 another
1699 2206 75 17 column
1791 2207 60 16 which

1418 2229 38 16 will
1468 2228 21 18 be
1499 2229 58 17 found
1567 2230 20 16 of
1594 2229 79 17 interest
1681 2230 20 16 to
1710 2230 113 17 tradesmen.

1440 2267 75 17 Stead's
1523 2266 124 23 Masterpiece
1655 2266 87 23 Library,
1759 2267 93 17 Numbers

1417 2290 15 23 1,
1443 2291 10 15 2
1463 2290 37 17 and
1510 2291 9 16 .*!
1528 2292 20 15 to
1562 2290 56 19 hand,
1637 2290 118 23 Threepence
1772 2291 46 17 each
1833 2292 19 16 at

1414 2312 118 19 Chronicle
1541 2313 75 18 Office.*

1439 2350 39 18 The
1487 2351 54 17 usual
1551 2351 54 17 Band
1614 2352 20 16 of
1646 2351 56 22 Hope
1712 2352 75 16 concert
1800 2351 52 18 takes

1415 2374 53 22 place
1477 2374 19 16 in
1506 2375 31 15 the
1547 2374 120 18 Schoolroom
1677 2381 24 10 on
1711 2374 70 22 Friday
1789 2375 61 22 night.

1415 2397 16 16 A
1442 2397 84 22 meeting
1534 2398 20 17 of
1560 2397 92 18 members
1661 2397 39 18 will
1706 2399 23 16 be
1744 2397 44 19 held
1804 2399 48 16 after

1414 2420 33 17 the
1456 2422 80 15 concert.

1439 2456 23 16 In
1471 2462 11 10 a
1491 2456 56 17 letter
1554 2457 20 16 to
1581 2456 117 22 aTauranga
1705 2456 89 21 resident,
1802 2456 37 23 pub-

1414 2479 61 17 lished
1491 2479 20 17 in
1527 2479 33 17 the
1569 2479 41 22 Bay
1619 2480 20 16 of
1647 2479 70 23 Plenty
1726 2480 67 20 Times,
1810 2479 39 18 Col.

1415 2502 73 17 Burton
1498 2502 54 17 offers
1561 2504 20 16 to
1590 2504 73 15 contest
1672 2503 31 16 the
1714 2503 40 21 Bay
1763 2503 20 17 of
1795 2503 45 17 Plen-

1414 2527 21 20 ty
1446 2527 40 16 seat
1494 2525 16 17 if
1517 2526 33 17 the
1558 2525 67 24 people
1634 2526 46 17 wish
1689 2526 40 17 him
1738 2528 20 15 to
1767 2526 24 17 do
1801 2533 26 10 so.

1439 2560 39 16 The
1487 2560 65 17 Postal
1568 2560 126 22 Department
1710 2560 48 17 have
1775 2560 76 18 decided

1414 2584 20 16 to
1444 2589 36 11 run
1487 2589 11 11 a
1507 2583 45 17 mail
1560 2583 84 17 between
1654 2583 85 17 Rotorua
1748 2583 37 17 and
1802 2583 37 18 Tau-

1414 2611 67 18 ranga,
1493 2607 29 16 via
1530 2607 32 16 the
1571 2606 57 23 Oropi
1639 2606 55 21 bush,
1710 2613 46 10 once
1765 2613 11 10 a
1793 2607 56 17 week.

1414 2629 82 17 Tenders
1506 2636 31 10 are
1546 2630 60 17 called
1614 2629 79 23 making
1707 2630 15 17 it
1739 2629 113 19 alternative

1414 2653 30 17 for
1450 2653 55 17 horse
1513 2659 21 11 or
1542 2653 62 22 bugg3
1604 2659 5 6 f
1611 2653 3 22 .

1438 2682 32 16 Mr
1479 2681 28 18 M.
1516 2682 90 21 Delaney,
1617 2683 20 16 of
1654 2682 87 21 Ohanpo,
1760 2688 42 15 says
1819 2683 32 16 the

1414 2705 80 17 Thames
1505 2704 112 22 Advertiser,
1628 2705 16 17 is
1660 2707 20 15 to
1698 2705 44 17 take
1759 2711 45 12 over
1820 2706 32 17 the

1414 2728 54 22 large
1476 2734 41 11 new
1535 2728 50 17 hotel
1602 2730 21 15 at
1640 2729 77 16 Paeroa.
1735 2728 32 17 the
1784 2728 68 17 lieense

1414 2752 31 16 for
1453 2751 61 17 which
1524 2757 38 12 was
1571 2751 84 23 recently
1670 2752 117 17 transferred
1803 2752 48 17 from

1414 2775 92 17 Itotorua.

1439 2806 29 18 On
1478 2806 93 22 Saturday
1581 2806 38 18 last
1627 2806 29 18 W.
1666 2806 70 18 Meilor
1745 2813 38 11 was
1797 2807 44 17 char-

1415 2829 38 22 ged
1460 2829 64 17 before
1535 2829 27 17 Dr
1573 2829 84 21 Ginders,
1668 2830 49 20 J.P.,
1731 2830 47 17 with
1795 2830 57 21 being

1415 2853 63 17 drunk
1494 2853 37 17 and
1548 2852 105 22 disorderly
1674 2860 25 11 on
1716 2853 32 18 the
1765 2853 86 23 previous

1414 2876 63 22 night.
1503 2876 30 17 He
1539 2882 37 11 was
1585 2876 97 17 convicted
1693 2877 36 16 and
1745 2876 50 18 fined
1813 2877 37 20 20s,

1415 2899 20 17 in
1444 2899 73 17 default
1526 2905 55 11 seven
1592 2899 46 22 days
1647 2900 18 16 in
1674 2900 34 17 the
1717 2900 86 22 lock-up.

1438 2931 39 16 The
1486 2930 80 18 London
1573 2931 147 21 correspondent
1727 2931 21 18 of
1752 2931 33 18 the
1792 2931 59 18 South

1416 2954 108 17 Australian
1534 2954 87 21 Register
1629 2954 63 17 denies
1700 2954 32 17 the
1739 2956 65 21 report
1810 2955 42 16 that

1415 2977 32 17 the
1456 2977 56 17 Duke
1517 2977 38 17 and
1562 2977 84 18 Duchess
1655 2978 20 16 of
1684 2978 54 17 York
1753 2977 39 18 will
1809 2978 43 17 visit

1415 3001 46 16 New
1471 2999 82 18 Zealand
1566 3001 38 16 and
1620 3001 97 17 Australia
1734 3001 70 23 during
1820 3001 32 17 the

1416 3024 76 22 coming
1505 3029 86 12 summer.

1439 3055 33 17 Mr
1479 3055 22 17 F.
1510 3055 95 21 Goodson,
1620 3055 73 21 carrier,
1712 3062 95 16 expresses
1823 3056 29 17 his

1416 3078 75 20 thanks,
1500 3079 19 16 in
1526 3079 80 17 another
1611 3079 82 20 column,
1700 3079 30 17 for
1735 3079 32 17 the
1773 3081 67 21 patron-

1416 3107 35 17 age
1460 3101 83 18 hitherto
1552 3102 94 17 bestowed
1655 3107 52 18 npon
1716 3102 38 18 him
1764 3102 38 17 and
1818 3108 23 11 an-

1416 3130 82 12 nounces
1507 3125 43 17 that
1557 3125 33 17 the
1598 3125 85 17 business
1696 3126 39 16 will
1752 3126 19 16 in
1788 3126 64 17 future

1417 3147 23 18 be
1449 3148 104 17 conducted
1560 3148 27 22 by
1595 3149 40 16 him
1643 3149 20 16 in
1675 3149 122 22 conjunction
1806 3149 46 17 with

1416 3171 32 17 Mr
1456 3171 21 18 C.
1487 3171 92 18 Griffiths.

1439 3203 23 16 In
1480 3202 79 18 another
1576 3202 75 18 column
1669 3203 38 17 will
1715 3203 24 17 be
1745 3202 59 18 found
1820 3203 32 17 the

1416 3225 41 17 first
1473 3226 20 17 of
1501 3232 11 11 a
1520 3226 36 17 few
1563 3225 154 23 supplementary
1726 3232 68 16 papers
1810 3226 31 17 des-

1416 3248 78 23 criptive
1509 3249 20 16 of
1541 3250 33 16 the
1582 3249 89 17 Urewera
1680 3251 81 20 country
1774 3250 37 16 and
1828 3250 24 17 its

1416 3272 72 21 people.
1513 3272 39 17 The
1566 3272 63 17 writer
1645 3272 34 17 has
1696 3272 37 18 had
1748 3279 11 11 a
1774 3272 66 21 length-

1416 3295 47 17 ened
1480 3295 109 22 experience
1606 3295 21 17 of
1639 3295 33 17 the
1686 3295 78 23 locality
1780 3295 38 17 and
1836 3295 16 18 is

1416 3318 52 22 quite
1477 3319 20 16 at
1505 3318 54 17 home
1567 3318 21 17 in
1596 3318 29 17 his
1634 3319 80 22 subject.

1440 3349 40 18 The
1522 3349 46 17 Man
1688 3351 33 16 the
1809 3349 43 18 who

1416 3372 34 17 has
1456 3372 77 18 become
1538 3373 52 22 quite
1595 3379 12 10 a
1612 3372 89 24 celebrity
1708 3373 20 17 in
1734 3373 53 17 these
1793 3374 58 21 parts,

1416 3401 107 12 announces
1530 3402 23 11 an
1562 3396 148 17 entertainment
1719 3398 20 15 to
1745 3396 43 17 take
1797 3396 52 23 place

1416 3419 19 16 in
1440 3419 33 17 the
1486 3419 87 17 Pukeroa
1581 3419 46 17 Hall
1636 3419 88 22 to-night
1731 3419 55 17 when
1802 3420 40 16 vari-

1416 3447 34 12 ous
1468 3448 62 15 songs,
1548 3442 114 19 recitations,
1680 3441 93 24 highland
1795 3441 56 24 flings

1416 3464 38 17 nnd
1463 3465 97 23 whistling
1569 3464 49 18 solos
1627 3465 38 18 will
1679 3465 25 18 be
1719 3465 108 18 submitted.

1439 3496 32 16 Mr
1487 3496 66 17 Edwin
1571 3496 97 20 Edwards,
1687 3497 21 17 of
1723 3497 78 19 Paeroa,
1818 3497 34 17 has

1417 3518 96 23 definitely
1522 3519 75 18 decided
1613 3521 20 16 to
1647 3521 75 16 contest
1734 3519 32 18 the
1781 3519 59 18 Ohine-

1414 3542 51 17 muri
1474 3544 39 15 seat
1522 3542 19 17 in
1549 3543 31 16 the
1597 3542 75 17 Liberal
1689 3544 78 15 interest
1784 3544 20 16 at
1820 3543 32 16 the

1416 3565 129 22 forthcoming
1564 3566 75 21 genorul
1654 3565 86 19 election.
1767 3566 38 17 The
1827 3566 25 16 Te

1417 3588 62 17 Aroba
1489 3589 66 19 Times,
1562 3587 61 20 which
1631 3589 61 21 ought
1698 3590 21 16 to
1724 3589 62 19 know,
1794 3590 58 16 states

1416 3612 44 16 that
1476 3612 31 16 Mr
1523 3612 92 17 Edwards
1639 3612 33 17 has
1689 3612 49 17 been
1758 3612 94 22 promised

1417 3636 67 21 strong
1493 3635 127 17 Government
1628 3636 86 22 support.

1440 3666 17 16 A
1465 3665 55 17 lunar
1529 3666 66 22 eclipse
1604 3666 37 17 will
1648 3666 44 17 take
1699 3666 53 22 place
1769 3672 24 11 on
1802 3666 37 17 Sun-

1417 3688 37 23 day
1468 3689 57 21 night
1533 3689 66 17 visible
1607 3690 49 16 here.
1682 3690 39 16 The
1738 3695 55 11 moon
1809 3689 38 17 will

1417 3711 36 17 rise
1469 3712 89 22 partially
1575 3712 81 22 eclipsed
1672 3713 39 16 and
1725 3713 33 16 the
1774 3713 66 16 obscur-

1417 3735 51 16 ation
1486 3735 37 17 will
1531 3735 83 17 increase
1623 3735 28 17 till
1661 3736 42 16 6.30
1712 3735 71 18 o'clock
1797 3735 54 17 when

1416 3758 59 17 about
1484 3758 148 22 three-quarters
1642 3758 19 17 of
1673 3758 31 17 the
1712 3764 56 11 moon
1774 3758 39 17 will
1828 3758 24 17 bo

1417 3780 83 21 covered,
1510 3782 49 16 after
1568 3782 60 16 which
1642 3782 33 16 the
1692 3781 78 18 shadow
1784 3781 20 18 of
1820 3780 31 18 the

1417 3803 53 17 earth
1479 3803 38 18 will
1526 3804 101 23 gradually
1635 3810 43 17 pass
1687 3805 31 17 off.

1440 3835 39 17 The
1489 3836 75 22 August
1573 3836 48 17 issue
1630 3836 19 17 of
1658 3836 70 17 Messrs
1736 3836 56 17 Thos.
1801 3836 50 17 Cook

1417 3858 37 16 and
1472 3859 54 16 Son's
1534 3859 108 17 Travellers'
1653 3859 78 17 Gazette
1740 3859 15 17 is
1764 3860 21 16 to
1801 3859 50 17 hand

1418 3881 35 17 full
1471 3881 20 17 of
1510 3881 77 18 reliable
1608 3882 122 17 information
1750 3881 102 23 regarding

1417 3904 69 17 transit
1494 3906 19 15 to
1527 3904 25 17 all
1560 3906 52 21 parts
1621 3905 20 17 of
1649 3905 33 17 the
1691 3905 67 17 Globe.
1782 3904 34 18 We
1823 3910 29 12 see

1417 3927 43 17 that
1468 3927 33 17 the
1509 3928 41 16 firm
1568 3928 34 17 has
1617 3928 84 17 received
1714 3928 33 17 the
1764 3928 77 21 appoint-

1418 3951 51 16 ment
1478 3951 20 16 of
1506 3950 67 18 official
1581 3951 68 17 tourist
1664 3951 39 17 and
1717 3951 77 22 general
1808 3957 35 16 jias-

1417 3978 68 16 songor
1493 3975 66 19 agents
1568 3975 20 16 to
1599 3973 33 18 the
1648 3974 118 22 Wellington
1783 3974 57 17 Indus-

1417 3996 43 17 trial
1469 3996 118 18 Exhibition.

1498 4027 62 28 SO,
1577 4027 60 29 lO,
1653 4027 59 29 lO,
1729 4027 42 27 5.

1420 4066 64 18 Given
1495 4072 55 19 nway
1560 4066 33 18 for
1603 4073 11 11 a
1625 4066 66 25 singlo
1700 4073 66 17 guets.
1799 4065 52 19 Send

1419 4095 66 21 Mnmp
1496 4092 31 18 for
1536 4092 120 24 particulars
1666 4092 41 19 nnd
1721 4092 95 19 circularo
1831 4095 21 15 to

1418 4117 43 19 Box
1476 4118 41 22 170,
1529 4118 22 23 P.
1551 4118 35 23 0.,
1599 4118 132 25 Wellington.

1894 101 32 17 Mr
1936 102 18 17 8.
1963 102 75 21 Dando,
2048 102 15 17 is
2069 101 76 21 making
2162 100 142 22 arrangements

1872 124 29 17 for
1906 125 124 23 establishing
2035 131 24 11 an
2065 129 72 17 agency
2144 123 43 16 here
2193 123 30 16 for
2229 122 31 17 the
2267 122 28 17 dis-

1871 148 51 21 posal
1933 148 111 17 of'Waikato
2051 148 47 17 fruit
2103 146 38 17 and
2147 145 82 23 produce
2236 145 69 23 during

1872 170 31 17 the
1910 171 128 23 forthcoming
2046 170 69 18 tourist
2123 174 71 12 season.

1895 202 38 18 The
2037 203 63 21 Argus
2117 202 58 16 states
2183 200 43 17 that
2234 205 25 12 an
2276 204 20 13 ar-

1871 228 111 19 rangement
2002 226 35 17 has
2058 231 51 12 come
2130 226 19 15 to
2164 224 85 16 between
2264 223 38 17 Col.

1872 248 73 17 Burton
1953 249 37 17 and
1998 250 31 16 Mr
2038 249 29 17 W.
2081 249 25 16 H.
2117 247 83 19 Herries,
2218 246 87 21 whereby

1872 271 32 16 the
1912 272 70 17 former
1989 273 39 17 will
2038 273 72 17 contest
2119 271 31 17 the
2159 270 42 22 Bay
2209 269 20 17 of
2237 269 70 22 Plenty-

1872 294 112 18 Electorate.

1895 325 38 18 The
1942 327 70 16 friends
2021 327 20 17 of
2058 327 65 21 Major
2131 325 49 18 Mair
2189 325 19 16 in
2222 324 38 17 this
2269 323 28 17 dis-

1872 349 43 17 trict
1928 349 36 17 will
1974 350 23 17 be
2005 356 53 16 sorry
2067 351 20 16 to
2102 349 50 17 learn
2163 348 20 17 of
2196 348 31 17 tin-
2238 346 26 26 los
2273 346 8 26 3
2290 346 17 26 he

1872 372 34 16 has
1915 372 96 17 sustained
2027 373 26 22 by
2066 374 32 15 the
2115 372 57 17 death
2181 371 20 17 of
2216 369 30 18 his
2264 370 43 21 only

1872 401 40 12 son.
1928 402 10 10 a
1955 396 38 21 boy
2005 396 20 17 of
2041 402 61 11 seven.
2127 395 39 17 The
2177 394 50 18 little
2246 391 61 19 fellow

1872 417 37 18 hod
1926 418 46 17 been
1982 419 59 21 ailing
2054 419 29 17 for
2100 424 50 12 some
2158 418 46 17 time
2213 417 37 17 and
2265 416 42 17 died

1874 443 20 14 at
1910 442 91 20 Parawai,
2017 442 86 19 Thames,
2120 448 24 11 on
2161 442 33 16 the
2212 440 32 17 7th
2262 440 44 16 inst.

1896 464 60 17 Those
1965 464 62 18 whom
2036 466 33 16 the
2077 465 48 22 gods
2134 465 41 17 love
2183 464 31 17 die

1895 496 34 16 We
1938 496 59 17 direct
2011 497 93 16 attention
2119 497 20 16 to
2152 496 33 17 the
2199 499 96 13 announce-

1872 520 52 16 ment
1933 519 20 17 of
1959 519 69 17 Messrs
2035 520 87 17 Goodson
2129 519 38 17 and
2174 518 84 18 Griffiths
2266 518 42 16 who

1872 542 49 16 have
1929 542 64 21 joined
2001 543 60 17 forces
2069 543 19 17 in
2098 543 32 17 the
2140 542 132 21 management
2289 541 20 16 of

1874 565 31 17 the
1914 565 41 17 coal
1963 565 38 17 and
2009 565 87 18 firewood
2105 566 58 22 depot
2170 565 20 17 in
2207 564 102 18 Pukuatua

1874 588 68 17 Street.
1974 588 39 17 The
2033 595 41 11 new
2095 589 41 17 firm
2157 589 34 16 has
2207 588 33 17 the
2260 586 49 19 local

1874 617 72 16 agency
1955 612 20 16 of
1983 612 32 16 the
2024 612 47 17 New
2080 612 81 17 Zealand
2171 612 82 21 Express
2268 611 39 19 Co.,

1874 634 37 17 and
1921 640 31 11 are
1961 635 90 22 prepared
2060 637 21 15 to
2091 635 69 17 deliver
2176 635 60 22 goods
2249 636 21 16 to
2282 633 27 17 all

1874 659 53 21 parts
1936 657 19 17 of
1964 657 33 18 the
2005 658 74 17 district
2088 659 45 16 with
2142 659 126 21 promptness.

1898 689 31 16 Mr
1948 688 20 17 J.
1985 689 103 17 Stevenson
2105 690 21 17 of
2141 690 33 17 the
2191 689 64 17 Lands
2272 689 37 17 and

1876 711 72 23 Survey
1956 712 126 22 Department
2090 713 15 17 is
2122 719 42 11 now
2178 712 94 18 stationed
2289 713 21 16 at

1875 735 25 17 To
1909 735 53 16 Puke
1972 735 37 16 and
2017 735 16 17 is
2042 736 59 22 going
2109 742 24 11 on
2143 736 46 17 with
2205 734 32 19 the
2254 736 56 17 roads

1875 758 84 22 through
1964 758 195 22 thePapamoablock.
2169 759 61 17 MrD.
2237 759 73 17 Barron

1875 781 21 17 of
1910 781 32 17 the
1961 787 50 11 same
2028 781 118 23 department
2154 783 16 17 is
2184 782 91 23 expected
2284 786 26 18 up

1875 805 44 16 here
1934 804 129 22 immediately
2072 806 19 16 to
2105 805 44 18 take
2164 805 69 23 charge
2241 805 21 18 of
2277 805 33 18 the

1875 828 53 17 work
1943 828 19 16 in
1980 828 109 17 connection
2106 829 46 17 with
2159 829 33 17 the
2208 835 41 11 new
2264 828 46 18 road

1875 852 21 16 to
1908 851 71 22 Taupo,
1988 851 30 17 via

1901 883 39 16 The
1957 882 129 18 Government
2102 884 47 16 have
2166 884 56 17 asked
2239 884 33 17 the
2284 883 26 18 Te

1877 906 64 17 Aroha
1949 906 82 17 Domain
2040 906 62 17 Board
2111 908 20 15 to
2140 906 69 19 submit
2218 908 32 16 the
2264 913 34 12 con-

1876 929 70 17 ditions
1963 929 60 17 under
2041 929 61 17 which
2119 929 16 17 it
2150 930 16 16 is
2182 931 93 22 proposed
2289 932 21 16 to

1875 953 49 17 lease
1948 954 33 15 the
1998 952 87 17 overflow
2108 953 20 16 of
2143 954 56 17 water
2216 955 48 16 from
2277 954 33 17 the

1876 976 81 22 springs.
1991 976 30 16 No
2031 976 52 21 reply
2093 976 33 17 has
2135 978 32 20 yet
2175 976 45 18 been
2226 977 84 18 received

1875 999 103 22 regarding
1991 998 32 18 the
2037 999 85 17 Rotorua
2138 1000 78 18 Board's
2238 1007 60 11 recom-

1876 1023 109 16 mendation
1999 1023 19 17 to
2028 1023 44 21 give
2080 1023 20 16 to
2109 1023 30 15 Mr
2148 1022 67 18 Clarke
2223 1024 32 16 the
2271 1023 39 19 sole

1875 1045 53 23 right
1938 1046 19 17 of
1966 1045 87 25 utilising
2061 1045 32 18 the
2110 1045 74 22 surplus
2193 1048 58 16 water
2259 1047 50 17 here.

1900 1078 15 16 A
1926 1077 62 18 choice
1997 1078 89 17 selection
2099 1078 20 17 of
2133 1078 24 17 oil
2171 1078 97 23 paintings
2284 1080 26 22 by

1876 1101 32 17 Mr
1917 1101 20 17 C.
1947 1101 100 17 Blomfield
2056 1108 44 15 may
2109 1107 41 11 now
2160 1102 23 16 bo
2192 1108 41 11 seen
2242 1104 20 16 at
2277 1104 33 17 the

1876 1125 118 16 Ciikoxiot.k
2002 1124 64 18 Office.
2092 1125 51 20 They
2152 1124 90 24 comprise
2253 1127 57 18 views

1875 1148 19 16 in
1906 1148 37 16 this
1952 1147 150 22 neighborhood.
2113 1147 98 22 Wairakei,
2227 1149 69 18 Whaka-

1875 1177 106 13 rewarewa,
1992 1171 39 20 &c,
2045 1171 37 18 and
2100 1172 47 16 from
2161 1171 49 18 their
2222 1172 78 18 faithful-

1875 1200 42 11 ness
1938 1195 38 16 and
1994 1193 94 19 attention
2105 1196 20 15 to
2145 1195 58 17 detail
2223 1201 32 11 are
2268 1197 42 17 well

1876 1218 62 16 worth
1950 1218 33 17 the
1992 1218 94 17 attention
2096 1218 20 16 of
2124 1218 60 17 lovers
2198 1218 19 17 of
2225 1221 35 15 art.
2286 1220 23 17 In

1875 1240 86 18 addition
1970 1242 20 16 to
1999 1242 53 16 these
2060 1242 54 16 there
2126 1246 31 12 are
2174 1247 11 11 a
2198 1242 79 17 number
2290 1244 20 16 of

1875 1266 59 15 water
1941 1265 51 16 color
2000 1265 86 17 sketches
2095 1263 80 19 suitable
2184 1265 29 17 for
2220 1265 90 24 birthday

1875 1294 21 11 or
1905 1287 68 18 Easter

1898 1320 17 16 A
1933 1320 83 17 contract
2032 1320 39 16 will
2088 1319 73 22 shortly
2175 1320 23 16 be
2208 1319 26 18 let
2243 1320 26 23 by
2277 1322 33 17 the

1875 1343 47 17 local
1940 1343 54 17 lands
2008 1343 36 17 and
2062 1348 66 16 survey
2145 1343 53 17 office
2206 1344 19 16 to
2242 1344 47 17 form
2300 1352 10 9 a

1875 1366 45 17 road
1929 1367 20 16 to
1964 1366 31 17 the
2004 1367 80 21 landing
2098 1367 20 17 at
2127 1367 25 16 Te
2161 1367 55 21 Ngae
2233 1372 20 11 so
2262 1373 19 12 as
2289 1369 21 16 to

1875 1390 56 17 allow
1940 1389 80 23 buggies
2030 1390 37 17 and
2077 1390 77 17 coaches
2164 1391 19 15 to
2193 1389 51 18 drive
2259 1390 51 22 right

1875 1413 56 17 down
1942 1414 20 16 to
1979 1413 32 17 the
2021 1413 64 17 beach.
2111 1413 16 17 A
2136 1419 68 16 survey
2220 1413 35 17 has
2271 1414 39 17 also

1874 1436 47 18 been
1931 1435 55 19 made
1995 1437 30 16 for
2034 1437 31 16 the
2074 1442 41 11 new
2125 1437 67 20 bridge
2202 1442 44 11 over
2256 1436 54 18 Ohau

1875 1459 83 18 Channel
1969 1461 19 16 at
1997 1460 85 17 Mourca.
2107 1459 38 18 The
2154 1459 68 23 bridge
2236 1460 37 17 will
2288 1460 22 17 be

1874 1482 111 23 practically
2001 1484 21 15 of
2037 1489 12 11 a
2063 1483 60 20 single
2136 1488 48 17 span
2200 1483 37 17 and
2255 1484 54 17 much

1875 1506 67 21 higher
1953 1506 44 17 than
2006 1506 33 17 the
2048 1506 83 23 existing
2140 1512 42 12 one.

1899 1538 22 17 In
1932 1538 79 17 another
2020 1538 75 17 column
2105 1538 37 17 will
2150 1538 24 17 be
2184 1538 58 17 found
2252 1544 11 11 a
2276 1544 23 11 no-

1874 1560 36 18 tice
1919 1560 71 24 calling
1999 1562 29 16 for
2037 1561 76 17 tenders
2119 1562 29 16 for
2156 1561 33 17 the
2194 1567 117 16 conveyance

1875 1585 20 16 of
1903 1585 54 16 mails
1969 1584 85 17 between
2072 1585 83 16 Rotorua
2170 1585 38 17 and
2225 1585 85 21 Galatea,

1874 1608 37 17 and
1921 1607 84 18 Rotorua
2014 1608 37 17 and
2060 1608 70 22 Taupo.
2156 1608 39 17 The
2204 1607 57 18 latter
2272 1614 29 12 ser-

1875 1632 39 16 vice
1922 1632 16 16 is
1947 1630 74 24 subject
2030 1633 20 15 to
2063 1637 11 11 a
2091 1632 72 21 change
2180 1632 21 16 of
2216 1633 54 15 route
2287 1638 23 11 on

1875 1654 32 17 the
1914 1654 83 23 opening
2006 1654 20 17 of
2034 1655 32 17 the
2081 1660 41 11 new
2138 1654 52 20 road,
2200 1655 31 17 via
2248 1655 50 17 Waio-

1874 1679 52 20 tapu.
1960 1678 59 16 These
2035 1678 38 16 and
2088 1677 33 17 the
2133 1678 87 21 Railway
2237 1678 74 17 Station

1875 1701 68 17 service
1952 1707 31 11 are
1992 1703 20 15 to
2021 1701 23 18 be
2053 1701 26 17 let
2088 1701 29 17 for
2126 1707 10 11 a
2145 1701 65 22 period
2224 1701 20 17 of
2258 1701 53 18 three

1874 1730 59 16 years.

1898 1756 59 17 Trout,
1966 1762 31 11 are
2006 1761 45 16 very
2065 1755 90 23 plentiful
2164 1755 19 18 in
2193 1755 32 18 the
2234 1755 43 18 lake
2291 1758 19 15 at

1875 1779 32 17 the
1912 1780 75 19 present
1994 1779 51 19 time,
2053 1779 36 17 and
2096 1779 32 17 the
2135 1779 73 17 natives
2215 1780 48 17 state
2269 1780 42 17 that

1875 1802 32 17 the
1915 1802 60 18 koura.
1984 1802 37 17 and
2034 1807 71 14 manga
2114 1809 22 10 on
2147 1802 61 18 which
2218 1802 45 23 they
2270 1803 41 17 feed

1874 1825 118 22 voraciously
2001 1831 31 11 are
2041 1824 74 23 rapidly
2124 1825 115 22 decreasing.
2272 1826 39 17 The

1874 1855 65 15 young
1948 1855 44 15 carp
1999 1848 38 17 also
2045 1847 56 19 snffor
2110 1847 49 20 from
2164 1849 33 18 the
2206 1849 105 22 increasing

1875 1872 87 18 numbers
1977 1872 19 17 of
2009 1873 59 16 trout.
2102 1872 50 22 T!iey
2161 1872 35 17 rise
2210 1873 72 21 readily
2292 1875 19 14 at.

1874 1895 68 17 almost
1955 1894 95 23 anything
2063 1895 36 17 and
2110 1894 38 18 will
2162 1895 106 18 doubtlesss
2281 1896 20 17 af-

1875 1918 42 17 ford
1937 1920 53 21 sport
2006 1918 71 22 during
2098 1919 31 17 the
2147 1919 76 21 coming
2239 1924 71 16 season,

1874 1942 74 20 though
1974 1942 32 17 rod
2032 1941 71 21 fishing
2119 1948 23 11 on
2164 1943 34 16 the
2218 1942 43 17 lake
2277 1941 34 18 has

1875 1964 83 19 hitherto
1968 1964 46 18 been
2025 1965 81 17 without
2114 1965 65 18 result.

1900 1996 68 18 Music.
1978 1996 68 20 Music,
2053 1996 61 18 Music
2122 1996 46 20 :A
2177 1997 63 17 choice
2254 1997 47 17 selec-

1875 2020 40 17 tion
1926 2020 19 17 of
1959 2020 33 17 the
2006 2020 57 17 latest
2078 2025 62 16 songs,
2155 2020 26 22 by
2197 2021 45 16 such
2260 2026 38 12 com-

1875 2049 64 14 posers
1962 2049 20 11 as
2002 2042 80 19 Pinsuti,
2103 2043 56 17 Berth
2162 2043 32 18 old
2208 2044 66 19 Tours,
2290 2044 20 17 C.

1876 2066 90 21 Godfrey.
1977 2066 91 20 Sherwin,
2078 2066 64 18 Banks
2150 2067 79 20 Winter,
2245 2067 66 22 Henry-

1876 2090 62 17 Klein.
1948 2089 91 18 Junckor.
2048 2088 107 22 Caraccioli,
2166 2090 89 18 Braham,
2263 2091 47 16 Ivan

1875 2112 68 22 Caryll,
1955 2112 73 21 Angela
2042 2113 114 20 Rawlinson,
2167 2113 65 22 Gatty,
2248 2114 61 19 Birch,

1876 2136 85 18 Barnctt.
1980 2136 116 21 Dosommes,
2115 2136 110 20 Offenbach,
2244 2137 26 17 &c
2279 2136 31 19 &c.

1876 2159 45 17 Also
1931 2159 86 20 Waltzes,
2027 2159 93 19 Marches,
2130 2160 97 20 Gavottes,
2244 2160 55 17 Seren-

1875 2183 50 18 ades,
1945 2181 106 20 Rondeaus,
2063 2183 37 16 and
2119 2181 101 19 Overtures
2233 2183 30 17 for
2279 2183 32 17 the

1875 2206 108 17 Pianoforte
1992 2206 26 21 by
2027 2206 77 22 Gung'l.
2116 2206 97 18 D'Albert.
2230 2206 80 21 Rossini,

1878 2229 82 22 Stephen
1989 2230 75 17 Glover.
2089 2230 77 18 Rotten,
2196 2230 114 20 Beethoven,

1877 2251 89 22 Lardelli,
1985 2252 122 17 Hcunerhein
2131 2253 92 17 Harrison
2242 2252 62 18 White

1877 2275 110 21 Pechotsch,
1999 2275 77 22 Bonser,
2088 2276 25 17 fie
2122 2276 32 17 &c.
2180 2275 77 18 Francis
2274 2276 37 17 and

1876 2298 52 23 Days
1947 2299 43 17 11th
2011 2298 63 18 Comic
2088 2299 81 20 Annual,
2187 2299 62 18 words
2274 2300 37 17 and

1876 2322 59 17 music
1949 2324 20 15 at
1978 2322 118 18 Chroxicxe
2106 2322 74 18 Office.*

1898 2354 69 17 Whilst
1973 2355 33 16 out
2013 2353 64 22 riding
2083 2354 46 17 with
2135 2354 29 17 his
2171 2360 39 12 son,
2219 2360 45 11 near
2271 2354 26 21 Ep-

1875 2383 38 11 som
1918 2376 4 23 ,
1929 2383 23 11 on
1961 2376 85 23 Tuesday
2054 2378 88 19 morning
2147 2378 20 16 of
2173 2376 35 18 last
2215 2376 57 21 week,
2281 2377 30 18 Mr

1875 2401 65 16 Alfred
1955 2401 78 16 Nathan
2050 2402 38 15 met
2098 2401 44 16 with
2152 2407 11 10 a
2171 2401 70 17 serious
2262 2401 39 17 acci-

1874 2423 45 18 dent
1928 2423 26 22 by
1962 2423 58 21 being
2029 2424 74 17 thrown
2113 2424 49 17 from
2168 2424 29 17 his
2205 2424 61 17 horse.
2289 2424 20 17 It

1874 2453 79 17 appears
1968 2447 41 17 that
2018 2447 31 16 Mr
2063 2447 92 17 Nathan's
2164 2446 55 18 horse
2235 2447 76 17 became

1874 2470 78 17 startled
1970 2470 25 22 by
2004 2469 33 18 the
2045 2470 52 18 noise
2106 2470 19 17 of
2134 2476 50 12 some
2201 2470 110 22 galvanised

1874 2493 40 18 iron
1928 2493 58 21 beiug
2002 2493 75 17 thrown
2093 2500 24 10 on
2126 2494 32 16 the
2173 2493 75 22 ground
2265 2494 43 19 and,

1874 2517 81 21 rearing,
1967 2517 60 17 threw
2035 2517 25 16 its
2066 2516 49 17 rider
2124 2517 45 17 with
2183 2516 127 19 considerable

1874 2540 83 17 violence
1974 2539 75 22 against
2066 2547 11 10 u
2093 2540 59 17 fence.
2178 2539 31 18 Mr
2230 2540 78 17 Nathan

1874 2569 38 11 was
1929 2564 21 16 at
1966 2569 45 12 once
2028 2563 94 22 conveyed
2131 2564 20 16 to
2168 2564 29 16 his
2214 2563 94 19 residenc

1874 2587 19 16 in
1910 2587 76 16 Princes
1995 2587 63 17 Street
2075 2586 35 17 and
2125 2586 82 23 suryio.il
2225 2587 72 17 examin-

1874 2610 50 16 ation
1939 2609 76 18 showed
2030 2610 42 17 that
2089 2615 34 12 one
2140 2610 21 17 of
2176 2609 29 18 his
2218 2609 38 18 ribs
2273 2616 37 11 was

1874 2632 77 18 broken.
1984 2633 34 16 We
2023 2639 32 10 are
2064 2632 45 22 glad
2118 2634 19 15 to
2146 2632 51 18 learn
2215 2634 43 16 that
2275 2634 32 17 the

1874 2656 77 17 sufferer
1959 2656 16 17 is
1983 2662 43 11 now
2035 2656 122 23 progressing
2169 2656 140 23 satisfactorily.

1897 2688 39 17 The
1943 2688 25 17 Te
1985 2688 64 17 Aroha,
2058 2687 56 18 News
2129 2688 104 22 complains
2242 2688 20 17 of
2278 2688 32 17 the

1874 2710 80 22 practice
1963 2710 92 24 indulged
2068 2711 20 17 in
2098 2710 26 23 by
2137 2716 78 17 persons
2230 2710 79 22 visiting

1874 2734 31 17 the
1921 2733 57 18 baths
1995 2735 20 16 of
2034 2733 88 23 cariying
2133 2739 54 17 away
2198 2734 32 17 the
2247 2735 63 17 combs

1874 2757 36 17 and
1922 2757 54 17 other
1990 2757 87 23 portable
2094 2757 79 18 articles.
2199 2757 26 18 As
2242 2757 30 18 far
2290 2764 20 11 as

1874 2780 63 17 combs
1950 2786 31 11 are
1991 2780 102 17 concerned
2110 2786 28 11 we
2146 2787 31 10 are
2192 2782 64 21 pretty
2271 2781 39 16 safe

1873 2804 50 19 here,
1933 2810 21 11 as
1968 2804 45 22 they
2022 2804 64 16 would
2103 2804 81 21 scarcely
2200 2804 62 17 excite
2277 2804 33 17 the

1874 2827 83 22 rapidity
1971 2827 19 17 of
2006 2827 31 17 the
2051 2828 49 16 most
2114 2826 108 18 comfirmed
2234 2826 65 23 klepto-

1874 2850 78 17 maniac.
1978 2850 59 17 There
2060 2856 31 11 are
2105 2855 35 12 one
2155 2856 21 11 or
2193 2851 38 16 two
2255 2851 55 21 petty

1874 2873 71 17 thieves
1954 2872 59 19 about
2020 2872 92 21 however,
2122 2873 44 17 who
2182 2873 88 18 continue
2278 2873 32 18 the

1874 2897 81 22 practice
1972 2897 20 17 of
2005 2895 110 23 purloining
2130 2902 67 17 papers
2213 2896 49 18 from
2276 2897 32 17 the

1874 2919 78 24 reading
1961 2926 52 10 room
2022 2919 38 17 and
2068 2919 79 23 filching
2155 2919 72 17 clothes
2232 2919 78 18 brushes

1874 2943 48 17 from
1936 2938 68 22 hotels.
2029 2943 30 16 An
2076 2943 152 17 unostentatious
2245 2943 61 17 watch

1874 2966 15 17 is
1905 2972 43 11 now
1957 2966 58 22 being
2028 2965 46 23 kept
2091 2964 60 20 which
2161 2966 39 17 will
2218 2966 92 23 probably

1874 2989 57 17 result
1940 2990 20 16 in
1969 2995 35 11 one
2014 2988 83 18 offender
2114 2989 59 23 being
2188 2989 85 23 brought
2289 2991 20 16 to

1874 3012 55 18 book.

1897 3044 29 17 Dr
2042 3043 82 20 Idelson,
2137 3044 20 17 of
2169 3044 67 21 Berne;
2253 3044 46 18 Swit-

1875 3067 75 17 zerland
1965 3067 36 17 has
2022 3067 76 17 written
2117 3068 20 16 to
2150 3067 33 17 the
2203 3067 26 17 Te
2247 3067 64 17 Aroha

1874 3090 82 17 Domain
1968 3090 63 17 Board
2047 3091 110 21 requesting
2173 3090 42 17 that
2230 3090 51 23 body
2291 3091 20 16 to

1875 3112 81 19 forward
1970 3112 112 23 particulars
2107 3112 103 23 regarding
2225 3112 33 19 fhe
2274 3113 35 18 hot

1875 3137 75 22 springs
1958 3138 20 16 to
1994 3137 108 22 physicians
2119 3137 37 17 and
2171 3137 103 22 professors
2291 3138 19 16 of

1874 3159 80 18 medical
1969 3159 72 18 science
2056 3159 19 18 in
2092 3160 31 17 the
2141 3159 49 18 chief
2203 3161 73 16 centres
2292 3160 19 17 of

1874 3182 74 19 Russia,
1958 3182 58 21 Italy,
2026 3183 72 22 Egypt,
2116 3182 101 22 Germany,
2233 3182 77 21 France,

1874 3206 75 22 Turkey
1966 3205 37 18 and
2030 3205 128 18 Switzerland.
2183 3203 34 20 We
2241 3205 58 18 under-

1875 3228 55 18 stand
1959 3235 11 11 a
1987 3229 71 17 similar
2074 3229 116 22 application
2206 3229 35 17 hns
2263 3229 47 17 been

1875 3252 54 17 made
1946 3253 20 16 to
1983 3258 35 11 our
2044 3251 49 18 local
2116 3251 60 18 board
2193 3251 62 18 which
2272 3251 39 19 will

1875 3275 96 17 doubtless
1980 3276 25 16 be
2014 3274 91 23 complied
2114 3274 52 21 with,
2176 3281 21 11 as
2205 3275 16 17 it
2234 3274 54 19 offers
2294 3282 11 10 a

1875 3297 111 19 fovourablc
1995 3298 125 23 opportunity
2129 3298 21 18 of
2157 3298 106 23 conveying
2279 3299 32 17 the

1874 3321 113 22 knowledge
2001 3322 21 16 of
2038 3327 34 11 our
2096 3321 83 17 curative
2196 3323 67 15 waters
2290 3323 20 15 to

1874 3345 54 16 those
1950 3344 103 23 European
2077 3350 42 16 spas
2142 3344 62 18 where
2229 3344 81 18 invalids

1874 3368 70 22 m-jstly
1953 3369 121 22 congregate.

1898 3404 54 18 Since
1961 3405 31 17 Mr
2006 3404 76 18 Baber's
2100 3404 68 18 arrival
2185 3404 24 18 he
2225 3404 38 18 and
2279 3404 32 18 Mr

1873 3428 84 22 Malfroy
1966 3428 47 17 have
2026 3427 55 18 made
2089 3434 11 10 a
2108 3427 96 21 thorough
2213 3427 85 18 examina-

1874 3451 40 17 tion
1922 3451 21 17 of
1951 3451 32 17 the
1998 3457 67 16 geyser
2081 3457 42 11 area
2139 3452 21 16 at
2176 3450 120 18 Whakarewa-

1874 3480 55 11 rewa.
1943 3474 52 22 They
2004 3480 31 11 are
2044 3472 101 19 convinced
2154 3474 43 17 that
2203 3473 33 18 the
2242 3473 68 22 bridge

1873 3503 62 11 across
1944 3497 32 17 the
1985 3496 54 18 creek
2048 3496 39 18 will
2095 3497 47 17 have
2150 3498 21 16 to
2186 3497 23 17 be
2223 3496 87 23 replaced

1873 3519 26 23 by
1908 3526 11 11 a
1926 3526 42 11 new
1977 3526 35 11 one
2021 3519 22 18 fit
2052 3520 30 17 for
2094 3520 50 22 light
2162 3519 86 18 vehicles.
2279 3519 31 18 Mr

1874 3544 61 16 Baber
1943 3542 34 18 has
1986 3542 91 23 surveyed
2095 3549 10 11 a
2122 3542 46 18 road
2187 3543 59 17 round
2262 3542 47 18 from

1874 3566 31 17 the
1919 3566 61 22 Spout,
1989 3566 50 17 Bath
2048 3567 43 21 past
2107 3566 33 17 the
2153 3566 55 17 small
2222 3566 51 17 lakes
2290 3567 20 16 to

1873 3589 33 17 the
1915 3590 56 16 Alum
1982 3589 49 17 Bath
2041 3588 36 18 and
2086 3589 58 22 along
2152 3588 33 19 the
2193 3589 86 17 hill-side
2289 3596 20 10 as

1874 3613 29 16 far
1912 3618 19 11 as
1941 3611 87 19 Waikite.
2053 3612 44 17 This
2105 3612 45 17 road
2164 3612 57 21 being
2238 3611 72 19 carried

1874 3636 19 16 at
1902 3642 11 10 a
1922 3641 68 17 proper
1997 3635 80 17 altitude
2086 3634 37 18 will
2133 3635 59 17 afford
2210 3641 11 11 a
2234 3635 63 22 magni-

1874 3658 55 18 ficent
1938 3659 47 17 view
1995 3659 21 16 of
2023 3658 32 17 the
2064 3657 60 18 whole
2132 3658 58 21 place.
2216 3658 39 17 The
2263 3658 47 17 road

1873 3682 37 16 will
1921 3681 22 17 be
1954 3683 20 15 1(>
1983 3682 39 16 feet
2030 3680 48 18 wide
2087 3681 37 17 and
2132 3681 22 17 fit
2163 3682 29 16 for
2204 3681 51 22 light
2268 3687 31 11 car-

1873 3704 52 21 riage
1934 3705 65 18 traffic,
2009 3704 38 17 and
2056 3704 119 18 constructed
2183 3704 46 17 with
2242 3711 11 10 a
2262 3704 47 17 view

1873 3728 20 16 of
1902 3727 107 23 ultimately
2018 3728 74 21 joining
2101 3728 32 16 the
2147 3728 66 21 Taupo
2230 3727 46 18 road
2289 3728 20 16 in

1874 3750 32 18 the
1914 3751 154 21 Arikikapakapa
2077 3751 72 22 Valley.

1921 3786 68 18 LONG
2006 3785 123 18 JOURNEY
2138 3785 36 19 BY
2182 3785 78 18 LAND.

1896 3850 76 22 During
1989 3850 58 19 these,
2065 3850 77 17 Wolfe's
2159 3850 98 22 Schnapps
2269 3850 40 17 will

1872 3873 24 17 be
1912 3874 60 17 found
1982 3879 24 11 an
2021 3872 107 19 invaluable
2145 3872 103 23 travelling
2256 3878 39 12 com-

1873 3897 77 21 panion.
1983 3897 19 16 It
2019 3898 94 20 promotes
2131 3896 121 23 indigestion,
2270 3896 39 17 and

1873 3925 75 12 ensures
1962 3919 111 22 regularity.

1989 3980 100 18 MINING
2101 3981 81 17 NOTES.

1896 4027 82 22 Though
1995 4027 32 16 the
2044 4027 124 23 Prospecting
2190 4027 117 18 Association

1872 4050 34 17 has
1924 4055 21 12 as
1960 4051 34 21 yet
2002 4050 55 17 made
2073 4055 25 12 no
2112 4050 91 22 practical
2217 4055 55 12 move
2287 4050 20 17 in

1873 4073 32 17 the
1913 4079 43 16 way
1964 4073 21 17 of
1993 4073 80 22 sending
2079 4074 117 21 prospectors
2209 4074 34 16 out
2257 4074 38 16 mat-

1873 4097 39 16 ters
1920 4102 32 11 are
1961 4096 19 17 iu
1990 4095 49 18 train
2048 4095 30 18 for
2086 4095 37 18 this
2131 4095 58 23 being
2194 4095 48 18 done
2248 4096 20 16 in
2275 4095 32 18 the

1873 4125 64 11 course
1946 4119 20 17 of
1974 4119 32 16 the
2019 4120 46 15 next
2082 4118 35 17 few
2132 4118 52 22 days.
2217 4118 79 22 Applica-

2327 99 49 17 ticus
2385 99 49 16 from
2440 100 107 20 competent
2553 106 42 11 men
2602 106 31 11 are
2638 99 19 17 in
2663 99 33 17 the
2701 98 62 18 hands

2327 122 20 16 of
2353 122 33 17 the
2395 122 92 21 secretary
2497 122 37 17 and
2550 123 52 17 these
2617 123 39 16 will
2671 123 24 16 be
2712 122 52 16 dealt

2327 145 47 17 with
2381 147 20 15 at
2409 145 33 16 the
2451 145 82 23 meeting
2541 146 59 17 called
2617 147 30 17 for
2668 145 95 22 Saturday

2327 168 62 22 night,
2399 174 12 11 a
2418 167 118 18 notification
2545 169 21 17 of
2574 169 61 17 which
2652 174 80 17 appears
2743 168 19 17 in

2327 191 80 16 another
2416 191 82 17 column.

2352 214 59 17 There
2431 214 16 17 is
2463 220 24 11 no
2501 214 59 18 doubt
2578 216 42 16 that
2640 214 123 23 prospecting

2327 237 119 22 throughout
2454 237 33 17 the
2496 237 72 18 district
2578 238 97 23 generally
2683 238 34 16 has
2733 243 20 11 re-

2328 257 63 20 ceived
2400 266 23 11 an
2433 261 80 21 impetus
2522 261 49 17 since
2580 261 32 17 the
2627 261 100 17 formation
2743 260 21 17 of

2327 282 33 17 the
2369 283 122 17 Association.
2514 284 74 17 Several
2597 284 72 22 parcels
2679 284 21 17 of
2703 283 60 23 likely

2329 306 78 21 looking
2415 308 53 16 stone
2477 306 46 18 have
2531 307 47 17 been
2586 308 64 16 shown
2660 313 22 11 us
2691 306 38 18 and
2743 306 19 17 in

2329 334 49 11 some
2386 330 94 16 instances
2489 331 41 15 sent
2538 336 53 16 away
2605 331 30 16 for
2649 336 54 16 assay
2717 336 36 15 pur

2329 357 59 16 poses.
2413 352 40 17 The
2461 353 57 17 result
2527 354 20 16 of
2555 353 33 17 the
2594 353 83 22 analysis
2687 353 38 16 will
2740 353 23 16 be

2329 375 54 17 made
2392 375 68 18 known
2468 376 20 16 in
2497 376 36 17 due
2541 383 70 10 course.

2353 398 22 16 In
2385 399 31 16 the
2421 399 143 22 neighborhood
2573 400 19 17 of
2599 400 66 21 Taupo
2674 404 77 17 prospec-

2329 419 43 25 ting
2379 421 35 18 has
2420 421 48 18 been
2484 423 59 17 active
2557 423 30 17 for
2600 428 51 12 some
2665 423 46 16 time
2726 422 36 17 and

2330 444 84 22 tangible
2423 445 67 17 results
2498 451 43 16 may
2550 446 23 17 be
2581 445 68 18 looked
2662 446 30 16 for
2700 445 52 17 short-

2329 466 16 18 ly
2352 466 3 25 .
2381 468 25 16 At
2414 468 33 16 the
2456 468 122 23 Maugorewa
2585 470 62 19 fiorgo
2658 469 52 16 there
2715 468 48 17 have

2329 489 48 17 been
2385 496 50 11 some
2444 494 116 19 prospectors
2569 494 21 15 at
2596 492 51 17 work
2653 491 65 22 lately,
2726 491 38 17 and

2330 514 38 15 two
2376 513 43 17 who
2428 514 87 18 returned
2524 520 24 12 on
2560 515 84 21 Monday
2659 514 56 24 night
2729 520 22 11 ex-

2329 536 76 21 pressed
2413 536 109 19 themselves
2531 538 83 17 satisfied
2626 538 46 17 with
2687 538 32 16 the
2734 543 19 12 re-

2331 558 38 18 sult
2378 559 19 17 of
2406 560 48 16 their
2463 560 103 22 inspection
2574 562 20 16 of
2611 567 9 11 s
2658 561 52 17 show
2719 558 4 24 '
2744 561 18 16 in

2330 581 44 18 that
2379 581 95 19 direction.
2492 584 51 22 They
2550 586 51 15 went
2607 590 24 11 on
2637 585 19 16 to
2664 583 98 17 Auckland

2331 611 25 11 on
2376 605 33 17 the
2434 606 98 23 following
2557 607 94 23 morning.
2686 607 78 21 Beyond

2330 628 128 22 Mangorewa,
2468 631 21 15 at
2500 630 25 17 Te
2541 630 93 23 Rerenga,
2644 630 38 17 and
2699 635 66 12 nearer

2331 650 74 22 Otawa,
2415 658 42 10 men
2465 652 47 18 have
2520 653 39 18 also
2567 653 47 18 been
2624 654 20 16 at
2658 653 52 17 work
2719 659 33 16 pro-

2331 674 92 23 specting.

2355 696 84 24 Writing
2452 698 47 17 from
2513 699 71 18 Paeroa
2600 706 11 11 a
2632 700 70 17 former
2718 699 37 17 resi-

2331 720 47 18 dent
2386 721 20 17 of
2414 720 84 19 Rotorna
2513 724 58 15 states
2585 723 42 17 that
2642 728 69 17 survey
2727 722 37 17 and

2331 743 80 17 kindred
2420 744 52 17 work
2484 745 15 16 is
2509 746 58 22 going
2581 752 24 11 on
2717 746 47 22 high

2331 773 86 16 pressure
2426 766 37 17 and
2470 767 52 18 other
2536 769 99 21 harassing
2651 769 113 19 conditions,

2331 792 34 15 not
2374 792 40 15 met
2421 790 45 17 with
2476 792 95 22 generally
2584 793 20 16 in
2618 793 48 17 New
2682 792 83 17 Zealand

2331 813 39 17 and
2378 813 15 17 is
2402 813 39 17 fast
2449 813 89 24 bringing
2547 821 20 11 us
2577 816 24 16 all
2611 816 45 16 with
2667 821 69 12 sorrow
2745 817 21 16 to

2331 837 108 22 premature
2448 842 71 17 graves.
2544 838 20 17 It
2571 839 39 17 will
2619 839 23 17 be
2654 845 11 11 a
2679 839 87 17 different

2331 860 45 17 field
2385 860 29 17 for
2423 865 28 15 us,
2461 860 90 20 however,
2562 861 14 18 if
2588 868 48 16 your
2647 862 118 17 Association

2331 882 78 18 succeed
2418 882 19 17 in
2446 884 113 23 unearthing
2568 886 47 16 reefs
2624 891 44 11 over
2677 891 21 11 or
2707 885 60 17 under

2331 907 33 17 the
2373 906 110 21 Kaingaroa
2491 907 63 17 Plains
2563 914 20 10 or
2592 914 45 11 even
2646 908 33 18 the
2693 909 73 21 pumice

2331 929 66 18 downs
2407 929 19 17 of
2435 929 71 18 Paeroa
2513 931 37 16 and
2559 931 106 17 Horohoro.
2692 931 24 17 So
2729 937 38 16 you

2331 959 45 15 may
2385 953 68 21 expect,
2461 959 11 9 n.
2480 952 52 23 large
2540 953 60 18 influx
2609 955 19 16 of
2642 960 35 12 our
2693 955 63 22 profes-

2332 976 41 17 sion
2381 976 20 16 in
2408 976 32 16 the
2449 978 55 15 CTent
2510 976 20 17 of
2536 978 85 22 pegging
2628 980 33 15 out
2667 977 101 23 becoming

2332 1004 25 12 an
2365 999 61 17 active
2435 999 108 18 institution
2552 1000 18 17 in
2580 1000 31 18 the
2620 1000 88 18 Thermal
2723 1000 33 18 Dis-

2356 1046 39 17 The
2416 1050 50 12 same
2484 1047 143 21 correspondent,
2644 1047 87 23 alluding
2747 1048 20 16 to

2332 1069 72 17 Paeroa
2414 1074 52 16 says:
2513 1068 59 19 There
2580 1070 15 17 is
2602 1070 39 17 still
2653 1071 56 16 much
2726 1077 41 10 new

2332 1091 75 23 ground
2414 1091 58 23 being
2481 1092 55 17 taken
2546 1098 25 17 up
2584 1094 25 16 all
2626 1094 74 17 around
2716 1094 50 20 here,

2332 1115 37 17 and
2378 1115 33 17 the
2419 1115 56 17 boom
2485 1115 59 17 shows
2553 1122 24 11 no
2586 1117 108 17 abatement
2700 1117 19 17 in
2725 1117 43 17 that

2331 1140 78 21 respect,
2424 1138 93 21 although
2536 1139 16 16 it
2573 1141 67 16 cannot
2656 1141 38 16 last
2711 1140 56 17 much

2331 1162 67 22 longer
2399 1161 111 22 jumping
2517 1162 114 23 unoccupied
2638 1169 22 12 or
2665 1164 102 17 unworked

2333 1185 66 17 claims
2407 1185 45 19 will,
2462 1185 15 16 it
2486 1185 15 16 is
2510 1185 45 20 said,
2565 1186 23 17 be
2598 1187 32 16 the
2646 1188 48 16 next
2710 1187 58 22 phase

2333 1209 20 16 of
2361 1208 79 21 activity
2449 1207 99 23 following
2556 1209 31 17 the
2596 1210 86 22 pegging
2688 1212 34 15 out
2729 1210 39 17 and

2333 1232 102 21 surveying
2445 1230 129 19 namedand
2587 1233 32 16 the
2632 1233 80 23 lawyers
2728 1233 40 17 will

2332 1255 46 17 then
2391 1254 93 23 probably
2501 1254 47 18 have
2565 1255 49 18 their
2629 1256 34 23 big
2683 1256 83 22 innings.

2331 1278 51 22 Very
2402 1278 37 16 few
2456 1278 20 16 of
2491 1277 33 17 the
2541 1284 40 11 new
2598 1280 107 21 companies
2717 1280 50 17 have

2331 1301 72 17 started
2413 1301 50 16 work
2473 1307 24 10 on
2507 1301 49 16 their
2572 1308 100 12 numerous
2688 1309 68 16 proper-

2332 1325 34 17 ties
2375 1324 25 17 all
2409 1329 45 12 over
2462 1324 87 17 Hauraki
2566 1326 36 21 yet.
2635 1327 40 16 The
2691 1328 76 20 present

2333 1348 74 17 terrible
2416 1348 49 16 state
2473 1348 20 16 of
2509 1347 31 17 the
2555 1348 53 18 roads
2623 1349 15 17 is
2653 1350 76 22 enough
2748 1351 19 15 to

2331 1371 79 23 prevent
2419 1376 37 16 any
2465 1371 38 16 real
2512 1371 52 17 work
2573 1371 56 23 being
2640 1373 126 19 commenced,

2332 1394 37 17 and
2378 1394 62 17 unless
2449 1394 38 17 this
2503 1394 52 17 work-
2572 1394 15 17 is
2604 1396 89 17 attended
2710 1397 19 16 to
2747 1402 20 11 as

2332 1423 46 12 soon
2386 1423 20 11 as
2414 1417 33 17 the
2456 1417 67 17 winter
2535 1417 16 17 is
2567 1424 44 11 over
2614 1419 100 17 disaster
2729 1418 38 18 and

2333 1441 160 22 disappointment
2503 1441 38 16 will
2550 1442 82 21 possibly
2640 1448 63 12 ensue.
2727 1442 40 18 The

2333 1464 132 20 Government,
2491 1463 92 21 however,
2606 1471 48 11 seem
2677 1465 90 23 partially

2333 1487 47 17 alive
2388 1489 20 15 to
2425 1487 32 17 the
2469 1486 88 22 position,
2573 1488 34 17 but
2624 1489 32 17 the
2674 1488 93 22 200,000

2333 1510 44 22 they
2386 1515 79 17 propose
2475 1511 19 16 to
2503 1510 74 17 borrow
2587 1512 29 16 for
2621 1512 37 17 this
2665 1518 82 16 purpose
2752 1512 15 17 is

2333 1534 67 21 totally
2404 1533 112 17 insufficient
2521 1533 186 22 forallthogoldfield
2712 1535 55 17 roads

2333 1557 85 22 required
2426 1557 20 16 in
2454 1557 47 17 both
2510 1555 80 20 Islands.
2616 1558 85 17 Hauraki
2711 1559 55 17 alone

2333 1580 37 17 and
2379 1580 54 17 down
2443 1582 19 15 to
2475 1580 32 16 the
2524 1580 53 17 Puke
2593 1582 55 16 could
2665 1582 102 22 profitably

2334 1603 67 17 absorb
2429 1603 53 17 twice
2511 1603 43 17 that
2580 1610 47 15 sum,
2653 1605 43 20 and,
2722 1611 33 16 pro-

2333 1625 53 24 perly
2395 1626 96 22 expended
2501 1627 64 17 would
2573 1627 73 23 largely
2663 1628 63 17 enrich
2734 1628 33 17 the

2334 1649 77 23 Colony.
2437 1649 57 18 Much
2503 1649 77 18 adverse
2589 1653 93 15 comment
2688 1651 15 17 is
2710 1651 57 22 being

2334 1672 98 23 expressed
2440 1673 25 22 by
2478 1673 62 17 Homo
2557 1674 91 17 investors
2665 1674 36 17 and
2715 1681 39 10 com-

2333 1696 64 21 panies
2406 1698 20 15 at
2434 1696 32 17 the
2475 1696 104 18 BoEH-like
2588 1697 82 17 attitude
2687 1698 20 17 of
2720 1698 47 17 New

2334 1719 82 17 Zealand
2436 1719 17 17 in
2475 1721 72 20 respect
2568 1721 19 16 to
2603 1721 32 17 the
2653 1721 77 17 absence
2747 1721 20 17 cf

2334 1742 60 20 roads,
2404 1744 106 20 tramways,
2521 1743 36 17 and
2567 1743 51 23 light
2624 1743 93 23 railways,
2727 1745 39 20 &c,

2334 1771 96 16 necessary
2439 1768 19 15 to
2476 1766 42 22 give
2535 1773 69 16 proper
2621 1773 62 11 access
2700 1769 19 16 to
2736 1768 31 16 the

2334 1789 77 17 mineral
2421 1791 91 15 treasures
2521 1790 20 17 of
2549 1790 93 17 Hauraki.
2658 1790 109 19 Ohinemuri

2334 1812 75 22 County
2419 1813 9 16 I
2437 1818 29 11 see
2475 1813 14 16 is
2498 1815 20 15 to
2527 1813 47 17 have
2583 1820 11 10 a
2604 1814 83 16 member
2696 1814 28 16 for
2742 1814 17 17 it-

2334 1836 35 16 self
2383 1836 37 16 this
2437 1837 45 16 next
2498 1836 122 18 Parliament.
2655 1837 31 17 Mr
2701 1837 66 17 Edwin

2334 1858 91 18 Edwards
2435 1859 14 17 is
2458 1859 55 21 likely
2523 1861 20 15 to
2552 1860 22 16 be
2583 1860 33 17 the
2626 1861 80 16 favorite
2719 1860 49 17 local

2334 1882 104 17 candidate.
2484 1882 39 17 Our
2541 1883 80 17 William
2656 1882 38 18 will
2711 1882 57 23 likely

2334 1911 25 16 go
2368 1905 18 17 in
2397 1906 29 17 for
2435 1905 29 17 his
2477 1905 31 18 old
2522 1906 73 17 district
2611 1912 43 11 now
2672 1907 42 17 that
2731 1907 38 17 this

2334 1928 93 23 populous
2436 1928 36 17 end
2480 1929 14 17 is
2504 1931 32 15 cut
2545 1929 29 17 off.
2601 1929 78 18 Colonel
2695 1931 73 16 Burton

2334 1952 15 16 is
2358 1958 11 10 a
2377 1952 34 22 big
2420 1952 71 23 mining
2500 1958 43 11 man
2552 1952 43 19 and,
2605 1953 16 17 it
2634 1953 15 17 is
2666 1953 46 20 said,
2730 1954 39 16 will

2334 1981 69 16 oppose
2420 1975 95 17 Edwards.
2547 1976 58 17 These
2618 1982 31 12 are
2667 1976 59 18 about
2743 1976 25 18 all

2334 1998 32 17 the
2388 1999 142 23 electioneering
2550 2001 54 15 items
2631 2000 9 16 I
2665 2000 57 16 know
2749 2000 20 17 of

2401 2082 69 17 SOME
2482 2081 217 20 REMINISCENCES.

2394 2143 15 17 A
2420 2143 56 17 Chat
2484 2147 54 13 with
2549 2142 58 19 Capt.
2616 2143 92 18 Tuhner.

2359 2180 54 22 Capt.
2422 2180 21 17 A.
2450 2180 22 17 B.
2489 2180 77 21 Turner,
2582 2179 45 19 road
2642 2181 90 22 engineer
2740 2182 30 16 for

2335 2203 32 17 the
2375 2203 117 23 Wellington
2509 2203 77 21 district,
2604 2204 33 16 hits
2653 2204 66 18 within
2737 2205 32 17 the

2334 2228 42 21 past
2386 2227 36 17 few
2430 2227 46 21 days
2486 2227 45 17 heen
2540 2233 23 11 on
2572 2234 11 10 a
2591 2227 43 17 visit
2649 2228 20 16 to
2677 2227 90 21 Rotorua,

2335 2250 49 17 after
2392 2256 23 11 an
2430 2249 78 19 absence
2523 2250 20 17 of
2554 2257 55 16 many
2618 2256 60 17 years.
2704 2251 65 17 Under

2335 2273 54 22 Capt.
2399 2274 87 16 Turner's
2502 2274 83 21 auspices
2600 2275 49 15 most
2658 2274 19 16 of
2686 2274 31 17 the
2727 2280 31 11 sur-

2334 2297 70 22 veying
2413 2297 37 16 and
2459 2296 134 23 road-making
2602 2297 17 16 in
2638 2297 38 17 this
2692 2299 77 20 quarter

2335 2325 37 12 was
2382 2319 69 18 carried
2462 2321 38 17 out,
2519 2319 77 23 notably
2606 2320 32 17 the
2655 2322 63 15 routes
2735 2320 22 17 be-

2335 2344 59 16 tween
2409 2343 42 17 here
2461 2342 35 19 and
2506 2342 105 23 Tauranga,
2622 2343 36 17 and
2667 2343 19 17 in
2697 2344 32 16 the
2739 2344 20 17 di-

2334 2366 70 17 rection
2415 2366 20 17 of
2443 2366 64 23 Taupo
2517 2373 19 11 as
2553 2367 29 16 far
2596 2373 19 10 as
2632 2366 32 18 the
2681 2366 88 19 Wuikato

2334 2389 49 17 river
2396 2391 20 15 at
2431 2389 98 17 Atiamuri.
2561 2390 30 16 He
2608 2389 37 17 had
2654 2389 113 23 previously,

2334 2412 19 17 in
2365 2413 50 18 IKG7,
2425 2413 54 16 made
2488 2413 32 17 the
2534 2413 38 22 trig
2587 2419 66 15 survey
2667 2413 48 18 from
2724 2413 30 17 Ma-

2334 2436 45 16 ketu
2388 2436 38 16 and
2452 2436 117 17 Whakatanc
2585 2438 21 15 to
2622 2435 90 18 Rotorua.
2738 2436 31 17 He

2335 2459 72 17 erected
2416 2459 39 21 trig
2472 2460 79 17 stations
2568 2466 24 10 on
2609 2458 103 18 Ruawahia
2729 2460 38 16 and

2334 2482 40 17 also
2391 2488 25 11 on
2436 2479 154 21 Tarawerathe
2609 2483 57 17 latter
2682 2488 44 14 was,
2749 2483 20 17 of

2334 2511 70 14 course,
2427 2506 134 22 subsequently
2585 2506 97 21 destroyed
2700 2507 19 16 at
2736 2506 32 17 the

2334 2529 46 17 time
2399 2529 20 17 of
2437 2529 33 17 the
2491 2530 92 21 eruption.
2639 2530 22 16 In
2671 2529 68 22 regard
2748 2530 20 16 to

2465 2552 40 17 said
2512 2553 54 22 Capt.
2576 2552 75 18 Turner,
2720 2553 38 16 inci-

2333 2575 46 17 dent
2386 2574 88 19 occurred
2482 2575 61 18 which
2551 2575 100 18 confirmed
2657 2575 32 17 the
2696 2575 72 18 natives

2327 2598 1 22 i
2333 2598 19 17 in
2362 2598 49 17 their
2420 2599 130 21 superstitious
2568 2599 50 16 ideas
2635 2599 19 16 in
2672 2599 66 20 regard
2748 2600 20 15 to

2334 2622 32 16 the
2375 2622 65 16 deities
2449 2622 42 17 who
2500 2628 31 11 are
2538 2622 92 22 supposed
2637 2624 20 14 to
2666 2622 46 16 have
2719 2622 49 16 their

2334 2645 79 21 abiding
2421 2645 61 21 places
2491 2652 24 10 on
2525 2645 32 17 the
2565 2645 156 22 mountain-tops.
2738 2645 30 17 On

2333 2668 103 21 ascending
2444 2670 20 15 to
2473 2669 43 16 take
2526 2667 132 20 observations,
2670 2668 36 17 and
2713 2668 53 17 when

2333 2697 45 11 near
2387 2692 32 16 the
2428 2691 83 21 summit,
2521 2692 33 16 the
2566 2692 71 17 natives
2653 2690 85 24 objected
2748 2693 19 15 to

2333 2720 26 17 go
2368 2720 36 17 any
2414 2714 74 18 further
2498 2716 72 21 stating
2587 2715 42 17 that
2644 2715 33 17 the
2693 2714 75 23 ground

2334 2744 37 10 was
2380 2739 53 21 tapu.
2462 2738 66 22 Urged
2545 2740 19 15 to
2580 2737 78 24 proceed
2676 2738 39 22 the}
2716 2737 3 24 -
2734 2737 22 17 de-

2327 2761 1 23 ,
2333 2761 73 21 posited
2415 2761 50 17 their
2472 2761 30 17 kai
2512 2767 24 11 on
2545 2761 31 17 the
2586 2761 73 23 ground
2672 2761 36 16 and
2722 2767 33 11 con-

2333 2784 55 23 jured
2397 2790 22 11 us
2428 2785 19 16 to
2456 2783 24 18 do
2489 2784 81 17 likewise
2580 2786 28 15 for
2617 2785 42 16 that
2670 2784 98 17 otherwise

2333 2807 32 17 the
2374 2808 45 16 atua
2435 2807 62 18 would
2512 2808 24 16 be
2554 2814 59 15 angry
2630 2807 37 17 and
2682 2807 44 17 hide
2735 2807 32 17 the

2333 2829 97 18 mountain
2439 2831 20 16 in
2468 2836 11 11 a
2493 2831 61 17 cloud.
2586 2831 95 21 Knowing
2698 2831 42 16 that
2756 2836 11 11 a

2333 2854 95 21 naturally
2434 2854 77 22 healthy
2515 2854 82 22 appetite
2604 2854 61 17 would
2672 2854 23 16 be
2700 2854 55 16 stimu-

2333 2876 50 18 lated
2392 2876 26 23 by
2427 2877 33 17 the
2468 2878 98 16 mountain
2575 2878 27 16 air
2611 2878 10 16 I
2630 2876 99 23 disobeyed
2735 2877 32 17 the

2333 2899 106 22 injunction
2448 2900 38 17 and
2495 2901 71 16 carried
2575 2900 38 18 and
2629 2906 32 16 my
2674 2900 92 17 luncheon

2333 2923 45 17 with
2393 2929 34 11 me.
2462 2923 81 23 Strange
2559 2925 20 16 to
2600 2929 33 17 say
2658 2923 63 18 befoie
2739 2928 27 11 we

2333 2946 78 17 reached
2420 2946 33 17 the
2462 2948 33 20 top
2510 2953 28 10 we
2547 2953 48 11 were
2603 2946 102 22 enveloped
2720 2946 20 17 in
2756 2952 11 11 a

2333 2969 55 17 cloud
2397 2970 21 16 of
2426 2970 43 16 mist
2479 2970 61 17 which
2557 2970 52 22 hung
2623 2970 59 17 about
2698 2970 31 16 for
2743 2975 23 11 an

2333 2993 48 17 hour
2394 2999 21 11 or
2429 2993 43 17 two.
2506 2993 39 17 The
2561 2994 72 16 natives
2649 2991 68 19 looked
2733 2992 22 17 de-

2333 3015 75 23 risively
2417 3017 20 16 at
2445 3015 32 18 the
2487 3016 82 22 pnkehas
2584 3016 43 17 who
2636 3015 36 18 had
2681 3015 57 18 dared
2747 3017 19 15 to

2333 3039 60 17 doubt
2413 3039 32 16 the
2466 3040 130 21 omnipotence
2613 3040 20 16 of
2647 3039 49 17 their
2714 3041 51 14 atua.

2334 3062 54 17 After
2397 3068 11 11 a
2416 3062 51 21 time,
2481 3062 93 20 however,
2588 3068 28 11 wo
2630 3061 101 18 succeeded
2747 3062 19 16 in

2333 3085 77 23 getting
2418 3085 32 17 the
2459 3085 60 23 sights

2377 3109 49 16 That
2535 3108 99 18 continued
2648 3108 54 22 Capt.
2719 3107 36 18 Tur-

2333 3138 41 15 ner,
2403 3132 15 16 it
2427 3137 38 12 was
2473 3132 61 17 cither
2542 3132 27 17 'CT
2581 3138 21 11 or
2611 3132 33 21 '6B,
2655 3137 37 11 was
2699 3137 24 11 an
2733 3136 22 12 ex-

2334 3155 114 22 ceptionally
2458 3155 46 17 mild
2514 3161 35 11 one
2556 3154 3 23 ;
2574 3155 52 17 there
2634 3160 38 11 was
2686 3160 25 11 no
2726 3154 41 17 rain

2334 3179 20 16 to
2375 3177 56 23 speak
2452 3178 20 17 of
2489 3177 38 18 and
2544 3179 32 16 the
2592 3179 56 16 frosts
2669 3182 47 12 were
2733 3179 35 15 not

2334 3207 68 11 severe.
2428 3202 33 16 Wo
2470 3200 32 18 did
2510 3203 35 15 not
2554 3202 37 16 lose
2600 3206 50 11 more
2665 3200 45 17 than
2724 3200 44 17 four

2333 3224 47 22 days
2392 3224 20 17 in
2427 3224 33 17 the
2472 3224 66 17 month
2554 3224 35 17 and
2607 3223 70 18 carried
2694 3229 23 11 on
2735 3224 32 16 the

2333 3246 52 18 work
2394 3247 52 22 right
2455 3247 89 23 through.
2569 3247 20 17 It
2597 3253 38 11 was
2644 3252 23 12 on
2682 3245 38 18 this
2735 3252 21 11 oc-

2333 3270 62 17 casion
2416 3270 43 17 that
2475 3271 10 16 I
2500 3271 55 17 made
2571 3270 68 22 myself
2655 3269 112 22 acquainted

2327 3292 1 23 ,
2333 3293 47 17 with
2388 3293 51 17 Lake
2448 3294 131 17 Rotomahana
2588 3293 37 17 and
2637 3293 32 16 the
2684 3292 83 22 glorious

2333 3315 49 18 Pink
2397 3316 38 17 and
2451 3316 64 18 White
2530 3316 86 18 Terraces
2632 3316 30 17 for
2677 3315 32 17 the
2726 3315 42 17 first

2333 3339 52 17 time.
2409 3338 39 18 The
2462 3340 87 17 Terraces
2564 3346 48 10 were
2629 3338 137 22 indescribably

2332 3362 150 18 beautifulthe
2499 3363 62 17 AVhite
2578 3361 98 23 especially
2685 3367 26 12 so.
2737 3361 30 18 On

2333 3386 14 16 it
2356 3391 48 11 were
2413 3386 33 17 the
2455 3386 79 17 favorite
2551 3386 60 17 baths,
2628 3391 20 11 as
2665 3384 52 18 there
2734 3384 33 18 the

2333 3408 52 18 silica
2394 3415 36 11 was
2440 3409 95 17 smoother
2549 3409 45 17 than
2602 3409 18 15 in
2636 3408 33 16 the
2684 3407 54 22 pools
2747 3409 20 15 of

2333 3431 32 18 the
2374 3431 49 18 Pink
2431 3433 84 16 Terrace.
2540 3432 83 17 Pictures
2632 3430 61 17 which
2703 3431 10 16 I
2719 3431 48 17 have

2332 3461 43 10 seen
2384 3455 43 22 give
2435 3456 35 16 but
2479 3462 10 10 a
2507 3456 47 16 faint
2572 3455 41 16 idea
2623 3454 19 17 of
2651 3454 31 16 the
2691 3454 63 22 magni-

2333 3478 45 16 tude
2387 3478 20 17 of
2412 3478 32 17 the
2450 3477 85 19 Terraces
2542 3483 5 14 :
2560 3483 49 12 some
2619 3478 20 16 of
2645 3477 32 17 the
2684 3476 83 18 buttress

2333 3501 70 22 shaped
2412 3501 63 21 ledges
2481 3501 81 17 towered
2569 3507 26 15 up
2602 3503 19 14 to
2629 3500 53 16 twice
2689 3506 12 10 a
2706 3499 60 17 man's

2332 3524 73 21 height.
2431 3522 38 19 The
2479 3527 57 14 water
2545 3525 18 16 in
2575 3524 32 17 the
2623 3522 53 23 pools
2693 3529 24 10 on
2733 3523 33 16 the

2332 3548 75 15 various
2415 3547 64 23 ledges
2488 3553 39 11 was
2535 3553 12 12 a
2554 3546 91 19 beautiful
2661 3544 49 21 blue,
2721 3545 44 18 such

2332 3576 20 11 as
2361 3570 15 17 is
2394 3570 65 18 shown
2475 3570 20 17 in
2510 3571 32 17 Mr
2550 3569 115 19 Blomfield's
2682 3569 82 21 pictures

2332 3593 62 17 which
2402 3593 94 23 approach
2505 3594 32 16 the
2547 3592 64 23 reality
2629 3597 43 17 very
2690 3591 75 23 closely.

2333 3617 26 16 At
2367 3616 32 18 the
2406 3617 34 21 top
2456 3617 19 16 of
2491 3617 33 16 the
2541 3615 61 18 White
2619 3616 78 16 Terrace
2714 3615 52 18 there

2333 3645 37 11 was
2380 3645 10 11 a
2399 3638 52 24 large
2459 3638 53 18 basin
2521 3639 35 17 full
2565 3639 20 17 of
2592 3638 59 18 water
2665 3638 21 16 of
2699 3643 11 11 a
2719 3638 47 22 deep

2331 3668 56 11 azure
2405 3662 55 18 color.
2497 3663 43 16 This
2556 3661 60 17 boiled
2632 3667 26 16 up
2674 3661 92 22 violently

2333 3685 59 17 under
2400 3686 70 17 certain
2479 3685 110 19 conditions,
2603 3683 38 18 and
2658 3684 108 22 frequently

2331 3708 61 17 threw
2399 3715 26 15 np
2434 3709 83 17 columns
2526 3708 20 17 of
2554 3710 58 14 water
2620 3709 20 15 to
2649 3713 11 10 a
2669 3707 67 22 height
2746 3708 20 16 of

2332 3731 46 18 60ft.
2403 3732 31 16 Mr
2444 3732 80 21 Spencer
2540 3730 36 18 and
2595 3730 28 17 his
2642 3730 66 22 family
2717 3736 49 12 were

2332 3754 46 17 then
2394 3755 61 21 living
2470 3755 20 16 at
2506 3754 80 16 Wairoa.
2617 3753 10 17 I
2642 3753 39 17 also
2697 3753 69 17 visited

2331 3777 172 18 Whakarcwarewa
2512 3779 21 15 at
2541 3777 37 16 this
2594 3776 51 17 time.
2670 3775 39 18 The
2718 3782 35 16 gey-

2331 3806 38 11 sers
2378 3801 53 16 there
2437 3806 47 11 were
2489 3800 46 17 then
2542 3805 43 17 very
2594 3800 66 17 active.
2686 3799 23 17 In
2719 3800 45 18 fact,

2331 3824 77 22 coming
2423 3823 49 17 from
2488 3824 106 21 Tauranga,
2620 3823 31 16 the
2669 3823 59 15 steam
2745 3823 20 16 of

2331 3847 52 16 these
2392 3852 74 17 geysers
2475 3846 55 17 could
2538 3845 23 18 be
2573 3851 43 12 seen
2625 3851 19 11 as
2654 3850 45 12 soon
2708 3851 20 10 as
2736 3851 29 11 wo

2331 3870 88 22 emerged
2439 3870 48 16 from
2510 3869 33 17 the
2562 3870 123 20 Mangorewa
2704 3868 59 17 Bush.

2331 3892 84 18 Rotorua
2424 3898 20 12 as
2457 3899 11 10 a
2484 3893 51 17 town
2551 3892 38 17 had
2606 3892 51 19 then,
2665 3891 21 17 of
2693 3897 70 14 course,

2330 3921 25 12 no
2364 3916 99 16 existence.
2493 3916 25 16 At
2536 3915 115 17 Ohinemutu
2667 3914 97 18 travellers

2331 3939 55 17 could
2395 3940 33 20 get
2436 3944 12 11 a
2456 3938 62 18 whare
2527 3939 20 16 to
2564 3938 50 21 sleep
2632 3937 25 20 in,
2668 3937 37 17 and
2721 3937 43 18 that

2330 3967 39 11 was
2377 3962 32 17 all.
2434 3962 17 16 A
2458 3967 45 16 year
2512 3967 21 11 or
2539 3962 37 16 two
2583 3960 115 21 alterwards,
2706 3960 60 17 about

2332 3985 50 20 IS7O,
2388 3984 65 22 Harry
2459 3984 70 17 Katera
2536 3983 71 24 opened
2615 3990 10 10 a
2631 3983 120 17 wharemanu-

2329 4007 37 17 hiri
2383 4007 139 23 (guest-house)
2540 4013 22 11 on
2579 4007 32 17 the
2628 4007 60 16 banks
2704 4007 20 16 of
2733 4007 32 17 the

2330 4030 86 17 Utulnna
2424 4031 75 16 stream.
2525 4030 19 17 It
2552 4035 38 11 was
2598 4030 19 16 in
2627 4030 42 16 that
2682 4035 46 16 year
2737 4035 28 12 wo

2330 4053 71 17 started
2409 4055 20 15 to
2438 4052 32 22 lay
2478 4053 27 17 off
2520 4053 32 17 the
2568 4053 197 22 Tauranga-Rotorua

2329 4075 53 17 road.
2407 4076 10 16 I
2425 4081 38 11 was
2472 4075 46 17 then
2526 4076 19 17 in
2555 4075 68 23 charge
2633 4076 20 16 of
2669 4075 32 17 the
2717 4076 49 18 East

2330 4099 57 17 Coast
2395 4098 68 17 Native
2472 4098 122 23 Contingent.
2625 4099 25 16 Te
2659 4098 58 18 Kooti
2726 4099 38 18 had

2329 4121 107 22 previously
2453 4121 47 17 been
2517 4127 24 12 on
2556 4122 33 16 the
2605 4123 104 20 war-path,
2727 4123 38 17 and

2786 98 39 18 Col.
2835 98 68 19 Fraser
2915 99 38 18 had
2969 101 84 17 received
3067 101 118 21 instructions
3192 107 18 17 to

2786 127 25 16 go
2818 123 21 15 to
2847 122 84 17 Eotorua
2940 124 30 16 for
2978 124 33 17 the-
3027 129 80 17 purpose
3124 125 18 18 of
3158 127 42 19 inter-

2785 144 78 23 cepting
2879 145 44 17 liiru.
2950 146 9 17 I
2976 146 64 22 joined
3059 148 39 17 Col.
3116 148 63 19 Fraser
3193 154 16 17 at

2785 167 84 18 Eotorua
2878 168 37 17 and
2926 174 38 12 was
2981 169 78 19 ordered
3075 172 20 16 to
3111 174 73 19 proceed
3193 176 15 17 in

2786 191 31 16 the
2824 191 90 17 direction
2922 191 21 18 of
2955 192 101 24 Tauranga
3065 194 44 18 with
3127 195 30 18 the
3166 197 28 17 Coi
3202 209 7 3 -

2785 214 35 16 stal
2823 214 58 22 ralary
2898 215 36 16 and
2952 216 69 17 Native
3042 216 119 24 Contingent.
3184 221 12 17 G
3199 228 10 11 n

2785 237 32 17 the
2826 237 54 17 other
2888 238 39 16 side
2944 238 20 17 of
2980 238 33 18 the
3029 239 119 24 Maugorewa
3165 242 44 21 Bush

2785 260 26 17 Te
2827 260 57 17 Koeti
2902 261 37 17 had
2956 261 39 18 laid
3011 268 24 12 an
3052 263 110 19 ambuscade
3178 268 31 17 aud

2785 283 45 17 fired
2838 289 50 16 upon
2898 290 50 16 upon
2957 285 38 16 and
3012 285 57 18 killed
3088 287 51 18 three
3147 288 19 17 of
3181 295 28 12 our

2785 312 49 11 men.
2859 306 51 23 They
2919 308 45 16 then
2981 309 93 18 retreated
3091 310 36 17 and
3143 313 50 20 gettii
3201 319 10 17 g

2785 334 24 12 on
2818 334 35 13 our
2861 330 86 18 outward
2955 331 54 17 track
3020 334 49 16 went
3087 332 45 19 back
3148 340 18 12 in
3182 338 26 17 the

2785 352 90 17 direction
2894 353 20 18 of
2930 354 86 17 Eotorua
3031 355 61 17 where
3108 356 44 23 they
3168 364 41 14 were

2785 377 39 15 met
2832 376 25 21 by
2872 375 54 24 Capt,
2945 378 50 15 Mair
3012 378 41 17 who
3070 379 54 17 made
3140 386 10 11 a
3167 383 41 17 good

2785 399 80 17 account
2873 399 20 17 of
2901 400 57 17 them.
2984 401 25 17 Te
3018 401 73 18 Kooti's
3100 402 57 19 whole
3168 404 28 18 fort
3203 412 7 12 a

2786 422 44 17 then
2840 422 30 17 fell
2881 423 47 16 back
2936 423 41 18 into
2987 424 32 16 the
3028 424 87 18 Urewera
3131 429 72 17 country

2785 445 36 16 and
2832 451 30 16 my
2871 447 56 21 party
2937 448 49 15 went
2997 447 55 17 down
3070 449 19 16 to
3106 448 64 19 Ohiwa
3185 451 24 19 for

2785 468 32 16 the
2825 474 81 16 purpose
2915 470 19 15 of
2943 470 87 22 entering
3044 471 49 17 from
3108 472 40 17 that
3156 475 53 20 point.

2786 491 32 17 We
2827 497 54 13 were,
2897 492 93 21 however,
3008 494 78 17 recalled
3103 495 59 18 which
3178 503 32 13 was

2785 515 80 21 perhaps
2875 521 19 10 as
2904 515 47 19 well,
2962 516 30 16 for
3006 522 28 11 we
3051 518 61 16 would
3129 519 45 17 have
3182 523 28 19 got

2785 543 12 11 a
2811 538 62 22 rough
2890 538 93 23 handling
2999 540 19 17 in
3035 539 43 19 that
3094 541 115 23 inhospitable

2786 563 85 20 country.

2889 585 103 17 concluded
3001 592 33 16 my
3046 586 83 23 military

2786 607 101 17 continued
2903 608 54 22 Capt.
2976 609 77 18 Turner,
3147 611 9 17 I
3172 612 39 20 then

2786 633 51 14 went
2845 637 23 10 on
2879 631 45 16 with
2933 632 33 16 the
2974 638 68 16 survey
3051 633 21 17 of
3080 633 32 18 the
3126 633 84 21 Rotorua-

2786 653 100 24 Tauranga
2903 654 51 18 road.
2993 656 44 16 This
3054 662 37 11 was
3108 658 68 17 carried
3192 665 9 12 0
3201 666 10 12 n

2786 677 60 17 under
2862 677 89 22 covering
2973 679 70 22 parties
3067 679 36 17 and
3123 681 89 20 stockades

2787 705 47 12 were
2843 700 72 17 erected
2933 702 20 16 at
2968 702 74 17 Various
3058 703 69 22 points.
3159 704 52 19 AVhon

2787 722 31 18 the
2827 729 67 16 survey
2904 729 37 12 was
2955 724 106 23 completed
3077 731 32 17 my
3124 725 30 18 old
3170 727 17 18 C<
3194 734 10 12 n-

2787 746 75 22 tingent
2872 752 37 11 was
2917 749 42 15 sent
2968 753 26 17 up
3002 751 20 14 to
3039 750 48 16 start
3102 748 33 19 the
3150 750 53 19 forma-

2787 769 40 17 tion
2836 771 20 15 at
2865 769 36 17 this
2910 770 42 17 end.
2979 772 26 16 At.
3016 771 40 17 first
3065 772 52 17 these
3133 779 45 11 were
3185 775 28 18 the

2787 792 45 22 only
2841 793 72 17 natives
2934 793 98 24 employed
3042 792 4 28 ;
3068 795 46 23 they
3129 795 84 25 belonged

2787 816 20 16 to
2816 816 33 16 the
2857 815 136 24 Ngatipukeko
3010 818 37 17 and
3064 818 105 24 Ngatiawa.
3192 823 21 17 At

2788 839 91 21 Awahou,
2889 840 62 16 where
2968 846 27 12 we
3013 847 48 11 were
3077 844 19 14 at
3114 842 55 21 work,
3186 844 27 19 the

2788 862 72 17 natives
2868 868 48 12 were
2925 863 25 17 all
2959 863 93 18 Hauhaus
3061 865 37 17 and
3111 865 44 22 kept
3164 866 49 20 aloof.

2788 886 11 16 I
2807 886 37 16 had
2853 886 46 17 been
2908 887 105 17 instructed
3021 890 20 15 to
3050 888 43 22 give
3110 889 50 18 them
3169 892 44 18 work

2789 908 16 18 if
2813 909 45 22 they
2867 910 74 17 wanted
2950 910 21 18 it,
2981 910 35 18 but
3025 911 45 22 they
3079 912 54 17 made
3141 918 23 12 no
3178 914 35 21 sign

2788 932 49 17 until
2846 932 50 17 their
2903 931 85 25 cupidity
2997 940 38 10 was
3051 935 80 17 aroused
3148 935 25 24 by
3180 943 26 12 see-

2789 955 34 22 ing
2832 955 48 17 their
2889 958 124 20 countrymen
3021 958 20 16 in
3058 958 32 17 the
3107 958 106 23 Contingent

2790 978 85 23 drawing
2892 980 48 16 their
2957 980 87 22 monthly
3067 987 36 16 pay
3121 983 92 20 regularly.

2789 1002 44 16 This
2842 1002 84 22 tempted
2943 1003 51 17 them
3009 1004 37 16 and
3063 1004 45 23 they
3123 1005 54 18 asked
3191 1007 24 19 for

2790 1025 52 17 work
2858 1025 68 21 which,
2945 1027 49 16 after
3011 1033 10 10 a
3038 1027 49 17 little
3107 1027 59 23 delay,
3182 1035 33 14 was

2790 1047 56 23 given
2867 1048 57 18 them.
2961 1048 57 19 Their
3039 1051 116 17 Hauhauism
3175 1053 39 19 then

2790 1072 70 16 ceased.
2894 1072 9 17 I
2921 1072 101 18 continued
3039 1075 19 16 to
3081 1075 92 21 supervise
3188 1077 26 17 the

2790 1094 60 18 whole
2858 1095 50 17 work
2917 1095 49 18 from
2983 1096 101 24 Tauranga
3092 1101 20 13 to
3123 1097 91 21 Atiamuri.

2790 1118 38 16 The
2842 1124 98 16 surveyors
2961 1119 60 17 under
3041 1126 29 11 mo
3091 1126 47 12 were
3154 1121 61 20 Messrs

2790 1141 52 22 Haig
2851 1141 37 17 aud
2896 1141 93 19 Mitchell.
3023 1143 10 17 I
3049 1142 54 19 think
3121 1144 14 17 it
3150 1150 35 12 was
3199 1147 16 17 in

2792 1164 43 17 187-i
2845 1164 42 17 that
2900 1165 9 16 I
2926 1166 55 16 made
2998 1166 32 17 the
3046 1166 42 17 first
3103 1167 65 23 buggy
3183 1171 32 20 trip

2790 1187 83 22 through
2883 1188 48 17 from
2940 1189 106 23 Tauranga.
3081 1190 68 17 Messrs
3163 1192 52 18 Quick

2790 1211 37 16 and
2836 1211 20 17 C.
2867 1211 21 17 O.
2899 1211 58 17 Davis
2966 1218 48 11 were
3027 1213 45 17 with
3089 1220 35 14 me,
3142 1215 35 17 and
3193 1221 22 11 we

2791 1236 49 15 went
2849 1234 51 22 right
2908 1235 85 21 through
3002 1237 20 16 to
3036 1235 70 23 Taupo.
3131 1237 38 17 The
3177 1239 38 23 only

2790 1257 92 22 difficulty
2891 1258 123 22 experienced
3022 1265 38 12 was
3067 1260 20 17 in
3101 1261 82 21 crossing
3189 1262 26 18 the

2790 1281 78 20 Waititi,
2878 1281 62 18 where
2948 1282 33 17 the
2989 1282 67 23 bridge
3069 1289 38 11 was
3122 1285 34 16 not
3171 1290 33 13 com-

2790 1303 68 23 pleted.
2884 1305 33 16 We
2926 1304 38 18 laid
2981 1311 51 11 some
3048 1306 68 22 planks
3133 1313 42 11 over
3189 1309 26 17 the

2790 1327 54 22 joists
2853 1328 38 16 and
2907 1328 75 17 crossed
2999 1328 66 24 safely.
3089 1329 59 18 There
3166 1336 34 13 was
3207 1339 9 11 a

2790 1350 80 17 redoubt
2884 1357 45 11 near
2950 1350 99 22 Atiamuri,
3067 1352 59 18 called
3142 1351 64 22 Niho-o-

2790 1375 18 15 te
2817 1374 57 16 Kiore
2884 1373 60 24 (Rat's
2953 1374 69 23 Tooth)
3032 1375 57 19 about
3094 1381 12 13 a
3112 1376 43 18 mile
3160 1383 25 17 up
3189 1378 26 19 the

2790 1395 85 19 Waikato
2893 1397 54 21 river,
2965 1398 39 17 and
3023 1398 79 18 another
3117 1401 19 15 at
3152 1401 63 22 Taupo.

2790 1420 58 17 There
2857 1426 37 11 was
2903 1427 11 10 a
2923 1423 50 15 store
2980 1423 20 15 at
3009 1422 64 22 Taupo
3082 1423 44 21 kept
3135 1423 25 22 by
3168 1424 39 18 Cart-

2790 1444 66 21 wright
2870 1444 74 17 Brown.
2979 1444 75 24 During
3070 1446 33 17 the
3115 1446 44 17 time
3168 1447 8 16 I
3185 1448 30 17 had

2790 1467 68 22 charge
2865 1467 21 17 of
2893 1468 32 16 the
2942 1467 56 18 roads
3014 1468 18 17 in
3050 1468 38 18 this
3104 1469 71 18 district
3190 1472 27 17 the

2790 1490 75 17 Wairoa
2872 1490 46 17 road
2929 1496 39 12 was
2985 1491 53 17 made
3055 1492 37 18 and
3109 1493 10 17 I
3135 1499 30 11 am
3181 1500 26 12 sur-

2789 1513 62 22 prised
2860 1514 41 17 that
2910 1519 25 12 no
2945 1515 50 21 steps
3012 1515 48 17 have
3075 1514 47 19 been
3139 1516 53 18 taken
3200 1521 16 14 to

2790 1538 69 16 restore
2867 1536 14 18 it
2891 1537 49 17 since
2950 1538 33 16 the
2993 1539 93 21 eruption.
3112 1540 9 16 I
3135 1539 37 18 also
3181 1547 27 11 sur-

2790 1559 58 23 veyed
2858 1566 10 10 a
2878 1560 46 17 road
2934 1561 48 17 from
2992 1561 77 17 Galatea
3079 1564 19 15 to
3114 1561 101 24 Ahikcroru,

2790 1582 33 24 (To
2830 1582 80 25 Whaiti)
2919 1583 38 18 and
2974 1590 51 11 some
3042 1585 20 17 of
3078 1586 32 16 the
3127 1590 89 19 surveyors

2790 1606 42 18 who
2837 1606 49 18 have
2893 1606 48 19 been
2948 1607 56 18 there
3014 1607 58 23 lately
3089 1609 32 17 tell
3136 1615 28 11 me
3181 1611 35 17 that

2790 1629 45 22 they
2844 1635 51 11 came
2903 1636 25 11 on
2937 1637 32 15 my
2978 1631 30 17 old
3018 1637 52 17 pegs.

2899 1653 19 17 in
2935 1654 33 16 the
2985 1654 46 22 days
3048 1655 63 17 before
3128 1656 31 16 the
3173 1657 33 17 Tau-

2790 1682 59 16 ranga
2858 1676 45 17 road
2914 1682 38 12 was
3060 1679 99 17 continued
3168 1679 48 23 Capt.

2790 1699 77 20 Turner,
2900 1700 68 22 people
2985 1701 42 17 who
3044 1702 55 17 could
3115 1708 77 16 manage
3201 1706 15 14 to

2790 1722 24 17 sit
2823 1728 23 11 on
2856 1729 11 10 a
2875 1722 55 18 horse
2945 1729 52 12 came
3012 1726 20 16 to
3049 1724 84 19 Eotorua
3149 1725 24 23 by
3182 1731 35 18 way

2790 1746 19 16 of
2818 1745 78 18 Maketu
2906 1747 30 16 for
2953 1747 32 17 the
3002 1747 61 19 baths,
3082 1749 53 17 there
3147 1749 54 23 being
3208 1756 8 11 a

2790 1768 36 17 fair
2835 1769 45 17 road
2886 1769 85 18 between
2986 1771 42 17 that
3042 1771 53 23 place
3109 1771 37 18 and
3153 1771 53 19 Taura-

2792 1798 43 15 nga.
2861 1791 59 18 When
2930 1794 32 16 the
2973 1794 76 17 coaches
3066 1794 61 22 began
3145 1797 18 16 to
3173 1801 45 12 conic

2790 1815 82 22 through
2882 1816 33 16 the
2922 1816 52 17 Bush
2983 1818 77 16 tourists
3075 1818 72 17 flocked
3152 1818 24 20 hj.,
3186 1820 31 17 and

2791 1839 8 16 I
2809 1845 29 10 am
2848 1839 41 17 told
2898 1839 42 17 that
2949 1840 53 17 these
3011 1846 48 12 were
3069 1839 4 26 '
3080 1841 75 24 roaring
3164 1841 42 24 days
3213 1839 3 26 '

2791 1862 29 16 for
2828 1861 90 18 Eotorua.
2944 1862 50 19 Now
3002 1863 42 18 that
3053 1864 48 17 lam
3116 1865 43 17 here
3168 1867 48 19 again

2791 1884 10 18 I
2809 1890 35 12 can
2853 1885 45 23 only
2906 1885 46 18 look
2955 1886 49 18 with
3011 1886 85 23 pleasure
3112 1889 21 16 at
3150 1888 56 18 theim-

2772 1910 1 23 i
2790 1910 118 19 provements
2925 1910 44 16 that
2984 1910 48 17 have
3048 1911 56 17 taken
3119 1911 52 22 place
3187 1912 30 17 and

2792 1931 47 23 hope
2848 1931 42 18 that
2899 1932 32 17 the
2941 1934 53 16 town
3003 1933 37 17 will
3059 1935 86 16 continue
3152 1936 19 16 to
3180 1941 28 16 pro-

2792 1960 50 16 gress
2860 1956 80 21 steadily
2956 1956 83 17 towards
3052 1957 24 17 its
3085 1957 82 22 destiny-
3174 1959 43 17 -that

2792 1978 19 16 of
2819 1978 58 23 being
2882 1978 32 18 the
2921 1979 71 17 Health
2999 1980 67 17 Resort
3072 1981 19 16 of
3096 1981 32 16 the
3136 1981 59 17 World

2814 2001 80 22 Captain
2903 2003 73 16 Turner
2989 2003 36 17 left
3041 2004 29 16 for
3085 2003 98 24 Tauranga
3199 2011 19 11 on

2791 2024 91 23 Monday,
2892 2025 37 18 and
2938 2026 50 17 after
2997 2033 11 10 a
3022 2027 53 17 short
3083 2029 41 20 stay
3135 2028 55 19 there,
3200 2029 18 16 he

2791 2050 74 15 returns
2872 2050 19 15 to
2908 2048 123 23 Wellington,
3041 2050 31 17 via
3081 2050 97 18 Auckland

2930 2109 151 24 MAMAKU

2828 2173 63 24 [IIIOM
2902 2180 40 12 OTJIt
2951 2180 47 13 OTVX
3006 2178 183 22 COUItESI'OXDEXT,]

2815 2206 16 17 A
2841 2206 78 17 football
2929 2207 63 17 match
3001 2207 84 18 between
3095 2208 79 19 Kusabs'
3182 2209 24 18 Ma-

2792 2229 57 17 maku
2858 2230 79 17 sawmill
2947 2230 105 23 employees
3061 2231 37 18 and
3107 2232 32 17 the
3148 2232 70 23 Ngatua

2791 2252 77 23 Tapapa
2884 2253 87 17 Football
2994 2254 57 17 Clubs
3067 2261 38 11 was
3125 2255 66 22 played
3203 2257 15 16 at

2791 2275 78 24 Ngatua
2880 2282 23 11 on
2913 2274 99 26 Thursday
3021 2275 37 20 last
3067 2277 37 17 and
3112 2279 79 17 resulted
3203 2279 14 17 in

2791 2305 10 10 a
2811 2299 37 17 win
2857 2300 28 16 for
2895 2300 32 16 the
2937 2300 88 17 Sawdust
3033 2301 49 22 Boys
3090 2301 26 23 by
3125 2307 34 12 one
3172 2303 46 21 point

2791 2322 48 17 after
2857 2329 10 10 a
2881 2327 45 18 very
2942 2322 50 18 close
3010 2324 37 17 and
3064 2324 83 24 exciting
3163 2331 54 17 game.

2791 2343 91 20 Mamaku
2891 2346 64 18 scored
2965 2348 37 16 two
3014 2346 44 19 tries
3065 2347 60 19 which
3135 2354 46 12 were
3190 2349 19 17 ob-

2791 2369 61 17 trined
2859 2369 25 22 by
2893 2369 131 19 Wharo-wera
3041 2371 38 17 and
3094 2370 76 22 Barnes,
3187 2372 31 17 and

2790 2391 67 17 Ehuka
2875 2392 63 18 scored
2956 2400 11 10 a
2983 2394 32 22 try
3031 2394 29 17 for
3080 2394 76 22 Tapapa
3176 2395 42 18 from

2791 2413 62 20 which.
2860 2415 117 24 Thompson,
2985 2416 33 18 the
3034 2417 81 22 captain,
3133 2416 63 20 kic'-ed
3210 2423 8 13 a

2790 2439 51 21 goal.
2867 2439 38 17 The
2918 2439 78 22 Tapapa
3010 2440 48 17 Club
3072 2446 37 12 was
3127 2441 90 23 captained

2789 2461 26 22 by
2824 2461 31 18 Mr
2863 2460 109 25 Thompson
2977 2463 38 18 and
3024 2463 31 18 Mr
3064 2464 59 17 Given
3138 2464 28 18 for
3180 2465 26 17 Ma-

2791 2485 62 16 maku.
2879 2485 31 18 Mr
2919 2484 21 19 E.
2958 2486 74 17 Kusabs
3050 2487 53 17 acted
3119 2493 20 12 as
3155 2488 63 17 referee

2790 2508 37 16 and
2837 2508 31 18 Mr
2878 2508 66 18 Enoka
2953 2509 39 17 and
3000 2509 31 18 Mr
3041 2510 21 17 E.
3074 2510 61 20 Quain
3144 2517 19 11 as
3177 2511 33 17 line-

2789 2531 83 23 umpiros
2881 2532 29 16 for
2918 2533 78 22 Tapapa
3004 2533 37 17 and
3050 2533 88 17 Mamaku
3152 2540 57 17 respec-

2789 2554 64 22 tively.

2813 2578 75 21 During
2897 2578 33 17 the
2938 2585 88 16 progress
3039 2580 21 17 of
3075 2580 32 17 the
3122 2587 53 15 game
3192 2581 26 18 the

2790 2602 48 16 most
2847 2601 81 23 friendly
2938 2602 71 23 feeling
3017 2603 72 17 existed
3098 2604 37 16 and
3144 2604 31 17 the
3190 2604 19 17 de-

2790 2623 67 18 cisions
2866 2625 20 16 of
2894 2625 32 17 the
2936 2626 69 16 referee
3015 2632 47 16 gave
3071 2632 55 17 every
3138 2627 72 18 satisfac-

2789 2647 46 18 tion.
2861 2647 55 18 After
2924 2648 34 17 the
2971 2649 51 17 close
3037 2650 20 17 of
3072 2649 33 18 the
3121 2656 54 16 game
3191 2650 27 18 the

2789 2670 74 18 visitors
2872 2676 49 12 were
2933 2672 72 17 invited
3022 2674 19 15 to
3058 2672 81 24 adjourn
3156 2675 19 16 to
3191 2673 27 18 the

2789 2693 52 23 large
2850 2694 84 22 meeting
2943 2695 59 17 house
3010 2696 61 17 where
3086 2702 11 10 a
3113 2699 105 20 sumptuous

2789 2717 67 17 dinner
2864 2723 38 12 was
2911 2717 39 18 laid
2959 2718 37 17 and
3005 2719 50 17 after
3064 2719 34 17 full
3107 2719 66 22 justice
3185 2720 33 18 had

2789 2740 47 17 been
2845 2740 48 18 done
2902 2742 19 15 to
2930 2741 33 17 the
2972 2741 50 23 good
3031 2742 65 22 things
3108 2743 38 17 laid
3159 2743 58 18 before

2789 2763 50 17 them
2850 2763 32 18 the
2893 2764 60 17 tables
2963 2770 48 11 were
3020 2765 72 17 cleared
3100 2764 38 19 and
3146 2767 61 21 speech-

2789 2787 84 21 making,
2883 2787 78 27 singing
2969 2788 38 18 and
3016 2788 82 23 dancing
3105 2789 89 23 indulged
3201 2789 17 18 in

2789 2809 49 17 until
2848 2810 31 17 the
2888 2811 70 17 arrival
2966 2811 21 17 of
2999 2812 33 16 the
3048 2813 56 19 train,
3122 2818 23 11 on
3162 2813 54 17 which

2789 2832 32 17 the
2841 2831 92 20 Mamaku
2955 2835 50 16 tcum
3025 2834 101 19 embarked
3154 2836 64 17 amidst

2789 2856 63 17 cheers
2860 2856 38 18 and
2912 2857 70 22 hearty
3003 2857 66 18 wishes
3086 2858 30 18 for
3131 2865 11 10 a
3158 2861 59 15 return

2789 2879 68 17 match.
2883 2879 39 17 The
2930 2879 113 25 hospitality
3051 2881 37 17 and
3095 2882 50 22 good
3153 2882 64 22 feeling

2789 2902 96 18 exhibited
2905 2904 85 17 towards
3006 2904 33 18 the
3054 2904 74 18 visitors
3144 2905 26 23 by
3189 2905 28 18 the

2788 2924 78 24 Ngatua
2874 2926 38 17 and
2921 2927 77 22 Tapapa
3006 2928 66 22 people
3084 2928 38 17 will
3138 2928 46 24 long
3198 2928 20 18 be

2788 2949 127 17 remembered
2924 2950 26 22 by
2959 2950 32 18 the
3000 2950 90 18 Mamaku
3100 2952 53 17 Club.

2811 2972 20 17 It
2839 2972 16 17 is
2864 2972 31 17 the
2904 2973 94 17 intention
3007 2975 20 15 of
3036 2974 31 17 the
3076 2975 57 17 Clubs
3142 2976 19 16 to
3177 2974 40 18 hold

2788 3001 11 10 a
2808 2995 64 17 return
2881 2996 64 17 match
2954 2998 21 15 at
2989 2997 33 18 the
3036 3003 50 11 same
3103 2998 52 22 place
3172 2998 45 22 early

2787 3020 47 15 next
2842 3019 67 16 month
2918 3020 20 16 to
2946 3020 24 17 be
2979 3020 87 17 followed
3074 3021 26 21 by
3109 3027 10 10 a
3132 3021 43 17 ball.

2876 3078 82 24 What
2971 3079 96 30 People
3085 3080 50 30 Say.

2811 3129 53 18 MRS
2887 3129 111 20 MORTON
3012 3132 87 18 SMITH.
3115 3131 67 20 MART-

2844 3152 133 24 BOROUGH,
2989 3153 179 21 QUEENSLAND.

2865 3190 4 25 :
2883 3191 80 23 Having
2972 3192 30 17 for
3018 3199 56 16 many
3092 3199 53 15 years
3153 3193 46 18 lived
3209 3199 8 10 :i

2787 3213 35 17 life
2840 3214 20 16 of
2875 3214 74 22 misery,
2966 3215 38 17 and
3017 3221 57 11 never
3090 3214 69 25 during
3182 3216 35 18 that

2788 3237 46 16 time
2849 3238 20 16 to
2878 3237 47 17 have
2934 3238 69 17 known
3013 3245 11 10 a
3033 3240 92 16 moments
3142 3239 75 19 freedom

2789 3260 49 16 from
2847 3260 50 22 pain,
2908 3261 10 16 I
2926 3267 32 11 am
2965 3266 20 13 so
2994 3262 83 21 grateful
3086 3262 30 18 for
3124 3263 32 16 the
3164 3263 43 18 bene-

2788 3282 22 18 fit
2819 3283 9 16 I
2838 3282 48 18 have
2900 3283 76 19 derived
2985 3285 47 17 from
3051 3285 93 17 Clements
3160 3286 57 19 Tonic,

2788 3305 43 18 that
2840 3306 10 17 I
2859 3307 53 16 write
2921 3307 33 17 the
2967 3307 99 23 following
3074 3308 120 23 particualars
3203 3309 14 17 of

2788 3333 32 17 my
2834 3335 41 11 case
2885 3329 3 25 :
2924 3329 65 18 About
3003 3331 42 16 four
3053 3337 52 16 years
3114 3336 36 18 ago
3168 3333 9 16 I
3186 3338 31 11 wns

2788 3351 88 18 attacked
2885 3353 46 17 with
2946 3354 56 16 facial
3011 3353 104 24 neuralgia,
3132 3361 20 11 so
3168 3357 49 16 acute

2788 3375 41 17 that
2838 3375 9 17 I
2857 3381 38 11 was
2904 3375 69 18 unable
2982 3378 19 16 to
3011 3377 49 22 sleep
3069 3378 29 16 for
3109 3377 20 18 17
3144 3378 50 22 days.
3210 3378 7 16 1

2787 3397 38 18 lost
2832 3398 46 17 flesh
2888 3403 45 18 very
2951 3400 74 22 rapidly
3034 3401 37 16 and
3088 3406 38 11 was
3144 3401 73 17 reduced

2787 3422 21 15 to
2817 3427 10 10 a
2840 3421 82 20 shadow,
2930 3422 38 17 and
2977 3429 32 16 my
3018 3423 66 22 family
3094 3423 82 24 thought
3191 3425 26 17 the

2788 3444 36 16 end
2833 3450 38 11 was
2879 3451 51 14 near,
2938 3451 21 11 so
2965 3446 58 18 weak,
3034 3447 42 22 pale
3085 3446 38 18 and
3126 3447 91 18 Miserable

2787 3467 38 17 had
2832 3466 10 18 I
2851 3467 87 21 become;
2948 3469 10 16 I
2971 3469 55 18 could
3040 3476 29 10 see
3085 3470 48 17 their
3145 3471 72 17 anxious

2787 3490 54 17 looks
2849 3491 37 16 and
2895 3491 45 17 hear
2953 3492 52 17 them
3018 3493 83 21 sobbing
3108 3493 54 17 when
3170 3498 47 17 away

2788 3514 48 16 from
2846 3519 34 15 me,
2890 3514 34 17 but
2934 3514 65 18 before
3011 3521 32 17 my
3060 3516 40 17 face
3117 3516 44 22 they
3175 3522 42 11 were

2787 3537 26 16 all
2831 3542 81 17 courage
2928 3538 38 17 and
2985 3539 68 19 smiles,
3072 3545 23 11 so
3109 3538 106 25 thoughtful

2787 3565 49 12 wore
2852 3560 46 22 they
2912 3560 21 18 of
2942 3566 33 17 my
2982 3561 85 23 feelings.
3093 3563 10 16 I
3118 3563 36 17 had
3171 3563 46 17 three

2787 3582 82 21 doctors,
2884 3583 35 18 but
2928 3583 46 24 they
2991 3583 31 18 did
3032 3591 29 11 me
3069 3591 24 11 no
3110 3585 50 22 good
3177 3582 3 25 ;
3191 3586 26 17 the

2787 3606 69 22 misery
2873 3605 39 19 still
2921 3607 108 18 continued.
3063 3609 26 16 At
3097 3608 37 17 last
3142 3615 10 11 a
3162 3608 55 17 friend

2787 3630 142 16 recommended
2939 3630 95 18 Clements
3043 3630 57 18 Tonic
3112 3637 20 12 so
3146 3632 60 23 strong-

2787 3651 19 21 ly
2815 3651 42 18 that
2874 3653 10 16 I
2894 3653 91 22 procured
3002 3660 11 10 a
3030 3654 70 18 bottle:
3121 3655 38 17 and
3174 3655 43 17 after

2787 3675 32 16 the
2826 3675 52 18 third
2892 3676 45 17 dose
2945 3677 33 16 the
2987 3677 44 22 pain
3041 3683 37 11 wns
3093 3677 86 18 relieved.
3210 3677 6 17 1

2787 3698 101 17 continued
2903 3699 24 17 its
2940 3705 34 12 use
2983 3700 36 17 and
3034 3700 44 17 took
3088 3707 10 10 a
3107 3701 50 22 good
3166 3705 51 18 many

2786 3721 70 17 bottles
2865 3722 38 16 and
2909 3723 101 22 gradually
3017 3724 97 17 recovered
3124 3730 31 17 my
3164 3728 41 14 wast-

2787 3744 22 17 ed
2818 3744 94 24 strength,
2923 3745 37 18 and
2970 3751 29 12 am
3008 3752 43 11 now
3060 3753 20 10 as
3089 3747 43 17 well
3140 3753 20 11 as
3176 3752 38 12 ever

2787 3766 9 18 I
2806 3773 38 11 was
2858 3768 20 17 in
2887 3773 30 18 my
2936 3768 39 18 life.
3001 3770 49 16 lam
3067 3775 42 12 sure
3125 3770 89 18 Clements

2786 3790 58 17 Tonic
2853 3791 15 17 is
2876 3792 33 16 the
2918 3792 39 16 sole
2966 3798 54 11 cause
3029 3793 20 16 of
3058 3799 31 16 my
3097 3793 57 22 being
3166 3793 48 18 alive,

2787 3813 29 17 for
2822 3818 45 13 even
2876 3814 33 17 the
2918 3815 75 17 doctors
3002 3815 39 17 told
3050 3821 33 16 my
3086 3816 68 21 family
3158 3817 41 17 that
3203 3815 12 17 it

2786 3836 63 17 would
2865 3837 23 17 be
2905 3837 63 18 better
2991 3839 19 16 to
3030 3839 54 18 settle
3100 3844 33 17 my
3148 3839 67 21 earthly

2785 3860 79 17 matters
2872 3866 21 11 as
2902 3861 32 17 the
2943 3861 36 17 end
2988 3867 38 11 was
3035 3867 44 12 near
3086 3860 4 23 ;
3109 3862 34 17 but
3151 3862 54 17 thank-

2785 3883 21 17 to
2829 3883 94 18 Clements
2945 3884 58 18 lonic
3017 3885 45 22 they
3085 3891 48 11 were
3154 3890 61 17 wrong

2786 3906 63 22 again,

2974 3930 46 18 Mv.s
3027 3931 87 17 Moutox
3123 3931 69 18 Smith.

2809 3960 34 17 We
2851 3961 60 17 thank
2919 3961 41 17 Mrs
2970 3962 60 17 Smith
3037 3963 28 16 for
3074 3963 89 22 allowing
3169 3970 20 10 us
3198 3965 17 14 to

2785 3982 77 24 publish
2878 3984 34 17 her
2919 3985 112 22 testimony;
3039 3985 56 23 fancy
3103 3986 32 17 the
3151 3987 62 20 misery

2787 4006 37 17 and
2832 4008 78 19 torture,
2919 4008 20 16 of
2944 4008 128 22 sleeplessness
3079 4010 29 15 for
3113 4015 11 10 a
3130 4009 62 22 period
3198 4007 16 18 of

2787 4034 118 13 seventeen
2911 4034 59 17 pays,
2980 4031 124 18 wakefulness
3112 4032 57 23 being
3184 4038 18 10 en-

2787 4053 63 17 forced
2858 4053 26 23 by
2892 4053 32 18 the
2933 4059 63 17 agony
3006 4055 20 16 of
3034 4051 103 27 neuralgia,
3147 4055 36 17 and
3191 4054 21 17 :dl

2786 4076 32 16 the
2838 4076 45 17 time
2903 4083 24 10 an
2940 4077 94 18 infallible
3057 4078 76 22 remedy
3151 4078 62 17 within

2786 4099 61 17 reach.
2872 4100 34 16 We
2920 4101 50 16 trust
2991 4100 36 17 her
3038 4100 57 18 letter
3107 4101 38 17 will
3161 4102 52 20 bring

2786 4122 32 17 the
2824 4128 50 11 same
2883 4123 54 17 relief
2945 4125 20 15 to
2974 4124 57 16 other
3036 4123 93 18 sufferers.

1253 36 60 19 THE
1340 35 59 21 HOT
1425 35 94 20 LAKES
1547 35 172 25 CHRONICLE,
1748 35 189 25 WEDNESDAY,
1966 35 115 22 AUGUST
2111 36 30 22 19,
2159 36 48 18 1896

198 173 127 17 dBwB

44 209 104 16 TINION
161 207 140 17 PTEAMFHIP
315 205 115 18 COMPANY
448 204 30 16 OF

51 223 25 24 U
130 229 57 17 NEW
200 228 115 18 ZEALAND
322 228 82 17 Limited.

108 265 124 16 PttOPOsED
244 264 169 17 DEP.ABTUKEs.

179 298 47 14 Wit
239 294 100 18 &YDMSY.

40 332 120 16 tap-avteha,
174 327 105 22 Thursday,
289 326 75 20 August
371 325 29 18 20,
411 328 10 11 u
431 327 46 18 p.m.

120 369 47 17 FOll
180 366 132 19 SuUI'UERN
322 366 73 15 HURIS

42 405 100 17 Taxapuna
150 411 51 14 every
211 403 74 18 MonrlMV

42 427 132 18 Mahtnapua
183 431 54 16 ovory
244 423 103 22 TLursday.

190 564 63 21 aaEa
258 564 50 19 Baa

43 598 163 44 HUDDAKT,
232 595 111 21 PARSER,
364 595 55 16 AND
440 594 32 17 CO

208 619 107 25 (LIMITED),

66 667 97 24 Splendid,
173 665 163 24 Well-appointed
341 664 94 18 Steamers
441 663 39 18 will

42 691 23 18 be
75 690 115 24 despatclied
199 690 48 18 from
256 691 119 16 Auckland,
385 694 21 11 as
420 687 61 17 under

42 714 91 24 (weather
150 714 37 17 and
206 714 55 17 other
277 712 143 18 circumstances
437 715 33 18 per-

43 736 122 23 mitting):

43 761 43 17 Eon
91 759 137 21 GISBORNE,
234 757 104 21 NAPIER,
347 757 116 17 WELLING-

65 784 58 18 TON.
134 782 159 19 LYTTELTON,
303 781 14 18 &
327 780 129 20 DUNEDIN,

44 808 101 19 Anglian,
152 807 138 16 Wednesday,
298 805 49 22 Aug.
358 805 29 16 2(>.
395 804 20 16 1-
423 809 56 11 noon.

42 831 117 17 Tasmania.
168 830 124 19 ...Tuesday,
308 828 75 22 Sept.B,
395 828 84 16 12noon.

173 875 50 18 FOR
238 874 111 20 SYDNEY,

90 899 116 24 (Returning
218 903 19 12 to
247 896 98 20 Auckland
353 895 80 24 Direct.)

44 923 94 23 Carrying
158 922 114 23 Passengers
293 921 29 17 for
343 921 137 19 Melhoukne,

56 946 54 18 other
116 947 131 16 Australian
255 945 71 19 Pouts,
333 943 36 18 and
376 943 92 21 Hoiiaut,

44 975 116 16 Tasmania.
170 971 14 23 ..
193 973 106 19 .Monday,
308 971 49 23 Aug.
373 972 27 17 2-1,
411 972 10 15 4
433 976 47 16 p.m.

46 998 135 18 Anglian,...
190 997 105 18 .Monday,
313 996 51 20 Sept.
384 995 15 19 7,
414 995 10 15 4
434 999 46 17 p.m.

69 1025 31 16 All
110 1024 74 17 Tickets
191 1029 31 12 are
230 1022 92 19 available
332 1022 38 17 also
385 1022 30 17 foi-
423 1020 46 24 Stop-

46 1053 45 12 over
99 1053 22 12 or
127 1047 73 18 Return
214 1047 26 18 bv
252 1046 53 17 ANY
322 1045 85 18 UNION
421 1044 60 18 CO.'S

47 1070 141 21 STEAMEES,
199 1070 38 18 and
242 1068 75 19 holders
326 1068 19 18 of
354 1067 67 19 U.S.S.
439 1068 42 17 Co's

47 1094 75 17 Tickets
142 1099 44 16 may
203 1092 60 19 travel
278 1093 26 22 by
325 1091 118 17 ANGLIAN
461 1096 20 12 or

45 1116 140 19 TASMANIA.

143 1146 23 17 L.
179 1146 25 16 D.
213 1145 109 17 NATHAN
334 1145 16 16 &
363 1143 46 20 CO.,

376 1167 80 18 Aeents.

182 1215 95 22 rpnos.
302 1215 69 18 COOK
392 1215 15 17 &
432 1214 45 18 SOS

239 1290 39 13 GEit
286 1286 86 18 Agents,
380 1288 40 14 etc.

79 1321 51 17 Book
140 1319 92 23 Passages
240 1317 37 18 and
287 1322 61 13 secure
357 1316 55 17 berth
423 1315 26 23 by

49 1352 36 17 All
94 1350 75 19 Lines.
184 1349 138 19 AllEcutes.
336 1347 40 19 All
381 1347 96 19 Classes,

117 1382 38 18 AT
170 1380 123 19 LOWEST
303 1378 105 19 RATES.

46 1429 91 22 Through
146 1428 74 18 Tickets
228 1427 63 17 issued
303 1428 20 16 to
336 1426 69 17 South
418 1425 48 17 Afri-

70 1458 38 12 can
117 1453 133 17 GoLDI'IELDS,
261 1449 152 23 Johannesburg,
421 1451 35 15 etc.

68 1500 40 17 For
115 1499 26 17 all
150 1497 121 19 information
280 1496 56 23 apply
346 1496 20 17 to

92 1526 90 19 COOK'S
195 1525 124 18 SHIPPING
331 1523 100 21 OFFICE,

191 1687 142 24 BREWERS,

125 1721 109 21 ALBERT
250 1719 148 25 BjJEWERY,

68 1752 218 25 QUEEN'STREET,
300 1751 158 20 AUCKLAND

67 1806 68 18 WIKE
148 1806 50 16 AND
210 1804 80 18 SPIRIT
299 1803 156 21 MERCHANTS,

85 1834 124 16 BOTTLERS
221 1832 51 17 AND
288 1831 145 21 IMPORTERS,

130 1856 26 20 43,
172 1858 132 14 O.TJEEN-STBEET
321 1857 69 13 WHABF.

42 1931 25 14 At
76 1930 29 16 the
119 1929 91 17 following
227 1927 111 17 Exhibitions
353 1927 28 15 for
390 1932 31 10 our
430 1926 38 16 well-

139 1952 61 14 known
215 1949 45 17 Bulk
269 1949 32 16 urn!
311 1949 69 15 Bottled

156 1972 47 16 ALE
215 1970 51 17 AND
278 1970 85 18 STOUT:

43 1999 70 23 Sydney
122 1998 126 18 International
256 1998 107 17 Exhibition,
375 1998 48 15 1879.

43 2021 102 16 Melbourne
155 2019 127 18 International
287 2018 109 20 Exhibition,
406 2019 70 15 1880-81

43 2043 44 16 New
94 2041 75 18 Zealand
177 2041 94 17 Industrial
275 2039 109 21 Exhibition,
388 2039 78 22 Welling-

87 2066 35 17 ton,
134 2065 48 14 18S5.

42 2085 45 16 New
106 2085 75 16 Zealand
196 2085 33 15 and
244 2085 52 14 South
310 2083 41 16 Seas
367 2082 109 17 Exhibition.

86 2106 87 17 DnnediD.
186 2106 78 15 1889-90.

42 2128 22 16 In
73 2128 77 16 addition
160 2129 17 15 to
187 2128 53 14 nbove
249 2127 43 15 lmve
309 2126 41 15 been
367 2125 80 16 awnided
460 2126 17 14 nt

85 2149 106 16 Tsisnwinian
223 2148 108 19 Exhibition,
359 2147 118 19 Lauueei-ton,

87 2172 79 15 1891-92.

129 2201 59 17 FIVE
199 2201 70 17 FIRST
286 2200 104 16 AWARDS

243 2227 33 12 FOB

54 2245 67 17 EFITv
133 2244 110 17 BOTTLED
256 2244 59 15 ALES
332 2243 52 16 AND
402 2243 76 16 STOUT

237 2266 47 15 Also.

73 2330 65 23 Gold
151 2329 86 24 Medal
248 2329 27 22 of
285 2327 167 24 Australasia

148 2370 72 12 AGAINST
231 2369 98 11 ALI.CUJIKII3
340 2369 32 12 FOR

46 2401 90 24 BULK
150 2400 69 24 AND
238 2400 146 23 BOTTLED
398 2400 66 22 ALE

156 2484 48 16 ALE
215 2483 51 17 AND
279 2483 82 20 STOUT,

45 2519 70 16 Bottled
124 2519 17 15 in
151 2521 51 18 quart
210 2518 33 16 and
259 2518 37 21 pint
311 2517 67 20 bottle*,
394 2517 83 22 Rpecially

43 2540 68 17 brewed
120 2540 27 16 for
156 2540 28 16 the
193 2545 73 10 summer
275 2539 54 17 trade,
339 2539 56 15 which
403 2544 28 10 are
437 2544 40 10 now

44 2561 105 21 thoroughly
159 2561 84 17 matured,
256 2567 30 9 can
301 2560 41 16 with
357 2566 51 14 every
422 2561 45 15 confi-

42 2583 53 16 dence
106 2582 108 16 recommend
230 2587 46 11 Riime
291 2586 18 11 to
323 2586 119 12 connoisseur*
458 2587 19 10 as

42 2603 62 16 second
113 2605 17 14 to
139 2609 45 10 none
193 2605 16 14 iu
220 2603 29 16 the
257 2603 72 16 Colony.

43 2900 432 47 HANCOCKS'

169 2974 181 21 CELEBRATED

155 3086 210 50 A.JLES,

174 3157 58 13 MADE
241 3157 53 13 EROM
305 3156 41 13 THE

49 3195 115 32 FINEST
191 3194 87 32 MALT
299 3194 65 31 AND
381 3194 96 36 HOPS,

84 3284 53 13 JUEE
150 3283 54 14 FBOM
217 3283 38 14 AIX
269 3283 128 13 ANTISEPTICS
410 3283 25 12 OK

151 3309 139 14 DELETERIOUS
308 3309 65 13 ACIDS.

49 3374 138 32 CAPTAIN
209 3373 83 32 COOK
310 3373 168 37 BREWERY,

150 3416 191 21 NEWMAEKET.

51 3469 229 46 Blooker's
329 3468 150 53 Dutel?

184 3526 159 46 Cocoa.

49 3622 137 31 Highest
195 3622 125 26 awards
334 3622 33 24 at
380 3627 102 26 every

171 3662 193 26 Exhibition.

84 3704 66 25 The
162 3704 96 25 latest
270 3704 28 25 is
310 3704 55 25 the
385 3704 97 26 Cross

52 3737 35 26 of
92 3737 110 26 Honor
217 3738 31 24 at
264 3737 53 25 the
338 3737 125 25 Amster-

51 3771 74 26 dam
134 3769 186 26 Exhibition
328 3770 58 26 189
392 3770 27 29 5,
428 3769 54 26 the

48 3803 130 33 highest
186 3802 136 32 possible
331 3803 118 24 award.

158 3860 221 19 MASSAGE.

52 3908 94 44 MISS
166 3906 114 20 FPASEE.
292 3906 96 25 qualified
404 3907 66 19 Ameri-

132 3940 37 14 can
186 3933 112 23 Masseuse,
318 3932 18 19 is
344 3933 140 25 permanently

51 3961 79 19 located
147 3960 20 19 in
184 3959 98 20 Rotoiua.
318 3958 40 19 She
383 3958 38 19 Lub
443 3959 41 19 bad

51 3985 140 22 considerable
204 3984 118 26 experience
330 3984 21 19 in
369 3985 34 18 the
421 3986 53 17 treat-

52 4016 57 16 ment
127 4013 21 19 of
165 4012 63 19 ladies
238 4010 39 19 and
289 4009 113 26 gentlemen
413 4010 61 18 suffer-

51 4039 37 25 ing
97 4039 51 18 from
169 4037 90 23 Sciatica,
277 4035 110 20 Bheumati
399 4042 26 18 m,
438 4036 46 18 fcjtiff

51 4062 73 26 Joints,
146 4062 115 28 Dyspepsia
279 4062 40 18 and
338 4062 27 17 ull
383 4062 64 18 forms
464 4063 20 17 of

51 4090 94 21 Nervous
160 4089 113 20 Disorders.

99 4125 110 19 Address:
224 4121 97 21 GIUND
336 4121 100 20 HOTEL.

501 104 180 25 AUCKLAND
702 103 53 23 and
772 100 162 25 WAIKATO

644 129 142 24 AGENCY-

515 166 56 19 Near
582 165 91 20 Catholic
683 164 88 23 Church,
785 163 136 20 ROTORUA.

552 218 97 35 ON
678 211 206 42 SSLE.

502 279 257 32 BEDSTEADS,

652 319 279 32 MATTRESSES,

692 362 60 19 AND

518 397 185 26 Household
737 396 181 26 Furniture.

552 533 213 28 Commission
779 533 111 32 Agent.

545 601 114 33 MISS
690 601 213 36 FJRENCJBC,

518 661 267 27 ANGLO-PARISIAN
818 662 90 25 DRESS-

663 711 114 26 MAKER.

604 768 66 22 (Late
679 768 27 18 of
712 768 124 22 Dunedin.)

503 816 92 44 BEGS
609 820 21 15 to
641 817 93 18 intimate
745 818 21 18 to
786 816 34 19 (he
835 816 64 18 ladies
917 816 21 18 of

571 842 91 20 Rotorua
687 843 46 19 that
752 842 35 19 she
806 842 38 19 has
862 841 75 19 started

503 869 94 19 business
619 870 21 18 in
663 869 158 23 Fenton-street,
847 868 90 25 opposite

503 895 34 19 the
548 895 70 19 Grand
631 895 68 19 Hotel.

506 1034 193 19 COMMISSION
705 1034 103 18 AGENT
816 1034 64 18 AND
889 1034 33 18 AC-

632 1065 172 19 COUNTANT.

553 1161 103 40 MEN'S
659 1161 229 61 JTJULORING.

511 1236 63 31 JOB
597 1236 111 20 COBBAN
725 1237 77 26 having
823 1238 83 20 secured
926 1245 12 13 a

503 1265 22 15 tf
563 1263 56 25 large
629 1265 79 23 portion
720 1264 21 19 of
752 1263 32 20 the
795 1264 56 19 stock
866 1265 21 18 of
903 1265 35 19 the

503 1290 41 18 laic
555 1289 28 18 H.
595 1289 33 20 W.
637 1290 123 24 Neighbour
771 1290 24 18 he
806 1291 16 18 is
839 1291 98 25 prepared.

503 1318 20 17 to
534 1316 47 24 give
592 1316 31 18 his
633 1319 110 16 customers
754 1316 34 19 the
804 1317 37 18 full
863 1316 74 21 benefit

503 1342 22 17 of
534 1342 35 18 the
579 1342 37 18 low
625 1342 53 25 price
690 1346 21 15 at
720 1343 64 18 which
792 1343 24 18 he
825 1343 112 25 purchased

503 1368 34 18 the
547 1374 61 13 same.

575 1393 70 20 CALL
659 1394 61 19 AND
738 1394 125 21 INSPECT.

529 1420 117 19 First-class
661 1420 151 26 workmanship
832 1421 40 20 and
891 1428 34 18 per-

501 1447 41 18 fect
551 1446 23 19 fit
584 1447 131 25 guaranteed.

692 1474 55 17 Ai>o

503 1498 131 23 Selling-off
644 1498 53 19 Sale
706 1499 26 18 of
737 1499 105 24 Drapery
852 1500 83 18 Goods.

534 1521 65 19 Prior
607 1523 26 17 to
642 1522 97 23 visiting
750 1523 125 18 Auckland
884 1524 24 17 to

585 1550 99 18 procure
694 1545 64 19 fresh
772 1546 81 19 Stock.

525 1577 147 23 Everything
679 1577 102 19 lowered
788 1578 26 18 to

577 1600 155 19 BED-ROCK
752 1601 113 19 PRICES.

527 1661 19 19 A
556 1662 67 19 choice
633 1665 121 16 assortment
764 1663 21 18 of
804 1662 80 19 Ladies'
896 1663 40 19 and

502 1688 56 23 girls'
568 1688 84 24 jackets,
665 1689 24 18 all
701 1689 57 23 sizes,
771 1691 22 16 4s
805 1690 24 18 6d
840 1692 20 15 to
871 1691 22 16 Gs
903 1690 32 17 6d.

501 1713 95 20 Woollen
606 1715 39 18 and
658 1714 39 20 silk
710 1715 75 18 shawls
796 1716 22 17 7s
828 1716 24 17 6d
863 1718 21 16 to
896 1718 39 16 10s.

528 1740 51 18 Gold
586 1741 39 18 and
635 1741 59 18 silver
701 1741 103 26 jewellery
814 1742 21 18 of
842 1742 26 18 i>ll
877 1742 59 18 kinds

501 1768 20 16 at
532 1766 63 19 below
606 1770 41 15 cost
664 1768 60 24 price.

569 1830 76 26 JOB
685 1831 182 31 CORBAN,

618 1863 132 22 OH.INEM
757 1864 17 18 U
780 1865 15 16 T
801 1865 24 17 U.

613 1912 212 28 ROTORUA.

502 1972 242 46 Tarawera
765 1973 168 51 .House,

557 2038 184 18 TUTANEKAI
754 2038 121 20 STREET.

527 2069 80 19 Within
632 2076 45 18 easy
704 2077 66 12 access
795 2071 22 18 of
833 2071 34 19 the
886 2071 48 19 Post

501 2095 66 24 Office,
576 2095 70 24 Baths,
657 2096 39 18 and
703 2096 129 20 Sanatorium
841 2097 93 19 Grounds

500 2122 39 18 and
550 2122 141 26 commanding
706 2129 13 12 a
735 2123 131 24 maguificont
884 2124 50 19 view

500 2147 21 20 of
531 2147 34 19 the
574 2147 63 19 Lake.

529 2178 87 20 Visitors
638 2179 41 19 will
698 2179 43 19 find
759 2186 60 19 every
835 2180 98 19 attention

501 2205 47 24 paid
558 2207 20 16 to
589 2205 53 19 their
652 2206 84 18 comfort
746 2206 39 18 and
800 2207 34 17 the
844 2206 90 26 require*

501 2234 64 16 ments
576 2231 21 19 of
607 2232 75 18 invalid
694 2234 70 22 guests
774 2231 41 21 will
826 2232 24 19 bo
868 2232 55 20 assid-

501 2257 71 22 uously
583 2258 95 18 attended
689 2260 26 17 to.

550 2333 37 32 C.
605 2333 277 38 WILLMOYT,

596 2377 244 17 PROPRISTOR,

527 2411 80 20 Letters
626 2413 40 18 and
691 2412 118 26 Telegrams
832 2413 101 25 promptly

499 2438 111 24 responded
615 2441 27 16 to.

605 2495 82 24 FOE
711 2496 108 24 SALE

501 2548 113 43 J)LANT
630 2549 21 18 in
660 2549 94 24 working
762 2549 57 19 order
827 2549 20 19 in
855 2550 76 25 Taupo,

567 2575 122 25 comprising
698 2575 4 25 :

500 2610 10 17 2
521 2608 111 25 Launches,
645 2616 37 12 one
691 2610 63 24 large,
765 2617 37 12 ono
811 2611 64 22 small,
884 2611 48 20 with

525 2634 48 23 fuel,
588 2637 23 16 30
622 2636 46 18 cord
678 2636 21 18 of
710 2636 62 22 wood,
786 2643 26 12 on
819 2636 61 20 hand.

500 2662 10 18 3
520 2661 78 25 Sailing
609 2661 68 24 Boats,
689 2664 40 16 two
739 2664 33 17 ton
783 2663 56 18 each.

499 2689 9 16 4
522 2687 85 26 Pulling
616 2687 62 20 Boats
689 2688 40 19 and
739 2695 55 18 gear.

499 2713 71 19 House
594 2714 40 18 and
659 2714 84 25 garden,
770 2715 42 19 also
832 2716 101 23 goodwill.

525 2739 93 26 Leaving
628 2746 25 12 on
662 2742 84 17 account
755 2741 21 18 of
787 2741 76 19 health.

623 2765 86 19 TERMS
722 2766 87 20 CASH.

499 2815 73 25 Apply,

524 2850 89 19 Rickitt
623 2852 17 18 &
647 2850 81 24 Adams,
738 2850 83 26 Agents,
830 2852 76 26 Taupo.

538 2887 27 17 or,
578 2881 83 20 Geoiioe
672 2881 95 23 Harper,
779 2882 115 20 Auckland.

513 2932 63 19 r>AY
600 2932 33 17 OF
658 2932 104 19 PLENTY
792 2933 142 20 LICENSING

500 2951 37 23 .1)
563 2956 247 18 DISTRICT.NOTICE
836 2957 33 17 OF
890 2958 29 17 AP-

499 2979 140 17 PLICATION
663 2979 52 17 FOR
742 2980 135 18 TRANSFER
901 2981 33 17 OF

499 3002 158 19 LICENSE.I,
668 3003 116 17 RUSSELL
790 3004 22 17 B.
822 3004 112 17 GRAHAM

499 3026 20 16 of
527 3025 91 22 Rotorua,
628 3026 57 22 being
699 3026 33 17 the
748 3026 66 19 bolder
830 3028 21 15 of
862 3033 11 11 a
881 3028 39 17 Pub-

499 3048 65 18 lican's
572 3048 79 18 License
666 3049 19 17 in
703 3051 73 21 respect
792 3050 20 17 of
828 3050 33 17 the
876 3050 58 18 house

500 3071 37 17 and
554 3072 88 22 premises
666 3072 70 17 situate
753 3073 19 17 at
789 3073 90 17 Rotorua.
897 3074 37 16 and

500 3094 69 18 known
578 3094 25 23 by
612 3095 33 17 the
661 3095 44 23 sign
722 3096 20 17 of
753 3096 32 17 the
801 3096 52 17 Lake
870 3097 64 17 House

500 3118 64 20 Hotel,
574 3118 24 17 do
606 3118 71 23 hereby
694 3119 43 22 give
753 3120 62 16 notice
832 3120 42 17 that
883 3120 9 17 I
901 3120 22 17 de-

500 3141 36 17 sire
544 3142 20 16 to
573 3141 71 20 obtain,
658 3142 38 17 and
712 3142 45 20 will,
772 3144 20 16 at
809 3142 31 18 the
856 3145 47 15 next
911 3143 16 17 li-

501 3164 77 22 censing
595 3165 84 22 meeting'
703 3166 20 16 to
738 3165 24 17 be
778 3165 68 17 holden
868 3167 21 16 at
903 3167 32 17 the

501 3187 124 21 Courthouse,
634 3188 107 23 Taurnnga,
764 3195 24 11 on
797 3189 34 17 the
844 3189 37 17 2nd
898 3189 37 23 day

501 3211 20 17 of
529 3210 115 23 September,
656 3212 50 19 1890,
717 3212 57 22 apply
789 3212 30 17 for
826 3219 12 10 a
854 3212 82 18 transfer

501 3234 20 16 of
530 3234 32 16 the
571 3234 39 16 said
619 3234 68 17 license
697 3235 48 17 from
760 3235 70 18 mvself
837 3237 21 15 to
872 3236 47 17 THO-

501 3257 52 16 MAS
569 3257 21 18 C.
607 3257 151 21 URQTJHART,
780 3264 32 16 my
829 3259 105 22 appointee.

501 3280 62 17 Dated
581 3280 31 17 the
630 3282 28 15 Ist
675 3280 37 23 day
730 3282 19 16 of
762 3282 82 22 August,
860 3283 76 16 1896.

501 3303 115 17 RUSSELL
628 3304 23 16 B.
663 3304 120 18 GRAHAM.

625 3351 193 24 NOTICE-

503 3400 24 42 I
541 3400 55 19 BEG
606 3402 21 17 1o
637 3401 71 18 tender
718 3407 34 18 my
769 3401 77 19 thanks
862 3403 21 17 to
901 3402 35 19 the

555 3426 69 25 public
633 3427 21 18 of
665 3426 92 20 Rotorua
765 3428 33 18 for
812 3427 34 19 the
863 3428 73 19 liberal

501 3454 112 23 patronage
622 3452 48 24 they
689 3453 52 18 have
760 3453 103 19 bestowed
882 3460 53 18 upon

502 3484 32 12 me
544 3478 18 18 in
573 3478 33 19 the
616 3483 52 19 past,
679 3479 41 18 and
736 3481 21 17 to
766 3480 67 24 notify
851 3480 45 19 that
915 3480 20 18 in

502 3504 69 18 future
581 3504 34 18 the
625 3504 94 19 business
731 3505 38 18 will
781 3505 25 19 be
816 3506 76 18 carried
910 3513 25 11 on

502 3529 27 23 by
539 3536 32 12 me
582 3530 20 18 in
613 3530 129 25 conjunction
753 3530 47 20 with
811 3531 34 18 Mr
853 3531 20 19 C.
882 3531 44 19 Grif-

503 3555 47 19 fiths
560 3556 63 18 under
633 3556 34 19 tho
678 3556 51 25 style
744 3557 20 18 of
783 3556 94 20 Goodson
896 3558 40 18 and

503 3581 118 21 Griffiths.

528 3608 12 18 I
550 3607 64 20 would
626 3608 65 19 solicit
701 3608 31 18 for
741 3609 73 23 myself
828 3609 38 18 and
882 3612 44 22 part-

503 3640 36 12 iier
549 3640 10 12 a
571 3634 133 19 continuance
715 3635 20 18 of
754 3634 34 19 tho
811 3638 84 21 support
914 3636 22 18 of

503 3660 105 18 residents.

739 3686 24 19 P.
775 3686 133 20 GOODSON.

529 3711 99 23 Rotorua,
641 3711 47 19 I.sth
698 3712 88 25 August,
801 3714 56 17 1890.

517 3762 133 19 ROTORUA
670 3762 195 21 PROSPECTING
879 3763 30 20 AS-

642 3788 158 21 SOCIATION.

508 3840 43 45 A
565 3840 133 19 GENERAL
705 3840 131 20 MEETING
846 3842 21 18 of
876 3847 45 14 mem-

583 3866 46 18 hers
652 3866 43 20 will
713 3867 48 18 take
779 3867 58 24 plaeo
863 3867 21 18 in
903 3867 35 19 the

506 3892 69 19 Grand
585 3892 63 19 Hotel
658 3899 26 12 on
695 3892 102 25 Saturday
813 3893 86 25 evening
917 3896 20 16 at

506 3921 44 16 8.45
560 3918 81 19 o'clock.

642 3944 31 24 By
683 3944 69 22 Order,

643 3970 35 20 W.
697 3973 23 16 A.
732 3970 152 23 WILLIAMS,

800 3998 110 23 Secretary,

600 4064 141 20 PRINTING
764 4064 21 18 of
809 4070 60 19 every
892 4063 34 19 des-

508 4084 21 22 tf
568 4091 84 24 eription
663 4089 97 20 executed
777 4089 48 19 with
845 4092 92 17 neatness

507 4115 38 19 tmd
556 4115 95 25 despatch
662 4118 20 18 at
693 4116 34 19 tho
738 4116 120 20 Chronicle
869 4115 68 20 Office.

959 273 152 45 TENDERS
1126 274 56 19 FOR
1197 274 111 19 TNLAND
1321 274 73 19 MAIL

1007 300 124 18 SERVICES
1137 305 38 12 fok
1183 301 49 20 1597,
1242 301 44 17 1808
1293 304 42 14 axd
1342 301 50 17 IS9C.

1118 346 87 20 General
1213 347 49 18 Post
1270 347 69 22 Office,

1013 372 135 26 Wellington,
1161 373 35 18 7th
1210 374 87 24 August,
1311 374 55 18 1896.

985 398 73 20 Sealed
1069 398 88 20 Tenders
1173 399 40 19 will
1224 399 25 19 be
1265 400 91 18 received
1373 403 22 15 at

959 425 35 19 the
1004 424 78 21 several
1093 425 59 19 Oliiof
1166 424 49 20 Post
1231 425 74 19 Offices
1320 426 21 18 in
1360 426 34 19 the

959 451 77 24 Colony
1046 451 52 19 until
1109 451 97 23 Monday,
1227 451 33 19 the
1279 452 49 18 28th
1346 452 36 25 Sep-

959 477 84 19 tember.
1057 478 57 21 1896,
1133 477 32 18 for
1183 477 34 19 the
1231 483 126 19 convsyance
1374 478 21 18 of

959 503 59 19 mails
1043 503 90 19 between
1152 503 42 19 the.
1214 503 181 20 undermentioned

960 529 67 24 places
1037 530 32 18 for
1084 536 12 11 a
1113 529 69 25 period
1201 530 21 18 of
1237 529 65 19 Three
1322 529 71 24 Years,

959 555 52 19 from
1022 555 34 19 the
1069 557 29 17 Ist
1108 556 21 18 of
1138 555 98 24 January,
1250 556 55 22 1897,
1324 560 20 14 to
1360 556 35 18 the

961 583 43 17 31st
1015 581 118 23 December,
1147 583 56 17 1899.

999 615 80 19 Postal
1090 615 99 20 District
1198 621 25 12 of
1232 615 122 19 Auckland.

962 650 42 18 117.
1019 649 92 19 Rotorua
1121 649 40 19 and
1173 649 89 23 Galaten,
1275 649 78 23 weekly

962 677 42 17 118.
1018 675 98 23 Rotorua,
1124 675 108 24 Atiamuri,
1243 675 104 19 Wairakei
1356 675 40 19 and

1025 701 72 25 Taupo
1108 703 67 21 (route
1192 706 21 14 to
1231 701 25 19 be
1276 702 33 18 via
1324 701 58 20 Waio-

1025 730 52 22 tapu
1086 734 25 12 on
1121 727 90 25 o]>ening
1223 728 21 18 of
1264 734 44 12 new
1326 728 68 24 road),

1027 753 57 19 twice
1099 753 84 24 weekly.

963 781 41 18 119.
1020 779 92 19 Rotorua
1134 779 92 25 Railway
1252 779 80 20 Station
1356 780 40 19 and

1027 805 49 19 Post
1086 805 61 19 Office
1157 811 21 12 as
1189 805 100 20 required.

987 858 42 18 The
1039 857 71 18 lowest
1119 863 23 13 or
1158 864 39 18 any
1216 858 70 18 tender
1304 858 41 19 will
1361 861 35 16 not

961 883 122 24 necessarily
1093 883 24 18 be
1128 884 99 25 accepted.

987 909 43 18 The
1041 908 99 21 attention
1151 910 20 18 of
1179 910 107 23 intending
1293 910 103 19 tenderers

961 936 17 17 is
989 935 88 19 directed
1087 939 20 14 to
1118 936 34 18 the
1164 939 60 15 terms
1235 936 37 18 and
1283 936 113 23 conditions

961 962 21 18 of
992 964 89 16 contract
1091 962 80 24 printed
1185 966 21 15 at
1218 962 34 19 the
1269 962 50 19 back
1330 963 21 18 of
1361 963 35 18 the

961 988 71 18 tender
1041 988 69 18 forms.

988 1014 113 18 Successful
1110 1014 103 19 tenderers
1222 1014 40 19 will
1269 1014 24 19 bo
1302 1016 94 24 required

961 1042 21 16 to
992 1040 54 18 show
1057 1040 45 18 that
1112 1040 48 24 they
1170 1047 34 12 are
1215 1040 19 19 in
1245 1047 12 12 a
1272 1042 87 23 position
1376 1044 20 16 to

961 1066 143 24 satisfactorily
1114 1073 57 18 tarry
1182 1070 36 15 out
1228 1067 34 18 the
1277 1067 90 19 services.

988 1092 128 19 Contractors
1126 1093 66 18 whose
1211 1093 80 19 tenders
1308 1100 46 18 may
1371 1094 25 18 be

961 1119 94 24 accepted
1070 1121 54 16 must
1142 1119 24 18 be
1182 1119 99 24 prepared
1300 1122 19 16 to
1338 1127 44 12 cam-

961 1147 35 16 out
1006 1145 35 18 the
1051 1145 86 18 services
1147 1145 32 18 for
1191 1145 63 19 which
1267 1145 47 25 they
1324 1146 72 20 tender

961 1170 108 25 according
1088 1173 20 15 to
1127 1171 126 19 time-tables
1271 1171 79 20 framed
1370 1173 26 24 by

962 1197 33 17 the
1006 1197 134 24 depaitment.

988 1223 71 18 Forms
1069 1223 21 18 of
1099 1223 76 23 tender,
1188 1223 47 18 with
1246 1223 35 19 the
1288 1226 61 18 terms
1356 1225 40 19 and

961 1249 113 18 conditions
1082 1249 21 19 of
1109 1252 95 20 contract,
1213 1255 45 19 may
1265 1249 26 19 be
1298 1251 98 24 procured

961 1280 21 14 at
992 1282 39 18 any
1041 1278 46 22 post
1097 1275 62 19 office.

987 1301 32 19 No
1030 1301 72 19 tender
1111 1301 41 19 will
1167 1301 26 19 be
1203 1301 116 20 considered
1328 1303 68 19 unless

961 1327 58 19 made
1030 1334 25 12 on
1066 1327 35 19 the
1109 1328 34 19 the
1155 1327 79 26 printed
1248 1329 59 18 form.

987 1353 94 23 Tenders,
1096 1353 98 20 endorsed
1306 1355 32 19 for
1345 1355 51 19 Mail

961 1380 85 22 Service,
1058 1380 38 18 No.
1219 1383 20 16 to
1251 1380 25 19 be
1286 1381 109 19 addressed

961 1409 20 15 to
990 1406 35 19 the
1036 1406 60 19 Chief
1105 1406 125 19 Postmaster
1241 1407 21 18 of
1277 1407 35 19 the
1329 1408 67 25 postal

961 1432 77 19 district
1062 1435 19 16 to
1109 1432 65 19 which
1197 1432 34 19 the
1254 1434 72 18 terder
1349 1440 47 19 may

961 1458 96 26 specially
1069 1458 59 19 refer.

1181 1484 34 21 W.
1230 1484 84 25 GRAY,

1256 1512 111 25 Secretary.

986 1541 104 19 *Serviees
1100 1548 46 18 may
1157 1541 25 20 be
1199 1541 85 20 affected
1304 1543 27 25 by
1347 1544 38 18 rail-

961 1574 42 18 way
1015 1568 111 22 extension,
1136 1568 41 19 and
1185 1575 45 17 may
1241 1568 24 19 be
1273 1570 122 18 terminated

960 1594 26 24 by
1010 1594 34 19 the
1065 1594 223 19 Postmaster-General
1312 1602 25 12 on
1363 1596 32 19 his

961 1620 71 25 giving
1042 1627 37 12 one
1090 1620 88 19 month's
1189 1621 64 18 notice
1270 1621 20 19 in
1307 1622 87 25 writing.

960 1672 221 19 Postmaster-General
1193 1680 24 11 on
1236 1679 24 12 on
1277 1674 32 19 his
1323 1674 72 26 giving

959 1705 38 12 one
1008 1698 88 19 month's
1107 1699 65 18 notice
1182 1698 20 19 in
1213 1699 88 25 writing.

1099 1731 46 17 may
1156 1724 25 19 be
1191 1726 121 19 terminated
1321 1726 28 25 by
1360 1727 34 18 the

960 1750 223 19 Postmaster-General
1214 1758 25 11 on
1265 1752 32 19 his
1323 1753 72 25 giving

960 1777 56 18 three
1029 1776 88 20 month's
1128 1777 64 18 notice
1204 1778 19 17 in
1235 1778 87 26 writing.

987 1802 91 27 Service
1089 1810 46 18 may
1150 1803 25 18 be
1192 1804 108 19 continued
1314 1805 31 19 for
1355 1812 39 17 any

959 1829 71 24 longer
1055 1829 71 26 period
1156 1830 24 24 by
1201 1830 34 18 the
1260 1830 134 20 Postmaster-

959 1855 87 19 General
1057 1856 72 25 giving
1140 1862 38 12 one
1188 1856 88 19 month's
1291 1858 66 19 notice
1374 1858 20 19 in

960 1882 81 23 writing

985 1907 25 19 In
1021 1908 114 25 delivering
1145 1908 38 19 and
1194 1908 103 27 receiving
1305 1910 59 19 mails
1374 1914 20 15 at

958 1933 181 25 railway-stations
1150 1935 14 18 it
1175 1935 16 18 is
1211 1935 122 20 understood
1350 1936 44 19 that

958 1962 124 18 contractors
1101 1961 46 18 deal
1163 1961 48 19 with
1229 1961 34 19 the
1279 1962 76 24 guards
1374 1963 20 19 of

959 1985 69 24 trains,
1045 1987 40 18 and
1102 1987 45 18 that
1163 1987 34 19 the
1215 1987 89 25 delivery
1320 1989 21 18 of
1359 1988 35 20 the

958 2012 59 18 mails
1027 2012 17 18 is
1055 2016 20 15 to
1086 2013 25 18 be
1121 2013 59 19 made
1196 2013 43 19 into
1257 2014 35 19 the
1310 2015 84 25 railway

957 2044 51 12 vans
1018 2039 16 18 if
1043 2039 101 24 required.

1064 2089 79 20 BAND
1157 2090 35 19 OF
1203 2090 84 21 HOPE.

1030 2165 37 20 the
1077 2166 65 19 above
1152 2166 42 19 will
1204 2167 47 18 take
1262 2167 56 24 place
1330 2168 20 19 in
1359 2168 34 19 the

958 2190 130 21 Schoolroom
1100 2199 24 12 on
1136 2192 75 25 Friday
1225 2196 54 20 next,
1304 2194 34 19 the
1349 2196 44 17 21st

957 2217 47 20 inst,
1017 2221 21 15 at
1050 2219 45 18 7.30
1109 2225 48 18 p.m.

984 2244 106 19 Members
1099 2245 21 18 of
1130 2245 33 18 the
1175 2245 64 18 above
1253 2252 34 13 are
1297 2246 95 25 specially

957 2270 108 24 requested
1076 2274 19 15 to
1105 2272 77 17 attend.

1014 2323 29 41 J.
1074 2323 35 42 M
1113 2321 16 26 c
1131 2323 204 49 fIRTHUR,

959 2379 207 27 ACCOUNTANT
1177 2380 59 26 AND
1252 2380 140 26 GENERAL

1118 2420 109 26 AGENT.

979 2475 131 18 Tradesmen's
1119 2476 61 17 Books
1195 2476 51 22 kept,
1264 2476 91 17 balanced
1373 2482 21 11 or

957 2498 83 18 audited.

980 2522 95 16 Accounts
1090 2523 55 16 made
1161 2524 35 16 out
1211 2523 37 17 and
1265 2523 91 17 collected
1369 2529 23 11 on

956 2545 126 18 commission.

968 2577 115 22 Temporary
1090 2577 86 17 address:
1190 2578 117 17 CintoxiCLE
1317 2578 63 17 Office.

957 2630 124 18 ROTORUA
1098 2630 178 19 PROSPECTING
1293 2631 85 19 ASSOCI-

1130 2655 85 17 ATION.

961 2726 33 17 \_J
1021 2723 98 23 perionced
1133 2726 118 20 prospectors
1265 2725 30 17 for
1309 2725 85 17 Rotorua

957 2747 82 21 County.
1066 2747 53 17 State
1128 2749 57 15 term's
1194 2747 37 18 and
1240 2748 60 17 share.
1326 2748 56 17 Refer-

957 2775 54 12 ences
1022 2770 93 22 required.
1149 2770 130 23 Applications
1296 2771 26 23 by
1331 2772 61 20 letter,

957 2792 101 19 addressed
1073 2794 29 17 W.
1117 2794 23 17 A.
1158 2794 112 21 Williams,
1288 2794 104 23 Secretary,

957 2817 79 20 R.P.A.,
1046 2817 91 17 Rotorua.

1018 2872 178 21 OHINEMUTU
1206 2874 122 20 AGENCY.

1058 2956 3 18 '
1068 2956 53 17 HOT
1130 2956 85 17 LAKES
1223 2956 152 18 CHRONICLE
1382 2956 2 18 !

1036 3024 27 25 J.
1083 3023 39 25 H.
1142 3023 167 27 LAKIN'S

1006 3075 70 17 FERN
1090 3075 53 18 AND
1157 3075 79 18 CURIO
1255 3076 91 18 DEPOT.

1056 3116 136 27 [Telegram:
1208 3117 94 27 Office.]

1031 3161 57 19 Near
1098 3160 56 20 Lake
1165 3160 71 20 House
1250 3161 71 19 Hotel.

960 3232 55 30 rpO
1028 3232 50 18 LET
1086 3238 24 12 on
1119 3232 89 22 building
1213 3232 49 17 lease
1267 3233 33 17 tlif
1307 3233 88 22 frontage

973 3251 9 21 I
1023 3256 20 16 of
1055 3257 38 16 two
1111 3256 80 16 sections
1204 3256 20 16 in
1241 3256 68 17 Arawa
1326 3256 68 18 Street.

959 3278 85 18 Suitable
1053 3279 30 16 for
1091 3279 33 17 the
1134 3279 81 17 erection
1221 3279 20 17 of
1246 3280 66 16 stores.
1329 3279 65 23 Apply

959 3302 45 17 Mrs
1013 3302 82 20 Young,
1109 3302 78 17 Mokoia
1194 3302 59 17 View.

958 4206 100 39 Ask
1083 4206 71 40 for
1192 4206 264 42 Hancock's
1493 4210 274 38 Celebrated
1805 4205 189 41 XXXX
2020 4204 112 41 Ales
2158 4206 95 39 and
2287 4206 149 42 Stout.
