3260 4260
64 99 53 60 IN
144 99 82 60 THE
253 99 109 60 LAND
389 99 55 60 OF

86 163 102 50 THE
230 162 199 47 TUHOE.

30 267 17 122 I
183 269 34 17 BY
231 268 96 18 TUHOE.

59 328 25 10 „.,-
95 320 73 18 fr.VMIT
181 320 24 12 OF
218 318 158 16 TARATOUNAMU,
392 317 22 13 IN
427 317 42 12 THE

61 339 3 23 '
73 343 115 19 \v!Ll>fcl'>"ESß
198 342 23 13 OF
235 342 42 13 TUE
291 341 100 14 UREWERA
405 339 63 14 COUX-

74 402 50 19 From
140 395 48 19 here
207 393 33 18 the
259 392 51 19 view
329 392 21 18 of
368 391 35 18 the
423 397 34 12 sur-

71 428 65 14 name
146 421 82 19 country
238 419 18 18 is
271 416 194 25 interesting—nay,

74 455 23 18 leo
99 450 16 22 d,
132 450 16 15 it
166 452 17 12 is
202 444 64 25 grand
310 443 40 18 Far
369 448 58 18 away
446 444 21 16 to

57 467 21 24 L
85 485 9 11 e
96 477 27 17 ast
132 473 49 18 rises
193 471 34 18 the
235 471 58 23 great
303 475 53 13 mass
366 468 22 19 of
407 468 45 19 Mau-

64 501 94 26 gapohatu,
169 496 47 19 with
226 496 26 18 its
261 495 53 19 cliffe
324 494 21 19 of
358 494 107 19 limestone

63 531 18 19 nd
88 531 23 17 its
128 531 51 17 iugo
183 530 10 11 e
195 522 12 19 d
217 524 83 16 contour
301 527 38 12 —a
356 520 107 19 mountain

56 552 63 24 Uoved
136 551 21 18 of
168 550 34 17 the
211 554 45 12 sons
271 548 21 18 of
302 546 76 23 Tuhoe,
397 546 69 19 famed

56 573 2 29 •
80 584 53 18 many
143 582 26 13 an
179 574 92 19 old-time
282 579 50 18 song
351 573 40 19 and
411 574 55 22 story

55 595 12 21 '.
80 600 119 26 jiaoriland;
215 599 48 19 with
290 599 27 18 its
344 598 121 24 mysterious

54 624 3 30 ■
66 637 27 17 tes
118 628 39 19 nnd
183 626 101 19 unknown
313 631 88 16 caverns,
430 624 35 18 the

54 644 41 38 lonie
103 656 19 19 of
130 654 35 19 the
183 659 51 15 moa,
246 651 34 18 tho
290 651 78 23 resting
377 650 57 25 place
444 650 21 18 of

54 671 22 28 L
82 693 8 12 a
92 682 64 21 ncient
174 678 57 23 doad,
252 677 35 19 the
306 676 65 19 abode
390 676 22 18 of
430 676 35 18 the

53 708 156 25 Timakaimoana.
237 703 132 18 descendants
390 702 21 18 of
429 702 35 18 the

53 728 3 30 1
63 728 14 29 \{
86 733 73 25 people,
180 729 39 20 and
239 728 102 19 erstwhile
360 728 35 19 the
412 731 53 15 most

53 749 11 34 ,!!
67 771 17 12 va
87 769 21 11 ,n'
125 759 21 18 of
165 755 157 21 mountaineers.
350 754 41 19 For
409 754 16 18 is
445 753 16 19 it

61 794 14 16 „t
89 785 39 22 told
138 785 44 17 how
192 782 105 18 Taneat.ua
306 780 41 19 and
365 780 98 19 Tawhaki

73 808 3 24 i
93 812 53 20 other
165 808 92 20 old-time
288 809 101 16 ancestors
407 813 56 12 came

51 846 35 17 from
97 839 30 19 the
137 837 56 18 coast
203 833 63 23 lands,
278 833 53 18 from
350 832 34 19 the
404 832 57 18 Land

56 872 8 17 ,f
71 867 28 19 Xui
109 864 20 18 of
139 861 39 22 old,
196 860 97 24 bringing
305 858 47 19 with
362 858 56 18 them
428 858 35 18 the

51 900 40 15 vaxa
102 890 20 18 of
132 888 34 19 the
176 893 43 12 new
229 891 51 17 race,
296 884 35 19 the
347 884 74 24 vigour
439 884 21 18 of

50 923 23 17 the
86 919 89 21 younger
184 911 80 24 branch,
286 912 34 17 tho
330 910 92 24 strength
442 913 20 15 to

51 949 33 18 dare
97 941 38 21 and
144 943 22 16 to
176 938 74 23 strike-;
266 936 39 19 and
324 935 20 19 of
363 936 46 18 how
427 936 34 18 the

50 972 60 22 ancient
127 964 114 27 Ngapotiki
259 962 75 19 melted
344 968 58 17 away
419 962 42 18 like

50 988 13 30 'i,
65 1006 7 12 e
94 993 94 21 seafoam
216 989 69 19 before
311 988 34 18 the
371 987 90 19 stalwart

50 1020 101 26 Polynesian
166 1016 81 24 vikings
273 1014 52 19 from
344 1013 35 19 the
403 1016 58 18 great

57 1039 35 29 ~'nn
119 1046 20 17 of
158 1043 72 22 Kiwa;
254 1041 40 19 and
322 1039 21 18 of
379 1042 81 22 strange

49 1085 7 9 ~o
57 1082 20 14 ffe
79 1079 27 15 rs
126 1069 48 21 held
191 1068 26 25 by
235 1067 35 19 the
296 1072 44 12 new
358 1072 103 12 comers—

49 1105 57 20 powers
122 1098 20 18 of
151 1094 63 20 dread
224 1094 79 23 import,
320 1091 89 19 whereof
418 1091 16 19 it
444 1092 17 18 is

47 1116 23 34 Jot
77 1124 40 21 well
125 1123 45 19 that
189 1126 46 13 man
252 1117 73 19 should
346 1117 58 19 know
426 1120 34 16 too

47 1143 52 32 much!
115 1149 71 19 Hence
202 1147 15 18 it
234 1145 17 19 is
267 1145 44 18 that
322 1150 28 12 we
367 1143 25 19 do
411 1143 49 19 hear

47 1173 141 28 half-concealed
223 1171 97 19 allusions
357 1172 20 16 to
412 1169 48 25 Nga

47 1201 153 24 Wliiitu-a-M-iru
211 1197 39 19 and
269 1197 34 18 the
321 1195 69 19 sacred
402 1195 57 20 talis*

46 1237 41 16 Bans
96 1225 105 23 concealed
211 1224 19 18 in
246 1223 34 18 the
299 1226 56 20 great
365 1222 63 19 forest
439 1222 20 19 of

45 1258 52 20 Tuhoe
107 1253 58 20 Land
173 1248 4 30 ;
193 1249 40 20 and
242 1253 21 15 to
272 1249 29 18 Te
320 1248 38 19 Iho
369 1248 77 19 o-Kata-

45 1285 16 18 ka
76 1282 30 19 the
116 1282 82 21 strange
209 1275 74 26 phallic
293 1274 87 19 emblem
391 1274 65 19 which

43 1308 53 22 stands
110 1309 20 16 at
148 1300 177 24 Oiiaua-to-rangi,
346 1306 49 13 near
409 1303 49 16 unto

43 1333 114 23 Kuatahuna,
169 1329 39 20 and
216 1331 19 16 to
242 1327 64 19 which
315 1326 68 19 .sacred
391 1332 67 13 hinau

42 1363 17 19 do
69 1361 57 19 resort
137 1357 56 19 those
212 1359 76 14 women
299 1353 20 18 of
332 1352 70 19 Tuhoe
413 1352 45 19 who

42 1389 38 20 have
88 1387 34 17 not
131 1383 52 19 been
193 1380 79 19 blessed
284 1378 48 19 with
350 1378 106 25 offspring.

59 1414 23 18 IV
90 1412 34 18 tho
139 1408 61 19 couth
214 1413 28 12 we
261 1411 33 12 see
313 1405 132 24 M«ungatani-

41 1441 32 18 wha
90 1437 38 19 and
146 1435 35 19 the
191 1433 60 24 sharp
261 1430 52 26 peak
325 1431 21 18 of
355 1430 28 19 To
398 1430 48 19 Turi-

41 1465 75 20 n-Haua,
134 1461 40 20 and
195 1458 98 19 eastward
321 1457 52 18 from
392 1456 64 23 tho-o,

40 1494 43 18 tie.ro
92 1490 62 18 looms
164 1487 34 18 the
210 1484 82 19 colossal
310 1483 101 22 Huiarau,
423 1483 34 19 the

40 1518 53 20 Sierra
103 1513 85 20 Nevada
197 1511 20 18 of
227 1510 34 19 the
270 1515 68 14 terra
348 1514 109 14 incognita

40 1545 14 18 of
65 1542 65 19 Tuhoe
149 1536 185 22 Land—Huiarau,
346 1535 33 19 the
399 1538 58 22 great

40 1567 76 23 bulwark
136 1566 21 19 of
166 1565 34 18 the
219 1563 103 22 Urewera,
335 1561 63 19 which
411 1568 34 17 pro-

39 1594 50 21 tected
100 1594 55 17 them
174 1591 49 18 from
243 1589 34 17 the
298 1587 62 19 tribes
379 1588 21 18 of
422 1587 34 19 the

39 1621 59 21 Rising;
109 1619 48 20 Sun,
169 1617 35 18 the
214 1614 96 20 childrem
320 1614 21 18 of
355 1613 87 25 Kuhung-

38 1654 36 13 uim.

56 1669 109 22 Westward
183 1669 48 19 rises
251 1667 139 18 Tuwatawata
416 1667 39 17 and

39 1700 22 19 the
71 1699 54 23 great
145 1695 98 21 vertebim
253 1693 21 19 of
293 1691 116 24 Pohokura,
421 1691 35 19 the

38 1726 29 19 k.t
80 1724 58 19 home
149 1722 21 18 of
177 1722 33 18 tho
220 1718 127 26 aborigines;
362 1717 35 19 the
412 1718 33 18 val-

38 1752 22 19 lev
73 1750 19 19 of
102 1750 33 18 the
155 1747 70 25 Upper
244 1740 123 28 Whiriuaki,
390 1743 64 19 where

38 1773 25 22 ::,'..
71 1775 75 20 ancient
163 1774 61 18 tribes
243 1771 65 19 abode
318 1770 39 19 and
372 1769 71 19 \Yhnre-

38 1804 54 25 paknu
115 1801 21 18 of
159 1797 99 21 immortal
282 1797 53 18 fame
354 1796 47 18 slew
421 1796 33 19 the

38 1827 94 21 imiliitudo
150 1827 22 17 of
190 1825 27 18 To
236 1823 164 25 Marangaranga
409 1829 5 16 ;
427 1822 28 19 To

38 1853 110 21 Whaiti-nui
163 1859 12 11 a
190 1851 41 19 Toi.
252 1851 35 17 tho
306 1849 58 18 home
383 1849 21 18 of
421 1848 33 19 the

37 1881 57 19 demon
115 1884 80 17 kawau,
224 1874 175 27 Hine-ruarangi;
416 1874 38 19 and

37 1907 18 19 To
64 1907 117 20 Ana-tuoro,
202 1902 63 19 which
278 1908 39 11 was
337 1902 79 17 formed
434 1900 20 19 in

37 1933 64 20 ancient
110 1931 60 19 times
187 1930 27 24 by
223 1928 34 19 the
268 1931 63 19 tuoro,
343 1934 11 11 a
364 1927 91 25 gigantic

37 1959 132 19 subterranean
179 1957 94 18 monster,
302 1953 88 24 llanges,
407 1959 36 18 rag-

38 1991 29 15 jes,
82 1989 73 18 ranges
179 1982 27 19 all
231 1979 77 20 around
311 1979 143 18 —forest-chid

37 2011 27 19 and
81 2010 84 21 sombre,
186 2007 108 20 unknown,
321 2004 131 25 unexplored,

37 2034 120 22 uninhabited

52 2063 25 18 To
86 2063 34 18 the
138 2060 67 22 north,
224 2065 80 17 ranges
325 2058 68 23 again,
414 2057 39 18 and

34 2090 48 18 forest
93 2087 39 19 and
143 2086 62 26 gulch
216 2085 38 18 and
263 2089 71 14 canon.
363 2083 47 19 And
418 2083 23 19 be-

33 2115 26 20 low
76 2121 21 12 us

84 2151 40 14 TUE
133 2149 81 15 VALLEY
224 2149 23 12 OF
257 2149 40 12 Till:
308 2147 76 17 OKAHU,

34 2181 52 20 where
96 2177 161 22 Tarewa-a-B.ua
267 2177 39 18 and
318 2176 26 18 Te
363 2175 90 19 Manako

33 2206 30 21 and
72 2213 12 12 a
93 2207 44 18 host
157 2205 20 18 of
195 2204 56 18 other
268 2202 94 20 old-time
383 2202 70 18 heroes

32 2234 39 18 lived
83 2233 37 18 and
134 2230 73 26 fought
217 2229 39 19 and
266 2229 45 18 died
324 2222 3 34 ;
344 2228 65 18 where
419 2227 33 19 the
463 2222 2 34 |

33 2266 34 12 sons
77 2261 19 16 of
110 2258 83 19 pukeko
204 2255 45 19 held
261 2256 33 17 the
306 2254 39 19 fort
362 2254 78 18 Oromai-

33 2286 41 19 take.
86 2291 48 12 near
144 2287 49 15 unto
204 2280 127 26 Ngapulahi,
343 2280 43 18 how
397 2286 56 12 came

32 2312 24 19 the
66 2310 93 24 vengeful
174 2308 63 26 Ngati
254 2307 105 24 Muhanga
375 2312 25 12 on
418 2307 34 17 the

32 2346 31 11 war
78 2337 45 20 trail
132 2336 40 18 and
181 2335 33 19 the
224 2333 133 20 descendants
369 2332 21 18 of
409 2332 28 19 Pu-

32 2365 41 19 keko
91 2361 100 22 retreated
215 2363 19 15 to
418 2360 34 18 fell

32 2391 40 19 back
82 2398 24 12 on
117 2386 134 24 Umurakau,
273 2385 63 19 broke
355 2384 39 18 and
414 2385 39 19 fled

31 2422 14 14 to
52 2413 151 24 Awa-tarariki,
215 2413 72 22 where,
298 2411 100 18 centuries
419 2412 24 19 be-

31 2444 33 18 fore
81 2444 52 18 their
153 2441 55 20 time,
229 2441 33 17 tho
284 2438 78 18 ancient
382 2439 71 24 people

31 2469 49 21 dwelt
90 2469 39 19 and
148 2465 63 22 toiled
234 2466 39 19 and
291 2464 73 26 passed
380 2471 58 18 away
449 2464 3 26 ;

31 2496 56 19 whose
97 2495 68 19 fertile
174 2493 46 19 flats
230 2499 52 12 wero
303 2497 47 12 once
369 2491 84 18 covered

31 2522 38 19 with
79 2521 125 20 cultivation,
215 2519 67 18 whose
291 2516 48 21 bills
353 2523 51 12 were
416 2519 29 16 ter-

31 2549 47 18 raced
87 2549 41 17 into
146 2550 70 19 strong
228 2545 57 23 forrs,
297 2543 40 20 and
348 2543 55 18 wood
414 2543 40 18 and

31 2574 47 25 fully
87 2580 52 18 rang
149 2572 48 20 with
217 2571 34 18 the
271 2568 65 21 sound
346 2569 21 19 of
386 2575 66 19 merry

31 2600 79 19 children
129 2606 22 12 or
160 2598 47 20 with
218 2598 34 18 the
271 2597 90 18 clamour
372 2596 22 18 of
413 2602 41 12 war

31 2626 30 19 ar.d
80 2626 63 19 strife.
172 2624 45 19 And
234 2630 51 15 now,
308 2622 54 18 what
387 2622 22 18 of
427 2621 27 19 all

31 2652 46 19 those
101 2651 80 25 mighty
199 2650 85 22 fighters
299 2649 40 18 and
358 2648 57 18 hosts
433 2648 21 17 of

31 2679 47 18 fierce
105 2677 93 20 warriors
209 2676 8 18 '?
244 2675 57 24 They
325 2674 53 19 have
402 2680 52 17 gone

31 2704 39 24 long
80 2705 52 18 siuce
142 2700 4 28 ;
162 2703 34 19 the
213 2702 61 18 forest
291 2702 37 17 has
347 2700 107 18 reclaimed

32 2730 18 18 its
60 2737 41 12 own
111 2726 4 26 ;
128 2730 34 18 the
172 2728 99 24 offspring
290 2727 21 18 of
329 2726 55 19 Tane
402 2726 52 18 have

32 2756 85 19 returned
136 2757 20 17 to
177 2755 33 18 the
228 2754 43 18 soil.
300 2753 28 19 As
355 2759 28 11 we
401 2752 53 25 push

31 2782 80 25 through
122 2782 34 18 the
165 2780 83 25 tangled
257 2780 63 18 forest
330 2785 28 12 we
370 2784 33 12 see
421 2778 34 18 tho

32 2803 77 24 walls'of
129 2807 81 19 ancient
228 2812 36 19 pas
285 2805 39 19 and
340 2804 116 23 crumbling

33 2832 197 25 defences—nothing
240 2838 61 12 more.

52 2860 14 14 ir
69 2867 20 12 ar
99 2867 57 15 away
166 2865 29 13 we
205 2864 36 13 can
257 2864 33 12 see
301 2857 33 19 the
353 2856 63 18 break
435 2857 21 18 in

33 2885 27 19 the
78 2886 47 19 blue
135 2891 74 18 runges
217 2886 44 23 past
272 2883 65 19 which
349 2883 37 18 lies
404 2889 51 18 open

33 2914 80 21 country,
126 2912 34 18 the
170 2911 65 24 plains
245 2911 21 17 of
277 2909 120 25 Kaingaroa
407 2908 4 27 ;
421 2908 34 18 the

34 2940 48 23 great
92 2938 47 19 hills
150 2937 64 19 which
224 2935 66 26 guard
309 2935 34 19 the
362 2938 94 15 entrance

33 2966 16 16 to
57 2965 32 18 the
99 2964 75 19 realms
181 2963 21 17 of
209 2961 247 23 Tane-mahuta—ranges

33 2989 36 19 that
79 2991 50 19 have
137 2996 46 12 seen
193 2994 21 12 so
224 2994 60 18 many
294 2987 89 22 changes
391 2986 21 19 in
422 2986 35 19 tha

35 3021 49 19 gre-H
92 3022 70 12 white
171 3019 71 15 WORLD
252 3015 21 17 of
283 3013 34 19 the
336 3013 72 20 Maori,
419 3012 39 19 but

35 3041 56 20 which
101 3041 122 20 themselves
232 3046 33 13 are
273 3046 47 12 ever
332 3038 125 24 changeless:

35 3067 57 20 which
110 3074 39 12 saw
160 3067 35 19 the
205 3066 44 19 lone
264 3066 59 18 lands
333 3065 21 18 of
364 3066 34 17 tho
416 3064 41 19 dim

35 3097 43 21 past,
108 3095 96 18 innocent
223 3092 22 18 of
271 3098 54 13 man,
346 3090 37 19 but
409 3091 48 18 with
469 3090 1 28 j

36 3121 25 17 stn
72 3126 37 20 ago
118 3122 101 17 creatures
230 3117 75 20 abroad
318 3117 89 22 thereon,
419 3116 39 19 and
469 3116 1 30 I

35 3145 27 18 the
80 3146 80 24 coming
170 3145 21 18 of
207 3150 53 16 man,
271 3144 21 18 of
300 3143 34 18 the
356 3142 103 24 explorers

36 3171 15 18 of
60 3172 42 19 half
111 3180 13 11 a
134 3170 70 23 world,
219 3170 52 18 from
284 3169 33 19 the
328 3175 67 16 sunny
413 3168 46 19 isles

37 3197 14 18 of
66 3198 33 19 the
163 3197 52 18 from
225 3196 33 18 the
266 3195 96 25 pestilent
376 3194 83 25 jungles

37 3223 15 18 of
59 3224 33 19 the
103 3224 32 18 far
155 3224 56 21 west,
222 3222 37 18 but
277 3228 13 12 a
298 3221 40 19 few
348 3226 55 13 score
413 3226 34 12 cen-

37 3250 53 19 turies
112 3250 52 18 from
176 3248 35 19 the
223 3248 67 18 cradle
301 3248 20 17 of
331 3246 53 19 their
402 3252 57 15 race;

37 3281 33 12 saw
79 3276 34 18 the
132 3274 83 26 nge-old
235 3280 85 12 warrors
330 3273 21 18 of
360 3272 64 21 Maui,
439 3278 22 12 or

37 3299 62 26 Maku,
130 3308 22 12 or
172 3301 60 24 Kupe
256 3299 47 19 land
322 3305 54 18 upon
404 3298 57 19 these

37 3327 67 22 shores,
128 3327 40 19 and
186 3332 40 12 saw
245 3325 56 19 them
325 3325 90 19 increr.se
440 3324 19 19 in

38 3353 28 19 the
75 3353 47 19 land
130 3349 4 27 ;
145 3360 41 12 saw
197 3352 33 18 the
239 3352 81 22 coming
329 3351 21 18 of
360 3351 35 17 the
411 3349 50 19 New

38 3378 67 26 People
115 3379 40 19 and
165 3379 33 18 the
207 3377 120 19 destruction
339 3377 20 17 of
369 3376 34 18 the
415 3376 43 21 Old,
469 3373 1 31 j

39 3403 27 20 the
75 3400 68 30 'flight
162 3405 21 17 of
207 3404 33 18 the
259 3403 95 19 Maruiwi
372 3402 40 18 and
428 3402 34 18 the

39 3430 67 20 advent
127 3431 21 18 of
169 3430 35 18 the
224 3429 107 19 Mataatua
356 3428 105 22 migrants.

38 3455 38 21 And
86 3457 32 18 far
128 3456 39 18 and
179 3455 50 19 wide
239 3461 48 12 over
297 3455 35 17 the
342 3456 58 22 great
416 3460 36 12 ran-

40 3488 28 17 ges
77 3483 26 18 lie
122 3482 35 19 tho
177 3481 88 19 children
287 3481 21 18 of
325 3480 43 20 Toi-,
389 3480 21 18 in
428 3480 35 18 the

39 3511 48 21 greu'
99 3509 63 18 forest
181 3507 64 19 which
256 3506 101 24 protected
369 3506 39 17 and
419 3512 33 11 sus-

38 3534 62 19 tained
110 3535 55 18 them
176 3534 20 18 in
206 3533 41 23 life,
259 3532 39 18 and
308 3531 89 19 received
408 3531 54 18 them

39 3558 36 21 into
93 3562 25 17 its
129 3561 71 18 bosom
211 3558 55 19 when
287 3558 33 18 the
340 3557 39 18 end
397 3563 62 12 came.

39 3584 83 22 Beneath
134 3586 35 19 the
185 3584 128 23 mouldering
323 3583 100 25 offspring
440 3582 21 19 of

40 3610 47 21 Tane
98 3613 48 23 they
157 3614 41 16 rest
209 3610 19 19 in
241 3616 66 19 pence.

59 3638 95 25 Agßin,a
166 3637 53 18 fnint
228 3635 61 20 white
299 3635 40 19 line
351 3641 25 12 on
391 3634 34 18 the
435 3634 28 19 far

40 3662 40 21 hills
90 3664 65 19 above
165 3662 93 19 Matiti—
261 3668 9 12 n
282 3661 41 19 lire
334 3661 63 18 which
408 3661 58 17 looks

40 3688 35 21 like
85 3697 11 12 a
107 3690 62 19 white
181 3687 71 21 thread
271 3687 58 24 bung
347 3686 65 18 round
431 3686 34 18 tho

40 3714 45 21 cliffs
95 3716 21 18 of
126 3714 81 20 Okahu.
234 3713 50 19 Alas
294 3713 31 18 for
334 3712 35 19 the
388 3711 78 19 ancient

41 3741 77 20 aukati!
134 3742 20 19 It
165 3741 18 19 is
192 3740 34 19 the
236 3739 133 24 unbiquitous
387 3737 80 25 palceha

41 3768 53 19 —the
118 3767 83 20 restless
219 3765 61 19 white
309 3763 119 19 man—who
449 3763 16 18 is

42 3794 119 25 everywhere
172 3792 39 20 and
222 3791 48 19 does
280 3789 120 25 everything
409 3796 5 16 ;
436 3789 32 19 for

42 3817 12 20 it
61 3819 17 20 is
85 3819 35 20 the
136 3819 50 19 road
195 3816 78 20 formed
284 3816 27 24 by
330 3815 34 19 the
385 3822 33 18 ex|
425 3815 31 18 edi-

44 3845 34 19 tion
89 3846 52 18 from
151 3845 33 19 old
195 3844 49 18 Fort
252 3842 92 22 Galatea,

42 3883 34 15 AKD
85 3886 21 13 IT
120 3885 39 13 CUT
236 3882 42 14 THE
294 3880 56 14 VERY
365 3880 70 13 HEART
445 3880 24 13 OF

176 3909 69 14 TUHOE
261 3908 61 14 LAND..

42 3937 38 21 And
100 3942 16 16 it
125 3939 72 19 crawls
213 3944 25 12 on
254 3935 83 25 swiftly,
358 3934 45 19 that
424 3934 44 19 thin

43 3965 54 19 white
121 3966 137 22 line—creeps
283 3961 65 20 round
364 3961 36 18 the
415 3960 55 24 huge

43 3989 45 21 cliffs
106 3991 40 19 and
166 3996 64 14 across
249 3991 59 23 great
325 3993 80 18 ranges,
427 3985 41 19 and

43 4015 82 27 through
144 4017 36 18 the
196 4016 61 19 dense
273 4015 63 18 forest
353 4012 40 19 and
411 4011 59 19 down

44 4042 29 19 'he
80 4043 97 23 darkling
184 4042 88 25 gulches.
288 4040 57 23 They
351 4044 62 13 never
422 4040 46 19 rest,

44 4067 50 21 these
110 4069 60 20 white
180 4074 52 13 men.
270 4066 45 24 Day
335 4065 27 25 by
372 4064 40 25 day
422 4063 48 24 they

44 4092 29 26 <%
82 4095 39 19 and
132 4095 44 18 how
186 4094 39 19 and
233 4092 56 19 blast
298 4091 40 20 and
345 4094 44 15 tear
407 4096 12 13 a
426 4095 44 17 way

44 4118 36 21 into
89 4122 34 18 the
143 4114 127 26 wilderness;
287 4118 54 22 hugo
360 4120 54 15 trees
433 4114 37 20 fall

493 99 42 18 like
544 98 42 19 hail
604 97 36 18 lief
640 103 33 12 ore
688 98 63 22 them,
769 98 36 18 the
822 99 53 18 cliffs
891 105 34 12 are

493 124 77 25 probed
578 123 49 19 with
637 122 81 25 powder
729 123 40 19 and
779 126 44 16 torn
833 127 35 16 out
876 124 48 19 with

493 148 113 26 dynamite;
623 148 33 19 the
672 148 86 25 gulches
774 155 34 12 are
817 150 56 18 filled
891 156 33 18 up.

494 176 29 18 As
532 181 48 12 soon
590 181 22 12 as
623 180 11 13 a
647 180 52 18 sang
708 174 85 19 finishes
803 175 26 18 its
839 175 85 19 division

492 201 47 24 they
558 204 43 15 tear
610 206 28 18 up
650 200 53 18 their
712 206 58 15 camp
781 201 39 18 and
831 202 53 23 push
903 207 11 12 a-

491 226 54 19 hoad
560 228 20 17 to
598 225 49 19 take
656 226 53 18 their
727 226 57 25 place
794 226 21 19 in
825 227 34 18 the
877 233 46 12 van.

491 252 62 24 Truly
576 258 12 13 a
611 255 82 22 strange
713 252 72 25 people
807 252 58 20 these
890 259 22 19 pa-

491 277 50 20 keha
553 277 4 20 !

517 304 63 23 Away
604 310 67 12 across
688 303 36 19 the
744 303 79 19 sombre
850 310 74 19 ranges

490 329 49 19 rises
548 336 12 12 a
575 330 45 18 thiu
637 329 68 19 streak
722 329 21 19 of
753 329 75 19 smoke.
866 330 21 18 It
905 331 17 18 is

685 361 60 18 camp
755 357 22 16 at
793 355 28 19 Te

490 381 66 19 where
565 381 35 19 the
610 381 72 19 sinews
692 381 22 18 of
729 387 42 13 war
780 387 34 13 are
831 382 93 19 stored—

489 407 35 19 the
534 414 41 12 war
585 407 45 19 that
638 407 18 18 is
668 406 61 25 being
747 407 78 18 carried
835 414 26 12 on
872 408 48 18 with

489 439 26 12 no
525 435 89 23 trumpet
621 433 52 18 blast
682 439 23 12 or
715 433 42 18 loss
766 433 22 18 of
795 432 36 19 life
841 433 81 25 against

489 459 35 18 the
533 463 57 21 great
598 459 53 18 cliffs
659 458 39 19 and
708 465 75 18 ranges
800 459 40 18 and
849 459 72 19 forests

488 485 22 18 of
529 486 33 17 tho
585 484 97 20 Uvewera
700 487 92 21 country.
829 484 91 21 Whence

487 517 56 12 come
553 510 33 19 the
597 511 53 18 train
660 510 21 19 of
690 510 53 25 pack
754 510 69 19 horses
833 517 29 12 we
875 518 47 18 may

487 543 34 12 see
539 537 118 24 struggling
675 536 90 24 through
785 536 34 19 the
836 538 86 24 surging

488 569 29 12 wa
520 561 3 25 -
527 568 32 13 ers
574 562 21 19 of
611 562 81 23 Okahu,
711 561 127 25 clambering
856 564 65 19 round

487 589 35 18 the
531 592 55 21 ateep
597 588 54 19 cliffs
666 590 21 16 at
706 588 49 25 Nga
773 587 135 21 Wihine-kai-

487 617 84 20 awatea,
590 614 37 19 toil
645 620 27 19 up
682 613 35 19 the
737 616 56 23 steep
811 619 68 15 ascent
900 617 20 18 of

487 641 155 24 Tarapouuamu
649 640 9 18 ?

512 668 19 18 A
541 666 91 20 stalwart
640 665 40 19 and
694 665 77 25 motley
779 666 72 23 crowd,
863 668 57 18 these

485 693 93 25 pioneers
597 693 21 18 of
633 691 70 20 Tuhoo
722 691 65 24 Land,
804 693 46 18 who
868 694 51 18 have

485 719 84 25 camped
584 719 20 18 in
618 724 59 17 many
696 717 60 19 lands
771 718 41 18 and
821 725 47 13 seen
886 720 34 18 the

486 748 81 21 strange
577 745 70 24 things
656 744 21 18 of
684 743 35 19 the
729 743 110 24 oarth,'and
849 745 70 19 withal

485 778 13 12 a
513 771 73 24 kindly
597 769 80 26 people;
689 769 32 19 for
731 769 17 19 is
764 770 15 18 it
791 774 33 14 not
835 771 42 19 told
896 772 21 17 of

485 797 75 19 certain
589 797 109 23 wayfarers
734 795 45 19 who
811 797 106 18 consumed

485 830 66 17 many,
563 829 49 11 even
623 828 12 12 a
645 824 58 23 great
713 828 68 18 many,
792 827 63 13 menu
873 823 44 18 dun

485 849 36 24 ing
531 855 12 13 a
552 849 40 24 trip
607 848 52 19 from
670 847 29 19 Te
716 847 61 20 Haka
786 852 20 14 to
817 848 88 19 Waikoti-

484 875 48 19 koti.
545 875 33 18 for
593 874 63 24 Camp
667 875 10 16 5
697 873 76 25 utterly
788 873 129 26 disregarded

484 901 35 18 the
537 901 95 24 previous
651 900 120 24 hospitality
790 901 22 18 of
830 901 62 25 Camp
904 903 10 16 4

484 927 40 19 and
534 927 63 25 Camp
609 927 22 18 18
641 926 45 18 held
697 926 46 18 that
752 926 34 18 the
795 926 51 19 flesh
853 927 21 18 of
884 927 34 18 the

484 953 48 19 wild
541 954 42 23 hog
593 958 40 13 was
644 957 54 13 more
708 952 104 19 succulent
822 952 50 19 than
882 953 35 18 the

484 983 33 15 tea
527 979 39 19 and
577 979 74 19 biscuit
660 978 20 18 of
690 977 65 25 Camp
767 978 31 19 17.

509 1005 42 19 But
558 1006 47 24 they
616 1011 34 12 are
659 1006 35 15 not
703 1004 21 18 of
736 1004 116 22 theTuhoe,
861 1004 56 20 thefce

483 1033 81 22 6trange
575 1038 45 12 men
629 1030 4 25 ;
650 1030 47 23 they
714 1030 60 18 know
792 1033 35 16 not
837 1031 21 18 of
875 1031 30 18 Ira-

482 1057 59 18 kewa
552 1057 40 19 and
604 1057 71 23 Toroa,
692 1056 42 18 and
752 1055 69 20 Potiki
838 1057 21 18 of
877 1057 38 18 old.

482 1083 57 24 They
549 1086 51 15 treat
611 1082 47 19 with
669 1088 58 13 scorn
738 1082 33 18 the
781 1082 72 25 simple
861 1083 43 18 folk-

482 1109 42 18 lore
534 1110 21 17 of
564 1109 34 18 the
609 1115 45 12 sons
665 1108 20 19 of
693 1108 36 19 the
739 1108 43 23 soil;
802 1108 52 19 their
873 1110 43 17 talk

482 1135 17 19 is
509 1136 22 18 of
548 1136 33 18 the
598 1134 120 20 Melbourne
738 1134 50 25 Cup,
803 1134 40 19 and
863 1136 52 23 prize

482 1161 99 26 sluggers,
592 1161 39 19 and
645 1160 39 19 will
694 1159 110 21 Tattersall
821 1161 47 19 hold
885 1161 30 19 his

482 1194 45 12 own
548 1187 21 19 in
591 1187 35 19 the
645 1186 56 20 Land
722 1187 22 18 of
763 1187 34 18 tho
818 1186 95 20 Banana!

481 1213 70 25 Verily
575 1214 49 23 they
647 1213 68 19 smack
738 1213 21 18 of
780 1216 70 19 towns,
875 1213 40 19 and

481 1239 126 22 civilisation,
628 1239 40 19 and
685 1239 94 19 crowded
802 1239 73 19 haunts
894 1241 21 17 of

481 1272 52 12 men.
562 1265 40 19 We
612 1272 33 12 are
656 1271 86 18 aweary.

494 1306 21 13 IN
527 1306 54 13 CAMP
588 1305 54 14 WITH
652 1305 40 13 THE
703 1305 118 14 EXPLORING
828 1305 71 14 PARTY.

507 1335 46 19 Still
562 1335 80 19 further
651 1335 71 19 ahead.
738 1334 21 18 It
768 1334 17 18 is
792 1334 55 24 early
855 1335 58 19 dawn

480 1361 21 19 in
511 1362 34 18 tho
556 1364 56 22 great
623 1361 67 22 forest,
702 1361 33 18 far
745 1366 27 19 up
790 1367 25 12 on
833 1361 67 19 Tahua-

480 1394 42 12 roa.
560 1388 42 18 The
621 1394 49 17 grey
687 1387 56 24 light
763 1387 72 18 breaks
854 1387 58 19 down

480 1413 89 25 through
579 1414 34 18 tho
624 1413 60 19 dense
694 1413 77 24 foliage
778 1413 21 18 of
809 1416 52 15 tawa
871 1413 40 19 and

480 1440 85 18 rata—it
577 1439 61 26 lights
649 1446 26 17 up
685 1438 35 19 tho
730 1438 50 19 rude
794 1438 69 27 cam]);
879 1439 33 19 the

480 1466 94 24 morning
583 1466 29 18 air
624 1465 72 19 Btrikes
706 1465 61 25 chill;
783 1465 16 18 it
818 1465 94 19 awakens

479 1491 34 19 the
527 1491 84 19 locators
619 1491 4 24 ;
638 1492 47 23 they
701 1493 43 17 cast
760 1491 29 18 off
804 1491 34 18 the
854 1491 47 19 blan-

479 1517 46 19 kets
531 1518 39 18 and
581 1524 55 12 como
646 1517 54 19 forth
708 1517 4 24 ;
728 1517 48 24 they
786 1517 55 18 wash
846 1517 20 18 in
877 1517 33 19 the

478 1544 44 18 cold
531 1547 60 15 water
600 1545 22 17 of
632 1544 33 18 the
677 1543 82 19 branch.
771 1543 138 21 Some-smoke,
921 1539 2 25 I

478 1576 54 13 some
543 1576 62 13 sw6ir
607 1576 77 12 —rrom
693 1570 53 18 force
757 1569 21 18 of
789 1569 57 18 lial.it
855 1576 56 18 may-
921 1569 2 27 j

480 1597 30 18 be.
550 1596 42 19 The
611 1596 95 24 morning
725 1595 52 19 med
804 1602 51 15 over,
877 1595 33 20 the

478 1624 59 23 party
551 1625 58 16 starts
620 1622 53 19 forth
690 1628 22 12 as
729 1622 35 18 the
781 1628 37 12 sun
837 1621 74 19 flashes

478 1649 58 18 down
546 1649 52 18 from
615 1647 100 20 Huiarau.
751 1647 56 25 They
823 1647 88 20 advance

478 1675 103 23 carefully,
593 1675 72 24 noting
675 1674 34 19 the
719 1673 34 25 lay
763 1674 21 17 of
801 1674 33 17 the
850 1680 48 12 coun-

478 1703 32 22 try
527 1701 39 18 and
584 1701 34 18 the
635 1707 37 17 sag
690 1700 22 18 of
727 1700 35 18 the
777 1699 36 25 big
830 1706 79 18 range-.

479 1727 78 18 Grade-
565 1733 33 12 are
608 1726 87 25 roughly
710 1726 68 22 taken,
798 1731 67 19 passes
881 1725 20 20 lo-

477 1753 63 22 cated,
559 1752 95 19 altitudes
678 1752 68 19 noted.
775 1752 33 18 No
826 1752 49 18 time
894 1753 16 18 is

477 1779 45 22 lost,
534 1779 31 18 for
576 1779 33 18 the
619 1778 100 25 objective
727 1778 63 25 'point
800 1778 16 18 is
826 1778 34 18 tho
877 1785 34 12 sea

478 1805 20 18 of
508 1805 34 18 the
552 1804 90 25 rippling
653 1807 78 20 waters,
748 1804 40 19 and
804 1804 34 18 the
854 1808 57 21 gieat

478 1830 105 19 backbone
593 1832 22 16 of
626 1830 93 19 Huiarau
731 1833 54 16 must
796 1830 23 18 bo
832 1830 78 19 crossed

478 1856 68 20 before
557 1857 33 19 the
602 1863 64 12 snows
675 1857 21 18 of
713 1857 73 19 winter
804 1856 106 19 obliterate

478 1883 34 18 the
523 1883 104 19 mountain
638 1889 74 18 passes.
741 1883 46 17 And
806 1882 53 19 swilt
876 1883 23 19 be-

478 1909 48 19 hind
537 1909 53 19 them
601 1916 55 11 come
666 1909 33 18 the
710 1909 85 24 graders
807 1909 47 17 with
864 1909 46 24 pick

477 1935 40 18 and
527 1935 36 19 bar
574 1935 39 18 and
623 1935 110 24 dynamite.
750 1935 38 18 For
799 1935 33 18 tho
842 1935 68 24 legion

477 1961 44 19 that
532 1968 106 12 uoverwas
649 1961 58 18 listed
719 1962 17 17 is
746 1964 20 15 at
778 1961 53 19 work
846 1961 38 18 and
894 1962 16 18 is

477 1988 82 24 curving
569 1993 12 12 a
590 1994 44 17 way
645 1987 89 24 through
745 1987 34 19 the
795 1987 115 19 wilderness

476 2013 32 18 fur
518 2014 33 17 the
562 2019 46 12 sons
619 2013 21 18 of
647 2018 51 14 man.

503 2039 45 24 Day
557 2039 25 23 by
593 2039 40 24 day
641 2039 34 19 the
685 2039 45 19 thin
741 2039 61 18 white
817 2039 41 18 line
874 2039 24 18 ad-

476 2072 72 12 vances
558 2065 42 18 into
610 2065 35 18 the
655 2065 58 18 heart
723 2065 21 18 of
754 2065 34 18 the
799 2065 53 21 land,
871 2065 39 25 day

477 2091 26 25 by
513 2091 38 25 day
562 2091 34 18 tho
606 2091 66 25 signal
689 2091 48 19 fires
755 2097 58 18 creep
832 2097 27 18 up
877 2091 33 19 the

476 2121 57 20 great
543 2124 74 18 ranges
628 2124 68 12 nearer
706 2120 20 15 to
741 2117 100 18 Huiarau.
857 2117 25 18 In
898 2124 12 11 a

476 2150 48 17 year
534 2151 21 11 or
565 2148 45 18 two,
623 2143 57 19 when
691 2144 35 18 the
738 2143 59 18 white
808 2143 50 18 lines
877 2149 33 12 are

477 2170 74 22 united,
574 2170 33 18 tho
626 2170 110 23 scattering
758 2169 92 24 pioneers
870 2169 41 19 will

476 2202 79 17 emerge
566 2196 41 18 into
621 2196 34 19 tho
665 2191 63 23 world
739 2196 21 17 of
778 2194 53 26 light
847 2197 19 16 at
882 2195 28 19 Te

477 2222 88 22 Wuiioa,
577 2228 22 12 or
609 2222 47 18 take
666 2222 35 18 the
715 2228 45 12 cars
774 2224 21 15 at
818 2222 2 22 I
833 2224 76 18 otorua,

476 2255 22 11 or
508 2248 59 18 hoard
576 2248 34 19 the
619 2248 76 19 nimble
703 2251 77 15 coaster
788 2251 21 14 at
819 2247 76 18 Whaka-

476 2277 53 15 tane.

505 2300 37 18 Yet
551 2307 11 11 a
573 2300 38 18 few
623 2299 70 20 weeks,
706 2300 40 17 and
757 2305 37 12 one
812 2299 16 18 i*
844 2299 68 24 riding

476 2326 56 18 down
544 2326 84 25 dtgrecs
642 2326 21 18 of
681 2326 87 18 latitude
790 2326 21 18 in
830 2325 81 19 Central

477 2352 108 22 Australia,
597 2352 84 18 .mother
691 2352 83 24 trading
783 2351 26 20 in.
814 2352 34 18 the
855 2352 45 18 Solo-

477 2384 66 17 mons;
559 2385 38 11 one
605 2378 81 18 reaches
698 2380 33 16 for
740 2378 34 18 the
789 2377 46 19 land
847 2378 21 18 of
877 2380 34 16 the

477 2404 102 23 Mashomi,
596 2404 85 18 another
698 2404 61 18 hears
773 2403 35 19 the
825 2404 49 18 rush
891 2404 21 18 of

476 2430 34 18 the
519 2431 60 17 white
587 2435 71 13 wafers
666 2436 24 12 on
699 2430 35 19 the
742 2430 38 18 Del
795 2429 63 20 Norte
868 2429 41 19 bar.

476 2455 41 19 But
528 2456 33 18 the
571 2455 90 19 children
672 2456 20 18 of
708 2456 37 18 Toi
761 2456 25 18 lie
804 2455 50 19 calm
872 2456 40 18 and

477 2482 91 22 peaceful
579 2482 26 24 by
615 2482 35 18 the
664 2484 72 16 wators
752 2483 20 17 of
790 2481 54 19 Kuat
851 2481 61 19 ihuna

476 2508 79 18 —their
565 2515 58 17 camp
632 2508 16 18 is
658 2508 45 18 lone
713 2508 42 18 and
764 2508 60 18 silent
839 2514 73 19 among

477 2534 33 17 tho
521 2540 64 11 snows
595 2535 21 16 of
628 2533 99 18 Huiarau.

478 2594 77 18 THEY
564 2594 169 18 WONDERED
742 2594 34 18 TO
787 2594 50 18 SEE
848 2594 54 18 HIM.

524 2652 10 19 I
546 2658 64 13 COULD
630 2658 38 13 NOT
678 2658 58 13 MOVE
751 2658 13 13 A
774 2658 56 13 YARD
847 2657 52 13 WITH-

477 2685 39 12 OUT
534 2685 59 12 HELP.
623 2678 10 19 I
654 2685 38 12 CAN
717 2684 47 14 NOW
788 2683 60 14 WALK
874 2683 39 13 FOR

503 2731 65 18 There
579 2731 16 18 is
605 2730 98 25 certainly
713 2737 12 12 a
732 2737 49 17 very
792 2730 61 24 sharp
866 2736 33 12 con-

477 2759 52 16 trast
548 2757 89 18 between
656 2757 57 18 these
728 2760 39 15 two
786 2758 124 17 statements.

478 2783 67 19 When
557 2790 28 11 we
595 2789 33 12 see
638 2789 13 12 a
667 2789 74 18 person
761 2782 51 23 who,
825 2782 85 18 because

478 2810 21 17 of
508 2809 75 23 illness,
593 2809 16 18 is
630 2808 75 19 unable
724 2811 21 16 to
754 2815 59 12 move
831 2814 12 11 a
860 2807 51 25 yard

478 2835 85 19 without
582 2835 53 25 help,
659 2841 29 12 we
710 2834 26 19 do
756 2837 36 16 not
807 2837 71 22 expect
892 2837 20 15 to

478 2864 53 15 meet
546 2861 42 18 him
607 2867 26 12 on
649 2860 33 19 the
698 2860 50 19 road
765 2860 40 19 and
825 2867 26 12 on
870 2860 43 18 foot

479 2887 57 18 miles
545 2887 52 18 from
607 2887 65 24 home,
692 2893 51 12 soon
758 2886 111 19 thereafter
878 2885 4 26 ;
898 2885 15 19 if

478 2913 79 23 indeed,
585 2919 29 13 wo
636 2915 52 17 meet
707 2912 44 19 him
778 2915 22 16 at
823 2912 35 19 all.
885 2911 28 19 At

479 2940 51 18 least
538 2946 29 12 wo
578 2939 73 19 should
659 2939 75 23 regard
742 2939 58 18 these
807 2941 104 18 extremes,

479 2965 117 19 considered
606 2972 23 12 as
639 2965 71 18 within
719 2965 36 18 the
765 2964 119 25 experience
892 2963 21 19 of

479 2992 34 18 the
533 2997 52 13 same
595 2997 51 17 man,
658 2991 39 18 and
715 2990 94 19 enclosed
820 2990 71 18 within
902 2995 11 13 a

480 3017 156 26 comparatively
659 3017 54 18 brief
732 3016 71 25 period
822 3017 21 17 of
858 3015 54 23 time,

481 3051 22 11 as
513 3043 117 25 something
638 3045 20 17 to
669 3042 82 20 wonder
761 3045 20 16 at
792 3042 40 18 and
843 3044 20 16 to
877 3041 36 19 ask

481 3070 104 25 questions
610 3069 70 19 about.
708 3068 48 19 And
782 3067 72 26 people
880 3066 34 19 did

482 3095 80 19 wonder
590 3098 21 16 at
639 3095 39 19 and
703 3095 82 24 inquire
804 3094 63 19 about
891 3093 22 18 it.

482 3123 62 24 .Many
555 3121 43 19 said
607 3121 34 19 the
654 3121 155 19 circumstances
827 3119 88 19 recalled

482 3149 34 17 the
527 3155 37 18 age
574 3148 21 18 of
605 3147 98 22 miracles,
715 3146 101 25 supposed
826 3149 21 15 to
863 3146 51 17 have

482 3175 71 24 passed
580 3174 79 18 forever
692 3179 65 17 away.
785 3173 10 17 'I
802 3172 26 18 he
863 3171 52 19 facts

484 3200 83 25 (briefly
576 3201 30 18 set
616 3199 56 18 forth
681 3198 20 19 in
712 3205 12 12 a
734 3198 60 19 letter
812 3198 52 18 from
880 3197 35 18 the

482 3233 48 12 man
548 3225 91 24 himself)
658 3231 33 12 are
718 3231 22 12 as
763 3224 84 19 follows.
875 3222 40 20 We

484 3259 45 17 may
546 3252 39 19 add
594 3252 44 18 that
649 3250 32 19 Mr
699 3250 74 24 Henry
792 3248 88 20 Jackson
899 3249 16 18 is

484 3286 11 13 a
503 3280 80 20 farmer,
595 3276 44 20 well
650 3276 74 19 known
735 3275 39 20 and
781 3274 105 26 respected
894 3275 22 18 in

483 3306 32 19 his
525 3304 83 22 district,
621 3302 38 19 and
670 3302 32 19 his
712 3308 45 13 ease
767 3301 18 19 is
795 3300 88 20 familiar
896 3303 20 17 to

484 3331 124 25 neighbours
640 3328 38 19 and
717 3327 79 20 friends
830 3327 21 18 of
885 3327 31 18 his

484 3357 125 25 throughout
619 3354 35 19 the
670 3354 88 25 vicinity.

477 3375 1 30 I
566 3383 34 18 tho
621 3380 54 25 early
691 3383 47 22 part
748 3380 21 18 of
869 3384 45 19 says

484 3410 33 19 Mr
527 3409 96 21 Jackson,
661 3401 11 24 I
687 3406 70 25 began
764 3408 22 16 to
804 3405 40 18 feel
859 3404 57 19 weak

485 3436 40 19 and
534 3435 70 24 ailing.
632 3433 11 19 I
654 3440 40 12 was
711 3433 37 18 low
759 3432 20 18 in
791 3430 74 25 spirits,
877 3429 40 19 and

485 3469 33 18 my
525 3460 68 25 bodily
599 3459 93 25 strength
696 3457 80 21 seemed
781 3460 20 16 to
810 3455 107 25 beleaving

487 3494 37 13 me.
551 3487 66 19 There
628 3491 40 13 was
680 3491 12 12 a
702 3484 42 18 bad
760 3483 40 19 and
817 3488 100 13 nauseous

485 3517 53 15 taste
561 3513 20 18 in
600 3518 35 17 my
660 3510 70 19 mouth
739 3517 5 16 ;
768 3516 34 18 my
821 3507 94 26 appetite,

487 3539 64 19 which
566 3538 41 19 had
623 3537 74 24 always
715 3536 52 18 been
783 3534 57 26 good,
856 3532 62 20 failed

488 3565 51 19 until
558 3565 11 18 I
588 3563 41 19 had
649 3569 25 12 no
692 3561 45 20 real
746 3561 65 19 desire
826 3561 32 17 for
872 3558 47 19 food

487 3591 108 23 whatever,
619 3588 40 20 and
679 3588 55 19 after
757 3584 69 27 eating
845 3585 11 19 I
878 3584 41 19 had

487 3617 59 18 much
558 3616 46 25 pain
614 3617 22 17 at
645 3615 34 18 the
697 3614 56 19 chest
764 3612 40 19 and
814 3619 12 12 a
841 3611 78 18 fulness

488 3643 77 18 around
584 3641 35 19 the
636 3640 59 19 sides.
733 3639 36 25 My
782 3637 89 20 stomach
889 3636 20 19 al-

489 3675 53 18 ways
553 3667 37 19 felt
607 3671 91 14 burning
708 3671 47 17 hot,
772 3664 41 19 and
828 3663 12 19 I
857 3662 41 19 had
908 3668 12 13 a

489 3694 96 26 gnawing
593 3694 49 24 pain
652 3694 20 17 at
682 3692 35 17 the
725 3691 31 23 pit
766 3690 21 19 of
797 3690 21 18 it.

565 3718 102 20 remained
682 3717 21 18 in
720 3716 42 19 this
772 3714 82 27 general
873 3720 36 12 con-

489 3746 63 19 dition
563 3745 53 18 until
625 3744 80 24 August
717 3742 22 19 of
755 3742 35 18 tho
809 3747 54 13 same
872 3746 48 18 year

490 3772 56 19 when
562 3771 12 19 I
590 3777 41 13 was
647 3768 62 20 taken
725 3774 70 13 worse.
823 3767 36 24 My
877 3765 43 26 legs

490 3798 65 25 began
565 3800 21 15 to
602 3795 61 24 swell,
683 3794 41 20 and
740 3793 132 19 rheumatism
891 3794 30 16 set

489 3824 22 19 in
520 3823 26 20 all
565 3829 48 13 over
621 3828 38 16 me,
678 3826 56 14 more
750 3817 131 26 particularly
899 3817 20 19 in

490 3850 35 18 the
539 3850 46 24 hips
604 3848 41 19 and
655 3846 57 20 back.
748 3845 33 19 No
790 3844 50 19 locd
859 3845 51 17 treat-

491 3878 54 16 ment
556 3875 39 19 had
605 3880 40 19 any
652 3873 59 19 effect
717 3877 55 19 upon
782 3871 23 17 it.
830 3869 21 19 It
866 3875 54 19 grew

491 3908 62 12 worse
576 3900 40 19 aDd
642 3904 68 16 worse,
731 3896 53 20 until
802 3895 11 20 I
835 3902 42 13 was
894 3901 26 12 no

491 3927 71 24 longer
586 3925 47 20 able
645 3927 21 16 to
691 3924 41 18 rise
745 3923 54 18 from
814 3928 34 18 my
865 3920 57 19 chair

491 3953 86 19 without
593 3951 114 19 assistance.
736 3949 26 19 In
778 3948 63 22 truth,
859 3946 12 19 I
881 3946 40 19 had

491 3985 26 12 no
528 3984 66 19 power
606 3984 48 12 over
659 3975 80 26 myself,
750 3974 41 19 and
801 3979 64 13 could
883 3978 39 13 not

491 4009 57 13 MOVE
558 4010 12 12 A
581 4009 56 13 YAHD
647 4007 96 14 WITHOUT
752 4005 60 14 HELP.

549 4029 11 19 I
573 4029 88 19 suffered
680 4035 21 12 so
719 4026 61 20 much
799 4025 50 19 with
866 4030 57 13 mere

492 4062 49 13 pain
550 4055 45 20 that
604 4055 11 19 1
626 4054 58 19 could
700 4056 36 17 not
745 4052 27 19 lie
790 4052 22 18 in
821 4050 45 24 bed,
884 4050 38 19 and

491 4088 40 13 FOR
551 4087 54 14 OVER
624 4085 83 14 TWELVE
725 4083 83 14 MONTHS
826 4076 11 20 I
856 4082 67 13 NEVER

492 4113 44 12 HAD
545 4113 30 12 MY
585 4113 87 12 CLOTHES
685 4111 43 14 OFF.

996 99 82 26 Luring
1087 100 41 19 this
1137 101 49 19 time
1195 101 12 18 I
1225 107 42 12 was
1282 100 96 20 attended

948 124 40 24 day
997 125 41 19 and
1047 126 67 25 night,
1124 127 63 25 being
1197 126 88 25 literally
1303 126 76 20 unable

947 152 21 16 to
978 150 26 19 do
1014 152 102 25 anything
1125 153 21 18 of
1155 152 122 25 importance
1287 152 32 19 for
1336 158 29 19 my-

947 176 45 19 self.
1019 174 36 22 All
1070 178 35 19 the
1118 178 56 24 eleep
1184 178 11 19 I
1211 180 35 22 got
1261 184 40 13 was
1319 178 60 19 taken

947 202 21 18 in
987 209 52 18 naps
1055 203 41 19 and
1113 204 93 18 snatches
1228 204 60 18 while
1310 203 12 19 I
1339 210 40 12 was

947 226 101 21 bolstered
1058 235 28 19 up
1101 230 22 18 in
1132 236 34 17 my
1185 229 59 19 usual
1258 230 57 24 place
1325 230 22 17 in
1353 236 25 11 an

946 259 48 18 easy
1005 254 63 19 chair.
1096 255 71 20 Under
1177 255 34 19 the
1221 255 82 18 terrible
1315 256 63 17 strain

946 279 21 18 of
977 280 34 18 the
1021 280 49 25 pain
1080 281 40 18 and
1128 280 39 19 loss
1177 281 21 18 of
1207 287 72 19 proper
1290 284 41 15 rest
1345 287 34 18 my

945 310 72 14 nerves
1032 305 63 20 broka
1107 307 59 18 down
1180 313 23 12 so
1221 306 45 19 that
1282 313 40 18 any
1340 313 26 12 un-

945 336 91 14 common
1056 334 60 17 event
1124 332 22 19 in
1162 332 35 19 the
1207 332 63 19 house
1280 339 23 12 or
1322 332 56 20 noise

946 362 40 13 was
998 364 56 12 more
1074 358 50 18 than
1141 358 13 18 I
1174 358 59 19 could
1252 358 55 19 bear.
1341 359 35 24 My

945 381 59 21 heart
1013 390 41 12 was
1063 390 50 18 very
1122 383 47 22 bad,
1181 384 40 18 and
1231 383 96 25 thumped
1340 391 26 12 un-

945 408 23 18 til
978 408 11 19 I
999 409 60 19 could
1069 409 87 26 scarcely
1175 412 47 22 atay
1232 410 22 18 in
1268 410 36 18 the
1320 410 57 19 chair

945 433 40 19 and
995 435 77 19 endure
1082 435 23 19 it.

994 461 43 18 The
1047 461 70 19 doctor
1125 461 43 19 who
1180 461 40 19 had
1230 461 74 25 chargo
1312 462 22 18 of
1344 468 33 18 my

943 491 45 14 case
1008 487 45 18 said
1063 493 33 18 my
1113 487 102 18 condition
1233 493 41 12 was
1293 487 83 19 critical.

944 511 33 19 He
986 512 46 19 said
1041 513 46 18 that
1096 519 33 18 my
1140 513 60 25 lungs
1211 512 40 19 and
1261 513 50 18 liver
1325 520 51 12 wore

944 537 61 25 budly
1013 538 93 23 affected,
1115 538 40 19 and
1164 539 45 18 that
1214 538 12 19 I
1237 538 40 19 had
1284 539 92 25 Bright,s

943 563 78 19 disease
1047 564 21 18 of
1093 564 34 19 the
1148 564 92 24 kidneys.
1268 564 47 19 Still
1343 565 33 18 his

942 588 109 20 medicines
1059 590 37 18 did
1113 596 32 13 me
1154 595 27 13 no
1193 590 60 24 good,
1263 590 40 19 and
1325 591 51 18 after

942 615 108 25 attending
1066 622 32 12 me
1110 618 34 16 ten
1155 616 80 18 months
1251 616 25 18 he
1287 616 44 20 said
1350 616 25 19 he

941 640 59 19 could
1008 641 26 18 do
1044 647 26 13 no
1080 647 55 13 more
1144 641 32 19 for
1190 647 37 13 me.

991 666 11 19 I
1016 666 49 20 then
1080 670 35 22 got
1125 675 11 11 a
1154 667 69 19 doctor
1235 668 52 19 from
1301 668 73 19 Bolton

941 695 21 17 to
972 698 33 13 see
1015 699 38 16 mo,
1062 693 41 18 and
1111 693 25 19 he
1145 693 49 19 held
1204 698 35 14 out
1251 694 35 18 but
1295 694 81 19 slender

941 719 63 24 hopes
1014 720 21 16 of
1042 725 35 18 my
1083 725 47 13 ever
1146 719 81 24 getting
1242 726 40 18 any
1302 719 72 19 better.

931 744 1 25 |
941 744 11 18 1
965 744 88 25 thought
1073 745 34 18 the
1123 751 60 17 same,
1193 746 40 18 and
1258 752 21 12 so
1294 745 36 19 did
1347 745 26 19 all

931 771 1 27 j
941 771 45 19 who
995 776 41 12 saw
1047 776 37 13 me.

1025 796 92 24 October,
1138 798 55 22 1893,
1214 804 33 17 my
1263 797 108 25 daughter,

941 823 42 18 Mrs
998 821 119 23 Dickinson,
1138 823 21 17 of
1176 823 80 23 Bolton,
1281 823 43 18 told
1341 830 32 12 me

941 849 44 18 how
992 849 37 18 she
1040 847 41 20 had
1089 848 50 19 been
1149 848 101 19 benefited
1260 849 22 24 bj
1283 847 3 26 r
1300 848 72 25 taking

941 875 80 18 Mother
1034 874 86 25 Seigle's
1132 874 95 20 Curative
1244 874 73 25 Syrup,
1333 875 40 18 and

940 901 88 25 thought
1035 901 16 18 it
1059 901 66 23 might
1134 901 91 24 possibly
1237 901 47 24 help
1294 907 39 12 me.
1361 900 12 19 I

940 927 39 18 had
994 926 59 19 small
1062 927 60 23 faith,
1143 927 37 18 but
1197 926 57 19 there
1269 926 59 19 could
1347 926 26 19 be

939 959 26 12 no
980 953 58 18 harm
1056 952 23 19 in
1095 954 74 23 trying.
1200 953 25 18 So
1243 959 28 12 we
1287 957 44 14 sent
1340 956 20 15 at

939 985 48 12 once
996 981 20 16 to
1029 979 33 18 Mr
1073 978 58 23 Pare,
1139 979 34 18 the
1185 978 90 22 chemist,
1287 979 21 18 in
1318 978 54 19 Ford

939 1005 64 22 liuad,
1021 1004 82 23 Bolton,
1122 1005 31 18 for
1171 1004 82 25 enough
1263 1007 21 16 to
1300 1004 70 19 decide

940 1030 90 19 whether
1039 1031 16 18 it
1066 1030 67 19 would
1143 1030 25 19 do
1177 1036 32 13 me
1218 1030 53 24 good
1287 1037 22 12 or
1329 1034 41 15 not.

939 1057 58 18 After
1006 1056 74 25 taking
1089 1056 16 19 it
1114 1063 12 12 a
1136 1056 56 19 short
1202 1056 48 19 time
1260 1056 11 18 I
1280 1056 39 19 folt
1326 1056 34 19 bet-

939 1086 35 15 ter.
1002 1082 12 19 I
1030 1083 60 18 could
1106 1082 54 25 sleep
1178 1082 71 23 better,
1270 1082 41 19 and
1329 1082 41 19 had

938 1115 54 12 somo
1009 1108 91 25 appetite
1115 1109 31 18 for
1161 1108 53 23 food,
1231 1108 40 18 and
1291 1108 54 19 what
1359 1108 12 19 I

938 1140 32 14 ato
980 1136 76 23 agreed
1072 1134 48 19 with
1131 1141 38 12 mo.
1197 1134 49 18 This
1256 1140 40 14 was
1306 1134 52 25 hope-

938 1161 29 19 ful
978 1161 40 19 and
1026 1162 96 23 cheering
1131 1160 80 19 indeed.

986 1187 11 19 I
1007 1187 49 24 kept
1066 1193 26 12 on
1103 1187 49 18 with
1162 1186 34 18 the
1204 1186 35 18 the
1253 1185 67 26 Syrup
1330 1187 40 19 and

937 1213 15 19 it
966 1213 58 19 acted
1042 1212 134 25 wonderfully
1192 1212 49 18 with
1261 1218 38 12 me.
1327 1213 42 18 Tho

937 1242 60 16 worst
1006 1242 112 21 symptoms
1127 1238 80 23 abated,
1221 1238 41 18 and
1268 1238 11 18 I
1295 1239 74 23 gained

937 1265 98 24 strength.
1064 1265 53 17 Soon
1131 1265 26 17 all
1168 1265 34 17 the
1220 1267 61 15 water
1296 1265 21 17 in
1335 1271 34 18 my

936 1291 43 23 legs
986 1290 73 26 passed
1074 1293 34 21 off,
1129 1291 40 18 and
1187 1291 34 17 the
1237 1290 132 19 rheumatism

936 1317 94 19 troubled
1048 1323 32 13 me
1100 1317 37 19 but
1155 1316 58 20 little.
1247 1315 46 20 Still
1308 1317 61 24 using

936 1343 35 19 tho
981 1344 73 24 Syrup,
1065 1349 34 19 my
1109 1343 102 18 condition
1223 1342 108 19 continued
1348 1345 21 17 to

935 1369 91 25 improve
1035 1371 22 17 in
1066 1376 60 17 every
1136 1371 84 22 respect,
1232 1368 52 19 until
1293 1368 12 19 I
1320 1375 48 12 once

935 1402 55 12 more
1000 1395 57 19 stood
1067 1402 26 12 on
1111 1401 33 19 my
1164 1396 47 22 feet,
1222 1394 41 19 and
1273 1394 37 19 felt
1326 1394 41 19 like

934 1428 12 12 a
966 1428 47 13 man
1032 1422 21 18 of
1069 1421 41 19 this
1136 1420 68 19 world.
1233 1420 11 19 I
1261 1426 39 13 can
1322 1426 47 13 now

934 1462 59 13 walk
1011 1462 39 13 for
1068 1462 61 13 miles
1148 1456 40 18 and
1205 1456 51 18 have
1271 1462 25 11 no
1312 1455 54 24 pain.

934 1482 33 18 All
986 1489 33 18 my
1032 1482 78 19 friends
1123 1482 60 18 think
1200 1488 21 12 as
1240 1481 11 18 1
1269 1481 99 19 do—that

934 1508 64 19 under
1014 1508 35 19 the
1063 1508 153 19 circumstances
1226 1514 34 17 my
1273 1513 94 18 recovery

934 1540 39 12 was
983 1535 87 24 nothing
1080 1535 54 18 short
1145 1536 21 16 of
1173 1533 118 19 marvelous.
1321 1534 46 18 You

932 1567 34 12 are
985 1564 21 15 at
1015 1561 75 24 liberty
1110 1564 19 15 to
1148 1560 82 24 publish
1246 1560 40 18 this
1305 1563 52 15 state-

934 1589 59 20 ment,
1006 1587 38 18 and
1056 1587 54 19 refer
1119 1592 39 18 any
1167 1585 110 20 interested
1285 1592 82 18 persons

933 1616 20 14 to
981 1619 37 12 me.
1048 1613 95 24 (Signed)
1170 1613 70 23 Henry
1268 1612 97 22 Jackson,

934 1637 76 21 Pewett
1031 1638 44 19 Hill
1095 1639 65 22 Farm,
1186 1637 105 23 Culcheth,
1318 1644 49 12 near

935 1663 138 27 Warrington,
1084 1665 84 19 October
1176 1665 40 19 9th.

959 1690 32 20 No
1002 1691 64 18 words
1086 1693 21 17 of
1121 1698 46 12 ours
1183 1697 37 12 can
1239 1689 40 20 add
1296 1692 20 16 to
1332 1690 35 19 the

932 1717 121 25 convincing
1079 1718 52 18 force
1150 1718 21 17 of
1199 1716 33 19 Mr
1259 1716 107 19 Jackson's

932 1743 56 24 plain
1018 1747 115 15 statement.
1162 1743 38 19 His
1223 1742 78 19 disease
1317 1759 5 7 4
1326 1749 40 12 was

932 1769 109 24 originally
1075 1769 40 19 and
1146 1769 97 24 radically
1275 1768 21 18 of
1332 1768 34 19 tho

933 1794 107 25 digestion.
1079 1796 41 18 The
1148 1795 67 19 attack
1240 1801 40 13 was
1305 1794 61 25 sharp

932 1821 40 18 and
981 1822 108 23 profound,
1101 1822 39 18 aud
1150 1821 111 25 developed
1272 1822 42 17 into
1331 1821 35 18 the

932 1847 100 24 resulting
1047 1848 113 19 conditions
1176 1848 25 18 ho
1217 1853 22 13 so
1257 1846 43 19 well
1319 1846 36 19 des-

932 1872 71 19 cribes.
1021 1873 33 18 He
1062 1880 47 18 may
1119 1877 34 16 not
1161 1874 52 18 have
1223 1873 40 18 had
1273 1872 93 25 Bright's

932 1898 84 24 disease,
1028 1900 35 18 but
1073 1900 45 19 that
1128 1900 24 19 he
1166 1907 39 11 was
1218 1898 84 25 directly
1319 1905 35 18 pro-

932 1926 94 24 gressing
1041 1926 88 19 towards
1139 1927 45 18 that
1207 1926 52 19 fatal
1286 1924 79 26 malady

932 1951 56 19 there
1012 1952 18 19 is
1048 1960 27 12 no
1103 1953 70 18 doubt.
1201 1952 42 19 The
1267 1951 59 19 effect
1345 1953 21 17 of

932 1976 81 21 Mother
1032 1979 87 25 Seigel's
1145 1978 67 25 Syrup
1228 1978 20 19 in
1265 1979 30 18 hi*
1320 1983 45 13 case

932 2003 46 24 only
990 2011 68 13 serves
1077 2008 19 15 to
1117 2005 54 18 show
1191 2004 69 19 afresh
1277 2004 26 19 its
1320 2010 45 12 rare

932 2032 38 19 and
990 2032 129 18 remarkable
1138 2037 73 18 power.
1240 2030 92 25 Scarcely
1349 2029 17 18 is

932 2064 21 12 so
964 2062 57 21 great
1040 2063 13 13 a
1070 2058 76 23 victory
1165 2060 20 15 to
1206 2057 23 19 bo
1244 2057 72 18 looked
1334 2057 32 18 for

932 2085 51 18 from
993 2090 40 18 any
1040 2084 105 18 medicine.
1172 2082 41 20 Yet
1221 2083 36 19 the
1265 2083 52 19 facts
1332 2090 34 11 are

933 2110 129 19 undeniable.
1091 2109 39 20 We
1163 2110 140 23 congratulate
1333 2109 33 18 Mr

932 2135 89 21 Jackson
1030 2142 26 13 on
1061 2135 33 20 his
1105 2142 69 18 escape
1191 2137 51 17 from
1260 2140 11 14 a
1288 2135 78 24 danger

932 2162 66 19 which
1012 2164 49 23 wasj
1072 2164 60 16 much
1149 2168 55 12 more
1223 2161 76 19 serious
1315 2161 50 18 than

932 2195 50 12 eveu
991 2189 27 18 he
1040 2187 100 24 probably
1149 2187 109 24 imagined.

1240 37 59 20 THE
1326 38 57 20 HOT
1410 39 92 21 LAKES
1531 39 171 27 CHRONICLE,
1729 43 189 24 WEDNESDAY,
1947 42 115 23 AUGUST
2091 49 30 18 19,
2138 50 48 17 1896

1002 2244 82 17 Ancient
1091 2243 62 18 Maori
1162 2243 64 22 Lin'l:
1294 2243 72 17 Elsdon

934 2267 49 17 Best.
994 2267 105 23 Intending
1108 2266 110 18 advertisers
1232 2273 30 11 are
1269 2266 98 24 requested

934 2293 19 14 to
970 2290 45 17 send
1022 2290 19 17 in
1058 2290 50 17 their
1116 2290 62 17 favors
1188 2290 79 17 without
1275 2290 54 22 delay
1347 2291 20 16 to

934 2314 32 17 the
975 2314 121 17 Chronicle
1107 2314 73 17 Offiee.*

956 2345 39 17 The
1011 2345 76 22 Sydney
1100 2345 82 17 Bulletin
1193 2350 32 13 can
1241 2345 22 16 he
1278 2344 89 19 obtained

934 2368 70 22 weekly
1013 2369 20 17 at
1041 2369 32 16 t!ie
1083 2368 116 18 CHRONICLE
1209 2368 72 18 Office.*

936 2430 42 19 TF
992 2430 60 19 YOU
1073 2430 57 20 ARE
1152 2430 64 19 SICK
1234 2430 19 19 in
1267 2437 40 18 any
1323 2437 44 19 way

936 2451 22 22 X
988 2456 103 19 whatever
1106 2456 48 19 send
1171 2464 12 10 ii
1199 2457 91 24 stamped
1307 2464 49 12 enve-

934 2482 45 25 lope
989 2484 20 16 to
1020 2488 36 12 our
1067 2483 88 24 Agency,
1168 2482 136 25 Wellington;
1315 2485 52 17 state

934 2509 35 17 the
978 2514 45 12 case
1033 2515 22 12 as
1072 2507 98 26 minutely
1179 2516 21 11 as
1219 2508 88 26 possible
1327 2509 39 18 and

934 2540 40 18 you
990 2534 77 19 receive
1087 2534 68 19 advice
1175 2534 25 25 by
1225 2538 68 15 return
1315 2539 51 20 post.

935 2559 41 19 Our
987 2564 72 21 agents
1073 2566 34 12 aro
1118 2560 27 18 all
1155 2566 28 19 qu
1197 2561 61 17 lifted.
1291 2561 21 18 If
1327 2568 40 17 you

935 2586 77 18 enclose
1023 2587 21 17 2s
1062 2586 25 19 Od
1105 2592 28 12 we
1150 2586 40 18 will
1209 2587 47 17 wend
1272 2593 40 18 you
1331 2593 37 13 our

935 2611 45 20 best
988 2612 83 25 remedy
1082 2613 31 18 for
1122 2612 34 19 the
1171 2619 45 12 caso
1234 2612 78 25 lasting
1327 2619 41 18 you

934 2641 40 16 two
996 2638 74 19 weeks.
1108 2638 44 19 You
1172 2645 47 12 save
1237 2644 73 20 money
1328 2639 40 19 and

934 2663 85 20 doctors'
1031 2664 53 19 bills.
1112 2664 46 19 You
1168 2665 77 18 receive
1263 2665 69 18 advice
1343 2671 24 13 on

935 2689 27 18 all
972 2690 72 24 points,
1058 2690 40 19 and
1108 2690 33 19 the
1151 2695 70 20 purest
1232 2690 21 19 of
1269 2690 99 20 remedies

936 2721 49 17 sent,
995 2719 20 15 at
1023 2723 26 11 no
1056 2719 58 16 extra
1121 2719 41 16 cost
1173 2717 48 18 than
1229 2717 16 18 if
1253 2716 115 26 personally

936 2742 84 24 bought,
1028 2742 27 24 by
1065 2742 62 25 doing
1133 2749 51 17 your
1190 2743 91 18 business
1289 2743 47 19 with
1346 2750 23 11 us

936 2766 26 26 by
972 2771 51 21 post.
1053 2768 84 19 Consult
1151 2772 19 15 at
1180 2775 54 12 once.
1268 2769 101 18 Ailments

936 2793 64 18 which
1011 2800 40 17 are,
1063 2798 21 15 at
1092 2795 34 18 the
1136 2794 47 19 time
1200 2794 88 26 thought
1305 2798 19 15 to
1344 2795 25 18 bo

936 2819 59 25 light,
1006 2826 33 12 are
1049 2821 56 18 often
1116 2820 33 19 the
1160 2820 112 25 beginning
1282 2821 22 18 of
1319 2821 40 18 seri-

936 2851 35 13 ous
981 2851 153 20 consequences,
1147 2847 65 18 which
1232 2847 15 18 if
1267 2847 60 18 taken
1348 2846 21 19 in

936 2871 47 19 time
994 2878 33 12 are
1037 2872 87 18 cheeked
1135 2872 39 19 and
1185 2872 66 19 cured.

936 2906 169 24 GHEATFORD
1120 2910 158 20 BOTANICAL
1298 2911 68 24 COY.,

1041 2935 148 23 Wellington,
1202 2937 39 19 and
1251 2940 20 16 at

959 2962 81 22 Sydney,
1051 2962 117 19 Melbourne,
1179 2963 49 21 Cape
1235 2963 63 17 Town,
1309 2963 38 17 and

1059 2985 84 18 Lincoln,
1157 2985 94 20 England.

939 3174 81 45 THE
1045 3174 206 20 UNDERSIGNED
1281 3174 51 25 begs
1351 3177 20 17 to

1006 3200 51 19 offer
1067 3200 100 20 Nursery
1180 3201 64 18 Stock
1254 3201 21 18 of
1284 3201 28 18 all
1326 3201 34 19 des-

938 3226 102 25 criptions,
1061 3227 58 18 seeds
1138 3227 41 18 and
1199 3226 160 26 appliances—in-

938 3252 83 25 cluding
1032 3252 50 18 New
1093 3252 90 19 Zealand
1197 3253 67 23 Trees,
1284 3253 85 23 Shrubs,

939 3278 77 21 Plants,
1035 3278 130 22 Tree-Ferns,
1182 3278 70 22 Ferns,
1273 3279 40 23 &c,
1329 3285 41 17 <vc.,

940 3304 77 25 packed
1027 3304 20 18 in
1058 3304 57 19 wood
1128 3304 39 19 jind
1181 3311 73 12 canvas
1270 3311 55 13 cases
1341 3305 32 18 for

940 3330 33 18 the
982 3330 98 23 Colonies,
1093 3330 40 19 aud
1143 3330 21 19 in

940 3356 31 18 for
994 3355 76 19 distant
1093 3356 106 19 countries.
1241 3356 68 19 Medal
1332 3356 41 19 and

944 3380 93 26 Diploma
1046 3381 90 18 received
1147 3382 31 19 for
1189 3382 73 23 plants,
1274 3382 40 24 &c,
1325 3385 48 16 thus

940 3410 45 16 sent
994 3410 20 16 to
1027 3407 34 19 the
1185 3408 125 23 Exhibition,
1320 3408 40 19 Lon-

941 3433 46 22 don,
1239 3434 21 18 in
1267 3434 106 18 Auckland

1074 3492 44 33 T„
1134 3492 159 38 WEEK,

941 3543 39 17 Mt.
990 3542 105 18 HOBSON
1102 3541 127 22 NTTRSERY,
1239 3542 134 22 REMUERA,

1065 3573 121 21 Auckland,
1199 3573 50 18 N.Z.

964 3633 52 45 G.
1055 3631 299 46 BURTON'S

944 3716 222 23 PIONEER
1208 3715 167 24 STORE,

1022 3760 102 26 Opposite
1139 3760 72 19 Palace
1228 3760 68 19 Hotel.

943 3812 139 24 GROCERY,

983 3843 139 21 OILMEN'S
1136 3841 111 23 STORFS,

1025 3871 219 23 IRONMONGERY,

1077 3901 155 22 CROCKERY
1238 3901 90 24 WARE,

1129 3936 144 25 DRAPERY,
1290 3938 42 22 &c,
1342 3937 34 19 <fcc-

972 3974 16 15 A
1005 3968 149 20 well—assorted
1172 3967 56 19 stock
1247 3968 20 19 in
1283 3967 27 19 all
1326 3967 50 19 luus

945 3997 21 19 of
975 3996 35 20 the
1018 3996 64 19 above
1092 3998 22 16 at
1122 3994 71 20 lowest
1205 4000 70 17 prices.

945 4032 50 20 New
1006 4027 88 23 Zealand
1102 4029 64 25 Dairy
1176 4027 145 20 Association'*
1329 4028 36 19 Fac-

981 4060 46 21 tory
1039 4056 75 20 Butler
1123 4055 55 20 fresh
1188 4055 58 19 twice
1257 4054 82 26 weekly.

1021 4101 51 19 New
1082 4099 51 20 Laid
1143 4098 61 24 Eggs,
1214 4099 42 22 <tc,
1268 4099 34 18 &c.

1399 519 205 41 SOMETHING
1637 519 46 41 TO
1716 520 115 40 READ!

1563 684 78 44 ied
1665 684 138 48 Regu

1474 828 130 56 larly
1625 829 129 44 from

1471 1152 278 37 OFFICe.

1443 1253 194 33 Canterbury
1670 1254 108 30 Times,

1437 1300 221 26 Christchurch
1688 1301 95 30 Press,

1452 1352 70 26 New
1535 1352 136 26 Zealand
1696 1352 74 30 Mail,

1484 1408 111 31 Family
1609 1407 128 31 Reader,

1409 1455 106 31 Young
1537 1455 117 25 Ladies'
1676 1454 134 30 Journal,

1460 1501 90 26 Black
1575 1501 60 26 and
1653 1501 106 30 White,

1393 1551 171 25 Illustrated
1587 1551 125 25 London
1730 1551 94 29 News,

1390 1601 64 25 The
1472 1601 117 29 Album,
1623 1601 65 25 The
1702 1600 122 30 Sketch,

1469 1651 121 31 Sydney
1611 1650 135 30 Bulletin,

1524 1717 12 11 „
1641 1696 74 31 Mail,

1445 1744 90 25 Town
1548 1744 60 25 and
1625 1743 143 33 Country,

1497 1789 219 31 Australasian,

1545 1837 133 30 Referee,

1391 1887 229 32 Cosmopolitan
1657 1886 166 32 Magazine,

1490 1936 112 26 Strand
1711 1956 12 10 „

1468 1983 140 25 Windsor
1711 2003 12 10 „

1469 2029 139 32 Ludgate
1710 2049 13 10 „

1443 2076 118 26 Review
1582 2077 33 25 of
1634 2076 140 29 Reviews,

1457 2128 125 25 Woman
1602 2130 33 23 at
1653 2128 104 29 Home,

1390 2177 150 26 Weldon's
1553 2177 128 26 Fashion
1697 2176 125 26 Journal

1424 2227 128 26 Schild's
1568 2227 128 25 Fashion
1745 2246 12 11 „

1436 2277 180 32 Something
1637 2278 35 24 to
1688 2276 92 31 Read,

1391 2327 182 32 Snapshots,
1596 2326 147 30 Answers,
1765 2325 44 25 Tit-

1471 2377 66 29 bits,
1552 2377 124 31 Scraps,
1697 2377 51 24 &c.

1391 2427 64 26 And
1471 2427 35 25 all
1526 2426 96 25 Home
1639 2425 61 26 and
1716 2425 90 25 Colon-

1409 2477 34 25 ial
1461 2476 113 30 Papers
1586 2475 24 26 &
1625 2475 182 31 Magazines.

1556 2646 103 23 ths

1395 2725 244 43 MASTERPIECE
1658 2725 163 42 LIBRARY.

1392 2829 143 33 Popular
1548 2829 129 31 Novels,

1428 2916 64 25 The
1506 2916 115 31 Penny
1633 2915 106 31 Poets,

1461 3006 109 26 Books
1581 3005 110 26 forthe
1701 3005 126 28 Bairns,

1631 3176 197 45 Famous

1534 3262 164 46 Books.

1435 3455 164 41 BROADER
1637 3455 155 40 BRITAIN.

1399 3558 29 24 A
1459 3555 174 27 Collection
1658 3556 36 25 of
1715 3556 97 26 Photo-

1465 3625 132 32 graphic
1612 3624 110 26 Views
1734 3623 35 26 of

1515 3693 54 25 the
1592 3692 121 26 World.

1851 3076 12 16 A
1884 3074 114 19 MEMBEE
2017 3074 33 16 OF
2071 3073 53 17 THE
2144 3072 87 17 HOUSE
2252 3072 33 17 OF

1940 3095 251 20 REPRESENTATIVES.

1874 3138 96 23 Speaking
1984 3144 24 10 on
2022 3137 33 17 the
2069 3137 104 21 Pharmacy
2186 3135 38 17 Bill
2238 3134 45 22 said,

1871 3168 25 10 no
1910 3160 105 25 profession
2029 3160 35 17 has
2076 3159 54 18 made
2146 3159 36 17 loss
2197 3163 88 18 progress

1851 3185 69 21 during
1929 3184 32 18 the
1978 3184 37 17 last
2034 3184 32 15 100
2081 3189 54 16 years
2149 3182 46 17 than
2209 3181 42 18 that
2265 3182 20 16 of

1971 3213 21 11 or
2001 3206 61 18 words
2071 3206 20 18 to
2100 3205 42 18 that
2154 3205 59 17 effect.
2246 3205 39 17 The

1851 3231 79 17 M.11.E.
1947 3230 57 22 spoke
2019 3229 81 17 without
2112 3224 94 27 thinking,
2225 3233 21 11 or
2262 3227 23 17 lie

1852 3255 62 16 would
1928 3255 35 16 not
1978 3253 49 17 hare
2043 3252 55 17 made
2114 3252 45 17 such
2175 3252 23 16 aii
2216 3250 70 17 absurd

1852 3279 106 16 statement..
1984 3276 31 17 He
2024 3275 97 22 evidently
2133 3274 54 17 know
2203 3274 83 22 nothing

1852 3301 19 17 of
1880 3300 32 18 the
1921 3305 41 12 new
1971 3298 77 18 remedy
2057 3297 71 18 termed

1993 3321 154 17 NFUROL

1852 3344 61 17 which
1921 3344 22 21 is,
1947 3344 21 17 in
1970 3343 118 22 comparison
2094 3340 45 19 with
2146 3340 88 19 remedies
2241 3340 44 18 used

1852 3373 46 12 even
1907 3368 21 16 25
1938 3372 52 17 years
2000 3371 43 19 ago,
2053 3372 21 10 as
2080 3365 51 21 light
2139 3366 20 16 to
2167 3363 95 19 darkness.

1993 3394 153 17 NEUROL

1852 3418 15 16 is
1876 3423 11 11 a
1900 3416 130 22 scientifically
2046 3414 91 24 prepared
2154 3413 94 19 medicine,
2267 3413 18 17 in

1853 3441 31 16 tlie
1894 3440 48 17 form
1951 3439 20 17 of
1979 3438 92 27 powders.
2097 3438 19 17 It
2123 3438 14 17 is
2145 3438 33 16 not
2191 3436 84 22 disagree-

1853 3463 42 18 able
1902 3459 3 24 ;
1919 3462 16 17 it
1943 3462 15 17 is
1966 3463 34 16 not
2010 3461 100 22 expensive
2117 3459 4 24 ;
2135 3460 16 17 it
2158 3460 33 17 lies
2198 3459 20 17 in
2232 3459 54 17 small

1853 3492 96 16 compass;
1963 3485 109 19 it,contains
2081 3490 24 10 no
2114 3483 69 22 opium,
2200 3482 86 22 morphia

1853 3516 21 10 or
1888 3507 117 23 antipyriue;
2024 3507 15 17 it
2058 3507 38 17 will
2112 3508 34 15 not
2163 3511 41 12 cure
2221 3511 55 16 every-

1853 3532 56 20 thing
1917 3532 34 16 but
1966 3531 19 16 it'
1996 3531 16 16 is
2026 3530 83 17 effective
2123 3530 19 16 in
2156 3529 24 17 all
2194 3534 50 12 cases
2258 3528 30 17 for

1854 3554 60 18 which
1923 3554 15 17 it
1947 3554 15 17 is
1974 3552 150 18 recommended.

1994 3582 154 16 NEUROL

1855 3604 37 17 will
1901 3603 67 17 relieve
1977 3608 55 16 every
2041 3603 49 16 form
2100 3602 28 17 -of
2144 3601 94 18 headache
2254 3602 34 15 not

1855 3627 66 18 caused
1930 3627 26 21 by
1963 3626 55 17 brain
2028 3625 76 17 disease.

1996 3653 154 17 NEUROL

1855 3688 52 12 cures
1927 3680 99 22 neuralgia
2046 3680 20 17 of
2081 3679 33 17 the
2131 3679 39 16 face
2187 3678 37 17 and
2239 3678 49 17 head

1857 3711 50 11 more
1916 3704 97 22 promptly
2022 3703 45 16 than
2077 3702 82 22 quinine.

1878 3728 34 16 LA
1917 3726 102 18 GRIPPE,
2029 3732 21 10 or
2055 3724 149 18 INFLUENZA
2211 3724 47 17 loses
2265 3724 23 16 its

1855 3753 69 14 terrors
1932 3750 16 16 if
1956 3748 107 18 NEUROL
2071 3748 15 17 is
2095 3747 56 17 taken
2161 3748 20 15 at
2189 3746 33 18 the
2237 3752 39 11 com-

1856 3773 115 18 mencement
1980 3772 21 16 of
2009 3772 32 15 the
2050 3770 70 17 attack.

1879 3794 87 19 COLDS,
2007 3793 140 20 CATARRHS,
2182 3792 105 20 FEVERS,

1856 3817 176 19 RHEUMATISM
2055 3821 32 12 are
2113 3815 26 17 all
2159 3815 80 17 relieved
2263 3815 26 22 by

1856 3840 112 19 NEUROL.

1880 3864 37 17 For
1936 3867 74 13 women
2030 3860 107 18 NEUROL
2152 3860 16 18 is
2186 3860 103 22 peculiarly

1857 3886 85 20 suitable,
1952 3886 15 16 it
1977 3890 52 12 cures
2037 3885 26 16 all
2077 3883 75 23 painful
2166 3888 72 17 crumps
2251 3883 38 17 and

1857 3909 53 18 other
1917 3909 61 22 pains.

1880 3932 62 22 Every
1962 3931 66 19 miner,
2049 3930 93 16 bushmnn
2166 3928 37 17 and
2225 3928 64 18 settler

1857 3954 66 18 should
1932 3959 72 17 possess
2013 3960 12 9 a
2033 3953 39 16 box
2080 3953 20 15 of
2108 3951 112 17 NEUROL.
2247 3951 20 17 It
2274 3951 15 17 is

1858 3984 11 11 a
1877 3977 90 17 medicine
1977 3976 52 17 chest
2037 3975 19 17 in
2066 3974 55 18 small
2130 3979 89 17 compass.

1881 4000 45 17 Sold
1934 4000 26 22 by
1968 3999 27 17 all
2003 3998 127 22 storekeepers
2142 3997 36 17 and
2196 3996 93 19 chemists,

1858 4024 20 16 2s
1886 4029 33 16 per
1927 4023 44 19 box,
1982 4027 21 11 or
2011 4022 44 21 post
2069 4021 38 17 free
2124 4020 47 17 from
2184 4019 105 17 NEUROL

1858 4047 42 19 Co.,
1909 4045 106 19 Auckland,
2025 4045 21 15 2s
2056 4043 28 17 Id.

1882 4067 104 19 Wholesale
1996 4067 48 17 from
2053 4066 129 22 Kempthorne
2190 4064 37 17 and
2234 4065 44 16 Pros-

1860 4097 35 13 ser,
1904 4097 22 12 or
1935 4090 94 17 Sharland
2037 4089 37 17 und
2083 4089 33 18 Co.

923 4195 23 25 A
958 4195 55 25 cstr
1040 4195 71 25 &r\v*

1982 4176 43 36 j
2033 4188 47 25 eg
2241 4175 152 38 gtOUt.

2093 193 90 19 Tourists
2192 193 41 19 and
2246 193 92 20 Invalids
2347 195 85 24 visiting
2441 195 34 18 the
2485 195 138 19 Wonderland
2635 197 21 17 of
2665 197 50 19 New
2726 197 89 19 Zealand
2825 197 40 19 will
2873 199 41 19 find
2924 199 34 19 the

2044 233 436 78 GRAND
2571 236 432 79 HOTEL

2345 350 115 22 ■lll
2469 350 88 22 IWJ
2566 352 29 20 b1

1951 389 53 17 most
2013 386 88 26 elegant,
2112 388 131 19 comfortable
2251 388 40 19 and
2301 389 45 18 best
2357 390 109 24 appointed
2475 389 155 20 establishment
2639 390 22 18 in
2681 390 50 19 New
2747 390 95 24 Zealand,
2861 392 16 19 it
2895 393 62 26 being
2973 395 74 24 replete
3063 396 120 25 throughout

1865 413 22 15 ■*■
2326 415 50 18 with
2387 415 33 18 the
2430 418 52 15 most
2496 414 82 19 modern
2592 416 149 19 con'/euiences.

1882 436 58 20 THE
1953 437 93 19 HOTEL
2065 438 17 18 is
2100 439 21 18 in
2140 439 34 19 the
2192 439 116 20 immediate
2324 440 168 25 neighbourhood
2510 441 21 18 of
2549 441 35 18 the
2602 440 73 25 Priest,
2695 441 83 25 Rachel,
2797 442 122 21 Postmaster
2942 446 40 19 and
2996 447 57 19 other
3068 447 59 20 baths
3150 449 33 19 tho

1856 462 89 20 curative
1954 467 114 21 proper'es
2078 464 21 18 of
2109 465 64 18 which
2188 470 35 14 are
2239 465 149 19 world-famed.
2416 466 54 18 Bath
2481 466 65 19 chairs
2557 466 40 20 and
2607 467 118 19 attendants
2735 474 33 12 arc
2778 468 96 24 provided
2885 473 19 15 to
2916 477 75 19 convey
3005 473 85 19 invalids
3106 463 27 30 to'
3145 475 38 20 and

1856 488 52 19 from
1918 488 34 19 the
1962 489 82 19 various
2056 489 139 19 <;ath-houses.
2223 491 43 18 The
2276 491 108 19 bedrooms
2394 492 40 18 and
2451 492 87 24 i-etiriug
2560 499 67 12 rooms
2646 499 35 13 are
2700 493 58 19 fitted
2775 493 48 19 with
2851 495 74 24 special
2938 497 71 24 regard
3023 501 20 16 to
3056 499 33 18 the
3106 501 77 20 require

1856 517 65 15 ments
1931 514 21 19 of
1960 518 72 22 guests
2041 515 21 18 in
2072 515 69 19 search
2152 516 19 18 of
2181 516 92 19 renewed
2282 517 100 24 strength.

1882 539 42 19 The
1936 540 64 19 Baths
2010 543 22 16 at
2042 541 35 18 the
2085 541 128 19 Sanatorium
2224 541 52 19 have
2287 543 100 18 attracted
2395 543 150 19 man\'visitors
2565 544 22 18 of
2605 543 41 19 late
2667 550 69 19 years;
2763 547 93 22 amongst
2872 546 57 20 those
2941 548 42 19 who
2992 549 51 19 have
3054 551 62 18 found
3127 552 56 19 relief

1856 564 32 19 bei
1897 566 34 18 the
1941 566 146 24 convalescent,
2098 573 92 17 nervous,
2200 566 119 24 rheumatic,
2331 568 40 18 and
2381 568 100 25 sleepless.

1882 590 91 20 Rotorua
1982 592 18 19 is
2009 592 35 19 the
2063 595 67 16 centre
2148 593 52 18 from
2218 593 65 19 which
2303 593 28 19 all
2351 594 68 24 points
2429 594 20 19 of
2458 594 84 19 interest
2552 595 21 19 in
2590 595 34 19 the
2634 595 95 19 Thermal
2739 596 86 25 Springo
2840 597 82 19 District
2939 606 45 18 may
2999 600 24 19 bo
3038 602 81 19 reached
3145 604 37 18 and

1854 617 74 25 special
1938 617 96 19 facilities
2044 624 34 13 are
2087 618 97 24 provided
2193 619 32 18 for
2232 619 58 18 those
2298 619 21 18 in
2329 619 70 19 search
2408 620 22 18 of
2437 620 34 18 the
2481 620 100 19 beautiful
2594 620 40 19 and
2648 621 127 19 marvellous.
3123 617 3 25 '

1947 649 183 18 MAGNIFICENT
2142 650 177 17 APARTMENTS.
2448 651 84 17 LOFTY
2544 652 146 18 BEDROOMS.
2807 654 113 19 PERFECT
2936 656 157 19 SANITATION.

1999 673 26 18 In
2035 672 57 19 short
2101 679 14 12 a
2124 679 124 13 first-class
2261 673 173 19 Establishment
2443 674 87 25 offering
2538 675 60 25 equal
2608 675 95 19 comforts
2712 677 21 17 to
2743 676 33 18 tho
2786 676 44 19 best
2844 677 64 20 hotels
2917 679 21 19 in
2947 680 85 25 Europe.

2520 707 11 11 o

2094 724 87 23 Suites
2196 724 30 24 of
2237 724 171 29 Apartments
2416 725 67 23 with
2493 726 97 28 special
2602 727 158 23 attendance
2774 727 38 23 for
2828 728 128 24 Families-

1854 758 98 25 Spacious
1963 757 128 20 Promenade
2101 759 112 23 Balconies,
2223 759 58 25 Snug
2293 759 91 22 Alcoves,
2395 759 40 19 and
2450 759 127 25 luxuriously
2594 761 109 24 appointed
2713 761 102 26 Drawing,
2835 762 70 25 Music,
2916 764 146 24 [Conversation
3085 766 90 23 Reading
3175 757 1 32 l

2307 785 99 25 Smoking
2416 785 38 19 and
2466 784 85 20 Billiard
2561 786 81 19 Rooms.
2671 787 70 19 Baths.

2093 820 36 22 £f-
2145 818 116 20 SPECIAL
2275 818 162 20 ATTENTION
2449 818 68 21 PAID
2530 820 34 19 TO
2578 820 118 19 CUISINE
2710 821 59 19 AND
2783 821 122 21 SERVICE.
2921 826 35 21 _£fl

1880 850 34 19 All
1925 851 180 18 communications
2117 851 26 24 by
2154 850 59 19 letter
2222 856 22 12 or
2255 851 99 23 telegram
2364 857 13 12 v.
2383 850 23 19 ill
2415 851 76 18 receive
2500 853 81 24 prompt
2590 853 106 18 attention.

1911 901 77 44 W.
2016 903 57 42 A.
2101 900 312 52 BOULTON,

2326 961 60 23 (Late
2395 961 21 18 of
2425 960 113 19 Grosvenor
2547 959 69 24 Hotel,
2628 960 97 24 Sydney.)

2881 907 239 57 Manager,

2069 1150 65 46 IN
2166 1150 115 46 THE
2312 1149 202 47 PRESS.

2108 1587 52 32 By
2177 1585 164 27 ELSDON
2364 1584 111 26 BEST.

1861 1762 92 64 rHE
1973 1761 123 32 Papers
2112 1766 72 19 now
2197 1758 176 33 appearing
2385 1757 33 25 in
2434 1757 54 25 the
2500 1757 83 25 HOT
2597 1756 137 26 LAKES

1897 1794 244 27 CHRONICLE
2154 1793 100 24 under
2267 1791 54 26 the
2334 1791 103 26 above
2449 1790 70 25 title
2533 1789 68 26 will
2609 1790 125 32 shortly

1846 1829 37 24 be
1897 1827 170 34 published
2079 1827 34 24 in
2126 1825 163 33 pamphlet
2301 1824 91 26 form.

2053 1924 129 46 Price
2206 1923 95 47 One
2334 1921 199 56 Shilling.

1880 2113 190 31 Advertising
2082 2112 106 25 Terms
2201 2118 38 19 on
2255 2109 189 34 application
2465 2110 31 24 at
2517 2107 216 26 CHRONICLE

1847 2147 103 25 Office.

2121 2321 333 35 ROTORUK

1849 2369 150 44 COAL
2022 2367 123 46 AND
2169 2365 320 47 FIREWOOD
2525 2364 206 46 DEPOT.

1871 2458 163 35 MESSRS
2053 2459 32 26 F.
2105 2455 195 28 GOODSON
2321 2455 29 26 &
2373 2455 32 26 C.
2427 2453 229 28 GRIFFITHS
2675 2453 61 32 beg

1848 2481 57 43 H\
1940 2493 33 24 to
1985 2490 106 33 notify
2103 2491 55 24 the
2171 2489 173 25 Residents
2357 2488 35 26 of
2404 2488 143 26 Rotorua
2566 2487 71 25 that
2657 2486 79 32 they

1848 2532 52 19 are
1909 2531 73 19 now
1995 2523 156 33 prepared
2159 2524 31 24 to
2200 2521 121 26 deliver
2330 2523 33 24 to
2372 2527 65 26 any
2445 2521 72 31 part
2533 2519 33 26 of
2575 2520 54 25 the
2638 2520 97 25 Town

1929 2566 105 32 THE
2058 2565 125 33 BEST
2208 2562 286 34 HOUSEHOLD
2517 2561 127 37 COAL,

2228 2605 128 22 HLSO

1880 2642 157 32 HATA
2059 2640 112 33 AND
2195 2639 166 32 TAWA
2387 2636 315 37 FIB.EWOOD,

1849 2684 44 25 At
1904 2683 55 26 the
1977 2681 173 27 LOWEST
2163 2679 200 28 CURRENT
2375 2678 135 27 RATES
2524 2681 33 23 at
2569 2678 54 26 the
2633 2678 85 25 short-

2206 2714 49 25 est
2272 2713 114 26 notice.

1875 2772 82 23 Goods
1976 2770 133 24 delivered
2124 2770 66 23 with
2211 2771 163 28 promptness
2390 2770 27 21 to
2442 2768 35 23 all
2493 2770 71 27 parts
2578 2768 28 22 of
2620 2767 46 23 the
2681 2766 42 23 Dis-

1848 2799 62 23 trict
1921 2799 67 22 after
1996 2797 99 23 arrival
2105 2797 27 22 of
2139 2796 90 23 trains-

2048 2831 90 23 Orders
2158 2837 62 22 may
2234 2830 31 23 be
2284 2830 49 22 left
2347 2831 28 21 at
2387 2829 45 23 the
2448 2828 91 27 Yards,

1934 2866 390 36 PUKUKTUK
2361 2863 292 36 STREET.

1942 2940 179 57 TTTCTiT

1873 3014 121 17 AGENTS
2007 3013 62 18 FOR
2077 3012 61 19 THE
2146 3012 52 18 N.Z.
2209 3010 138 19 EXPRESS
2361 3010 38 19 Co.

2790 1035 180 47 Robert
3003 1037 153 47 Wake

2763 1105 95 45 BEGS
2867 1108 19 16 to
2895 1107 90 18 intimate
2994 1107 44 19 that
3048 1107 25 19 lie
3088 1108 36 19 lias
3140 1115 45 13 now

2833 1131 109 19 concluded
2952 1133 33 18 the
2999 1133 114 19 alterations
3124 1137 21 16 to
3154 1135 31 19 his

2761 1157 95 24 premises
2871 1157 20 19 in
2909 1157 76 20 Fenton
3002 1158 70 23 Street,
3087 1160 98 24 (opposite

2761 1183 33 18 the
2804 1183 68 18 Grand
2883 1183 78 25 Hotel,)
2971 1184 39 19 and
3020 1184 36 18 has
3065 1184 73 27 a'large
3146 1187 40 18 and

2761 1209 43 18 well
2815 1209 88 18 assorted
2914 1210 55 18 stock
2979 1211 21 17 of
3013 1210 34 19 the
3065 1210 108 21 undermen-

2761 1234 67 20 tioned
2837 1235 68 24 goods,

2761 1269 65 41 FOR
2848 1269 86 41 CASH
2949 1270 24 40 &
2986 1270 86 41 CASH
3085 1270 99 44 ONLY,

2786 1324 48 18 This
2843 1324 53 19 Rule
2907 1324 40 20 will
2964 1325 23 18 bo
3003 1325 76 24 strictly
3098 1326 87 19 adhered

2760 1352 20 16 to
2790 1357 21 11 so
2822 1356 26 13 no
2857 1357 38 12 one
2904 1351 51 18 need
2966 1351 23 18 be
2999 1351 92 18 offended
3097 1352 17 18 if
3123 1352 61 19 credit

2761 1375 15 19 is
2787 1376 87 19 refused.

2760 1409 81 23 Men's
2853 1409 124 31 Mercery,
2985 1411 74 28 Hats,
3072 1412 42 22 &c.

2763 1440 81 23 Men's
2859 1441 51 22 and
2924 1441 75 29 Boys'
3015 1442 120 29 Clothing

2864 1489 14 10 ~
2986 1473 77 23 Boots
3075 1474 20 22 &
3106 1474 77 24 Shoes

2759 1502 134 27 Blankets,
2907 1503 80 28 Rugs,
2999 1503 94 28 Prints,
3109 1504 60 24 Flan-

2811 1534 119 27 nelettes,
2942 1536 47 21 etc.

2759 1565 113 28 Saddles,
2883 1566 108 28 Bridles,
3006 1568 47 21 etc.

2869 1636 102 24 Complete
2981 1637 60 18 Stock
3050 1637 21 19 of

2758 1665 90 30 Fancy
2861 1665 89 28 Goods,
2969 1667 147 30 Stationery
3132 1670 52 22 and

2808 1697 86 23 Books

2758 1729 189 23 Tobacconist's
2964 1729 89 28 Goods,
3064 1733 46 21 etc-

2757 1761 111 22 Musical
2883 1761 172 24 Instruments

2757 1790 110 29 Fishing
2881 1791 95 23 Tackle

2757 1822 120 23 Window
2883 1822 70 29 glass
2961 1823 21 22 &
2990 1823 77 30 Lamp
3076 1824 104 29 glasses.

2758 1874 92 19 LAEGE
2864 1874 59 19 AND
2953 1875 229 21 WELL-ASSORTED

2901 1907 86 19 STOCK
3001 1907 34 19 OF

2770 1937 182 28 BIRTHDAY,
2982 1938 92 23 XMAS
3100 1940 68 23 AND

2808 1969 79 22 NEW
2907 1970 92 22 YEAR
3019 1970 109 24 CARDS.

2820 2072 117 20 First-class
2954 2074 84 18 Milliard
3048 2074 68 19 Table.

2758 2119 144 26 Prescriptions
2912 2120 105 25 dispensed
3028 2122 25 23 by
3062 2128 12 12 a
3083 2121 97 21 Qualified

2911 2147 89 18 Chemist
3010 2150 20 16 at

2832 2178 124 32 ROBERT
2974 2179 131 31 WAKE'S.

2863 2308 214 33 MAMAXU

2757 2347 73 40 SAW
2845 2346 24 41 &
2895 2347 149 40 PLANING
3066 2347 114 41 MILLS.

2759 2417 264 22 MOUNTAIN
3046 2418 135 25 Rl7vnj,

2914 2451 40 14 THE
2966 2451 54 14 ONLY

2759 2476 131 20 GENUINE
2904 2476 59 19 DRY
2978 2476 78 20 LAND
3073 2476 109 20 TIMBER

2861 2506 28 18 IN
2902 2507 50 16 THE
2966 2507 112 16 MARKET.

2759 2552 125 43 MESSRS
2902 2552 97 18 KUSABS
3017 2552 68 18 PROS,
3100 2552 37 23 bog
3153 2558 20 13 re-

2805 2575 2 24 .
2833 2575 100 24 spectfully
2937 2577 20 17 to
2964 2576 70 17 inform
3041 2575 33 18 the
3084 2575 67 19 Public
3164 2577 20 17 of

2760 2600 75 14 hotorua
2843 2599 33 15 and
2886 2599 71 19 vicinity
2966 2599 37 15 iluit,
3012 2600 39 19 they
3067 2599 42 15 have
3124 2601 48 14 estab-

2759 2620 52 16 lished
2820 2625 10 11 it
2839 2619 43 22 yard
2889 2619 18 17 in
2920 2619 123 20 Hiuemoa-at.,
3052 2620 32 15 and
3100 2625 30 10 cnu
3145 2625 37 11 now

2759 2643 60 19 supply
2828 2641 29 16 the
2864 2640 51 17 finest
2922 2641 43 16 class
2978 2641 19 16 of
3011 2640 80 21 Building:
3104 2640 78 17 Material

2759 2663 16 15 in
2784 2662 28 17 the
2821 2662 74 16 Market.
2910 2662 16 15 It
2936 2662 13 15 i*
2957 2662 98 21 unequalled
3065 2662 16 15 in
3090 2662 92 21 durability

2759 2684 32 15 and
2800 2683 104 21 impervious
2911 2685 18 14 to
2938 2683 28 16 the
2974 2684 66 15 attacks
3055 2683 18 15 of
3086 2683 48 15 borer
3149 2684 33 14 and

2759 2705 30 20 dry
2801 2708 32 13 rot.
2856 2704 52 15 Their
2916 2704 81 16 sawmills
3004 2709 28 11 are
3041 2704 47 16 fitted
3100 2704 39 16 with
3154 2704 29 15 the

2759 2730 44 11 most,
2811 2726 68 16 modern
2888 2725 97 21 appliances
2994 2725 32 16 and
3036 2726 28 16 the
3072 2725 37 15 lirm
3122 2725 14 16 is
3146 2725 37 16 able

2759 2751 17 12 to
2792 2748 61 19 Mipply
2869 2752 33 15 any
2918 2747 79 20 quantity
3013 2746 17 16 of
3045 2746 37 20 Dry
3100 2746 82 20 Building

2760 2768 79 16 Material
2847 2773 21 10 on
2877 2768 28 16 the
2914 2768 140 16 shortesknutics.

2761 2819 137 29 Skirtings,
2906 2818 175 27 Architraves,
3086 2818 82 23 Mould-

2795 2854 67 29 ings,
2874 2854 50 22 and
2934 2853 109 23 Dressed
3052 2853 100 23 Timber

2825 2893 30 22 of
2860 2899 79 22 every
2954 2892 161 29 description,

2851 2935 106 28 Always
2969 2942 32 15 on
3010 2934 81 23 Hand.

2787 2969 116 23 HENAU
2914 2968 105 24 HOUSE
3030 2968 125 23 BLOCKS.

2762 3050 220 33 KUSABS
3018 3049 157 32 BROS.

2835 3100 115 18 MAMAKU
2963 3104 25 14 ob
3001 3099 110 19 OHATJPO.

2785 3172 122 19 HTNEHOA
2920 3173 100 18 STREET,
3040 3170 124 19 ROTORTJA.

2980 3278 31 40 M.
3048 3276 116 43 SIMON,

2891 3387 9 9 ..
2911 3372 4 28 .
2924 3372 19 28 \
2966 3379 112 15 Practical
3097 3377 59 17 Tailo

2982 3476 72 22 order
3072 3481 32 16 on
3119 3474 45 23 the

3006 3501 133 22 shortest

3025 3527 91 22 notice.

2966 3621 54 26 Style
3030 3621 39 19 and
3081 3620 33 19 Fit
3124 3621 35 17 rot
3170 3621 19 17 lo

2956 3650 22 16 be
2989 3647 93 26 equalled
3098 3653 19 11 m
3135 3649 52 15 town

2954 3684 110 18 Address:
3081 3680 100 21 ArawaSt

2798 3801 55 17 OHN
2877 3801 16 16 T.
2924 3800 104 17 PHILIPS
3060 3798 51 17 AND
3144 3796 40 20 CO.,

2765 3823 22 20 O
2832 3828 128 12 AUTHORISED
2970 3826 74 14 MIXING
3052 3826 40 12 AX'D
3101 3824 51 13 LAXD

2879 3850 104 13 TRANSFER
2996 3848 118 14 SURVEYORS.

2764 3892 56 17 Head
2829 3892 57 17 Office
2893 3887 3 26 :
2919 3891 105 22 Halyday's
3040 3888 101 22 Buildings,
3158 3887 26 16 2G,

2833 3914 175 20 Shortland-street,
3018 3911 100 19 Auckland.

2781 3937 57 18 ranch
2855 3937 78 17 Offices:
2950 3935 136 20 Wharf-street,
3105 3932 79 21 Paeroa;

2775 3961 110 17 Brown-st.,
2892 3960 87 19 Thames;
2989 3955 50 24 —,
3050 3955 125 20 Coromahdel.

2764 3983 45 17 P.O.
2819 3984 41 16 Box
2870 3984 39 15 332.
3037 3979 101 22 Telephone
3147 3978 37 17 956.

2856 4037 140 19 PRINTING-
3018 4036 21 18 of
3061 4040 58 18 every
3143 4033 46 19 des«

2764 4055 22 25 tP
2824 4063 85 24 cription
2920 4061 95 21 executed
3032 4061 45 18 with
3096 4062 93 16 neatness

2763 4089 39 19 and
2813 4089 95 23 despatch
2918 4092 20 15 nt
2950 4089 33 18 tho
2994 4087 115 21 Chbonicle
3121 4085 68 19 (Jfiico.

2309 3067 216 45 Rotorua
2565 3066 153 45 Tours

2308 3149 21 43 1
2329 3147 165 26 PASSENGERS
2503 3150 19 15 to
2533 3148 83 18 Rotorua
2625 3154 31 11 are
2663 3147 76 18 advised

2371 3172 43 17 that
2423 3177 11 12 a
2447 3171 75 23 regular
2533 3171 50 23 daily
2597 3172 57 17 couch
2671 3172 69 16 service

2309 3195 83 18 between
2401 3194 89 18 Okoroire
2499 3195 37 17 and
2547 3194 84 18 Rotorua
2646 3193 38 19 and
2700 3194 40 17 vice

2309 3224 50 12 versa
2368 3219 16 16 is
2393 3223 42 11 now
2444 3217 89 24 running.

2331 3242 38 16 The
2378 3240 115 23 advantages
2500 3247 10 11 o
2526 3241 36 17 this
2568 3241 54 16 route
2627 3246 31 11 are
2664 3246 64 11 numer-

2309 3270 38 15 ous,
2357 3271 12 10 a
2378 3261 101 20 somewhat
2494 3263 72 18 tedious
2574 3263 77 23 railway
2660 3263 81 22 journey

2309 3288 13 17 is
2331 3287 77 21 broken,
2418 3286 37 18 and
2464 3287 32 17 the
2512 3289 54 15 route
2582 3288 92 16 traverses
2690 3292 51 11 some

2309 3311 19 17 of
2347 3311 31 17 the
2395 3310 84 17 loveliest
2494 3309 51 18 Bush
2564 3309 80 23 Scenery
2660 3309 21 18 in
2693 3309 47 18 Now

2310 3333 87 18 Zealand.

2348 3364 104 22 FARES,
2468 3364 41 18 10s
2518 3363 83 19 EACH
2614 3363 82 19 WAY.

2309 3391 91 24 Special
2416 3392 165 23 Conveyances
2597 3397 45 13 can
2661 3392 29 18 be
2707 3397 23 13 ar-

2454 3415 87 23 ranged
2550 3415 40 18 for.

2309 3462 95 18 Leave—
2405 3460 114 19 -Okcroire
2529 3460 35 19 for
2577 3461 104 18 Rotorua
2695 3460 46 19 and

2378 3484 219 18 Whakarevvarewa
2627 3484 62 23 daily
2716 3484 25 18 at

2381 3507 30 19 10
2418 3512 52 14 a.m.

2310 3531 76 18 Leave
2387 3530 127 18 —Rotorua
2522 3530 45 18 and
2576 3530 149 18 Whakarewa-

2379 3558 62 14 re-wa
2456 3554 35 17 for
2505 3553 117 22 Okoroire,
2638 3553 63 23 daily
2717 3553 24 17 at

2381 3577 30 18 10
2418 3581 52 13 a.m.

2332 3600 32 17 All
2384 3605 109 17 passengers
2514 3605 31 11 are
2561 3599 76 17 advised
2658 3600 21 16 to
2693 3599 48 17 avail

2310 3623 110 18 themselves
2429 3622 20 18 of
2456 3622 38 17 this
2511 3622 61 17 Route
2586 3628 20 11 as
2623 3622 89 17 Okoroire
2726 3622 15 16 is

2310 3652 35 11 one
2359 3646 21 17 of
2391 3646 32 16 the
2431 3645 51 17 show
2491 3645 61 22 places
2570 3645 20 17 of
2606 3645 32 17 the
2655 3645 86 17 Thermal

2310 3669 84 19 District,
2416 3668 76 17 and-no
2566 3669 20 16 to
2602 3668 33 17 the
2649 3668 61 17 Lakes
2726 3668 15 16 is

2310 3692 92 22 complete
2411 3691 80 17 without
2496 3691 24 17 its
2526 3690 97 18 inclusion.

2333 3714 73 23 Special
2415 3714 93 16 attention
2519 3714 16 16 is
2548 3713 60 17 called
2621 3714 20 16 to
2655 3713 32 17 the
2703 3713 38 17 fact

2310 3737 42 17 that
2361 3744 10 10 a
2381 3737 56 17 coach
2446 3737 61 16 leaves
2519 3737 85 16 Rotorua
2613 3736 36 17 and
2660 3735 68 19 Whaka-

2310 3765 99 13 rewarewa
2418 3766 24 11 on
2451 3760 77 21 Sunday
2536 3761 20 15 at
2566 3760 21 15 10
2595 3765 44 11 a.m.

2446 3806 160 16 KCENTS:

2310 3826 73 18 THOS.
2397 3826 68 17 COOK
2482 3827 15 16 &
2515 3826 54 21 SON,
2587 3826 100 17 Auckland
2705 3826 36 17 and

2481 3850 89 16 Rotorua.

2338 3913 127 28 Government
2481 3915 101 27 Insurance
2598 3916 128 32 Department.

2404 3967 66 20 Funds,
2481 3973 44 11 ovra
2536 3970 20 20 2J
2567 3970 94 17 Millions.

2336 4004 40 17 Sum
2388 4005 70 17 Assured
2499 4016 8 5 -
2529 4012 38 12 over
2579 4007 149 24 £9,000,000

2334 4033 65 17 Annual
2413 4034 64 17 Income
2499 4044 8 4 -
2551 4040 39 12 over
2602 4036 125 23 £360,000

2468 4075 14 15 J.
2493 4076 20 13 H.
2524 4076 136 16 KICHAKDSON,
