2470 3850
1296 1287 111 35 Oxford
1425 1287 56 35 and
1499 1287 74 35 Cust
1591 1287 166 35 Observer.

1350 1379 187 18 PTJBLISHBD
1556 1379 155 23 WEEKLY.

1296 1446 159 22 SATURDAY,
1473 1446 88 22 April
1579 1446 71 22 4th,
1668 1446 89 22 1891.

1272 1541 68 33 :.A
1345 1564 3 10 :
1354 1540 72 31 visit
1446 1544 32 27 to
1500 1541 51 30 the
1575 1541 218 30 Christchurch

1271 1581 144 40 Hospital
1426 1585 110 26 cannot
1551 1582 54 29 fail
1620 1586 32 25 to
1666 1583 127 38 impress

1272 1633 18 18 a
1304 1627 139 34 stranger
1452 1622 72 30 with
1535 1623 52 29 the
1608 1623 185 40 advantages

1269 1663 63 29 'and
1343 1664 143 28 comforts
1510 1663 147 39 provided
1671 1664 31 29 in
1717 1665 75 28 such

1272 1703 193 29 Institutions
1493 1703 49 30 for
1568 1703 53 29 the
1649 1703 63 30 sick
1735 1704 59 30 and

1272 1744 78 30 such
1361 1754 33 20 as
1417 1744 120 39 require
1552 1744 132 39 surgical
1698 1747 96 27 atten-

1272 1785 89 30 tion..
1410 1785 64 29 The
1509 1786 142 28 women's
1685 1786 108 35 wards,

1274 1826 74 29 with
1387 1826 54 28 the
1471 1835 100 21 newer
1619 1826 60 29 and
1706 1826 87 29 brick

1272 1866 80 29 built
1363 1866 130 39 portion,
1509 1876 50 19 are
1583 1866 150 30 noticable
1747 1866 48 30 for;

1272 1906 92 39 being
1375 1906 85 39 lofty,
1486 1906 138 39 spacious
1652 1906 60 30 and
1726 1906 69 30 well

1274 1946 170 30 ventilated.
1488 1947 64 29 The
1573 1946 104 36 worth,
1695 1947 33 29 of
1749 1947 46 29 atir

1272 1987 48 29 for
1333 1986 51 31 the
1393 1997 144 30 recovery
1551 1987 32 30 of
1596 1987 52 30 the
1663 1988 66 30 sick
1738 1988 57 30 has

1272 2028 77 30 been
1385 2028 188 40 thoroughly
1604 2028 188 39 recognized.

1274 2068 65 30 The
1372 2069 88 29 wood
1489 2069 79 29 built
1594 2069 121 38 portion
1742 2069 53 31 the

1270 2119 85 20 mens
1382 2110 108 36 wards,
1523 2110 26 29 is
1580 2109 93 36 older,
1695 2110 99 30 which

1271 2150 136 39 explains
1436 2150 80 30 their
1553 2150 164 40 inferiouiy
1762 2150 33 30 in

1271 2191 62 29 this
1344 2194 125 35 respect.

1273 2231 63 30 The
1349 2232 74 29 staff
1436 2232 33 29 of
1482 2240 104 21 nurses
1595 2241 51 20 are
1660 2240 32 21 as
1702 2241 19 20 a
1730 2232 64 29 rule

1271 2275 79 26 most
1361 2272 78 35 civil,
1455 2272 148 30 attentive
1614 2272 58 29 and
1684 2272 109 40 kindly

1270 2313 119 40 though
1402 2314 74 38 they
1490 2313 78 30 have
1576 2314 119 38 enough
1709 2313 83 30 often

1272 2357 31 27 to
1323 2354 152 38 try.,.their
1488 2357 130 36 tempers
1634 2354 60 29 and
1715 2354 77 40 spoil

1272 2394 80 30 their
1385 2394 185 30 tenderness.
1624 2394 61 29 But
1714 2395 79 29 their

1273 2436 140 38 personal
1446 2435 185 40 brightness,
1668 2436 124 31 tasteful

1273 2476 84 29 dress
1373 2477 59 28 and
1441 2476 149 39 womanly
1599 2476 136 39 aptitude
1744 2477 49 29 for

1272 2517 52 29 the
1353 2517 139 29 vocation
1514 2517 31 30 of

1399 2557 56 29 has
1467 2568 32 19 as
1513 2557 91 30 much
1611 2561 33 26 to
1659 2558 39 29 do
1719 2557 74 30 with

1270 2598 52 29 the
1333 2607 143 31 recovery
1490 2598 33 29 of
1532 2598 53 29 the
1606 2599 131 38 patients
1759 2609 33 19 as

1272 2639 52 29 the
1349 2639 92 38 drugs
1465 2639 60 29 and
1560 2639 119 39 potions
1694 2639 35 29 of
1738 2639 53 30 the

1273 2679 184 38 apothecary
1468 2690 9 24 ;
1519 2689 82 19 some
1643 2679 76 30 need
1760 2680 33 29 of

1271 2719 100 39 praise
1384 2719 26 30 is
1422 2720 101 39 surely
1535 2719 67 36 due,
1631 2720 130 39 perhaps
1775 2731 19 19 a

1270 2761 100 28 better
1393 2760 189 39 recognition
1608 2759 78 31 from
1707 2761 87 30 those

1270 2801 68 29 who
1352 2801 78 30 have
1452 2801 91 40 given
1557 2801 180 33 themselves
1761 2806 33 26 to

1270 2851 56 21 one
1341 2842 34 28 of
1385 2842 51 30 the
1452 2846 78 26 most
1539 2842 180 30 benevolent
1730 2844 60 29 and

1270 2883 75 29 least
1360 2884 163 30 attractive
1544 2882 128 40 callings
1687 2884 29 30 in
1733 2884 59 30 life.

1272 2923 66 30 One
1352 2924 31 28 of
1397 2924 53 29 the
1463 2934 108 20 nurses
1585 2924 26 29 is
1625 2935 65 19 now
1703 2934 91 30 pros-

1268 2967 81 27 trate
1362 2964 74 30 with
1449 2965 129 40 typhoid
1590 2965 96 41 fever,
1700 2966 94 30 taken

1269 3006 34 28 in
1330 3006 128 38 nursing
1488 3015 17 20 a
1531 3005 120 40 private
1677 3006 117 39 patient

1272 3045 134 30 stricken
1420 3046 75 29 with
1509 3046 67 29 that
1590 3046 124 29 disease.

1311 3086 66 30 The
1392 3087 78 29 scale
1485 3087 32 28 of
1544 3086 71 36 diet,
1638 3097 153 29 generous,

1270 3126 87 40 light,
1392 3137 33 20 or
1446 3126 103 40 frugal
1575 3137 33 20 as
1621 3128 53 29 the

1270 3167 133 38 requires
1428 3168 25 29 is
1483 3168 121 29 written
1626 3178 73 19 over
1721 3169 74 29 each

1270 3208 76 34 bed;
1369 3218 32 19 as
1416 3208 63 29 also
1510 3208 49 29 the
1584 3218 88 19 name
1700 3210 32 28 of
1742 3210 52 30 the

1269 3248 124 39 visiting
1401 3248 167 40 physician,
1577 3248 60 34 and
1646 3249 58 34 .the
1719 3250 75 30 reli-

1272 3289 73 39 gion
1353 3289 32 30 of
1396 3290 52 29 the
1457 3290 126 38 patient.
1626 3290 64 30 The
1703 3291 91 30 latter

1270 3330 166 39 particular
1445 3330 92 39 being
1554 3330 98 31 useful
1671 3331 49 30 for
1744 3331 51 32 the

1270 3370 140 40 patient's
1422 3370 93 40 safely
1519 3371 277 41 andtheauthority

1271 3411 31 29 of
1321 3424 2 19 ;
1341 3411 53 29 the
1435 3411 129 33 officials.
1608 3413 72 40 Any
1688 3441 3 2 .
1729 3414 66 30 sick

1271 3451 66 30 soul
1350 3452 27 29 is
1396 3451 72 40 only
1495 3454 50 28 too
1577 3453 71 40 glad
1682 3453 33 31 of
1742 3455 54 31 the

1270 3492 143 39 soothing
1446 3493 73 29 visit
1533 3494 34 28 of
1573 3495 54 29 the
1649 3495 142 40 chaplain

1270 3543 35 19 or
1330 3533 77 29 their
1435 3542 67 21 own
1524 3534 216 41 clergyman
1740 3537 56 29 but

1270 3573 53 30 the
1365 3574 156 39 irritating
1562 3577 60 28 and
1652 3577 145 37 ignorant

1270 3615 66 28 talk
1345 3614 33 29 of
1385 3615 197 36 promiscibus
1591 3617 170 39 religionist
1771 3618 28 29 is

1272 3654 151 39 anything
1439 3655 57 29 but
1523 3656 150 30 desirable
1698 3658 33 29 in
1759 3667 40 21 an

1272 3694 138 40 hospital,
1432 3696 60 29 and
1507 3705 137 23 common
1658 3708 142 21 manners

1274 3745 50 21 are
1343 3736 121 40 usually
1485 3738 149 31 sufficient
1656 3741 32 28 to
1714 3739 86 31 make

1880 186 52 30 the
1956 186 99 30 notice
2076 186 148 30 effectual.

1922 226 46 30 On
1991 228 53 29 the
2065 227 77 40 days
2170 226 87 31 when
2286 226 119 31 friends

1880 278 51 19 are
1945 268 124 30 allowed
2081 271 32 27 to
2124 268 80 36 visit,
2217 268 60 29 and
2294 268 111 29 indeed

1881 318 37 19 on
1928 312 78 26 most
2020 310 83 39 days,
2115 309 117 30 flowers
2243 309 94 30 adorn
2351 309 52 30 the

1879 350 98 29 tables
1986 350 58 29 and
2061 350 139 38 soothing
2213 350 96 29 music
2319 350 84 29 often

1881 390 106 29 echoes
2008 390 77 30 from
2104 391 52 29 the
2174 391 91 39 piano
2287 391 31 28 in
2347 391 52 30 the

1882 430 141 30 corridor.

1923 470 216 31 Convalescent
2170 473 132 38 patients
2324 472 79 30 have
2396 473 27 18 0

1881 511 52 29 the
1954 511 109 40 liberty
2091 513 32 29 of
2140 513 53 29 the
2220 514 68 29 well
2316 514 88 29 trim-

1881 552 68 29 med
1971 552 95 29 lawns
2081 553 65 28 that
2157 564 96 27 sweep
2266 554 87 29 down
2367 559 34 24 to

1880 592 52 29 the
1943 592 146 29 beautiful
2098 593 98 35 Avon,
2205 594 100 29 where
2315 595 87 29 boats

1882 632 90 30 await
1993 633 80 29 their
2097 643 54 20 use
2160 645 8 24 ;
2190 644 34 19 or
2244 635 74 38 they
2331 645 72 29 may

1884 674 40 29 sit
1932 674 98 29 under
2039 674 54 29 the
2119 673 188 40 well-grown
2321 678 85 26 trees

1882 713 67 30 that
1962 724 68 20 now
2048 714 184 40 abundantly
2250 725 88 28 grace
2349 715 57 30 the-

1883 756 135 37 spacious
2029 755 141 38 grounds.
2213 755 31 29 If
2260 757 60 28 few
2333 759 72 36 stay

1883 795 74 38 long
1969 795 118 39 enough
2111 799 32 25 to
2157 795 80 30 walk
2261 797 88 28 much
2370 797 32 28 in

1882 835 53 29 the
1949 837 143 37 grounds,
2106 837 81 28 their
2206 837 113 36 beauty
2342 837 61 29 and

1882 875 152 31 freshness
2049 886 49 20 are
2121 886 39 20 an
2177 877 179 38 inspiration
2370 882 35 24 to

1883 915 85 30 those
1978 921 62 34 just
2053 918 178 38 recovering-
2243 917 76 29 from
2330 918 75 39 pain

1883 956 60 30 and
1957 957 197 39 prostration,

1924 997 31 30 It
1969 998 27 29 is
2020 1008 18 18 a
2058 999 128 29 mistake
2197 1002 47 26 ,to
2270 1009 134 30 suppose-

1883 1038 52 29 the
1954 1039 110 29 benefit
2088 1039 33 29 of
2146 1039 53 29 the
2223 1040 141 38 Hospital
2375 1040 28 30 is

1883 1081 102 27 meant
1999 1079 167 39 altogether
2187 1079 49 29 for
2263 1080 50 29 the
2328 1091 77 29 very

1881 1127 84 36 poor.
2008 1119 32 30 It
2047 1119 25 30 is
2083 1129 78 30 open
2171 1122 32 27 to
2211 1120 49 30 all.
2304 1120 97 31 There

1884 1156 131 42 surgical
2026 1160 69 29 skill
2110 1161 25 28 is
2142 1160 116 30 needed
2280 1162 48 29 for
2343 1172 61 28 any

1884 1200 115 30 serious
2013 1211 76 24 case,
2107 1210 34 19 or
2163 1202 48 28 for
2236 1203 166 37 casualties,

1883 1240 72 30 here
1975 1236 136 50 tQb.b(Bs|?
2116 1241 221 38 instruments,
2352 1243 56 28 the-

1970 1280 105 30 skilful
2084 1282 234 38 ;j3#sctitioners,
2343 1283 61 29 and

1884 1322 51 29 the
1944 1322 95 29 ablest
2046 1320 129 42 nursling
2189 1333 50 19 are
2250 1323 158 39 provided.

1885 1362 64 29 The
1954 1362 130 40 journey
2094 1363 77 30 from
2195 1363 53 29 the
2272 1367 132 35 country

1884 1402 26 30 is
1921 1406 64 26 not-
1996 1413 82 20 more
2091 1404 179 29 formidable
2288 1404 42 40 by
2352 1404 54 29 the

1884 1442 134 40 railway,
2041 1444 75 29 than
2133 1456 19 17 a
2164 1445 57 29 few
2245 1446 86 28 miles
2342 1446 33 28 in
2389 1456 19 19 a

1882 1483 113 40 jolting
2029 1489 74 24 cart.
2164 1484 63 31 The
2277 1489 63 26 cost
2373 1489 35 26 to

1884 1526 131 37 patients
2024 1525 29 29 is
2065 1526 72 38 only
2152 1525 94 30 about
2266 1526 62 38 28/-
2350 1537 57 29 per

1884 1566 91 34 week,
2001 1568 33 27 to
2058 1566 85 29 those
2166 1567 110 29 unable
2290 1570 32 25 to
2347 1577 60 30 pay

1884 1616 94 25 move,
1994 1606 97 30 which
2117 1607 136 30 includes
2280 1607 129 30 medical

1884 1647 190 36 attendance,
2092 1647 156 36 medicine,
2266 1649 72 35 diet,
2348 1649 61 28 and

1884 1688 128 38 nursing
2044 1688 117 29 -indeed
2196 1689 41 28 all
2270 1689 134 38 charges.

1887 1727 143 39 Separate
2044 1737 99 20 rooms
2158 1739 45 18 we
2220 1729 116 30 believe
2352 1739 58 20 can

1884 1769 38 28 be;
1934 1768 60 29 had
2015 1769 41 38 by
2081 1773 153 36 payment.
2277 1770 50 29 No
2352 1779 57 21 one

1886 1809 75 30 need
1989 1804 106 44 shrink
2119 1811 78 32 frorq.
2232 1821 18 19 a
2284 1811 124 38 sojourn

1885 1849 32 30 in
1936 1849 52 30 the
2016 1849 215 30 Christchurch
2255 1850 151 39 Hospital.

1885 1890 130 29 Doctors
2030 1891 63 28 will
2107 1894 54 25 not
2184 1894 122 35 operate
2321 1894 92 35 apart

1885 1930 81 29 from
1979 1930 53 29 the
2041 1930 125 30 cdiisent
2177 1931 31 28 of
2217 1931 52 29 Ihe
2284 1932 126 37 patient.

1888 1971 109 29 Ladies
2012 1971 61 29 and
2081 1971 171 39 gentlemen
2274 1972 75 29 visit
2358 1972 52 29 the

1887 2011 168 39 respective
2095 2013 97 28 wards
2234 2013 175 38 clergymen

1887 2063 51 19 are
1960 2051 148 31 admitted
2130 2056 31 26 at
2183 2053 41 29 all
2232 2053 103 35 hours,
2351 2054 59 29 and

1886 2093 116 29 friends
2030 2103 56 19 can
2124 2093 74 29 visit
2225 2093 181 40 frequently.

1888 2133 62 29 The
1980 2134 72 39 only
2082 2134 72 28 trial
2182 2135 26 28 is
2240 2135 169 40 separation

1886 2175 78 29 from
1985 2173 86 31 home
2093 2175 60 28 and
2166 2175 116 39 family,
2312 2176 97 30 which

1886 2215 43 40 by
1939 2215 51 29 the
1999 2225 68 30 way
2081 2215 25 28 is
2121 2215 31 29 in
2161 2219 54 25 not
2230 2227 18 19 a
2258 2216 58 33 few
2326 2227 84 19 cases

1886 2256 53 29 the
1952 2256 67 29 first
2033 2259 69 36 step
2124 2260 31 25 to
2178 2267 51 19 rec
2239 2267 91 29 >very,
2355 2258 57 29 but

1886 2296 68 30 who
1983 2297 100 29 would
2114 2302 53 24 not
2201 2298 113 30 endure
2348 2298 64 30 this

1885 2338 152 38 privation
2041 2338 49 28 for
2095 2338 52 29 the
2157 2338 73 30 sake
2234 2339 32 28 of
2270 2349 53 20 ren
2327 2350 15 18 e
2344 2340 67 29 wed

1885 2377 126 29 health?

1881 2568 188 58 LOCAL
2084 2569 37 57 &
2132 2567 275 59 GENERAL

1916 2674 49 24 Nn
1995 2674 190 24 Despekandum
2229 2674 96 24 Lodge.
2358 2674 54 24 The

1885 2717 121 32 quarterly
2017 2717 109 32 meeting
2136 2717 27 25 of
2183 2717 50 25 this
2256 2717 84 32 Lodge
2362 2725 49 17 was

1884 2761 58 24 held
1952 2761 25 23 in
1989 2761 41 24 the
2041 2760 84 31 Lodge
2136 2768 89 22 rooms,
2238 2769 29 16 on
2289 2761 121 31 Saturday

1883 2803 89 26 March
1984 2803 69 29 28th,
2066 2803 43 24 the
2120 2804 147 25 attendance
2293 2803 25 26 of
2332 2811 79 18 mem-

1885 2847 55 25 bers
1951 2855 50 17 was
2009 2846 72 33 fairly
2093 2847 70 31 good.
2174 2852 3 11 ;
2198 2847 54 25 The
2260 2847 70 25 usual
2348 2847 62 25 busi-

1885 2898 57 18 ness
1965 2898 49 17 was
2048 2892 65 23 trant
2118 2891 78 24 acted.
2231 2891 113 31 Receipts
2376 2890 37 24 for

1885 2933 44 25 the
1939 2936 106 29 quarter,
2066 2934 50 24 35
2141 2936 28 22 5s
2193 2934 39 29 Id,
2256 2934 155 31 expenditure

1886 2976 53 27 17
1961 2978 43 23 14s
2026 2976 41 25 Od.
2101 2976 40 25 Mr
2162 2977 71 25 Isaac
2256 2978 86 25 Morris
2364 2983 48 18 was

1888 3020 90 25 elected
2003 3020 112 31 delagate
2149 3022 27 24 to
2204 3020 85 26 attend
2322 3020 91 25 district

1888 3063 119 30 meetings,
2021 3066 25 20 at
2058 3063 130 31 Rangiora,
2201 3072 30 16 on
2245 3064 72 30 April
2330 3063 66 28 lltli.

1920 3106 33 24 St
1974 3106 123 24 Andrews
2132 3106 110 25 Church.
2278 3106 52 25 The
2362 3106 51 24 Eev

1886 3149 40 25 Mr
1940 3149 92 25 Garbet
2043 3149 22 24 is
2088 3149 42 26 the
2154 3151 110 24 minister
2284 3149 127 33 appointed

1884 3192 26 24 in
1921 3192 42 24 the
1974 3192 69 32 place
2054 3193 25 24 of
2090 3193 43 24 the
2155 3193 52 25 Rev
2226 3193 34 24 H.

1887 3236 38 24 He
1935 3235 22 25 is
1968 3236 114 31 expected
2093 3237 27 23 to
2131 3236 89 31 preach
2232 3235 42 26 his
2290 3236 54 24 first
2363 3244 47 16 ser-

1883 3286 59 18 mon
1954 3279 26 25 in
2000 3278 100 29 Oxford,
2124 3288 31 16 on
2303 3280 110 30 morning

1885 3323 69 23 next.
2038 3345 2 1 .

1898 3389 3 3 .
1916 3366 146 24 Threshing
2074 3367 246 25 M.\cHiNES.-^Some
2332 3367 27 24 of
2367 3375 46 16 our

1882 3408 106 32 farming
1995 3409 100 29 friends,
2105 3410 125 31 complain
2241 3410 27 25 of
2277 3410 42 25 the
2342 3412 68 29 great

1882 3452 112 32 quantity
2005 3452 27 25 of
2041 3453 73 28 chaff,
2127 3453 45 25 left
2192 3454 62 25 with
2276 3454 44 25 the
2342 3457 70 21 straw

1883 3495 50 25 this
1944 3504 66 24 year,
2022 3496 57 32 they
2090 3497 71 24 think
2172 3497 27 25 in
2219 3506 14 16 a
2255 3499 73 29 great,
2346 3505 69 17 mea-

1885 3547 53 17 sure
1945 3539 47 25 due
2015 3542 24 23 to
2061 3540 140 32 employing
2220 3549 27 16 so
2269 3541 76 24 much
2363 3541 49 31 boy

1884 3582 77 26 labor.
1997 3582 73 25 Some
2080 3583 81 28 think,
2175 3584 43 24 the
2229 3584 70 24 chaff
2307 3585 49 24 will
2368 3585 44 24 ad-

1885 3624 59 26 here
1954 3627 27 23 to
1991 3626 41 24 the
2053 3626 73 24 fleece
2149 3627 25 23 of
2197 3627 27 23 th
2231 3634 8 17 3
2262 3627 75 32 sheep
2358 3627 55 25 that

1885 3667 54 25 feed
1950 3676 33 16 on
1994 3668 41 25 the
2047 3671 80 26 straw,
2147 3677 30 17 au
2184 3670 10 24 I
2217 3669 87 33 therby
2325 3671 88 24 reduce

1888 3710 43 25 the
1944 3711 69 25 value
2024 3711 27 26 of
2060 3712 44 25 the
2114 3712 69 30 wool,
2196 3721 47 17 one
2266 3721 82 25 penny
2371 3721 44 25 pec

1890 3754 100 31 pound..
2154 3761 19 18 ',

540 69 166 31 OXFORD
747 68 88 31 AND
878 68 101 31 CUST
1024 69 219 32 OBSERVER
1265 68 233 36 SATURDAY,
1533 68 122 31 APRIL
1677 69 31 35 4,
1737 70 77 29 1891

1279 180 219 58 FRUIT
1554 181 237 60 FRUIT-

1270 282 113 77 Pears,
1398 280 190 41 Burgamots,
1613 282 61 30 and
1691 282 99 40 Burg-

1349 322 113 36 ondies,
1490 322 112 39 Apples
1626 323 49 29 for
1689 325 102 38 eating

1270 362 61 29 and
1359 362 138 39 cooking,
1538 362 134 40 Oranges
1712 365 78 29 from

1270 402 101 29 Tahiti
1401 403 59 28 and
1495 403 130 40 Sydney,
1659 403 130 31 Peaches

1269 442 79 29 from
1377 442 84 37 Cust,
1481 443 137 35 Lemons,
1639 443 149 38 Bananas,

1270 482 176 37 Cocoanuts,
1457 484 129 30 Biscuits
1594 485 119 36 Lollies,
1728 487 61 28 and

1269 523 60 30 fine
1340 523 205 40 Champaigne
1555 529 33 26 at
1599 526 38 29 2d
1646 534 54 31 per
1709 527 82 38 glass

1269 564 41 29 all
1324 567 32 26 to
1368 564 35 30 be
1414 569 53 34 got
1481 568 32 25 at
1526 565 49 30 the
1588 565 83 40 Shop
1680 567 34 29 of

1323 609 31 29 P.
1380 609 56 30 DE
1452 610 149 36 LOEEE,
1616 611 28 29 &
1659 610 89 38 SON,

1571 652 75 30 East
1665 652 125 30 Oxford.

1269 767 152 46 MISS
1436 767 186 55 POLE,

1319 825 471 45 DRESSMAKER.

1270 921 97 78 AND
1407 922 122 29 teacher
1571 923 41 30 of.
1638 923 153 30 Scientific

1348 962 242 40 Dress-cutting,
1621 962 100 40 (Pupil
1760 965 31 28 of

1270 1002 75 34 MIS3
1385 1003 140 39 Keating,
1558 1003 231 40 Christchurch)

1270 1044 108 29 Ladies
1390 1044 124 31 Dresses
1528 1043 79 30 from
1618 1043 47 37 5/-
1673 1048 32 26 to
1716 1043 74 41 10/-.

1268 1082 127 32 Bodices
1415 1087 53 27 cut
1497 1084 60 29 and
1587 1084 87 30 fitted
1698 1084 94 38 .Price

1269 1124 59 40 2/6.
1335 1124 81 31 Next
1424 1125 74 30 door
1502 1128 33 27 to
1542 1124 48 31 Mr
1596 1118 196 39 Lewthiwaite

1436 1165 116 31 WEST
1575 1165 176 32 OXFORD.

744 189 144 58 FOR
921 189 210 58 SALE.

669 290 92 78 John
779 289 124 40 Ingram
917 290 54 28 has
996 290 135 29 received
1145 290 44 29 in-

743 331 162 29 structions
915 331 80 28 from
1000 330 48 28 Mr
1056 329 134 31 William

669 371 126 39 Harvey
806 372 67 29 who
881 371 26 29 is
924 370 122 39 leaving
1067 371 52 29 the
1131 370 58 30 dis-

669 412 73 28 trict
756 418 31 23 to
802 412 54 29 sell
877 412 42 38 by
945 411 118 39 private
1088 414 101 30 treaty

670 452 45 30 his
726 456 137 35 compact
877 452 78 30 little
963 455 146 37 property
1121 461 67 20 con-

670 494 118 37 taining
797 495 91 28 about
910 503 56 19 one
988 503 68 19 acre
1076 492 31 28 of
1118 492 70 29 land

670 534 74 29 with
757 534 79 38 good
850 533 143 39 dwelling
1013 533 106 29 House
1129 533 60 29 and

670 574 83 38 large
788 574 74 29 shed
883 574 132 29 situated
1046 577 31 25 at
1106 572 84 30 West

670 613 112 30 Oxford
819 614 154 40 adjoining
1015 614 52 29 the
1106 612 84 31 West

670 654 115 29 Oxford
799 654 116 30 School.

709 696 86 28 Price
808 705 74 29 very
891 696 58 29 low

782 746 111 30 JOHN
915 744 172 36 INGRAM,

958 786 190 30 Auctioneer.

666 890 39 77 A
726 889 111 31 GOOD
849 889 109 30 TRAP
971 882 218 40 HbSEfour

745 941 88 28 years
844 930 59 35 old,
915 930 48 30 for
975 929 119 31 further
1102 935 87 34 part-

666 971 112 30 tculars
794 971 92 40 apply
900 974 31 26 to

854 1009 255 48 MrHAWKJEB,

969 1073 75 30 East
1065 1073 127 30 Oxford;

779 1204 305 45 WANTED.

668 1311 201 79 WANTED
896 1311 160 30 Known
1057 1311 83 39 Page
1161 1311 30 30 &,

769 1352 84 31 Co.'s.
870 1352 92 31 Stock
987 1357 32 24 at
1105 1375 2 5 ,
1127 1375 1 4 ,
1139 1345 3 12 ;
1141 1373 3 3 -

924 1392 182 30 PARISH'S
1139 1393 4 17 ;

670 1446 99 48 dRC
794 1444 97 30 Yards
899 1435 45 38 'of
964 1442 226 31 SHIRTINGS

671 1475 30 48 y!
713 1486 15 36 fl
744 1475 28 47 {$
815 1492 32 21 at
869 1485 154 39 Sixpence
1040 1494 54 29 per
1114 1484 77 39 yard

667 1527 99 29 woith
787 1527 47 28 8<!.
856 1536 54 28 per
924 1524 84 41 yard.

670 1579 100 39 nfllft
803 1577 133 30 YARDS
957 1576 54 30 OF
1034 1574 155 32 COTTON

675 1606 96 50 iJftf
809 1616 227 31 SHIRTINGS
1048 1620 33 26 at
1095 1616 48 30 4i

668 1670 147 78 ICAJI
840 1668 96 30 Yards
950 1668 32 29 of
996 1666 194 30 FLANNEL

717 1698 98 49 VUfJ
859 1713 30 25 at
955 1719 20 27 P
977 1719 33 18 er
1023 1718 58 19 vaa
1082 1708 18 28 d
1125 1707 65 29 sold

667 1761 33 24 at
715 1754 198 39 Cooperative
929 1753 103 30 Stores
1044 1757 32 25 at
1088 1752 101 41 l/3yd.

882 1804 35 31 R.
933 1805 40 30 H.
986 1804 166 30 PARISH.

969 1854 75 31 East
1065 1855 126 30 Oxford.

667 1969 45 44 J.
735 1969 52 44 T.
815 1966 195 54 Brown,
1032 1966 40 45 &
1093 1967 99 44 Son

719 2046 69 19 TIMB
808 2046 19 19 R
836 2046 18 19 &
864 2045 71 20 COAL
949 2043 178 22 MEKOHANTS.

837 2082 161 21 IMPOETBJRS

665 2130 35 27 Of
729 2131 137 25 TIMBER
895 2129 52 26 and
976 2129 47 26 All
1053 2129 86 26 Kinds
1163 2127 28 27 of

717 2175 183 28 BUILDING
922 2174 208 28 MATERIALS

851 2231 153 27 CORNER-

665 2273 160 25 COLOMBO
864 2274 18 23 &
910 2272 94 25 TUAM
1041 2270 149 31 STREET?
1211 2293 1 4 .

821 2316 187 25 Christohurch

708 2409 132 29 Wanted
865 2408 121 30 Known
1008 2408 68 29 that
1096 2406 36 31 A.
1149 2408 38 29 D.

667 2449 29 30 H
700 2450 91 30 assail
813 2449 75 31 Cust
910 2449 53 30 has
980 2460 36 19 on
1058 2449 82 30 hand
1173 2459 18 19 a

666 2491 85 38 large
761 2491 109 38 supply
879 2490 31 29 of
926 2490 110 39 Hemp,
1067 2489 123 36 Manila,

667 2532 59 29 and
745 2531 78 30 Flax
844 2530 178 31 BINDING
1041 2529 148 30 TWINE.

757 2615 131 48 FOB
918 2615 177 45 SALE.

668 2674 40 77 A
729 2672 103 35 COW,
854 2672 103 30 calved
967 2671 72 30 Dec.
1060 2672 47 35 27,
1131 2670 60 31 last

755 2712 103 40 Apply
871 2715 32 27 to

822 2762 101 30 .Office
945 2762 31 29 of
997 2762 62 30 this
1081 2762 100 38 Paper

681 2867 120 40 OXFORD
825 2867 161 38 DRAMATIC
1009 2867 158 38 COMPANY.

667 2949 195 80 WANTED
896 2949 110 31 Ladies
1027 2950 59 30 and
1108 2949 83 30 Gen-

736 3020 2 3 .
767 2990 113 30 tlemen
901 2991 117 39 willing
1027 3022 3 8 t
1051 2994 33 26 to
1119 2990 71 30 take

670 3041 18 19 a
708 3034 69 37 part
797 3031 32 29 in
850 3031 52 30 the
923 3035 74 26 next
1029 3031 158 30 Dramatic

669 3072 212 30 Performance
890 3077 31 24 to
933 3072 73 29 send
1014 3073 82 29 their
1104 3083 88 18 name

670 3113 59 29 and
745 3112 125 30 address
879 3117 31 25 to
921 3113 52 29 the
994 3112 155 40 Manager,

971 3153 75 29 East
1067 3152 123 31 Oxford.

733 3293 157 39 RANGIORA
927 3292 203 39 DISPENSARY.

668 3377 178 78 KEORGKE
876 3375 223 31 SHORLAND
1118 3377 72 38 begs

737 3421 41 26 to
822 3417 108 40 notify-
960 3417 69 29 that
1050 3417 51 29 'he
1135 3417 55 30 has

668 3459 118 39 bought
802 3458 67 30 -the
909 3458 94 32 above
1041 3458 145 30 business.

668 3500 124 39 Having
811 3498 141 30 obtained
975 3498 51 29 the
1051 3494 92 34 Stock
1157 3502 33 26 at

669 3551 19 19 a
714 3545 80 25 most
821 3539 175 31 reasonable
1023 3539 99 35 value,
1152 3539 38 30 he

668 3581 64 30 will
764 3580 56 31 sell
863 3585 31 25 at
931 3590 76 29 very
1035 3580 155 30 moderate

670 3622 106 38 prices*
819 3622 77 28 Best
908 3620 176 39 Stationary
1093 3620 99 30 added

670 3666 31 25 to
716 3661 52 29 the
782 3661 145 29 business.

710 3701 106 30 Order's
837 3701 78 29 from
947 3700 61 41 10/-
1042 3702 61 28 and
1133 3711 57 31 up-

671 3744 106 35 wards,
788 3742 173 30 forwarded
971 3742 57 30 rail
1038 3742 71 31 free.

182 446 279 38 OUST.

100 498 128 38 ANNUAL
264 495 276 39 DEMONSTRATION,

204 556 181 23 CONSISTING
406 556 38 21 OF

62 598 164 37 SPORTS,

280 649 87 35 TEA,

137 700 184 30 CONCERT
343 699 87 30 AND
463 699 118 35 BALL,

170 760 79 21 WILL
269 760 39 21 BE
329 759 82 20 HELD
434 758 41 21 ON

60 802 232 35 THURSDAY,
303 801 125 30 APRIL
437 802 77 35 9th,l
524 802 56 28 891

58 884 175 29 Procession
249 882 33 30 of
292 884 147 28 members
454 885 31 25 at
501 891 79 20 noon

58 925 113 29 headed
182 925 41 38 by
232 924 51 29 the
294 923 190 30 Oddfellows'
493 923 87 28 Band

98 1004 151 31 Brethren
263 1005 32 29 of
312 1005 88 29 sister
411 1004 127 38 Lodges,

147 1045 198 40 respectfully
365 1045 126 29 invited.

171 1176 310 57 NOTICE.

86 1273 194 42 DISTRICT
301 1274 48 38 OF
373 1274 177 44 OXFORD,

61 1360 22 77 I
97 1357 130 30 JAMES
243 1356 158 30 SHARPE
414 1356 169 37 Returning

126 1397 109 30 Officer
256 1398 49 29 for
328 1396 53 30 the
404 1396 129 29 District
553 1395 33 29 of

60 1438 113 30 Oxford
188 1438 47 30 for
247 1438 51 30 the
313 1447 129 30 purpose
452 1437 34 29 of
490 1437 91 29 elect-

58 1480 54 38 ing
126 1489 55 19 one
197 1480 187 39 Synodsman
398 1480 48 31 for
453 1478 52 29 the
517 1478 64 28 said

59 1520 126 34 district,
197 1520 38 29 do
246 1519 112 39 heredy
369 1519 124 39 appoint
512 1519 69 28 Sat-

56 1561 105 39 urday,
184 1560 53 30 the
261 1560 77 37 11th,
359 1560 62 37 day
441 1560 33 28 o
493 1559 88 29 A-n-il

61 1602 75 29 1891
159 1604 31 26 at
200 1602 52 28 the
267 1601 84 29 Road
372 1600 100 30 Board
489 1599 92 31 Office

60 1641 114 30 Oxford
183 1646 32 25 at
226 1644 18 27 4
254 1652 70 29 p.m.
335 1651 32 19 as
378 1642 52 29 the
439 1642 71 28 tiiiie
522 1640 59 30 and

57 1683 84 39 place
152 1682 33 30 of
193 1684 132 36 meeting
332 1682 49 29 for
389 1682 52 29 the
451 1691 130 29 purpose

59 1723 32 29 of
105 1722 151 39 receiving
270 1722 219 35 Nominations,
505 1722 23 28 if
542 1731 39 19 no

60 1764 73 29 such
144 1763 199 30 nominations
356 1763 78 29 have
446 1763 76 29 been
531 1762 49 29 de-

59 1804 114 30 livered
181 1809 31 25 to
221 1815 56 25 me,
288 1814 33 19 or
331 1803 56 30 left
397 1809 31 24 at
437 1809 52 24 tne
500 1803 81 29 office

58 1846 104 28 before
176 1846 19 27 4
206 1855 69 29 p.m.
296 1854 39 19 on
356 1844 159 39 Saturday,
529 1844 52 28 the

61 1886 82 29 11th.
159 1886 59 37 day
234 1886 33 28 of
277 1885 96 39 April,
387 1877 106 36 1891.'

178 1934 130 31 JAMES
332 1933 171 37 SHARPE,

460 1985 123 30 Oxford.

59 2119 95 79 ANY
164 2119 161 30 PERSON
333 2119 95 29 found
436 2122 145 35 trespass-

138 2160 54 39 ing
209 2171 39 18 on
269 2171 51 29 my
346 2160 86 28 Land
453 2159 48 29 for
522 2169 60 30 any

58 2211 130 30 purpose
211 2201 160 38 whatever,
391 2201 59 29 will
464 2201 37 29 be
512 2211 68 29 pro-

61 2242 119 30 secuted
187 2264 8 13 ,

238 2292 27 30 J.
290 2291 38 31 M.
349 2291 151 36 BOOTH,

348 2333 86 30 West
455 2333 124 33 Oxford.

61 2460 174 78 NOTICE,
278 2460 41 29 all
348 2460 127 29 Hounds
523 2460 60 28 and

143 2501 139 39 sporting
317 2500 74 38 dogs
426 2500 92 29 found
543 2510 46 20 on.

60 2552 56 19 our
140 2542 125 38 private-
282 2545 145 36 property
452 2544 32 25 at
496 2540 85 30 View

60 2581 74 30 Hill,
164 2581 61 30 will
254 2582 36 29 be
316 2582 78 35 shot,
429 2581 61 29 ajd
503 2581 80 30 their

60 2631 116 22 owners
192 2622 188 39 prosecuted.

181 2673 71 30 S.fc
267 2674 26 28 J.
310 2673 42 29 M'
362 2672 140 35 BRIAR,
561 2679 3 31 |

313 2713 88 29 West
413 2712 124 30 Oxford;

59 2858 164 80 NOTICE
232 2870 59 30 any
296 2860 113 29 Person
415 2870 34 18 or
454 2858 129 30 Persons

141 2910 39 19 on
191 2901 65 29 foot
265 2911 34 19 or
311 2900 166 30 horseback
487 2900 96 29 found

58 2942 188 39 trespassing
260 2950 34 21 or
305 2942 125 39 passing
450 2940 133 39 through

58 2994 50 28 my
120 2983 183 35 farmlands,
322 2982 47 29 for
378 2992 61 30 any
452 2991 131 29 purpose

58 3024 153 31 whatever
225 3023 62 30 will
300 3024 40 29 be
348 3022 193 40 .prosecuted.

237 3076 33 33 P,
293 3074 41 30 M'
352 3074 151 33 GRATH,

321 3114 86 31 West
417 3114 126 31 Oxford.

60 3244 163 31 ITOTICE
249 3244 115 30 Horses
394 3244 60 29 and
484 3243 100 31 Cattle

59 3275 37 50 Jj
141 3286 94 30 found
258 3285 126 40 grazing
397 3295 39 19 on
447 3295 52 29 my
512 3284 73 30 land

58 3328 62 30 will
141 3328 38 30 be
199 3326 192 40 impounded.

228 3403 2 1 .
274 3378 38 30 A.
333 3377 169 38 JENSEN,

413 3427 172 30 Woodside.

173 3530 293 60 FOUND.

56 3636 41 78 A
152 3631 155 31 LADIES
350 3630 158 30 JACKET
546 3640 39 19 on

138 3674 107 30 Mount
255 3672 118 32 Oxford

216 3714 94 41 apply
322 3718 33 26 to

259 3756 93 31 Office
362 3755 101 41 ofjhis
476 3754 105 40 Paper.
