2520 4020
1900 3877 74 18 Printed
1988 3878 38 16 and
2039 3877 97 21 published
2152 3882 55 16 every
2223 3878 112 20 Wednesday
2350 3877 38 17 and
2397 3875 80 19 Saturday

1922 3898 89 20 morning,
2026 3898 23 20 by
2067 3898 85 17 Samuel
2166 3899 89 18 Rxvxys,
2271 3901 20 14 at
2304 3898 32 17 the
2351 3898 55 17 Office
2420 3896 19 17 of
2449 3898 27 13 tne

1922 3920 49 17 New
1983 3919 101 17 Zealand
2094 3920 94 17 Gazetxjs
2196 3924 43 12 and
2252 3919 134 19 Wellington
2392 3935 2 5 ,
2401 3918 76 17 Specta-

1921 3944 44 15 tor,
1975 3939 159 21 Manners-itreet,
2269 3940 43 17 Poit
2324 3939 102 19 Nicholion,
2439 3937 38 17 Ne«

1922 3960 85 17 Zealand.

541 41 99 46 Wfst
663 39 120 43 itfrto
807 37 207 43 Zcatanft
1039 35 190 48 <Sra?tttc
1253 34 93 40 anft
1691 27 254 50 spectator.

654 109 47 16 ~~~y?
827 109 3 16 :
1014 109 4 17 '.
1070 121 3 3 ■

654 127 24 21 <*
802 140 5 4 ■
818 127 90 25 Maps,
918 126 105 24 Charts,
1031 126 55 23 &c,

664 157 44 18 TT\
713 155 42 22 HE
770 152 152 28 undersigned
934 152 41 22 has
987 152 48 27 just
1048 149 104 24 received
1167 156 13 14 a
1189 155 52 16 con-

680 181 11 18 I
738 178 112 30 signmeht
859 179 35 22 -of
908 186 63 20 maps
989 178 46 22 and
1052 176 74 23 charts
1142 176 58 22 from
1218 177 22 20 J.

663 208 92 27 Wyld's,
780 207 97 26 Charing
899 206 70 26 Cross,
995 203 142 29 Geographer
1158 205 24 19 to
1204 201 44 27 the.

663 235 86 26 Queen,
759 234 36 22 viz
802 242 5 14 :
809 244 28 5 —

689 261 72 27 Large
772 264 43 18 two
824 260 63 22 sheet
896 266 52 20 map
958 258 25 22 of
988 258 57 22 New
1053 257 106 27 Zealand,

689 288 51 21 One
750 288 64 21 sheet
822 286 86 28 map>of
914 285 57 22 New
980 284 105 26 Zealand,

689 314 106 22 Chaffers'
813 314 63 21 chart
891 312 25 22 of
931 311 78 22 Cook's
1030 311 85 27 Straits,
1132 309 53 23 with
1204 309 37 21 the

661 341 68 21 latest
738 340 117 26 additions,

690 366 106 23 Chaffers'
805 366 65 22 chart
878 365 25 22 of
909 365 55 22 Port
971 362 130 28 Nicholson,

689 393 133 23 Mercator's
831 392 64 23 chart
903 392 26 22 of
939 391 39 22 the
987 390 75 28 world,
1074 388 41 24 &c.
1126 390 38 22 &c.
1175 390 38 21 &c.

1018 417 111 22 William
1143 417 71 22 Lyon.

663 448 85 21 Corner
756 448 26 20 of
788 446 151 22 Willis-street
948 444 44 23 and
1002 444 186 28 Lambton-quay.

669 470 4 38 '_
833 473 60 22 June
902 473 34 25 21,
946 473 62 20 1842.
1052 482 16 9 /.

838 518 44 20 Ex

664 545 89 49 FOR
765 544 86 27 SALE,
861 543 31 27 by
901 543 37 21 the
948 541 154 27 undersigned,
1115 542 35 22 the
1160 542 84 22 follow-

734 572 42 26 ing
782 571 74 26 cattle,
866 569 98 23 selected
971 569 57 21 from
1037 569 38 21 the
1084 568 56 22 herd
1150 569 25 21 of
1181 569 61 27 Capt.

663 599 97 24 Rhodes,
780 601 24 18 at
821 597 101 26 Broulee,
939 595 56 23 Ne^v
1013 595 70 22 South
1098 595 81 28 Wales,
1198 595 46 21 and

663 625 83 23 landed
755 625 52 22 here
817 624 23 22 in
850 623 70 26 prime
928 622 120 27 condition,

689 655 28 19 28
726 659 57 15 cows
791 651 27 22 in
827 650 49 27 calf,

689 681 15 20 9
711 677 110 27 bullocks,

690 707 26 21 13
727 709 68 18 steers
804 703 45 23 and
861 703 90 27 heifers,
964 702 99 27 eighteen
1074 703 88 21 months
1171 702 44 22 old.

925 738 63 19 ALSO,

690 759 41 21 150
741 765 57 15 ewes
808 757 43 23 and
860 757 100 27 wethers,
972 764 27 14 ex
1007 757 59 21 Lord
1073 757 90 21 Holart.

892 799 7 9 ,
921 783 36 22 W.
972 784 26 22 B.
1013 783 104 22 Rhodes'
1125 783 43 22 and
1178 783 38 21 Co.

690 811 61 22 June
761 813 34 24 28,
809 811 59 22 1842.

892 855 40 21 On
952 855 68 24 Sale,

665 889 92 50 THE
771 888 75 23 BEST
861 888 76 22 CASE
952 888 64 26 GIN,
1030 888 25 21 in
1065 894 61 15 cases
1139 887 44 22 and
1198 886 50 23 half

740 923 68 15 cases.

978 941 81 22 Waitt
1075 940 54 22 and.
1135 942 82 21 Tyser.

691 970 60 22 June
762 971 32 25 24,
807 970 59 20 1842.

888 1013 54 20 For
955 1013 69 24 Sale,

666 1046 136 33 rpEGG'S
817 1046 101 22 SHEET
931 1045 198 22 ALMANACKS
1143 1045 33 22 for
1185 1046 58 24 1842,

672 1067 29 28 X
739 1073 80 27 Tegg's
829 1072 108 27 Washing
947 1072 70 26 Book,

690 1100 82 27 Tegg's
781 1098 146 23 Commercial
937 1098 84 25 Pocke.t
1029 1098 96 23 Diaries.

667 1134 85 20 Gazette
763 1132 77 27 Office,
851 1132 60 22 June
920 1133 33 26 25,
965 1133 60 21 1842.

767 1178 74 20 John
854 1177 136 24 Medares,
1007 1177 139 20 deceased.

663 1211 203 49 WHEREAS,
884 1210 86 22 Letters
988 1210 26 20 of
1026 1209 184 22 Administration
1225 1209 23 21 of

760 1237 38 22 the
808 1241 69 18 estate
888 1237 44 21 and
942 1236 74 22 effects
1025 1236 25 21 of
1057 1236 61 21 John
1136 1236 108 26 Medares,

663 1265 45 21 late
726 1264 25 22 of
764 1264 84 27 Kapiti,
858 1264 57 21 New
925 1262 106 28 Zealand,
1047 1270 14 14 a
1076 1262 80 22 citizen
1173 1263 25 21 of
1208 1262 37 22 the

664 1291 85 22 United
759 1291 72 21 States
842 1291 24 21 of
877 1290 111 26 America,
1000 1288 114 28 deceased,
1124 1289 56 22 have
1189 1290 56 20 been

664 1317 93 28 granted
774 1321 22 18 to
812 1317 99 21 William
926 1316 110 27 Mayhew,
1051 1316 148 22 Vice-Consul
1212 1316 34 22 for

664 1345 38 21 the
718 1344 84 22 United
821 1344 72 22 States
911 1344 25 21 of
952 1343 112 21 America.
1100 1343 40 21 All
1155 1350 90 20 persons

664 1371 82 27 having
765 1378 43 20 any
826 1370 67 22 claim
910 1377 23 15 or
952 1369 97 22 demand
1066 1377 61 19 upon
1149 1370 34 22 the
1199 1369 47 22 said

665 1401 76 24 estate,
759 1404 37 15 are
809 1396 118 29 requested
939 1400 23 18 to
972 1396 56 22 send
1035 1396 39 22 the
1085 1396 130 28 particulars
1223 1399 22 19 to

665 1425 37 21 the
715 1424 150 27 undersigned
873 1431 5 20 ;
895 1423 44 22 and
955 1424 29 21 all
998 1430 91 20 persons
1104 1423 105 22 indebted
1223 1427 22 17 to

664 1452 37 21 the
710 1451 50 22 said,
771 1453 76 24 estate,
856 1458 39 14 are
904 1450 117 28 requested
1028 1452 24 19 to
1065 1457 45 21 pay
1119 1450 53 22 such
1184 1450 62 22 debts

665 1481 24 19 at
697 1478 39 22 the
746 1478 63 22 office
821 1478 26 21 of

717 1505 92 22 Messrs.
824 1504 78 22 Evans
917 1504 45 22 and
976 1504 122 26 Chetham,

1020 1530 119 26 Solicitors,

1075 1557 143 27 Wellington.

665 1593 32 22 Or
711 1595 23 19 to
751 1592 94 27 Captain
860 1591 99 22 William
976 1590 109 27 Mayhew,
1098 1589 148 24 Vice-Consul

696 1619 38 22 the
740 1618 86 22 United
836 1620 72 21 States
913 1618 26 21 of
944 1618 112 26 America,
1065 1617 48 28 Bay
1118 1617 25 22 of
1152 1617 92 22 Islands.

653 1646 10 23 %
694 1645 143 27 Wellington,
849 1645 59 21 June
918 1646 33 25 29,
964 1646 60 21 1842.

835 1690 78 21 liand
926 1689 29 21 in
969 1688 106 21 Karori.

663 1723 179 50 WANTED
873 1723 42 22 TO
942 1721 171 28 PURCHASE,
1143 1721 52 23 land
1222 1721 22 22 in

761 1750 81 22 Karori
852 1749 91 23 district.
971 1748 76 29 Apply
1056 1752 22 18 to

1059 1775 63 22 John
1136 1775 82 23 Wade.

691 1803 31 22 Te
732 1805 55 24 Aro,
800 1803 61 22 June
871 1805 20 25 1,
903 1804 60 21 1842.

791 1847 134 27 Building
944 1847 176 20 Allotments.

665 1881 88 49 FOR
776 1881 85 27 SALE,
885 1880 102 27 building
1011 1879 132 27 allotments,
1165 1879 82 28 having

736 1908 115 27 frontages
861 1914 28 15 on
899 1907 74 22 Willis
982 1907 43 22 and
1038 1906 206 27 Ghuznee.Streets,

663 1938 43 19 two
722 1935 26 22 of
758 1935 39 21 the
810 1933 110 29 principal
935 1937 77 19 streets
1026 1934 25 21 of
1062 1934 37 21 the
1110 1936 64 19 town.
1202 1933 45 22 For

662 1962 64 27 plans
736 1961 45 23 and
790 1961 137 28 particulars,
938 1961 66 28 apply
1013 1964 22 18 to

1069 1987 29 21 A.
1114 1987 105 22 Ludlam.

854 2022 80 16 *terms
948 2021 106 15 liberal.

692 2041 145 26 Wellington,
849 2041 59 21 June
918 2041 33 26 28,
964 2041 59 21 1842.

663 2085 173 27 Wellington
858 2085 53 21 and
931 2084 153 27 Wanganui
1085 2095 28 4 —
1113 2085 89 20 Lands
1217 2085 28 19 to

903 2113 33 20 he
951 2112 58 20 Let.

664 2145 123 22 mOWN
809 2144 211 23 ALLOTMENTS
1043 2144 24 22 in
1091 2144 29 22 all
1144 2147 58 25 parts
1226 2144 25 21 of

672 2166 29 28 JL
738 2172 137 27 Wellington
892 2172 45 21 and
947 2171 130 27 Wanganui,
1091 2171 45 22 and
1152 2172 96 26 Country

664 2198 97 23 Sections
774 2198 24 22 in
815 2198 55 22 both
885 2198 103 27 districts,
1005 2201 22 19 to
1042 2199 26 21 be
1083 2198 32 22 let
1124 2205 29 15 on
1170 2198 77 22 leases.

664 2226 44 22 For
715 2226 64 27 plans
790 2225 45 23 and
843 2226 143 27 particutars,.
993 2225 66 27 apply
1068 2227 23 19 to

995 2252 87 22 Henry
1096 2252 36 22 St.
1150 2252 69 21 Hill.

691 2279 54 27 July
755 2281 19 25 1,
786 2280 60 21 1842.

812 2324 40 20 To
868 2324 33 20 be
916 2324 50 20 Let
981 2329 30 15 or
1027 2323 72 21 Sold.

663 2358 52 49 A
729 2356 108 24 SMALL
851 2356 91 23 FARM
957 2356 25 22 of
988 2356 27 23 25
1025 2363 60 16 acres
1096 2363 28 15 on
1134 2356 39 22 the
1182 2356 64 26 Hutt,

743 2384 38 22 the
788 2384 71 22 Avhole
870 2383 94 27 cleared,
973 2383 107 28 stumped,
1087 2382 105 28 inclosed,
1204 2383 44 22 and

663 2411 26 22 fit
697 2412 35 21 for
741 2410 38 23 the
794 2410 83 28 plough
884 2418 6 20 ;
904 2413 51 25 part
968 2410 72 22 under
1051 2414 59 23 cropL
1138 2410 111 28 Together

663 2438 53 21 with
733 2445 15 14 a
767 2437 131 22 substantial
917 2437 43 22 and
979 2436 144 23 comfortable
1141 2437 106 22 weather-

663 2464 97 23 boarded
776 2464 45 21 and
835 2464 71 22 slated
922 2464 76 26 house,
1011 2463 122 23 three-stall
1141 2464 107 22 weather-

663 2491 98 22 boarded
770 2491 77 27 stable,
856 2491 43 22 and
907 2490 63 23 other
976 2491 167 22 conveniences.
1171 2491 77 22 Terms

663 2518 86 28 liberal,
760 2517 66 29 apply
836 2521 24 18 at
868 2518 43 21 this
922 2518 77 21 Office.
1204 2538 5 8 ,

691 2553 55 26 May
756 2553 34 26 24,
801 2553 62 21 1842.
1197 2547 6 7 '

663 2599 87 20 Town
774 2598 55 21 and
853 2598 123 25 Country
994 2598 77 20 Land
1091 2599 30 19 to
1142 2598 51 21 Let
1211 2603 36 16 on

853 2625 80 25 Long
952 2625 107 20 Leases.

663 2659 100 50 NOS.
780 2658 25 22 of
820 2657 39 23 the
878 2660 60 19 town
957 2664 62 15 acres
1037 2664 28 15 on
1082 2657 38 23 the
1139 2659 109 26 Surveyor

864 2683 117 23 General's
990 2684 64 28 Plan,

747 2725 3 5 ■
772 2713 41 21 224
939 2711 41 22 510
1101 2713 40 21 263

664 2739 46 22 For
717 2739 139 28 particulars,
868 2737 67 28 apply
945 2741 21 19 to

828 2772 124 27 Wallace,
962 2771 94 28 White,
1066 2772 47 22 and
1125 2772 124 22 Wallace.

692 2800 56 27 May
757 2801 34 25 31,
804 2800 60 21 1842.

666 2850 68 49 TO
751 2850 40 22 BE
812 2848 87 27 SOLD,
914 2850 25 21 in
953 2849 43 23 lots
1010 2852 23 19 to
1052 2850 44 22 suit
1102 2856 4 4 •
1113 2850 136 28 purchasers,

712 2888 2 6 ■
731 2877 38 22 the
785 2876 71 23 whole
874 2876 25 22 of
910 2880 60 18 town
986 2883 49 15 acre
1106 2879 54 24 134,-
1171 2885 27 14 on
1212 2878 39 21 the

664 2904 54 28 plan
729 2904 26 21 of
757 2904 38 21 the
800 2904 68 21 Town
874 2903 25 22 of
903 2903 142 27 Wellington,
1051 2904 83 26 having
1139 2904 112 28 frontages

664 2934 24 18 to
697 2930 191 23 Taranaki-street
897 2930 47 22 and
953 2930 194 27 Ingestrie-street.
1176 2931 76 23 Terms

663 2957 85 22 liberal.
778 2957 77 28 Apply
864 2960 23 18 to
1025 2954 2 4 '
1157 2955 3 5 '

975 2999 3 3 ■
1003 2983 35 22 W.
1051 2983 27 22 V.
1090 2984 107 28 Brewer,

1027 3023 3 4 •
1060 3010 191 23 Manners-street.

694 3038 58 22 June
763 3036 32 26 17,
809 3038 59 21 1842.
1033 3057 58 14 ._^_

742 3082 134 26 Building
889 3082 170 20 Allotments
1073 3084 30 19 to
1117 3083 60 23 Let,

667 3115 91 49 THE
776 3114 202 23 ADVERTISER
993 3115 65 22 offers
1071 3122 62 20 upon
1148 3116 106 27 Building

742 3142 96 26 Leases,.
843 3149 14 14 a
866 3141 96 22 number
971 3141 26 22 of
1006 3141 70 23 Town
1084 3142 137 23 Allotments
1229 3143 24 22 in

666 3169 40 22 the
714 3172 60 19 most
783 3168 108 22 desirable
899 3171 62 24 parts
971 3169 26 21 of
1006 3168 45 22 this
1060 3169 140 23 Settlement.

694 3196 48 22 The
760 3196 111 21 attention
889 3195 34 27 of.
931 3195 38 22 the
985 3195 76 28 public
1075 3196 21 22 is
1110 3196 144 32 particularly

667 3222 72 23 called
757 3225 24 19 to
799 3222 39 22 the
857 3221 124 28 advantage
1000 3222 26 21 of
1042 3222 106 28 Building
1165 3224 88 27 Leases,

666 3249 74 22 which
748 3249 39 22 the
796 3249 154 27 undersigned
955 3256 21 14 is
986 3249 96 22 enabled
1089 3252 24 19 to
1117 3253 78 25 'grant,
1202 3251 51 27 viz.,

666 3276 59 23 from
734 3283 74 16 seven-
813 3278 24 19 to
852 3278 144 25 twenty-one-
1007 3283 72 20 years,
1097 3277 120 27 according
1230 3280 25 19 to

666 3303 40 22 the
720 3303 70 22 value
808 3302 26 22 of
854 3302 39 23 the
914 3302 116 28 buildings
1049 3303 111 28 proposed
1167 3311 4 5 '
1181 3307 23 19 to
1225 3304 30 23 be

668 3330 109 28 erected.',
793 3329 78 28 Apply
880 3332 23 19 to
969 3339 2 5 •
1187 3347 3 8 ,
1205 3344 3 5 .

831 3362 31 22 A.
877 3363 106 26 Ludlam,
995 3369 26 15 or
1116 3376 2 5 •
1139 3374 4 4 •

830 3389 38 23 W.
882 3389 29 22 V.
925 3389 109 27 Brewer,
1048 3389 193 25 Manners-street.

838 3414 10 9 *'
1183 3423 29 3 —
1212 3423 2 3 ■
1214 3423 21 3 —
1235 3422 18 4 —

668 3433 118 50 LAND
802 3436 22 19 to
833 3433 30 22 be
873 3433 54 22 Sold
938 3440 25 15 or
971 3433 44 23 Let
1028 3441 29 15 on
1072 3434 102 29 building
1186 3436 70 22 leases

744 3459 25 23 in
778 3459 31 23 all
819 3463 61 24 parts
889 3460 26 22 of
921 3459 44 23 the.
969 3460 76 22 Town.
1074 3461 76 29 Apply
1159 3467 24 17 to
1191 3478 2 5 ,
1237 3469 8 7 '

761 3489 4 5 '
777 3493 93 22 Messrs.
885 3492 79 23 Evans
978 3492 45 23 and
1037 3494 121 28 Chetham,

975 3520 117 28 Solicitors,
1103 3519 3 5 '

1015 3555 3 7 1
1040 3547 197 27 Lambton-quay.'

697 3574 57 27 May
762 3576 35 24 23,
809 3574 61 21 1842.
947 3586 4 5 -

732 3620 3 7 '
753 3619 4 7 '
786 3618 2 4 '
836 3619 91 20 Beach
944 3619 145 27 Frontage.
1178 3617 6 3 *
1209 3617 2 6 '
1235 3635 3 3 .

672 3653 66 48 TO
752 3652 40 22 BE
806 3651 75 28 LET/
888 3652 73 22 beach'
969 3652 101 26 frontage
1084 3653 43 23 lots
1137 3655 25 22 in
1172 3659 85 20 section

743 3680 42 21 490
795 3685 30 16 on
840 3678 39 23 the
889 3678 63 33 Plan;
956 3679 26 22 of
989 3678 39 23 the
1037 3678 66 24 Town
1117 3682 28 21 of
1150 3681 106 30 Welling-

670 3709 47 23 ton,
728 3706 115 27 adjoining
852 3706 49 22 Mr.'
904 3705 91 23 Taine's
1002 3708 67 25 store;
1084 3707 46 25 and
1138 3708 24 22 in
1172 3710 84 22 section

670 3733 48 25 616,
724 3732 103 25 .between
834 3732 76 28 Major
917 3732 92 23 Baker's
1019 3732 44 23 and
1071 3734 44 22 Mr.
1123 3735 134 24 Swainson's

670 3758 88 23 houses.
833 3768 2 6 '
848 3776 3 5 <
881 3783 4 4 ,
904 3777 3 5 '
926 3780 2 6 ,

697 3783 56 24 Also
762 3784 39 23 the
809 3785 115 29 following
932 3786 98 23 sections
1040 3793 28 16 on
1078 3787 37 23 the
1122 3788 57 23 Plan
1188 3790 26 22 of
1219 3790 38 22 the

670 3811 78 28 Town,
757 3811 48 22 viz:
806 3823 29 5 —
835 3817 2 5 '
859 3813 2 4 '
900 3814 60 12 '-■'■■

773 3839 28 21 55
938 3840 41 21 319
1127 3844 41 20 922

761 3866 48 24 240.
938 3866 41 25 718
1051 3877 4 5 -
1115 3870 54 21 1079

698 3891 75 29 Apply
787 3894 25 20 to

848 3918 27 23 E.
891 3918 21 23 J.
927 3918 151 30 Wakefield,
1093 3929 26 15 or

847 3944 38 23 W.
900 3945 27 22 V.
943 3946 108 28 Brewer,
1064 3948 194 25 Manners-street.

1908 131 4 4 .
2021 129 4 5 ,
2103 115 53 21 For
2169 114 70 22 Sale.
2366 131 4 7 ,
2411 133 2 4 ,

1880 148 122 50 SEEDS,
2013 148 38 21 the
2059 147 98 27 produce
2170 147 26 22 of
2208 146 49 22 the.
2263 147 93 26 Colony,
2364 146 37 22 for
2415 148 41 24 sale

1945 178 22 18 at
1978 174 39 21 the
2050 174 93 22 Gazette
2174 173 79 22 Ofiice.

1880 218 87 49 FOR
1981 218 79 21 SALE
2074 221 23 19 at
2112 217 43 22 this
2169 217 72 27 office,
2258 216 79 28 Hymn
2350 216 73 23 Books
2435 218 21 23 iv

1924 260 3 4 .
1941 266 6 3 .
1952 244 38 23 the
1999 244 75 23 native
2081 244 119 27 language.

1905 277 127 23 December
2040 279 35 24 28,
2087 278 60 21 1841.

1940 326 2 5 '
1957 321 3 6 '
1973 322 156 25 Stationery
2145 321 60 27 just
2217 320 151 27 unpacked.

1882 354 72 48 ON
1967 354 86 27 SALE,
2068 358 23 18 at
2100 354 38 22 the
2149 354 86 20 Gazette
2250 353 77 22 Office,
2343 359 30 16 an
2384 356 72 20 exten-

1930 388 3 4 s
1958 381 46 21 ive
2014 380 45 22 and
2067 379 77 23 varied
2153 383 133 19 assortment
2301 380 26 21 of
2343 380 115 29 stationery

1881 408 26 22 of
1917 415 67 19 every
1994 407 141 28 description.

1899 453 3 5 ■
1908 441 101 26 January
2019 441 19 26 7,
2051 441 62 21 1842.
2210 461 4 3 .
2252 458 4 6 .

1881 502 219 24 WHOLESALE
2129 502 125 25 PRICES
2287 502 169 27 CURRENT,

1980 547 133 15 CORRECTED
2127 548 29 14 UP
2171 548 28 14 TO
2213 548 55 15 LAST
2284 547 80 15 NIGHT.
2373 542 5 4 '

2220 575 16 17 £
2258 579 21 16 «.,
2298 575 17 16 d.
2329 589 4 3 .
2369 573 17 18 £
2408 579 15 12 I.
2445 576 23 19 d,«

1883 601 64 22 Ale:
1962 601 29 22 In
1999 601 78 28 bottle,
2091 602 112 29 perdoz..
2222 605 14 19 0
2251 604 25 21 13
2303 605 14 20 0
2335 617 17 7 ..
2371 604 14 21 0
2399 604 26 21 14
2448 608 10 19 0

1981 628 223 28 Alsop'sperhhd...
2223 631 14 20 8
2263 631 13 20 0
2303 631 13 20 0
2316 627 5 3 '
2335 644 17 6 ..
2370 632 14 19 0
2411 632 13 19 0
2448 634 10 21 0

1884 655 97 22 Arrack
1990 662 5 13 :
2011 655 42 22 Per
2062 656 45 26 gal.
2116 656 24 21 in
2149 656 60 21 bond
2223 658 14 19 0
2265 657 10 20 1
2304 658 14 19 9
2335 670 17 7 ..
2371 658 14 20 0
2411 658 14 20 2
2448 663 10 20 o

1882 682 93 21 Bread:
1991 681 43 22 Per
2042 682 45 21 2lb.
2098 681 50 22 loaf
2162 697 45 6 ....
2225 685 14 20 0
2265 684 13 19 0
2305 683 13 22 7
2336 697 17 6 ..
2371 684 14 21 0
2412 686 13 19 0
2449 688 9 19 0

1882 709 74 21 Beef:
1971 709 77 27 Fresh,
2063 725 7 10 x
2067 716 89 15 carcase
2171 716 40 20 per

1999 735 85 26 1b.....
2221 738 14 19 0
2263 736 11 20 0
2290 737 27 20 10
2334 750 17 7 ..
2369 738 14 20 0
2411 738 11 19 1
2447 740 11 19 0

1991 761 53 28 Salt,
2054 769 41 21 per
2107 762 68 22 tierce
2188 777 6 6 .
2201 777 5 6 .
2225 765 13 19 6
2253 764 26 20 10
2306 764 13 19 0
2336 777 6 6 .
2348 777 6 6 .
2373 764 14 21 0
2413 765 13 19 0
2449 767 11 19 0

1992 789 43 21 Do.
2044 796 40 20 per
2098 789 73 22 barrel
2188 804 6 5 .
2200 804 6 5 .
2224 791 54 20 410
2306 791 13 20 0
2336 803 5 6 .
2348 803 5 6 .
2371 792 14 19 0
2412 791 13 20 0
2449 794 11 19 0

1883 815 94 22 Butter
1983 822 5 14 :
2004 815 66 27 Irish,
2079 823 41 21 per
2127 816 30 22 lb.
2189 830 6 7 .
2202 830 6 6 .
2226 818 14 20 0
2267 817 10 20 1
2307 817 13 20 9
2337 830 6 6 .
2350 830 4 6 .
2373 818 14 20 0
2413 817 14 20 2
2451 820 10 19 0

2005 841 69 22 Fresh
2226 845 14 20 0
2266 844 13 21 3
2307 844 13 20 3
2337 856 18 7 ..
2373 844 14 21 0
2415 844 12 20 0
2451 846 9 20 0

1884 873 110 17 Dranuv:
2008 868 59 22 First
2073 869 92 27 quality,
2173 877 39 19 per

2032 895 76 27 gallon
2118 896 22 21 in
2152 896 59 21 bond
2225 898 13 20 0
2266 898 13 19 6
2301 898 19 25 .0
2337 910 6 6 .
2350 910 4 6 .
2373 895 13 23 0
2414 898 13 19 9
2451 900 10 19 0

1884 921 87 22 Brown
1980 932 3 4 -
1990 921 74 22 Stout
2072 929 5 14 :
2101 929 39 21 per
2154 922 52 21 hhd.
2222 924 13 20 0
2263 925 14 20 0
2303 925 14 19 0
2334 937 18 6 ..
2372 924 13 20 6
2413 924 13 19 0
2450 926 10 19 0

1885 948 99 22 Cigars:
1995 948 103 27 Manilla,
2106 956 39 19 per
2151 950 59 26 1000,
2225 951 14 19 3
2267 951 53 19 00
2337 963 18 7 ..
2372 950 15 21 4
2414 951 14 20 0
2451 953 10 19 0

1992 974 98 23 Inferior
2226 977 11 20 1
2255 977 24 20 18
2306 978 14 19 0
2337 990 18 6 ..
2373 978 13 19 2
2414 977 14 20 0
2451 980 9 19 0

1994 1001 135 28 Havannah,
2134 1002 76 27 perlb.
2225 1004 14 20 0
2254 1004 25 20 16
2305 1004 15 20 0
2336 1017 19 6 ..
2374 1004 10 20 1
2413 1004 14 19 0
2450 1006 10 19 0

1992 1029 170 26 Chinsurahper
2168 1030 68 21 10001
2253 1030 27 21 10
2307 1031 13 19 0
2336 1043 19 7 ..
2373 1032 13 19 0
2413 1031 14 19 0
2451 1034 9 18 0

1992 1055 156 22 Alexandrian
2161 1070 46 7 ....
2225 1057 11 20 1
2254 1058 26 20 10
2306 1057 14 20 0
2336 1070 19 7 ..
2373 1058 14 19 0
2414 1057 13 20 0
2451 1060 9 19 0

1885 1083 88 22 Coffee
1979 1090 6 13 :
1996 1082 64 27 Java,
2070 1090 40 20 per
2119 1083 23 22 lb
2226 1084 13 21 0
2268 1084 11 21 1
2306 1084 15 20 4
2337 1097 6 6 .
2350 1097 6 7 .
2373 1084 14 20 0
2415 1084 11 19 1
2452 1086 10 19 6

1885 1110 102 22 Cheese:
2003 1109 106 22 Cheshire
2226 1112 14 19 0
2267 1112 11 19 1
2307 1111 81 20 6..0
2415 1111 13 19 0
2452 1113 9 20 0

2002 1135 56 22 Pine
2067 1136 74 28 Apple
2162 1150 46 7 ....
2227 1138 13 20 0
2267 1138 14 20 0
2307 1137 120 21 0..01
2451 1139 10 20 2

2002 1162 77 22 Dutch
2227 1165 14 20 0
2267 1165 14 20 0
2308 1165 14 19 0
2338 1177 20 6 ..
2375 1165 13 20 0
2416 1164 12 20 1
2453 1166 9 19 0

1886 1190 105 21 Candles
1999 1196 5 14 :
2011 1189 94 26 English
2111 1196 58 20 wax,
2174 1196 40 21 per

2029 1215 23 21 lb
2227 1218 13 19 0
2268 1217 13 20 3
2308 1217 14 20 6
2338 1230 20 6 ..
2375 1218 14 20 0
2416 1218 14 19 0
2453 1220 9 19 0

2016 1242 81 22 Mould
2226 1244 13 20 0
2267 1243 14 21 2
2308 1244 80 21 0..0
2416 1244 13 20 0
2452 1247 10 19 0

2017 1268 97 29 Dips...
2225 1271 14 20 0
2267 1272 12 19 0
2307 1271 13 19 0
2337 1284 19 6 ..
2371 1272 17 21 .0
2415 1271 13 19 0
2451 1274 11 18 0

1886 1295 94 22 Flour:
1988 1295 132 28 lstquality,
2131 1298 82 25 perton

2009 1322 132 22 of2ooolbs
2211 1324 28 20 22
2266 1324 13 20 0
2307 1325 13 19 0
2336 1324 51 21 ..28
2415 1324 13 20 0
2452 1328 22 19 0,

1985 1349 46 21 2nd
2041 1349 55 22 ditto
2214 1351 26 20 18
2267 1352 77 19 00.
2350 1352 38 19 .20
2415 1352 14 19 0
2452 1354 10 19 0

1887 1376 60 21 Gin:
1968 1376 53 21 Pale
2037 1377 24 20 in
2071 1376 60 21 bond
2226 1379 13 19 0
2265 1378 14 19 2
2307 1378 14 19 6
2337 1391 19 6 ..
2373 1379 14 19 0
2413 1378 14 19 3
2452 1380 10 20 0
2477 1376 5 18 '

1936 1403 61 26 Case,
2006 1404 14 20 4
2027 1403 35 26 gal
2071 1404 38 20 4-5
2116 1403 24 22 in
2149 1404 62 21 bond
2225 1405 10 19 1
2265 1405 13 20 2
2305 1405 14 19 0
2336 1418 19 6 ..
2373 1406 12 19 1
2413 1404 14 20 6
2451 1407 11 20 0

1887 1429 82 22 Hams:
1985 1429 127 28 Yorkshire,
2128 1430 84 27 perlb.
2227 1432 14 19 0
2268 1432 13 20 0
2308 1432 14 19 0
2338 1445 20 6 ..
2375 1433 13 19 0
2416 1432 13 19 0
2453 1434 10 19 0

1886 1456 23 22 M
1915 1464 86 14 ustard
2008 1464 6 14 :
2029 1457 43 21 Per
2081 1457 71 21 dozen
2164 1460 77 18 ....0
2256 1458 25 21 18
2308 1460 82 19 0..0
2416 1458 14 21 0
2453 1461 11 19 0

1886 1483 102 22 Mutton
1995 1491 6 13 :
2022 1483 93 22 Carcase
2124 1491 40 20 per
2173 1483 23 22 lb
2207 1500 6 5 .
2227 1486 14 19 0
2268 1486 18 19 0-
2308 1486 14 19 9
2339 1498 5 7 .
2352 1499 6 6 .
2375 1486 13 20 0
2416 1486 46 21 011

1886 1510 111 22 Muskets
2004 1517 5 14 :
2024 1509 94 22 Walnut
2124 1510 92 22 stocked
2228 1512 14 20 0
2268 1512 14 20 0
2308 1512 14 20 0
2338 1526 6 5 .
2352 1526 6 6 .
2375 1513 13 19 0
2404 1512 24 20 15
2453 1514 11 19 0

1887 1537 79 22 Milk:
1981 1537 98 27 Perpint
2228 1539 14 20 0
2268 1539 14 20 0
2307 1538 15 21 3
2339 1552 19 6 ..
2375 1540 13 19 0
2416 1540 13 19 0
2452 1540 12 20 4

1887 1564 44 21 Oil
1939 1571 5 14 :
1960 1563 103 26 Linseed,
2073 1570 42 21 per
2121 1564 76 26 gallon
2208 1566 33 20 .0
2268 1565 13 20 5
2308 1566 14 19 0
2339 1579 6 6 .
2352 1580 6 5 .
2375 1567 13 19 0
2416 1564 13 22 7
2454 1568 11 19 0

1961 1590 105 27 Black,in
2072 1589 59 27 cask,
2134 1598 39 20 per
2176 1592 66 20 tonl6
2270 1593 13 20 0
2310 1592 14 20 0
2340 1606 19 6 ..
2375 1594 15 19 0
2416 1593 14 20 0
2453 1594 12 20 0

1998 1617 78 27 Sperm
2213 1618 26 22 75
2267 1620 12 18 0
2307 1619 13 19 0
2338 1632 19 7 ..
2374 1619 13 19 0
2415 1619 13 19 0
2453 1620 10 19 0

1887 1644 78 22 Pork:
1980 1643 76 28 Fresh,
2073 1651 88 15 carcase
2176 1651 41 21 per
2244 1664 4 6 ,

2003 1671 25 21 lb
2149 1678 60 16 ;.....
2227 1674 14 19 0
2268 1674 14 19 0
2308 1672 13 20 5
2340 1686 18 7 ..
2375 1674 14 19 0
2416 1674 13 19 0
2454 1674 11 21 7

1887 1697 67 22 Pork
1960 1705 6 14 :
1981 1697 66 27 Irish,
2056 1704 42 21 per
2105 1698 74 22 l»arrel
2187 1703 10 16 ~.
2204 1712 5 7 .
2227 1700 14 20 0
2269 1700 13 21 0
2308 1701 15 19 0
2340 1713 5 6 .
2352 1714 7 6 .
2375 1700 55 21 510
2455 1703 11 19 0

1888 1725 130 22 Potatoes:
2039 1724 55 22 New
2108 1725 107 27 Zealand,

2063 1758 40 20 per
2112 1754 38 19 ton
2227 1754 15 20 4
2269 1754 13 21 0
2309 1754 14 20 0
2340 1766 20 8 ..
2376 1755 14 20 0
2416 1755 14 20 0
2454 1756 12 19 0

1888 1778 95 22 Porter
1991 1785 5 14 :
2025 1778 102 28 Dunbar,
2138 1778 24 22 in
2169 1779 45 22 bot.

1877 1817 2 19 I
2055 1804 91 28 perdoz
2228 1808 15 19 0
2256 1807 27 21 13
2309 1808 14 19 0
2340 1820 19 7 ..
2376 1809 15 19 0
2417 1809 13 19 0
2455 1809 11 20 0

1996 1831 87 28 Bryant
2092 1832 124 22 andDavis
2228 1835 15 20 0
2258 1835 26 20 13
2309 1835 15 20 0
2341 1848 6 5 .
2354 1848 7 6 .
2377 1836 27 25 0^
2418 1836 12 19 0
2455 1836 11 19 0

1888 1858 99 22 Pickles
1997 1866 5 15 :
2034 1859 115 27 Assented,
2178 1867 40 19 per
2238 1872 5 11 j

2060 1885 58 26 doz.,
2142 1890 75 23 quarts
2231 1888 11 20 1
2272 1889 10 20 1
2310 1889 15 20 0
2342 1902 19 6 ..
2378 1890 14 19 0
2418 1889 14 20 0
2456 1890 11 18 0

1889 1912 73 21 Pitch
1974 1919 6 14 :
2011 1912 137 28 Stockholm,
2177 1921 40 19 per

2037 1939 71 22 barrel
2230 1942 14 20 0
2271 1943 13 20 0
2310 1942 14 20 0
2341 1955 20 7 ..
2379 1943 11 20 1
2406 1942 25 21 15
2457 1944 12 19 0

1888 1965 81 22 Plank
1976 1973 7 14 :
2009 1966 54 21 Port
2085 1966 131 28 Nicholson,

2036 1999 39 20 per
2084 1994 41 20 100
2133 1993 78 21 feet..
2229 1996 13 19 0
2270 1997 13 17 0
2308 1996 15 19 0
2340 2008 19 5 ..
2378 1996 10 18 1
2418 1996 10 19 1
2455 1998 11 17 0

1886 2018 59 21 Rice
1950 2025 6 13 :
1969 2018 109 21 Common
2087 2024 41 21 per
2133 2022 49 17 cwt.
2194 2033 5 6 .
2206 2033 6 6 .
2230 2021 14 19 0
2271 2022 13 19 0
2310 2021 14 19 0
2341 2033 6 6 .
2354 2033 6 7 .
2379 2021 8 20 1
2418 2022 12 19 0
2456 2023 10 19 0

1969 2045 66 21 Good
2230 2046 53 21 110
2309 2048 50 19 0..
2377 2048 12 20 0
2416 2048 12 21 0
2455 2050 10 18 0

1887 2071 54 21 Rum
1950 2078 5 14 :
1972 2071 25 22 P.
2007 2071 27 21 B.
2045 2071 32 26 P.,
2093 2078 40 20 per
2141 2071 75 27 gallon

2008 2097 24 22 in
2046 2097 62 23 bond
2230 2100 12 20 0
2269 2100 15 21 4
2310 2100 12 19 0
2341 2114 18 6 ..
2378 2102 13 19 0
2416 2101 13 20 5
2455 2102 12 19 0

1887 2125 91 22 Sugar:
1992 2125 119 22 Mauritius
2121 2132 39 20 per
2167 2128 48 19 cwt.
2230 2128 14 23 Q
2271 2128 14 19 0
2311 2128 13 20 0
2341 2140 19 7 ..
2378 2128 13 20 0
2418 2129 14 20 0
2456 2130 11 18 0

1877 2150 2 31 j
1997 2151 80 22 Brown
2091 2151 56 22 ditto
2163 2166 46 7 ....
2228 2154 11 20 1
2255 2154 27 21 14
2308 2155 14 20 0
2339 2168 18 6 ..
2375 2155 13 20 2
2402 2156 27 24 J)
2455 2156 10 19 0

1997 2178 96 23 Refined
2107 2179 53 27 loaf,
2177 2186 41 20 per

2023 2205 23 22 lb
2231 2208 13 20 0
2271 2209 13 19 0
2312 2208 13 20 9
2342 2209 49 20 ..0
2418 2209 14 20 0
2456 2210 11 19 0

1997 2232 97 22 Manilla
2112 2240 40 20 per
2165 2236 49 19 cwt.
2229 2235 13 20 0
2270 2236 13 19 0
2310 2236 13 19 0
2341 2248 18 7 ..
2378 2236 11 19 3
2418 2236 13 21 0
2456 2236 11 19 0

1889 2259 73 22 Salt:
1977 2259 126 27 Liverpool,
2113 2266 41 19 per
2162 2264 39 17 ton
2209 2276 5 6 .
2229 2262 15 19 4
2258 2262 26 20 10
2310 2262 14 20 0
2341 2275 19 6 ..
2378 2262 12 20 5
2418 2263 13 20 0
2456 2263 11 19 0

1889 2285 59 23 Soap
1956 2293 7 14 :
1989 2286 102 22 Hawes's
2112 2285 104 29 London,

2014 2316 86 24 perton
2216 2316 27 19 30
2271 2316 13 20 0
2312 2316 12 20 0
2342 2328 18 7 ..
2380 2316 10 19 0
2419 2316 13 21 0
2458 2317 10 19 0

2007 2340 119 28 Liverpool
2216 2342 28 21 26
2272 2343 13 20 0
2312 2344 12 19 0
2342 2356 18 5 ..
2379 2344 12 20 0
2419 2343 12 19 0
2457 2344 12 19 0

1889 2367 92 21 Starch
1988 2374 6 13 :
2009 2367 43 21 Per
2060 2367 30 22 lb.
2096 2365 4 3 '
2114 2382 6 6 .
2127 2367 6 20 '.
2232 2370 13 19 0
2272 2370 14 19 0
2312 2370 14 19 9
2343 2382 7 6 .
2355 2382 7 7 .
2380 2371 13 20 0
2420 2371 14 20 0
2458 2370 12 20 0

1890 2394 143 21 Scantling:
2049 2393 42 22 Per
2098 2395 40 21 100
2147 2394 67 23 feet..
2232 2396 55 21 018
2314 2397 14 20 0
2344 2410 19 5 ..
2382 2398 8 19 1
2420 2398 14 20 0
2458 2398 11 19 0

1890 2420 116 23 Shingles
2012 2428 5 13 :
2020 2434 7 12 h
2033 2420 42 22 Per
2082 2422 62 27 1000,
2154 2421 63 22 N.Z.
2232 2422 11 21 1
2272 2422 14 22 7
2312 2424 14 19 0
2343 2436 19 7 ..
2380 2424 13 20 2
2420 2424 14 21 2
2458 2424 10 20 0

2019 2448 71 27 Ditto,
2111 2447 29 23 V.
2150 2448 30 22 D.
2190 2448 27 22 L.
2231 2450 13 20 2
2271 2450 14 20 5
2312 2451 14 20 0
2343 2463 20 6 ..
2380 2451 12 20 0
2420 2452 13 20 0
2458 2452 11 19 0

1889 2474 63 23 Tar:
1967 2474 55 23 Coal
2233 2476 10 21 1
2260 2476 27 22 10
2313 2478 14 19 0
2345 2490 19 6 ..
2382 2478 12 20 0
2421 2478 14 21 0
2459 2478 11 19 0

1971 2501 130 22 Stockholm
2235 2504 53 20 115
2314 2504 50 20 0..
2382 2505 12 20 0
2422 2505 13 20 0
2460 2505 10 19 0

1891 2528 48 23 Tea
1947 2537 5 13 :
1962 2528 82 27 Hyson
2048 2528 57 27 skin,
2110 2535 40 21 per
2159 2529 63 22 chest
2234 2532 13 19 0
2274 2532 14 19 0
2315 2532 13 19 0
2346 2532 49 20 ..10
2422 2532 13 20 0
2460 2532 11 19 0

1966 2556 94 26 Congou
2222 2558 26 20 12
2275 2559 15 19 0
2315 2558 14 20 0
2347 2571 18 6 ..
2383 2560 12 19 0
2422 2559 14 20 0
2460 2558 11 20 0

1889 2582 106 22 Tobacco
2003 2590 5 14 :
2021 2582 143 28 Negrohead,
2180 2590 41 19 per

2047 2608 33 22 lb.
2092 2609 25 22 in
2133 2608 59 23 bond
2234 2612 13 19 0
2275 2612 11 20 1
2315 2612 49 19 9..
2383 2613 12 19 0
2422 2612 13 21 2
2461 2612 11 20 0

1889 2635 165 22 Turpentine:
2069 2636 44 21 Per
2116 2635 100 27 gallon..
2234 2638 14 19 0
2275 2640 13 19 8
2303 2636 25 23 ~0
2346 2651 18 6 ..
2383 2640 12 19 0
2423 2640 13 19 0
2462 2639 10 19 0

1891 2662 162 21 Whalebone:
2068 2662 91 21 Perton
2221 2664 25 21 85
2275 2666 13 19 0
2315 2666 13 19 0
2346 2666 49 19 ..90
2423 2666 12 20 0
2462 2666 10 19 0

1890 2688 83 23 Wine:
1988 2689 89 27 Sherry,
2087 2695 41 21 per
2136 2688 50 28 pipe
2274 2692 14 19 0
2315 2692 13 19 0
2346 2693 50 19 ..40
2423 2694 13 19 0
2462 2694 10 18 0

1999 2715 72 27 Ditto,
2085 2722 41 20 per
2140 2715 80 22 dozen.
2235 2718 10 20 1
2273 2718 16 20 4
2315 2718 13 20 0
2346 2731 18 6 ..
2383 2719 13 20 2
2423 2720 14 20 0
2463 2721 10 18 0

1892 2769 121 22 Poultry:
2028 2770 80 27 Fowls,
2114 2777 41 21 per
2162 2770 59 27 pair.
2236 2772 13 20 0
2277 2773 13 20 8
2317 2773 13 20 0
2347 2786 19 5 ..
2385 2773 12 20 0
2412 2773 25 20 16
2463 2773 11 20 0

2026 2797 86 28 Ducks,
2123 2796 55 23 ditto
2198 2801 19 19 ,'.
2237 2799 9 20 1
2275 2800 14 20 0
2317 2800 12 19 0
2347 2812 18 7 ..
2384 2800 13 20 0
2424 2800 13 20 0
2463 2800 10 19 0

2029 2824 80 27 Geese,
2121 2824 55 22 each
2198 2834 18 11 .-.
2237 2826 10 20 1
2275 2827 14 20 0
2315 2827 14 20 0
2346 2840 19 6 ..
2383 2828 14 19 0
2423 2827 13 20 0
2462 2828 11 18 0

2027 2850 111 28 Turkeys,
2148 2851 56 22 each
2238 2853 10 20 1
2277 2854 14 20 0
2317 2854 12 19 0
2348 2866 18 7 ..
2385 2855 13 19 0
2425 2854 13 20 0
2463 2854 11 19 0

2028 2878 106 27 Pigeons,
2143 2878 78 28 (wild,)

2054 2906 46 27 per'
2103 2904 49 29 pair
2237 2907 13 20 0
2277 2908 14 19 0
2317 2907 82 21 0..0
2423 2908 14 20 2
2463 2908 11 19 0

1976 2941 3 5 •
1995 2941 4 5 •
2028 2932 85 26 Ducks,
2122 2932 35 21 do.
2169 2932 51 22 do..
2237 2934 14 19 0
2277 2934 14 19 5
2318 2934 13 19 0
2348 2947 20 6 ..
2385 2935 14 20 0
2425 2935 14 20 0
2463 2934 12 19 0

1894 2958 74 23 Eggs:
1984 2958 43 23 Per
2036 2958 73 23 dozen
2239 2961 13 20 0
2277 2961 16 20 4
2318 2962 13 19 0
2348 2974 19 6 ..
2385 2962 14 19 0
2426 2962 13 20 0
2463 2960 11 20 0

1894 3012 77 23 Cows:
1985 3012 73 23 Milch
2213 3015 40 20 .20
2278 3015 14 20 0
2318 3015 13 20 0
2348 3014 51 21 ..30
2424 3015 15 20 0
2463 3014 12 20 0

1894 3039 96 23 Mares:
2006 3038 75 23 Brood
2223 3042 28 20 50
2277 3042 14 20 0
2317 3042 13 19 0
2347 3042 52 20 ..90
2424 3042 15 20 0
2463 3041 11 20 0

1894 3066 117 22 Working
2027 3066 132 22 Bullocks:
2176 3066 53 25 ,Per'

1920 3094 49 27 pair
2059 3097 15 16 ::
2225 3095 28 21 40
2279 3095 14 20 0
2318 3095 14 20 0
2348 3095 53 20 ..60
2426 3095 16 21 0
2464 3094 11 20 0

1895 3119 64 23 Hire
1968 3127 33 15 of-
2006 3127 68 15 ditto
2081 3127 6 15 :
2101 3120 45 22 Per
2152 3120 50 28 day,
2211 3127 15 15 a

1920 3150 62 19 team
1991 3146 46 23 and
2043 3146 111 23 driver..;
2239 3148 11 21 1
2278 3149 13 19 0
2318 3148 13 20 0
2348 3161 20 7 ..
2385 3149 15 20 2
2425 3150 15 20 0
2464 3148 12 19 0

1896 3174 87 22 Sheep:
1996 3173 89 27 Each...
2237 3175 12 20 1
2275 3175 15 20 3
2317 3175 13 20 0
2347 3188 20 7 ..
2380 3175 17 23 ,1
2425 3177 13 19 8
2463 3175 12 20 0

1895 3201 63 21 Boat
2057 3201 43 21 Per
2105 3201 51 27 day,
2161 3200 63 22 with-

2086 3231 40 18 out
2134 3227 71 22 Hands
2214 3242 7 6 .
2235 3228 55 20 010
2317 3229 14 20 0
2347 3242 7 7 .
2361 3235 7 13 :
2386 3229 11 20 1
2425 3231 13 19 0
2463 3228 12 20 0

1895 3281 86 23 Wages
1988 3288 6 15 :
2021 3280 139 29 Mechanics,
2184 3287 42 21 per

2049 3308 171 22 week........
2237 3308 15 21 2
2278 3309 15 20 0
2319 3309 14 21 0
2350 3322 21 8 ..
2387 3310 14 20 3
2427 3311 13 19 0
2464 3309 12 20 0

2031 3334 188 28 Labourers.....
2239 3335 54 25 1.10
2319 3336 14 21 0
2349 3349 20 8 ..
2388 3337 51 21 Ll6
2464 3336 13 19 0

1902 3405 3 5 >
1917 3395 39 17 The
1966 3395 50 16 New
2026 3395 104 19 Zealand.
2134 3394 93 17 Gazette
2232 3395 36 17 and
2272 3395 141 23 .Wellington
2425 3396 53 17 Spec-

1896 3420 64 13 tator
1965 3416 16 16 is
1988 3415 96 21 published
2091 3418 54 18 every
2150 3414 117 23 Wednesday,
2273 3416 38 17 and
2321 3417 92 21 Saturday.
2435 3417 40 17 Sub-

1894 3436 63 21 joined
1962 3440 32 12 aie
2000 3436 32 16 the
2036 3437 65 15 terms:
2102 3443 24 5 —
2141 3437 20 10 -'
2180 3442 3 4 '
2322 3442 3 3 •
2354 3436 2 5 '

1917 3457 63 17 Price
1987 3461 25 12 of
2019 3461 40 12 the
2065 3456 97 17 Paper.—
2162 3456 56 22 Forty
2222 3457 86 22 shillings
2312 3463 32 17 per
2354 3463 79 16 annum,'
2439 3461 39 18 pay-

1896 3478 40 17 able
1941 3478 21 16 in
1967 3478 81 16 advance
2053 3482 5 15 ;
2068 3482 21 12 or
2095 3482 35 12 one
2136 3477 76 22 shilling
2217 3478 29 18 for
2251 3479 59 21 single
2316 3480 92 17 numbers.

1917 3499 188 17 Advertisements.
2105 3506 23 4 —
2128 3498 33 17 Six
2169 3498 49 18 lines
2227 3500 38 16 and
2274 3500 64 20 under,
2348 3502 27 15 3s.
2382 3501 29 16 6d.
2416 3501 27 16 for
2448 3499 28 17 the

1896 3520 40 16 first
1945 3520 95 20 insertion,
2051 3519 42 17 and-
2099 3523 42 14 one,
2143 3519 77 23 shilling
2224 3521 29 16 for
2259 3522 44 15 each
2310 3522 108 21 subsequent
2424 3522 53 17 inser-

1897 3540 38 17 tion
1940 3545 5 15 ;
1955 3541 49 16 from
2009 3540 31 16 six
2045 3541 20 15 to
2071 3541 31 15 ten
2108 3539 56 22 lines,
2170 3541 36 17 five
2213 3541 86 21 shillings
2307 3543 29 15 for
2345 3543 32 16 the
2387 3542 44 20 first,
2442 3539 32 18 and

1897 3565 34 14 one
1941 3560 76 21 shilling
2027 3561 36 16 and
2074 3560 87 22 sixpence
2169 3562 30 17 for
2208 3563 50 16 each'
2263 3563 112 20 subsequent
2383 3562 93 17 insertion;

1897 3583 57 15 above
1963 3583 32 16 ten
2004 3582 54 20 lines,
2068 3581 36 17 five
2115 3581 85 22 shillings
2209 3584 30 16 for
2248 3584 32 16 the
2290 3584 39 17 first
2340 3585 31 15 ten
2381 3584 52 19 lines,
2443 3581 32 18 and

1897 3603 97 20 fourpence
2000 3607 32 16 per
2037 3602 39 17 line
2081 3603 28 16 for
2115 3603 33 17 the
2155 3607 63 14 excess
2225 3605 20 16 of
2253 3604 41 17 that
2300 3605 85 20 number;
2395 3605 36 16 and
2437 3605 39 15 tvro-

1897 3628 57 17 pence
1959 3628 33 17 per
1997 3623 38 17 line
2041 3624 28 16 for
2075 3623 46 17 each
2126 3624 113 21 subsequent
2243 3624 96 18 insertion.

1919 3643 156 18 Advertisements
2081 3644 38 17 will
2124 3645 34 17 not
2164 3650 66 16 appear
2239 3645 20 18 in
2269 3645 32 18 the
2310 3645 79 23 enduing
2398 3645 78 18 number

1899 3665 16 17 if
1922 3665 84 17 received
2011 3665 50 17 later,
2064 3666 45 16 than
2121 3666 20 17 10
2148 3666 73 20 o'clock,
2228 3671 49 16 a.m.,
2284 3671 23 12 on
2315 3667 30 16 the
2351 3666 90 20 mornings
2448 3666 27 15 be*

1898 3687 38 16 fore
1948 3685 120 21 publication.
2075 3699 3 8 ,
2089 3686 157 18 Advertisements
2259 3687 38 20 -vyill
2307 3688 22 16 be
2339 3687 96 17 continued
2442 3684 32 18 and

1898 3706 77 21 charged
1985 3706 50 17 until
2043 3708 167 20 counter-ordered;
2218 3708 49 17 'such
2272 3708 54 17 order
2328 3707 54 18 'must
2387 3708 22 16 be
2415 3708 38 16 sent
2459 3707 16 15 to

1899 3728 32 16 the
1939 3728 55 16 Office
2007 3729 35 15 two
2061 3729 44 20 days
2122 3729 63 17 before
2194 3729 117 21 publication,
2322 3729 36 17 and
2368 3730 49 15 must
2425 3729 22 15 be
2456 3727 18 16 in

1899 3748 78 21 writing.
2001 3748 156 18 Advertisements
2170 3750 82 17 received
2270 3750 52 21 after
2338 3751 21 16 10
2375 3749 64 16 o'clock
2453 3750 21 14 on

1899 3769 82 21 Tuesday
1994 3769 38 17 and
2042 3769 65 22 Friday
2117 3770 94 21 mornings
2215 3770 46 17 -will
2270 3771 23 16 be
2303 3770 78 21 charged
2389 3769 50 17 twice
2447 3768 27 16 the

1900 3790 54 17 usual
1958 3791 54 16 rates.

1920 3810 31 18 All
1957 3811 67 20 orders,
2035 3810 161 21 advertisements,'
2202 3811 38 17 and
2250 3811 161 17 communications
2422 3811 18 15 to
2450 3809 27 16 tb*

1900 3832 69 20 Editor,
1974 3836 32 13 are
2012 3833 96 19 requested
2114 3834 19 15 to
2140 3833 22 17 be
2168 3832 99 17 addressed
2272 3834 18 15 to
2297 3832 38 17 this
2340 3832 62 17 Office.

245 133 26 21 J.
286 133 38 20 M.
339 131 107 26 Taylor,
529 134 2 7 '
617 133 2 5 '
631 148 15 15 y

68 166 151 24 LICENSED
244 164 238 24 CUSTOM-HOUSE
505 161 114 27 AGENT,

287 208 2 4 .
298 200 29 14 TE
341 199 51 14 AltO.
461 201 3 3 •
536 209 2 3 .
555 199 3 4 '

252 238 39 20 To
308 238 35 19 be
358 235 72 25 Sold,

52 273 73 49 ON
146 272 85 22 MOST
249 269 259 25 ADVANTAGEOUS
522 267 111 26 TERMS,

130 306 27 15 an
177 298 110 23 excellent
303 296 66 23 retail
383 300 59 19 store
459 295 104 26 business,
582 293 22 21 in
621 300 14 14 a

51 326 106 27 populous
163 326 47 21 and
217 325 43 22 fast
268 324 127 26 increasing
400 326 50 24 part
459 322 26 21 of
491 320 142 27 Wellington.

50 353 48 22 The
107 352 105 28 premises
221 359 36 14 are
264 351 25 22 of
296 358 23 15 so
329 350 58 26 good
396 349 44 22 and
445 354 77 20 roomy
529 354 12 14 a
547 350 85 23 nature,

50 379 49 22 that
108 378 109 23 sufficient
227 385 39 14 can
275 377 29 22 be
312 376 113 23 under-let
440 378 23 17 to
482 374 59 21 clear
556 373 79 26 nearly

50 406 38 21 the
106 408 55 19 rent.
199 404 71 23 Three
289 403 95 26 months,
407 404 49 19 rent
473 401 54 26 free,
546 399 47 22 will
604 399 30 22 be

50 431 143 28 guaranteed.
518 434 3 3 '

77 458 79 28 Apply,
168 458 30 27 by
204 458 71 26 letter,
286 460 22 17 to
318 455 70 27 X.Z.,
398 456 25 19 at
430 453 40 22 the
479 453 69 22 Office
559 453 25 21 of
590 453 45 22 this

50 493 75 19 paper,

75 518 52 27 July
136 519 19 25 8,
165 519 61 21 1842.

285 559 106 22 Notice.

284 592 135 28 Wellington
429 593 61 22 June
499 592 35 27 27,
544 593 61 20 1842.

49 628 90 49 THE
153 627 147 22 BUSINESS
313 626 98 22 hitherto
426 625 124 22 conducted
559 624 74 22 under

122 655 37 20 the
176 655 50 21 firm
236 654 25 21 of
273 653 62 22 John
346 653 43 21 and
399 653 86 26 George
499 651 70 23 Wade
579 651 54 27 will,

48 682 58 21 after
114 681 38 21 the
168 682 35 20 Ist
213 680 41 27 day
271 680 26 22 of
311 679 62 26 July,
386 681 60 24 1842,
461 679 29 21 be
506 677 84 23 carried
607 685 28 14 on

47 707 73 22 under
130 707 36 22 the
174 714 66 15 name
250 707 24 21 of
282 706 61 22 John
350 705 68 22 Wade
429 705 45 21 and
485 705 38 21 Co.
532 712 6 18 ;
550 704 46 22 and
605 704 30 22 all

47 741 90 20 persons
144 733 108 23 indebted
259 736 23 19 to
292 733 37 21 the
336 733 51 21 firm
394 733 26 20 of
427 731 61 22 John
496 727 45 26 and
546 731 89 27 George

48 761 80 26 Wade,
139 768 37 14 arc
189 760 118 28 requested
320 758 112 22 forthwith
442 761 29 21 to,
475 765 44 20 pay
530 757 58 22 their
600 765 35 14 re-

50 787 97 27 spective
151 790 113 19 'accounts
274 790 22 18 to
308 785 36 22 the
355 785 154 26 undersigned,
520 783 115 23 otherwise

49 816 52 25 they
113 814 44 22 will
166 815 29 21 be
208 813 90 23 handed
307 815 22 19 to
341 819 13 14 a
370 811 98 22 Solicitor
478 811 35 21 for
522 818 112 20 recovery.

449 844 62 22 John
525 844 82 23 Wade.

233 891 114 19 Gazette
363 889 87 21 Office.

48 923 199 24 STATIONERY
261 923 195 22 WHOLESALE
471 923 21 21 &
508 922 127 27 RETAIL.

48 958 88 49 WE
158 958 45 25 beg
225 960 22 18 to
269 964 117 15 announce
403 957 38 21 the
463 956 87 27 arrival,
574 956 62 22 from

144 978 111 33 England,
266 984 25 22 of
299 983 37 23 the
352 983 48 23 first
408 987 49 24 part
466 983 26 22 of
502 990 40 15 our
557 986 79 18 exten-

48 1011 47 22 sive
105 1011 74 22 orders
188 1011 25 21 in
224 1010 43 22 this
276 1011 141 28 department
426 1011 26 21 of
458 1010 107 22 business.
588 1010 48 21 Our

49 1038 64 22 stock
122 1037 90 28 already
223 1037 90 22 consists
329 1038 26 21 of
367 1044 65 19 every
441 1037 76 21 article
532 1036 104 27 required

48 1065 36 21 for
98 1065 97 26 Schools,
212 1064 81 26 Banks,
310 1064 85 26 Courts,
414 1064 52 21 Law
483 1063 87 26 Offices,
590 1063 47 21 and

49 1091 90 28 Artists,
149 1091 40 22 &c.
199 1098 6 19 ;
221 1090 73 22 whilst
302 1090 37 22 the
356 1090 138 22 ornamental
504 1090 44 21 and
564 1090 71 21 draw-

47 1118 40 27 ing
99 1125 62 14 room
176 1117 123 26 stationery
314 1117 40 21 has
369 1121 39 17 not
420 1118 58 20 been
496 1116 139 22 overlooked.

48 1143 48 23 The
108 1143 125 23 difficulties
243 1143 116 27 attending
368 1143 37 21 the
415 1143 47 22 first
470 1143 167 22 establishment

48 1171 83 27 having
139 1171 58 21 been
213 1178 120 19 overcome,
345 1170 46 22 and
402 1178 65 19 every
483 1170 80 22 arrival
578 1170 57 21 from

48 1197 104 27 England
170 1197 84 27 adding
269 1197 59 22 fresh
344 1196 110 22 additions
468 1200 24 18 to
508 1204 40 14 our
562 1196 72 26 stock,

47 1225 46 21 will
111 1224 78 22 enable
205 1230 27 16 us
241 1227 22 19 to
279 1224 81 22 reduce
378 1231 40 14 our
432 1224 92 26 charges
534 1230 28 15 on
577 1226 60 19 most

47 1251 89 22 articles
144 1254 23 18 at
174 1250 60 22 least
242 1251 27 21 50
277 1258 40 20 per
326 1254 60 18 cent.

76 1285 154 27 Storekeepers
248 1284 43 21 and
309 1284 119 21 wholesale
447 1283 85 22 dealers
551 1291 40 14 can
607 1283 29 22 be

48 1312 101 27 supplied
164 1314 22 19 to
202 1318 45 20 any
256 1314 83 23 extent,
358 1311 44 21 and
418 1318 27 15 on
464 1315 67 17 terms
548 1311 89 27 equally

50 1338 166 26 advantageous
224 1341 25 18 to
259 1345 42 19 any
309 1337 105 22 obtained
423 1338 22 21 in
457 1337 96 28 Sydney,

50 1390 94 49 THE
167 1391 80 19 Nelson
269 1390 117 20 Examiner
408 1391 41 19 and
470 1391 53 19 New
545 1390 93 20 Zealand

128 1418 108 19 Chronicle
251 1417 126 26 (published
387 1420 22 17 at
417 1416 102 27 Nelson,)
536 1416 18 22 is
570 1424 67 19 regu-

47 1444 59 27 larly
125 1444 139 25 transmitter
280 1446 23 18 to
318 1443 145 27 Wellington,
483 1443 45 22 and
542 1450 51 21 may
609 1444 26 21 be

47 1471 45 21 had
104 1473 23 19 at
134 1470 38 22 the
182 1470 64 22 office
256 1470 25 21 of
292 1469 43 22 this
344 1478 75 19 paper.

76 1497 48 22 The
133 1498 79 20 Nelson
221 1498 115 20 Examiner
351 1497 47 21 will
405 1497 28 22 be
442 1497 69 22 found
522 1504 29 14 an
562 1497 74 22 excel-

47 1524 50 22 lent
104 1524 99 22 medium
214 1524 35 22 for
258 1524 138 21 advertisers.

75 1551 77 22 Terms
161 1552 35 21 for
205 1551 38 22 the
252 1558 73 20 paper,
336 1554 38 18 ten
384 1550 99 27 shillings
498 1557 39 20 per
546 1553 90 25 quarter

46 1577 96 29 payable
149 1578 25 21 in
183 1577 108 22 advance.
634 1587 10 11 &

77 1605 81 22 Orders
180 1605 35 21 for
235 1605 36 20 the
293 1611 69 21 paper
386 1603 44 22 and
452 1599 193 26 advertisements!

50 1631 104 22 received
164 1634 22 19 at
195 1631 40 22 the
244 1631 71 22 Office
325 1631 25 21 of
362 1630 44 22 this
414 1638 76 19 paper.
637 1629 10 22 1

103 1685 53 20 For
175 1684 60 21 Sale
256 1685 29 20 at
306 1684 44 21 the
376 1683 104 21 Nelson
499 1682 82 27 Dairy

329 1711 31 20 at

230 1737 104 22 Nelson
348 1737 103 21 Haven.

54 1775 67 26 QA
137 1771 84 23 COWS
236 1771 35 21 IN
285 1770 87 27 CALF,

50 1803 33 21 fj
88 1792 33 32 U
149 1799 27 21 30
184 1798 84 21 heifers
276 1798 23 21 in
309 1798 50 26 calf,

149 1825 27 21 50
184 1832 77 20 young
270 1824 88 27 heifers,

84 1853 15 20 4
107 1851 115 23 half-bred
230 1851 102 22 Durham
343 1850 67 28 bulls,

78 1879 25 21 11
113 1881 75 24 steers,

104 1907 14 19 6
127 1905 101 27 working
235 1904 109 28 bullocks,

103 1933 14 20 4
127 1932 61 22 stock
196 1932 85 26 horses,

105 1959 40 21 100
154 1966 63 19 ewes,

103 1986 27 21 50
139 1985 103 27 wethers,

75 2012 48 22 The
138 2012 70 22 above
223 2019 38 14 are
274 2012 56 21 from
345 2012 42 21 Dr.
399 2011 91 27 Imlay's
510 2010 125 23 celebrated

48 2039 63 22 stock
120 2041 23 19 at
153 2038 100 24 Twofold
265 2038 56 26 Bay.
348 2038 50 22 The
410 2039 63 21 cattle
489 2045 38 14 are
537 2038 37 21 the
586 2038 50 21 best

48 2065 63 27 bred,
120 2066 57 20 have
189 2066 58 20 been
257 2064 82 22 landed
348 2065 24 21 in
386 2064 37 22 the
434 2064 65 22 finest
510 2064 69 26 order,
590 2064 45 22 and

47 2092 61 22 from
116 2092 38 22 the
167 2092 50 21 best
226 2091 105 22 selection
339 2092 26 21 of
372 2099 43 19 any
421 2091 31 22 lot
461 2094 38 24 yet
509 2091 95 27 brought
612 2095 23 18 to

47 2119 58 22 New
115 2118 105 22 Zealand.
252 2118 44 22 For
302 2118 136 28 particulars,
449 2118 67 28 apply
525 2121 22 18 to

239 2153 22 20 S.
276 2151 101 27 Revans,
394 2151 142 27 Wellington,
550 2158 23 15 or

237 2179 30 22 D.
277 2179 145 26 Drummond,
435 2178 85 21 Nelson
532 2178 88 22 Haven.

197 2231 44 21 Ex

47 2264 106 50 NOW
176 2264 156 27 LANDING,
351 2264 149 22 ORANGES
520 2264 24 22 in
563 2264 72 29 prime

130 2291 70 22 order.

308 2318 114 22 William
435 2318 170 22 Fitzherbert.

49 2363 73 49 ON
137 2363 86 26 SALE,
240 2370 29 15 ex
287 2364 89 20 Thomas
393 2364 64 27 Crisp,
473 2364 95 25 London,
588 2363 45 22 and

126 2391 69 24 Agnes
203 2400 6 10 .-
210 2401 30 4 —

75 2416 61 22 First
143 2417 56 21 flour
207 2417 26 21 in
243 2419 46 25 100,
301 2419 46 26 150,
358 2417 48 23 and
414 2419 40 21 200
463 2417 30 23 lb.
503 2418 63 27 bags,

76 2443 56 22 Fine
144 2443 89 23 Chilian
245 2444 37 22 do.

76 2470 100 22 Seconds
184 2470 65 29 flour,

76 2497 74 21 Patna
159 2497 51 28 rice,

75 2523 79 23 Finest
163 2523 95 23 Manilla
268 2532 71 20 sugar,

75 2550 103 22 Tobacco
188 2550 23 22 in
221 2551 87 26 tierces,
318 2551 54 28 duty
381 2551 54 28 free,

76 2577 93 28 Brandy
176 2577 24 22 in
209 2577 67 23 hhds.

77 2604 46 21 Gin
132 2604 24 22 in
167 2608 89 23 quarter
266 2604 62 22 casks
339 2605 45 22 and
392 2605 65 22 hhds.
465 2626 5 4 .

76 2631 61 21 Rum
146 2631 24 21 in
179 2631 65 22 hhds.

75 2657 95 27 Arrack,
179 2658 49 22 best
238 2658 53 22 East
300 2658 73 28 India,

76 2684 54 22 Port
139 2684 45 22 and
193 2685 77 27 sherry
278 2685 24 22 in
312 2685 64 22 hhds.
384 2685 45 23 and
437 2688 90 25 quarter
536 2686 69 27 casks,

77 2710 60 28 Port,
155 2711 83 28 sherry,
263 2711 107 28 Madeira,
390 2711 45 23 and
454 2713 137 28 champagne
610 2713 25 21 in

49 2737 71 23 bottle
128 2746 11 23 ;_
150 2737 135 23 Rutherford
296 2738 45 22 and
351 2739 76 28 Drury
435 2739 78 28 brand,

78 2764 45 22 Ale
132 2764 24 22 in
166 2766 14 20 6
189 2764 73 22 dozen
269 2765 69 27 casks,

79 2791 53 21 Coir
140 2798 60 20 rope,
211 2794 36 19 tar
256 2792 44 21 and
309 2792 68 27 pitch,

79 2817 25 22 A
112 2818 86 27 variety
207 2818 26 21 of
240 2817 65 29 slops,

80 2845 66 21 Sawn
156 2844 80 23 timber
243 2845 58 22 from
309 2845 39 22 the
357 2845 68 28 Hutt,
436 2845 30 23 all
475 2846 74 22 kinds.

368 2880 83 22 Waitt
466 2880 44 22 and
524 2881 85 22 Tyser.

79 2905 145 29 Wellington,
236 2905 59 23 June
305 2908 32 26 16,
350 2908 60 20 1842.
435 2906 4 4 '
468 2902 7 11 f

51 2957 89 50 FOR
150 2956 85 27 SALE,
247 2964 28 15 ex
283 2958 93 24 London,
386 2957 32 28 by
428 2957 35 22 the
473 2958 163 28 Undersigned,

125 2984 102 28 previous
237 2988 22 17 to
269 2984 88 28 leaving
365 2985 35 22 for
410 2984 91 23 Nelson.

78 3011 56 22 Port
141 3010 66 22 Wine
216 3011 24 21 in
250 3011 69 22 wood.
501 3019 3 8 <

78 3038 45 22 Do.
135 3037 35 22 do.
180 3037 23 22 in
211 3037 78 23 bottle.

79 3064 83 28 Sherry
170 3064 24 22 in
203 3064 72 27 wood,
616 3085 3 4 .
637 3073 2 5 •

78 3092 45 21 Do.
136 3090 34 23 do.
179 3090 110 23 in'bottle.

78 3118 92 28 Brandy
188 3118 12 21 1

79 3144 61 23 Rum
194 3151 23 16 >'
222 3144 26 23 in
257 3144 65 23 hhds.

80 3171 94 22 Geneva
187 3167 11 31 J

80 3198 59 21 Irish
147 3198 54 22 beef
207 3199 24 22 in
242 3198 85 23 tierces.

80 3224 127 28 Archangel
216 3224 57 29 pork
281 3225 24 22 in
313 3226 92 21 barrels.

80 3251 77 22 Crates
165 3252 26 21 of
197 3252 159 23 earthenware.

80 3277 134 22 Puncheons
223 3279 27 21 of
256 3279 64 27 glass.
600 3286 4 4 '

80 3304 23 23 A
114 3304 100 28 quantity
223 3306 27 21 of
255 3305 63 22 boots
327 3305 45 22 and
381 3305 73 23 shoes.

80 3331 24 22 A
115 3330 64 23 small
187 3332 102 28 quantity
297 3332 26 22 of
329 3332 81 28 kersey
418 3333 128 23 moleskins.

202 3384 2 10 i
288 3364 107 22 Charles
405 3364 102 28 Empson,
518 3365 46 22 and
570 3365 41 26 .Co.
631 3382 3 2 -

82 3396 113 23 Lambton
204 3396 74 27 Quay,
288 3397 58 22 Jnne
355 3398 33 27 17,
400 3399 63 22 1842.

204 3449 44 20 Ex

55 3480 204 53 BLANKETS,

134 3508 62 24 Dark
205 3507 87 29 ground
299 3508 78 28 prints,

82 3536 108 27 Calicoes,
199 3534 69 23 white
278 3534 46 22 and
331 3542 62 20 grey,
407 3554 3 6 ,

81 3562 95 23 Printed
183 3562 86 22 merino
280 3561 89 27 dresses,
394 3581 3 7 ,

82 3590 94 22 Fustian
185 3591 61 20 coats
255 3588 46 22 and
309 3590 103 25 trousers,

82 3616 85 22 Mould
176 3616 91 22 candles
277 3614 86 28 (good),
497 3637 4 3 ,
536 3637 5 3 .

82 3643 74 22 Tacks
160 3643 31 21 *of
198 3642 63 28 sizes,
270 3642 50 22 iron
326 3641 46 22 and
378 3641 41 27 tin,
447 3640 3 5 '
593 3642 3 12 '

82 3669 67 23 Land
158 3669 47 22 and
210 3669 56 22 boat
273 3668 64 28 nails,

83 3696 59 22 Shoe
151 3696 63 26 nails,

83 3723 103 27 Oranges
194 3723 23 21 in
228 3722 66 22 small
304 3722 66 22 cedar
376 3721 88 28 chests,'

82 3750 24 21 A
115 3749 43 23 few
167 3749 89 22 bushels
265 3749 106 22 Derwent
381 3748 54 22 seed
443 3749 77 23 wheat.

61 3781 2 3 '
83 3776 87 28 Copper
177 3776 53 22 boat
238 3776 58 22 nails
304 3776 45 22 and
358 3783 84 20 reeves,
561 3783 4 3 -
586 3782 2 4 '

82 3802 79 22 Dutch
170 3802 86 27 cheese,
288 3807 107 14 •.'.;,.
504 3813 4 6 .
570 3814 4 5 -
604 3816 4 3 .

83 3828 143 28 Champagne
235 3829 26 22 in
271 3828 70 23 dozen
350 3837 70 19 cases,

82 3854 106 23 Woollen
197 3855 73 28 shirts,

82 3881 99 23 Flannel
189 3882 103 22 drawers.

337 3909 110 23 Johnson
461 3910 43 23 and
518 3911 96 25 Moore.

84 3934 56 28 July
149 3936 19 26 1,
179 3936 59 22 1842.

1270 118 122 28 Country)
1404 119 123 22 Sections
1546 119 43 21 fox
1606 118 71 22 Sale,
1689 123 37 15 on
1743 117 108 21 Liberal

1386 157 4 4 ■
1409 168 3 3 .
1475 159 4 6 ,
1511 146 102 20 Terms,
1633 156 17 10 t.
1687 166 4 3 .
1757 162 2 7 ,
1766 157 22 15 Il(;

1272 177 161 50 SEVERAL
1468 177 100 22 Sections
1594 176 27 22 of
1652 176 111 26 Country,.
1778 174 71 28 Land,

1334 204 89 28 already
1433 204 82 22 chosen
1524 204 24 21 in
1559 203 36 22 the
1608 202 93 23 Porirua
1715 202 92 26 district,
1817 201 34 22 for

1270 231 57 27 Sale,
1338 238 73 15 terms
1421 237 105 16 liberal.
1553 229 77 28 Apply
1639 232 22 19 to

1364 263 24 23 F.
1402 259 30 26 A.
1446 263 170 26 Molesworth,
1632 261 184 28 Murphy-street,
1827 267 25 15 or

1366 290 32 22 W.
1414 290 28 22 V.
1457 290 106 27 Brewer,
1573 289 193 22 Manners-street.

1435 335 91 20 Beach
1538 335 144 26 Frontage.

1272 368 67 31 rpo
1350 368 37 22 BE
1401 368 87 26 SOLD,
1496 369 23 21 in
1527 368 44 22 lots
1580 367 26 22 of
1611 370 41 19 not
1659 366 44 22 less
1710 366 54 22 than
1774 368 27 19 20
1807 365 46 22 feet

1279 388 30 28 JL
1359 395 23 21 iv
1399 394 100 27 breadth,
1519 394 37 22 the
1575 390 72 26 whole
1665 393 26 22 of
1711 392 37 22 the
1767 392 85 22 section

1271 420 44 22 No.
1322 421 41 21 485
1373 428 27 14 on
1411 420 38 22 the
1455 420 55 23 Plan
1520 421 26 22 of
1550 421 38 21 the
1596 421 69 21 Town
1675 420 26 21 of
1706 418 145 28 Wellington,

1270 447 85 27 having
1364 447 111 27 frontages
1484 455 59 20 upon
1553 448 181 26 Lambton-quay
1738 446 46 21 and
1792 453 61 20 upon

1271 474 239 27 Wellington-terrace.
1539 474 110 22 One-half
1660 474 23 21 ot
1699 472 37 23 the
1744 472 110 28 purchase

1272 507 82 21 money
1360 500 44 22 will
1411 501 29 21 be
1447 500 94 23 allowed
1548 504 24 18 to
1576 500 85 22 remain
1670 507 60 19 upon
1739 503 115 23 mortgage

1272 528 34 21 for
1315 527 45 22 five
1368 534 71 20 years,
1454 531 24 17 at
1494 529 25 20 10
1533 535 40 20 per
1586 524 71 33 cent';;*
1672 528 78 20 Terms
1759 533 54 19 may
1825 526 29 21 be

1272 554 92 22 learned
1373 561 28 14 on
1411 554 134 28 application
1555 557 23 18 to

1268 603 3 3 .
1537 588 100 21 Hanson
1651 587 45 21 and
1709 586 117 22 Alzdorf.

1406 633 88 20 Town
1506 632 77 21 Land
1593 632 42 21 for
1650 632 68 21 Sale.

1273 665 93 51 THE
1379 665 72 22 whole
1468 665 26 22 of
1506 669 58 18 town
1575 665 94 22 sections
1683 665 55 22 Nos.
1747 665 47 26 285,
1806 665 54 26 106/

1349 691 44 23 and
1407 693 48 26 878,
1467 692 43 22 and
1523 695 51 23 part
1582 692 26 21 of
1621 695 59 18 town
1689 691 103 23 .sections
1805 692 48 25 204,

1272 720 48 25 248,
1331 719 45 21 and
1389 719 40 21 528
1446 726 38 14 are
1496 717 82 24 offered
1585 718 35 22 for
1630 718 52 22 sale.
1711 717 58 23 Half
1780 717 26 23 of
1817 717 37 23 the

1271 745 109 29 purchase
1396 752 83 20 money
1487 748 21 18 to
1517 745 86 21 remain
1614 752 29 14 on
1658 747 122 24 mortgage,
1791 747 24 19 at
1828 746 27 20 10

1272 780 40 21 per
1322 776 57 18 cent.
1407 772 44 22 For
1459 771 136 28 particulars,
1606 771 65 28 apply
1680 775 23 17 to

1541 804 98 23 Hanson
1653 804 45 22 and
1712 804 116 21 Alzdorf.

1388 856 121 25 Country
1524 855 76 21 Land
1614 855 42 21 for
1670 855 68 21 Sale.

1274 889 68 49 TO
1357 889 38 22 BE
1409 889 79 22 SOLD
1505 888 34 22 IN
1555 888 81 27 LOTS,
1652 891 23 18 to
1691 888 44 22 suit
1748 888 39 21 the
1803 895 55 15 con-

1348 917 107 21 venience
1466 916 27 21 of
1498 915 135 28 purchasers,
1642 915 44 21 No.
1694 917 13 19 3
1715 915 25 21 in
1749 915 38 21 the
1797 917 59 19 town

1273 942 93 28 district,
1376 943 42 21 No.
1427 944 29 20 44
1464 943 25 21 in
1498 942 37 22 the
1550 942 59 22 Hutt
1618 942 92 22 district,
1721 942 45 21 and
1774 941 46 22 No.
1829 942 27 21 68

1273 970 25 20 in
1314 970 37 21 the
1371 970 91 21 Porirua
1480 969 84 22 district
1571 976 11 14 :,
1591 969 51 21 half
1653 969 26 21 of
1694 968 38 22 the
1747 968 109 28 purchase

1275 1003 81 21 money
1365 996 44 22 will
1421 997 29 21 be
1459 996 94 22 allowed
1567 999 22 18 to
1598 996 85 22 remain
1694 1003 29 13 on
1733 998 122 24 mortgage,

1274 1027 24 17 at
1306 1025 27 19 10
1341 1030 39 20 per
1390 1027 57 17 cent.
1477 1022 43 22 For
1529 1022 136 28 particulars,
1677 1022 65 28 apply
1752 1025 22 19 to

1543 1056 97 22 Hanson
1654 1056 44 21 and
1713 1056 116 22 Alzdorf.

1275 1102 68 48 TO
1359 1102 38 21 BE
1411 1102 67 26 LET,
1493 1102 38 21 the
1548 1104 62 19 town
1628 1109 51 14 acre
1695 1102 45 21 No.
1750 1102 52 26 210,
1828 1109 28 14 on

1348 1128 101 27 building
1458 1128 66 27 lease,
1533 1128 35 22 for
1576 1128 103 22 fourteen
1689 1135 71 20 years.

1301 1156 33 21 To
1343 1156 29 21 be
1381 1155 31 22 let
1419 1163 25 14 or
1452 1155 56 27 sold,
1518 1154 37 23 the
1566 1158 59 19 town
1633 1162 49 15 acre
1693 1155 43 22 No.
1747 1156 48 21 642.

1596 1188 31 22 A.
1641 1187 106 28 Ludlam,

1671 1215 72 21 Willis
1752 1215 78 21 Street:

1465 1256 7 2 _

1294 1262 87 20 Town
1395 1261 54 20 and
1464 1261 122 25 Country
1599 1260 78 21 Land
1691 1262 28 19 to
1734 1260 33 21 he
1784 1261 56 19 Let.

1277 1294 165 50 SECTIONS
1459 1293 46 22 and
1519 1294 99 25 portions
1635 1293 26 22 of
1673 1293 100 22 Sections
1789 1293 24 21 in
1828 1291 30 23 all

1345 1324 60 25 parts
1421 1321 26 22 of
1461 1321 39 21 the
1518 1320 68 22 Town
1605 1320 27 22 of
1647 1319 144 28 Wellington,
1811 1319 47 21 also

1275 1349 100 27 Country
1385 1347 99 23 Sections
1498 1347 23 21 in
1532 1347 37 22 the
1586 1347 94 22 districts
1697 1347 26 21 of
1736 1346 37 22 the
1790 1345 66 28 Hutt,

1275 1375 37 21 the
1326 1375 88 26 Karori,
1426 1374 37 22 the
1473 1373 76 28 Ohiro,
1562 1374 44 22 and
1618 1373 37 22 the
1665 1373 98 22 Porirua.
1793 1372 66 27 Long

1275 1402 70 22 leases
1355 1402 26 21 of
1388 1401 35 22 the
1440 1404 94 23 country
1543 1401 54 21 land
1613 1400 45 22 will
1673 1401 28 21 be
1716 1399 94 28 granted
1829 1407 29 14 on

1274 1428 130 22 reasonable
1415 1432 74 18 terms.
1518 1428 44 22 For
1569 1427 131 28 particulars
1710 1427 65 27 apply
1786 1430 23 18 to

1302 1462 97 21 Hanson
1410 1461 44 22 and
1468 1462 116 24 Alzdorf,
1594 1460 197 28 Thorndon-quay,
1802 1467 25 14 or
1836 1463 23 18 to

1302 1493 94 22 Robert
1406 1493 93 26 Stokes,
1510 1492 64 22 Land
1589 1493 109 27 Surveyor
1715 1492 44 22 and
1773 1491 85 28 Agent,

1456 1519 217 23 Woolcomb-street.

1274 1564 82 23 PORT
1376 1564 193 27 NICHOLSON.
1585 1564 68 22 AND
1675 1563 184 22 WANGANUI.

1388 1592 90 21 Lands
1488 1593 29 19 to
1526 1592 33 20 be
1569 1592 51 20 Let
1630 1598 29 13 or
1670 1592 71 19 Sold.

1275 1626 163 50 SEVERAL
1458 1626 70 22 Town
1545 1625 45 23 and
1604 1625 99 27 Country
1722 1625 96 21 sections
1835 1624 25 21 in

1341 1653 37 23 the
1390 1654 52 21 Port
1452 1652 122 22 Nicholson
1592 1652 90 27 district,
1697 1651 46 22 and
1760 1652 101 26 Country

1274 1681 97 21 sections
1378 1681 22 21 in
1411 1680 36 22 the
1456 1679 127 27 Wanganui
1592 1679 90 26 district,
1694 1678 52 22 with
1755 1678 37 22 the
1800 1678 61 26 right

1275 1708 26 21 of
1320 1707 63 28 early
1400 1707 87 22 choices
1506 1705 80 28 (under
1602 1706 35 26 14)
1656 1705 25 22 of
1700 1705 38 22 the
1752 1704 109 22 intended

1274 1734 111 27 township
1392 1734 66 26 there,
1468 1737 23 18 to
1496 1733 28 21 be
1529 1733 48 21 sold
1585 1740 23 14 or
1614 1732 39 22 let.
1680 1732 45 22 For
1731 1732 130 27 particulars

1275 1761 45 23 and
1329 1765 75 23 terms,
1415 1760 65 28 apply
1491 1763 23 18 to

1458 1784 94 24 Robert
1566 1786 29 22 R.
1609 1785 99 28 Strang,
1724 1785 108 22 Solicitor.

1301 1815 145 26 Wellington,
1456 1813 59 22 Nov.
1525 1814 33 25 25,
1569 1814 52 20 1841

1418 1860 52 19 For
1484 1859 69 25 Sale,
1568 1860 30 20 at
1611 1858 104 21 Karori.

1274 1893 157 49 APIECE
1440 1893 40 21 OF
1491 1893 93 26 LAND,
1596 1893 127 27 containing
1732 1893 12 20 5
1755 1900 68 19 acres,
1835 1892 25 22 in

1354 1919 45 23 this
1414 1919 96 28 district;
1531 1923 48 24 part
1593 1919 25 22 of
1630 1919 38 22 the
1684 1919 88 22 Section
1791 1919 69 27 lately

1265 1943 2 24 I
1275 1947 45 22 Mr.
1341 1947 83 22 Yule's.
1458 1946 76 22 Terms
1552 1946 85 22 liberal.
1670 1947 44 21 For
1731 1946 129 28 particulars

1275 1974 66 27 apply
1351 1977 22 18 to
1383 1973 27 23 R.
1421 1973 65 27 Park,
1501 1973 59 28 Esq.,

1482 2018 167 22 Alanewatu.

1277 2051 89 49 FOR
1380 2050 83 26 SALE,
1482 2057 14 14 a
1510 2050 101 21 valuable
1627 2050 85 22 section
1729 2049 26 22 of
1767 2049 53 22 land
1837 2053 23 18 at

1350 2078 135 25 Manewatu,
1504 2076 96 23 selected
1609 2076 70 22 under
1692 2076 42 22 No.
1746 2076 25 22 of
1781 2076 78 22 choice

1275 2106 49 20 420.
1362 2104 44 22 Mr.
1426 2104 85 26 Kettle,
1533 2104 116 26 Surveyor,
1669 2103 45 22 will
1738 2103 60 22 shew
1821 2103 38 22 the

1275 2130 98 28 ground^
1478 2137 3 5 •
1750 2134 3 13 '

1303 2158 46 22 For
1359 2161 74 23 terms,
1444 2157 69 28 apply
1523 2160 21 19 to
1554 2156 38 23 the
1601 2157 128 29 proprietor,

1649 2190 29 21 A.
1694 2189 35 22 W.
1745 2189 87 23 Shand.

1431 2235 77 21 Land
1524 2240 35 15 on
1573 2235 44 20 the
1632 2234 77 21 Kutt.

1277 2269 68 48 TO
1360 2268 40 22 BE
1414 2268 87 27 SOLD,
1513 2276 13 14 a
1534 2268 58 22 lease
1603 2267 25 23 of
1634 2267 37 22 the
1682 2267 88 23 Section
1780 2267 45 22 No.
1832 2269 29 20 24

1353 2302 28 15 on
1390 2295 37 22 the
1434 2295 65 26 Hutt,
1508 2295 52 22 with
1570 2302 13 14 a
1592 2295 73 27 newly
1672 2294 87 22 erected
1766 2295 94 21 wooden

1275 2325 96 24 cottage,
1389 2322 37 22 the
1442 2325 90 24 potatoe
1548 2329 52 20 crop
1617 2328 28 15 on
1660 2321 37 22 the
1712 2321 92 28 ground,
1816 2321 45 22 and

1276 2349 63 21 other
1345 2349 180 28 improvements.
1552 2349 45 21 For
1604 2351 67 19 terms
1678 2348 25 22 of
1706 2348 53 27 sale,
1767 2347 65 28 apply
1838 2352 23 18 to

1505 2382 75 27 Hort,
1596 2382 123 26 Mocatta,
1735 2382 45 21 and
1793 2382 39 21 Co.

1425 2428 38 20 To
1478 2428 34 20 be
1528 2427 64 21 Sold
1612 2433 29 15 or
1655 2427 57 20 Let.

1274 2463 10 10 r
1291 2463 13 31 |
1310 2460 59 21 WO
1378 2459 104 22 .Wooden
1493 2459 95 27 Houses,
1599 2466 28 14 on
1635 2459 37 22 the
1677 2459 188 27 Tinakore-road,'

1285 2481 25 26 M.
1353 2486 38 22 the
1409 2486 82 23 second
1509 2494 50 14 acre
1576 2487 58 20 from
1653 2486 94 27 Captain
1764 2485 97 28 Smith's,

1320 2513 129 27 containing
1463 2513 50 22 four
1522 2520 73 15 rooms
1605 2512 46 22 and
1665 2520 13 14 a
1690 2520 98 20 passage,
1806 2512 56 23 each

1275 2540 56 22 with
1348 2540 51 23 zinc
1416 2540 66 25 roofs,
1509 2540 44 21 and
1576 2540 23 21 in
1623 2546 67 20 every
1706 2542 88 25 respect
1811 2539 51 22 well

1275 2567 104 22 finished.
1406 2567 77 22 Terms
1485 2577 27 5 —
1512 2567 25 21 If
1544 2566 53 27 sold,
1608 2566 60 22 Jl5O
1678 2566 35 22 for
1719 2566 55 22 each
1779 2567 69 21 house
1854 2575 6 19 ;

1275 2594 20 21 if
1306 2594 38 27 let,
1356 2594 32 22 £l
1399 2601 39 20 per
1447 2594 63 21 week
1519 2594 33 21 for
1562 2593 56 22 each
1625 2593 79 22 house.
1731 2593 75 28 Apply
1816 2596 23 19 to

1665 2626 76 22 James
1755 2626 80 22 Watt.

1287 2654 145 27 Wellington,
1440 2654 59 22 Nov.
1509 2654 34 26 27,
1552 2655 61 20 1841.
1736 2652 4 35 [
1839 2652 22 36 '_

1372 2700 90 20 Union
1477 2699 78 21 Bank
1569 2699 31 21 of
1617 2699 149 21 Australia.

1276 2733 97 22 London
1391 2732 92 27 Office,
1498 2732 47 22 No.
1557 2733 36 25 38,
1610 2732 52 22 Old
1678 2732 185 22 Broad-street.

1332 2759 94 28 Capital,
1435 2760 122 26 £800,000;
1576 2758 53 28 paid
1637 2766 38 20 up,
1690 2759 118 27 £500,000.

1402 2788 5 3 *
1418 2788 3 4 '
1449 2784 1 6 '
1465 2786 3 5 '
1511 2789 119 13 DIRECTORS*

1385 2807 67 20 George
1458 2807 40 16 Fife
1504 2807 67 20 Angas,
1579 2807 50 21 Esq.,

1385 2828 66 16 Robert
1457 2827 76 20 Brooks,
1543 2828 47 19 Esq.,

1383 2849 61 16 James
1451 2848 48 17 John
1507 2848 99 20 Cummins,
1614 2848 50 21 Esq.,

1383 2869 68 17 Robert
1458 2869 96 19 Gardener,
1564 2869 50 20 Esq.,
1626 2869 121 20 Manchester,

1384 2890 48 17 John
1440 2890 45 16 Gore
1500 2890 50 20 Esq.,

1384 2911 48 16 John
1439 2910 80 17 William
1525 2910 75 19 Buckle,
1605 2911 48 20 Esq.,

1384 2932 95 21 Benjamin
1486 2932 22 16 E.
1514 2931 63 20 Lindo,
1585 2932 48 20 Esq.,

1385 2952 71 17 Charles
1465 2953 76 16 Edward
1548 2952 86 21 Mangles,
1642 2952 50 21 Esq.,

1354 2988 3 3 .
1385 2974 114 20 Christopher
1506 2974 83 19 Rawson,
1597 2974 49 19 Esq.,
1657 2974 81 20 Halifax,

1385 2995 77 16 Thomas
1469 2994 65 20 Sands,
1542 2994 47 20 Esq.,
1597 2994 100 21 Liverpool,

1385 3015 61 17 James
1453 3015 55 20 Bogle
1516 3015 63 19 Smith,
1586 3015 49 20 Esq.,
1646 3026 5 3 -

1385 3036 61 17 James
1453 3035 81 17 Ruddell
1540 3036 54 19 Todd,
1602 3036 43 20 Esq.
1848 3043 6 8 /

1279 3066 88 17 Trustees
1372 3069 4 12 :
1392 3064 80 17 George
1483 3064 57 16 Carr
1552 3064 59 19 Glyn,
1623 3063 49 20 Esq.,
1681 3064 54 16 John
1745 3064 61 20 Gore,
1815 3064 50 21 Esq.,

1427 3085 36 16 and
1468 3085 69 16 James
1544 3084 16 17 3.
1566 3084 102 20 Cummins,
1676 3085 43 20 Esq.

1307 3114 84 18 Bankers
1396 3118 4 12 :
1412 3113 74 16 Messrs.
1493 3113 62 19 Gx.yn,
1564 3111 115 21 Hallifax,
1686 3112 71 20 Mills,
1764 3113 37 16 and
1807 3113 32 17 Co.

1345 3147 3 8 i
1401 3141 100 20 Secretary:
1513 3140 82 17 Samuel
1601 3140 95 20 Jackson,
1703 3141 44 21 Esqi

1345 3179 2 3 •
1372 3168 80 18 Colonial
1458 3168 103 20 Inspector:
1571 3167 19 17 J.
1597 3168 19 16 C.
1622 3168 103 20 M'Laren,
1733 3169 43 20 Esq.

1403 3217 67 19 New
1489 3215 123 21 Zealand
1629 3216 115 21 Branch.

1280 3250 56 19 Local
1343 3250 90 18 Directors
1439 3254 6 12 :
1459 3249 47 17 Geo.
1517 3249 18 16 S.
1546 3249 74 19 Evans,
1630 3249 49 21 Esq.,
1690 3249 64 18 D.C.L.
1772 3251 35 17 and
1820 3251 47 17 Geo.

1329 3278 6 13 /
1406 3284 3 6 ,
1501 3269 92 20 Hunter,
1604 3270 43 20 Esq;
1698 3280 3 7 ,

1281 3300 98 20 Manager:
1390 3298 49 17 John
1446 3299 72 17 Smith,
1526 3297 47 21 Esq.,
1581 3297 37 18 late
1624 3297 20 18 of
1653 3298 31 17 the
1691 3299 117 17 Commercial
1812 3299 56 17 Bank

1450 3318 20 18 of
1477 3318 89 21 England,
1578 3318 122 18 Manchester.

1392 3345 113 23 Branches
1515 3348 24 19 at
1554 3346 97 28 Sydney,

1554 3374 173 28 HobartTown,
1839 3385 6 4 -
1865 3380 3 4 '

1472 3414 2 8 >
1488 3410 3 4 -
1532 3416 4 2 -
1555 3401 149 28 Launceston,
1715 3402 46 22 and

1298 3441 3 4 •
1328 3445 3 4 .
1416 3445 3 5 .
1466 3443 9 11 
1555 3428 54 22 Port
1618 3428 80 28 Philip.

1282 3456 56 21 Port
1346 3454 129 27 Nicholson,
1487 3454 80 22 March
1576 3456 35 26 24;
1622 3456 62 21 1840.
1755 3471 4 4 .
1876 3450 2 24 I

1284 3508 92 33 rpHE
1392 3508 114 22 Directors
1522 3507 28 24 of
1563 3508 39 22 <he
1618 3508 64 22 New
1690 3508 100 23 Zealand
1804 3509 66 22 Land

1291 3531 29 27 X
1359 3536 116 26 Company
1488 3534 85 28 hereby
1588 3534 51 28 give
1647 3536 89 26 .notice,
1753 3536 49 22 that
1815 3536 55 27 they

1282 3562 59 22 have
1347 3569 114 15 effected
1469 3569 32 14 an
1510 3569 176 16 ARRANGEMENT!
1689 3563 53 22 with
1748 3563 39 22 the
1793 3562 76 22 Union

1283 3589 67 22 Bank
1363 3588 27 22 of
1405 3588 120 27 Australia,
1541 3588 54 25 N0..
1602 3590 34 25 38,
1650 3588 55 24 Old.
1710 3590 159 26 Broad-street,

1284 3615 104 28 London,
1398 3614 39 23 for'
1441 3614 37 23 the
1491 3614 168 23 establishment
1671 3616 28 21 of
1711 3623 13 15 a
1740 3616 130 22 BRANCH

1284 3642 90 23 BANK
1388 3642 37 21 IN
1437 3641 72 22 NEW
1522 3641 158 29 ZEALAND,
1693 3642 96 29 through
1799 3643 72 22 which

1285 3669 37 22 the
1330 3668 105 23 business
1446 3668 26 22 of
1483 3668 44 22 the*
1538 3668 57 22 New
1602 3681 2 4 ■
1610 3668 102 23 Zealand
1724 3670 66 22 Land
1797 3676 2 6 '
1806 3670 66 21 Com-

1284 3703 62 21 pany
1354 3696 46 22 will
1407 3696 30 21 be
1445 3694 133 23 transacted.
1606 3694 48 23 The
1668 3696 115 22 Directors
1798 3696 74 22 there-

1285 3724 47 22 fore
1341 3722 145 22 recommend
1494 3725 23 19 to
1535 3722 110 24 Colonists
1660 3722 38 22 the
1715 3723 76 22 Union
1806 3724 66 21 Bank

1285 3751 27 21 of
1329 3749 115 23 Australia
1461 3756 23 14 as
1502 3751 33 19 an'
1558 3748 168 24 establishment
1746 3750 127 27 possessing

1285 3777 58 22 their
1360 3776 71 22 entire
1452 3775 136 28 confidence,
1607 3776 46 22 and
1671 3776 51 22 able
1739 3779 23 19 to
1760 3781 3 4 1
1780 3777 92 27 provide

1285 3803 127 28 effectually
1427 3802 35 22 for
1475 3802 40 23 the
1527 3802 106 23 financial
1647 3805 72 20 wants
1735 3804 25 21 of
1771 3804 38 21 the
1824 3804 49 22 first

1285 3830 137 24 settlement.

1453 3856 34 28 By
1497 3856 67 22 order
1572 3856 27 22 of
1607 3856 39 22 the
1655 3856 81 28 Board,

1531 3889 84 23 JOHN
1629 3890 104 28 WARD,
1748 3891 124 28 Secretary.

1287 3926 56 22 New
1352 3925 102 24 Zealand
1462 3924 65 24 Land
1536 3925 135 28 Company's
1679 3924 78 28 Office,

1313 3959 21 26 1,
1345 3957 159 26 Adam-street,
1515 3956 105 27 Adelphi,
1630 3956 56 23 27th
1693 3956 59 27 Aug.
1771 3957 60 22 1539.
