3485 4246
1193 2845 58 25 THE
1272 2845 56 27 HOT
1347 2845 94 27 LAKES
1460 2845 168 27 CHRONICLE

1379 2883 56 13 AND

1296 2911 110 21 Tourists'
1421 2913 101 26 Journal.

1315 2979 51 13 fact
1374 2973 12 20 I
1395 2980 53 13 will

1218 3031 189 25 WEDNESDAY,
1423 3032 60 20 FEB.
1498 3035 31 23 20,
1543 3036 58 17 1895.

1216 3088 26 17 As
1251 3088 40 18 will
1298 3088 24 18 be
1331 3094 43 12 seen
1381 3089 27 23 by
1416 3096 12 11 a
1435 3090 63 19 notice
1505 3091 21 18 in
1534 3092 38 17 this
1580 3092 50 19 issue

1192 3111 33 17 Mr
1245 3111 19 18 S.
1282 3111 85 19 Howard
1382 3112 35 18 has
1432 3114 73 22 opened
1521 3120 12 12 a
1548 3115 82 24 drapery

1192 3134 149 22 establishment,
1351 3137 48 16 next
1406 3137 33 17 the
1447 3137 86 19 Catholic
1546 3132 83 25 Church'.

1216 3166 40 18 The
1265 3166 71 22 Bishop
1348 3167 21 18 of
1383 3167 97 24 Salisbury
1496 3170 74 17 arrived
1585 3171 46 18 here

1194 3194 25 12 on
1227 3189 71 23 Friday
1307 3190 81 23 evening
1400 3192 44 21 last,
1459 3194 49 16 from
1522 3194 108 19 Auckland.

1193 3212 39 17 The
1240 3213 73 22 Bishop
1320 3219 39 12 was
1367 3214 33 17 the
1409 3216 56 22 guest
1472 3216 21 17 of
1500 3216 33 17 the
1541 3217 45 18 Rev.
1599 3219 33 17 Mr

1194 3235 88 23 Spencer.
1308 3236 30 17 He
1346 3237 106 18 conducted
1459 3238 34 18 the
1500 3240 40 17 two
1545 3241 85 21 services,

1194 3259 90 24 morning
1292 3259 37 17 and
1338 3260 86 23 evening,
1439 3262 20 16 at
1472 3262 32 17 the
1519 3262 75 19 Church
1611 3266 21 16 of

1194 3281 92 23 England
1293 3288 25 11 on
1327 3283 84 23 Sunday.
1435 3284 37 18 His
1486 3285 94 24 Lordship
1595 3287 37 19 left

1195 3310 24 12 on
1227 3305 86 23 Monday
1322 3307 89 23 morning
1419 3307 30 18 for
1456 3308 106 19 Auckland.

1259 3337 63 17 notice
1331 3338 43 17 that
1387 3339 33 17 the
1433 3340 107 18 contractor
1552 3342 31 17 for
1598 3343 34 18 the

1194 3359 53 23 largo
1266 3360 54 18 hotel
1339 3361 21 17 in
1379 3361 33 18 the
1428 3368 41 12 new
1484 3365 96 22 township
1596 3366 35 18 has

1194 3383 73 17 started
1283 3383 66 24 laying
1365 3384 32 17 the
1411 3385 117 23 foundation,
1544 3389 39 16 and
1597 3395 22 12 ex-

1194 3407 53 20 pects
1255 3407 21 17 to
1284 3407 48 17 have
1340 3407 17 17 it
1364 3407 80 19 finished
1451 3408 21 18 in
1484 3410 35 17 the
1531 3416 66 13 course
1611 3413 21 17 of

1195 3434 10 12 a
1214 3429 102 23 fortnight.

1218 3457 32 18 Mr
1263 3458 79 21 Wilson,
1357 3460 107 21 proprietor
1477 3461 21 17 of
1512 3461 51 19 Lake
1578 3464 53 17 View

1193 3480 73 22 House,
1275 3481 40 18 also
1322 3481 35 18 has
1366 3484 118 17 commenced
1493 3485 46 17 with
1547 3486 29 18 his
1588 3493 43 12 new

1193 3503 95 24 boarding
1295 3505 60 18 house
1362 3505 20 17 in
1390 3506 33 17 the
1431 3506 128 20 Government
1568 3511 50 17 town-

1194 3527 49 22 ship,
1252 3528 38 17 and
1298 3528 16 17 it
1322 3528 15 17 is
1345 3528 116 23 anticipated
1468 3530 45 18 that
1524 3532 16 17 it
1555 3533 38 17 will
1607 3534 24 17 be

1195 3550 106 22 completed
1308 3551 21 17 in
1336 3551 59 18 about
1403 3558 12 11 a
1423 3553 73 18 month.

1218 3581 60 18 There
1286 3582 38 18 will
1332 3582 24 18 be
1364 3588 12 12 a
1383 3583 56 18 Band
1446 3585 20 16 of
1473 3585 57 26 Hope
1546 3587 85 24 meeting

1195 3610 25 11 on
1234 3605 72 22 Friday
1319 3605 83 23 evening
1416 3607 20 17 in
1452 3608 33 17 the
1501 3608 128 21 Schoolroom.

1193 3627 33 18 We
1236 3627 49 24 hope
1293 3629 21 16 to
1322 3634 30 12 see
1360 3634 12 12 a
1379 3629 51 23 good
1439 3631 117 23 attendance,
1566 3639 20 12 as
1598 3634 32 18 the

1193 3650 59 18 ladies
1261 3651 38 18 and
1307 3652 109 22 gentlemen
1425 3653 21 17 in
1459 3655 111 18 connection
1583 3657 47 18 with

1193 3673 17 17 it
1218 3674 48 17 have
1273 3674 93 27 prepared
1373 3681 26 12 an
1403 3676 93 19 excellent
1502 3683 127 19 programme.

1194 3696 32 17 All
1234 3702 32 12 are
1275 3698 77 16 invited.

1217 3725 34 18 We
1259 3725 49 18 have
1315 3727 21 17 to
1344 3728 65 17 record
1417 3728 32 18 the
1459 3730 34 17 sad
1508 3731 37 18 and
1558 3732 72 19 sudden

1194 3747 58 19 death
1261 3749 21 17 of
1289 3749 72 18 Dennis
1377 3750 93 19 Sheahan.
1500 3753 31 18 He
1544 3754 59 19 broke
1620 3763 11 11 a

1193 3771 129 19 blood-voßSol
1330 3779 25 11 on
1364 3773 94 24 Saturday
1466 3776 100 19 afternoon
1572 3779 59 18 about

1194 3795 48 21 4.30,
1252 3795 39 18 and
1305 3796 78 23 expired
1397 3803 12 12 a
1424 3798 37 17 fow
1476 3799 82 19 minutes
1574 3802 56 18 after.

1194 3817 31 18 He
1233 3824 39 12 was
1280 3819 59 17 about
1346 3821 24 15 40
1378 3826 54 16 years
1440 3821 20 17 of
1467 3827 42 18 age.
1534 3823 32 18 Mr
1579 3825 39 18 Mal-

1194 3840 49 23 froy,
1261 3847 82 16 coroner,
1360 3842 46 19 held
1420 3843 33 18 the
1468 3845 75 23 inquest
1561 3847 21 17 in
1598 3848 33 18 the

1193 3864 87 18 Botorua
1299 3864 65 23 Hotel,
1385 3872 26 12 on
1434 3867 77 24 Sunday
1534 3871 95 23 moraing,

1193 3886 56 18 when
1258 3893 12 12 a
1282 3887 73 19 verdict
1367 3889 21 17 of
1403 3885 4 27 '
1413 3889 63 19 Death
1489 3892 49 17 from
1554 3885 77 27 natural

1194 3915 65 12 causes
1272 3910 20 18 in
1305 3911 113 19 accordance
1430 3913 47 18 with
1494 3915 80 19 medical
1591 3918 30 17 evi-

1194 3932 72 23 dence,'
1275 3939 39 12 was
1322 3935 95 18 returned.
1442 3937 38 18 The
1496 3938 75 18 funeral
1585 3941 45 17 took

1194 3956 54 23 place
1256 3956 33 18 the
1298 3956 99 25 following
1405 3958 42 24 day.

1217 3988 40 18 The
1265 3988 118 19 Courthouse
1390 3991 35 17 has
1432 3992 47 18 been
1487 3995 67 20 passed
1562 3994 26 23 by
1599 3996 32 18 Mr

1194 4011 119 23 Vickernuui,
1324 4012 33 18 the
1365 4014 94 23 engineer,
1469 4016 38 17 and
1519 4022 28 12 wo
1559 4019 60 17 under-

1195 4035 56 17 stand
1267 4035 33 17 the
1316 4037 128 22 contractor's,
1460 4038 33 18 Mr
1510 4039 84 20 Holman
1611 4043 20 17 of

1195 4057 106 22 Auckland,
1311 4059 53 17 work
1379 4060 34 18 has
1426 4061 56 23 given
1498 4068 56 17 every
1574 4066 47 17 satis-

1194 4080 78 18 faction.

1675 91 39 18 Tho
1723 90 127 19 Government
1857 90 50 18 have
1915 90 75 19 further
1995 90 93 18 extended

1651 115 50 18 their
1720 114 103 18 recreation
1843 114 86 23 grounds
1948 114 27 23 by
1993 113 95 24 throwing

1652 143 48 18 open
1706 137 33 18 the
1752 137 54 23 large
1820 137 72 18 section
1905 137 84 18 situated
2003 136 85 19 between

1652 162 33 16 the
1702 160 120 18 Sanatorium
1838 160 38 18 and
1893 160 32 18 tho
1939 161 47 17 Post
2001 160 64 18 Ofis.ee,

1675 191 32 19 All
1723 192 33 17 tho
1775 191 49 19 local
1839 191 73 18 timber
1928 192 49 17 mills
1994 196 31 13 are
2041 191 47 23 busy

1651 215 104 23 supplying
1763 215 87 18 material
1857 215 31 18 for
1895 215 33 18 the
1936 215 76 18 various
2025 214 53 18 build-

1651 239 43 23 ings
1702 238 59 23 being
1769 239 77 16 erected.

1675 267 47 18 Miss
1738 267 51 23 Amy
1803 266 111 24 Vaughan's
1932 266 94 18 Amazons
2045 272 33 17 per-

1652 290 73 18 formed
1733 290 44 18 here
1786 291 30 17 for
1824 290 72 18 several
1902 290 66 23 nights
1984 290 38 17 last
2037 290 51 17 week

1652 315 20 16 to
1681 314 52 22 large
1742 313 38 17 and
1788 313 126 23 appreciative
1919 313 105 17 audiences.
2050 313 38 17 The

1652 342 92 17 company
1760 336 35 18 left
1808 342 24 13 on
1848 336 86 23 Monday
1954 336 90 24 morning
2059 337 29 17 for

1651 361 105 22 Tauranga.

1676 389 31 17 Mr
1718 389 22 17 P.
1757 388 52 18 Lake
1824 389 35 17 has
1875 388 79 18 decided
1970 389 19 17 to
2006 389 21 16 at
2043 393 45 12 once

1652 412 91 22 complete
1751 412 29 17 his
1788 417 43 12 new
1838 411 78 24 bakery.

1675 440 31 17 Mr
1714 439 18 18 J.
1742 439 82 22 Hadley,
1839 440 33 17 Mr
1885 438 89 19 Mcßae's
1989 438 97 23 gardener,

1651 463 74 18 notifies
1733 463 43 17 that
1784 463 23 17 he
1815 462 34 18 has
1858 463 67 17 onions
1933 463 30 17 for
1971 462 39 18 sale
2017 462 21 17 in
2050 466 38 17 any

1651 486 89 23 quantity
1747 486 50 17 from
1806 485 51 19 141bs
1866 487 20 17 to
1895 492 11 11 a
1914 486 40 17 ton.

1674 514 39 17 The
1721 513 71 18 Maoris
1805 513 55 17 made
1875 519 13 11 a
1904 519 45 17 very
1965 512 52 24 good
2032 511 56 23 thing

1651 538 34 17 out
1693 537 20 18 of
1720 537 33 18 the
1761 537 50 17 Race
1819 542 65 12 course
1892 537 55 22 gates
1954 536 38 17 last
1997 535 78 18 Wednes-

1651 560 43 23 day,
1715 560 72 23 having
1808 559 58 18 taken
1883 559 38 18 £54
1937 560 21 16 at
1974 559 33 17 tho
2027 559 59 22 gates.

1650 583 53 24 They
1711 584 39 18 also
1759 583 46 18 took
1812 588 45 12 over
1865 583 33 17 the
1912 583 78 17 coaches
2005 581 83 22 running

1650 606 86 18 between
1743 607 32 17 the
1784 607 51 17 town
1843 605 38 18 and
1889 605 34 18 the
1930 611 43 12 race
1978 610 70 15 course,
2058 604 30 17 for

1650 630 62 18 which
1720 630 46 23 they
1773 635 48 18 gave
1830 628 27 19 £4
1866 630 38 20 10s,
1913 629 39 17 and
1968 628 54 17 made
2039 628 49 17 from

1650 653 37 18 this
1702 659 65 12 source
1780 652 37 18 £ll
1836 652 21 17 15
1871 652 31 21 9d,
1917 652 77 23 leaving
2008 651 52 18 them
2076 656 12 12 a

1649 676 58 22 profit
1715 676 107 22 altogether
1830 675 20 17 of
1859 675 38 18 £27
1906 676 20 16 5s
1939 675 30 17 9d.

1673 704 100 18 Attention
1785 703 16 17 is
1814 702 85 18 directed
1911 704 21 16 to
1946 708 24 12 an
1982 701 93 19 advertise-

1649 729 53 16 ment
1709 728 21 17 in
1738 727 79 17 another
1829 725 82 22 column,
1927 726 44 17 that
1983 731 12 12 a
2008 723 66 20 second-

1648 750 53 18 hand
1721 748 144 20 double-seated
1880 749 74 23 buggy,
1975 749 56 17 horse
2048 747 37 18 and

1648 773 78 18 harness
1735 774 15 17 is
1758 774 31 17 for
1796 772 38 18 sale
1843 772 66 23 cheap,
1918 772 34 18 the
1960 777 64 13 owner
2038 770 36 18 hav-

1648 797 35 23 ing
1690 803 26 12 no
1724 797 75 17 further
1806 801 33 12 use
1848 795 30 18 for
1885 796 22 17 it.

1671 826 33 17 Mr
1715 826 19 18 J.
1747 825 28 18 H.
1789 824 76 23 Taylor,
1879 824 114 20 auctioneer,
2007 823 35 17 has
2054 828 20 17 re-

1648 849 64 17 ceived
1719 848 122 18 instructions
1850 847 50 18 from
1913 848 33 17 Mr
1958 847 68 21 Bussy,
2041 845 44 18 iriu>

1647 872 16 17 is
1672 872 76 23 leaving
1756 871 32 18 the
1796 870 81 21 district,
1886 871 21 18 to
1922 870 34 18 sell
1968 870 27 22 by
2008 868 77 18 auction

1647 895 27 18 all
1681 896 30 17 his
1718 894 105 19 household
1831 894 101 21 furniture,
1939 894 38 21 &c.,
1986 898 25 13 on
2016 892 56 18 Satur-

1647 918 38 23 day
1692 919 52 17 next.

1670 948 32 16 Mr
1709 947 102 20 Robinson,
1820 946 100 18 Tarawera
1928 945 71 20 House,
2015 944 39 18 also
2067 943 16 19 is

1646 971 60 18 about
1714 970 71 23 having
1792 969 112 18 alterations
1912 971 21 15 to
1944 969 29 17 his
1986 967 95 24 premises.

1705 1024 163 20 PROTECTION
1881 1024 33 18 OF
1932 1024 90 18 TROUT.

1669 1073 17 18 A
1694 1072 84 23 meeting
1785 1073 21 16 to
1815 1071 86 18 consider
1912 1071 34 18 the
1959 1070 43 18 best
2017 1075 64 12 means

1645 1097 31 18 for
1683 1097 109 22 preserving
1800 1094 38 18 and
1845 1094 109 23 protecting
1962 1094 33 17 the
2003 1094 52 17 trout
2061 1093 20 18 in

1645 1120 33 18 the
1686 1119 75 19 various
1769 1120 58 16 rivers
1834 1118 21 17 in
1862 1118 35 17 the
1905 1118 79 20 district,
1991 1122 40 12 was
2037 1116 44 18 held

1645 1143 20 17 in
1673 1144 33 16 the
1714 1143 68 17 Palace
1790 1141 60 18 Hotel
1864 1147 26 11 on
1906 1141 71 22 Friday
1993 1139 85 23 evening,

1645 1166 127 18 theSthinst.
1796 1165 19 17 J.
1829 1164 27 18 H.
1870 1164 76 23 Taylor,
1960 1164 52 21 Esq.,
2030 1162 49 22 J.P.,

1645 1195 39 12 was
1692 1189 57 18 voted
1756 1191 21 15 to
1791 1188 33 17 the
1836 1188 61 21 ohair,
1912 1187 39 18 and
1963 1186 54 18 there
2032 1192 48 12 were

1645 1212 128 23 present—W.
1801 1211 118 22 Shrimpton,
1948 1211 53 21 Esq.,
2030 1209 49 22 J.P.,

1645 1235 90 18 Hawke's
1748 1236 47 22 Bay,
1812 1235 22 17 C.
1852 1234 90 22 Malfroy,
1960 1233 53 23 Esq.,
2029 1233 50 21 J.P.,

1645 1259 70 18 Messrs
1723 1259 82 21 Dansey,
1819 1258 80 21 Mcßae,
1914 1257 87 20 Stewart,
2015 1256 52 18 Auck-

1645 1282 56 22 land;
1714 1281 104 22 Warbrick,
1832 1280 68 21 Webb,
1917 1280 117 20 Carnachan,
2050 1280 29 18 W.

1645 1305 63 23 Kelly,
1718 1305 87 20 M.H.R.,
1813 1305 68 20 Thorn,
1891 1305 25 16 D.
1930 1303 73 21 Fallon,
2017 1303 51 17 Auck-

1645 1329 45 17 land
1696 1327 4 24 ;
1714 1329 66 21 Elliot,
1794 1329 114 22 Tauranga;
1928 1327 84 20 Samson,
2028 1327 39 16 Mar-

1645 1352 94 21 ehesseau,
1749 1352 27 17 M.
1782 1351 74 21 Fallon,
1862 1350 109 22 Auckland;
1980 1350 23 17 L.
2009 1350 60 17 Robin-

1645 1381 35 12 son
1688 1375 38 18 and
1733 1375 70 18 others.

1667 1399 40 17 The
1715 1398 102 18 Chairman
1829 1397 41 18 said
1883 1397 45 17 that
1939 1396 17 18 it
1970 1402 39 12 -was
2025 1396 44 18 abso-

1643 1422 63 23 lutely
1713 1427 98 16 necessary
1820 1422 31 16 for
1858 1426 96 12 measures
1962 1421 20 17 to
1992 1420 23 17 be
2024 1419 57 17 taken

1644 1446 21 16 at
1673 1450 47 13 once
1725 1445 30 17 for
1760 1445 32 17 the
1797 1444 131 23 preservation
1933 1443 38 18 and
1975 1443 107 22 protection

1644 1469 22 18 of
1673 1469 33 17 the
1715 1469 52 17 trout
1775 1468 21 17 in
1803 1468 52 17 their
1860 1468 59 17 rivers
1928 1466 38 18 and
1973 1468 21 15 to
2002 1471 80 17 arrange

1645 1492 31 17 for
1683 1498 12 11 a
1703 1494 89 15 constant
1799 1491 70 23 supply
1883 1490 21 18 of
1917 1490 53 18 them
1984 1490 49 17 from
2048 1489 34 17 the

1644 1515 93 23 hatching
1745 1515 66 22 ponds.
1837 1515 31 17 He
1876 1513 39 18 had
1923 1513 58 17 heard
1994 1513 43 17 that
2049 1512 33 17 tho

1644 1539 75 17 natives
1734 1538 39 18 had
1789 1538 47 17 been
1849 1537 90 23 spearing
1953 1536 38 18 and
2005 1535 78 23 netting

1644 1562 54 17 them
1709 1562 38 17 and
1763 1562 23 17 he
1802 1561 39 17 had
1856 1561 49 17 been
1921 1560 40 17 told
1977 1560 44 17 that
2036 1564 47 12 even

1644 1585 59 17 white
1711 1585 67 23 people
1786 1584 39 18 had
1834 1583 111 19 threatened
1954 1584 19 17 to
1985 1581 97 24 dynamite

1645 1608 58 18 them.
1729 1608 52 23 They
1789 1607 64 19 would
1861 1613 57 17 agree
1928 1607 47 17 with
1987 1607 41 16 him
2039 1605 44 17 that

1645 1633 71 21 urgent
1723 1637 94 11 measures
1825 1632 52 16 must
1886 1631 23 17 be
1915 1630 57 17 taken
1978 1631 21 16 to
2003 1629 81 23 provent

1645 1655 38 17 this
1692 1656 39 16 sort
1739 1655 20 17 of
1767 1654 64 23 thing.
1862 1654 21 17 It
1894 1653 39 18 had
1947 1653 47 18 been
2006 1651 77 18 mooted

1646 1678 38 17 h.nd
1693 1678 15 17 i+
1721 1684 38 11 was
1773 1678 30 17 for
1815 1678 33 17 the
1862 1677 84 22 meeting
1961 1678 21 16 to
1999 1675 84 18 consider

1645 1701 85 17 whether
1739 1702 84 16 Rotorua
1832 1700 70 18 should
1909 1702 35 16 not
1957 1699 64 18 secede
2034 1699 49 17 from

1645 1724 33 17 tho
1698 1725 100 23 Tauranga
1815 1723 165 18 Acclimatization
2001 1722 81 22 Society,

1644 1748 42 22 join
1700 1748 43 17 that
1756 1748 20 17 of
1790 1747 101 18 Auckland
1905 1753 21 11 or
1938 1748 50 16 form
2002 1751 35 12 one
2053 1745 31 17 for

1646 1771 117 17 themselves.
1789 1771 30 17 He
1834 1770 81 18 aclieved
1928 1770 20 17 in
1960 1769 82 22 keeping
2058 1774 25 12 on

1645 1794 47 17 with
1700 1795 33 17 the
1741 1794 32 18 old
1781 1795 41 17 love
1832 1794 62 18 unless
1902 1793 16 17 it
1926 1793 56 17 could
1987 1793 23 17 he
2019 1792 65 17 shewn

1646 1817 44 18 that
1697 1818 17 17 it
1721 1817 63 18 would
1792 1817 23 18 be
1824 1817 30 18 for
1862 1817 33 18 the
1909 1816 76 24 general
2000 1815 50 23 good
2064 1815 20 18 of

1646 1841 33 17 the
1688 1841 122 21 community.
1836 1840 24 17 In
1869 1841 85 17 Rotorua
1962 1840 46 21 they
2022 1838 38 18 had
2072 1845 12 11 a

1646 1864 52 23 large
1707 1864 80 18 number
1801 1864 21 18 of
1834 1863 69 19 ardent
1917 1864 111 21 sportsmen,
2045 1861 39 18 and

1646 1887 26 17 all
1680 1887 43 17 who
1731 1887 56 17 loved
1800 1889 55 20 sport
1869 1887 68 17 should
1951 1885 86 19 combine
2053 1886 20 16 to-

1646 1911 67 22 gether
1721 1912 20 16 to
1749 1912 79 20 prevent
1841 1910 101 23 poaching.
1967 1909 30 18 He
2011 1908 73 18 invited

1646 1934 89 17 remarks.

1668 1957 32 17 Mr
1719 1957 132 17 Marchesseau
1870 1956 113 23 questioned
1999 1955 85 17 whether

1646 1980 32 17 the
1698 1981 72 17 natives
1790 1980 57 18 could
1869 1980 24 17 be
1916 1979 102 23 prevented
2034 1979 49 17 from

1645 2003 101 23 poaching.

1669 2027 38 17 The
1727 2026 103 19 Chairman
1851 2026 63 18 stated
1930 2026 43 17 that
1990 2026 54 16 when
2060 2025 24 17 ho

1645 2050 85 23 brought
1738 2050 32 18 the
1778 2050 42 17 first
1828 2051 35 15 -100
1869 2051 54 16 trout
1928 2050 50 17 from
1984 2049 100 22 Tauranga

1646 2073 32 17 the
1686 2073 73 17 natives
1767 2073 95 23 promised
1870 2074 34 16 not
1918 2074 20 16 to
1951 2073 69 17 molest
2031 2071 53 18 them

1646 2096 30 17 for
1684 2101 19 12 so
1713 2101 56 17 many
1778 2101 54 17 years
1846 2096 40 17 and
1898 2096 24 16 he
1937 2095 85 16 believed
2038 2094 46 22 they

1646 2118 38 18 had
1697 2118 46 23 kept
1756 2119 50 17 their
1818 2118 59 18 word.
1907 2118 31 18 He
1952 2117 84 23 thought
2051 2117 33 17 tho

1646 2142 96 23 poaching
1750 2142 55 18 could
1813 2142 24 17 be
1845 2141 81 23 stopped
1934 2147 21 11 as
1963 2141 33 17 the
2011 2140 73 17 natives

1646 2165 68 18 should
1722 2165 23 18 be
1754 2166 70 22 taught
1832 2167 21 16 to
1861 2165 45 18 look
1921 2164 82 18 forward
2015 2165 20 16 to
2051 2163 33 17 the

1646 2188 47 18 time
1702 2188 54 17 when
1764 2189 33 17 the
1810 2188 36 17 fish
1860 2188 64 17 would
1938 2187 77 23 provide
2032 2188 53 21 sport

1646 2211 38 18 and
1693 2212 44 17 food
1746 2212 30 17 for
1783 2211 120 18 themselves.

1669 2235 33 17 Mr
1709 2235 72 17 Mcßae
1796 2235 41 17 said
1852 2235 45 17 that
1909 2235 85 17 Rotorua
2009 2233 75 18 derived

1646 2264 25 11 no
1686 2258 106 23 advantage
1809 2258 98 18 whatever
1922 2257 26 23 by
1963 2257 61 23 heing
2039 2263 34 11 con-

1647 2282 67 17 nected
1722 2282 46 17 with
1777 2282 33 17 the
1818 2282 102 22 Tauranga
1928 2281 76 22 Society
2018 2280 38 17 and
2070 2280 15 17 if

1648 2305 45 22 they
1702 2304 76 18 seceded
1787 2304 38 18 and
1833 2304 65 23 joined
1907 2304 32 18 the
1945 2303 99 18 Auckland
2050 2308 34 12 one

1647 2328 45 22 they
1701 2328 63 18 would
1772 2328 23 17 bo
1804 2329 30 16 far
1841 2328 64 17 better
1913 2328 27 17 off
1947 2327 38 17 and
1996 2327 33 17 the
2043 2327 31 17 dis-

1648 2351 46 18 trict
1702 2351 62 18 would
1773 2351 23 17 be
1806 2351 90 18 attended
1904 2352 26 17 to.
1956 2351 17 17 A
1982 2350 49 23 good
2039 2355 34 17 sup-

1647 2374 34 23 ply
1689 2375 21 17 of
1717 2381 66 16 young
1797 2374 36 17 fish
1846 2374 66 18 would
1925 2374 24 17 be
1963 2376 39 21 got,
2017 2373 38 18 and
2071 2373 15 17 if

1648 2398 45 23 they
1702 2398 103 23 appointed
1813 2398 64 17 native
1885 2404 78 16 rangers
1972 2397 45 22 thoy
2023 2396 63 18 would

1648 2423 80 21 prevent
1743 2421 101 23 poaching.
1878 2421 40 17 The
1935 2421 63 17 native
2011 2419 39 19 had
2066 2426 20 11 as

1648 2444 57 17 much
1713 2444 53 23 right
1774 2446 20 15 to
1803 2445 36 16 fish,
1848 2445 19 16 in
1876 2445 33 16 the
1922 2445 58 16 rivers
1992 2444 47 17 with
2053 2444 33 17 the

1648 2467 35 18 rod
1690 2473 20 12 a3
1719 2468 45 22 they
1772 2468 44 17 had.
1841 2467 32 18 He
1882 2467 32 18 did
1927 2468 34 17 not
1975 2473 29 11 see
2018 2467 44 17 that
2075 2472 11 12 a

1648 2491 49 17 local
1705 2491 75 22 Society
1790 2491 54 17 could
1853 2491 23 17 be
1885 2491 106 17 successful.

1672 2514 32 17 Mr
1711 2514 84 22 Malfroy
1803 2514 58 17 asked
1870 2514 43 18 how
1925 2514 46 22 they
1985 2513 56 18 could
2053 2515 34 21 get

1649 2538 34 17 out
1691 2537 20 18 of
1719 2537 32 18 the
1759 2537 103 23 Tauranga
1870 2537 82 23 Society.

1672 2560 32 18 Mr
1711 2560 60 18 Webb
1785 2560 41 18 said
1840 2560 33 18 the
1888 2560 128 18 Government
2031 2560 56 18 could

1650 2584 85 18 sanction
1742 2584 16 17 it
1766 2584 26 22 by
1800 2589 24 13 on
1833 2584 187 18 Order-in-Council.

1672 2607 33 17 Mr
1724 2607 84 23 Malfroy
1829 2607 85 23 thought
1933 2607 44 17 that
1997 2607 46 17 such
2064 2612 24 12 an

1650 2631 114 21 application
1774 2630 69 18 should
1850 2630 25 18 he
1883 2629 55 19 made
1946 2630 39 18 and
1992 2630 24 17 he
2030 2630 58 17 asked

1650 2654 32 17 Mr
1690 2654 73 22 Kelly's
1771 2654 103 17 assistance
1883 2653 21 18 in
1911 2654 33 17 the
1953 2655 74 16 matter.

1674 2677 32 17 Mr
1713 2677 58 22 Kelly
1779 2677 58 17 asked
1844 2677 54 17 what
1906 2682 80 12 revenue
1997 2677 32 17 the
2038 2677 38 17 Tau-

1650 2706 60 17 ranga
1719 2700 76 22 Society
1803 2700 77 18 derived
1888 2700 50 18 from
1950 2701 91 17 Rotorua.

1674 2724 32 17 Mr
1713 2723 60 18 Webb
1782 2723 41 18 said
1831 2724 61 17 about
1900 2723 38 18 £l2
1954 2724 31 17 for
1999 2724 90 22 shooting

1650 2746 85 18 licenses.
1759 2746 54 23 They
1820 2746 40 18 had
1867 2752 26 12 no
1901 2752 64 18 power
1980 2747 20 18 at
2013 2748 77 21 present

1651 2771 21 16 to
1679 2770 50 17 issue
1737 2770 71 23 finhing
1816 2770 85 18 licenses.

1674 2793 32 17 Mr
1714 2793 57 22 Kelly
1780 2793 31 18 did
1820 2794 36 17 not
1864 2798 30 13 see
1902 2793 52 18 what
1966 2793 71 18 benefit
2050 2799 40 12 was

1651 2817 21 16 to
1679 2816 24 17 be
1711 2816 78 17 derived
1797 2816 27 23 by
1831 2816 78 23 joining
1921 2816 48 18 with
1982 2816 106 18 Auckland.

1651 2839 47 18 Fish
1712 2839 40 18 had
1767 2838 48 19 been
1830 2840 36 23 got
1878 2840 50 18 from
1940 2840 34 18 the
1989 2840 101 23 Tauranga

1651 2863 76 22 Society
1735 2863 38 17 and
1780 2863 40 17 had
1827 2862 49 18 been
1884 2864 37 20 put
1925 2863 42 17 into
1972 2863 32 17 the
2011 2865 79 16 streams

1650 2885 87 18 hetween
1744 2886 101 23 Tauranga
1851 2885 39 18 and
1895 2886 44 19 this.
1964 2887 20 17 If
1989 2887 46 22 they
2041 2892 49 12 were

1651 2910 21 17 to
1680 2910 86 21 separate
1774 2910 50 17 from
1831 2910 103 22 Tauranga
1945 2910 25 17 he
1983 2910 85 23 thought
2078 2917 12 10 a

1652 2933 86 22 separate
1747 2932 77 23 Society
1830 2932 70 18 should
1907 2933 24 17 be
1939 2933 79 18 formed-

1674 2956 33 16 Mr
1714 2956 73 17 Mcßae
1795 2956 86 23 thought
1889 2956 46 23 they
1944 2956 69 18 should
2025 2956 65 18 secede

1652 2979 50 18 from
1709 2979 102 23 Tauranga
1820 2985 20 12 as
1855 2979 34 18 the
1902 2979 101 18 Auckland
2015 2979 75 23 Society

1651 3002 39 17 had
1698 3002 92 23 breeding
1797 3002 63 23 ponds
1874 3002 53 23 quite
1940 3002 114 19 convenient
2069 3004 21 17 to

1652 3025 33 18 the
1693 3025 80 22 railway
1786 3026 72 17 station
1870 3026 39 17 and
1923 3025 33 19 the
1970 3027 52 17 trout
2035 3025 55 19 could

1651 3049 25 17 be
1683 3048 85 23 brought
1775 3048 46 18 here
1829 3049 20 17 in
1858 3054 12 12 a
1877 3049 37 17 few
1923 3049 63 17 houia.

1676 3072 39 17 The
1723 3072 103 17 Chairman
1834 3072 41 17 said
1883 3072 17 18 it
1907 3078 38 12 was
1958 3078 12 11 a
1982 3079 45 16 very
2041 3072 41 18 diffi-

1653 3095 40 17 cult
1701 3095 57 24 thing
1766 3096 20 17 to
1798 3095 59 23 bring
1869 3095 37 18 fish
1919 3096 51 17 from
1982 3096 107 23 Tauranga.

1652 3118 62 18 When
1721 3118 25 18 he
1754 3119 85 22 brought
1847 3119 34 17 the
1888 3119 36 17 400
1932 3119 24 17 he
1964 3119 39 17 had
2010 3120 21 17 to
2045 3119 45 18 wait

1653 3141 53 18 three
1715 3141 57 18 hours
1780 3143 22 16 at
1811 3146 35 13 one
1854 3143 71 17 stream
1938 3148 26 11 on
1978 3143 81 17 account
2070 3143 20 17 of

1652 3164 34 18 the
1693 3166 134 21 temperature.
1852 3165 22 18 It
1881 3165 47 18 took
1934 3166 41 17 him
1984 3165 33 23 14J
2033 3166 57 17 hours

1653 3188 20 18 to
1682 3188 59 18 travol
1750 3188 50 17 from
1810 3188 33 18 the
1850 3188 43 16 first
1901 3189 69 17 stream
1978 3190 44 21 past
2033 3188 57 23 Oropi

1653 3212 20 16 to
1681 3211 33 17 the
1722 3211 137 23 Ngongotaha.
1883 3211 35 19 We
1926 3211 48 18 have
1981 3218 25 12 no
2015 3213 47 17 wish
2070 3214 20 16 to

1653 3234 64 18 secede
1725 3235 50 17 from
1782 3235 102 22 Tauranga
1891 3234 37 18 but
1939 3235 17 18 it
1966 3235 64 18 would
2043 3235 24 18 bo
2079 3242 11 11 a

1653 3258 55 21 great
1716 3257 107 23 advantage
1831 3259 21 16 to
1861 3258 23 17 be
1892 3258 141 23 amalgamated
2043 3258 47 19 with

1653 3280 106 18 Auckland.
1784 3281 40 17 The
1831 3280 37 18 fish
1876 3281 61 22 ponds
1942 3287 32 12 are
1978 3282 50 17 close
2033 3282 20 17 to
2058 3282 32 17 the

1653 3303 78 23 railway
1739 3303 38 18 and
1785 3310 28 11 we
1819 3304 56 17 could
1881 3305 34 22 get
1919 3305 77 22 regular
2001 3305 88 22 supplies.

1677 3327 39 17 Tho
1724 3327 100 18 Auckland
1832 3327 76 23 Society
1916 3327 16 18 is
1940 3333 12 12 a
1966 3333 44 17 very
2024 3329 66 22 strong

1653 3355 42 16 one,
1703 3350 39 17 and
1749 3350 46 23 they
1810 3350 56 17 could
1879 3350 56 17 assist
1950 3356 22 12 us
1989 3357 43 16 very
2049 3357 28 11 ma-

1653 3373 80 21 terially.

1676 3396 32 17 Mr
1716 3396 81 17 Stewart
1805 3396 41 17 said
1854 3396 24 18 he
1892 3397 84 23 thought
1990 3397 100 23 Tauranga

1653 3419 38 17 had
1699 3419 55 17 made
1762 3426 11 10 a
1782 3419 81 18 mistake
1871 3419 20 18 in
1900 3420 88 23 seceding
1996 3420 50 18 from
2058 3421 32 17 the

1653 3442 99 18 Auckland
1761 3443 76 23 Society
1844 3443 40 17 and
1891 3443 24 17 he
1923 3443 77 18 advised
2006 3444 84 17 Botorua

1653 3466 20 17 to
1681 3465 41 23 join
1730 3466 22 17 it.
1776 3466 53 22 They
1837 3471 50 12 were
1896 3466 70 23 alwayß
1974 3466 58 22 ready
2037 3468 21 16 to
2065 3467 25 17 do

1653 3494 20 12 as
1682 3488 56 18 much
1747 3494 19 12 as
1774 3488 84 23 possible
1871 3489 30 17 for
1914 3489 32 17 the
1961 3489 73 18 outside
2051 3490 29 17 dis-

1653 3512 60 17 tricts.
1738 3512 52 23 They
1797 3511 40 18 had
1845 3513 42 16 sent
1896 3513 34 16 out
1938 3513 84 17 rainbow
2037 3514 53 16 trout

1653 3535 20 17 in
1680 3535 53 21 large
1741 3534 89 18 numbers
1839 3534 62 19 which
1910 3540 31 13 are
1949 3535 51 23 good
2004 3535 86 19 breeders

1653 3558 38 17 and
1699 3563 43 18 give
1751 3558 87 22 splendid
1846 3560 59 20 sport.

1676 3581 32 17 Mr
1716 3580 68 18 Fallon
1792 3581 86 24 thought
1885 3581 46 24 they
1939 3581 68 19 should
2014 3582 45 18 take
2065 3588 25 12 no

1653 3604 43 17 rash
1705 3605 42 22 step
1754 3604 20 17 in
1782 3604 33 18 the
1823 3605 103 17 meantime
1936 3605 38 17 and
1981 3605 25 17 he
2013 3605 77 17 advised

1653 3627 52 17 them
1717 3628 21 16 to
1754 3627 93 18 ascertain
1863 3627 50 17 their
1928 3627 82 23 position
2026 3627 64 19 before

1653 3649 59 24 doing
1719 3650 101 22 anything.

1676 3673 32 17 Mr
1716 3673 57 22 Kelly
1781 3673 41 17 said
1830 3673 33 17 the
1877 3674 70 17 matter
1959 3673 71 24 having
2042 3674 48 18 been

1653 3696 102 17 voutilated
1763 3695 65 18 would
1835 3702 53 12 come
1896 3696 65 18 before
1974 3697 33 17 the
2020 3697 70 23 People

1653 3720 20 16 of
1680 3720 101 22 Taurahga
1789 3720 38 17 and
1835 3720 91 21 Botorua,
1934 3720 38 17 and
1978 3720 24 18 hn
2006 3720 84 23 thought

1653 3742 33 17 the
1698 3743 65 22 public
1778 3742 68 17 should
1861 3742 49 18 have
1926 3749 12 11 a
1953 3744 52 17 void?
2020 3743 21 18 in
2058 3744 32 17 the

1653 3766 74 16 matter.

1676 3789 32 16 Mr
1715 3788 69 22 Taylor
1792 3788 43 17 said
1847 3789 33 17 the
1894 3789 65 22 public
1973 3790 20 17 of
2005 3789 85 18 Botorua

1653 3817 48 12 were
1710 3811 42 17 well
1891 3818 19 11 as
1919 3813 22 16 32
1958 3818 77 17 persons
2051 3812 38 19 had

1653 3834 47 18 been
1709 3834 57 17 asked
1774 3836 20 16 to
1804 3834 66 18 attend
1879 3835 33 17 the
1920 3835 89 23 meeting.

1676 3857 32 17 Mr
1723 3857 58 23 Kelly
1797 3857 42 18 said
1854 3857 39 19 this
1908 3864 39 11 was
1963 3864 11 11 a
1990 3858 43 18 hole
2051 3859 39 18 and

1653 3886 65 11 corner
1726 3881 90 23 meeting,
1826 3881 39 17 and
1875 3881 24 18 he
1912 3881 94 23 proposed
2020 3881 43 18 that
2079 3888 11 12 a

1653 3903 64 22 public
1725 3904 84 23 meeting
1816 3904 24 17 be
1849 3904 44 17 held
1901 3910 25 12 on
1938 3904 90 23 Monday,
2045 3906 44 17 25th

1653 3926 43 18 hist.
1722 3927 75 22 Agreed
1805 3927 27 17 to.

1676 3949 70 18 Messrs
1763 3949 76 23 Taylor,
1856 3950 91 23 Malfroy,
1964 3950 72 18 Mcßae
2052 3951 38 18 and

1653 3972 60 18 Webb
1720 3978 49 12 were
1777 3972 104 24 appointed
1889 3979 11 12 a
1908 3974 106 17 committee
2023 3975 21 17 to
2056 3975 34 22 get

1653 3995 36 17 full
1696 3996 124 18 information
1826 3997 21 17 to
1852 3996 53 23 place
1911 3996 64 18 before
1980 3997 32 17 the
2018 3997 70 23 public.

1675 4019 18 17 A
1701 4019 99 17 collection
1808 4019 20 17 of
1837 4021 99 16 seventeen
1950 4019 86 24 shillings
2050 4026 39 12 was

1653 4041 54 18 made
1715 4042 21 17 to
1744 4041 67 23 defray
1818 4047 97 17 expenses.

1675 4064 18 17 A
1712 4065 44 17 vote
1771 4064 21 18 of
1807 4065 71 17 thanks
1898 4066 21 17 to
1934 4066 33 17 the
1987 4066 101 19 Chairman

1653 4087 111 18 terminated
1773 4087 33 19 the
1814 4088 90 22 meeting.

2159 93 122 24 SCHOOL
2292 91 195 27 COMMITTEE.

2139 146 41 19 The
2190 146 63 20 above
2264 146 45 19 held
2321 146 53 19 their
2382 146 92 26 ordinary
2481 149 51 19 meet-

2112 178 34 19 ing
2169 179 27 12 on
2219 172 94 25 Monday
2340 173 93 25 evenir.g,
2464 174 22 20 in
2509 174 36 19 the

2112 198 93 25 Library.
2234 198 84 20 Present
2319 199 63 19 —Mr
2395 199 32 20 W.
2447 200 29 19 M.
2494 201 38 19 Pui-

2112 224 43 25 cell,
2166 224 31 26 (in
2216 224 36 20 the
2269 224 71 26 ebair,)
2360 225 76 20 Messrs
2457 227 86 22 Corlett,

2112 250 122 26 Fitzgerald,
2250 250 103 21 Williams
2368 253 37 19 and
2427 252 33 21 the
2476 254 19 19 S-
2502 259 32 13 cre-

2112 278 51 24 tary.

2137 303 43 21 The
2189 302 88 21 minuteß
2283 303 22 20 of
2312 303 33 21 the
2353 304 93 26 previous
2455 311 39 14 not
2499 304 45 23 ting

2113 336 50 13 were
2172 330 47 19 read
2229 329 40 20 and
2277 330 112 21 confirmed.

2137 355 42 21 The
2187 356 30 20 Ht
2222 355 134 22 ad-teacher's
2369 361 67 23 report
2447 364 40 13 was
2497 355 45 20 read

2111 382 40 19 and
2161 381 108 26 approved.

2177 419 87 15 INWA.BD
2276 420 202 16 CORHESPONDKNCE.

2137 445 61 19 From
2208 445 35 21 the
2252 446 51 21 New
2314 448 86 20 Zealand
2411 448 82 21 Society
2512 443 32 20 for

2111 471 35 19 the
2157 473 113 23 protection
2280 473 22 20 of
2312 473 123 21 rromenand
2445 471 99 19 children.

2138 497 60 20 From
2227 499 34 20 the
2289 499 109 21 Auckland
2429 496 115 21 Education

2111 523 73 25 Board,
2196 525 111 26 promising
2317 534 11 12 a
2338 527 62 24 grant
2416 523 22 20 of
2457 523 31 20 £1
2509 522 35 19 10a

2111 549 33 20 for
2153 556 25 14 an
2186 557 52 19 open
2246 552 59 20 drain
2314 552 80 20 outside
2401 551 20 19 of
2429 549 36 20 the
2471 548 72 20 School

2111 574 97 28 building.

2137 602 61 21 ±Vom
2213 603 66 21 Board
2297 605 23 19 of
2335 603 114 21 Education
2469 607 23 13 re
2510 600 35 19 the

2109 629 88 20 election
2207 631 23 20 of
2241 631 98 20 members
2356 630 33 19 for
2398 628 35 20 the
2445 626 68 21 Board
2522 626 22 19 of

2109 654 123 22 Education.

2137 681 60 21 From
2207 683 67 20 Board
2286 683 23 20 of
2323 679 113 23 Education
2453 679 92 25 advising

2109 708 111 25 capitation
2241 710 24 20 of
2283 715 73 19 money
2380 706 46 27 paid
2445 706 45 20 into
2510 706 35 19 the

2109 733 54 20 bank
2173 735 32 20 £3
2215 736 36 20 15s
2261 736 33 24 Bd,
2304 736 33 19 for
2346 733 35 20 the
2396 735 84 24 quarter
2492 732 40 19 end-

2110 759 35 26 ing
2154 760 72 21 March
2236 762 54 21 31st.
2302 761 58 20 1895.

2135 786 62 21 From
2205 788 36 21 the
2259 785 151 24 Head-ttacher
2428 783 117 27 requesting

2109 812 121 27 stationery,
2246 816 35 18 Ac.

2137 839 59 21 From
2207 840 24 21 F.
2241 840 25 21 B.
2276 840 64 23 Scott,
2350 838 22 20 in
2394 837 35 20 the
2447 843 60 14 name
2524 836 21 20 of

2107 864 35 21 the
2164 867 100 20 members
2286 866 23 19 of
2335 864 36 21 tho
2397 861 147 28 Presbyterian

2106 891 90 26 Church,
2218 893 75 24 asking
2311 891 34 20 for
2363 890 33 20 the
2415 897 37 13 use
2469 889 23 21 of
2511 889 34 19 the

2107 918 124 21 schoolroom
2243 925 26 14 on
2280 918 83 25 Sunday
2380 917 126 19 afternoons.

2132 944 36 20 Mr
2177 945 69 27 Bussy
2258 944 98 21 tendered
2367 943 31 20 his
2415 941 130 26 resignation

2106 978 20 12 uh
2136 970 111 28 Secretary
2257 974 21 17 to
2290 970 34 20 the
2338 970 130 23 Committee,
2478 967 67 26 owing

2105 998 21 18 to
2142 997 32 21 his
2193 998 120 26 departure
2330 997 53 19 from
2402 996 35 20 the
2455 993 90 21 district.

2104 1024 104 26 Accepted
2218 1023 52 21 with
2281 1024 77 25 regret.
2395 1023 34 19 Mr
2447 1021 98 20 Williams

2104 1056 38 14 was
2154 1049 113 28 appointed
2278 1052 22 17 to
2321 1049 30 20 fill
2360 1048 34 20 the
2405 1054 87 19 vacancy
2511 1047 34 19 for

2102 1076 34 20 the
2147 1076 117 25 remaining
2275 1076 50 19 time
2346 1075 46 20 that
2407 1074 34 20 the
2461 1079 75 21 presen

2102 1102 119 20 Committee
2231 1102 57 20 holds
2303 1101 62 21 office.
2537 1098 8 17 *

2130 1128 101 20 Kesolred
2241 1129 48 18 tbat
2302 1128 36 20 the
2356 1128 111 25 Secretary
2487 1126 59 20 write

2102 1157 22 18 to
2134 1154 34 20 the
2178 1154 70 21 Board
2258 1154 22 20 of
2293 1153 125 25 Education,
2427 1151 119 28 explaining

2103 1184 21 17 to
2135 1181 55 20 them
2202 1181 47 20 tbat
2260 1181 37 20 the
2312 1182 64 25 grant
2391 1179 104 27 proposed
2514 1179 32 19 for

2102 1207 37 21 the
2147 1214 52 19 open
2208 1207 59 20 drain
2279 1207 17 20 is
2307 1208 58 25 quite
2376 1206 126 26 inadequate
2512 1205 34 20 for

2104 1237 34 17 the
2149 1240 96 20 purpose.

2130 1260 101 20 Besolved
2241 1259 51 21 that
2302 1259 42 21 this
2361 1257 124 22 Committee
2499 1259 47 19 vote

2104 1286 33 20 for
2147 1286 35 20 the
2191 1287 51 19 folio
2246 1287 37 18 win
2290 1292 14 19 g
2316 1286 116 25 gentlemen
2448 1291 22 13 as
2485 1290 45 14 mem-

2104 1313 47 19 bers
2160 1313 34 19 for
2204 1313 35 20 the
2250 1312 115 20 Auckland
2375 1311 68 21 Board
2453 1311 23 20 of
2490 1310 42 20 Edu-

2104 1341 75 21 cation,
2189 1339 27 20 A'
2230 1339 22 20 P.
2264 1339 82 24 Harris,
2360 1339 29 19 H.
2405 1337 87 25 Wildin,
2505 1337 40 19 and

2104 1365 35 21 W.
2151 1365 133 21 Woodward.

2132 1392 101 19 Keeolved
2243 1392 47 19 that
2299 1391 36 20 the
2344 1390 112 25 stationery
2465 1390 27 21 be
2500 1396 33 20 pro-

2105 1418 63 20 cured
2177 1418 54 20 from
2241 1418 111 20 Auckland
2362 1425 22 12 as
2400 1417 108 25 requested
2520 1416 23 26 by

2105 1444 37 20 the
2151 1444 162 20 Head-teacher.

2131 1471 100 19 Besolved
2246 1471 48 19 that
2307 1470 36 20 the
2359 1470 108 24 Secretary
2486 1470 59 19 write

2104 1499 22 17 to
2137 1497 36 21 Mr
2182 1499 58 18 Scott
2250 1497 112 24 informing
2382 1496 40 20 him
2444 1496 47 19 that
2509 1495 36 20 the

2104 1524 121 20 Committee
2236 1523 40 20 had
2294 1523 117 26 previously
2422 1521 90 25 decided,
2523 1528 21 13 in

2104 1551 123 19 accordance
2251 1550 49 18 ■with
2322 1549 36 19 the
2374 1549 71 19 wishes
2467 1548 23 20 of
2509 1548 35 19 the

2104 1576 110 20 Auckland
2225 1576 70 20 Board
2309 1577 23 18 of
2339 1575 125 25 Education,
2474 1576 40 19 not
2523 1577 21 17 to

2105 1607 63 22 grant
2177 1603 36 20 the
2225 1610 35 12 use
2278 1603 22 19 of
2314 1602 35 20 the
2368 1602 67 20 school
2453 1602 33 19 for
2504 1607 40 20 any

2107 1637 104 18 purposes,
2223 1638 6 10 t
2236 1629 46 19 ther
2292 1629 50 19 than
2352 1629 32 19 for
2394 1628 35 20 the
2436 1628 76 20 benefit
2523 1627 21 20 of

2107 1657 34 19 the
2151 1656 75 20 School
2238 1655 62 25 itself,
2311 1655 41 20 and
2370 1655 55 20 after
2443 1654 102 25 receiving

2107 1683 35 19 the
2162 1686 70 22 report
2253 1689 22 12 as
2296 1686 20 15 to
2338 1682 35 19 the
2392 1682 54 19 state
2462 1681 23 19 of
2509 1680 35 20 the

2106 1709 67 20 school
2184 1709 55 20 after
2259 1708 62 26 being
2341 1708 50 20 used
2410 1708 34 19 for
2464 1708 80 18 various

2106 1742 105 20 purposes,
2236 1735 35 20 the
2288 1737 6 14 <
2300 1734 110 20 .'omniittee
2431 1740 34 13 are
2490 1739 54 14 more

2106 1765 48 17 Btroi
2164 1764 29 23 gi\
2208 1762 49 20 than
2268 1768 47 13 ever
2328 1761 19 18 in
2358 1761 82 25 opirion
2452 1760 45 19 that
2507 1760 37 19 the

2105 1789 68 20 school
2184 1789 71 20 should
2267 1790 37 17 not
2315 1788 24 19 be
2349 1787 29 20 let
2393 1787 32 20 for
2441 1793 39 17 any
2498 1789 34 16 out-

2105 1814 43 21 side
2158 1822 95 19 purpose.

2131 1841 101 21 .Resolved
2248 1842 46 19 that
2305 1840 35 19 Mr
2356 1838 85 22 Wake's
2457 1842 87 17 account

2106 1869 32 20 for
2146 1869 31 20 £1
2189 1869 31 24 10,
2231 1875 39 12 .eas
2281 1868 23 18 2s
2316 1866 47 26 paid
2375 1866 122 26 previously,
2520 1866 24 19 be

2107 1895 71 27 pas.-ed
2189 1895 32 20 for
2232 1898 102 22 payment.

2132 1921 101 20 Resolved
2257 1921 46 19 that.
2328 1919 34 20 Mr
2390 1918 81 21 Purcell
2499 1918 45 26 sign

2106 1948 86 26 cheques
2203 1948 21 19 in
2236 1948 56 25 place
2302 1946 22 19 of
2335 1946 33 19 Mr
2380 1946 72 24 Busoy.

2132 1976 19 18 A
2162 1977 46 17 vote
2217 1975 22 18 of
2254 1973 73 20 thanks
2344 1975 21 17 to
2381 1972 35 20 the
2433 1972 109 19 Chairman

2106 2001 111 20 concluded
2228 2002 35 17 the
2274 2000 96 24 meeting.

2107 2053 135 21 ROTORUA
2266 2052 109 21 JOCKEY
2398 2051 74 21 CLUB
2494 2051 33 19 AN-

2211 2079 80 21 NUAL
2300 2077 136 21 MEETING.

2133 2132 42 21 The
2185 2132 65 20 above
2260 2134 26 17 to.
2295 2131 14 20 k
2317 2130 55 26 place
2379 2137 26 13 on
2412 2129 130 26 Wednesday

2107 2160 48 19 last.
2183 2158 43 21 The
2237 2158 88 25 meeting
2335 2164 40 13 was
2394 2163 12 13 a
2422 2157 59 24 great
2496 2162 35 13 auc-

2107 2192 50 17 cess,
2168 2185 35 20 the
2217 2185 124 20 attendance
2354 2183 61 26 being
2431 2184 54 23 large
2502 2182 38 19 and

2107 2212 35 20 the
2152 2212 90 19 weather
2253 2210 101 27 splendid.

2133 2238 42 19 The
2185 2238 56 21 Hon.
2252 2238 36 19 Mr
2298 2237 89 20 C'adman
2401 2234 142 25 accompanied

2107 2265 26 25 by
2145 2265 30 19 his
2185 2265 82 20 Private
2283 2265 111 22 Secretary,
2414 2262 36 20 Mr
2468 2261 24 20 B.
2512 2261 34 19 M.'

2107 2291 90 24 Wilson,
2204 2292 40 19 and
2255 2290 35 20 Mr
2302 2289 70 26 Kelly,
2388 2288 86 21 M.H.H.
2492 2294 52 13 were

2109 2320 88 23 present.

2133 2344 42 20 The
2199 2344 45 20 first
2264 2350 46 14 race
2332 2348 36 13 was
2388 2347 37 13 ran
2445 2343 20 17 at
2485 2341 59 19 12.40

2107 2377 60 17 noon,
2177 2370 41 20 and
2229 2372 15 17 it
2251 2377 39 13 was
2304 2368 69 26 nearly
2390 2369 11 19 7
2418 2374 47 19 p.m.
2486 2367 56 19 when

2109 2398 34 19 the
2153 2397 40 20 last
2203 2404 37 12 one
2250 2403 54 13 came
2315 2396 37 20 off.
2378 2395 42 19 The
2438 2393 106 25 following

2109 2430 52 13 were
2170 2423 36 20 the
2217 2424 76 19 results
2301 2423 4 20 :

2112 2460 16 17 1.
2148 2457 115 21 Handicap
2276 2456 92 21 Htjbslx
2377 2456 58 19 Pace
2445 2455 21 19 of
2476 2457 67 21 30sov,

2140 2484 74 19 second
2225 2484 61 19 horse
2301 2485 20 17 to
2334 2482 78 20 receive
2422 2484 48 17 ssov
2481 2484 35 17 out
2524 2481 21 18 of

2138 2511 34 19 the
2184 2510 76 19 stakes.
2286 2509 52 20 Ovei
2349 2511 10 16 8
2370 2508 71 26 flights
2457 2508 22 19 of
2495 2508 38 19 hur-

2138 2537 44 19 dles
2194 2537 31 18 3ft
2236 2536 34 19 6in
2281 2536 52 24 high
2342 2543 5 16 ;
2361 2534 132 24 nomination,
2505 2535 40 22 15s;

2137 2565 128 23 acceptance,
2300 2564 41 17 15s.
2378 2560 104 24 Distance,
2505 2562 40 17 two

2136 2590 65 19 miles.

2110 2617 19 19 J.
2141 2615 111 21 Ckment's
2267 2615 86 26 Viceroy
2506 2614 11 18 1

2110 2641 134 21 Horomona's
2256 2642 49 19 Hiki
2375 2656 20 4 ...
2454 2655 22 5 ...
2506 2641 11 18 2

2112 2676 19 17 2.
2148 2674 89 21 Maiden
2256 2674 72 19 Plate
2345 2672 21 19 of
2384 2674 67 21 12bov,
2472 2671 74 19 second

2138 2701 61 20 horse
2220 2703 21 17 to
2260 2700 78 19 receive
2359 2701 49 17 2sov
2420 2700 36 18 out
2475 2698 21 19 of
2510 2697 36 19 the

2140 2728 76 19 stakes.
2256 2726 42 19 For
2315 2725 29 20 all
2359 2725 70 19 horses
2439 2724 45 20 that
2493 2725 53 19 have

2139 2759 64 14 never
2214 2759 45 14 won
2270 2759 26 13 an
2312 2751 117 21 advertised
2448 2756 47 14 race
2512 2756 22 13 ex-

2139 2780 88 25 ceeding
2246 2779 43 19 £lO
2305 2778 22 19 in
2345 2777 67 20 valuo.
2435 2777 110 22 Entrance,

2140 2807 35 18 12s
2184 2803 4 26 ;
2204 2806 98 22 distance,
2312 2810 38 14 one
2357 2803 54 20 mile.

2110 2832 21 21 J.
2142 2832 28 20 H.
2181 2832 27 20 G.
2218 2830 122 22 Anaboldi's
2350 2830 137 25 KelTingrove
2508 2830 11 18 1

2111 2859 19 19 S.
2142 2857 96 27 Moody's
2247 2857 84 20 Ahuriri
2507 2857 12 17 2

2114 2892 18 17 i'.
2150 2889 113 20 Handicap
2283 2888 60 19 Pony
2366 2887 103 20 Hurdles
2486 2886 22 19 of
2523 2887 22 18 15

2141 2921 53 18 eovs,
2205 2914 76 20 second
2294 2914 60 19 horse
2364 2916 21 17 to
2397 2914 78 19 receive
2488 2914 59 17 3sovs

2141 2944 37 17 out
2187 2942 22 19 of
2218 2944 35 16 the
2267 2940 76 20 stakes.
2368 2940 40 19 For
2419 2939 71 26 ponies
2503 2940 43 17 14-2

2141 2967 41 20 and
2192 2968 66 19 under
2267 2974 5 17 ;
2295 2973 48 13 over
2354 2968 10 17 5
2373 2966 71 25 flights
2462 2965 20 19 of
2498 2965 36 19 hur-

2141 2994 44 19 dles
2205 2994 32 19 3ft
2254 2993 53 26 high
2317 2991 4 28 ;
2337 2992 127 20 nomination
2475 2991 9 19 7
2487 2998 11 12 b
2507 2991 38 28 Cd;

2141 3022 127 23 acceptance,
2288 3020 21 18 7s
2329 3019 36 24 6d;
2388 3018 96 23 distance,
2508 3023 39 13 one

2139 3046 49 21 mile
2193 3046 41 20 and
2242 3052 12 13 a
2263 3047 91 24 quarter.

2112 3072 21 20 J.
2143 3072 112 21 Clement's
2267 3071 88 21 Libeller
2507 3071 12 19 1

2112 3099 153 21 Pukuteneto's
2274 3097 85 21 Hauriti
2507 3097 12 19 2

2113 3133 19 18 4.
2147 3131 102 20 Botobua
2258 3130 84 20 Jockey
2355 3128 57 21 Club
2429 3128 43 19 Cup
2487 3128 44 19 Han-

2140 3163 61 14 dicaf
2217 3157 22 20 of
2258 3158 82 21 40sovs,
2358 3154 73 20 second
2448 3154 59 19 horse
2525 3156 22 17 to

2140 3184 79 19 receive
2243 3184 60 17 ssovs
2320 3183 37 18 out
2376 3181 22 19 of
2417 3181 36 18 the
2465 3180 81 23 ttakes;

2141 3209 136 23 nomination,
2295 3207 48 26 20s,
2363 3210 124 23 acceptance,
2505 3207 40 18 20«-

2140 3236 107 19 Distance,
2258 3236 40 18 two
2309 3234 65 19 miles.

2113 3261 23 20 F.
2147 3261 80 21 Dodd's
2237 3261 68 25 Tansy
2508 3260 11 18 1

2112 3288 31 19 M.
2154 3289 20 18 S-
2186 3286 91 21 Laurie's
2286 3286 57 26 Lady
2358 3286 81 20 Marion
2455 3302 20 4 ...
2507 3286 12 19 2

2115 3322 18 17 C.
2147 3320 108 19 Tourist.i'
2266 3319 70 20 Plate
2347 3318 21 19 of
2380 3319 77 22 15sovs,
2476 3317 72 20 welter

2141 3343 102 29 weights;
2267 3344 118 26 gentlemen
2406 3343 78 24 riders;
2510 3349 36 13 enr

2140 3375 76 20 trance,
2228 3369 46 26 15s;
2285 3370 97 24 distance,
2392 3376 38 13 one
2439 3369 55 20 mile.

2112 3400 29 19 M.
2154 3400 19 18 S.
2185 3398 93 20 Laurie'*
2288 3396 58 26 Lady
2357 3396 82 20 Marion
2456 3410 21 6 ...
2508 3396 11 19 1

2112 3426 21 19 J.
2143 3423 112 22 Clement's
2265 3423 87 25 Viceroy
2506 3423 13 18 2

2114 3457 18 19 7.
2147 3455 113 19 Handicap
2277 3454 59 19 Pony
2349 3453 58 19 Race
2424 3453 22 19 of
2469 3454 76 22 12sovs,

2140 3481 74 20 second
2225 3481 61 19 horse
2297 3483 21 17 to
2329 3479 77 20 receive
2415 3480 59 17 2sovs
2482 3480 37 17 out
2526 3474 21 23 of

2140 3508 35 20 the
2196 3507 76 20 stakes.
2303 3506 41 19 For
2355 3504 72 26 ponies
2446 3506 45 17 14.2
2506 3504 41 20 and

2140 3534 78 24 under;
2241 3532 132 23 nomination,
2393 3531 22 19 7b
2423 3530 32 24 6d,
2477 3537 58 19 accep-

2141 3562 65 21 tance,
2218 3560 23 19 7s
2251 3559 27 19 6d
2288 3557 4 26 ;
2314 3558 97 23 distance,
2422 3559 11 16 6
2444 3557 101 25 furlongs.

2112 3587 21 20 J.
2144 3585 95 27 Moody's
2248 3585 60 25 Tiger
2510 3584 6 17 1

2112 3614 20 20 J.
2143 3611 110 22 Clement's
2263 3610 89 21 Libeller
2506 3610 13 19 2

2112 3645 19 19 9.
2145 3643 90 21 Bueton
2263 3641 116 20 Handicap
2408 3640 83 20 Stakes
2524 3640 23 21 of

2138 3671 80 21 20<jovs,
2225 3667 74 21 second
2307 3667 59 20 horse
2373 3668 21 18 to
2402 3666 77 21 receive
2487 3667 58 20 3sovg

2139 3697 37 19 out
2186 3695 22 20 of
2216 3694 38 20 the
2264 3694 76 20 stake*.
2368 3692 134 21 Nomination
2510 3694 37 19 10s

2139 3724 121 23 acceptance
2270 3721 43 19 10s.
2341 3720 100 20 Distance
2449 3725 40 14 one
2499 3720 47 19 mile

2138 3747 40 21 and
2188 3754 12 13 a
2209 3746 51 21 half.

2113 3775 30 19 M.
2154 3775 20 19 S.
2186 3772 93 22 Laurie's
2288 3772 58 25 Lady
2357 3770 82 21 Marion
2455 3788 21 4 ...
2507 3772 12 19 1

2111 3800 20 21 J.
2141 3800 72 26 BiDg's
2223 3800 30 19 La
2267 3799 78 25 Grippe
2506 3798 13 19 2

2138 3827 49 20 And
2195 3826 58 20 there
2270 3831 53 14 were
2342 3826 38 18 two
2399 3824 67 20 Maori
2486 3824 59 20 Hack

2112 3853 71 20 RnctH.

2138 3878 127 26 Everything
2272 3876 73 27 passed
2355 3876 30 20 ofE
2395 3876 45 20 well
2448 3876 48 20 with
2507 3883 39 14 one

2110 3905 116 26 exception.
2254 3905 25 18 In
2288 3903 36 20 the
2340 3902 108 26 Handicap
2463 3902 83 21 Hurdle

2110 3931 56 20 Bace
2174 3933 36 18 ten
2223 3930 70 20 horses
2308 3936 46 17 run,
2368 3929 37 20 five
2422 3928 38 21 fell
2473 3931 23 18 at
2511 3928 35 20 the

2111 3956 88 25 hurdles,
2211 3956 39 21 and
2260 3963 26 14 an
2303 3956 136 20 unfortunate
2454 3955 92 20 accident

2111 3983 97 21 occurred
2227 3982 36 21 the
2280 3982 61 20 horse
2359 3981 76 20 Kokho
2457 3981 39 20 had
2517 3981 28 20 its

2111 4009 51 21 back
2173 4009 84 20 broken.

2136 4035 125 20 Totalisator
2272 4035 72 26 passed
2354 4035 65 20 £568.

2136 4061 43 21 The
2188 4064 47 23 gate
2248 4061 88 26 receipts
2355 4067 51 13 were
2422 4059 44 21 £54
2484 4059 61 26 being

2111 4087 76 21 double
2196 4088 55 20 what
2261 4087 17 21 it
2289 4094 40 14 was
2339 4086 40 21 last
2389 4092 54 21 year.

2594 89 40 20 Tbo
2660 89 64 24 police
2752 92 159 24 arrangements,
2937 89 64 20 under

2568 118 99 23 Sergeant
2678 115 72 25 Kie'ey
2758 127 5 7 .
2770 115 10 21 f
2787 117 112 24 Tanranga,
2916 122 51 12 wero
2975 116 26 19 all

2567 143 48 19 that
2625 141 58 20 could
2696 141 23 19 be
2734 143 84 25 desired,
2838 143 40 19 and
2893 141 108 20 admirable

2568 169 58 19 order
2636 174 41 12 was
2686 167 54 24 kept.

2595 193 40 20 Tbo
2645 195 97 18 ttewardß
2751 196 102 18 attention
2864 195 17 19 is
2900 193 64 21 ca'Ld
2980 195 21 18 to

2568 220 35 20 the
2619 221 36 24 gat
2667 219 99 26 -keeper's
2782 221 113 25 disrespect
2915 220 86 20 towards

2568 247 34 19 the
2611 246 60 19 Press
2682 248 170 23 representatives
2863 247 27 24 by
2909 246 92 25 refusing

2567 279 67 13 access
2645 273 20 19 to
2674 273 34 19 the
2718 279 69 15 course
2799 273 84 20 without
2898 275 102 23 payment.

2624 319 312 33 CORRESPONDENCE.

2568 378 149 21 Corre.-pondeuoe
2730 385 21 10 ou
2766 382 77 19 cuhjeets
2859 381 17 15 of
2888 378 70 22 general
2968 378 18 15 in-

2589 402 52 13 terest
2650 400 14 16 is
2672 400 70 20 iuvittd,
2752 402 10 15 b
2768 405 15 12 *t
2791 402 14 15 it
2813 404 47 13 must
2867 402 22 15 be
2897 399 103 17 understood

2591 421 38 16 tljiit
2637 421 28 16 the
2674 423 54 15 editor
2735 423 18 15 in
2762 429 21 9 uo
2792 428 39 16 way
2839 423 86 16 identifies
2933 420 69 18 himself

2590 443 41 15 with
2650 447 27 12 mo
2692 443 77 22 opinions
2787 445 91 21 expies.-ed
2893 444 55 16 under
2966 443 36 16 this

2589 463 91 23 beading.]

2712 492 20 11 TO
2742 492 36 11 TUB
2789 492 70 11 EDITOR.

2594 510 42 24 Sir,
2639 511 47 19 —It
2707 513 66 19 would
2792 519 77 19 appear
2886 512 55 19 from
2967 510 34 20 the

2567 537 113 19 occasional
2691 539 91 18 remarks
2800 541 22 17 of
2839 544 63 18 many
2925 537 22 20 of
2965 543 36 12 our

2567 563 101 20 residents
2678 564 45 19 that
2732 564 57 20 there
2798 565 18 19 is
2832 570 11 13 a
2855 564 85 26 general
2952 563 40 19 feel-

2568 589 37 25 ing
2614 589 45 19 that
2670 597 37 12 our
2716 591 62 19 Brass
2787 590 60 20 Band
2857 590 49 19 fails
2916 593 22 16 to
2949 588 53 20 fulfil

2568 615 35 18 the
2614 615 79 25 objects
2707 616 65 20 which
2792 623 35 13 are
2843 616 105 24 naturally
2967 621 23 12 ex-

2568 641 72 25 pected
2650 642 21 19 of
2681 643 49 18 such
2739 649 26 13 an
2774 642 124 20 institution.
2926 641 49 20 This
2986 641 17 18 is

2569 667 85 19 without
2666 668 64 19 doubt
2739 671 52 21 true,
2805 669 41 19 and
2860 670 86 17 matters
2961 667 42 19 will

2568 693 108 26 gradually
2686 695 56 25 lapse
2752 696 53 19 from
2814 695 41 19 bad
2865 697 21 16 to
2896 699 70 18 worse,
2977 693 26 25 (if

2568 720 57 18 there
2635 720 17 19 is
2664 727 39 19 auy
2721 727 55 14 room
2796 721 33 19 for
2841 721 37 19 the
2897 725 102 19 compara>

2568 745 57 26 tive),
2649 747 67 19 unless
2737 753 55 14 home
2820 746 89 20 sensible
2933 751 70 14 means

2568 778 35 13 are
2612 771 62 20 taken
2684 776 20 16 to
2723 779 71 13 arouse
2808 773 36 19 the
2862 772 70 26 public
2950 772 53 18 from

2568 798 54 19 their
2631 800 83 24 apathy,
2725 800 41 18 and
2776 802 20 16 to
2805 802 37 22 put
2853 805 12 13 a
2879 798 53 19 little
2951 798 52 25 hope

2568 823 44 21 into
2620 824 35 20 the
2667 825 117 20 bandsmen.
2805 825 41 19 For
2857 824 87 20 without
2951 823 52 26 hope

2568 851 122 26 everything
2712 855 55 16 must
2789 851 43 19 fail.
2871 850 68 20 There
2957 849 17 19 is
2994 849 9 19 I

2568 877 61 19 think
2639 884 12 12 a
2660 881 59 22 great
2735 877 47 20 deal
2791 880 21 17 to
2830 877 25 19 be
2871 876 45 20 said
2932 877 22 18 in
2971 875 31 19 dc

2568 903 58 19 fence
2644 906 21 17 of
2681 905 35 19 the
2737 902 68 27 band;
2820 903 96 26 perhaps,
2934 902 17 19 if
2968 902 36 18 the

2569 935 54 13 mass
2647 930 22 19 of
2693 931 68 19 blame
2783 929 89 19 lovelled
2891 931 22 17 at
2930 928 17 19 it
2961 934 42 13 was

2570 955 89 20 directed
2669 958 21 18 at
2700 963 55 13 some
2772 956 59 19 other
2843 955 70 24 object
2928 960 23 14 or
2968 953 24 19 ob-

2570 981 52 26 jects
2629 988 12 13 a
2648 986 52 16 most
2707 981 106 22 boncficial
2821 981 65 19 result
2893 980 25 20 be
2925 979 79 20 arrived

2572 1010 27 18 at.
2627 1008 29 20 To
2666 1009 57 25 place
2740 1009 35 19 the
2793 1009 83 24 present
2890 1007 75 19 failure
2984 1006 20 19 of

2571 1034 35 20 the
2615 1034 57 20 band
2681 1036 40 19 and
2731 1035 35 19 the
2777 1033 136 25 extenuating
2921 1033 72 19 circum-

2571 1062 77 18 stances
2659 1061 70 20 before
2738 1067 48 19 you,
2800 1060 17 19 it
2827 1059 18 20 is
2861 1065 107 18 necessary
2985 1061 19 16 to

2570 1087 47 26 give
2624 1094 13 12 a
2651 1088 68 26 rough
2737 1088 86 18 account
2841 1085 21 20 of
2880 1085 28 20 its
2928 1085 76 19 actions

2570 1115 53 19 from
2633 1113 27 21 its
2669 1113 154 26 inauguration.
2852 1112 43 18 The
2908 1112 53 22 idea,
2983 1114 20 16 at

2570 1140 94 26 starting,
2674 1147 42 14 was
2725 1138 120 22 considered
2859 1141 21 16 to
2890 1138 26 19 be
2931 1143 26 13 an
2969 1144 23 13 ex-

2570 1166 73 20 cellent
2662 1173 38 13 one
2710 1167 29 25 by
2761 1164 122 26 everybody,
2904 1164 41 19 and
2963 1170 41 13 was

2570 1193 115 26 materially
2695 1192 87 20 assisted
2791 1191 29 25 by
2831 1197 13 12 a
2860 1192 80 17 few—a
2956 1196 47 19 very

2569 1219 40 20 few
2610 1219 48 20 —of
2680 1220 36 19 the
2733 1218 101 19 residents
2854 1216 27 25 by
2902 1222 101 19 generous

2570 1245 142 27 subscription.
2740 1244 43 19 But
2791 1244 35 19 the
2836 1242 70 26 public
2921 1242 82 19 interest

2569 1271 22 19 in
2600 1272 36 19 the
2645 1272 56 19 band
2712 1271 42 20 and
2765 1270 33 19 Mie
2807 1268 133 27 possibilities
2948 1268 21 19 of
2977 1268 25 19 its

2570 1297 108 27 becoming
2705 1305 26 13 an
2752 1297 112 25 important
2892 1295 64 19 factor
2980 1294 21 19 in

2570 1325 139 25 entertaining
2726 1332 39 13 our
2787 1322 84 20 visitors
2890 1327 48 13 soon
2956 1320 46 19 died

2569 1352 36 17 out
2613 1351 42 19 and
2676 1351 148 27 subscriptions
2841 1347 37 19 fell
2894 1350 20 16 to
2931 1347 71 19 almost

2568 1376 37 19 nil.
2644 1377 44 20 The
2716 1379 45 19 first
2794 1374 146 25 subscriptions
2960 1373 42 19 had

2569 1402 86 21 allowed
2673 1404 22 19 of
2712 1406 35 19 the
2770 1400 100 30 purchase
2888 1400 21 19 of
2926 1399 75 20 certain

2568 1428 134 23 instruments
2712 1431 68 20 which
2789 1433 54 17 were
2850 1426 49 25 duly
2908 1426 48 25 paid
2961 1426 39 23 for,

2570 1455 36 19 but
2617 1456 27 25 by
2657 1458 33 19 the
2698 1458 50 19 time
2758 1457 34 20 the
2800 1453 73 22 second
2880 1452 121 20 lot—which

2568 1487 54 14 were
2633 1484 118 20 considered,
2761 1479 117 25 absolutely
2895 1484 106 19 necessary

2568 1507 28 26 by
2608 1508 35 20 the
2654 1506 240 25 bandmaster—became
2904 1505 45 23 due,
2966 1505 35 18 the

2568 1534 137 28 subscription
2715 1537 45 19 lists
2779 1535 41 20 had
2830 1531 79 21 arrived
2927 1534 21 16 at
2966 1531 35 18 the

2567 1563 53 17 state
2629 1563 117 20 mentioned
2756 1562 71 23 above,
2843 1558 39 20 and
2892 1558 34 18 the
2947 1556 54 20 band

2567 1586 38 20 felt
2614 1587 57 22 itself
2682 1589 87 27 clogged
2778 1588 50 21 with
2838 1592 11 12 a
2857 1584 46 20 load
2913 1584 21 19 of
2944 1582 56 24 debt,

2568 1613 38 20 but
2617 1614 42 21 still
2667 1617 67 25 hoped
2744 1616 46 19 that
2799 1614 35 19 the
2848 1611 70 26 public
2934 1609 67 20 would

2568 1647 56 14 come
2647 1643 90 20 forward
2761 1642 21 19 in
2800 1645 54 15 some
2872 1642 85 14 manner
2979 1641 22 13 or

2567 1667 59 20 other
2635 1669 41 19 and
2685 1670 75 19 relieve
2772 1669 55 19 ihem
2839 1665 21 20 of
2874 1663 54 19 their
2947 1667 52 20 pres.

2568 1694 47 26 sing
2632 1695 113 20 liabilities.
2780 1694 42 20 But
2841 1698 26 13 no
2883 1695 58 14 move
2961 1694 40 13 was

2567 1721 60 19 made
2634 1722 42 19 and
2683 1722 35 19 the
2725 1720 130 21 bandmaster
2862 1717 21 19 in
2891 1723 12 11 a
2912 1717 89 17 moment

2567 1747 22 19 of
2603 1750 90 17 extreme
2711 1747 115 27 generosity
2843 1746 36 24 put
2896 1742 33 19 his
2945 1740 56 19 hand

2566 1773 44 20 into
2626 1774 33 19 his
2679 1774 75 26 pocket
2772 1774 41 19 and
2824 1770 49 27 paid
2881 1774 28 20 up
2923 1774 12 13 a
2944 1766 57 26 large

2568 1803 91 22 amount,
2677 1800 48 20 thus
2740 1800 73 25 taking
2820 1803 47 14 over
2873 1795 29 19 all
2909 1795 35 19 the
2952 1792 50 20 debt

2570 1826 39 19 due
2628 1826 28 26 by
2674 1827 35 19 the
2732 1827 60 19 band.
2820 1823 50 20 This
2895 1827 53 19 gave
2966 1819 35 19 the

2566 1853 101 19 members
2676 1860 12 12 a
2698 1853 53 19 little
2760 1852 55 20 fresh
2825 1851 59 18 heart
2892 1848 36 19 but
2934 1847 17 19 it
2960 1845 41 20 had

2567 1886 11 12 a
2591 1885 48 19 very
2649 1879 82 19 curious
2749 1879 59 19 effect
2825 1883 26 13 on
2869 1874 37 19 the
2925 1872 75 27 public,

2568 1905 44 19 who
2629 1905 80 19 seemed
2730 1907 21 17 to
2771 1911 36 18 say
2825 1906 21 17 to
2866 1900 50 20 each
2937 1900 63 23 other,

2568 1931 76 24 '.Well,
2655 1931 35 20 the
2707 1931 56 19 band
2778 1931 18 19 is
2806 1932 35 18 out
2852 1929 21 18 of
2883 1926 49 20 debt
2942 1927 58 23 now,'

2567 1958 40 18 and
2625 1957 95 20 troubled
2735 1957 56 19 itself
2808 1963 26 13 no
2852 1953 88 21 further.
2976 1952 26 19 In

2566 1984 49 23 fact,
2626 1984 11 19 I
2648 1984 67 25 might
2728 1983 73 19 almost
2815 1988 43 19 say,
2879 1980 35 19 the
2933 1978 69 26 public

2567 2013 53 17 went
2630 2013 35 17 out
2675 2011 22 18 of
2706 2010 54 19 their
2772 2016 45 18 way
2834 2011 19 17 to
2873 2006 66 19 throw
2958 2004 45 20 cold

2567 2039 63 17 water
2641 2043 25 13 on
2680 2042 42 19 any
2741 2035 53 20 little
2813 2034 60 20 affair
2893 2032 35 19 the
2947 2030 55 20 band

2566 2063 67 27 might
2643 2063 26 19 be
2679 2063 82 24 getting
2770 2060 138 26 up—witness
2925 2058 77 19 several

2566 2086 53 20 little
2649 2086 62 19 social
2731 2086 81 23 dances,
2846 2082 82 27 picnics,
2957 2082 41 23 &c,

2566 2113 104 25 projected
2693 2112 51 20 with
2772 2112 36 19 the
2835 2110 53 22 idea,
2916 2108 42 19 first
2979 2108 22 19 of

2568 2140 96 24 amusing
2673 2138 35 20 the
2718 2138 70 26 public
2806 2136 40 20 and
2857 2138 21 17 at
2894 2134 34 20 the
2946 2140 55 13 same

2568 2165 49 19 time
2627 2166 70 24 trying
2706 2167 21 16 to
2740 2166 35 24 get
2791 2170 13 13 a
2820 2162 54 20 little
2893 2161 58 26 profit
2968 2161 33 19 for

2568 2191 74 20 band's
2657 2190 82 24 benefit,
2757 2190 51 19 with
2826 2189 36 19 the
2879 2187 63 20 result
2956 2187 45 20 that

2568 2220 53 17 most
2630 2218 22 19 of
2662 2218 55 19 them
2726 2216 42 20 had
2778 2220 21 15 to
2808 2215 27 20 be
2848 2215 82 20 written
2939 2213 27 19 off
2979 2220 22 13 as

2568 2244 75 19 di&rnul
2652 2243 98 20 failures:
2765 2242 68 20 whilst
2841 2241 81 26 private
2930 2240 71 19 dances

2568 2271 40 23 &c,
2622 2270 69 20 would
2707 2269 26 19 be
2749 2268 47 21 well
2815 2267 42 21 and
2876 2269 114 23 representa-

2567 2297 63 25 tively
2654 2295 103 24 attended,
2787 2295 42 19 and
2858 2293 143 24 consequently

2567 2329 55 14 come
2632 2326 37 17 out
2678 2322 50 20 with
2744 2328 13 13 a
2773 2321 130 23 satisfactory
2919 2319 83 19 balance

2567 2350 33 19 for
2610 2350 36 19 the
2654 2348 77 21 benefit
2741 2348 22 19 of
2776 2348 81 25 private
2873 2345 128 20 individuals.

2567 2376 50 19 This
2627 2376 18 19 is
2655 2382 12 13 a
2683 2375 102 26 specimen
2796 2375 22 18 of
2831 2371 160 28 public-spirited-

2568 2409 47 13 ness
2623 2402 66 20 which
2697 2404 67 23 pretty
2773 2401 47 19 well
2825 2400 60 20 beats
2891 2399 35 19 the
2934 2398 70 19 record

2568 2428 84 25 Shortly
2665 2428 53 20 after
2734 2428 36 19 the
2791 2427 55 19 band
2866 2425 82 23 started,
2968 2424 35 20 the

2569 2455 100 19 members
2685 2453 110 20 institutod
2812 2460 12 12 a
2839 2451 58 21 band
2914 2451 51 19 fund
2983 2453 20 17 to

2569 2481 81 19 include
2660 2480 28 20 all
2698 2486 84 19 moneys
2793 2479 76 21 earned
2880 2477 28 26 by
2918 2477 55 19 them
2983 2480 21 16 at

2568 2507 82 26 picnics,
2662 2507 74 19 dances
2755 2513 23 13 or
2796 2503 103 28 anything
2918 2506 36 23 got
2974 2510 29 19 up

2569 2533 41 19 and
2619 2532 102 27 managed
2730 2532 28 26 by
2778 2532 129 23 themselves,
2927 2531 48 19 with
2992 2537 12 13 a

2569 2560 138 25 subscription
2716 2559 33 19 for
2758 2559 102 19 members
2869 2558 46 20 who
2928 2557 76 19 wished

2568 2588 21 16 to
2599 2587 122 24 participate
2732 2585 21 19 in
2763 2587 35 17 the
2808 2585 78 25 profits.
2903 2584 43 19 The
2959 2583 45 19 idea

2569 2618 41 13 was
2618 2615 21 17 to
2647 2613 46 25 give
2702 2611 50 20 each
2759 2611 91 19 member
2859 2616 12 14 a
2881 2609 123 20 substantial

2570 2639 85 19 interest
2686 2639 23 19 in
2740 2637 35 20 the
2803 2637 57 19 band
2888 2636 56 19 itself
2965 2636 39 19 and

2569 2665 68 20 would
2666 2665 22 19 in
2720 2670 13 13 a
2754 2670 94 13 measure
2877 2662 63 20 check
2970 2662 34 19 the

2568 2691 97 26 petulant
2684 2689 93 27 quarrels
2800 2689 41 20 and
2867 2688 137 21 withdrawals

2569 2717 107 20 otherwise
2691 2716 111 20 inevitable
2821 2716 22 19 in
2863 2721 27 13 an
2913 2717 91 17 amateur

2569 2743 62 20 band.
2680 2742 50 20 This
2759 2742 53 19 fund
2841 2742 42 19 had
2896 2740 108 20 amounted

2569 2771 21 18 to
2613 2770 43 19 £ls
2683 2769 50 20 with
2767 2775 13 12 a
2813 2767 140 25 membership
2984 2767 20 18 of

2569 2796 76 19 eleven.
2681 2795 44 20 But
2742 2794 42 20 this
2809 2801 46 12 sum
2881 2799 42 14 was
2937 2793 56 19 cheer-

2569 2823 53 25 fully
2635 2822 60 26 given
2705 2827 29 20 up
2744 2823 21 17 to
2773 2821 75 19 reduce
2864 2820 36 19 the
2916 2819 50 20 debt
2984 2819 19 25 (I

2569 2850 66 25 ought
2644 2851 21 18 to
2675 2855 36 17 say
2723 2848 36 19 the
2768 2846 88 26 public's
2866 2846 58 25 debt)
2935 2852 26 13 on
2970 2846 33 19 the

2569 2875 140 23 instruments,
2726 2874 89 19 without
2833 2879 23 13 as
2874 2873 61 19 much
2953 2878 21 13 as
2992 2877 11 13 a

2570 2907 99 19 murmur,
2680 2901 42 20 and
2731 2900 81 19 further
2824 2900 17 19 it
2852 2905 43 14 was
2910 2897 93 26 accepted

2570 2928 28 25 by
2608 2928 35 19 the
2655 2926 89 21 creditor
2754 2926 50 19 with
2815 2928 58 22 great
2883 2925 117 20 reluctance.

2570 2954 11 19 I
2591 2954 61 19 think
2662 2954 42 19 this
2713 2952 43 21 will
2761 2952 51 19 bear
2819 2952 127 25 comparison
2955 2949 46 21 with

2570 2980 35 19 the
2614 2980 67 20 action
2704 2980 21 19 of
2747 2979 35 19 the
2803 2978 71 26 public
2893 2984 24 13 as
2935 2977 65 19 shewn

2570 3006 71 24 above,
2653 3006 41 20 and
2704 3008 35 22 yet
2752 3005 49 25 they
2819 3004 53 25 heap
2891 3001 110 24 contumoly

2570 3039 26 12 on
2606 3032 35 19 the
2651 3032 87 20 devoted
2747 3031 65 19 heads
2822 3030 21 20 of
2853 3030 35 20 th*
2905 3028 95 21 members

2569 3059 22 19 of
2601 3059 35 19 the
2645 3058 62 24 band,
2735 3057 56 25 Why
2799 3057 5 19 !
2824 3057 18 19 if
2860 3056 35 20 the
2913 3055 87 19 Eotorua

2569 3084 70 26 public
2650 3085 35 19 did
2704 3084 54 20 their
2776 3084 51 24 duty
2843 3084 21 18 to
2883 3079 117 23 themselves

2570 3111 48 26 they
2627 3111 73 20 Mould:
2703 3110 87 19 —form
2799 3116 13 12 a
2822 3109 59 19 small
2891 3105 108 23 committee

2570 3138 41 19 and
2632 3137 57 26 hang
2708 3144 12 12 a
2739 3137 38 18 few
2801 3134 96 20 coloured
2914 3133 85 19 lanterns

2570 3163 62 19 about
2643 3170 37 13 our
2689 3165 67 24 pretty
2767 3161 131 20 Sanatorium
2916 3157 84 27 gardens

2570 3196 22 13 or
2602 3196 26 12 on
2638 3190 95 19 Pukeroa
2746 3195 26 12 on
2783 3187 77 20 certain
2876 3184 94 24 evenings
2979 3182 21 19 of

2572 3216 34 19 ihu
2617 3216 55 20 week
2683 3215 40 20 and
2744 3216 83 23 request-
2848 3220 22 12 or
2888 3210 61 21 invite
2966 3208 33 19 the

2570 3242 57 20 band
2636 3245 21 17 to
2666 3243 48 25 play
2726 3248 13 12 a
2748 3241 40 19 few
2804 3242 60 16 tunes
2881 3237 72 23 during
2966 3234 34 19 the

2570 3269 89 25 evening
2669 3269 40 19 and
2719 3267 43 20 also
2778 3265 43 20 find
2834 3265 54 19 thorn
2900 3269 21 12 m
2937 3260 63 26 lights

2570 3295 41 19 and
2625 3295 65 19 music
2699 3297 40 16 too.
2766 3292 51 19 This
2826 3292 17 18 is
2860 3290 46 24 only
2922 3294 11 13 a
2952 3293 36 19 sug-

2571 3321 81 25 gestion
2662 3320 85 25 capable
2758 3319 21 19 of
2789 3316 137 26 enlargement
2933 3315 21 17 to
2961 3319 39 19 any

2570 3349 76 17 extent.
2675 3347 29 19 As
2713 3347 16 18 it
2739 3346 17 18 is
2766 3347 22 16 at
2797 3344 81 25 present
2892 3340 33 19 the
2938 3345 47 13 mem-

2570 3373 47 19 bers
2627 3374 21 18 of
2657 3373 35 19 the
2701 3372 57 20 band
2774 3371 51 18 have
2841 3365 119 26 everything
2977 3367 21 18 to

2570 3399 26 19 do
2608 3399 50 19 such
2667 3405 22 13 as
2699 3403 87 19 arrange
2805 3395 57 20 when
2871 3395 20 17 to
2904 3398 25 19 go
2939 3393 62 18 out—

2570 3425 41 20 and
2620 3432 39 13 can
2667 3425 18 20 it
2692 3425 26 19 be
2726 3420 106 24 wondered
2843 3421 20 18 at
2873 3418 45 20 that
2925 3417 43 19 this
2982 3417 19 20 is

2569 3451 163 20 seldom—when
2739 3457 38 12 ono
2785 3447 56 20 looks
2845 3448 21 16 at
2873 3445 35 19 the
2918 3445 83 19 amount

2570 3478 22 19 of
2601 3478 82 19 trouble
2693 3478 17 19 it
2719 3476 91 20 involves
2819 3471 40 20 and
2867 3471 36 19 the
2919 3471 82 19 returns

2570 3506 36 24 got
2615 3504 33 19 for
2658 3504 22 20 it.
2708 3504 43 19 The
2761 3500 54 21 band
2824 3498 36 19 has
2878 3498 21 18 to
2918 3496 43 25 buy
2973 3497 28 19 its

2570 3537 45 13 own
2628 3530 71 26 lights,
2715 3528 76 23 stands,
2811 3523 68 24 music,
2900 3522 101 20 advertise

2569 3556 27 20 its
2605 3562 132 20 appearance,
2744 3559 56 18 carry
2808 3551 33 19 the
2848 3549 68 26 heavy
2925 3550 66 18 instru-

2569 3585 66 17 ments
2645 3583 41 19 and
2697 3588 53 19 gear,
2763 3580 40 22 &c,
2819 3578 22 18 to
2857 3582 37 18 say
2912 3575 90 26 nothing

2570 3609 21 19 of
2601 3610 35 19 the
2649 3608 88 26 practice
2744 3608 105 19 necessary
2864 3601 34 19 for
2916 3601 85 26 playing

2570 3637 35 18 out
2617 3636 40 19 and
2667 3636 49 22 thoy
2725 3634 33 24 get
2768 3629 69 21 what?
2852 3628 121 25 Something
2980 3629 21 18 to

2569 3667 40 20 pay
2619 3661 29 20 off
2656 3661 36 20 the
2701 3658 59 21 debt?
2770 3655 44 32 No!
2827 3655 39 19 but
2873 3655 128 24 expressions

2569 3687 22 19 of
2605 3688 102 24 contempt
2717 3691 40 14 ann
2776 3681 85 21 ridicule
2878 3681 54 20 from
2943 3681 58 20 those

2570 3714 45 19 who
2627 3713 51 20 wish
2686 3716 21 16 to
2721 3711 26 20 bo
2765 3707 85 21 amused
2867 3709 22 19 at
2907 3713 93 14 someone

2570 3740 59 19 else's
2638 3744 94 21 expense,
2742 3735 41 20 and
2796 3735 21 18 at
2830 3733 36 21 the
2875 3740 56 14 same
2952 3735 48 19 time

2570 3766 61 25 profit
2649 3766 27 25 by
2695 3764 35 19 the
2745 3760 87 21 lenefits
2850 3760 47 20 that
2918 3766 13 14 a
2947 3760 53 20 little

2570 3792 69 25 public
2648 3789 158 23 entertainment
2814 3787 70 20 would
2893 3787 26 19 do
2925 3787 32 19 for
2963 3792 37 14 our

2568 3819 88 19 visitors.
2683 3816 40 20 Wo
2733 3815 102 19 have—to
2842 3813 55 20 their
2904 3812 61 20 credit
2973 3812 27 19 be

2568 3844 17 20 it
2594 3845 84 19 said—a
2686 3848 49 19 very
2746 3841 40 19 fair
2801 3839 59 21 brass
2876 3839 56 21 band
2951 3838 49 19 here

2569 3871 40 19 and
2620 3871 16 19 it
2645 3869 89 20 behoves
2747 3867 37 19 the
2799 3866 76 26 public,
2892 3864 107 26 especially

2568 3897 59 19 those
2637 3895 46 21 who
2692 3893 60 27 profit
2761 3895 54 17 most
2824 3892 28 25 by
2862 3892 35 19 the
2911 3890 85 22 visitors,

2568 3924 21 18 to
2599 3924 60 18 make
2676 3926 56 14 more
2752 3919 22 20 of
2789 3919 23 20 it.
2840 3918 26 19 In
2885 3916 81 24 closing,
2986 3914 12 19 I

2568 3951 59 21 trust,
2639 3948 39 22 Sir,
2693 3946 46 20 that
2755 3952 13 13 a
2784 3946 41 19 fair
2845 3940 153 28 interpretation

2569 3975 41 19 will
2620 3975 26 19 be
2654 3973 61 26 given
2725 3973 21 19 to
2754 3972 58 19 those
2821 3968 91 22 remarks
2920 3973 22 13 as
2950 3966 48 25 they

2569 4007 34 13 are
2612 4000 76 24 merely
2698 3999 81 20 writtan
2788 3998 22 19 in
2825 3996 83 19 defence
2923 3992 22 20 of
2962 3991 36 20 the

2568 4027 92 19 Eotorua
2668 4026 63 19 Brass
2739 4024 66 22 Band,
2821 4020 65 21 called
2902 4018 56 20 forth
2975 4024 23 12 as

2568 4053 71 20 beforo
2655 4050 117 22 mentioned
2787 4049 28 24 by
2832 4051 81 15 various
2928 4045 70 24 public

2568 4078 130 24 expressions
2710 4077 22 21 of
2740 4071 130 25 ridicule.—l
2879 4077 39 17 am,
2930 4071 39 22 &c,

2746 4101 34 20 W.
2791 4100 25 19 A.
2825 4098 117 21 WItUAMS.

3022 91 458 45 CABLEGRAMS

3048 174 92 31 HOME
3170 174 65 31 AND
3275 173 151 32 FOREIGN.

3026 221 3 28 !
3035 223 199 24 Chamberlain's
3252 221 181 23 Amendment.

3028 252 2 26 1
3043 255 92 23 London,
3153 254 106 24 February
3283 252 92 21 19.—Mr
3393 252 43 19 Har-

3022 283 51 18 dourt
3097 280 102 26 speaking
3221 282 20 17 to
3273 280 34 19 the
3334 278 55 20 Hon.
3417 278 33 20 Mr

3022 306 157 21 Chamberlain's
3194 306 136 23 amendment,
3351 306 44 18 said
3414 305 35 18 the

3023 334 134 19 Government
3167 332 40 19 had
3219 339 11 12 a
3246 331 120 19 reasonable
3376 331 74 19 chance

3023 360 19 19 uf
3046 359 84 25 passing
3140 359 53 18 their
3210 363 109 17 measures,
3336 357 41 19 and
3396 357 52 19 until

3022 384 119 22 condemned
3151 384 48 26 they
3210 390 52 13 were
3273 383 69 19 bound
3352 383 22 19 in
3386 383 64 19 honor

3023 415 19 16 to
3059 416 104 20 persevere
3189 410 49 20 with
3259 409 35 19 the
3319 409 72 25 policy.
3428 408 21 19 It

3024 437 59 20 would
3103 437 24 19 be
3147 437 77 19 absurd
3241 436 33 18 for
3294 435 34 19 the
3427 437 22 16 to

3023 463 52 20 allow
3087 462 55 20 itself
3153 465 19 17 to
3183 462 26 20 be
3219 461 115 21 influenced
3343 461 27 24 by
3381 467 12 12 a
3407 466 32 19 pos-

3024 489 45 21 sible
3078 489 87 19 attitude
3175 489 21 19 of
3207 488 34 19 the
3255 487 70 19 Lords.
3360 487 43 18 The
3422 486 27 19 di'

3023 515 58 26 vipon
3090 521 55 19 upon
3160 515 35 19 the
3216 513 130 21 amendment
3362 512 90 20 resulted

3023 536 51 31 in\its
3085 541 97 25 rejection
3195 541 28 24 by
3238 540 36 18 297
3287 544 21 14 to
3327 541 45 16 283.
3408 539 44 18 The

3024 567 76 20 address
3111 567 21 19 in
3144 567 57 25 reply
3222 572 41 14 was
3281 565 94 25 adopted.
3409 564 43 19 The

3024 593 115 19 Painellitos
3149 593 61 19 voted
3223 592 32 19 for
3272 591 35 19 the
3323 591 129 19 amendment

3025 619 113 20 Uarcourt's
3149 619 76 19 motion
3235 624 42 13 was
3294 616 78 21 earned
3392 616 28 26 by
3440 623 12 12 a

3024 651 12 12 a
3045 645 92 25 majority
3147 646 21 18 of
3186 645 49 25 only
3254 646 19 17 8.
3308 643 43 19 The
3370 642 83 20 Labour

3024 671 85 28 mejuber
3118 671 101 26 opposing
3228 671 22 18 it.

3146 702 83 23 Home
3247 700 74 24 Rule-

3049 736 86 24 London,
3153 737 107 24 Fobruary
3284 732 102 22 19.—The
3404 733 49 20 Hon

3025 762 102 30 MrjDilke
3143 763 44 19 said
3207 763 45 19 that
3275 762 16 19 if
3310 761 34 20 the
3363 760 91 19 Premier

3024 790 62 18 meant
3106 791 21 17 to
3151 788 54 20 fulfil
3227 788 35 20 the
3285 788 64 25 hopes
3374 786 22 19 of
3419 786 34 19 the

3026 815 74 20 Liberal
3122 815 64 25 Party
3206 816 26 18 he
3250 817 55 17 must
3322 812 62 26 speak
3405 812 49 19 with

3026 842 49 29 moije
3084 841 77 19 certain
3172 841 65 19 sound
3253 839 112 26 regarding
3387 838 67 20 Home

3026 860 47 27 Knll
3082 866 22 19 in
3114 867 35 19 the
3161 867 73 19 House
3245 866 21 19 of
3278 866 70 19 Lords.

3111 897 54 23 The
3178 895 184 32 unemployed,

3051 924 86 27 London,
3158 927 106 25 February
3281 925 102 21 19.—The
3398 931 56 14 num<

3027 953 34 19 ber
3069 954 19 18 of
3095 953 136 26 unemployed
3239 954 21 18 in
3274 953 63 19 Great
3347 951 81 20 Britain
3438 951 17 19 is

3027 980 101 18 estimated
3138 983 21 15 at
3174 986 13 12 a
3202 982 84 22 quarter
3300 979 22 19 of
3339 985 13 12 a
3369 978 92 22 million*.

3027 1005 103 20 Prevalent
3153 1006 85 19 distress
3266 1005 38 20 has
3336 1006 36 17 not
3402 1003 62 20 been'

3027 1032 89 25 equalled
3125 1032 32 19 for
3173 1038 63 19 manj'
3253 1037 65 19 years.
3354 1030 102 25 Thawing

3027 1057 35 20 has
3073 1058 73 26 begun,
3158 1058 40 19 and
3207 1058 34 19 the
3251 1058 53 19 frost
3318 1057 17 19 is
3354 1056 103 26 breaking

3110 1114 106 24 Mutton
3234 1113 133 30 damaged.

3051 1149 89 24 London,
3167 1149 107 24 February
3301 1150 31 18 19.
3334 1147 46 20 —A
3398 1147 59 25 large

3025 1176 77 24 portion
3120 1176 22 19 of
3156 1175 35 19 the
3207 1178 80 16 mutton
3306 1174 26 26 by
3351 1174 36 19 the
3404 1174 40 19 Kai-

3026 1202 62 19 koura
3108 1208 73 18 proves
3200 1204 20 17 to
3238 1201 26 20 be
3283 1201 22 18 in
3323 1207 12 12 a
3355 1199 102 26 damaged

3024 1228 106 19 condition.

3085 1258 114 23 Distress
3212 1257 29 23 in
3251 1257 138 29 Germany.

3050 1291 85 22 Berlin,
3146 1290 108 25 February
3272 1291 31 18 19.
3305 1290 46 18 —A
3371 1289 74 25 deputa-

3024 1317 43 19 tion
3077 1318 51 18 from
3138 1316 35 20 the
3182 1316 103 25 Agrarian
3295 1315 83 25 League
3387 1321 58 18 repre-

3024 1343 80 25 senting
3108 1345 40 17 two
3155 1342 94 19 hundred
3253 1341 102 20 thousand
3362 1341 93 22 farmers,

3024 1369 41 19 had
3081 1375 25 13 an
3124 1368 105 20 interview
3249 1368 50 20 with
3317 1368 35 18 the
3373 1367 82 19 Kaiser.

3024 1395 34 19 He
3074 1401 51 19 gave
3140 1395 56 19 them
3212 1401 13 13 a
3240 1393 76 20 cordial
3330 1393 60 26 reply
3414 1393 42 20 and

3024 1421 108 25 expressed
3140 1421 51 25 deep
3201 1427 85 13 concern
3299 1423 21 16 at
3330 1420 34 19 the
3372 1421 52 18 state
3434 1420 21 19 of

3024 1447 83 19 distress
3114 1447 105 24 unfolded,
3231 1447 41 19 and
3280 1447 45 19 said
3341 1446 36 19 the
3387 1446 52 19 Coun-

3023 1473 27 19 cil
3069 1474 21 19 of
3109 1473 58 20 State
3183 1480 42 13 was
3240 1473 100 25 planning
3356 1472 99 19 remedies

3024 1499 65 20 which
3099 1500 24 19 he
3136 1499 77 26 prayed
3223 1499 45 20 God
3278 1499 67 25 might
3354 1498 28 20 be
3395 1498 59 19 bene,

3024 1526 52 19 ficial
3086 1529 21 16 to
3116 1526 35 19 the
3165 1527 79 25 people.

3026 1576 203 32 AUSTRALIAN
3247 1576 207 32 TELEGRAMS.

3220 1644 129 31 industry.

3050 1675 136 24 Melbourne,
3194 1675 107 26 February
3309 1676 132 27 ly.—Accord-

3024 1702 36 25 ing
3069 1705 19 16 to
3099 1702 34 19 the
3147 1703 71 24 Argus
3235 1701 34 20 for
3287 1708 47 14 over
3353 1705 25 17 40
3396 1701 3 26 i
3422 1710 33 13 ars

3024 1729 55 19 there
3088 1729 38 19 has
3136 1731 36 17 not
3189 1729 51 19 been
3257 1735 27 13 an
3301 1729 61 25 equal
3381 1735 25 21 o^
3407 1744 18 13 a(

3024 1755 40 19 last
3071 1755 47 19 four
3126 1761 60 19 years
3194 1755 33 19 for
3236 1755 77 26 falling
3331 1756 70 25 prices,
3408 1756 47 20 —id

3024 1781 85 19 disaster
3133 1781 23 19 in
3177 1781 36 20 the
3236 1781 52 21 wool
3308 1782 100 25 industry,
3433 1783 22 19 in

3024 1807 71 20 almost
3105 1814 61 18 every
3176 1807 78 21 branch
3267 1808 53 20 from
3332 1809 35 19 the
3377 1815 78 19 grower

3024 1836 21 17 to
3055 1834 31 19 tho
3097 1834 158 20 manufacturer.

3112 1882 238 33 TELEGRAPHIC.

3140 1931 88 24 Police
3253 1932 84 23 Court.

3051 1961 118 25 Auckland,
3193 1962 167 26 Wednesday.—
3368 1963 29 20 At
3421 1963 36 20 the

3024 1988 67 19 Police
3114 1988 62 19 Court
3194 1989 109 25 yesterday
3328 1990 35 19 the
3381 1990 76 25 charge

3025 2014 80 26 against
3114 2014 56 20 John
3181 2014 74 20 Swann
3266 2016 21 18 of
3296 2016 125 26 attempting
3435 2019 22 16 to

3025 2041 81 20 murder
3116 2041 66 26 Hugh
3191 2041 113 26 Campbell,
3316 2042 95 24 solicitor,
3429 2042 27 25 by

3022 2066 64 24 (fcuog

3024 2091 62 19 eheard
3104 2090 158 25 affl*adjourned
3287 2091 53 19 until
3362 2091 76 25 to-day.

3024 2117 87 19 Accused
3118 2122 76 21 spears
3205 2119 20 17 to
3237 2116 53 20 have
3306 2117 90 26 thought
3413 2118 26 18 he

3023 2143 41 19 had
3074 2150 12 12 a
3096 2137 90 36 grejtance
3199 2143 83 26 against
3294 2143 106 26 Campbell
3417 2144 22 18 in

3024 2173 75 22 respect
3108 2169 150 23 oqinvestments
3267 2170 23 18 of
3307 2170 55 18 £BOO
3380 2170 60 19 made

3024 2196 85 25 through
3118 2195 71 20 Kossell
3198 2196 41 19 and
3252 2196 105 25 Campbell
3367 2197 27 25 by
3404 2196 35 19 tho

3024 2225 84 17 trustees
3115 2227 18 14 or
3139 2222 30 20 the
3188 2222 40 19 late
3251 2222 87 26 Captain
3356 2223 82 23 Swann,

3024 2248 66 20 which
3106 2248 34 20 had
3150 2248 73 20 turned
3242 2251 36 16 out
3295 2249 66 25 badly.
3396 2249 44 19 The

3024 2277 82 17 amount
3120 2274 19 19 of
3148 2277 50 17 costs
3207 2275 89 25 charged
3314 2275 22 19 in
3354 2282 13 13 a
3384 2281 56 14 more

3024 2305 68 16 recent
3100 2302 108 19 transaction
3217 2302 42 19 had
3268 2301 43 20 also
3316 2302 75 19 caused
3396 2302 44 20 him

3026 2333 116 19 annoyance.

3345 2354 69 19 Later.

3051 2380 42 19 The
3102 2380 59 24 charge
3175 2380 82 26 against
3276 2380 74 19 Swann
3368 2381 23 19 of
3409 2382 31 18 at*

3026 2406 97 26 tempting
3135 2405 20 25 (to
3172 2406 83 20 murder
3273 2406 106 26 Campbell
3400 2413 41 13 was

3027 2432 105 20 dismissed.
3137 2430 3 26 [

3067 2461 141 31 Complaints
3224 2463 104 29 against
3341 2463 60 30 gaol

3174 2490 100 23 official.

3053 2522 131 23 Wellington,
3195 2521 123 26 Tuosday.—
3324 2521 20 20 A
3352 2521 88 26 recently

3027 2548 86 20 released
3140 2549 89 22 litisoner,
3255 2548 75 20 named
3354 2548 86 19 Thomas

3027 2573 115 23 Eastwood,'
3153 2573 29 20 has
3197 2574 105 25 preferred
3320 2576 20 18 to
3354 2574 35 19 the
3407 2574 22 19 In-

3027 2602 75 25 spector
3110 2599 20 19 of
3139 2597 74 23 Prisons
3224 2606 56 14 some
3293 2601 77 19 serious
3389 2606 39 14 com-

3027 2627 71 26 plaints
3107 2625 71 25 against
3187 2633 37 13 one
3234 2627 21 19 of
3264 2627 35 18 the
3306 2627 47 24 gaol
3360 2626 80 20 officials

3027 2656 20 16 at
3057 2652 59 20 Point
3135 2650 95 26 Halswell,
3251 2653 67 19 where
3334 2653 106 19 Eastwood

3027 2685 39 14 was
3074 2677 84 25 recently
3163 2679 91 26 engaged
3262 2679 94 24 working
3365 2681 36 17 out
3410 2679 30 19 his

3027 2707 94 18 sentonce.
3208 2706 86 24 charges
3307 2705 83 19 involve
3408 2705 32 19 the

3026 2730 61 21 whole
3095 2729 84 26 question
3191 2731 21 19 of
3222 2731 70 26 prison
3301 2731 107 26 discipline
3421 2733 19 17 at

3026 2757 57 20 Point
3101 2755 91 22 Halswell
3208 2757 48 25 gaol
3284 2758 40 19 and
3353 2757 40 19 will
3417 2764 23 12 no

3026 2783 59 20 doubt
3095 2782 24 20 be
3129 2782 116 27 thoroughly
3254 2783 95 27 inquired
3358 2784 49 19 into.

3139 2813 68 26 false
3223 2816 88 23 alarm.

3019 2846 1 26 i
3048 2846 141 26 Wellington,
3200 2848 171 24 Tuesday.—The
3379 2848 62 19 shoot'

3019 2867 1 33 '
3024 2873 34 24 ing
3067 2872 60 19 affair
3137 2871 21 20 of
3165 2872 34 22 last
3208 2874 60 26 night
3278 2874 36 19 has
3322 2874 52 19 been
3386 2874 46 19 satis-

3024 2898 92 25 factorily
3125 2897 71 22 cleared
3210 2906 34 19 up,
3260 2900 41 19 and
3317 2900 125 19 ascertained

3024 2924 43 19 that
3076 2924 35 19 the
3132 2924 34 21 lad
3179 2926 80 20 Shutler
3276 2926 115 26 purchased
3409 2926 33 19 the

3022 2949 91 21 revolver
3137 2952 105 25 yesterday,
3262 2953 42 19 and
3313 2959 24 13 as
3354 2952 27 19 he
3403 2952 39 19 had

3022 2978 58 24 spent
3102 2976 33 19 his
3157 2983 67 21 wages,
3242 2979 27 19 he
3285 2978 106 20 concocted
3408 2979 33 18 the

3022 3005 54 22 story
3085 3002 62 20 about
3157 3003 29 20 the
3196 3004 93 26 burglars
3307 3007 21 17 to
3345 3004 48 20 hide
3409 3004 33 19 the

3022 3030 31 18 act
3062 3029 53 19 from
3123 3029 35 18 his
3165 3030 78 20 mother.

1512 29 59 22 THE
1598 29 57 23 HOT
1683 28 90 24 LAKES
1801 29 171 24 CHRONICLE,
2001 29 188 24 WEDNESDAY,
2225 29 157 21 FEBRUARY
2410 31 24 19 20
2462 33 46 19 1833

287 133 169 50 K&XL
484 133 175 47 BROS.
700 133 126 45 AND
868 133 303 40 WILLLBJL&

605 208 112 31 Having
728 206 100 33 opened
837 212 16 18 a

459 256 212 47 STEAM
699 250 301 50 SAWMILL

685 326 29 23 in
731 324 45 25 the

499 374 179 36 MARAEBOA
714 371 129 34 OTUROA
884 369 86 34 BUSH

435 432 54 31 Beg
496 433 28 23 to
531 430 88 25 solicit
627 438 15 16 a
650 429 77 24 chare
736 429 28 24 of
771 428 88 30 public
868 426 150 30 patronage.

325 529 54 25 The
390 529 78 24 Jtimu
477 527 95 26 timber
581 526 29 24 in
618 526 56 24 this
684 524 73 24 Bush
763 523 23 24 is
796 521 206 33 acknowledged
1011 524 28 22 to
1048 521 32 24 be
1089 520 46 25 the

561 576 79 24 finest
650 576 28 23 in
692 574 66 23 New
772 573 120 23 Zealand.

310 679 55 24 The
383 675 157 34 proprietors
556 680 44 19 are
616 671 127 33 prepared
764 671 26 23 to
808 670 144 30 guarantee
970 667 46 24 the
1040 663 103 33 quality

426 725 51 25 and
484 723 79 25 finish
569 723 29 24 of
600 721 47 26 the
656 720 95 26 timber
762 717 119 33 supplied
890 717 37 30 by
935 716 79 24 them.

449 819 120 28 GOTHIC
597 816 139 27 PICKETS
762 816 25 23 A
814 813 189 26 SPECIALTY.

358 933 125 29 Delivery
492 936 28 18 as
531 926 116 27 directed
656 925 28 25 in
698 928 81 26 town,
790 924 111 29 country
911 929 28 17 or
948 924 27 21 at
985 921 106 24 station.

509 1023 135 27 LOWEST
658 1018 153 28 CURRENT
825 1016 115 25 RATES.

308 1128 116 23 Address

606 1117 39 25 W.
661 1117 31 25 A.
708 1114 183 30 WILLIAMS,

333 1219 25 23 A
385 1218 68 23 Karo
479 1214 180 32 Opportunity.

411 1270 35 23 To
458 1268 127 23 Farmers.

244 1372 18 32 J
328 1373 128 43 FOR
491 1369 171 46 SALE.

281 1444 81 25 NICE
399 1444 116 24 LITTLE
546 1442 98 25 FARM
671 1440 40 24 OF

366 1498 95 46 123
483 1496 168 47 Acres.

20 2131 101 21 rortnicbt
139 2131 53 23 ould,
202 2138 15 13 a'

21 2157 35 21 the
64 2157 46 21 date
120 2157 66 21 aff't!'

308 1633 127 20 Particulars
443 1639 48 19 may
499 1632 26 20 be
535 1630 95 22 obtained
640 1632 21 18 at
670 1629 41 20 this
717 1627 3 31 I

395 1708 88 26 JOHN
500 1708 100 30 HALL,

298 1761 142 38 pAINTEK,
456 1759 223 26 PAPEEHANGEE,
697 1761 16 18 &

402 1812 191 26 SIGNWEITEE,

446 1867 107 20 Botorua.

358 1918 88 24 MAIL
459 1917 145 25 NOTICES.

282 1970 82 45 THE
374 1970 121 20 Letter-box
504 1969 42 21 -will
555 1969 26 20 be
591 1969 80 19 cleared
679 1969 33 19 for

343 1996 89 22 Despatch
440 1997 18 16 of
468 1995 144 22 correepondence
624 1995 45 16 from
681 1995 20 16 th-

279 2018 34 15 olix
319 2023 8 11 e
335 2019 18 15 to
359 2018 31 17 the
397 2017 163 17 under-mentioned
571 2016 64 22 places,
646 2022 18 11 sb
677 2017 7 15 f
686 2017 24 15 olh

280 2043 46 12 owe:

273 2060 20 14 H'
294 2069 8 6 a
418 2060 52 17 north
479 2060 34 16 and
519 2058 99 23 Auckland,
632 2058 78 23 Monday

350 2082 38 18 •dav
433 2082 70 20 TViday,
511 2082 9 17 7
527 2086 40 14 a.m,

267 2111 11 13 e
301 2119 7 3 _
317 2115 14 7 M
508 2103 65 18 irshou.
585 2102 78 20 Monday
676 2102 35 17 asd

277 2126 71 22 Friday,
358 2128 39 16 7.30
403 2132 41 11 a.m.

300 2148 36 16 For
343 2148 95 21 Atiamuri,
449 2147 96 21 Wairakea,
559 2147 61 21 Taupo
637 2145 73 23 Napier,

279 2169 88 22 Tuesday,
376 2170 39 17 7.30
420 2175 42 15 p.m.

301 2190 35 17 For
343 2190 95 21 Atiamuri,
446 2190 88 17 Wairaiei
546 2190 35 16 and
594 2189 66 22 Taupe,
670 2188 30 17 Fri-

279 2211 41 22 day,
331 2213 39 17 7.30
378 2217 43 17 p.m.

299 2233 35 16 For
343 2234 79 21 Galatea,
430 2232 86 22 Tuesday,
524 2233 38 17 7.80
567 2237 43 17 p.m.

298 2255 140 17 N.B.—Letters
458 2255 102 19 containing
583 2253 87 21 anything
693 2253 19 16 of

277 2276 52 17 value
334 2276 62 17 should
402 2277 21 16 be
428 2276 68 17 handed,
510 2277 18 16 to
539 2276 31 17 the
580 2275 106 17 Postmaster
693 2276 18 15 to

289 2302 10 11 e
306 2298 102 21 registered.

301 2318 71 17 Letters
378 2319 104 21 containing
488 2318 45 23 coin,
543 2318 16 17 if
569 2317 62 22 posted
639 2317 73 21 usregis

276 2340 53 16 tered.
348 2345 12 11 m
366 2341 19 15 ill
400 2341 23 16 be
439 2340 121 21 compulsorily
570 2339 95 22 registered
676 2338 35 17 and

279 2361 76 21 charged
360 2361 63 17 double
429 2361 110 21 registration
546 2362 34 15 fee.

436 2383 26 21 K.
471 2383 26 20 D.
510 2382 120 24 DANSEY,

550 2409 134 20 Postmaster.

559 2455 152 24 Christmas-

48 2245 28 11 Ql.
117 2241 4 15 <
128 2245 31 11 ril.
171 2246 10 10 L
343 2241 79 14 u-aiates,
434 2241 81 12 juchuij,
526 2241 84 13 j.ouy.iu.

48 2251 53 15 One:
128 2250 33 16 Un
171 2250 42 16 bon
298 2255 140 17 N.B.—Letters
458 2255 102 19 containing
583 2253 87 21 anything
693 2253 19 16 of

21 2271 19 21 it
47 2272 105 25 darling?'
165 2273 49 20 She.
277 2276 52 17 value
334 2276 62 17 should
402 2277 21 16 be
428 2276 68 17 handed
510 2277 18 16 to
539 2276 31 17 the
580 2275 106 17 Postmaster
693 2276 18 15 to

22 2305 50 19 poor
83 2305 60 19 pussv
153 2299 11 20 I
174 2299 37 20 left
289 2302 10 11 e
306 2298 102 21 registered.

22 2325 38 15 *nA
84 2325 59 15 vpp'rA
165 2326 29 14 nif
210 2326 9 14 f
301 2318 71 17 Letters
378 2319 104 21 containing
488 2318 38 17 coin
543 2318 16 17 if
569 2317 62 22 posted
639 2323 73 15 usregis

22 2334 39 11 »nu
85 2334 28 11 we
122 2334 21 11 re
165 2334 28 11 ok
211 2334 8 11 i
276 2340 47 16 tered
348 2340 37 16 wm
439 2345 36 12 com
476 2345 11 16 p
488 2345 11 11 U
499 2340 16 16 ig
515 2345 19 11 or
534 2340 26 20 iiy
570 2339 95 22 registered
676 2338 35 17 and

23 2356 71 15 Starve,
141 2356 44 15 tie:
221 2356 4 27 \
279 2361 76 22 charged
360 2361 63 17 double
429 2361 110 22 registration
546 2362 34 15 fee.

22 2377 41 20 her.
91 2378 11 19 1
112 2377 38 20 left
159 2385 12 12 a
188 2385 35 14 can
436 2383 26 21 K.
471 2383 26 20 d.
510 2382 120 24 DANSEY,

23 2411 26 13 on
63 2403 34 20 the
115 2404 80 21 kitchen
214 2406 20 18 ta
550 2409 134 20 Postmaster,

23 2437 73 19 opener
106 2430 66 21 beside
183 2430 29 21 it.'

47 2475 25 9 ~
93 2476 12 8 T
139 2476 18 3 ..
207 2476 11 8 ~
279 2454 154 25 Christmas.
559 2455 152 24 Christmas-

48 2477 36 18 Mr
94 2477 99 25 Lapidara
204 2477 26 24 (rr

22 2501 88 26 shewing
132 2502 39 20 him
195 2509 11 13 a
225 2501 2 27 I
350 2507 56 21 FOE
416 2507 58 21 THE
483 2507 146 20 HOLIDAYS
639 2507 5 20 !

22 2530 85 18 Tenture
129 2529 71 26 you've
220 2535 5 14 J

23 2554 89 26 showing
121 2562 22 13 bo
150 2555 42 20 rich
204 2563 12 11 a
457 2559 123 21 SUMMER
595 2559 116 21 DEJNKS.

23 2580 90 21 Placket
137 2582 85 24 (examin
279 2585 34 18 \J
409 2587 47 19 Hop
470 2587 59 19 Beer

23 2606 74 26 cally):
113 2608 78 19 'Tain't
214 2615 6 12 i
411 2612 83 20 Qinoek
503 2613 45 19 Ale

23 2633 45 20 Hez
78 2634 80 20 Stone's
168 2641 35 13 son
214 2633 4 25 <
412 2638 117 20 Lemonade

24 2666 33 20 my
66 2660 106 28 Malindy.'
413 2666 33 18 &c.
499 2665 34 19 &c.

284 2691 29 20 At
323 2690 120 21 reasonable
458 2693 55 18 rates
531 2690 41 20 and
581 2690 103 20 delivered
693 2693 20 17 at

52 2714 5 10 '
63 2712 48 21 You
125 2720 33 13 are
176 2714 28 19 loc
280 2718 36 20 the
326 2717 55 20 door.

24 2739 5 10 '
37 2738 48 21 Yes.
114 2740 53 20 Been
187 2747 19 19 uj

25 2765 54 21 week
98 2765 48 20 with
162 2766 34 21 the

25 2791 41 22 him
84 2794 22 18 at
120 2792 34 21 the
172 2793 35 19 hot
281 2786 94 27 TJEST
396 2785 112 20 TI-TBEE
521 2784 153 21 FIEETTOOD
692 2787 22 17 6s

25 2825 59 18 jjsany
103 2825 11 14 a
129 2818 52 26 time,
192 2820 12 19 I
236 2810 86 34 aspeeP
352 2818 37 20 P<*
398 2814 41 22 ton,
456 2811 57 20 short
522 2813 34 18 cut
570 2811 23 20 7s
602 2811 33 20 6d.

21 2849 14 16 3
43 2844 50 21 ain't
108 2853 21 12 so
139 2846 66 19 brutal
214 2858 11 7 «
227 2856 9 9 0
250 2846 50 19 that.
519 2847 19 21 J.
555 2846 132 21 SEVEEIN.

26 2877 46 20 rery
82 2872 96 20 thankful
188 2872 23 20 he
221 2872 69 25 wasn'_

350 2507 56 21 FOE
416 2507 58 21 THE
483 2507 146 20 HOLIDAYS
639 2507 5 20 !
718 2502 2 26 !

457 2559 123 21 SUMMEE
595 2559 116 21 DEJNKS.

282 2594 29 9 v
409 2587 47 19 Hop
470 2587 59 19 Beeb

412 2612 81 20 Ginger
503 2613 45 19 Ale

412 2638 117 20 Lemonade

413 2665 33 19 &c.
499 2666 34 18 &c.

284 2691 29 20 At
323 2690 120 21 reasonable
458 2693 55 18 rates
531 2690 41 20 and
581 2690 103 20 delivered
693 2693 20 17 at

280 2718 36 20 the
326 2717 55 20 door.

50 2917 55 27 Frog
122 2918 63 19 farms
203 2924 34 14 are

24 2943 92 21 America
138 2945 20 19 to
185 2951 36 19 sup

21 2968 88 22 tnarket.

51 2996 59 19 Hone
132 2996 65 24 Heke,
206 3011 6 5 ,

23 3021 84 29 publish
116 3029 13 13 a
137 3022 53 20 book
199 3021 2 29 ■

51 3048 27 20 Of
87 3050 35 17 481
132 3048 82 26 typhoi~

23 3080 55 21 year,
90 3081 37 14 one
136 3074 21 20 in
167 3081 28 13 ev<

51 3100 34 21 An
93 3102 87 24 octopus,
190 3100 2 26 I

26 3131 35 18 tae
70 3127 58 20 other
137 3127 39 25 day
185 3126 6 20 i

54 3154 54 19 First
117 3153 76 20 instain;

27 3179 90 21 Zealand
122 3179 38 20 call
167 3179 26 20 ha

26 3205 56 22 land.

54 3240 77 25 Bishop
139 3239 19 19 J.
168 3239 25 21 E.

29 3266 49 26 esia)
88 3265 37 20 has
135 3265 51 20 been

28 3291 59 20 laide.

54 3332 49 19 Curl
112 3332 21 19 in
150 3338 45 20 pea(

29 3358 73 19 caused
110 3358 28 24 by
148 3365 25 12 an
182 3365 18 12 a.

30 3383 41 23 •oil,
89 3384 64 19 which
176 3390 29 13 m&

28 3409 96 25 plentiful
132 3410 70 25 supply

55 3435 41 20 The
106 3436 86 21 Queen's

28 3462 118 24 connoting
155 3462 47 19 Isla'

28 3493 45 13 now
91 3487 101 25 complete,

29 3512 63 20 about
101 3514 81 23 £3,300.

56 3544 58 20 From
125 3544 33 20 the
168 3550 51 21 repu;
240 3544 4 27 -

30 3570 81 19 Africa:
193 3572 14 18 cl

31 3596 46 25 give
97 3602 27 20 up
145 3596 62 19 cannil

30 3622 108 19 succeeded
153 3629 21 12 so
192 3623 9 18 f

30 3649 62 18 tastes
102 3648 44 19 that
154 3648 48 26 tlicy
209 3655 5 12 i

21 3673 49 21 infid

54 3720 96 19 Scientists
158 3720 46 19 havo

30 3745 40 18 fact,
76 3744 41 18 that
125 3750 11 11 a
144 3749 64 17 pcrsou

30 3767 26 24 by
63 3767 30 18 his
105 3773 42 12 own
163 3766 50 19 brcat

31 3791 45 18 time
84 3790 19 18 of
106 3792 52 21 groat
161 3791 56 17 cxcrti

31 3813 16 19 is
52 3813 72 18 formed
133 3819 48 12 inoio
190 3819 28 18 raj

31 3837 67 18 exhale
106 3837 21 16 it.
152 3837 21 17 In
187 3837 29 17 Al'

32 3860 57 18 noted
94 3864 76 14 runners
179 3859 35 19 fell/

33 3882 75 20 reached
119 3883 31 17 the
157 3880 55 25 Roal,/

31 3906 101 19 attributed
152 3908 18 15 to
190 3905 13 18 tl

33 3930 99 24 poiionous
139 3929 70 19 breath.

281 2921 165 43 RUNNING
455 2927 26 13 on
489 2926 35 21 my
537 2920 53 20 farm
600 2920 115 20 Northdale
720 2920 1 44 i

383 2947 33 19 for
432 2947 47 19 four
501 2947 82 19 months
593 2954 12 12 a
619 2947 36 19 red
674 2946 40 20 and
720 2940 1 26 I

279 2975 67 20 wbito
365 2973 68 24 COW,
452 2979 27 13 no
496 2972 68 20 brand
581 2973 80 19 visible.
694 2972 23 20 If

279 3003 36 17 not
331 2998 87 21 claimed
430 2999 42 19 and
480 3004 99 21 expenses
588 2999 49 25 paid
644 2998 72 20 within

281 3029 25 17 20
317 3027 51 24 days
378 3027 52 18 from
446 3025 53 24 date,
516 3024 43 21 will
576 3025 26 20 be
621 3025 45 20 sold
690 3026 21 18 to

287 3053 54 20 clear
355 3057 104 19 expenses.

431 3076 75 22 JOHN
516 3076 175 21 MACKENZIE.

313 3103 122 25 Northdale,
447 3104 48 19 Dec.
505 3104 31 23 19,
549 3104 57 18 1894.

284 3166 45 44 IF
341 3165 148 23 ABKAHAM,
502 3166 35 18 the
547 3166 74 23 Syrian
631 3165 51 24 (late
691 3165 22 18 of

353 3191 143 24 Whakataue)
516 3190 49 20 does
586 3192 35 18 not
631 3189 60 20 claim
702 3196 12 12 a

286 3217 79 21 GEEY
385 3216 82 25 PONY,
477 3217 39 19 left
538 3216 51 20 with
601 3222 32 13 me
642 3215 79 20 several

289 3243 85 20 months
404 3249 44 19 ego,
477 3242 42 20 and
548 3248 40 20 pay
615 3248 104 19 expenses,

289 3269 71 21 within
369 3271 23 17 21
405 3269 50 25 days
464 3269 53 19 from
526 3267 47 21 date
591 3267 76 25 hereof,
679 3267 34 19 the

290 3302 55 17 pony
357 3294 43 22 will
410 3294 26 20 be
446 3294 50 20 sold.

553 3319 21 21 J.
587 3318 104 22 WYLIE.
720 3318 1 24 ,

317 3346 93 25 Galatea,
420 3346 48 20 Dec.
480 3347 30 23 18,
522 3347 58 18 1894.

296 3451 91 38 I'HOT
402 3455 101 32 LAKES
517 3453 203 33 CHRONICLE'

373 3499 53 13 WILL
439 3498 26 13 ME
477 3497 116 14 PUBLISHED
607 3497 26 13 ON

337 3518 171 24 TEDNEBDAY
535 3516 185 21 AFTEBNOONB

306 3553 9 13 J
325 3553 8 13 T
407 3550 46 14 TILL
462 3549 97 14 FURTUER
567 3549 78 14 NOTICE.

301 3583 142 25 Eubfcription
454 3585 22 17 2s
486 3582 26 20 6d
521 3588 38 20 per
567 3583 83 24 quarter
660 3581 21 21 in
697 3581 24 20 ad

356 3615 75 18 Tance;
446 3608 26 21 6d
481 3610 58 18 extra
547 3608 18 20 if
573 3607 87 20 booked.

315 3643 77 21 Casual
401 3643 167 21 advertisements
579 3644 21 18 3s
609 3648 37 20 per
654 3641 54 20 inch.

511 3679 55 18 must
574 3677 27 20 be
610 3678 45 19 sent
663 3676 23 20 in
694 3676 27 26 by

383 3718 54 15 noon
447 3718 25 14 on
480 3711 149 25 Wednesdays.

456 3794 100 25 Notice.

291 3826 99 43 NOTE
408 3833 63 19 paper
489 3826 42 21 and
545 3826 114 26 Envelopes
675 3826 46 19 with

374 3852 82 26 printed
465 3852 91 26 heading
566 3855 21 18 at
595 3853 65 25 cheap
666 3853 55 19 rates

346 3880 21 19 at
376 3878 105 21 Chronicle
494 3879 63 20 office.

148 3974 28 10 Ims
183 3968 38 16 reh.
392 3967 136 24 undersigned
554 3967 78 24 having
658 3967 62 19 takon

158 3987 81 20 Nelson.N,
298 3985 28 25 J_
366 3998 48 14 over
423 3991 35 20 the
465 3991 130 19 Dlacksmitk
604 3991 55 26 Shop
668 3992 52 20 from

150 4028 108 15 tnomimero.
292 4019 35 20 Mr
337 4019 75 25 Taylor
425 4019 82 24 request
524 4016 35 20 the
578 4019 113 23 patronage
700 4018 21 20 of

153 4047 23 15 ioa
184 4047 38 15 that
237 4051 29 11 arn
291 4045 36 21 tho
337 4045 77 24 publtc.

154 4071 13 10 w
174 4066 45 20 large
232 4071 18 11 as
258 4071 29 11 ovt
337 4062 9 9 *
384 4067 126 21 MOitRISOW
522 4067 52 18 AND
585 4067 115 18 CORBETT.

159 4087 7 14 t
179 4085 40 21 tlioy
233 4086 31 16 soil
274 4091 27 11 mo

172 4106 35 14 ton.
224 4106 42 17 than
283 4104 29 17 the

167 4123 65 19 dealers
253 4125 31 22 put
310 4127 15 14 ti.

148 4143 14 21 /
172 4143 71 20 Cnlopy.

761 1319 104 24 Brent's
882 1319 132 29 Bathgate
1031 1319 95 24 Housa.

729 1351 31 19 Dr
771 1351 66 25 Barry
846 1351 23 18 T.
881 1350 89 23 Russell,
986 1350 60 19 West
1063 1350 101 19 Maitland

729 1377 43 19 Mrs
781 1376 67 25 Hunt,
859 1376 51 19 New
921 1375 66 20 South

768 1403 77 25 Astley,
856 1402 110 20 Auckland

767 1428 76 27 Legge,
855 1428 116 26 Onehunga

772 1455 74 25 Heoly,
858 1454 115 26 Onehunga

771 1481 41 19 and
820 1481 33 19 Mi
865 1488 9 12 s
883 1481 92 23 Aiuecke,
987 1481 99 19 Adelaide

770 1507 121 23 Johnstone,
902 1506 119 25 Devonport

771 1533 54 25 Gray
835 1533 42 19 and
886 1533 78 19 Master
972 1532 62 27 Gray,
1046 1533 82 26 Sydney

731 1559 51 19 Miss
790 1559 65 25 Pyke,
871 1559 83 25 Sydney

768 1585 78 24 White,
858 1585 51 20 New
917 1585 66 21 South
992 1586 72 20 Wales

731 1611 52 19 Miss
792 1611 121 26 Ringwood,
923 1612 111 20 Auckland

769 1637 80 25 Fawns,
860 1637 109 21 Tasmania

768 1663 113 26 Campbell,
891 1663 52 21 Now
952 1664 66 20 South
1028 1663 71 21 Wales

730 1690 31 19 Dr
770 1689 132 27 Darlington,
913 1690 97 26 England

755 1716 95 24 Warren,
863 1716 124 20 Melbourne

756 1742 84 24 Hnbeu,
851 1742 103 26 Germany

730 1768 34 21 Mr
774 1768 41 20 and
824 1769 51 18 Miss
885 1769 82 24 Uisielli,
978 1768 97 26 England

862 1794 94 24 Parsons,
968 1795 109 20 Auckland

729 1821 87 25 Captain
825 1820 96 24 Eckford,
934 1821 108 20 Blenheim

729 1847 34 20 Mr
773 1847 34 20 W.
816 1847 107 24 Cameron,
936 1848 108 22 Bemuera,
1056 1847 107 20 Auckland

769 1873 114 23 Anderson,
894 1873 51 20 Now
956 1874 66 19 South
1032 1874 71 19 Wales

768 1899 92 20 Armand
870 1899 98 24 Eseande,
986 1900 51 19 New
1054 1899 110 20 Caledonia

766 1925 56 20 John
831 1925 104 26 Harding,
946 1926 33 19 Mi
997 1925 89 24 Vernon,
1108 1925 55 20 H.B.

769 1952 75 24 Mains,
857 1952 108 21 Bemuera,
979 1952 110 19 Auckland

768 1978 83 24 Laurie,
863 1978 116 26 Onehunga

768 2004 52 19 Ellis
830 2004 73 24 Smith,
914 2004 52 20 New
977 2004 65 19 South
1055 2004 70 20 Wales

768 2030 97 25 Pauling,
993 2045 12 9 ~

765 2056 108 24 Thatcher,
884 2056 122 27 Wanganui

765 2082 88 25 Hurley,
865 2082 130 24 Melbourne,

764 2108 42 20 and
815 2108 51 20 Miss
876 2108 73 24 Beath,
961 2109 121 19 Melbourne

766 2135 40 19 and
816 2135 52 18 Miss
881 2135 77 25 Tunoy,
971 2135 82 25 Sydney

767 2161 41 19 and
817 2160 44 20 Mrs
870 2160 108 25 Somerset,
993 2160 110 20 Auckland

767 2187 41 19 and
815 2187 45 19 Mrs
870 2186 92 25 Stewart,
1045 2201 12 10 „

766 2213 64 25 Boyd,
841 2213 79 25 Napier

728 2238 88 27 Captain
826 2239 46 20 Von
882 2239 85 25 Moltke,
982 2239 103 26 Germany

841 2302 108 24 Mokoia
966 2302 83 26 View.

728 2333 41 18 Mrs
777 2333 91 22 Witham,
877 2334 39 22 Fiji

764 2356 77 22 Groom,
886 2370 12 8 ~

729 2379 47 18 Miss
784 2380 49 21 Ives,
842 2379 119 24 Wellington

729 2403 32 17 Mr
768 2403 80 21 Martin,
857 2403 80 18 Thames

763 2426 79 21 Martin,
851 2426 117 18 Hclensville

763 2450 93 22 Corrigal,
865 2450 47 17 New
922 2450 61 18 South
991 2450 62 19 Wales

764 2472 94 23 Simpson,
868 2473 78 23 Sydney

764 2495 67 22 Johns,
841 2496 105 18 Damaskas

763 2519 81 21 Boland,
855 2519 101 18 Hamilton

763 2542 68 21 Ferris,
845 2542 64 23 Otago

764 2565 65 23 Foley,
839 2566 99 18 Blenheim

763 2589 105 21 Whitaker,
877 2589 91 23 England

853 2657 71 22 Lake
940 2657 97 23 House.

729 2700 32 17 Mr
769 2699 38 17 and
815 2699 41 18 Mrs
865 2699 97 20 Poolman,
973 2700 90 23 England

765 2723 126 21 Woodhouse,
900 2723 63 17 Waiki

766 2745 47 21 Silk,
822 2746 73 22 Napier

766 2765 91 24 Gibbons,
867 2769 101 18 Auckland
1165 2765 4 29 ,

767 2792 55 23 Grey,
834 2792 99 18 Auckland

766 2815 72 21 Currie,
847 2815 100 18 Auckland

766 2839 100 23 McGany,
892 2852 11 8 ~

767 2862 67 21 Green,
891 2875 12 8 „

767 2885 66 22 Barry,
844 2885 76 23 Sydney

767 2908 44 20 Lee,
820 2909 92 17 Brisbane

767 2931 37 17 and
813 2932 40 17 Mrs
862 2932 95 20 Kirtland,
968 2932 77 19 Ireland

733 2954 40 18 Mrs
781 2954 79 21 Jermin,
869 2954 84 18 Victoria

733 2978 28 16 Dr
769 2977 93 22 Johnson,
872 2978 77 17 Ireland

734 3001 45 17 Rev.
788 3001 72 17 Father
867 3001 72 21 Walsh,
949 3001 92 19 Brisbane

734 3024 61 17 Mons.
804 3024 113 23 Marguesit,
927 3025 72 18 France

840 3085 142 24 Tarawera
991 3086 89 24 House

735 3125 32 17 Mr
775 3125 38 18 and
821 3126 41 17 Mrs
870 3126 69 21 Cooke,
949 3127 48 17 New
1004 3128 61 18 South
1074 3129 61 18 Wales

728 3149 1 23 i
769 3149 22 17 T.
800 3149 79 23 Young,
889 3149 76 23 Sydney

771 3172 23 17 G.
804 3177 21 12 Xj.
836 3172 102 22 if'ordhaiii,
948 3175 100 17 Xusmania

771 3195 23 18 G.
803 3195 25 18 N.
838 3195 69 22 Snook,
917 3196 100 18 Tasmania

770 3218 20 18 J.
798 3219 30 17 W.
838 3218 23 18 O.
870 3219 106 22 Hamilton,
985 3220 48 18 New
1042 3221 59 19 South
1109 3222 62 18 Wales

771 3241 38 18 and
817 3242 41 17 Mrs
866 3242 76 23 Bridge,
953 3243 107 24 Onehunga

770 3264 20 18 J.
799 3265 21 17 T.
830 3265 82 22 Garlick,
921 3266 100 19 Auckland

771 3287 46 18 Geo.
827 3288 51 21 Best,
888 3288 101 19 Auckland

728 3311 3 23 \
772 3311 20 18 C.
801 3311 83 21 Walker,
891 3312 49 17 New
949 3312 60 18 South
1017 3313 62 19 Wales

771 3333 78 21 Adams,
858 3334 88 19 Waikato

771 3357 22 17 A.
804 3357 77 21 Adams,
907 3371 10 8 ~

736 3380 40 17 Mrs
784 3380 84 22 Martj-n,
879 3380 87 19 Waikato

770 3403 20 17 T.
800 3403 77 23 Bridge,
887 3403 58 23 junr.,
955 3405 107 24 Onehunga

770 3426 92 23 Kelgour,
872 3427 122 19 Newmarket

736 3448 47 18 Miss
790 3450 77 21 Mehan,
877 3450 101 19 Tasmania

771 3472 63 22 Ahier,
843 3473 100 17 Tasmania

771 3495 82 21 Garlick,
860 3495 31 24 (2),
902 3496 100 19 Auckland

772 3519 77 20 Brooks,
860 3520 102 17 Auckland

772 3541 88 24 Kilgour,
869 3542 124 18 Newmarket

849 3594 117 26 Botorua
980 3596 85 25 Hotel.

738 3633 40 17 Mrs
786 3633 85 22 Warren,
881 3634 101 20 Auckland

773 3657 100 21 Thomson,
882 3658 102 18 Auckland

773 3680 44 20 Rae,
828 3680 76 23 Sydney

773 3702 22 18 A.
804 3703 101 22 Thomson,
915 3704 100 19 Auckland

737 3725 46 17 Miss
791 3725 74 23 Heard,
875 3727 100 19 Auckland

772 3749 45 21 Eae,
828 3749 75 23 Sydney

737 3772 32 17 Mr
776 3772 101 23 Thornloy,
886 3773 101 18 Auckland

773 3795 67 21 Smith,
937 3809 12 8 „

772 3817 29 18 W.
811 3818 57 22 Reed,
877 3819 119 19 Palmoiston
1004 3821 62 18 North

772 3840 20 17 T.
802 3841 98 21 Kerslake,

773 3863 78 23 Philips,
862 3865 135 19 Christchurch

772 3886 45 21 Rae,
827 3887 76 23 Sydney

772 3909 60 23 Hugh
841 3910 88 22 Wallace,
939 3912 99 19 Auckland

773 3932 43 21 Gill,
827 3933 100 22 Tauranga

773 3956 115 21 Carnachan,
898 3956 118 20 Whakatano

771 3979 64 21 Boult,
849 3979 91 18 Adelaide

760 4002 25 17 H.
795 4002 70 22 James,
891 4015 12 9 ~

773 4025 78 21 Crooke,
860 4026 91 18 Adelaide

773 4047 101 22 Johnston,
883 4049 113 19 Melbourne

773 4070 22 19 C.
804 4071 21 18 C.
835 4071 80 22 Russell,
925 4072 100 20 Auckland

1324 96 167 26 ED—Washing
1509 96 17 19 &
1542 96 86 26 Ironing

1184 122 4 28 1
1217 132 24 9 >»
1263 124 29 25 by
1302 122 133 27 experienced
1440 122 118 28 laundress;
1575 123 53 20 ls6d

1184 149 4 21 '
1199 157 13 13 a
1221 152 70 18 dozen.
1293 149 75 20 —Mrs
1378 149 109 20 CiiAi'MArT.

1197 195 120 30 Lorigan,
1338 195 186 24 Marchesseau
1544 194 22 23 &
1588 196 32 23 Co

1198 247 80 44 THE
1298 247 131 27 partnership
1453 247 23 19 in
1510 247 36 19 the
1580 247 45 19 firm

1289 275 79 24 having
1385 274 53 18 been
1461 272 109 25 dissolved,
1590 273 35 20 W.

1197 302 92 25 Lorigan
1312 300 45 25 (tho
1380 299 89 26 retiring
1490 301 90 24 partner)
1595 300 33 18 dei

1197 330 51 18 sires
1271 329 20 18 to
1309 326 66 20 thank
1391 325 36 19 the
1448 325 68 26 public
1529 326 32 18 for
1574 325 54 20 their

1197 356 85 24 support
1300 352 42 20 and
1359 354 94 23 requests
1471 358 12 12 a
1493 351 133 20 contiuuanco

1197 381 21 19 of
1227 386 56 14 same
1292 381 22 17 to
1323 377 33 20 his
1366 383 119 14 successors.

1286 427 28 32 J.
1335 426 29 31 F.
1384 425 159 38 PEATSQN,

1322 463 169 23 FEUJLTEKEE,

1218 495 58 20 Next
1285 494 104 21 Saddler's
1399 494 57 25 shop,
1469 492 131 23 Ohinemutu,

1194 528 44 20 Has
1247 528 74 25 always
1335 534 10 12 a
1355 525 53 27 good
1429 525 76 26 supply
1523 524 22 20 of
1563 522 64 21 Fresh

1264 553 67 26 Fruit,
1341 552 51 21 both
1403 552 50 20 local
1463 551 39 20 and
1512 550 25 21 im-

1321 579 73 28 ported
1404 585 25 13 on
1440 577 59 21 hand.

1383 606 60 19 Also

1192 633 19 20 A
1219 632 149 22 well-assorted
1378 631 58 21 stock
1443 630 22 21 of
1471 628 97 23 Biscuits,
1575 627 37 20 Con-

1232 659 113 26 fectionery
1356 658 40 20 and
1406 658 91 19 Summer
1506 654 84 24 Drinks,

1271 686 28 20 all
1307 688 22 17 at
1338 688 119 17 MODERATE
1467 687 84 14 PHICES.

1293 731 36 19 TO
1348 725 175 23 BPOETSMEN.

1220 789 6 15 i
1256 779 105 22 PUBLIC
1379 778 95 26 Meeting
1490 777 22 20 of
1525 777 27 20 all
1567 776 58 21 those

1269 807 113 19 interested
1406 805 21 20 in
1450 804 36 20 the
1510 803 114 26 protection

1190 833 39 21 and
1240 831 142 28 preservation
1390 831 22 21 of
1428 831 35 20 the
1479 831 57 19 trout
1550 830 21 19 in
1589 829 36 20 the

1189 859 81 21 various
1280 859 65 20 rivers
1354 859 21 19 in
1384 858 35 20 the
1434 857 87 23 district,
1538 856 42 20 will
1599 856 26 20 be

1190 886 46 20 held
1246 886 21 19 in
1282 885 37 21 the
1327 885 72 20 Palace
1408 883 71 24 Hotel,
1490 889 27 14 on
1524 882 99 26 Monday,

1189 913 50 20 25th
1253 913 57 24 inst.,
1321 913 23 19 at
1353 913 12 19 8
1375 910 78 21 o'clock
1462 916 47 20 p.m.

1380 937 22 19 J.
1411 936 28 20 H.
1449 934 121 22 TATLOE.

1216 983 174 26 WYNYARD
1403 983 23 24 &
1442 981 154 26 PURCHAS

1343 1018 126 24 Solicitors,

1255 1054 62 20 Hiqh
1334 1053 81 20 Street
1429 1052 122 20 Aucktand.

1212 1104 55 20 7108
1281 1103 71 20 SALE
1353 1103 46 19 —A
1411 1101 54 27 good
1483 1101 139 19 second-hand

1211 1122 6 16 1
1263 1129 155 21 double-seated
1445 1128 82 25 Buggy,
1556 1127 66 25 newly

1187 1157 91 26 painted,
1299 1155 88 21 staunch
1403 1155 67 23 horse,
1493 1149 41 23 and
1552 1155 30 17 set
1601 1153 21 19 of

1186 1184 93 19 harness.
1307 1182 66 20 Price,
1390 1181 80 19 sixteen
1484 1178 80 28 pounds
1586 1181 36 18 ten

1186 1210 103 24 shillings,
1302 1208 54 27 (£l6
1368 1207 50 26 10s,)
1425 1206 35 20 the
1469 1212 68 13 owner
1545 1205 77 25 having

1186 1242 27 14 no
1221 1236 82 19 further
1310 1240 37 14 use
1358 1234 33 20 for
1400 1233 22 20 it.
1425 1231 96 27 —Apply
1530 1231 61 20 Office
1601 1232 21 19 of

1186 1262 41 20 this
1235 1268 70 20 paper.

1352 1308 111 21 ONIONS.

1230 1363 37 20 OE
1277 1362 71 20 SALE
1358 1362 22 19 in
1390 1359 111 27 quantities
1516 1359 21 20 of
1557 1359 64 24 Mlbs,

1187 1411 10 1 _
1213 1385 3 28 '
1256 1389 66 24 28lbs,
1334 1388 59 21 56lbs
1403 1387 40 20 and
1455 1386 76 23 112lbs,
1543 1392 23 12 or
1583 1390 39 14 one

1186 1420 36 17 ton
1238 1418 23 18 at
1280 1416 27 19 2d
1325 1421 37 21 per
1380 1414 28 24 lb,
1427 1413 28 26 by
1474 1412 34 20 Mr
1526 1410 96 22 McEae's

1187 1443 112 23 Gardener,

1409 1465 21 21 J.
1444 1463 125 22 HADLEY.

1303 1511 207 23 UNDEESIGNED
1534 1511 38 18 has
1592 1515 20 13 re-

1182 1531 39 31 •JL
1255 1540 71 20 ceived
1349 1538 132 21 instructions
1510 1537 54 18 from
1589 1535 34 19 Mr

1187 1569 74 23 Bussy,
1274 1566 46 20 who
1329 1566 18 19 is
1356 1564 82 25 loaving
1448 1563 35 20 tho
1499 1562 84 24 district,
1601 1564 22 17 to

1187 1594 38 20 sell
1234 1593 28 25 by
1272 1592 74 20 Public
1356 1590 88 21 Anction
1453 1592 21 17 at
1483 1590 33 18 his
1534 1588 89 19 Auction

1187 1621 61 23 Mart,
1263 1622 21 17 at
1295 1621 11 16 2
1316 1625 56 19 p.m.,
1385 1623 27 14 on
1430 1617 119 22 Saturday,
1570 1614 39 20 Fob-

1186 1653 62 18 ruary
1257 1645 57 23 23rd,

1213 1675 176 23 HOUSEHOLD
1409 1672 176 24 FUENITUEE,

1213 1707 131 21 KITCHEN
1364 1704 145 25 UTENSILS,
1527 1705 41 23 &c,
1587 1704 35 19 &c.

1354 1738 20 19 J.
1385 1737 26 19 H.
1424 1735 118 24 TAYLOB,

1466 1762 130 19 Auctioneer.

1354 1807 109 21 NOTICE.

1187 1862 171 29 /~ILEAEING
1383 1860 70 21 SALE
1483 1860 21 19 of
1529 1858 94 20 Summer

1188 1891 39 21 \y
1255 1889 101 24 Draoery.

1371 1914 21 19 S.
1408 1911 134 23 HOWAED,

1338 1941 56 19 Near
1403 1939 92 20 Catholic
1507 1937 87 20 Church.

1342 2204 56 20 ASK
1413 2202 56 21 FOE

1186 2253 436 50 HANCOCKS'

1312 2328 185 22 CELEBEATED

1367 2381 87 33 xxxx

1300 2439 212 52 ALES,

1320 2512 59 14 MADE
1387 2511 55 15 FROM
1451 2510 42 14 THE

1192 2559 118 32 FIKEST
1336 2557 89 33 MALT
1445 2556 64 32 AND
1527 2554 96 38 HOPS,

1229 2654 53 14 FREE
1295 2653 56 14 FROM
1364 2653 39 13 ALL
1416 2650 128 15 ANTISEPTICS
1557 2650 26 13 OR

1297 2690 141 14 DELETERIOUS
1455 2689 65 14 ACIDS.

1193 2749 142 33 CAPTAIN
1357 2748 83 32 COOK
1458 2747 167 38 BREWERY,

1296 2795 194 20 NEWMAEKET.

1111 4165 103 44 Ask
1238 4168 75 42 for
1335 4170 264 44 Hancock's
1625 4174 282 43 Celebrated
1931 4177 190 41 XXXX
2144 4177 117 46 Ales
2294 4179 96 40 and
2417 4177 153 42 Stout.

3076 3097 149 22 LASSITUDE

3100 3124 153 25 TORPIDITY,

3128 3150 70 22 SOTJR
3208 3152 129 20 STOMACH

3153 3177 185 25 INDIGESTION,

3178 3204 157 23 HEADACHE,

3204 3231 155 24 LACKACHE,
3371 3233 34 18 &c.

3022 3266 49 17 Take
3086 3271 11 11 a
3109 3264 59 21 couple
3184 3267 17 16 of
3220 3265 86 17 Fletchers
3326 3266 42 16 Pills
3391 3271 49 15 every

3022 3288 62 16 second
3090 3286 62 23 night;
3173 3286 37 23 they
3224 3292 27 12 are
3259 3292 11 11 a
3278 3290 68 18 prompt
3359 3288 34 16 and
3404 3293 36 11 sure

3022 3314 40 12 cure
3069 3309 35 16 and
3111 3308 40 20 give
3158 3309 62 16 certain
3227 3309 56 16 relief.

3044 3329 106 17 Fietciiek'u
3167 3328 47 19 I'ills
3228 3334 26 12 are
3263 3335 9 11 a
3280 3330 57 21 quink,
3354 3335 40 11 sure
3408 3330 32 16 and

3022 3352 72 17 reliable
3109 3349 67 21 remedy
3190 3351 26 17 for
3229 3351 21 16 all
3262 3351 102 21 complaints
3377 3352 64 16 arisinir

3022 3394 39 23 ach,
3073 3394 35 16 and
3114 3392 92 21 irapurities
3214 3394 17 16 of
3238 3393 27 17 the
3275 3394 57 16 blood.
3357 3394 49 21 They
3414 3400 27 10 are

3023 3415 84 23 prepared
3114 3420 21 11 on
3142 3413 71 19 rational
3220 3414 31 17 and
3267 3415 72 16 sensible
3351 3415 43 17 lines
3406 3416 33 15 and

3022 3438 22 15 do
3052 3438 32 16 not
3094 3435 68 17 contain
3170 3439 10 11 a
3191 3435 66 21 particle
3267 3437 19 15 of
3297 3436 76 21 calomel,
3390 3442 36 15 gam-

3023 3459 49 21 boge,
3081 3462 20 12 or
3109 3462 33 15 any
3149 3456 62 18 drastic
3218 3458 93 22 purgative,
3326 3458 33 16 but
3371 3460 68 19 operate

3022 3481 24 20 by
3053 3478 84 23 perfectly
3144 3478 68 17 natural
3222 3483 55 11 means
3288 3479 23 18 by
3330 3479 108 20 stimulating

3023 3502 29 16 the
3060 3501 44 16 liver
3111 3499 33 17 and
3152 3499 91 21 increasing
3250 3499 29 17 the
3286 3500 40 16 flow
3341 3500 18 16 of
3366 3500 33 16 bile
3406 3500 33 16 and

3023 3523 41 16 thus
3072 3520 94 23 producing
3183 3525 39 17 easy
3231 3521 107 17 evacuations
3346 3522 34 15 and
3388 3524 40 14 natu-

3022 3544 26 17 ral
3056 3543 86 17 oatharses
3158 3540 71 19 without
3243 3541 28 16 the
3289 3547 100 17 annoyance
3407 3543 32 16 and

3022 3565 41 22 pain
3074 3564 19 16 of
3104 3563 68 21 griping
3178 3563 33 16 and
3218 3561 79 24 purging.

3044 3586 71 16 Beware
3123 3584 17 16 of
3147 3583 29 17 the
3182 3587 51 19 many
3250 3584 76 17 harmful
3340 3586 101 16 substitutes

3023 3614 20 10 on
3053 3607 35 17 salo
3096 3607 18 15 in
3121 3609 51 15 many
3180 3603 55 24 shops.
3265 3604 48 19 None
3330 3612 28 11 are
3366 3607 73 18 genuine

3023 3629 57 16 unless
3088 3627 42 21 they
3137 3626 40 16 bear
3184 3625 29 17 the
3219 3626 86 20 gignaturo
3321 3628 17 17 of
3354 3628 20 17 F.
3382 3628 57 16 Moore

3022 3650 86 17 Clements
3115 3652 22 12 on
3144 3647 29 15 the
3178 3648 63 16 outside
3250 3652 81 18 wrapper.
3349 3649 92 17 Clkmknts

3022 3671 55 17 Tosio
3090 3669 33 16 and
3134 3667 106 18 FLBroHEa's
3254 3667 50 20 Pills
3317 3671 44 16 have
3375 3671 66 16 become

3022 3692 41 17 such
3072 3688 99 19 .household
3185 3690 54 16 words
3253 3688 37 19 lhat
3304 3692 96 17 imitations
3413 3697 27 10 are

3022 3711 97 25 frequently
3134 3709 70 19 offered.
3232 3710 32 17 We
3279 3713 72 16 oontend
3359 3713 40 17 that
3406 3713 34 16 this

3022 3733 85 18 imitation
3114 3732 15 16 is
3136 3730 60 25 thejßJr
3200 3733 52 18 •jercst
3253 3734 60 21 jwoof
3325 3735 19 15 of
3352 3735 45 16 their
3406 3735 25 15 vir-

3021 3758 44 17 tues,
3075 3759 18 11 so
3101 3758 27 12 eoo
3135 3753 18 15 th

3021 3777 70 19 beating
3110 3774 28 16 the

3021 3797 89 18 Clements,
3119 3794 26 17 Nc

3020 3887 62 19 sisting
3090 3885 19 16 of

3020 3907 66 20 Lunch,
3095 3907 22 15 Ai

3020 3928 17 16 of
3046 3927 71 21 Roynoh

3024 3948 71 23 [Advt.]

3041 3979 27 17 To
3076 3978 33 18 kec

3017 4071 33 17 her
3058 4064 49 24 ostof
