3218 4181
67 101 42 20 AN
117 98 194 22 INTERESTING
331 98 111 21 CANCER

222 125 75 20 CASE.

67 179 22 20 Ii
97 179 91 19 is'statfd
198 178 43 19 that
250 185 12 12 a
272 178 86 19 Chinese
369 177 42 21 Hill
424 177 43 20 End

41 205 104 27 (N.S.W)
169 205 71 19 doctor
269 204 35 19 has
337 204 131 26 successfully

40 233 26 20 t-.
73 232 45 20 A/ed
128 238 12 13 a
151 237 44 14 case
205 230 21 20 of
234 230 156 21 mouth-cancer.
405 230 64 21 'Some

40 265 22 14 m
75 258 48 19 nths
138 264 43 19 ago,
200 264 24 12 an
243 257 154 25 eiigiue-diiver,
417 257 52 19 after

41 285 75 25 having
125 291 11 12 a
154 284 58 19 tooth
231 283 74 23 drawn,
325 283 111 26 developed
460 289 9 13 a

40 317 109 15 cancerous
172 309 77 26 growth
274 308 63 21 which
357 310 112 24 ultimately

40 338 37 19 des
88 337 59 25 royod
158 337 31 18 his
203 336 67 26 palate
281 336 39 19 and
331 336 74 25 spread
424 342 47 13 over

40 363 37 21 the
87 363 54 26 right
151 362 42 21 side
206 362 22 19 of
241 362 32 19 hia
292 363 49 19 face.
381 363 32 18 He
431 369 39 12 was

41 390 116 22 treated:by
168 388 82 20 medical
269 395 45 12 men
332 388 48 19 both
400 387 70 27 locally

43 417 41 18 and
104 416 20 19 in
141 415 104 23 Batburst,
267 414 86 20 without
372 414 100 26 reudvirg

42 442 65 24 relief,
127 442 39 19 atid
186 448 38 12 was
248 441 101 19 admitted
377 441 42 19 into
438 440 33 19 tie

42 468 73 20 Alfred
124 468 99 24 Hospital,
234 467 87 25 Sydney,
340 467 21 19 in
379 466 93 23 Oetober,

43 494 35 20 fie
95 494 89 20 suffered
202 493 81 20 terrible
308 499 71 20 agony,
395 493 39 19 and
452 499 20 14 as

43 520 87 26 nothing
140 520 58 20 could
207 520 22 19 be
239 520 51 19 done
306 521 20 18 to
338 520 44 25 help
393 519 46 24 him,
448 519 24 20 he

42 554 42 13 was
94 546 80 21 advised
189 550 20 16 to
228 548 69 18 return
316 548 22 18 to
358 546 43 20 Hill
420 546 52 19 End.

43 574 64 19 There
114 573 34 20 the
159 573 83 19 Chinese
252 573 71 19 doctor
343 571 72 21 visited
433 572 38 20 him

43 599 40 21 and
100 599 80 26 applied
200 606 10 12 a
229 599 90 25 poultice
337 601 22 17 to
375 599 29 19 his
422 598 50 20 face.

42 626 119 20 Thereafter
181 626 23 18 be
229 625 89 19 suffered
342 632 27 12 no
389 624 52 25 pain,
461 632 10 11 «

43 653 50 19 hard
102 659 45 13 core
158 652 35 19 has
203 658 54 13 come
267 658 56 19 away
342 651 76 25 though
438 651 35 19 the

43 678 45 20 roof
97 678 23 20 of
127 678 34 20 the
172 677 67 21 mouth
247 684 64 13 seems
321 680 21 17 to
352 678 25 19 be
393 677 80 26 healing

43 705 40 19 and
94 704 34 20 the
137 705 49 19 fietsh
196 710 26 13 on
232 703 35 19 the
277 705 44 18 face
332 703 40 21 look
382 703 10 21 3
402 703 60 21 health-

43 731 37 19 ier.
108 731 40 19 The
156 731 78 25 patient
240 732 44 17 eats
293 730 92 26 heartily,
396 730 77 25 though

45 757 47 19 nith
117 757 102 25 difficulty,
242 756 38 19 and
302 757 61 24 keeps
384 757 19 19 in
423 757 50 25 good

43 783 80 26 spirits.
150 784 32 19 He
193 783 34 19 has
239 783 22 19 of
271 783 40 19 late
319 783 60 19 taken
390 790 10 12 a
417 785 56 17 short

43 810 52 19 walk
106 809 58 25 daily,
175 809 37 19 and
227 809 18 19 is
255 815 22 13 so
297 810 78 25 lapidly
392 809 80 25 gamina

44 839 94 22 strength
145 837 45 19 that
200 835 23 20 he
234 837 61 24 hopes
306 840 19 14 to
337 836 23 19 be
379 838 22 16 at
421 835 52 20 work

44 862 68 20 before
123 863 33 19 the
163 863 37 18 end
208 861 22 20 of
240 863 35 17 tbo
403 862 21 18 It
436 862 36 18 will

43 889 26 19 bo
78 889 120 25 interesting
208 890 21 17 to
240 892 48 16 note
303 889 34 19 the
356 888 69 19 future
434 888 30 19 his-

44 917 44 23 tory
100 915 21 19 of
131 915 41 19 this
181 921 51 13 case.
247 914 42 20 The
297 914 74 20 Alfred
379 914 94 25 Hospital

44 941 121 20 authorities
175 948 34 19 tay
220 941 44 19 that
273 941 35 19 the
318 947 51 17 poor
379 947 45 13 man
434 947 39 13 was

44 968 137 25 undoubtedly
193 967 100 25 suffering
306 967 52 20 from
377 973 97 14 cancer—

44 994 38 19 and
94 994 37 19 add
142 994 46 19 that
206 994 16 18 if
241 993 25 20 he
289 994 49 19 lives
358 997 40 16 two
415 999 58 20 years

45 1021 48 22 they
102 1027 33 12 aro
146 1020 97 25 prepared
255 1023 20 16 to
294 1020 57 19 make
370 1019 104 20 obeisance

41 1048 23 18 to
73 1046 34 20 the
121 1046 117 20 Chinaman.

95 1103 94 21 SNAKE
199 1103 112 22 WITHIN
323 1103 96 19 SNAKE.

72 1159 34 19 Mr
120 1159 76 19 Arthur
211 1159 23 19 E.
254 1159 66 26 Viney
337 1157 68 19 writes
421 1156 52 20 from

45 1185 67 23 Ceres,
121 1185 54 25 Cape
184 1185 83 26 Colony,
277 1189 21 15 to
316 1183 33 21 the
368 1183 105 20 Times:—

44 1211 57 19 Your
111 1211 74 26 weekly
194 1211 54 20 issue
258 1211 21 20 of
290 1212 46 19 Oct.
347 1210 25 19 2G
389 1216 54 14 came
452 1212 22 17 to

44 1237 54 21 hand
107 1238 26 25 by
144 1238 39 19 last
193 1238 44 19 mail
250 1237 104 26 reporting
365 1236 34 20 the
409 1239 54 17 extra-

44 1263 94 28 ordinary
149 1264 139 20 cannibalistic
302 1264 44 20 feat
360 1263 22 20 of
392 1263 35 20 the
438 1263 35 20 boa

45 1291 121 20 cooittrictor
175 1291 20 19 in
207 1290 33 20 the
251 1290 113 26 Zoological
376 1289 97 20 Gardens.

43 1317 49 20 This
111 1317 94 23 incident,
225 1317 119 20 marvellous
363 1315 75 25 though
458 1316 16 20 it

43 1350 47 18 was,
100 1350 16 14 is
132 1344 75 27 capped
226 1343 26 25 by
271 1342 85 21 another
375 1342 62 21 which
457 1342 16 19 is

45 1370 43 20 well
97 1370 154 21 authenticated
261 1370 20 20 in
293 1369 40 21 this
352 1368 109 26 neighbour-

43 1396 58 22 hood.
128 1397 56 21 Near
194 1396 33 21 the
237 1396 76 21 ostrich
328 1395 51 22 farm
398 1395 21 21 of
438 1395 35 21 Mr

43 1423 101 28 Millerby
154 1430 11 14 a
174 1425 55 25 large
247 1422 56 22 black
314 1422 62 21 snake
394 1429 39 14 was
444 1429 20 14 re-

44 1453 67 26 cently
121 1450 67 22 killed.
217 1452 30 18 Aa
256 1453 18 17 it
292 1449 98 27 appeared
412 1455 61 15 unus*

43 1478 40 25 nlly
93 1479 32 19 fat
134 1479 19 19 in
164 1477 117 28 proportion
292 1479 21 18 to
333 1475 27 22 its
376 1476 70 26 length
457 1476 15 20 it

43 1511 40 15 was
93 1508 35 18 cut
138 1511 57 19 open.
223 1504 70 20 Inside
303 1505 17 19 it
330 1510 39 13 was
388 1502 63 22 found
462 1510 11 14 a

42 1531 113 28 good-sized
164 1530 58 22 black
238 1531 61 20 make
309 1530 20 20 in
341 1530 62 20 which
422 1535 51 15 were

43 1561 63 24 thirty
116 1565 52 20 eggf,
179 1557 47 21 each
237 1558 20 20 of
269 1557 61 21 wh'ch
345 1556 106 21 contained
461 1563 11 14 a

42 1592 67 20 young
122 1587 67 23 snake,
214 1584 121 28 apparently
358 1586 36 18 not
412 1582 58 22 much

41 1616 36 17 the
92 1617 61 17 worse
175 1613 33 19 for
231 1613 53 19 tbeir
307 1613 115 24 temporary
438 1616 22 15 en-

43 1638 117 22 tombment,
187 1638 47 20 Thin
245 1637 73 26 makes,
338 1637 108 25 therefore)
459 1644 10 13 a

42 1666 50 20 total
104 1666 21 20 of
135 1666 112 26 thirty-two
262 1665 72 20 suakes
351 1664 64 20 iuside
434 1671 37 13 one

41 1691 63 22 snake
114 1691 4 22 !

118 1741 76 20 REAL
210 1742 57 19 OLD
283 1738 108 23 SCOTCH.

67 1796 20 20 A
97 1798 52 22 story
161 1795 21 20 of
192 1796 76 19 certain
280 1795 93 20 methods
382 1794 86 26 adopted

41 1824 21 18 to
72 1823 68 20 obtain
158 1822 133 24 intoxicating
307 1821 70 20 drinks
396 1822 19 18 in
436 1822 33 19 the

41 1849 86 20 Tlntited
135 1850 73 22 States,
218 1848 66 20 where
292 1848 34 19 the
344 1848 36 19 law
391 1848 21 19 of
422 1849 35 18 Pro-

41 1875 86 20 hibition
138 1876 15 18 is
161 1876 20 19 in
190 1875 60 23 force,
267 1881 40 13 was
319 1874 39 19 told
368 1874 25 25 by
405 1874 31 19 .Sir
446 1875 21 18 F.

41 1902 74 26 Seager
125 1902 64 23 Hunt,
200 1902 48 19 M.P
257 1916 5 9 ,
281 1904 21 16 to
321 1907 11 13 a
351 1901 87 25 meeting
448 1902 20 18 of

42 1928 86 20 licensed
147 1928 116 19 victuallers
287 1930 22 17 at
327 1927 141 25 Leamington.

40 1956 94 24 Apropos
141 1954 21 20 of
172 1954 34 19 the
223 1954 72 19 Direct
314 1953 53 20 Veto
386 1954 47 24 Bill,
445 1954 23 19 he

40 1982 103 19 remarked
154 1981 45 19 that
208 1980 21 20 in
245 1982 94 17 America
358 1980 33 19 the
408 1980 50 19 liceu-

42 2008 133 25 ingquottion
183 2007 37 19 had
229 2007 94 25 occupied
334 2006 132 26 pie-eminent

41 2034 110 24 attention,
160 2034 38 19 and
218 2035 57 24 great
294 2032 117 21 alteiations
431 2033 37 19 had

41 2060 78 28 bepnuf
120 2061 38 20 <ade
165 2060 19 19 in
193 2060 35 19 the
237 2060 98 24 licensing
346 2060 47 18 laws
403 2060 21 18 of
436 2059 33 19 the

41 2088 73 19 Star-,
126 2088 105 19 seventeen
240 2086 22 19 of
268 2086 64 19 which
339 2083 36 22 had
384 2085 84 25 adopted

42 2114 49 19 total
106 2112 127 24 I'robibition,
244 2112 46 19 with
302 2112 33 19 the
354 2112 62 20 result
427 2112 40 18 that

43 2140 56 19 there
111 2140 36 19 bad
159 2140 47 19 been
217 2145 24 13 an
253 2139 101 19 increased
365 2144 96 20 consump

42 2166 42 19 lion
92 2166 21 20 of
121 2166 68 25 spirits
197 2170 20 14 to
224 2166 33 18 the
265 2166 95 18 extentof
367 2165 12 20 7
387 2166 84 22 924,000

43 2193 31 19 doi
85 2192 20 20 in
114 2193 61 22 value,
187 2192 38 20 and
233 2199 9 11 a
252 2191 39 19 like
300 2192 38 18 rise
349 2191 19 20 in
381 2192 33 18 the
424 2198 33 12 con-

43 2219 100 26 sumption
153 2219 21 19 of
184 2219 51 19 beer,
264 2220 18 17 A
299 2217 64 21 friend
375 2219 20 18 of
405 2217 30 20 his
446 2224 23 13 on

42 2245 93 26 e'tering
145 2252 11 12 a
165 2246 59 18 Slate
233 2245 21 19 in
274 2244 62 20 which
348 2244 49 20 total
419 2245 39 18 Pro-

43 2272 84 19 hibition
140 2279 37 11 was
188 2272 20 18 iti
224 2272 56 18 force
300 2271 39 19 said
350 2271 3 20 :
417 2274 51 16 want

44 2298 76 25 r-pirite,
130 2299 36 19 but
175 2298 11 19 I
196 2298 58 18 know
269 2297 17 19 it
296 2298 16 18 is
323 2297 114 24 impossible
450 2299 20 18 to

43 2326 36 24 get
88 2325 53 19 them
250 2323 40 21 The
299 2320 123 29 shopkeeper
437 2330 22 13 an-

43 2352 73 18 swered
126 2350 4 25 :
207 2351 24 19 do
243 2353 36 17 not
298 2351 36 19 sell
354 2350 67 25 spirits
434 2351 36 18 but

42 2384 29 12 we
81 2377 47 19 have
139 2384 11 12 a
160 2376 79 21 cholera
255 2377 87 19 mixture
354 2377 61 19 which
432 2382 39 19 you

42 2403 41 21 will
95 2404 39 19 find
146 2410 43 19 very
197 2403 71 20 ooml'oi
359 2403 38 19 His
403 2403 68 19 friend

42 2431 110 21 purchased
164 2430 34 19 the
208 2430 80 19 cholera
299 2431 93 22 mixture,
408 2429 63 19 which

44 2457 73 23 proved
130 2459 19 17 to
160 2457 22 18 be
193 2463 10 12 a
212 2456 77 24 whisky
306 2455 63 21 which
389 2455 24 21 he
433 2456 36 19 had

43 2481 82 21 himself
132 2483 89 19 distilled
231 2483 20 19 in
262 2483 103 19 Scotland.

132 2530 102 20 JABEZ
239 2530 134 20 BALFOUR.

101 2598 43 18 may
155 2592 85 18 interest
245 2590 61 25 you/'
317 2597 46 18 says
372 2590 99 19 aßuencs

43 2618 65 24 Ayres
126 2618 159 23 correspondent
304 2616 21 20 of
344 2616 40 19 The
394 2615 76 21 British

43 2644 92 26 Weekly,
191 2643 56 20 know
259 2642 35 20 the
304 2644 59 19 exact
384 2642 85 25 position

43 2671 22 19 of
75 2670 34 20 the
120 2670 62 20 Jabez
193 2669 85 20 Balfour
289 2676 50 13 case.
367 2669 26 19 So
408 2669 31 20 far
449 2675 22 13 as

43 2697 35 20 the
89 2697 88 20 ultimate
196 2695 64 21 result
276 2695 17 20 is
310 2695 116 24 concerned,
437 2695 33 19 the

43 2731 45 12 case
95 2723 17 21 is
123 2722 91 21 finished.
242 2722 76 20 Soicer
338 2729 17 13 01
378 2722 50 19 later
447 2721 24 20 he

43 2750 40 21 will
93 2750 24 20 be
127 2752 43 18 sent
180 2752 21 17 to
211 2756 45 16 you.
285 2749 24 20 In
321 2749 34 19 the
365 2748 106 20 meantime

43 2779 40 18 two
94 2776 81 27 charges
186 2776 50 20 have
247 2776 48 20 been
315 2775 57 20 made
390 2777 80 23 against

43 2803 47 20 bini.
118 2803 155 21 Oneisanioie
291 2804 74 24 put-up
382 2808 44 14 case
445 2801 25 26 by

43 2837 11 13 A
68 2829 65 20 friend
153 2830 21 19 to
193 2829 57 26 delay
273 2829 113 25 procedure,
407 2828 62 20 which

43 2856 40 20 will
94 2856 69 21 almost
174 2856 96 26 certainly
280 2855 25 21 be
312 2855 94 26 quashed.
429 2854 42 20 The

43 2882 58 22 ether
109 2883 83 21 is.more
202 2881 83 23 fei.ious.
303 2883 14 18 II
323 2889 16 12 :s
351 2884 81 23 partner
449 2881 20 20 in

44 2910 34 19 the
90 2910 86 25 brewery
196 2912 21 16 at
226 2909 53 20 Saha
299 2907 17 21 is
333 2909 14 19 t'
356 2914 11 13 o
383 2907 88 24 plaintiff

45 2943 17 11 n>
72 2936 10 17 H
94 2936 28 16 tin
137 2938 7 16 t
170 2943 11 9 i!
187 2934 2 26 !
202 2937 14 14 '■■
238 2935 14 19 is
275 2935 37 19 'lns
336 2934 15 20 '.:<
377 2940 51 20 preei
456 2934 1 26 !
463 2942 7 10 s

44 2970 34 17 :|if.
115 2961 26 20 t•)
172 2961 17 17 '.
206 2961 1 26 •
369 2962 26 18 br<
403 2961 34 19 ach
450 2961 21 19 of

44 2990 20 19 of
75 2996 59 13 cii.ir
149 2992 16 16 ct
188 2987 1 22 ■
201 2994 9 14 U
275 2987 1 22 ■
297 2987 2 22 •
322 2987 3 22 I
361 2993 62 11 *■■■■■■
438 2987 23 19 in!

42 3016 33 20 Bh.
85 3015 31 21 nld
129 3017 13 18 tl
151 3022 10 13 a
182 3023 43 11 e-.-t-
245 3022 80 18 gaga
336 3018 29 16 u»t
389 3013 82 21 Balfour

43 3042 25 20 he
79 3043 62 25 might
152 3043 23 19 be
185 3042 121 25 imprisoned
319 3041 44 19 here
377 3040 32 19 for
417 3047 53 12 some

42 3069 47 19 time
100 3069 68 19 before
182 3068 60 25 being
253 3067 76 19 banded
340 3073 51 13 over.
428 3066 43 20 The

42 3096 53 18 facts
105 3103 32 11 are
148 3097 36 16 not
193 3095 53 18 clear
260 3093 79 25 enough
352 3096 20 16 to
428 3092 42 20 how

42 3121 34 20 the
85 3128 44 14 case
148 3121 39 19 will
205 3128 31 17 go.
275 3120 4 25 '
289 3125 29 13 'ur
336 3120 67 19 Consu
408 3120 2 25 1
414 3133 5 10 ,
436 3121 34 17 l\lr

42 3147 99 26 Bridgctt,
152 3148 17 18 i*
179 3147 40 19 ptill
228 3145 100 26 Matching
338 3146 34 19 the
382 3152 89 18 prisoner

43 3175 35 19 but
90 3175 15 18 if
116 3174 82 19 Baif'-ur
209 3173 33 19 has
257 3180 12 12 a
289 3172 51 19 little
360 3179 17 11 m
393 3178 36 19 ney
450 3173 20 18 to

44 3201 29 17 oil'
83 3201 33 19 the
127 3199 45 23 prii»i
181 3206 12 12 n
204 3200 65 20 doi-r-,
280 3199 16 19 it
306 3204 61 14 scorns
378 3202 20 16 to
409 3204 30 13 me
448 3197 22 20 he

45 3227 63 24 might
118 3226 60 25 ein-ily
187 3229 69 22 escape
265 3231 66 13 acrcts
343 3225 32 19 'he
386 3224 85 20 frontier

41 3253 22 19 to
76 3253 80 23 Bolivia,
174 3252 96 25 although
283 3255 22 14 he
325 3251 15 19 is
351 3257 42 12 now
406 3251 64 19 better

42 3279 87 20 watched
139 3274 48 24 than

528 101 143 21 GROWING
687 101 58 19 RED
761 101 111 20 CLOVER

664 127 77 20 SEED.

514 180 18 18 A
542 179 94 26 Tuapeka
647 179 75 21 farmer
733 180 42 20 who
789 180 35 19 has
834 179 44 26 just
889 187 18 12 re-

488 207 72 18 turned
580 207 53 19 from
648 213 12 12 a
671 207 41 25 trip
727 206 88 25 through
832 207 75 19 Canter-

489 233 50 24 bury
563 232 34 19 has
615 233 80 19 written
723 234 21 18 to
767 233 34 18 the
825 233 93 25 Tuapeka

488 258 65 20 Times
564 264 25 13 an
607 261 85 17 account
703 259 22 19 of
735 259 33 19 the
783 261 85 23 country
880 259 36 18 and

489 291 64 17 crops,
563 286 40 18 etc.
631 285 101 25 Amongst
742 285 58 19 other
817 285 68 24 things
896 285 23 19 he

490 310 63 20 refers
572 312 20 17 to
607 311 35 19 the
655 312 91 24 growing
765 312 22 19 of
804 312 34 19 red
854 312 65 19 clover

489 337 52 24 seed,
565 338 108 24 regarding
688 338 63 19 which
773 338 23 19 he
818 338 66 19 writes
899 345 20 12 as

489 363 79 19 follows
579 363 3 19 :

517 389 81 20 'Should
609 397 35 18 say
654 397 55 12 some
718 390 22 19 of
751 390 33 19 the
801 390 59 21 finest
872 390 44 20 land

490 422 20 13 in
530 416 34 19 the
582 415 70 26 colouy
666 416 17 19 is
698 418 21 17 to
740 417 24 19 be
785 424 46 13 seen
846 418 20 19 in
887 417 34 19 the

490 442 86 19 Leestou
583 442 39 19 and
629 442 136 26 Southbriiige
773 444 98 22 districts,
882 444 37 18 and

491 468 16 19 is
516 470 22 17 at
548 470 81 23 present
637 468 92 26 fetching
737 477 22 12 as
771 470 55 19 much
838 477 21 12 as
870 469 49 19 from

490 494 44 19 £l7
553 497 21 16 to
594 495 43 20 £25
648 501 24 12 an
687 502 46 13 acre
747 496 21 19 in
784 496 34 19 the
837 496 83 18 market.

490 520 42 19 The
542 520 84 20 farmers
635 520 20 20 iu
668 521 57 20 these
736 522 64 24 places
812 522 49 19 have
872 522 47 19 been

490 546 84 26 turning
592 547 53 20 their
661 548 101 19 attention
782 555 12 12 a
813 548 49 25 good
878 548 42 19 deal

490 573 74 26 during
587 574 34 19 the
640 574 41 19 last
695 575 71 24 couple
785 574 22 19 of
820 580 56 19 years
900 576 20 17 tu

491 600 89 25 growing
598 600 33 20 red
648 600 65 20 clover
728 601 51 18 seed.
808 601 10 18 I
838 607 40 12 was
892 600 19 19 in-

492 626 76 20 formed
589 626 26 26 by
628 633 55 13 some
693 627 22 19 of
725 627 33 19 the
774 626 84 20 farmers
876 626 45 20 that

491 652 48 25 they
549 652 49 20 have
609 653 61 19 taken
681 660 21 12 as
714 653 56 19 much
786 659 22 13 as
818 654 46 18 four
875 654 46 25 bags

491 678 22 20 of
531 679 65 19 clover
610 679 45 19 seed
672 679 52 19 from
735 686 27 12 an
772 686 45 13 acre
833 679 22 20 of
868 679 51 20 land.

492 705 56 19 Each
565 705 38 26 bag
621 706 65 18 would
702 705 62 26 weigh
780 706 61 19 abcut
856 706 65 23 3001b,

492 731 38 19 and
540 731 19 19 in
571 731 34 19 the
614 731 95 25 Tuapeka
716 732 82 20 district
807 732 38 19 this
857 732 63 20 would

491 757 55 19 fetch
565 757 52 19 from
628 759 38 18 10d
678 760 20 17 to
713 760 21 17 Is
747 766 34 17 per
795 759 26 19 lb.
849 759 22 19 If
890 765 30 20 my

493 783 87 26 farming
597 784 80 19 readers
692 785 98 19 calculate
812 784 46 25 this,
873 785 47 25 they

492 809 39 20 will
541 809 23 19 be
574 810 44 20 able
629 814 19 15 to
658 811 126 19 understand
795 811 53 19 what
857 818 12 12 a
878 818 32 19 pro-

492 835 68 20 fitable
570 836 41 20 Hue
621 837 15 19 it
647 837 22 23 is,
681 837 38 19 and
729 837 38 20 will
779 837 63 19 admit
853 837 44 19 that
907 838 13 18 it

492 862 16 19 is
520 863 62 19 worth
593 869 10 13 a
615 863 46 19 trial
672 863 51 19 here.
751 863 56 25 They
823 863 97 20 informed

493 895 30 13 me
534 889 44 19 that
588 896 12 12 a
610 889 55 19 small
677 889 92 26 paddock
779 891 22 18 of
812 890 33 19 red
857 890 65 19 clover

492 915 46 19 seed
549 915 39 20 will
599 915 70 26 marly
676 915 75 25 always
762 918 48 17 turn
821 918 36 17 out
866 916 42 19 well
919 915 4 26 ;

494 941 35 19 but
540 941 43 20 that
593 948 12 12 a
614 942 54 24 large
680 942 90 25 paddock
781 942 75 19 seldom
868 942 54 20 does.

492 967 41 20 The
551 969 129 23 explanation
701 969 22 18 of
739 968 38 19 this
792 969 16 19 is
823 969 46 19 that
890 969 33 19 the

493 994 79 19 humble
581 995 43 19 bees
635 1001 33 12 aio
679 997 36 16 not
723 994 4 26 r
738 1000 91 14 umeroua
836 996 87 24 enough.

493 1020 27 19 To
539 1020 102 20 illustrate
651 1021 45 23 this,
716 1021 9 19 I
742 1028 39 13 was
793 1021 42 20 told
852 1021 47 21 that
907 1021 15 20 it

493 1046 56 19 often
561 1046 104 27 happened
675 1047 44 20 that
730 1047 55 20 when
796 1055 11 12 a
814 1049 54 24 largo
878 1048 34 25 pad-

492 1072 50 19 dock
561 1074 16 18 is
600 1079 55 13 sown
671 1073 35 20 the
725 1077 68 16 centre
814 1080 45 18 part
879 1081 43 15 may

492 1098 52 25 yield
568 1100 86 22 nothing
673 1107 24 12 or
719 1103 48 16 next
791 1103 19 16 to
833 1100 89 25 nothing,

493 1124 57 21 while
560 1126 77 19 around
648 1127 25 23 by
685 1126 33 19 the
729 1127 67 19 fences
813 1127 55 18 there
880 1133 42 15 may

493 1151 23 19 bo
539 1159 11 12 a
571 1152 90 26 splendid
676 1160 53 18 crop.
767 1153 40 18 The
832 1153 51 23 bees,
908 1154 13 17 it

493 1185 68 17 seems,
573 1185 32 12 are
620 1181 36 16 not
666 1181 35 23 yet
711 1185 108 13 numerous
835 1179 87 24 enough.

492 1204 42 19 The
551 1204 79 21 method
650 1206 103 24 employed
770 1205 16 19 is
802 1209 20 15 to
837 1208 34 16 cut
890 1206 33 18 the

492 1237 56 18 grass
559 1231 44 24 (the
614 1231 33 19 red
659 1232 66 19 clover
733 1231 16 20 is
756 1238 54 13 sown
822 1231 47 20 with
881 1237 30 20 rye-

492 1257 66 25 grass)
579 1258 54 24 early
644 1257 19 20 in
675 1258 34 19 the
724 1264 86 13 summer
829 1258 33 19 for
878 1258 44 25 hay,

492 1283 34 19 the
537 1284 71 19 second
621 1284 77 25 growth
710 1284 60 26 being
782 1284 88 20 reserved
892 1284 31 20 for

493 1310 44 19 seed
558 1317 102 18 purposes.
690 1310 70 21 White
771 1313 66 18 clover
847 1310 16 19 is
881 1310 42 20 also

492 1343 53 12 sown
555 1337 31 18 for
595 1336 45 20 seed
651 1343 102 19 purposos,
765 1337 37 20 but
809 1338 34 19 the
854 1336 69 28 alsyke

492 1362 64 21 clovti
570 1362 32 21 hrts
623 1363 50 20 been
685 1363 50 21 tried
752 1364 36 19 but
798 1364 35 20 has
850 1364 73 26 always

493 1389 48 20 been
552 1395 11 15 a
573 1390 72 21 failure
656 1390 20 20 in
688 1390 141 27 Onuterbury.'

567 1462 158 22 GAMBLING
740 1465 35 20 AT
789 1465 57 20 SEA.

518 1516 113 28 According
644 1521 18 16 to
678 1524 80 21 reports
769 1519 33 20 the
821 1520 100 25 gambling

491 1543 95 21 nuisance
605 1551 85 18 appears
705 1548 20 16 to
741 1545 23 21 be
784 1547 91 26 growing
896 1554 24 13 on

490 1577 54 14 some
563 1571 21 19 nf
602 1571 33 20 the
650 1571 121 28 i-teamsbips
786 1573 88 27 Tunning
889 1574 22 20 be-

490 1599 63 18 tween
560 1597 90 27 England
657 1598 38 20 and
704 1599 108 21 Austittli*.
840 1602 80 19 Several

490 1624 92 20 scandals
607 1625 47 20 have
674 1625 61 28 lately
752 1627 48 20 been
822 1629 99 23 reported,

490 1653 37 18 and
539 1651 16 20 it
565 1650 56 22 locks
632 1659 20 12 as
669 1652 16 20 if
697 1652 56 22 there
765 1661 49 13 were
824 1660 53 14 some
888 1655 22 19 ad-

490 1678 72 20 vanced
571 1678 38 20 and
621 1678 137 28 enterprising
765 1680 100 27 gamblers
878 1682 42 18 who

490 1704 63 20 travel
563 1704 20 20 in
594 1705 38 19 and
644 1708 41 22 out,
698 1707 82 25 -'ailing
798 1707 52 19 their
861 1707 60 27 living

489 1733 36 17 out
543 1731 22 20 of
580 1731 33 20 the
633 1738 53 14 more
700 1733 71 24 simple
795 1741 124 18 passengers.

488 1758 46 18 Two
545 1763 69 20 young
624 1758 77 21 fellows
712 1759 60 26 gniug
784 1761 21 19 to
825 1761 33 18 the
869 1761 40 19 colo-

489 1784 40 19 nies
539 1785 56 24 quite
607 1785 89 23 recently
708 1792 48 13 were
777 1787 96 19 swindled
885 1791 36 16 out

488 1810 21 19 of
520 1811 73 23 £I,OOO
612 1811 39 19 and
663 1812 59 19 £9OO
737 1811 68 21 before
816 1813 48 26 they
883 1814 37 18 had

488 1837 82 19 reached
590 1837 104 25 Colombo,
704 1839 38 18 and
758 1846 11 12 a
781 1839 84 24 petition
882 1847 38 12 was

487 1862 105 21 addressed
605 1865 21 17 to
637 1864 34 19 the
682 1865 80 25 captain
774 1865 21 20 of
807 1866 33 19 the
856 1867 63 19 vessel

488 1891 20 17 to
519 1889 48 19 have
578 1887 33 22 the
629 1890 88 26 winning
727 1893 101 23 gamostor
844 1893 73 19 turned

487 1915 71 20 ashore
567 1918 22 17 at
600 1916 45 19 that
657 1917 61 24 place.
746 1918 46 19 Tins
810 1926 39 12 was
860 1920 58 22 (\ono,

487 1941 38 21 but
543 1942 57 20 there
610 1949 38 14 was
663 1945 119 25 apparently
793 1945 83 27 nothing
892 1948 28 21 t>i

487 1973 45 21 stop
544 1970 38 19 him
598 1970 52 19 from
662 1977 61 19 going
734 1972 71 19 aboard
819 1972 33 19 tho
868 1979 38 13 nex

488 1995 80 26 passing
592 1998 87 18 steamer
704 1998 39 19 and
763 1998 101 26 resuming
889 1999 19 19 hi

487 2022 139 25 questionable
647 2024 123 21 operations.
803 2024 63 20 These
888 2032 23 13 re

489 2051 55 21 ports
553 2055 54 13 come
618 2048 51 19 from
682 2050 33 19 the
725 2051 110 25 European
849 2052 40 19 end
899 2059 11 13 o

489 2074 33 19 the
545 2074 46 21 line.
619 2075 64 20 There
702 2076 24 19 do
742 2079 37 16 not
802 2084 74 18 appear
899 2081 21 17 to

490 2100 47 19 have
548 2100 47 20 been
607 2107 39 19 any
655 2108 47 19 very
714 2104 76 19 serious
800 2104 120 26 complaints

489 2128 20 17 at
520 2126 39 20 this
570 2127 45 19 end.

515 2188 56 19 THE
585 2188 142 22 RELIGION
738 2191 36 19 OF
795 2191 90 20 JAPAN.

516 2241 21 19 It
548 2248 20 12 wi
577 2241 34 19 uld
623 2241 24 20 be
658 2241 47 20 hard
717 2244 21 17 tj
750 2250 39 17 say,
810 2244 88 20 remarks
910 2251 9 13 a

491 2267 100 26 magazine
610 2268 191 27 contributor,.just
818 2270 52 20 what
886 2271 33 19 the

491 2295 80 23 present
590 2294 86 25 religion
692 2295 21 19 of
728 2295 35 20 the
782 2296 100 25 Japanese
897 2298 22 18 is.

490 2319 63 21 There
564 2326 32 14 are
606 2321 25 19 all
641 2320 59 20 kinds
711 2322 23 19 of
737 2323 59 24 sects,
808 2322 110 21 Buddhism

492 2346 95 25 probably
608 2347 168 25 predominating.
805 2349 58 20 Since
887 2354 32 16 trie

492 2371 82 21 Mikado
593 2373 115 21 renouuced
720 2375 29 18 hi*
764 2375 100 20 infallible
882 2380 36 15 and

490 2400 66 18 sacred
576 2399 104 21 character
694 2401 137 19 considerable
853 2402 55 20 loose-

491 2432 44 12 ness
545 2425 20 19 in
577 2425 93 26 religious
681 2427 87 25 thought
785 2435 22 12 or
817 2429 91 26 supersti-

490 2452 42 19 tion
551 2453 201 25 prevails—leaving,
765 2454 22 20 of
802 2462 76 16 coime,
894 2456 24 19 al!

490 2477 33 19 the
546 2484 53 13 more
613 2485 55 13 room
689 2479 31 19 for
734 2481 34 18 the
787 2481 88 20 advance
899 2483 18 18 of

490 2504 138 26 Christianity.
657 2505 42 20 The
718 2507 84 25 temples
817 2514 34 13 are
873 2515 45 19 very

490 2529 70 26 simple
579 2532 118 24 structures,
713 2533 35 19 tho
762 2533 54 20 chief
831 2535 87 20 interna!

490 2557 78 19 feature
591 2557 20 19 in
632 2564 58 19 many
711 2559 21 19 of
755 2559 53 20 them
828 2561 60 25 being
910 2569 8 12 n

490 2582 150 27 looking-glass,
663 2586 99 24 supposed
787 2590 20 16 to
830 2587 24 20 be
878 2595 30 13 em

490 2609 93 21 blematie
602 2610 21 19 of
635 2610 33 20 the
683 2613 61 19 soul's
762 2613 74 26 purity.
864 2615 55 19 Near

490 2635 15 20 it
515 2642 17 14 is
541 2643 12 13 a
563 2636 47 20 font
619 2637 117 26 containing
747 2640 68 19 water.
843 2641 23 19 In
878 2641 41 19 this

489 2662 34 19 the
534 2663 125 25 worshipper
670 2664 80 25 washes,
762 2665 46 20 then
824 2669 94 22 proceeds

489 2690 21 18 to
534 2689 34 20 the
588 2689 149 27 looking-glars
751 2692 39 19 and
813 2700 59 18 prays
887 2693 32 20 for

489 2715 52 20 what
560 2716 24 19 he
603 2719 72 22 wants,
689 2719 38 17 aud
745 2719 54 19 after
817 2720 78 25 leaving
909 2727 10 13 a

489 2741 38 20 few
537 2749 84 19 coppers
632 2743 19 19 in
663 2750 11 12 a
685 2743 36 20 box
733 2752 46 12 near
790 2745 32 26 by,
843 2747 54 25 rings
908 2754 11 12 a

489 2768 40 20 bell
539 2771 21 17 at
571 2769 33 20 the
614 2769 49 21 door
673 2769 63 21 thrice
746 2778 21 12 as
778 2771 24 21 he
821 2780 46 18 goes
877 2775 42 18 out.

561 2849 140 22 REVENUE
715 2851 119 21 DETAILS.

516 2903 114 25 According
641 2906 20 17 to
673 2903 33 20 the
715 2907 111 18 stuleirient.
837 2907 22 19 of
870 2908 35 24 pub-

489 2929 25 18 lie
532 2933 97 16 accounts
641 2930 102 25 published
760 2932 19 18 in
801 2933 34 20 the
851 2937 66 17 recent

490 2955 91 24 Gazette,
607 2956 33 20 the
673 2959 82 18 amount
780 2959 21 19 of
824 2960 89 25 ordiuarj

490 2988 86 13 revenue
583 2981 32 20 fur
627 2982 31 19 the
664 2986 81 22 quarter
753 2985 62 19 ended
830 2985 45 21 Dec.
887 2988 23 18 31

490 3009 51 18 1894
566 3016 39 11 was
623 3009 109 25 £869,388,
750 3011 60 19 which
821 3011 16 20 in
852 3020 9 11 a
882 3013 22 19 de-

488 3040 67 15 crease
565 3035 21 19 af
596 3036 103 24 £281,401
710 3038 104 25 compared
826 3038 47 20 w.th
884 3039 33 20 the

489 3068 53 12 same
566 3062 67 22 period
653 3063 21 17 of
689 3062 33 20 the
747 3064 91 23 previous
862 3072 55 18 year.

489 3086 40 20 The
538 3088 45 24 only
592 3088 58 19 items
662 3089 62 18 which
733 3090 53 19 show
797 3097 23 13 an
830 3091 87 21 increase

489 3120 31 12 are
527 3116 76 22 stamps
614 3114 109 25 £154,202,
732 3116 60 19 which
805 3117 14 18 is
828 3118 89 22 £10.177

489 3146 54 13 more
562 3140 48 19 than
623 3141 33 19 the
673 3145 83 16 amount
774 3143 95 21 collected
886 3145 31 19 for

489 3166 33 19 the
534 3173 52 12 same
601 3167 67 24 period
680 3168 38 19 last
735 3175 53 18 year,
799 3170 36 18 and
854 3175 56 15 nosta
913 3166 2 27 1

489 3192 36 19 and
539 3192 104 25 telegraph
657 3194 46 19 cash
715 3196 85 22 receipts
819 3197 92 23 £15,119

489 3225 24 12 an
523 3219 89 19 incres-e
622 3219 22 19 of
663 3220 29 19 £2
702 3222 43 18 518.
773 3221 41 19 The
826 3224 91 17 Customs

489 3245 106 19 amounted
613 3248 20 16 to
644 3246 107 23 £390,079,
767 3248 61 20 which
838 3248 18 20 is
865 3255 13 14 a
887 3250 23 18 de

489 3277 65 13 crease
564 3271 22 19 of
595 3270 95 25 £14,640.
725 3270 4 25 I
737 3274 22 18 lie
770 3281 86 12 revenue
866 3276 50 18 from

489 3297 46 19 land
558 3298 39 18 and
617 3298 77 19 income
715 3300 34 18 tax
774 3307 38 12 was
833 3302 77 22 £0,452

490 3323 51 19 Beer
560 3324 50 25 duty
624 3325 107 19 amounted
754 3328 19 16 to
795 3327 96 25 £17.87-1,
907 3336 8 11 a

489 3349 93 19 decrease
600 3350 21 18 of
636 3351 63 20 £-157.
729 3351 87 27 Railway
832 3352 78 22 levehm

488 3376 107 19 amounted
605 3378 22 16 to
644 3378 109 24 £268,300,
764 3385 11 12 a
784 3379 93 20 decrease
896 3389 6 9 <
908 3381 9 18 f

489 3402 83 23 £2,412.
600 3402 137 25 Registration
748 3405 38 19 and
797 3407 58 18 other
874 3406 43 20 fees

489 3429 106 19 amounted
615 3431 20 15 to
659 3429 82 23 £7,578,
756 3437 11 12 a
790 3431 92 20 deena-e
897 3434 16 18 ol

489 3453 80 21 £3,501.
598 3455 155 20 Miscellaneous
771 3458 105 19 amounted
895 3461 22 17 to

489 3480 81 23 £4,212,
591 3488 11 12 a
617 3481 92 19 decrease
723 3482 21 18 of
765 3483 82 21 £7,532.
875 3484 42 20 The

488 3509 82 16 amount
580 3507 21 19 of
610 3507 110 19 territorial
730 3515 87 13 revenue
830 3509 66 20 shows
906 3518 11 12 a

488 3531 90 21 decrease
597 3533 21 19 of
629 3534 102 22 £289,740
746 3536 106 24 compared
868 3537 47 19 with

488 3557 33 20 the
531 3565 53 13 same
593 3561 83 23 quarter
686 3561 22 18 of
717 3561 34 19 the
762 3562 59 25 previi
830 3570 23 12 us
863 3570 53 17 year.

489 3584 40 19 The
547 3585 132 25 expenditure
699 3587 64 19 under
777 3587 33 20 the
830 3589 50 19 head
895 3589 22 20 cf

489 3613 117 22 permanent
661 3613 158 25 aprropriations
877 3622 40 14 was

487 3637 104 22 £857,850
602 3644 11 12 a
632 3638 92 20 decrease
734 3639 21 19 of
764 3640 90 22 £07,333
864 3648 39 12 com-

490 3663 58 19 uared
572 3663 48 20 with
639 3664 35 19 the
688 3671 53 14 same
755 3667 66 23 poriod
843 3667 21 20 of
881 3668 34 19 the

489 3689 92 24 previous
600 3697 53 18 year.
681 3691 72 20 Under
768 3692 34 19 the
823 3693 50 19 head
894 3694 21 19 of

487 3715 75 20 annual
585 3716 163 24 appropriations
769 3718 35 20 the
823 3719 51 20 total
898 3720 17 19 is

487 3741 56 20 £5lO
551 3743 39 18 023
601 3742 32 19 for
650 3743 33 18 the
693 3747 81 21 quarter
784 3745 63 20 ended
865 3746 43 20 Dec

487 3768 22 18 31
518 3768 44 24 iast,
574 3768 61 19 which
647 3768 16 19 is
673 3775 12 12 a
692 3769 91 20 decrease
793 3771 21 19 of
823 3772 92 22 £18,428

487 3794 103 23 compared
603 3794 49 20 with
662 3794 34 20 the
706 3801 52 13 name
770 3796 67 25 period
848 3798 22 19 of
880 3798 35 19 the

489 3820 90 19 previous
597 3827 54 18 year.
678 3821 42 19 The
729 3825 83 16 amount
826 3823 21 19 of
866 3824 47 19 New

487 3844 86 21 Zealand
584 3846 79 21 consols
683 3847 62 20 which
757 3848 48 19 have
819 3849 49 19 been
886 3857 18 11 in

487 3871 77 19 scribed
574 3872 17 19 is
601 3873 109 24 £15.1,200,
722 3874 21 19 of
755 3874 60 19 whieh
837 3876 78 24 £1,200

487 3896 15 20 is
522 3897 45 21 cash
590 3899 22 20 in
626 3899 34 22 the
675 3900 78 25 deposit
769 3904 87 17 account
875 3903 38 18 and

486 3922 104 24 £150,000
597 3924 16 19 is
621 3931 20 13 in
651 3925 34 21 the
692 3926 122 22 investment
820 3933 93 16 account.

485 3949 133 26 —LyUelton
629 3951 73 20 Times.

1042 101 19 19 A
1075 101 90 19 FATAL
1174 101 86 19 SLEEP.

962 154 33 19 An
1005 154 153 26 extraordinary
1168 157 56 22 story
1233 161 41 13 was
1292 155 43 19 told
1351 157 22 17 at

936 179 35 19 the
989 179 141 28 Birmingham
1148 181 99 19 coroner's
1268 183 57 17 court
1342 188 20 13 re-

936 206 67 24 cently
1013 206 76 26 during
1097 213 26 13 an
1139 207 81 25 inquest
1230 214 26 11 on
1265 207 36 19 the
1318 207 55 25 body

936 232 22 19 of
967 232 92 19 Beatrice
1068 233 82 24 Newoy,
1160 233 54 25 aged
1226 234 29 22 17,
1266 233 45 19 'who
1330 240 42 14 was

937 258 73 25 fatally
1029 259 79 18 burned
1125 259 89 25 through
1233 259 37 19 her
1297 259 75 20 clothes

937 285 108 25 becoming
1067 284 86 26 iginited
1179 285 61 20 while
1268 285 36 20 sho
1334 292 39 13 was

938 311 68 25 asleep
1016 317 26 12 on
1052 317 11 12 a
1073 311 56 18 chair
1138 310 70 20 beforo
1216 312 34 18 the
1259 312 43 19 fire.
1330 312 44 19 The

937 337 80 19 mother
1026 337 65 19 stated
1105 337 45 19 that
1157 337 102 24 deceased,
1268 338 106 20 whenever

939 363 36 18 she
1000 365 31 16 sat
1058 362 64 24 down,
1150 363 38 19 fell
1214 364 75 26 asleep.
1325 364 49 19 This

938 390 128 23 somnolency
1075 395 41 13 was
1125 389 100 20 inherited
1235 390 28 25 hy
1271 397 12 12 a
1301 391 73 19 second

938 415 107 25 daughter,
1064 415 41 19 and
1128 415 58 20 when
1204 416 36 19 sho
1259 418 31 17 sat
1308 417 64 23 down,

938 441 91 19 whether
1043 441 99 25 morning,
1151 447 60 18 noon,
1229 449 21 12 or
1269 443 65 25 night,
1353 449 21 12 or

941 467 90 19 whether
1040 467 70 19 before
1120 473 21 13 or
1151 468 52 19 after
1212 468 69 24 meals,
1293 469 36 18 she
1338 468 36 19 fell

940 493 42 19 into
993 499 12 13 a
1013 493 64 19 sound
1087 493 60 25 sleep.
1176 494 20 19 It
1206 501 41 12 was
1263 495 59 18 while
1340 494 34 19 the

940 520 48 24 girls
1005 526 52 12 were
1073 519 125 26 slumbering
1216 527 49 12 near
1283 521 35 18 the
1332 520 42 24 fire,

941 546 52 18 after
1002 545 77 26 having
1089 546 99 24 partaken
1200 547 21 18 of
1231 553 79 19 supper,
1330 546 44 19 that

939 571 115 19 deceased's
1079 569 74 23 clothes
1181 573 76 24 caught
1281 573 42 18 firo.
1357 572 17 18 A

939 597 77 20 verdict
1035 597 21 19 of
1074 597 111 20 accidental
1206 598 61 19 death
1286 604 40 14 was
1344 604 20 13 re-

939 623 80 19 turned.

979 686 57 19 THE
1046 686 81 19 HOME
1136 686 85 19 PRESS
1231 686 37 19 ON
1278 686 58 20 THE

993 716 175 20 WAIRARAPA
1180 716 142 20 DISASTER.

967 769 42 19 The
1019 771 108 17 comments
1135 770 21 18 of
1165 769 35 20 the
1209 770 64 19 Home
1283 770 61 19 Press
1351 776 25 12 on

941 795 34 19 the
994 795 79 25 finding
1099 796 22 18 of
1153 795 33 19 the
1205 796 63 19 Court
1292 796 22 18 in
1342 796 34 18 the

941 820 122 26 Wairarapa
1070 821 82 25 inquiry
1162 822 40 19 will
1211 823 24 18 bo
1252 822 34 19 the
1296 828 79 12 reverse

940 847 22 19 of
980 847 93 25 pleasant
1090 849 86 24 reading
1197 850 21 17 to
1243 848 37 19 the
1307 847 69 20 Ui»ion

941 872 110 26 Company.
1079 873 21 20 It
1110 880 40 13 was
1165 875 54 23 (says
1229 873 147 25 Globetrotter)

1069 900 107 19 remarked
1194 900 67 19 whilst
1277 906 29 13 wo
1324 906 52 13 were

941 931 26 13 on
983 926 34 19 the
1028 926 50 19 New
1096 926 90 19 Zealand
1204 927 55 18 coast
1277 926 45 19 that
1340 932 37 12 our

941 951 76 20 officers
1029 959 50 12 were
1088 952 105 19 overdone.
1221 952 34 18 All
1269 952 41 24 day
1328 952 48 24 they

943 983 48 14 wers
1000 978 86 24 tallying
1094 984 59 18 cargo
1164 977 38 19 and
1213 980 21 16 at
1250 977 60 25 night
1326 978 49 24 they

941 1004 49 24 kept
1000 1003 70 24 watch,
1087 1003 40 19 and
1134 1003 40 20 this
1185 1006 52 17 went
1247 1010 24 13 on
1291 1004 32 18 for
1342 1004 34 19 tho

942 1029 44 18 best
1004 1032 45 21 port
1068 1030 21 18 of
1111 1035 12 12 a
1143 1029 61 19 week.
1232 1030 12 19 I
1261 1029 62 20 asked
1342 1030 34 19 the

941 1055 54 19 chief
1004 1055 45 19 how
1057 1055 48 25 they
1115 1056 106 25 managed,
1233 1056 40 19 and
1288 1056 26 19 he
1332 1056 44 19 said

941 1087 55 13 more
1024 1081 49 19 than
1096 1081 12 19 I
1135 1081 48 19 dare
1334 1082 42 19 The

941 1107 106 19 Chronicle
1057 1108 53 18 fears
1120 1107 45 19 that
1183 1108 70 19 sailors
1272 1107 102 27 generally

942 1139 34 13 are
983 1135 35 17 not
1035 1133 54 19 what
1106 1133 53 19 their
1177 1133 122 21 forefathers
1317 1141 58 12 were.

941 1159 26 18 In
977 1159 35 19 the
1165 1166 45 13 case
1226 1161 17 18 it
1252 1167 40 13 was
1308 1160 38 19 left
1356 1163 20 16 to

942 1185 35 19 the
1002 1186 233 19 stewardesses—whom
1266 1187 35 19 tho
1325 1187 51 19 New

943 1211 86 19 Women
1039 1211 51 19 have
1099 1212 39 18 lost
1146 1218 24 12 no
1181 1212 48 20 time
1238 1212 21 20 in
1278 1213 98 24 adopting

942 1243 22 12 as
975 1243 37 13 one
1022 1237 21 19 of
1052 1237 168 20 themselves—to
1231 1241 30 16 set
1279 1239 34 19 the
1330 1245 46 13 meu

942 1269 25 12 an
973 1263 91 25 example
1069 1264 21 18 of
1094 1263 93 19 heroism.
1211 1264 64 20 Those
1280 1271 84 15 courage-

942 1295 36 13 ous
996 1289 70 19 ladies'
1086 1289 84 20 conduct
1193 1290 42 19 will
1257 1290 119 20 henceforth

941 1315 57 25 point
1004 1322 61 18 many
1073 1322 11 13 a
1093 1316 96 19 feminine
1196 1317 64 19 moral
1267 1317 40 19 and
1313 1317 63 19 adorn

941 1347 61 20 many
1012 1348 12 13 a
1033 1342 75 19 femino
1117 1342 47 20 tale.

1447 98 57 19 THE
1518 99 52 19 1891
1581 98 79 19 GOLD
1675 98 90 20 YIELD.

1396 145 56 19 THE
1480 144 129 20 LARGEST
1641 143 187 21 AUSTRALIAN

1408 176 90 20 YIELD
1509 175 56 20 EOR
1578 176 126 20 TWENTY
1714 175 99 20 YEARS.

1421 228 41 19 The
1473 228 163 26 deputy-master
1646 228 21 21 of
1678 227 35 21 the
1723 228 104 19 Victorian

1397 256 49 19 mint
1457 255 35 18 has
1507 254 106 21 furnished
1634 263 10 12 a
1664 257 69 18 return
1753 254 21 20 of
1794 254 34 19 the

1396 282 45 25 gold
1453 281 51 24 yield
1515 281 21 19 of
1546 282 134 23 Australasia,
1692 281 62 19 which
1765 281 63 19 shows

1397 309 44 18 that
1451 308 17 18 it
1478 313 16 13 m
1512 308 35 19 the
1565 308 77 25 largest
1662 308 44 19 that
1726 308 35 19 has
1781 308 47 18 been

1397 334 92 19 recorded
1501 334 31 19 for
1542 335 25 18 20
1577 341 64 18 years.
1669 334 43 19 Tho
1723 336 43 23 Age
1777 340 52 19 says:

1396 362 56 18 —As
1464 360 31 20 far
1504 367 21 13 as
1537 360 91 20 Victoria
1646 361 17 19 is
1674 360 111 20 concerned
1796 360 33 19 the

1398 388 73 25 figures
1481 393 34 13 are
1525 387 111 26 gratifying
1652 387 77 26 beyond
1744 387 26 19 all
1797 393 23 13 es

1399 413 117 25 pectations.
1546 413 106 20 Victorian
1677 413 48 26 geld
1743 413 87 24 actually

1398 440 68 20 coined
1478 440 19 18 in
1510 440 50 18 1894
1575 442 108 18 amounted
1704 443 20 15 to
1752 440 79 19 739211

1397 474 27 12 oz.
1437 472 25 14 an
1474 466 89 20 increase
1580 466 21 20 of
1618 467 104 23 45,0000z.
1732 472 47 13 over
1797 466 33 19 the

1399 494 49 18 1893
1457 494 89 21 amount,
1569 499 34 18 say
1620 493 63 25 again
1691 493 21 18 of
1720 493 109 22 £189,000.

1398 518 40 20 The
1464 520 58 23 great
1546 519 48 19 bulk
1622 521 21 17 of
1666 517 93 21 Western
1779 520 38 18 Aus-

1398 545 72 19 tralian
1481 546 45 24 gold
1542 545 40 20 Bud
1594 546 25 18 its
1630 547 66 20 wayto
1708 545 122 20 Melbourne

1398 572 32 19 for
1440 572 88 24 coinage.
1558 572 24 19 In
1594 572 49 22 fact,
1655 573 16 17 it
1681 571 17 19 is
1709 571 120 20 understood

1398 599 46 19 that
1454 602 52 16 most
1515 599 22 18 of
1547 598 33 19 the
1596 598 108 23 purchases
1728 599 56 19 made
1805 599 25 24 by

1399 625 33 20 the
1443 625 64 19 banks
1518 632 24 12 on
1553 625 35 19 the
1599 625 57 18 fields
1666 632 33 12 are
1707 626 23 18 at
1739 625 32 19 the
1782 625 47 20 wish

1398 652 22 19 of
1430 653 35 18 the
1484 651 79 24 miners,
1589 651 82 25 subject
1688 653 22 17 to
1730 651 35 20 tho
1783 652 46 18 final

1399 679 86 19 decision
1497 677 21 19 of
1527 677 34 19 the
1572 677 121 19 Melbourne
1714 681 50 15 mint
1773 679 49 18 certi-

1400 705 63 19 ficate.
1491 703 41 20 The
1542 709 138 20 consequence
1691 704 22 19 of
1729 703 35 21 tho
1781 705 40 18 acti-

1400 732 41 23 vity
1452 730 19 19 in
1483 729 34 20 the
1526 730 80 19 Golden
1617 731 59 19 West
1687 737 39 11 was
1737 730 32 20 for
1780 733 52 17 1894

1399 764 25 13 an
1434 755 120 21 additiou'of
1564 756 111 24 200,0000z
1692 759 20 16 to
1723 757 33 19 the
1775 757 42 20 Mel-

1401 785 73 17 bourne
1491 782 88 26 coinage.
1617 783 54 19 That
1693 783 18 19 it
1733 790 40 12 was
1794 785 38 17 not

1399 811 79 23 greater
1494 809 39 19 will
1556 816 55 12 come
1631 816 21 12 as
1671 816 12 12 a
1702 809 90 25 surprise
1811 813 20 16 to

1401 837 50 18 most
1462 836 75 25 people,
1549 835 37 20 but
1602 835 60 20 West
1681 836 105 20 Australia
1797 837 34 19 has

1399 863 36 19 not
1445 864 34 23 yet
1489 862 83 20 reached
1584 861 56 20 third
1660 861 56 25 place
1734 863 32 19 for
1786 863 44 24 gold

1401 888 117 27 production
1530 889 19 18 in
1560 888 34 19 the
1605 895 71 18 group.
1704 889 25 19 In
1750 889 44 21 fact
1815 889 17 19 it

1401 915 85 26 possible
1495 915 46 19 that
1552 914 34 20 the
1596 915 64 25 yields
1672 915 21 19 of
1713 915 50 20 New
1783 916 36 19 Zea-

1401 941 44 20 land
1457 941 37 20 and
1506 941 50 20 New
1567 941 67 20 South
1645 941 70 20 Wales
1726 941 39 20 will
1782 943 40 19 rele-

1399 972 46 21 gate
1455 968 59 20 West
1524 968 107 19 Australia
1640 969 21 18 to
1673 968 44 19 fifth
1728 968 62 25 place.

1425 994 41 20 The
1477 995 44 18 first
1531 1001 46 12 ume
1593 994 79 19 months
1683 995 21 18 in
1715 994 49 20 New
1784 995 36 19 Zea-

1399 1021 46 20 land
1456 1021 77 25 yielded
1545 1020 38 20 173
1587 1020 2 27 ;
1592 1021 69 23 9U30z,
1674 1021 39 19 and
1732 1021 34 20 the
1786 1028 37 19 pro

1399 1051 48 16 duet
1470 1048 19 18 in
1515 1047 133 25 Queensland
1671 1046 33 20 for
1728 1047 34 19 the
1780 1054 53 14 same

1400 1074 69 26 period
1493 1081 40 12 was
1551 1074 118 23 471,1080z.
1707 1074 64 19 These
1790 1077 41 17 two

1398 1100 88 20 eolonies
1493 1100 24 19 do
1529 1102 35 17 not
1572 1100 51 19 mint
1641 1099 53 19 their
1703 1100 65 19 entire
1788 1108 33 19 pro-

1399 1126 90 23 duction,
1502 1134 21 12 as
1534 1133 44 19 may
1597 1126 24 20 be
1639 1126 45 19 said
1700 1126 21 19 of
1740 1126 92 21 Victoria

1398 1154 39 19 and
1458 1152 51 21 New
1532 1153 65 20 South
1728 1153 39 20 We
1785 1154 47 19 hare

1399 1187 49 15 now,
1459 1179 97 23 however,
1566 1179 101 20 sufficient
1677 1179 47 19 data
1744 1181 20 18 to
1784 1187 33 12 con-

1399 1208 65 18 struct
1471 1213 24 12 an
1505 1206 94 19 estimate
1609 1204 23 21 of
1642 1206 34 19 the
1687 1206 143 21 Australasian

1398 1233 46 25 gold
1455 1232 53 26 yield
1519 1232 32 19 for
1562 1234 58 23 ISDI,
1629 1239 24 12 an
1672 1232 49 19 such
1740 1239 25 13 an
1784 1234 39 19 esti-

1398 1260 17 19 is
1427 1266 43 13 now
1481 1259 56 25 given
1546 1259 4 25 :

1478 1287 51 18 1891
1716 1286 37 20 Oz.

1450 1311 90 20 Victoria
1618 1328 19 5 ...
1696 1312 84 24 739,496

1451 1338 129 21 Queensland
1620 1338 18 24 ..
1697 1340 83 22 624,000

1450 1364 51 20 New
1507 1364 91 19 Zealand
1619 1382 20 4 ...
1696 1366 84 22 230,000

1453 1390 57 21 West
1523 1390 106 21 Australia
1696 1392 84 23 224,000

1451 1416 51 21 New
1509 1416 65 21 South
1583 1417 71 22 Wales
1697 1418 83 24 223,298

1451 1443 107 21 Tasmania
1620 1459 5 7 ~
1709 1444 71 25 48,002

1452 1470 65 21 South
1522 1470 107 22 Australia
1709 1472 71 23 35,844

1457 1531 7 5 *
1477 1523 58 20 Total
1625 1539 17 6 ..
1674 1524 104 23 2,125,441

1442 1551 28 19 To
1492 1550 43 19 find
1557 1557 26 13 an
1606 1550 143 20 Australasian
1778 1550 54 27 yield

1399 1581 80 22 greater
1493 1576 50 21 than
1552 1577 45 20 that
1608 1577 15 20 it
1633 1577 17 20 is
1660 1583 104 20 necessary
1776 1580 20 17 to
1807 1583 25 20 go

1401 1604 49 19 back
1460 1608 21 15 <:o
1498 1604 54 25 1874,
1573 1604 59 20 when
1650 1603 35 20 the
1702 1605 73 24 output
1792 1610 40 13 was

1399 1630 134 25 2,133,4410z.
1579 1630 41 20 For
1641 1631 48 18 1894
1704 1630 128 20 Australasia

1398 1656 100 27 probably
1519 1656 63 20 ranks
1605 1657 22 19 in
1643 1656 48 26 gold
1713 1656 119 27 production

1399 1684 64 19 below
1474 1684 33 19 the
1521 1683 78 20 United
1618 1683 73 24 States,
1712 1684 37 19 but
1768 1683 64 20 above

1397 1710 78 19 Africa.
1503 1710 20 19 It
1533 1709 17 19 is
1558 1709 127 20 ascertained
1695 1709 80 26 beyond
1785 1716 36 13 con-

1397 1736 78 25 jecture
1484 1736 46 20 that
1543 1736 35 20 the
1589 1736 80 20 world's
1679 1736 47 25 gold
1735 1736 56 25 yield
1800 1736 32 20 for

1401 1764 49 18 1893
1457 1763 42 19 will
1508 1762 73 26 eclipse
1596 1768 59 19 every
1665 1763 95 25 preuious
1778 1762 54 25 yield

1399 1796 25 12 on
1437 1789 75 24 record,
1524 1789 40 19 and
1573 1789 17 19 it
1606 1789 17 19 is
1643 1789 128 24 satisfactory
1787 1789 45 19 that

1397 1815 128 19 Australasia
1538 1815 17 19 is
1575 1815 139 25 contributing
1731 1815 89 19 consider-

1398 1841 48 25 ably
1456 1843 20 17 to
1486 1841 34 19 the
1530 1841 95 19 increase.

1881 113 58 20 OUR
1954 113 141 20 SPLENDID
2110 112 128 21 PAUPERS.

1873 166 59 19 Some
1950 167 39 19 two
2003 173 58 18 years
2076 172 38 19 ago
2132 165 35 19 the
2181 165 98 20 Countess

1847 193 20 18 of
1880 192 109 24 Warwick,
2010 192 82 25 writing
2106 192 21 19 of
2144 191 34 19 the
2193 191 86 26 English

1847 218 92 24 nobility,
1949 219 44 18 said
2004 218 4 24 :
2011 218 32 24 —'
2052 218 40 19 Wo
2106 224 33 12 are
2153 220 36 16 not
2207 224 12 13 a
2236 218 44 20 rich

2014 244 40 19 Wo
2073 249 33 14 are
2129 250 61 16 many
2212 244 22 19 of
2256 251 23 12 us

1847 270 73 24 deadly
1935 277 55 18 poor,
2010 270 40 19 and
2068 269 27 19 all
2110 269 33 18 the
2161 276 72 18 poorer
2245 270 23 19 be-

1847 303 59 12 cause
1929 296 102 23 tradition,
2056 296 79 23 society,
2160 296 40 18 and
2222 297 58 25 prido

1847 322 59 19 make
1928 329 25 12 us
1970 329 26 18 go
2014 327 27 13 on
2062 321 66 25 living
2146 320 79 26 beyond
2243 329 37 13 our

1847 354 76 13 means.
1951 348 21 19 It
1981 348 17 19 is
2014 349 36 17 not
2059 353 22 13 as
2092 347 15 19 if
2116 347 35 19 the
2161 348 119 26 aristocracy

1848 374 58 19 could
1916 376 30 17 set;
1963 380 27 13 an
2005 373 92 26 example
2115 374 22 18 in
2151 373 40 19 this
2200 377 79 17 matter.

1848 400 56 25 They
1913 400 52 20 have
1974 400 53 20 been
2045 399 68 19 forced
2122 401 20 17 to
2153 406 25 19 go
2188 400 34 20 the
2231 407 49 19 pace

1848 426 49 20 with
1920 427 35 19 the
1975 432 96 14 nouvcaux
2094 425 60 19 riches
2177 428 35 18 set.
2241 427 39 20 Wc

1848 452 52 20 hove
1909 454 20 18 to
1945 453 39 19 live
1994 452 59 20 when
2071 458 47 13 corn
2128 452 16 18 is
2154 453 35 18 30s
2199 459 12 13 a
2221 460 47 18 quar-

1849 480 30 18 ter
1888 485 22 13 as
1928 479 59 19 when
2000 476 17 27 ft
2032 478 17 19 is
2066 479 47 22 50s;
2127 478 37 19 but
2180 480 35 18 not
2233 479 48 24 only

1848 505 51 22 that,
1907 505 39 19 but
1955 507 20 16 to
1986 505 50 24 beep
2045 504 85 23 abreast,
2142 504 16 18 if
2167 506 34 18 not
2208 505 71 23 ahead,

1849 531 21 19 of
1879 531 34 19 the
1923 531 87 24 wealthy
2027 529 138 26 tradespeople
2176 530 43 20 who
2229 531 52 19 have

1849 563 54 13 come
1926 557 42 19 into
1989 555 54 20 land.
2071 555 43 19 The
2127 556 62 19 result
2205 557 17 19 is
2236 557 45 19 that

1850 589 28 13 wo
1892 589 33 13 are
1943 589 62 18 many
2012 582 21 19 of
2047 588 24 13 us
2085 581 51 20 little
2136 581 1 26 1
2149 582 66 19 bettor
2232 583 49 19 than

1849 609 93 25 splendid
1951 607 101 27 paupers.'
2081 607 42 20 The
2132 609 83 25 passing
2225 609 56 19 thrill

1850 635 21 19 of
1888 635 44 25 pity
1954 635 33 18 for
2004 634 35 19 the
2061 639 50 19 poor
2124 635 114 19 aristocrats
2261 635 21 19 of

1850 661 94 24 England
1961 660 66 19 which
2045 665 40 14 was
2105 660 74 19 evoked
2200 661 28 25 by
2241 661 41 19 this

1849 687 90 25 pathetic
1960 686 71 19 recital
2053 686 21 19 of
2094 686 53 19 their
2168 693 53 13 woes
2241 687 41 19 had

1850 715 66 23 pretty
1924 712 45 19 well
1979 711 47 20 died
2036 711 67 27 away;
2114 712 37 20 but
2162 711 3 27 '
2175 712 44 20 that
2229 713 53 25 good

1849 738 62 24 man,'
1929 738 34 19 Mr
1972 738 35 19 W.
2025 738 22 19 T.
2059 737 67 24 Stead,
2146 738 36 19 has
2200 739 82 19 revived

1850 765 34 18 the
1902 764 80 19 subieet
2004 763 29 25 by
2050 764 87 25 quoting
2150 764 58 26 Lady
2221 764 45 21 War-

1850 790 68 20 wick's
1936 790 91 19 remarks
2043 796 23 13 as
2084 790 34 19 the
2132 792 62 17 motto
2212 791 22 19 of
2248 791 35 19 the

1850 816 111 19 Christmas
1979 815 87 20 number
2079 816 20 18 of
2118 816 33 19 tho
2165 816 82 20 Review
2262 817 21 19 of

1850 842 97 23 Reviews,
1960 842 40 19 and
2019 842 27 23 by
2063 848 44 19 way
2123 842 21 19 of
2154 842 129 26 introducing

1850 875 12 12 a
1871 868 40 20 tale
1919 868 83 19 entitled
2012 867 4 27 '
2023 868 43 18 The
2074 867 96 26 Splendid
2176 868 90 26 Paupers
2277 867 4 27 :

1852 895 16 18 A
1886 894 48 19 Talo
1954 895 20 18 of
1992 894 34 18 the
2046 894 86 25 Coming
2149 894 133 27 Plutocracy.'

1850 921 42 18 The
1902 922 55 23 story
1967 920 49 19 ends
2026 920 48 19 with
2082 920 34 18 tho
2124 920 96 25 moral—'
2228 921 55 19 Thus

1850 947 34 19 the
1893 946 34 20 old
1937 946 58 19 order
2005 945 94 26 changes,
2116 946 71 25 giving
2196 947 57 25 placo
2262 950 21 16 to

1850 971 56 25 new;
1921 972 40 19 and
1985 978 25 13 on
2029 971 34 19 tho
2081 972 56 19 ruins
2156 974 21 17 of
2200 980 36 12 our
2250 974 33 18 old

1850 999 126 24 aristocracy,
1999 998 74 18 ruined
2094 997 28 25 by
2146 998 34 20 the
2202 999 38 19 fall
2262 1000 21 18 in

1850 1025 63 25 prices
1929 1024 39 19 and
1991 1024 35 18 the
2044 1024 128 25 competition
2187 1025 21 19 of
2226 1026 55 23 Asia,

1851 1051 55 19 there
1916 1056 41 13 was
1973 1050 70 18 reared
2053 1050 34 18 the
2097 1053 134 17 corner-stone
2241 1052 21 19 of
2272 1058 11 12 a

1850 1084 44 12 new
1904 1077 122 25 plutocracy,
2041 1075 50 20 with
2109 1075 26 20 all
2150 1077 33 19 tho
2200 1077 53 19 vices
2262 1078 22 19 of

1851 1103 34 19 the
1895 1103 33 19 old
1937 1103 69 25 regime
2015 1102 40 19 and
2067 1108 51 13 nono
2128 1102 21 19 of
2158 1105 25 17 its
2193 1103 89 20 virtues.'

1851 1129 131 25 Apparently,
1994 1129 99 22 however,
2105 1128 55 19 there
2178 1129 18 19 is
2210 1136 26 13 no
2247 1130 24 19 im-

1850 1155 87 19 mediate
1961 1155 77 24 danger
2051 1154 21 19 of
2094 1154 34 19 tho
2147 1154 32 20 old
2197 1156 86 25 nobility

1851 1182 22 18 of
1881 1181 96 25 England
1985 1180 63 25 being
2057 1180 85 19 reduced
2152 1183 20 16 to
2182 1182 34 19 tho
2226 1189 46 18 poor-

1851 1208 69 22 house,
1938 1214 22 12 or
1970 1213 50 13 even
2029 1209 21 16 to
2066 1206 71 19 honest
2151 1207 41 23 toil,
2208 1208 32 19 for
2250 1208 34 19 the

1851 1234 143 19 Westminster
2017 1232 83 19 Gazette
2123 1239 12 12 a
2156 1233 39 20 few
2217 1234 67 19 weeks

1852 1266 38 18 ago
1913 1259 115 25 published,
2044 1259 22 18 in
2088 1258 84 26 parallel
2194 1260 90 19 columns

1852 1286 48 19 with
1911 1286 33 19 the
1954 1287 77 18 extract
2038 1284 52 20 from
2098 1284 56 26 Lady
2164 1285 120 20 Warwick's

1852 1312 75 23 article,
1947 1312 40 19 this
1997 1310 117 26 paragraph
2123 1311 52 19 from
2186 1312 33 19 the
2229 1312 47 26 daily-

1851 1344 73 20 papers
1933 1338 22 19 of
1974 1337 111 20 December
2094 1337 50 27 hist:
2148 1337 31 27 —'
2187 1338 33 19 An
2230 1339 43 25 agri-

1852 1364 88 19 cultural
1957 1364 96 19 labourer
2068 1369 41 14 was
2127 1363 89 26 brought
2226 1371 27 20 up
2264 1367 21 18 at

1852 1390 100 26 Coventry
1979 1390 107 26 yesterday
2118 1390 89 25 charged
2234 1391 50 20 with

1851 1416 88 27 stealing
1954 1423 12 13 a
1974 1416 55 20 sable
2043 1416 64 23 cloak,
2115 1416 34 20 tho
2159 1420 95 23 property
2264 1418 21 19 of

1852 1443 34 20 the
1895 1443 99 20 Countess
2003 1442 21 20 of
2037 1441 109 22 Warwick.
2175 1443 44 20 Her
2228 1444 44 26 lady-

1851 1469 46 27 ship
1906 1476 41 14 was
1958 1472 35 18 out
2002 1468 89 27 hunting
2100 1475 25 15 on
2135 1468 99 28 Tuesday,
2245 1470 40 21 and

1850 1496 38 20 left
1906 1496 34 20 the
1954 1495 59 21 cloak
2027 1495 22 21 in
2067 1502 13 13 a
2094 1495 89 26 carriage
2207 1498 21 18 at
2250 1496 35 21 the

1851 1522 100 26 Coventry
1974 1522 46 20 Inn.
2055 1521 42 21 The
2120 1521 59 21 value
2203 1523 21 19 of
2250 1524 35 19 the

1850 1549 58 21 cloak
1918 1556 42 13 was
1967 1549 69 20 £Boo.'
2064 1549 33 19 No
2114 1548 67 20 better
2194 1549 91 21 instance

1850 1575 50 21 than
1909 1575 39 20 this
1958 1575 21 21 of
1991 1575 3 26 '
2003 1575 35 20 the
2052 1575 72 26 deadly
2137 1575 85 26 parallel
2233 1575 3 26 '
2247 1576 37 21 has

1851 1609 46 13 ever
1913 1602 52 20 been
1980 1601 112 21 witnessed.
2120 1601 29 21 As
2168 1601 34 21 the
2217 1603 53 20 West-

1850 1629 83 20 minster
1951 1629 82 19 Review
2047 1628 111 24 remarked,
2174 1628 34 20 the
2218 1629 55 26 splen-

1850 1655 51 20 dour
1911 1655 21 20 in
1941 1655 34 20 the
1994 1661 44 13 case
2048 1655 21 19 of
2087 1655 58 26 Lady
2155 1655 102 21 Warwick
2267 1656 18 20 is

1850 1682 90 23 obvious,
1954 1681 4 27 '
1965 1681 37 20 but
2019 1681 64 20 where
2091 1681 47 20 does
2147 1681 35 20 the
2200 1684 85 24 poverty

1850 1715 55 13 come
1923 1709 21 19 in
1954 1708 14 19 ?'
1997 1707 43 20 The
2061 1708 99 19 wretched
2184 1709 49 19 semi
2244 1709 41 19 serf

1850 1735 45 19 who
1914 1735 73 25 picked
1996 1741 26 18 up
2042 1734 34 19 the
2096 1734 115 20 Countess's
2229 1736 54 18 £BOO

1851 1761 63 19 worth
1925 1761 21 19 of
1955 1761 56 19 sable
2017 1760 100 25 probably
2127 1761 50 19 lives
2187 1761 40 19 and
2237 1768 35 19 sup-

1850 1789 56 24 ports
1924 1794 12 12 a
1948 1787 46 19 wife
2009 1786 41 19 and
2071 1787 71 24 family
2160 1794 26 12 on
2209 1789 35 18 ten
2262 1794 23 13 or

1850 1813 71 20 twelve
1944 1813 94 25 shillings
2061 1819 12 12 a
2095 1813 62 19 week.
2186 1813 66 20 Thero
2267 1814 17 19 is

1850 1840 86 25 nothing
1947 1839 4 26 '
1960 1839 93 25 splendid
2063 1839 4 26 '
2083 1839 61 19 about
2162 1844 85 21 poverty
2263 1841 21 19 of

1851 1866 44 18 that
1903 1865 127 25 description.
2059 1865 20 19 It
2089 1865 65 19 would
2165 1867 25 18 bo
2198 1873 55 13 more
2264 1869 19 17 to

1850 1892 35 19 tho
1894 1892 58 25 point
1965 1891 17 19 if
1991 1898 55 12 souio
2060 1891 21 19 of
2091 1891 34 20 tho
2134 1891 118 26 journalists
2262 1893 22 19 of

1850 1918 34 19 the
1895 1918 38 19 Old
1943 1918 97 24 Country,
2050 1917 78 20 instead
2138 1919 21 18 of
2177 1919 107 25 deploring

1850 1944 35 19 tho
1895 1944 76 19 dcclino
1989 1944 22 19 of
2020 1944 35 19 tho
2074 1943 124 27 aristocracy,
2217 1945 66 19 would

1847 1970 1 26 I
1850 1971 71 19 devote
1944 1977 55 12 some
2017 1970 22 19 of
2052 1970 52 19 their
2120 1970 72 26 ability
2210 1973 21 18 to
2249 1971 34 20 the

1847 1991 62 25 'cause
1932 1996 21 19 of
1975 1996 35 19 tho
2041 1996 80 25 squalid
2152 2003 88 20 paupers
2264 1998 20 19 of

1850 2022 256 26 England.—Canterbury
2116 2022 72 21 Times.

1849 2101 58 19 THE
1927 2100 123 21 CHINESE
2069 2100 83 19 ARMY
2165 2100 61 19 AND
2240 2099 42 22 ITS

1993 2135 147 19 TRAINING.

1876 2187 42 20 Ono
1927 2194 71 13 reason
2008 2188 47 25 why
2065 2188 33 19 tiio
2114 2187 86 20 Chinese
2210 2188 73 19 should

1848 2214 26 19 bo
1893 2221 21 12 so
1931 2213 124 26 thoroughly
2073 2214 72 19 boaton
2164 2220 61 19 every
2234 2214 49 19 time

1848 2240 48 25 tlioy
1911 2241 44 18 faco
1974 2240 34 19 the
2027 2240 94 19 invaders
2135 2240 16 19 is
2161 2240 64 19 found
2239 2240 21 18 in
2271 2247 12 12 a

1848 2268 68 18 recent
1930 2267 120 24 description
2069 2266 21 18 of
2103 2266 53 19 their
2176 2266 65 25 Army
2256 2266 27 25 by

1855 2303 5 8 v
1883 2292 89 20 Russian
1994 2292 101 19 traveller.
2129 2291 33 20 He
2182 2292 100 19 describes

1848 2319 34 19 tho
1905 2319 113 19 armament
2036 2319 22 19 of
2071 2318 34 19 the
2119 2318 84 19 soldiers
2220 2325 22 12 as
2262 2319 20 18 in

1847 2344 35 19 the
1892 2344 82 26 highest
1988 2344 73 25 degree
2079 2344 75 19 varied.
2184 2344 43 19 Ono
2245 2344 36 19 has

1848 2377 12 12 a
1867 2371 49 23 riilo,
1929 2377 12 13 a
1950 2371 73 18 second
2042 2377 9 12 n
2063 2370 70 24 sword,
2145 2377 12 12 a
2166 2370 55 19 third
2232 2371 50 18 both

1847 2397 44 19 riflo
1901 2397 40 19 and
1950 2396 72 24 sword,
2041 2403 12 12 a
2063 2396 69 19 fourth
2142 2403 12 12 a
2171 2403 61 18 spear
2241 2404 5 16 ;
2260 2397 21 18 in

1846 2423 47 23 fact,
1917 2429 23 13 so
1963 2422 77 20 diverse
2058 2423 17 18 is
2094 2422 53 19 their
2170 2424 112 18 armament

1846 2449 46 19 that
1910 2449 16 19 it
1941 2449 17 19 is
1971 2449 117 25 impossible
2106 2451 21 17 to
2142 2448 90 20 describe
2246 2448 35 20 tho

1846 2482 109 12 numorons
1973 2475 116 19 variations.
2117 2475 42 18 The
2178 2481 90 13 non-com-

1846 2501 108 19 missioned
1963 2500 38 21 offi(
2007 2507 31 14 ers
2044 2507 78 19 possess
2131 2501 101 19 revolvers
2241 2500 40 21 and

1846 2527 82 23 swords,
1945 2527 38 20 but
1998 2527 34 19 the
2046 2527 76 20 officers
2137 2533 34 13 aro
2195 2527 86 25 entirely

1847 2554 103 18 unarmed.
2001 2553 42 19 The
2073 2555 57 23 great
2152 2553 87 19 number
2259 2554 22 18 of

1846 2579 87 20 Chinese
1956 2580 76 18 officers
2057 2580 76 18 receive
2156 2586 26 12 no
2205 2579 74 26 spatial

1845 2606 91 25 training
1955 2606 20 18 in
1998 2606 34 18 the
2051 2605 119 25 knowledge
2190 2606 21 18 of
2227 2605 53 20 their

1846 2632 71 24 duties,
1936 2632 40 19 and
1990 2632 87 24 scarcely
2094 2638 12 12 a
2119 2631 59 20 tenth
2199 2634 46 23 part
2258 2632 22 18 of

1846 2658 55 18 them
1924 2665 49 12 oven
2001 2657 60 20 know
2088 2657 45 20 bow
2161 2661 20 15 to
2213 2658 65 19 shoot.

1846 2683 99 27 Shooting
1964 2684 49 19 with
2025 2684 35 18 the
2069 2683 50 25 bow,
2131 2690 25 13 on
2167 2684 111 19 horseback

1846 2710 38 19 and
1904 2716 26 13 on
1947 2710 49 23 foot,
2021 2709 86 26 fonting,
2133 2709 40 20 and
2189 2710 48 19 skill
2257 2710 20 19 in

1845 2736 94 25 carrying
1949 2736 40 19 and
1994 2735 84 26 hurling
2088 2735 163 27 weights—such
2261 2736 16 18 is

1844 2762 35 20 the
1897 2762 90 25 syllabus
2002 2761 21 21 of
2036 2762 34 19 the
2086 2764 81 23 present
2185 2762 92 25 imperial

1845 2789 137 19 examination
1997 2789 33 18 for
2046 2788 33 19 the
2096 2788 82 25 highost
2196 2788 79 24 grades,

1844 2815 45 20 that
1909 2815 23 19 is.
1953 2815 32 19 for
2008 2815 89 22 Doctors,
2122 2815 39 18 and
2185 2813 92 26 Military

1844 2841 87 20 Science.
1959 2841 28 19 As
1996 2841 82 24 regards
2084 2841 35 18 the
2125 2841 61 18 lower
2196 2840 78 25 grades,

1844 2868 47 24 they
1910 2874 34 14 are
1954 2867 97 19 recruited
2070 2866 51 20 from
2137 2866 34 19 the
2185 2868 91 18 servants

1844 2894 21 19 of
1883 2894 34 19 the
1933 2893 137 20 commanders
2085 2893 21 18 of
2123 2893 64 24 Army
2206 2892 68 25 Corps,

1843 2921 52 19 from
1918 2926 86 18 grooms,
2029 2919 38 19 and
2090 2919 52 19 from
2161 2925 46 13 men
2229 2925 35 13 con-

1843 2947 44 18 dom
1891 2947 37 19 tied
1951 2947 20 18 to
1994 2945 89 26 military
2105 2945 74 19 service
2194 2945 28 24 by
2241 2945 34 19 the

1843 2973 45 18 civil
1909 2972 122 22 mandarins,
2057 2971 38 19 and
2119 2977 33 13 are
2175 2971 42 19 still
2236 2971 38 19 loss

1843 2999 87 25 adapted
1938 2999 32 18 for
1978 2998 52 19 their
2040 2997 86 25 position
2136 2997 50 19 than
2196 3004 34 12 are
2240 2997 34 19 the

1844 3025 72 24 higher
1925 3024 79 25 grades.
2032 3022 148 26 Furthermore,
2191 3030 83 19 persons

1841 3051 66 25 rarely
1930 3051 64 18 attain
2026 3049 34 20 tho
2084 3049 73 25 higher
2185 3049 89 25 military

1841 3077 71 23 offices,
1925 3077 50 23 who,
1994 3076 99 24 although
2103 3078 35 17 not
2145 3076 98 19 educated
2252 3076 21 19 in

1841 3102 34 19 tho
1894 3103 86 19 Chineso
1994 3109 57 12 sense
2066 3102 22 19 of
2103 3101 34 20 the
2156 3102 61 22 word,
2232 3103 40 23 yet,

1840 3128 142 25 nevertheless,
2007 3128 76 26 having
2101 3128 49 25 long
2163 3128 71 19 served
2251 3128 21 19 in

1841 3155 33 19 the
1891 3155 63 19 ranks
1971 3154 40 19 and
2030 3154 100 19 therefore
2148 3154 77 25 having
2234 3154 26 19 bo-

1841 3187 54 13 come
1906 3180 120 25 acquainted
2043 3180 48 20 with
2107 3186 12 13 a
2129 3180 90 18 soldier's
2230 3180 41 23 life,

1841 3213 33 12 aro
1892 3207 44 19 well
1954 3206 120 25 acquainted
2088 3206 49 19 with
2155 3206 34 19 the
2203 3207 69 18 merits

1840 3233 40 18 and
1890 3233 75 18 defects
1975 3233 22 18 of
2006 3232 56 19 those
2076 3234 55 23 parts
2141 3232 21 19 of
2171 3232 34 19 tho
2216 3239 56 18 army

1841 3261 94 21 amongst
1954 3258 66 19 which
2039 3258 33 19 the
2095 3260 80 22 greator
2189 3262 46 21 part
2251 3259 21 19 of

1840 3285 52 18 their
1902 3285 36 18 life
1953 3286 37 17 has
2008 3284 51 18 been
2073 3284 78 25 passed.
2179 3284 57 26 They
2245 3291 26 19 go

1840 3310 89 25 through
1959 3310 81 18 various
2076 3310 74 24 utterly
2174 3311 97 19 senseless

1839 3336 101 20 aciobatic
1961 3335 52 19 feats
2040 3335 41 26 (for
2102 3336 96 24 iustaueo,
2223 3337 48 25 they

1839 3365 47 16 turn
1905 3361 134 24 somersaults,
2053 3361 21 20 in
2085 3363 57 18 order
2161 3364 19 17 to
2191 3363 80 19 deceive

1839 3388 34 19 tho
1883 3394 71 17 enemy
1963 3387 22 24 b3
1986 3394 5 6 r
2001 3394 11 12 a
2024 3388 109 25 protended
2142 3389 78 23 wound,
2230 3389 41 19 and

1839 3413 166 26 '•'iinultanoously
2023 3413 72 20 enable
2103 3413 56 21 them
2175 3417 19 16 t)
2210 3415 59 19 touch

1839 3439 42 19 him
1898 3439 49 19 with
1962 3439 53 19 their
2024 3440 48 24 long
2081 3439 56 20 lance
2145 3439 4 25 ;
2164 3447 28 17 or,
2204 3440 66 20 bettor

1838 3465 46 24 still,
1910 3465 77 25 compel
2004 3465 34 19 tho
2051 3465 66 19 feeble
2140 3466 91 25 infantry
2249 3468 20 18 to

1838 3491 68 19 attack
1930 3491 39 19 and
1992 3491 45 19 deal
2059 3491 63 20 blows
2145 3492 50 20 with
2217 3492 53 20 their

1837 3517 156 25 exceptionally
2001 3517 64 25 heavy
2076 3518 38 18 and
2124 3517 49 26 long
2182 3519 85 25 spears),

1837 3544 82 24 roaring
1929 3545 20 17 to
1960 3543 91 25 frighten
2061 3543 34 19 the
2105 3550 76 18 enemy,
2194 3545 75 20 certain

1837 3570 82 25 strange
1930 3569 71 19 danoes
2018 3571 20 20 at
2048 3570 65 20 statod
2128 3570 101 23 intervals,
2248 3571 20 18 in
2282 3569 1 26 .

1837 3595 65 19 which
1912 3594 94 21 uuaimed
2014 3595 35 19 fire
2055 3596 17 18 is
2078 3596 77 19 carriod
2163 3603 31 17 on,
2206 3596 63 26 solely

1836 3622 20 17 to
1866 3622 65 18 create
1940 3621 210 25 noise.—Telegraph.

2297 97 57 19 THE
2378 96 195 24 ABORIGINALS
2598 101 36 19 OF
2658 97 51 21 AUS-

2457 122 110 23 TRALIA.

2323 176 54 19 That
2387 175 64 20 which
2461 175 23 28 ha
2495 175 12 28 3
2518 175 90 28 happened
2624 178 101 21 wherever

2297 203 34 20 the
2349 202 167 26 .all-conquering
2533 198 68 28 'white
2621 211 44 14 man
2691 203 35 19 has

2297 228 122 21 established
2441 230 83 22 himself,
2540 231 16 19 is
2576 231 116 26 happening
2705 230 20 19 in

2301 254 164 21 Australia—tho
2483 256 67 21 native
2572 263 114 21 possessors
2706 256 22 19 of

2297 282 34 19 tiiß
2351 281 37 20 soil
2398 287 34 13 aro
2449 281 40 20 fast
2503 283 60 27 dying
2651 283 27 20 In
2693 282 33 19 the

2297 308 32 20 old
2349 308 56 24 days,
2425 307 67 20 before
2507 310 32 19 the
2563 311 75 20 advent
2651 309 22 20 of
2692 309 34 18 the

2299 334 105 26 pale-face,
2424 334 122 22 internecine
2558 344 46 14 war.
2613 344 26 13 no
2656 335 69 23 doubt,

2297 362 50 22 kept
2367 360 57 19 down
2442 360 34 19 the
2490 364 118 24 population
2623 365 22 18 to
2663 369 12 13 a
2690 360 36 21 low

2298 386 56 24 level,
2376 386 38 20 but
2424 387 16 18 it
2456 386 17 21 is
2487 391 67 24 pretty
2564 391 44 19 safe
2627 391 20 17 to
2662 390 65 17 assert

2299 414 45 19 that
2363 412 34 19 the
2407 414 116 20 introduced
2538 416 53 21 vices
2601 416 23 19 of
2641 414 76 21 civilisa-

2298 441 42 18 tion
2351 439 52 19 have
2420 439 48 20 been
2478 441 54 25 quite
2540 449 22 13 as
2578 442 79 24 deadly.
2685 440 43 20 The

2299 466 121 24 Aborigines
2438 465 118 23 Protection
2565 468 67 21 Board
2646 466 23 21 of
2678 465 48 21 New

2298 492 66 20 South
2471 493 68 25 which,
2551 496 55 19 since
2616 496 27 18 its
2658 493 58 25 incep-

2300 519 42 19 tion
2363 518 19 19 in
2398 520 57 23 18S3,
2474 519 33 20 has
2521 522 82 19 evinced
2622 527 24 12 an
2663 521 65 18 active

2299 546 87 19 interest
2405 544 20 20 in
2441 545 26 19 its
2481 548 71 23 special
2570 548 54 19 work
2639 546 21 19 of
2680 552 36 19 pre-

2300 571 108 24 servation,
2420 571 49 19 finds
2479 572 49 20 that,
2545 572 183 25 notwithstanding

2299 598 27 19 ail
2336 598 126 19 State-aided
2472 599 77 25 efforts,
2560 601 34 18 the
2608 599 119 20 d«cimation

2300 623 97 27 proceeds
2407 631 65 18 apace,
2483 626 36 19 and
2529 633 102 19 expresses
2641 626 35 18 the
2685 624 43 20 fear

2300 651 45 19 that
2363 650 50 19 'the
2428 651 60 24 heavy
2504 653 100 25 moi'-'ity
2619 652 35 19 has
2679 651 48 19 been

2300 678 39 18 due
2358 677 75 24 mainly
2451 678 20 18 to
2484 678 147 24 drunkenness,
2652 677 39 21 and
2707 679 21 17 to

2300 710 69 13 causes
2380 703 76 25 arising
2466 703 49 21 from
2527 705 34 20 the
2578 713 35 12 uce
2624 704 20 20 of
2655 704 61 20 intoxi-

2300 730 69 24 cating
2389 729 82 20 driDks.'
2498 731 100 21 Whether
2608 738 22 13 or
2646 731 39 19 not
2695 730 34 19 the

2302 755 118 21 Australian
2453 756 118 27 aboriginals
2604 764 34 14 are
2669 756 58 25 fairly

2303 781 68 26 placed
2378 782 20 19 in
2409 781 34 20 the
2449 782 69 20 lowest
2524 785 53 19 scale
2585 785 22 19 of
2617 783 111 25 humanity,

2302 809 34 19 the
2352 808 90 19 wii-'ders
2461 809 21 19 of
2496 809 33 21 tho
2548 811 122 23 boomerang
2691 809 37 19 and

2302 838 35 17 the
2356 835 70 24 wp.ddy
2440 842 34 12 are
2493 843 24 12 an
2536 837 123 24 interesting
2679 842 49 16 race,

2301 861 39 20 and
2352 861 50 19 from
2420 861 132 27 ethnolrgical
2569 863 160 21 considerations

2301 889 58 19 alone
2378 890 18 16 it
2405 888 17 18 is
2432 890 36 16 not
2483 890 111 25 surprising
2610 890 46 18 that
2672 889 58 19 there

2302 913 71 21 should
2393 914 24 19 be
2432 920 11 12 a
2458 914 48 20 keen
2525 916 66 20 desire
2600 918 22 17 to
2636 921 94 14 conserve

2302 941 35 19 the
2347 940 136 25 fast-waning
2495 945 99 17 remnant.
2622 942 43 20 But
2675 941 55 19 there

2302 967 15 19 is
2328 967 70 25 higher
2416 967 75 25 ground
2504 968 46 20 than
2570 969 48 19 this.
2648 967 37 20 'lt
2695 967 35 20 has

2301 994 74 25 always
2386 993 49 19 been
2446 993 100 26 admitt'd,
2549 993 3 26 -
2552 993 2 26 '
2565 1002 29 12 we
2607 1001 34 13 aro
2651 994 79 25 gravely

2302 1020 49 23 told,
2363 1019 4 26 '
2378 1019 46 20 that
2433 1019 34 20 tho
2478 1021 71 24 origin,-
2553 1022 5 8 1
2577 1028 79 12 owners
2666 1021 22 19 of
2696 1021 34 19 the

2302 1049 86 21 country
2406 1045 39 20 had
2467 1046 80 20 claims.'
2580 1048 26 19 In
2630 1047 43 19 how
2697 1047 33 19 far

2302 1073 57 19 those
2369 1073 69 18 claims
2449 1079 49 13 were
2508 1074 56 20 acted
2577 1080 60 20 upon,
2648 1073 17 19 is
2675 1073 56 26 quite

2302 1098 85 21 another
2410 1101 78 18 matter.
2528 1101 66 19 There
2618 1099 66 21 would
2708 1100 23 19 be

2302 1132 53 13 some
2375 1125 83 25 terribly
2472 1125 147 21 blood-stain'-J
2640 1132 61 19 pages
2715 1126 17 20 if

2302 1153 35 19 the
2359 1151 77 25 history
2462 1151 21 20 of
2509 1153 33 19 ihe
2563 1155 5 8 '
2578 1153 137 19 blackfellows
2726 1151 4 25 '

2302 1185 51 12 were
2364 1181 21 16 to
2396 1178 23 19 bo
2439 1179 96 25 minutely
2545 1179 88 23 written,
2654 1179 78 25 setting

2302 1205 57 19 down
2378 1204 20 19 in
2419 1204 60 25 plaiu,
2495 1212 24 12 un
2525 1206 102 19 varnished
2653 1204 77 21 fashion

2303 1232 42 19 how
2356 1230 34 19 the
2400 1230 82 20 invader
2492 1232 44 19 shot
2552 1233 54 19 them
2617 1232 64 22 down,
2693 1232 37 19 and

2304 1259 41 18 how
2356 1258 24 19 he
2391 1257 81 20 utilised
2489 1258 34 19 the
2533 1259 92 25 tracking
2636 1258 47 20 skill
2693 1258 37 20 and

2303 1284 99 20 ferocious
2424 1284 95 19 instincts
2538 1286 21 18 of
2574 1292 54 13 some
2643 1285 32 20 for
2696 1285 34 19 the

2301 1310 173 26 euphemistically
2485 1310 98 23 phrashed
2603 1310 3 26 '
2618 1311 98 25 dispersal
2728 1310 4 26 '

2302 1337 21 20 of
2333 1336 35 21 the
2378 1336 74 21 others.
2481 1336 24 20 In
2516 1338 51 24 spite
2578 1338 22 21 of
2610 1338 34 19 the
2655 1338 66 25 philan-

2302 1364 75 25 thropy
2399 1363 22 20 of
2439 1365 70 18 recent
2523 1371 55 19 years
2593 1364 35 21 the
2649 1364 81 20 doomed

2302 1397 44 14 race
2357 1390 104 20 continues
2470 1395 11 14 a
2491 1390 55 26 rapid
2555 1391 67 25 decay.
2651 1390 18 21 A
2679 1397 43 14 care-

2305 1417 28 20 ful
2357 1423 70 14 census
2448 1416 55 21 made
2517 1417 19 20 in
2556 1418 51 20 ISS2
2627 1424 50 20 gave
2698 1418 34 20 the

2304 1444 117 26 population
2454 1449 22 14 as
2507 1445 58 23 6,540
2596 1444 136 21 full'blooded

2302 1470 68 21 adults
2378 1471 37 20 nnd
2427 1471 59 24 1,51-0
2496 1470 131 22 full-blooded
2635 1471 97 22 children.

2302 1498 24 20 In
2346 1498 51 21 1893
2417 1497 55 20 there
2488 1498 59 21 could
2562 1498 24 21 be
2605 1498 127 26 found.only

2302 1526 59 23 2,888
2384 1524 67 21 adults
2484 1524 40 21 and
2548 1526 58 23 1,144
2635 1525 97 21 children.

2305 1550 125 27 Meanwhile,
2441 1550 33 21 the
2485 1551 117 21 half-castes
2610 1559 35 14 are
2655 1552 77 26 rapidly

2303 1578 134 26 approaching
2444 1578 20 20 in
2472 1578 84 21 number
2564 1578 34 21 the
2605 1578 127 26 full-bloods,

2304 1606 32 19 the
2344 1607 81 18 returns
2437 1604 91 28 showing
2538 1606 46 19 that
2591 1606 59 20 while
2660 1613 72 19 among

2303 1632 32 20 the
2345 1632 61 20 latter
2426 1631 58 22 there
2495 1632 15 21 is
2521 1639 24 14 an
2556 1639 83 20 average
2658 1633 74 21 annua!

2302 1659 92 20 decrease
2411 1659 21 20 of
2442 1660 26 19 8G
2478 1666 73 19 among
2561 1659 34 20 the
2609 1660 124 20 half-cast6B.

2302 1685 41 20 The
2362 1686 141 20 conservation
2515 1686 22 20 of
2551 1686 34 20 the
2604 1686 128 26 aboriginals,

2304 1712 53 24 then,
2368 1712 16 20 is
2394 1719 49 13 ever,
2457 1719 54 14 more
2521 1712 86 21 difficult
2618 1720 11 13 a
2644 1714 88 25 problem

2303 1738 47 20 than
2370 1739 16 20 is
2397 1740 107 25 presented
2523 1740 22 19 in
2559 1740 35 19 the
2604 1747 44 13 case
2664 1740 21 19 of
2699 1740 34 20 the

2304 1765 62 20 fauna
2375 1766 38 19 and
2424 1766 54 19 dora.

2354 1835 56 20 THE
2425 1836 131 20 ENGLISH
2573 1837 108 20 CATTLE

2337 1869 123 20 MARKET
2474 1870 62 19 AND
2551 1870 149 21 COLONIAL

2470 1896 95 20 STOCK.

2329 1950 15 19 A
2371 1951 68 18 recent
2458 1950 73 20 review
2546 1950 22 19 of
2591 1950 36 20 the
2648 1951 86 26 farming

2302 1976 99 19 situation
2409 1976 19 19 in
2441 1976 34 20 the
2485 1976 79 21 United
2573 1977 106 25 Kingdom
2689 1984 44 18 says

2303 2002 44 19 that
2366 2002 33 20 the
2410 2005 46 23 past
2472 2005 84 18 autumn
2573 2004 40 19 will
2632 2010 44 18 pass
2690 2004 43 19 into

2302 2028 76 26 history
2389 2036 20 13 as
2418 2037 11 12 a
2439 2030 61 24 fairly
2509 2030 144 26 satisfactorily
2663 2036 69 14 season

2303 2056 50 19 from
2372 2063 10 12 a
2393 2056 159 20 stockbreeder's
2566 2056 59 26 point
2640 2056 22 19 of
2679 2057 53 19 view.

2303 2082 85 20 Despite
2411 2082 33 18 the
2467 2082 118 24 depression
2608 2082 39 19 and
2676 2085 57 21 great

2301 2107 84 25 scarcity
2409 2106 21 20 of
2450 2113 78 20 monoy,
2550 2107 52 25 good
2626 2107 56 20 stock
2702 2107 31 20 for

2303 2134 94 25 breeding
2406 2140 97 18 purposes
2512 2134 83 19 realised
2604 2133 127 26 satisfactory

2303 2161 69 24 prices.
2410 2160 59 19 Some
2488 2160 93 26 pedigree,
2601 2160 57 20 stock
2681 2160 50 19 sales

2301 2193 50 19 gave
2371 2186 58 19 what,
2449 2186 78 22 indeed,
2543 2186 64 26 might
2625 2187 24 19 be
2669 2186 60 20 failed

2302 2213 69 19 record
2387 2213 80 20 results.
2496 2214 45 19 One
2556 2213 58 25 thing
2630 2213 34 20 has
2682 2214 46 19 beer

2300 2238 127 27 abundantly
2437 2239 147 25 proved—that
2595 2240 58 19 there
2663 2240 17 19 is
2690 2240 33 19 stil

2301 2266 35 19 life
2356 2266 38 20 and
2406 2266 70 25 vigour
2486 2266 21 19 in
2521 2266 36 19 the
2576 2266 148 25 stockbreedinj

2301 2299 101 14 resources
2426 2292 22 19 of
2467 2292 34 19 the
2521 2292 78 20 United
2622 2292 102 26 Kingdom

2303 2319 62 24 Many
2383 2319 52 19 sales
2450 2318 104 21 doubtless
2575 2318 88 20 suffered
2684 2325 40 19 verj

2301 2346 58 19 much
2382 2345 51 20 from
2452 2345 35 20 the
2502 2345 85 25 scarcity
2611 2346 22 18 of
2653 2352 70 19 money

2301 2372 91 19 Farmers
2411 2372 50 19 have
2476 2371 39 20 had
2529 2372 54 19 I'.tMe
2599 2372 124 26 opportunity

2300 2399 21 19 of
2340 2398 119 26 amplifying
2470 2398 52 19 their
2536 2398 53 20 bank
2600 2398 91 20 balances
2709 2405 10 13 o

2300 2425 45 24 late,
2365 2425 38 19 and
2416 2425 48 19 heve
2481 2425 39 19 had
2535 2426 20 18 to
2566 2425 53 19 limit
2633 2431 90 16 expense;

2298 2452 21 19 in
2340 2458 58 19 many
2408 2451 59 19 other
2481 2451 108 20 directions
2602 2451 76 20 besides
2696 2451 26 19 thi

2300 2478 95 25 purchase
2414 2477 21 20 of
2449 2477 64 20 stock.
2541 2478 21 19 It
2585 2478 23 23 is,
2632 2478 90 20 however

2299 2505 128 24 satisfactory
2436 2506 21 17 to
2465 2506 48 18 note
2521 2504 45 19 that
2571 2504 95 26 ordinary
2676 2504 45 20 farn

2298 2531 58 20 stock
2376 2531 48 19 have
2448 2531 83 26 latterly
2547 2531 49 19 been
2617 2531 104 25 improvin;

2298 2557 108 20 somewhat
2415 2558 21 18 in
2451 2557 64 19 value.
2543 2556 41 20 The
2602 2557 90 26 supplies
2708 2558 13 19 ii

2298 2585 35 18 the
2352 2584 88 20 markets
2451 2583 21 20 of
2488 2583 34 19 the
2534 2585 45 23 past
2590 2584 69 19 month
2678 2591 43 13 wen

2298 2612 35 18 not
2352 2618 23 12 so
2399 2610 62 25 hravy
2475 2617 22 13 as
2512 2610 50 26 they
2582 2611 57 18 often
2659 2617 34 13 are
2708 2611 13 19 ii

2298 2637 94 23 October,
2429 2636 39 20 and
2505 2643 39 19 any
2582 2637 62 25 really
2676 2644 44 18 goo(

2298 2663 113 20 hoir,e-brod
2432 2663 57 19 stork
2501 2670 50 12 were
2562 2663 75 25 .eadily
2658 2663 62 25 pickei

2298 2696 25 18 up
2335 2691 20 17 at
2369 2689 147 19 remunerative
2528 2689 69 25 prices.
2625 2689 41 20 The
2682 2696 34 18 pro

2297 2716 85 24 bability
2401 2715 16 19 is
2432 2715 45 20 that
2497 2716 35 20 the
2546 2719 62 17 worfcl
2627 2717 35 19 has
2677 2716 42 20 beei

2296 2749 44 13 seen
2352 2743 21 19 of
2383 2743 106 19 American
2501 2743 131 24 competition
2653 2743 19 19 in
2682 2743 35 19 bee

2295 2769 38 19 and
2354 2771 85 17 mutton.
2468 2769 42 19 The
2525 2769 39 19 live
2578 2769 58 20 stock
2656 2769 21 19 of
2693 2769 26 20 tin

2295 2795 100 24 Republic
2413 2802 33 12 are
2461 2795 96 24 reported
2571 2797 23 18 to
2619 2796 50 20 have
2693 2796 24 20 de

2295 2821 107 20 terioraled
2423 2821 134 26 surprisingly
2572 2822 55 20 since
2639 2823 32 19 the
2691 2822 26 20 im

2295 2848 87 24 position
2401 2848 22 20 of
2434 2849 33 19 the
2477 2848 108 26 M'Kinley
2601 2849 70 23 Tariff,
2686 2856 31 12 am

2293 2874 36 21 her
2352 2882 43 12 own
2418 2876 145 25 requirements
2588 2882 33 14 are
2644 2875 73 27 alread;

2293 2901 59 27 being
2362 2901 141 27 inadequately
2517 2901 76 22 served,

2320 2929 41 19 The
2525 2929 50 19 Poet
2595 2929 66 25 points
2683 2931 34 19 out

2293 2955 46 19 with
2350 2955 103 19 reference
2463 2957 21 17 to
2495 2955 34 19 the
2542 2955 102 26 shipment
2654 2955 22 20 of
2687 2956 29 20 livi

2293 2983 52 18 •neat
2364 2984 20 16 to
2401 2981 99 26 England,
2515 2981 46 19 that
2575 2989 11 11 a
2606 2983 50 19 Mew
2677 2983 39 19 Zea

2293 3007 68 21 lander
2372 3015 44 17 may
2435 3007 59 21 claim
2505 3010 20 17 to
2545 3008 49 20 have
2605 3009 44 19 first
2662 3009 51 19 advo

2291 3035 56 19 cated
2372 3035 48 19 such
2441 3041 10 12 a
2471 3035 120 23 revolution,
2613 3035 33 19 for
2669 3042 47 13 somi

2292 3061 56 19 three
2366 3068 58 18 }'ears
2438 3068 37 18 ago
2492 3061 34 19 Mr
2540 3061 76 24 Clulee,
2636 3061 33 20 the
2690 3069 23 13 ex

2293 3087 103 23 purieneod
2422 3094 94 18 manager
2540 3087 21 19 of
2585 3087 35 21 the
2642 3088 73 20 Timari

2291 3113 57 20 Meat
2366 3113 99 26 Freezing
2481 3114 108 24 Company,
2611 3113 47 21 then
2679 3115 33 26 jus

2291 3140 94 20 returned
2409 3140 53 20 from
2486 3147 11 12 a
2512 3140 47 22 visit
2585 3141 19 19 to
2625 3141 33 19 the
2682 3141 32 19 Oh

2291 3167 97 24 Country,
2408 3166 52 21 after
2470 3173 25 13 an
2510 3166 135 20 examination
2656 3167 23 20 of
2695 3167 18 20 ai

2291 3192 33 20 the
2333 3193 141 20 ramifications
2481 3193 22 20 of
2513 3193 34 19 the
2555 3193 63 24 trade,
2629 3193 85 26 strongly

2290 3220 108 19 advocated
2419 3219 34 20 the
2470 3219 119 20 alternative
2603 3219 22 20 of
2642 3220 32 19 ihr
2688 3227 23 13 ex

2290 3246 101 22 portation
2416 3246 21 19 of
2455 3246 40 20 live
2509 3246 62 20 stock.
2600 3246 39 20 His
2662 3247 47 19 view

2289 3279 51 13 wero
2359 3279 47 17 very
2418 3272 50 25 fully
2479 3274 31 18 set
2526 3274 35 17 out
2573 3273 19 18 in
2602 3280 12 12 a
2629 3273 60 20 series
2700 3280 10 12 o

2290 3298 92 20 valuable
2391 3298 81 21 ai'iieles
2483 3298 104 24 jiu'Jishcd
2599 3306 20 13 at
2630 3298 32 21 the
2674 3300 29 19 tim-

2289 3324 20 19 in
2328 3324 34 20 the
2376 3325 82 20 Tiuiaru
2474 3325 83 20 Herald.
2592 3325 88 25 Experts
2699 3326 13 19 i*

2289 3350 33 20 the
2334 3352 56 18 trade
2402 3358 50 13 were
2463 3352 47 20 then
2526 3352 91 23 disposed
2630 3354 20 17 to
2662 3352 49 19 thin!

2289 3377 31 19 Mr
2331 3377 82 20 Cluloe'a
2423 3378 54 19 ideas
2489 3378 120 24 chimerical,
2625 3378 42 23 but,
2679 3378 31 21 liki

2288 3410 59 18 many
2363 3404 85 19 another
2463 3404 91 25 peaceful
2571 3404 139 20 revolutionist

2288 3430 43 19 that
2338 3430 114 25 gentleman
2462 3437 43 19 may
2516 3431 37 19 live
2561 3433 21 17 to
2591 3430 24 21 be
2623 3437 84 19 avengec

2796 102 57 19 THE
2872 102 82 21 FIRST
2973 103 142 21 IRONCLAD.

2770 162 42 19 The
2822 163 43 19 first
2881 163 91 21 ironclad
2985 171 41 13 was
3036 165 51 20 buii';
3103 167 19 19 in
3140 169 35 19 tha

2743 195 48 18 year
2803 190 48 17 1691
2862 188 28 26 by
2899 196 12 13 a
2919 190 122 26 shipwright
3051 192 20 18 of
3079 191 95 30 Antwerp

2744 214 75 26 during
2837 214 34 21 the
2882 223 51 12 wars
2944 216 48 20 with
3012 216 33 20 the
3059 216 114 27 Spaniards.

2744 240 42 19 The
2802 244 81 21 greater
2892 244 47 23 part
2957 242 21 19 of
2987 242 35 21 the
3040 243 134 23 Netherlands

2744 266 41 19 had
2803 273 55 13 como
2872 267 42 20 into
2928 268 35 19 the
2977 270 111 24 possession
3102 272 20 20 of
3139 273 34 19 the

2744 292 71 19 House
2824 293 22 19 of
2859 293 116 27 Hapsburg
2985 294 27 26 by
3030 296 32 18 the
3077 299 97 19 marriage

2744 318 22 19 of
2787 318 129 21 Maximilian
2940 321 21 18 of
2975 321 84 20 Austria
3076 324 19 17 to
3108 324 64 25 Mary,

2744 344 102 25 daughter
2862 346 21 19 of
2902 346 61 19 Duke
2977 346 83 21 Charles
3074 349 32 20 the
3115 350 57 23 Bold,

2744 370 22 19 in
2786 371 56 23 1477,
2857 371 38 20 but
2918 372 66 19 under
3006 372 81 22 Charles
3100 376 25 21 V.
3139 377 34 19 the

2744 397 137 26 sovereignity
2904 405 41 13 was
2968 400 99 19 extended
3088 403 51 19 until
3157 402 16 18 it

2745 423 107 19 embraced
2874 424 28 18 all
2925 424 34 20 the
2983 426 23 18 17
3029 425 82 27 Belgian
3133 426 40 22 arid

2744 447 101 22 Batavian
2855 450 111 25 provinces.
2994 451 67 20 When
3076 453 31 20 the
3117 454 42 21 Low-

2744 473 59 21 lands
2821 476 73 24 passed
2917 478 21 17 to
2952 477 35 19 the
3006 477 83 26 Spanish
3103 480 71 20 Crown,

2745 500 35 20 tho
2789 501 108 26 principles
2907 503 23 18 of
2939 503 34 19 the
2989 503 136 23 Reformation
3133 504 41 21 had

2745 527 73 24 spread
2836 534 75 19 auiong
2930 528 34 20 the
2978 529 104 21 Lowlands
3095 532 39 19 and
3149 537 24 14 on

2745 553 35 19 the
2798 553 155 20 establishment
2968 555 22 19 of
3008 555 35 19 the
3055 556 118 27 Inquisition

2745 578 57 20 there
2812 579 20 18 in
2852 579 34 20 the
2904 580 76 20 middle
2994 581 22 19 of
3025 582 33 19 the
3075 583 98 21 sixteenth,

2745 607 90 23 century,
2846 605 140 21 disturbances
2993 607 62 19 broke
3068 613 32 16 out
3109 611 22 19 in
3140 610 34 20 the

2745 631 111 25 provinces,
2881 632 41 19 and
2945 635 58 23 great
3017 635 88 21 cruelties
3123 642 51 14 were

2746 657 116 19 committed
2879 662 26 20 by
2928 658 35 19 the
2986 659 111 26 Spaniards.
3124 663 39 19 Ant-

2746 689 60 19 werp,
2831 683 66 20 which
2922 684 22 19 in
2966 685 58 19 those
3045 687 45 24 days
3109 695 40 13 was
3163 694 12 13 a

2747 710 142 24 margraviate,
2900 710 90 20 suffered
2998 712 80 26 greatly.
3105 715 21 19 It
3135 720 40 14 was

2746 734 90 26 pillaged
2854 735 28 25 by
2901 736 35 19 the
2951 736 87 26 Spanish
3050 739 84 27 soldiery
3153 741 22 19 in

2749 761 56 24 1574,
2817 761 40 19 and
2876 768 40 13 was
2935 763 63 25 again
3007 760 90 30 beseiged
3111 767 21 19 in
3141 767 34 19 the

2747 786 96 26 Regency
2874 788 22 19 of
2918 788 117 21 Alexander
3047 791 20 19 of
3095 793 79 23 Parma,

2747 812 63 26 being
2825 813 63 20 taken
2897 814 22 19 in
2931 816 56 19 1585.
3015 814 24 20 In
3049 817 32 19 the
3090 825 86 13 summer

2748 838 21 20 of
2778 838 44 20 that
2829 845 49 19 year
2888 840 16 19 it
2914 847 41 12 was
2965 841 73 25 closely
3053 843 86 22 invested
3149 845 26 24 by

2747 865 49 19 land
2818 865 41 19 and
2879 868 69 23 water,
2965 867 40 19 and
3019 868 33 19 tho
3069 871 68 25 people
3155 870 21 19 of

2748 891 97 25 Antwerp
2855 892 59 19 made
2924 899 62 18 many
2996 894 75 24 gallant
3079 897 66 20 efforts
3155 899 19 16 to

2748 917 64 19 break
2821 917 91 26 through
2919 918 35 20 the
2964 918 65 21 lineof
3034 920 139 29 thebeseigers,

2749 943 106 25 especially
2864 950 23 13 on
2899 944 35 19 tho
2948 945 60 19 river.
3036 946 37 19 For
3082 948 39 21 this
3128 955 35 21 pur-

2749 974 47 20 pose
2806 969 48 25 they
2864 969 53 20 built
2926 977 13 13 a
2948 971 52 19 craft
3007 972 22 18 of
3038 975 82 19 unusual
3130 976 43 22 size,

2749 995 49 19 with
2820 1002 13 12 a
2855 995 37 20 fiat
2912 996 84 25 bottom,
3016 998 39 19 and
3067 1002 66 19 armed
3150 1001 25 18 its

2749 1021 52 19 sides
2818 1021 49 20 with
2883 1022 45 19 iron
2945 1023 67 24 plates
3026 1024 86 22 fastened
3133 1027 40 19 into

2749 1049 58 23 great
2825 1047 69 20 beams
2904 1049 22 18 of
2940 1049 63 20 wood.
3031 1050 40 20 The
3083 1052 44 21 idea
3135 1058 39 15 was

2749 1075 20 17 to
2792 1073 60 19 make
2872 1076 36 16 not
2923 1081 21 13 so
2963 1075 61 19 much
3039 1083 13 13 a
3068 1078 43 26 ship
3125 1086 21 13 as
3162 1085 13 13 a

2749 1099 85 25 floating
2856 1100 68 24 castle,
2949 1101 136 26 impregnable
3107 1107 19 18 to
3142 1105 33 19 tho

2750 1125 91 25 artillery
2859 1127 40 19 and
2918 1127 85 19 missiles
3020 1129 20 18 of
3053 1129 53 21 those
3120 1132 53 24 days,

2750 1152 65 18 which
2838 1152 74 20 should
2935 1153 59 19 crush
3012 1154 27 19 all
3060 1158 114 23 opposition.

2749 1177 21 19 It
2780 1178 106 19 contained
2897 1186 11 12 a
2918 1182 59 22 great
2989 1181 83 19 number
3087 1183 19 19 ;.f
3123 1189 51 17 men,

2749 1210 56 13 some
2814 1204 22 19 of
2842 1204 66 19 whom
2921 1211 52 14 were
2982 1206 69 25 placed
3060 1207 37 21 like
3107 1210 57 25 sharp-

2749 1230 91 19 shooters
2855 1231 21 18 iu
2886 1231 35 19 the
2931 1233 45 23 tops
2992 1233 21 18 of
3022 1232 32 20 tho
3062 1237 64 23 masts,
3137 1234 40 20 and

2750 1256 34 19 the
2800 1258 41 17 rest
2863 1258 104 24 protected
2981 1258 28 26 by
3024 1259 33 19 tho
3069 1260 106 21 bulwarks.

2749 1282 43 19 The
2801 1288 47 13 men
2866 1283 22 19 of
2902 1283 97 27 Antwerp
3014 1291 49 14 were
3079 1293 21 13 so
3118 1287 49 21 confi-

2750 1308 48 19 dent
2808 1308 21 19 of
2838 1308 36 20 the
2883 1315 78 14 success
2969 1311 22 18 of
2999 1311 52 19 their
3059 1319 41 13 new
3109 1314 57 19 inven-

2750 1334 42 19 tion
2812 1334 45 20 that
2876 1335 48 25 they
2939 1336 63 20 called
3020 1337 16 20 it
3053 1338 53 21 Finis
3119 1339 58 25 Belli,

2749 1360 78 26 feeling
2836 1367 46 14 sure
2900 1361 36 21 tha
2939 1360 3 31 1
2942 1360 3 31 ;
2964 1363 28 25 l-y
3005 1363 25 20 its
3048 1370 65 16 means
3130 1366 49 25 they

2750 1386 67 21 would
2826 1386 26 21 be
2871 1388 46 19 able
2935 1390 21 18 to
2966 1388 51 21 raise
3035 1389 33 21 the
3077 1392 52 24 seige
3140 1391 40 22 and

2750 1415 37 24 put
2810 1420 26 13 an
2857 1414 39 20 end
2924 1416 20 19 to
2966 1414 34 21 the
3022 1415 56 23 War,
3104 1418 75 22 Unfor.

2750 1439 93 27 tunatoly
2855 1440 33 21 for
2906 1440 35 21 the
2955 1440 62 23 brave
3039 1442 97 28 burghore
3159 1444 21 22 of

2749 1465 103 28 Antwerp,
2864 1466 41 21 this
2915 1466 55 28 early
2988 1468 88 22 ironclad
3085 1470 74 26 proved
3168 1477 12 16 a

2750 1493 111 20 disastrous
2874 1493 82 21 failure.
2984 1493 21 22 It
3020 1500 40 16 was
3082 1494 98 25 launched

2750 1525 55 20 upon
2823 1519 34 21 the
2879 1519 88 27 Scheldt,
2984 1520 39 22 and
3038 1522 59 22 takeii
3114 1530 66 15 across

2750 1545 35 21 the
2817 1545 80 21 flooded
2928 1550 85 24 country
3052 1548 27 28 by
3112 1557 69 15 meana

2751 1573 21 19 of
2782 1579 11 13 a
2812 1573 58 20 canal
2879 1574 34 19 cut
2923 1573 52 21 from
2994 1574 34 21 the
3038 1573 62 29 river;
3114 1575 38 23 but
3165 1576 17 22 it

2750 1599 76 26 proved
2848 1605 49 21 very
2915 1599 103 28 unhandy,
3043 1602 39 21 and
3106 1604 50 21 after
3170 1609 12 16 a

2750 1625 56 21 short
2817 1632 68 14 career
2902 1628 37 25 got
2954 1627 59 20 stuck
3026 1634 54 20 upon
3099 1636 12 14 a
3119 1630 61 21 bank.

2751 1651 48 21 This
2806 1653 100 26 untimely
2916 1653 38 21 end
2970 1654 21 20 of
3001 1654 33 20 the
3052 1659 57 22 great
3118 1655 64 22 vcasel

2751 1678 52 20 from
2813 1678 65 21 which
2888 1686 22 13 so
2917 1679 62 21 inuoh
2995 1686 41 15 was
3045 1681 65 26 hopod
3119 1690 42 13 was
3170 1690 13 14 a

2751 1711 69 13 sourre
2829 1706 22 19 of
2860 1706 61 20 much
2930 1706 80 27 delight
3015 1707 40 20 and
3066 1708 87 22 derision
3162 1713 22 17 to

2751 1731 34 19 tho
2804 1731 117 26 Spaniards,
2946 1733 45 20 wlio
3013 1733 119 22 nicknamed
3148 1736 35 20 the

2751 1760 88 18 monster
2849 1758 157 27 Caranjamaula
3020 1760 65 21 which
3094 1762 90 26 signifies

2752 1791 12 12 a
2782 1784 66 26 bogoy
2862 1785 60 19 while
2936 1786 35 19 tho
2989 1793 45 13 men
3048 1788 21 19 of
3086 1788 98 27 Antwerp

2752 1811 76 19 altered
2846 1811 26 19 its
2886 1818 60 13 name
2961 1812 53 20 from
3027 1813 58 20 Finis
3102 1813 52 21 Belli
3164 1818 21 17 to

2752 1837 87 25 Perpitco
2850 1844 94 19 expenscc
2959 1845 23 13 or
2993 1837 4 28 '
3007 1839 74 26 Money
3104 1841 80 20 throw'n

2752 1863 70 25 away.'
2850 1863 43 21 The
2912 1870 51 14 crew
2979 1865 48 19 then
3040 1863 92 23 deserted
3150 1868 35 19 the

2752 1889 51 25 ship,
2815 1890 40 19 and
2870 1890 35 19 the
2914 1890 110 26 Spaniards
3040 1892 53 20 after
3102 1899 12 13 a
3124 1891 61 23 naval

2752 1915 63 19 battle
2826 1916 66 20 whicli
2911 1917 47 19 took
2968 1917 56 26 place
3033 1918 20 19 in
3064 1918 35 20 the
3106 1919 78 21 flooded

2751 1944 90 23 country,
2853 1942 40 19 and
2905 1944 89 19 resulted
3002 1950 22 12 in
3033 1944 34 20 the
3086 1945 68 21 defeat
3163 1947 22 19 of

2752 1968 33 19 the
2795 1968 166 24 Netherlander,
2972 1969 48 21 took
3036 1972 113 23 possession
3163 1973 22 19 of

2751 1994 34 19 the
2795 1994 60 20 naval
2870 1998 109 23 raunastry,
2998 2002 22 13 as
3029 1997 49 25 they
3087 1998 65 20 called
3160 1999 22 24 it,

2751 2020 80 26 though
2853 2021 49 25 they
2925 2021 68 20 feared
3017 2022 50 25 that,
3090 2024 42 20 like
3150 2025 35 19 the

2751 2045 81 27 Trogan
2841 2046 68 21 Horse
2918 2048 17 19 it
2944 2048 41 20 had
2996 2048 50 20 been
3053 2049 38 20 left
3100 2049 21 20 in
3132 2051 53 20 their

2750 2072 65 19 hands
2834 2073 33 19 for
2876 2079 54 13 some
2944 2074 39 19 evil
3000 2081 94 18 purpose.
3123 2076 47 20 How-

2751 2102 47 13 ever
2819 2096 80 26 finding
2913 2097 46 21 that
2977 2099 15 20 it
3005 2100 64 26 really
3092 2108 40 14 was
3151 2103 22 19 de-

2751 2122 73 25 serted,
2833 2122 49 26 they
2892 2124 66 19 seized
2965 2125 21 20 it,
2997 2125 103 25 lightened
3111 2128 20 24 it,
3144 2129 41 20 and

2751 2148 46 20 then
2807 2150 65 19 towed
2882 2150 16 19 it
2907 2150 29 21 off
2954 2151 40 19 and
3003 2154 35 22 got
3047 2152 17 20 it
3079 2153 52 21 back
3141 2155 43 20 into

2751 2174 34 20 the
2794 2175 53 19 river
2866 2176 88 20 Scheldt.
2982 2178 21 19 It
3012 2185 41 13 was
3063 2180 49 19 then
3121 2181 63 20 taken

2750 2201 22 18 in
2780 2201 92 26 triumph
2890 2204 21 18 to
2926 2203 35 19 the
2970 2210 56 20 camp
3036 2205 22 19 of
3067 2205 117 22 Alexander

2750 2227 21 19 of
2780 2226 80 26 Parma,
2871 2228 67 21 where
2954 2230 16 19 it
2980 2230 79 21 became
3069 2239 38 13 one
3116 2240 23 13 or
3147 2234 36 20 the

2749 2252 66 26 Bights
2824 2253 22 21 of
2854 2254 36 20 the
2897 2255 60 25 time;
2972 2256 38 19 and
3021 2256 34 21 the
3072 2258 110 26 Spaniards

2750 2280 105 25 accepting
2874 2281 34 19 the
2932 2288 57 14 omen
3008 2282 21 20 of
3046 2284 26 19 its
3095 2286 88 25 original

2749 2311 64 18 name,
2825 2306 49 20 took
2892 2307 16 19 it
2922 2314 22 13 as
2954 2315 12 13 a
2984 2309 45 25 sign
3043 2310 45 20 that
3097 2311 35 20 the
3142 2319 41 13 war

2749 2331 143 21 was-finishod.
2919 2334 54 23 And,
2984 2335 77 24 indeed,
3081 2337 16 19 it
3106 2339 77 24 proved

2749 2359 19 17 to
2787 2357 26 19 be
2831 2359 35 19 tho
2880 2359 39 19 last
2943 2361 58 19 effort
3015 2362 21 18 of
3050 2362 35 20 thj
3103 2364 79 25 gallant

2748 2383 72 26 people
2834 2385 22 19 of
2874 2385 103 27 Antwerp,
2996 2388 32 18 for
3046 2389 35 19 the
3090 2392 41 23 city
3140 2397 42 14 was

2748 2409 62 20 taken
2820 2417 25 13 on.
2854 2411 83 26 August
2949 2415 28 22 17,
2991 2415 54 24 1585,
3057 2415 39 20 and
3114 2423 23 13 f.o
3146 2417 36 20 tho

2747 2436 45 19 first
2801 2436 89 20 ironclad
2898 2444 26 14 on
2934 2439 68 21 record
3012 2447 55 13 came
3077 2444 20 18 to
3107 2449 26 13 an
3143 2450 25 15 un-

2747 2462 103 20 fortunate
2860 2463 45 20 end.

2795 2546 103 22 PEPSIN
2912 2549 220 25 MANUFACTURE.

2773 2598 75 23 Pepsin
2856 2601 17 19 is
2883 2608 12 12 a
2904 2601 92 26 ferment,
3008 2603 62 27 being
3077 2606 35 21 the
3119 2611 62 22 agent

2749 2627 25 21 by
2784 2626 65 19 which
2860 2633 12 13 a
2880 2629 80 23 portion
2976 2630 21 18 of
3013 2630 34 21 the
3056 2632 48 20 food
3114 2634 66 20 which

2746 2656 16 12 is
2773 2651 61 20 taken
2844 2653 43 20 into
2903 2653 35 21 the
2954 2657 88 19 stomach
3052 2658 16 19 is
3079 2659 101 22 dissolved

2746 2676 39 19 and
2796 2678 58 19 fitted
2872 2680 32 19 for
2914 2681 138 21 assimilation.
3080 2685 21 19 It
3117 2686 16 19 is
3143 2687 25 19 ob-

2746 2703 68 20 tained
2837 2704 52 21 from
2912 2707 35 19 the
2971 2708 63 26 lining
3051 2716 22 13 or
3095 2718 84 14 mucous

2745 2729 116 22 membrane
2872 2732 21 19 of
2908 2733 34 19 the
2958 2735 100 20 stomachs
3067 2737 21 19 of
3098 2739 81 20 various

2746 2756 157 21 animals—that
2922 2760 52 19 from
2992 2761 35 19 the
3045 2764 89 20 stomach
3157 2767 23 19 of

2745 2780 34 21 the
2793 2782 42 26 hog
2857 2784 63 26 being
2943 2787 103 26 generally
3068 2791 110 24 preferred,

2747 2809 40 18 lhe
2809 2810 83 19 method
2920 2812 22 19 of
2964 2815 129 23 preparation
3115 2817 17 19 is
3155 2824 24 14 as

2745 2833 88 31 follows:
2851 2836 43 20 The
2912 2838 56 19 fresh
2981 2841 100 19 stomachs
3091 2848 34 14 are
3143 2844 24 20 de-

2744 2860 70 25 prived
2833 2863 22 18 of
2875 2863 54 20 their
2942 2864 31 19 fat
2987 2866 40 19 and
3049 2867 91 21 divested
3156 2871 22 19 of

2745 2886 52 20 their
2807 2890 58 17 outer
2879 2890 87 25 coating,
2985 2894 33 17 cut
3028 2899 58 19 open,
3106 2897 71 24 gently

2745 2913 80 20 washed
2835 2914 50 21 with
2892 2916 44 19 cold
2943 2919 66 22 water,
3016 2920 39 18 and
3064 2923 113 19 macerated

2743 2939 33 19 for
2793 2941 79 19 several
2893 2941 50 26 days
2962 2943 20 19 in
2997 2950 11 13 a
3026 2945 73 25 pickle.
3127 2948 49 21 This

2743 2965 65 25 pickle
2818 2967 17 19 is
2850 2969 107 24 composed
2970 2970 22 18 of
3009 2973 62 18 water
3086 2974 23 18 30
3119 2979 59 21 parts

2743 2992 40 19 and
2797 2993 56 24 hj-dr,
2858 2992 78 31 ichloric
2955 2996 43 19 acid
3012 3003 38 14 one
3067 3001 52 22 part,
3136 3001 40 21 and

2742 3019 90 24 requires
2839 3020 95 25 frequent
2940 3022 89 25 stirring.
3057 3024 43 20 Tho
3109 3026 67 26 liquid

2742 3043 16 19 is
2780 3047 50 17 next
2850 3047 90 19 strained
2960 3048 40 19 and
3021 3049 80 22 filtered
3122 3053 53 20 clear

2741 3070 89 25 through
2849 3078 69 15 coarse
2933 3080 67 19 paper,
3019 3081 23 13 or
3056 3076 84 22 allowed
3154 3081 21 18 to

2741 3097 59 19 stand
2809 3098 24 20 24
2851 3098 68 25 hours,
2931 3100 39 19 and
2988 3100 49 20 then
3051 3105 77 23 poured
3138 3106 36 20 off.

2741 3121 96 21 Common
2869 3128 46 16 suet
2933 3126 17 18 is
2972 3126 49 20 then
3044 3129 65 20 added
3132 3133 42 19 and

2740 3148 124 27 thoroughly
2886 3152 68 19 mixed
2976 3153 49 19 with
3041 3154 34 20 the
3099 3156 73 26 liquid.

2740 3174 41 20 The
2791 3182 13 18 p
2812 3177 51 24 ;psin
2877 3177 50 19 rises
2936 3179 21 19 to
2975 3178 34 20 the
3019 3181 40 24 top,
3070 3182 40 19 and
3120 3184 53 21 after

2740 3201 95 26 standing
2842 3203 16 18 is
2868 3203 97 21 skimmed
2974 3205 35 19 off.
3037 3207 59 21 After
3106 3210 41 20 this
3156 3212 18 19 it

2740 3226 17 19 is
2764 3227 84 20 drained
2855 3229 21 18 in
2883 3235 13 13 a
2901 3230 91 24 strainer,
3002 3231 49 21 then
3060 3235 113 22 submitted

2740 3254 20 18 to
2769 3255 71 24 strong
2849 3261 93 18 pressure
2952 3257 20 18 to
2981 3257 56 21 force
3046 3262 35 18 out
3090 3261 27 20 all
3127 3263 46 20 that

2739 3286 17 12 is
2778 3280 88 25 possible
2889 3282 21 19 of
2932 3282 34 20 the
2988 3284 65 20 salino
3075 3288 94 21 solution.

2739 3308 54 18 Next
2802 3308 16 18 it
2827 3308 17 19 is
2854 3309 99 25 carefully
2968 3310 55 21 dried
3034 3312 21 20 in
3069 3320 62 14 wnrm
3142 3316 31 20 air

2739 3333 84 19 without
2842 3334 60 19 other
2924 3335 54 20 heat.
3006 3337 43 21 The
3071 3341 102 22 resultant

2738 3360 116 19 constitutes
2864 3360 35 19 the
2915 3362 61 20 crude
2989 3365 78 24 pepsin,
3079 3367 65 20 which
3154 3368 19 20 is

2738 3385 48 18 used
2795 3386 33 18 for
2845 3386 86 27 making
2940 3389 85 25 purified
3043 3393 77 25 pepsin,
3133 3396 37 18 etc.

2739 3410 4 34 '
2750 3410 90 20 Purified
2858 3414 71 24 pepsin
2940 3414 5 10 '
2955 3415 17 19 is
2985 3418 99 24 prepared
3093 3419 28 25 by
3140 3427 21 13 re-

2736 3436 112 26 dissolving
2870 3438 37 21 the
2921 3441 60 20 crude
3004 3443 72 25 pepsin
3100 3445 71 22 before

2736 3462 73 26 drying
2833 3464 21 19 in
2883 3468 63 18 water
2976 3468 115 22 acidulated
3121 3473 50 21 with

2735 3488 140 25 hydrochloric
2891 3492 50 24 acid,
2965 3494 48 20 then
3032 3495 77 27 adding
3126 3499 46 24 jusfc

2735 3514 99 21 sufficient
2853 3517 39 19 salt
2902 3520 20 17 to
2941 3523 91 22 separate
3046 3522 15 20 it
3079 3523 53 20 from
3141 3525 29 20 its

2734 3541 95 20 solution.
2858 3543 21 19 It
2896 3544 18 19 is
2936 3548 48 19 next
3002 3548 81 21 washed
3098 3551 71 24 gently

2734 3567 50 19 with
2793 3568 46 19 cold
2857 3572 63 19 wetter
2935 3572 40 18 and
2985 3572 89 25 drained,
3085 3577 85 23 pressed

2734 3593 40 21 mil
2784 3593 57 22 dried
2851 3596 81 25 rapidly
2941 3603 25 13 on
2976 3598 54 25 glass
3040 3600 49 20 with
3098 3603 71 24 gentle

2733 3619 80 21 her.fc,—
2818 3621 55 19 'The
2900 3622 96 21 National
3023 3625 135 28 Provisionor,
3161 3629 7 9 4

2733 3645 52 20 New
2791 3646 57 20 York
2858 3648 41 20 and
2908 3649 94 26 Chicago.

1158 41 58 20 THE
1229 40 61 22 HOT
1305 40 93 22 LAKES
1413 39 175 26 CHRONICLE,
1605 39 191 25 WEDNESDAY,
1812 39 156 24 FEBRUARY
1984 40 31 25 20,
2031 40 58 23 1895,

2727 4050 47 17 r»iht
2777 4056 8 15 ?
2786 4052 12 15 il
2814 4057 34 10 anu
2859 4053 89 20 put.Ksl.c-d
2967 4054 28 17 for
3006 4056 29 17 tho
3054 4059 108 20 proprietor*

2749 4074 21 19 by
2782 4073 59 17 Peect
2859 4074 58 17 James
2929 4075 98 22 liamkonw,
3039 4079 20 15 of
3073 4079 76 18 Rotor«»

2748 4095 19 15 at
2778 4094 27 17 his
2813 4095 94 20 registered
2919 4097 79 21 printing
3009 4099 48 17 offoo
3071 4094 89 26 Rolorun*

2747 4120 160 26 WEDNESDAY,
3058 4128 27 22 JO,

64 3328 40 17 The
123 3326 61 18 North
205 3326 62 22 Otago
291 3326 57 17 Times
368 3326 20 17 of
400 3324 31 20 the
445 3326 23 17 lsl

41 3351 93 21 February
150 3349 123 22 says;—'-The
283 3349 40 22 gale
335 3349 20 17 of
374 3349 96 22 yesterday

42 3380 36 11 was
87 3373 88 23 probably
186 3372 30 18 the
224 3373 80 17 severest
313 3372 40 17 that
362 3371 31 19 has
402 3372 68 17 visited

40 3397 80 18 Oamaru
127 3397 29 17 for
165 3396 30 17 the
203 3396 44 22 past
263 3401 49 11 score
318 3395 19 17 of
349 3400 58 17 years.
433 3394 37 17 The

43 3420 46 18 wind
98 3421 50 16 often
165 3419 47 17 blow
235 3418 43 17 with
298 3418 96 17 hurricane
416 3418 54 22 force,

40 3444 93 23 stripping
139 3443 32 17 the
179 3441 90 19 branches
277 3441 27 17 off
311 3444 52 18 trees,
372 3443 87 15 overturn
465 3451 5 2 •

40 3467 34 19 ins
86 3471 65 15 lences,
164 3465 81 23 blowing
256 3464 56 19 down
325 3464 101 22 chimneys,
435 3464 35 17 and

41 3490 81 22 blowing
129 3489 19 17 in
161 3488 95 22 windows,
269 3487 72 18 besides
353 3487 56 22 doing
418 3488 51 17 other

40 3512 78 23 damage
149 3512 18 16 It
175 3517 41 16 may
224 3511 21 17 be
263 3511 39 17 said
319 3510 41 17 that
368 3510 49 17 what
426 3517 33 16 pro-

42 3536 56 18 mised
108 3537 20 15 to
136 3535 23 17 be
167 3541 12 10 a
185 3534 67 24 capital
268 3534 50 22 large
327 3533 47 18 fruit
385 3538 44 17 year
438 3533 32 17 has

40 3560 46 17 been
103 3558 78 22 entirely
196 3558 57 22 spoilt
269 3557 25 23 by
310 3557 30 18 the
358 3556 43 23 fury
406 3556 20 18 of
439 3556 31 17 the

61 3619 32 18 Mr
106 3618 73 20 Purser,
188 3616 20 18 of
216 3615 101 23 Blenheim,
323 3615 37 18 had
367 3623 11 11 a
386 3615 75 19 satisfac-

41 3644 40 20 tory
92 3641 89 21 smelting
188 3639 21 20 of
225 3639 92 17 Taranaki
330 3639 40 18 iron
391 3639 47 18 hand
447 3645 21 11 on

39 3665 68 23 Friday
115 3666 40 19 last,
169 3662 59 19 under
244 3662 29 17 his
290 3664 64 20 patent
369 3668 72 17 process
450 3662 20 19 of

39 3688 105 23 separating
152 3686 86 18 titanium
247 3685 38 17 and
294 3685 52 17 other
359 3686 109 23 impurities,

40 3711 106 19 afterwards
155 3709 74 23 making
239 3709 16 17 it
262 3709 40 17 into
314 3707 100 24 briquettes
423 3710 37 18 suit-

41 3735 40 17 able
92 3735 28 16 for
129 3733 91 21 smelting.
245 3732 39 17 Tho
292 3731 78 24 product
379 3732 15 17 is
403 3738 10 12 a
419 3738 40 13 nice-

40 3757 79 22 looking
125 3756 62 21 metnl,
195 3755 55 18 much
257 3754 111 24 resembling
374 3755 44 17 mild
426 3758 42 16 steel

40 3780 36 19 and
85 3780 16 18 is
108 3785 19 12 so
136 3778 96 18 malleable
241 3777 41 19 that
293 3778 55 18 when
360 3778 41 18 cold
413 3779 15 17 it
436 3785 32 12 can

40 3805 24 17 be
73 3802 86 19 flattened
172 3803 33 17 out
216 3802 46 17 with
271 3806 10 13 a
297 3802 89 17 hammer.
411 3801 57 19 Local

39 3829 75 21 experts
122 3830 104 18 pronounce
235 3825 15 16 it
259 3824 19 17 of
292 3825 83 23 superior
391 3825 77 23 qualify,

39 3850 38 19 and
86 3850 30 17 the
125 3850 39 15 cost
170 3848 18 16 of
196 3848 108 22 production
313 3853 16 12 is
345 3848 96 18 estimated
449 3850 21 16 at

40 3873 54 19 much
102 3871 59 18 below
172 3870 31 17 the
212 3872 37 16 cost
259 3871 19 17 of
290 3871 76 24 landing
382 3872 80 23 ordinary-

78 3901 40 13 iron
125 3895 21 17 in
154 3894 46 18 New
209 3893 85 18 Zealand.

58 3933 35 16 The
103 3932 79 16 Customs
190 3931 67 15 returns
268 3935 50 14 prove
325 3931 64 19 beyond
400 3933 58 15 contra-

40 3953 62 16 diction
116 3951 39 15 that
167 3950 68 18 Nel«m,
243 3950 57 16 Moate
311 3951 33 15 and
355 3951 38 15 Co's
401 3952 32 15 fine
440 3953 28 15 tea

38 3977 31 12 are
82 3971 50 18 being
146 3969 108 20 appreciated
268 3969 22 17 by
300 3970 29 15 the
336 3970 85 20 majority,
442 3972 26 15 for

40 3994 18 15 in
72 3991 41 20 spite
125 3989 19 16 of
155 3989 29 16 the
191 3993 89 11 numerous
294 3989 44 15 firms
348 3989 17 16 in
374 3994 49 15 every
430 3992 38 18 pait

39 4013 19 16 in
65 4012 29 15 the
104 4008 79 18 Colonies
191 4008 39 16 that
243 4012 29 11 are
289 4008 73 19 copying
375 4008 51 19 them,
441 4010 27 15 the

38 4033 80 16 turnover
131 4029 15 16 is
153 4033 19 12 us
179 4028 47 18 larco
238 4032 18 11 as
264 4032 43 14 ever,
322 4027 33 16 and
365 4027 27 16 the
399 4027 69 17 demand

36 4056 21 11 so
74 4050 47 21 great
131 4048 40 17 that
184 4048 41 19 tboy
239 4046 30 16 sell
279 4052 45 11 more
334 4046 66 20 Indian,
414 4046 54 21 Ccyon

35 4071 34 15 *«d
88 4067 72 19 blended
176 4068 37 15 teas
230 4066 41 17 than
288 4066 28 16 the
336 4066 52 17 whole
403 4066 18 16 of
436 4063 32 20 'the

39 4090 69 21 imports
124 4088 34 18 and
172 4086 66 18 dealers
259 4086 31 22 put
313 4086 76 21 together
402 4085 17 19 in
435 4086 33 18 last

38 4111 67 21 quarter
113 4109 16 17 of
137 4107 29 18 the
175 4107 72 18 Colony,

512 4019 70 20 Wliile
590 4020 45 19 ants
646 4027 34 12 are
688 4020 57 19 much
757 4020 69 26 prized
834 4029 21 12 as
866 4022 45 21 food

486 4043 19 20 in
515 4045 80 20 various
606 4048 56 23 partß
672 4046 22 20 of
703 4046 77 21 Africa.
807 4047 42 20 The
860 4048 39 20 Hot-

486 4071 76 19 tentots
570 4073 33 18 eat
613 4072 54 20 them
678 4073 46 21 botb
733 4080 40 16 rp,w
781 4074 38 20 and
830 4074 81 25 cooked,

486 4095 37 23 apd
534 4096 65 23 thriye
609 4099 134 28 wonderfully
753 4107 26 15 on
788 4100 61 25 them,

1066 1401 95 20 ODDER
1167 1401 84 22 STILL.

967 1458 82 21 There's
1059 1465 12 14 a
1080 1465 47 15 man
1138 1460 44 20 who
1192 1460 38 21 has
1239 1467 12 14 a
1258 1461 68 20 mania
1344 1461 32 21 for

941 1484 106 28 collecting
1057 1486 25 19 all
1103 1489 50 18 sorts
1172 1487 22 20 of
1212 1493 62 20 queer
1287 1488 52 20 facta
1355 1488 21 20 in

941 1512 82 26 history,
1037 1512 82 25 science,
1132 1513 38 20 and
1181 1520 21 13 so
1211 1514 62 21 forth,
1286 1515 40 19 and
1345 1515 31 19 his

941 1538 46 19 wife
995 1538 53 21 can't
1058 1539 113 26 appreciate
1181 1540 42 20 him
1233 1543 21 17 at
1272 1541 34 20 all,
1334 1541 42 20 The

940 1565 58 20 other
1023 1566 86 26 evening
1136 1566 25 20 he
1184 1566 43 21 laid
1254 1567 59 20 down
1345 1568 31 19 his

941 1598 68 20 paper,

969 1618 82 21 "That's
1132 1618 25 21 he
1167 1620 43 19 said
1224 1623 20 17 to
1254 1620 42 21 her.

1085 1645 36 20 she
1131 1646 99 26 inquired.

969 1672 56 19 '•The
1043 1674 107 17 statement
1169 1673 43 20 that
1222 1674 16 19 it
1248 1674 67 20 would
1329 1674 47 21 take

943 1699 116 23 12,000,000
1068 1705 59 19 years
1141 1702 20 16 to
1171 1706 63 19 pump
1243 1701 34 19 the
1296 1708 35 13 sea
1339 1702 37 24 dry

941 1727 21 16 at
971 1724 35 19 the
1015 1726 43 18 rate
1068 1725 21 18 of
1101 1726 48 17 1000
1160 1726 79 24 gallons
1254 1734 12 12 a
1283 1728 72 19 second

968 1750 40 19 She
1014 1750 78 19 studied
1099 1751 33 19 the
1139 1753 109 19 statement
1253 1754 123 25 profoundly

941 1777 31 18 for
982 1783 11 12 a
1004 1776 38 19 full
1055 1777 83 20 minute.

1075 1804 66 19 would
1155 1804 49 25 they
1231 1808 37 22 put
1296 1806 28 19 all
1342 1807 34 19 the

941 1832 63 17 water
1044 1829 34 19 she
1088 1830 68 24 asked,
1164 1830 126 26 inrdceatly;
1301 1833 40 19 and
1351 1833 25 18 lie

941 1856 49 25 paid
1005 1863 26 12 no
1047 1856 99 20 attention
1173 1857 102 21 whatever
1298 1861 20 17 to
1342 1858 34 20 tho

941 1882 99 25 question.

1048 1949 116 20 FRENCH
1173 1949 95 21 BULLS.

968 2001 39 20 Wo
1017 2001 47 26 give
1073 2001 64 20 below
1148 2009 11 12 a
1168 2003 39 20 few
1310 2004 65 19 culled

941 2028 52 18 from
1092 2027 67 21 works
1186 2030 21 19 of
1242 2030 82 19 Ponson
1348 2030 26 19 du

941 2055 59 18 Terra
1003 2055 54 19 il:—

1037 2080 54 20 hand
1100 2088 41 13 was
1158 2081 43 20 cold
1211 2081 42 20 like
1270 2082 45 20 that
1333 2083 21 19 of
1364 2090 12 12 a

1034 2133 98 20 Countess
1141 2140 42 13 was
1202 2134 62 19 about
1283 2136 20 18 to
1317 2135 57 25 reply

940 2158 58 19 when
1013 2165 12 12 a
1039 2159 48 19 door
1104 2160 77 25 opened
1200 2160 40 20 and
1254 2161 66 19 closed
1338 2161 38 20 her

989 2211 40 19 'Ha
1037 2211 3 22 !
1056 2211 58 22 Ila!'
1122 2212 26 19 ho
1156 2212 110 20 exclaimed
1274 2213 20 19 in
1302 2214 60 19 Portu-

1033 2263 76 21 colonel
1116 2265 64 25 paced
1195 2265 120 20 backwards
1334 2265 40 20 and

939 2289 103 25 forwards,
1054 2290 49 19 with
1117 2291 32 18 his
1167 2291 65 19 hands
1249 2291 76 19 belaud
1343 2292 32 18 his

940 2314 57 24 back,
1008 2316 85 26 reading
1102 2316 34 20 the

1016 2342 41 19 this
1063 2342 56 26 sight
1128 2343 34 18 tho
1172 2344 80 24 negro's
1261 2344 44 19 face
1320 2350 54 20 grew

939 2367 114 26 dreadfully

1038 2401 47 12 man
1105 2401 40 14 was
1153 2396 80 19 dressed
1244 2396 21 19 in
1275 2403 11 12 a
1305 2396 66 20 velvot

938 2419 74 25 jacket,
1036 2420 40 19 and
1096 2421 21 19 in
1138 2423 61 23 pants
1221 2422 21 19 of
1265 2422 33 19 tho
1319 2429 54 13 same

964 2508 133 25 Neighbour:
1193 2517 34 13 are
1241 2517 41 19 you
1298 2512 63 20 throw-

938 2534 34 25 ing
976 2534 26 20 all
1009 2535 57 19 those
1070 2535 47 19 bars
1121 2536 22 18 of
1148 2542 49 19 soap
1201 2537 43 19 into
1247 2537 35 19 tho

938 2560 61 19 Mean
1017 2560 60 29 Man:
1164 2562 51 26 keep
1240 2563 51 26 boys
1315 2564 53 20 from

938 2587 114 24 swimming
1061 2587 20 19 in

964 2624 43 19 The
1023 2625 65 26 single
1112 2626 97 25 eyeglass,
1228 2634 45 19 says
1289 2636 11 12 a
1319 2629 42 25 phil-

938 2651 90 25 osopher,
1041 2651 17 19 is
1068 2658 55 13 worn
1132 2652 28 26 by
1170 2653 34 19 the
1214 2655 86 19 masher.
1329 2655 42 19 The

939 2676 70 26 theory
1016 2678 17 18 is
1043 2678 44 19 that
1095 2678 25 19 ho
1128 2685 36 13 can
1171 2685 32 13 see
1213 2680 55 25 quite
1279 2688 21 12 as
1310 2682 59 18 much

938 2702 48 20 with
997 2709 36 13 one
1044 2709 34 19 eye
1089 2710 21 13 as
1120 2704 26 19 ho
1156 2711 36 14 can
1202 2707 141 25 comprehend.

1420 1894 39 17 The
1479 1893 53 18 Bank
1552 1894 20 17 of
1592 1893 48 19 New
1660 1893 80 18 Zealand
1762 1894 33 17 call
1818 1893 14 18 is

1397 1918 76 21 causing
1481 1918 69 17 serious
1559 1918 74 17 trouble
1641 1918 20 16 in
1670 1923 51 12 more
1733 1917 99 18 directions

1397 1941 45 18 thau
1449 1946 41 13 one.
1515 1940 40 18 Tlie
1560 1941 71 17 Nelson
1637 1940 43 18 Star
1684 1947 49 17 Bays:
1734 1941 99 18 —Several

1397 1964 89 18 churches
1502 1965 37 17 mid
1564 1964 102 18 charitable
1684 1965 116 17 institutions
1813 1966 17 16 in

1397 1987 77 23 Nelson,
1484 1987 62 18 which
1555 1988 63 17 would
1627 1987 20 18 in
1656 1993 63 12 coin-so
1732 1988 20 17 of
1760 1994 11 11 a
1780 1988 52 18 short

1397 2011 45 18 time
1450 2012 48 17 have,
1505 2011 74 18 become
1587 2011 33 18 the
1628 2011 99 23 recipients
1736 2012 24 22 by
1766 2012 66 23 legacy

1397 2035 19 17 of
1425 2041 9 11 a
1440 2034 79 18 number
1526 2035 20 17 of
1554 2034 64 18 shares
1626 2035 19 17 in
1654 2034 32 18 the
1694 2034 55 18 Bank
1759 2036 19 16 of
1785 2035 47 18 New

1397 2058 85 18 Zealand,
1492 2064 32 12 lire
1535 2059 20 16 in
1576 2057 125 19 considerable
1722 2058 109 18 tribulation

1397 2086 41 12 over
1449 2081 30 18 the
1487 2086 48 13 news
1543 2081 19 17 of
1570 2081 32 17 the
1609 2081 41 20 call,
1658 2086 19 12 as
1684 2081 32 17 tho
1722 2081 110 18 benevolent

1396 2102 102 20 intentions
1506 2104 21 17 of
1539 2104 32 17 tho
1579 2104 81 17 devisers
1669 2109 43 17 may
1720 2104 23 17 be
1752 2104 79 23 entirely

1397 2127 106 22 frustrated,
1514 2127 36 18 and
1559 2126 73 19 instead
1642 2127 19 18 of
1678 2133 10 11 a
1702 2127 36 23 gift
1752 2128 20 17 of
1786 2133 33 13 con-

1396 2151 90 17 siderable
1494 2151 54 17 value
1558 2151 48 17 their
1624 2151 62 22 legacy
1702 2156 43 17 may
1759 2151 23 18 be
1799 2152 32 18 the

1397 2180 52 12 cause
1458 2175 19 18 ot
1486 2174 69 18 serious
1563 2174 88 18 financial
1659 2174 42 18 ioss.

1423 2198 33 18 Mr
1465 2198 98 24 AVragge,
1573 2198 21 18 of
1602 2197 106 24 Brisbane,
1722 2198 87 25 predicts
1819 2205 9 12 a

1396 2224 105 25 repetition
1522 2225 21 18 of
1562 2224 35 19 the
1615 2224 62 25 gales,
1698 2224 40 19 and
1765 2231 65 13 warns

1396 2250 102 28 chipping.

1423 2274 64 21 Outof
1494 2276 34 19 tho
1535 2278 107 17 seventeen
1649 2276 89 25 existing
1744 2278 75 18 transat-

1396 2302 60 19 lantic
1466 2302 73 24 cables,
1548 2302 16 19 it
1574 2303 17 18 is
1600 2302 44 19 said
1657 2302 44 19 that
1709 2306 47 21 only
1770 2309 59 13 seven

1396 2335 34 12 are
1440 2328 20 19 in
1471 2335 40 17 use,
1522 2332 35 15 ton
1567 2328 77 26 having
1662 2328 52 20 been
1724 2328 106 26 destroyed

1395 2354 89 25 through
1494 2355 81 18 various
1585 2361 74 12 causes.

1421 2380 26 20 In
1465 2380 83 20 London
1559 2380 59 20 alono
1633 2381 58 20 there
1709 2387 34 13 are
1758 2381 45 19 half
1818 2389 11 12 a

1395 2407 77 19 million
1482 2407 21 19 of
1517 2407 71 25 people
1597 2407 45 19 who
1659 2414 34 12 are
1703 2408 99 19 members
1809 2409 20 18 of

1395 2433 87 19 families
1492 2433 65 19 which
1567 2433 52 19 have
1628 2436 36 17 not
1682 2441 12 12 a
1703 2434 78 25 weekly
1799 2434 20 19 in-

1395 2466 54 12 come
1459 2459 21 19 of
1489 2460 75 23 twentj'
1574 2459 100 26 shillings.

1420 2486 19 18 A
1446 2485 57 25 large
1512 2485 116 19 landowner
1638 2486 20 18 in
1677 2486 97 19 Hawke's
1785 2486 43 25 Bay

1394 2511 143 26 contemplates
1547 2511 93 26 dividing
1655 2512 32 19 liis
1697 2512 84 25 holding
1800 2520 27 18 up

1393 2537 90 19 between
1512 2537 31 19 his
1575 2537 93 20 relatives
1698 2540 19 16 to
1745 2542 83 22 prevent

1393 2564 115 25 operations
1527 2563 63 26 being
1613 2564 126 19 commenced
1762 2571 26 13 on
1812 2565 16 19 it

1393 2589 65 20 under
1465 2590 34 19 the
1509 2589 58 19 Laud
1576 2591 32 18 for
1618 2589 128 20 Settlements
1756 2590 45 20 Act.

1419 2622 18 19 A.
1446 2622 40 25 boy
1496 2622 21 19 of
1526 2623 85 24 sixteen,
1625 2624 21 18 in
1654 2624 71 25 giving
1734 2623 94 20 evidence

1393 2650 20 17 at
1423 2648 101 20 Paliiat.ua
1534 2650 43 18 said
1585 2650 26 18 lie
1619 2656 40 13 was
1666 2650 46 25 paid
1722 2652 21 17 7s
1753 2657 11 12 a
1773 2650 54 19 week

1393 2674 38 19 und
1442 2674 31 19 his
1483 2674 88 21 tobacco.
1600 2675 33 20 He
1641 2676 108 19 consumed
1755 2682 11 13 a
1776 2676 51 19 stiik

1392 2701 21 18 of
1423 2701 68 24 Derby
1501 2708 22 13 or
1534 2702 54 19 Juno
1599 2708 60 17 every
1668 2702 62 20 week.

1317 2874 24 7 >■'•■

988 2976 30 43 I

1696 3001 101 40 AS/fJ

1244 3104 168 84 W*>

1186 3267 37 42 m

1098 3464 26 17 m

1089 3512 43 25 Vfew
1138 3514 44 23 old
1191 3515 71 22 Special

1047 3568 13 11 X
1067 3570 11 9 -.:

1178 3658 27 24 m

1440 3567 72 31 OLD
1535 3577 72 23 and
1630 3570 161 33 MELLOW

1289 3646 206 36 SCOTLAND
1528 3652 229 38 PRODUCES

1359 3903 171 39 wmm,
1551 3908 142 31 sco7mm

931 3993 271 34 WHOLESALE
1221 3994 183 40 AGENTS,

1214 4069 49 40 L.
1292 4069 53 41 D.
1373 4070 260 46 NATHAN
1658 4074 40 44 &
1725 4077 82 41 CO.

1861 3694 29 19 At.
1899 3694 34 19 tlio
1943 3696 66 18 recent
2018 3695 84 19 Loudon
2112 3695 58 24 dairy
2184 3696 62 24 show,
2256 3704 11 13 a

1836 3727 43 12 new
1890 3721 103 24 separator
2003 3720 73 22 named
2082 3721 34 20 the
2132 3721 95 26 Empress
2238 3725 20 16 at-

1836 3746 76 19 tracted
1925 3746 60 19 much
2003 3746 64 19 notice
2081 3754 25 12 on
2125 3747 34 20 the
2182 3752 46 21 part
2246 3749 21 18 of

1836 3772 56 19 thoso
1911 3772 92 26 engaged
2013 3772 21 20 in
2052 3772 34 20 the
2100 3773 58 25 dairy
2166 3774 99 24 industry,

1835 3797 49 20 This
1909 3804 43 13 new
1984 3800 104 22 separator
2114 3799 109 21 succeeded
2245 3800 19 20 iu

1836 3824 93 24 carrying
1947 3824 29 19 oft
1994 3824 35 19 the
2043 3824 60 19 silver
2124 3825 73 23 medal,
2222 3826 44 19 that

1835 3849 62 26 being
1905 3849 35 19 the
1950 3849 81 26 highest
2041 3850 66 19 award
2122 3853 20 16 at
2152 3852 35 18 the
2203 3852 61 19 show.

1834 3875 43 19 The
1895 3881 45 14 new
1953 3878 103 23 separator
2078 3876 17 19 is
2111 3876 53 20 built
2186 3877 22 19 in
2225 3879 40 18 two

1835 3901 55 23 sizes,
1902 3908 37 12 one
1956 3902 31 18 for
1996 3902 55 19 hand
2069 3909 67 18 power
2151 3903 83 25 capable
2244 3904 22 19 of

1834 3927 92 24 working
1935 3934 28 19 up
1975 3928 19 19 to
2005 3927 75 26 90gals.
2090 3935 37 18 per
2136 3928 58 20 hour.
2221 3929 43 20 The

1834 3953 31 19 otl
1870 3959 21 13 er
1907 3953 17 19 is
1934 3960 11 12 a
1960 3959 65 19 powei
2044 3954 92 19 machine
2145 3955 32 19 for
2186 3955 78 25 factory

1832 3985 42 18 use,
1893 3979 49 19 with
1951 3985 13 13 a
1978 3979 89 27 capacity
2083 3980 22 18 of
2128 3981 85 24 lOOgals.
2227 3988 37 18 per,

1833 4005 58 19 hour.
1919 4004 106 20 Increased
2035 4005 90 26 capacity
2141 4006 17 19 is
2168 4007 95 19 obtained

1832 4030 27 25 by
1870 4031 84 25 playing
1970 4031 20 19 in
2008 4031 34 19 the
2056 4031 105 26 revolving
2179 4032 58 20 drum
2252 4040 11 12 a

1832 4056 89 26 cylinder
1934 4057 114 25 perforated
2067 4057 49 21 with
2130 4064 12 13 a
2161 4058 102 20 thousand

1831 4082 62 26 holes,
1905 4082 49 21 each
1963 4083 22 20 of
1999 4083 65 21 which
2079 4085 42 19 acts
2131 4090 22 14 as
2163 4091 12 13 a
2182 4091 69 20 separa-

1830 4110 37 22 tor,

2313 3492 114 19 Humboldt
2447 3492 52 20 relat
2512 3500 8 12 s
2536 3493 44 21 that
2597 3493 34 23 the
2644 3493 70 26 yellow

2286 3519 46 20 aota
2352 3525 33 12 are
2402 3520 59 19 eaten
2475 3519 19 20 in
2510 3520 66 20 Brazil
2588 3521 63 19 mixed
2668 3519 47 21 with

2287 3545 51 19 resin
2358 3551 21 13 as
2402 3552 65 13 sauce.
2503 3546 87 19 Locusts
2613 3553 34 13 are
2671 3553 44 13 now

2286 3573 56 18 (a'en
2362 3571 21 19 in
2400 3571 35 19 the
2450 3572 84 23 Crimea,
2551 3573 82 22 Greece,
2649 3572 65 24 India,

2286 3598 80 23 Arabia,
2389 3598 76 24 Persia,
2490 3598 70 20 Africa
2580 3598 39 19 and
2643 3598 56 20 Mada-

2285 3630 74 18 gascar.

2311 3656 41 19 The.
2373 3655 99 21 Gisbovne
2500 3655 72 21 School
2597 3656 118 22 Committee

2285 3681 49 21 have
2345 3682 89 19 resolved
2446 3685 20 15 to
2478 3685 58 16 enter
2551 3688 52 18 upon
2614 3690 12 12 a
2636 3683 78 21 scheme

2285 3708 21 19 of
2317 3707 97 21 technical
2430 3707 111 25 education,
2553 3709 20 18 in
2591 3709 89 20 addition
2693 3713 21 17 to

2284 3735 93 24 ordinary
2388 3733 65 20 school
2465 3734 59 19 work.
2553 3735 22 19 It
2587 3735 15 19 is
2615 3737 97 24 proposod

2284 3762 21 18 to
2328 3759 57 21 teach
2409 3759 49 26 boys
2481 3761 148 26 carpentering,
2656 3765 46 22 type-

2284 3787 84 22 writing,
2378 3788 45 21 etc.,
2433 3786 39 19 and
2483 3786 49 24 girls
2552 3787 91 26 cooking.
2672 3789 42 21 The

2284 3813 119 20 Committee
2411 3819 34 12 are
2455 3812 149 26 endeavouring
2613 3816 20 17 to
2644 3815 68 21 obtain

2282 3846 11 13 a
2312 3839 55 20 small
2383 3838 73 19 annual
2476 3841 60 22 grant
2550 3840 52 19 from
2622 3840 34 20 the
2672 3842 27 19 Go-

2281 3867 104 18 vernment
2396 3865 18 19 in
2426 3864 30 19 aid
2468 3865 22 19 of
2500 3865 33 20 the
2545 3866 84 26 project,
2640 3874 27 13 on
2677 3868 35 20 the

2281 3891 52 20 basis
2343 3892 22 19 of
2374 3892 16 19 £
2402 3890 30 20 for
2443 3892 17 19 £
2471 3891 65 20 raised
2546 3892 79 27 locally.

2306 3935 22 19 It
2346 3935 17 19 is
2373 3934 77 25 alleged
2466 3935 44 19 that
2520 3942 10 12 a
2545 3942 48 16 eu.ro.
2607 3937 35 19 Ims
2660 3938 50 20 been

2280 3961 63 19 found
2365 3961 19 19 in
2406 3965 96 18 fterosene
2516 3961 33 20 for
2569 3963 130 26 pleuro-pneu-

2280 3987 71 20 monia.
2379 3987 21 19 It
2411 3987 15 19 is
2436 3987 143 21 administered
2597 3989 26 26 by
2634 3990 66 20 thrust-

2279 4013 35 25 ing
2332 4019 11 13 a
2358 4019 75 18 sponge
2448 4015 104 19 saturated
2567 4015 47 19 with
2634 4017 34 19 the
2683 4017 26 19 oil

2279 4040 44 19 into
2333 4046 37 12 one
2380 4039 71 19 nostril
2463 4040 37 19 and
2512 4040 84 27 holding
2606 4042 35 20 the
2651 4043 58 20 other

2279 4066 59 24 tight,
2355 4072 21 12 so
2386 4065 46 20 that
2442 4066 33 19 the
2491 4066 73 21 animal
2576 4070 52 18 must
2642 4069 67 21 inhale

2279 4092 34 19 the
2323 4091 80 26 remedy
2421 4092 48 20 with
2480 4092 27 21 its
2524 4093 76 21 breath.
2628 4095 81 21 Perfect

2279 4124 79 17 euccese.
2367 4117 19 23 is
2393 4118 82 22 claims'!
2482 4118 33 24 for
2525 4120 35 22 the
2569 4127 44 17 new
2622 4122 82 29 remedy

2760 3705 20 18 Jt
2791 3709 33 15 has
2840 3705 50 20 been
2902 3705 148 24 demonstrated
3071 3710 27 26 by
3109 3719 45 18 prac-

2733 3730 48 20 tical
2791 3737 24 14 ex
2819 3731 40 26 peri
2862 3734 66 18 merits
2944 3732 45 22 that
3008 3736 59 20 1001b
3083 3739 22 20 of
3114 3742 51 19 sitid

2733 3756 39 20 will
2794 3757 73 20 absorb
2891 3758 47 20 2»lb
2956 3759 22 21 of
3001 3764 79 24 water;
3102 3767 63 20 1001b

2732 3783 57 23 loam,
2812 3784 47 19 401b
2869 3780 4 33 ;
2889 3785 58 19 1001b
2967 3786 42 24 clay
3025 3780 58 33 loam',
3102 3783 48 29 iiO'.b
3160 3803 5 1 -

2733 3810 58 19 1001b
2808 3810 50 26 clay,
2868 3811 53 20 701b.
2949 3812 48 22 This
3016 3817 93 24 explains
3119 3818 46 26 why

2731 3843 53 12 some
2803 3836 49 19 soils
2867 3837 73 28 always
2960 3846 76 18 appear
3050 3843 53 21 drier
3113 3844 50 21 than

2731 3862 74 23 others,
2827 3863 46 25 why
2892 3871 54 15 &ome
2964 3867 46 19 soils
3026 3869 39 19 will
3080 3872 60 18 stand
3151 3879 13 13 a

2730 3888 87 28 drought
2827 3895 22 14 so
2869 3891 58 20 much
2941 3891 67 21 better
3026 3895 48 20 than
3086 3897 75 25 others,

2730 3915 38 18 and
2786 3915 50 25 why,
2856 3916 54 21 after
2925 3924 11 13 a
2954 3918 83 26 shower,
3048 3928 54 14 some
3113 3926 50 19 milit

2729 3940 81 21 become
2831 3942 42 21 like
2902 3951 11 12 a
2937 3944 55 20 thick
3102 3950 63 21 white

2729 3966 68 21 others
2808 3974 33 14 are
2860 3970 49 26 only
2924 3965 153 36 eoroparn.We)y
3092 3975 70 28 damp.
