2489 3989
17 99 2423 135 THE

17 234 383 76 NEW
527 234 893 76 ZEALAND
1547 234 893 76 GAZETTE

17 310 2423 76 AND

17 386 969 76 WELLINGTON
1083 386 291 76 AND
1471 386 969 76 SPECTATOR.

581 489 218 36 PUBLISHED
843 490 131 36 EVERY
1018 485 254 43 WEDNESDAY
1314 492 88 36 AND
1445 493 239 41 SATURDAY.
1716 493 203 40 MORNING.

96 603 62 29 No.
181 601 92 39 263.]

2203 643 14 14 x
2231 612 91 41 [Vol.
2344 615 51 30 IV.

672 604 109 31 PORT
802 605 254 31 NICHOLSON.
1081 606 222 32 SATURDAY
1322 607 209 36 MORNING,
1552 609 106 31 JULY
1683 614 46 32 15,
1755 612 86 28 1843.

178 697 52 18 For
252 697 115 18 Xiondon
393 697 94 23 direct,

211 728 27 20 To
247 728 42 20 sail
298 728 22 20 in
329 728 31 20 all
366 729 91 25 August,

84 759 76 34 USfiL
207 765 91 28 THE
325 765 45 21 fine
400 765 45 21 fast
466 765 82 27 sailing
575 765 50 28 brig

73 785 106 41 jjSggK
214 785 28 28 X
348 793 178 24 NELSON,

70 813 130 38 luKjSjyiE'!
221 818 85 27 George
329 818 117 22 Maclaren
470 822 88 24 master,
580 819 45 22 will

47 840 157 38 fJaEiMsS^
219 844 40 22 sa^
268 852 23 14 m
302 844 28 22 a^
341 845 96 26 August.

47 866 157 31 ISESSSSP
245 871 32 21 F°
278 879 11 13 r
303 871 82 27 freight
401 878 25 15 or
444 878 98 21 passage,
565 872 59 27 early

218 897 134 28 application
362 899 19 20 is
393 905 119 20 necessary
522 902 22 18 to

353 930 84 22 Waitt
452 930 44 23 and
511 931 85 22 Tyser.

72 960 141 28 Wellington,
224 962 58 21 June
293 963 31 26 15,
337 963 60 20 1843.

183 1013 53 20 For
250 1014 117 19 London
382 1013 96 25 direct,

137 1047 27 19 To
173 1047 41 19 sail
225 1047 62 19 about
304 1047 34 21 the
352 1048 33 19 Ist
397 1047 27 24 of
437 1047 93 26 October,

199 1083 89 35 T<HE
303 1083 82 27 barque
400 1084 222 24 INDEMNITY,

66 1105 110 35 .sS^Sk
205 1115 28 16 -*■
271 1116 33 9 ■*—
305 1120 16 5 —
322 1118 2 7 '
415 1113 83 19 master
505 1119 6 18 ;
527 1111 39 21 has
576 1111 47 21 first

211 1139 46 19 rate
277 1136 205 22 accommodations
504 1137 35 21 for
559 1137 64 21 cabin

43 1183 150 39 SSs^Sjy
237 1189 45 21 For
299 1189 80 27 freight
400 1196 25 15 or
442 1196 100 20 passage,
563 1189 60 27 early

212 1216 131 27 application
353 1216 19 20 is
385 1223 43 15 nee
433 1223 62 20 essay
506 1220 22 17 to

219 1249 129 27 RIDGWAYS,
366 1249 106 27 GUYTON,
488 1249 20 22 &
523 1249 72 22 EaRP.

68 1280 140 28 Wellington,
217 1280 53 28 July
281 1283 31 25 13,
325 1282 60 21 1843.

149 1327 52 20 For
215 1327 109 21 Akaroa
339 1328 55 20 and
414 1327 98 26 Otago.

52 1374 14 8 '-
67 1371 6 8 I
73 1359 81 38 'j3jjEL
194 1366 43 31 rip
241 1365 45 21 HE
301 1365 44 21 fine
359 1365 44 21 fast
420 1365 79 26 sailing
516 1364 108 22 schooner

44 1411 144 39 i^E°^
207 1418 67 22 Ward
283 1422 87 23 master,
381 1420 28 19 68
419 1421 56 23 tons,
486 1418 43 21 will
538 1418 41 21 sail
589 1419 35 20 for

43 1446 147 31 ■RSagggb
205 1444 37 22 the
252 1445 70 21 above
331 1447 59 24 ports
400 1450 28 16 on
438 1445 100 27 Monday
546 1452 77 14 morn-

44 1472 143 27 qgfßv
205 1471 39 27 ing
259 1475 60 23 next,
333 1471 51 22 17th
399 1471 52 21 inst.
482 1471 42 21 For
541 1471 82 26 freight

204 1505 22 14 or
235 1505 97 20 passage,
344 1497 66 28 apply
420 1501 23 17 to
454 1497 36 21 the
501 1501 84 19 master
595 1505 28 14 on

45 1525 75 27 board,
132 1532 24 15 or
166 1529 22 17 to

343 1551 37 21 •T.
396 1551 34 21 M.
447 1551 148 21 Machattie.

72 1577 52 28 Jttly
135 1579 31 25 14,
179 1579 57 21 1843.

70 1623 64 20 Just
155 1623 113 25 opened,
284 1623 54 20 and
352 1622 41 21 for
416 1623 59 20 Sale
497 1623 37 24 by
550 1623 45 19 the

235 1649 194 27 undersigned,

47 1684 41 32 f^<
99 1682 192 31 ENTLEMEN;S
312 1682 144 27 Wellington,
475 1682 62 27 drab,
558 1682 66 21 black

47 1706 52 26 \JT
124 1710 86 26 button,
221 1709 44 22 and
275 1709 103 22 Clarence
388 1710 71 26 boots,

70 1736 102 26 Blucher,
184 1736 110 26 Oxonian,
306 1736 44 21 and
364 1736 58 26 light
436 1735 96 27 walking
550 1734 71 28 shoes,

70 1763 107 27 Working
185 1762 70 23 men's
264 1762 75 22 nailed
351 1762 49 21 half
407 1763 70 25 boots,

71 1790 66 26 Boys'
147 1790 64 21 shoes
220 1789 45 22 and
274 1792 58 19 stout
340 1789 50 22 half
397 1790 68 25 boots,

71 1816 67 21 Gkls'
153 1816 43 21 and
210 1816 117 21 children's
345 1816 65 21 shoes
419 1816 46 21 and
475 1815 59 22 cloth
545 1816 76 21 button

45 1844 68 25 boots,

72 1868 86 23 Ladies'
186 1868 59 22 cloth
273 1869 70 26 boots,
371 1868 156 23 double-soled
550 1868 71 26 shoes,

47 1896 108 26 Morocco,
166 1895 86 27 lasting,
261 1896 45 21 and
315 1896 86 21 French
412 1899 75 23 carpet
496 1895 98 27 slippers,

70 1922 48 21 The
136 1923 69 23 abo.ve
221 1922 87 23 articles
323 1929 37 15 are
378 1922 27 21 of
419 1929 15 16 p.
453 1929 53 14 very
526 1921 99 27 superior

47 1948 136 26 destinipikm.
225 1962 9 3 ~
256 1953 5 8 N

70 1974 36 20 An
117 1976 128 21 assortment
254 1974 26 21 of
287 1974 130 27 Stationery,
430 1973 120 26 consisting
560 1972 33 22 of:
595 1985 27 3 —

66 1998 131 26 Tdst,-bank
207 2000 42 20 and
259 2000 96 26 foolscap
364 2007 75 23 paper,

69 2023 81 28 Demy,
160 2025 101 27 blotting,
272 2026 42 21 and
327 2026 100 26 imperial
439 2033 46 19 cap,

70 2051 168 22 Memorandum
249 2052 75 26 books,
336 2052 104 26 assorted,

72 2077 88 27 Oblong
171 2078 87 27 clasped
266 2078 72 28 pencil
349 2078 74 27 books,

71 2104 89 21 Collins'
171 2104 111 27 indelible,
294 2106 105 25 assorted,

70 2131 103 21 Account
181 2131 75 28 books,
268 2132 56 21 from
336 2139 42 14 one
388 2132 63 27 quire
461 2132 108 27 upwards,

72 2157 90 27 Wafers,
174 2159 84 26 sealing
268 2165 54 19 wax,
335 2159 44 20 and
388 2159 40 20 ink
439 2159 104 27 powders,

70 2184 88 21 Artist's
167 2185 90 27 pencils,
264 2186 58 26 good
331 2185 93 27 writing,
432 2185 45 22 and
487 2186 134 26 carpenter's

44 2211 66 26 leads,

72 2237 57 22 Steel
140 2245 53 20 pens
204 2238 43 21 and
255 2246 43 20 pen
309 2237 95 28 holders,

71 2266 24 19 11
108 2265 47 21 doz.
167 2265 88 21 Smith's
266 2272 54 20 copy
331 2265 59 26 slips,

72 2291 95 21 Gillott's
177 2292 74 21 school
260 2299 60 20 pens,
332 2291 72 28 quills,

71 2317 129 28 Envelopes,
212 2319 98 21 national
319 2318 74 21 school
404 2319 71 26 slates,

72 2345 79 27 Coffee,
161 2349 42 22 tea,
214 2345 42 21 and
265 2345 84 22 refined
359 2352 72 20 sugar,

71 2371 73 22 Prime
153 2372 56 21 Cork
218 2372 73 22 butter
301 2373 21 20 in
332 2372 83 26 firkins,
428 2379 24 14 or
461 2373 30 26 by
500 2372 38 22 the
549 2372 71 22 dozen

45 2398 89 27 pounds,

70 2425 28 21 40
109 2425 81 21 barrels
199 2425 107 28 superfine
316 2425 120 22 American
449 2425 63 28 flour,

72 2451 116 22 American
199 2452 107 27 chopping
315 2459 59 20 axes,
386 2453 48 20 iron
446 2456 36 17 tea
491 2452 86 27 kettles,

71 2479 12 19 5
98 2482 47 18 cwt.
165 2478 121 22 Rodway's
305 2483 77 23 patent
406 2479 63 22 horse
494 2479 63 21 shoes
576 2479 45 22 and

45 2503 60 28 nails,

71 2530 72 23 Hall's
151 2531 57 28 glass
217 2531 140 28 gunpowder,
366 2532 88 27 powder
463 2532 74 27 flasks,

73 2557 64 27 Ivory
159 2559 94 21 handled
280 2566 80 19 razors,
386 2560 131 21 Cowovan's
536 2560 84 21 Canton

46 2590 59 16 razor
114 2585 132 28 sharpeners,

72 2610 113 29 Crockery,
201 2612 112 27 including
332 2612 86 28 dinner,
439 2613 118 27 breakfast,
576 2613 45 22 and

47 2639 33 19 tea
90 2639 98 26 services,

72 2663 53 23 Fine
135 2668 36 19 cut
179 2665 105 22 tumblers
294 2666 44 22 aad
348 2667 57 20 wine
414 2666 89 27 glasses,

72 2691 90 27 Pickles,
172 2692 91 27 vinegar
277 2693 24 21 in
315 2693 66 27 pints,
392 2693 74 22 lemon
479 2693 67 27 juice,
559 2693 61 22 salad

46 2716 34 27 oil,
91 2725 81 20 capers,
181 2726 83 18 sauces,
275 2720 104 26 mustard,
390 2720 64 27 pearl
463 2720 85 27 barley,
560 2727 59 20 sago,

47 2745 98 27 oatmeal,
155 2746 44 21 and
209 2746 92 27 tapioca,

71 2770 67 23 Fresh
148 2772 83 22 salmon
241 2773 45 21 and
296 2780 64 20 soups
369 2773 24 21 in
403 2773 112 27 canisters,

72 2797 106 23 Hockins'
188 2802 77 24 patent
273 2799 87 22 seidlitz
369 2799 23 21 in
405 2800 107 27 powders,

72 2824 55 22 Soda
137 2825 43 22 and
188 2826 79 27 ginger
275 2826 54 21 beer
336 2826 107 27 powders,

71 2850 163 31 Raspberryade
245 2853 44 21 and
299 2853 147 22 Cheltenham
456 2853 60 27 salts,

71 2878 77 22 Steer's
165 2879 124 28 opodildoc,
306 2880 95 21 James's
419 2880 96 27 powder,
527 2880 93 27 Dalby's

45 2905 138 26 carminitive,

70 2930 77 23 Brown
156 2932 110 27 Windsor,
277 2933 73 27 fancy,
361 2933 43 22 and
414 2933 92 28 shaving
516 2941 70 20 soaps,

70 2957 93 23 Essence
178 2959 26 22 of
214 2960 84 27 ginger,
313 2960 86 27 brandy
412 2961 85 26 bitters,
514 2960 106 23 aromatic

44 2983 95 28 vinegar,
149 2986 160 22 inexhaustible
320 2987 59 26 salts,

68 3010 136 24 Permanent
210 3013 46 26 ink,
268 3013 102 26 scouring
380 3013 73 28 drops,
462 3014 97 27 pastiles,

68 3037 48 22 Salt
125 3038 26 21 of
155 3038 90 27 lemons,
257 3042 62 18 court
327 3039 98 28 plaister,

68 3063 120 23 Lavender,
193 3067 68 19 water
270 3065 48 21 Eau
328 3065 27 21 de
366 3065 104 28 Cologne,

68 3090 69 21 Beard
145 3097 81 20 grease,
237 3091 52 21 cold
298 3098 80 20 cream,
389 3099 110 15 macassar
508 3093 37 26 oil,
557 3093 62 21 tooth

43 3116 93 26 powder,
147 3118 39 20 &c.
188 3131 7 12 ;

68 3142 87 22 Ladies'
171 3143 87 22 tortoise
273 3143 56 22 shell
345 3143 48 22 side
408 3145 83 26 combs,
511 3145 107 26 dressing,

43 3169 42 21 and
94 3169 65 22 small
168 3169 60 23 tooth
239 3170 83 22 combs.

68 3195 64 28 Hair,
162 3196 66 28 tooth,
259 3197 51 27 nail,
340 3197 101 27 shaving,
465 3198 45 21 and
536 3197 84 24 clothes

43 3222 95 27 brushes,

68 3249 77 28 Slates,
156 3249 55 23 slate
219 3250 86 27 cistern,
314 3250 99 27 hearths,
425 3250 104 27 chimney
538 3251 80 27 pieces,

69 3275 77 23 Hones
156 3277 44 21 and
207 3277 102 27 chimney
319 3281 55 24 pots,

68 3303 53 21 And
136 3310 116 16 numerous
268 3303 62 23 other
345 3304 94 27 articles,
450 3303 73 23 which
533 3304 45 23 will
592 3305 27 21 be

44 3328 43 22 sold
97 3334 53 23 Very
158 3330 49 27 low,
217 3331 35 22 for
261 3331 52 22 cash
323 3331 59 27 only,
393 3331 31 28 by
632 3337 1 19 j

259 3363 23 21 J.
296 3362 161 27 BODDINGTON,

132 3389 107 22 Lambton
250 3390 71 26 Quay,
331 3397 54 14 near
395 3389 38 22 the
444 3390 53 21 Post
506 3390 79 26 Office,
596 3397 24 14 or

258 3416 78 21 James
348 3416 110 26 Jackson,

391 3443 112 22 Lambton
519 3444 73 27 Quay.

70 3468 57 22 June
137 3471 19 25 2,
168 3471 59 20 1843.
537 3470 2 4 '
632 3475 1 22 j

247 3514 23 22 J.
299 3514 107 27 BIRD,

47 3543 220 30 Cabinet-maker,
282 3547 184 27 Upholsterer,
487 3550 21 19 &
531 3550 88 25 Paper

269 3574 119 27 Banger,

218 3608 34 14 TE
277 3608 54 14 ARO
355 3608 82 21 FLAT,

93 3631 211 25 ESPECTFULLY
318 3634 82 22 solicits
416 3642 13 14 a
444 3635 87 26 portion
542 3636 26 22 of
580 3636 38 22 the
627 3657 3 3 .

49 3656 45 22 XV
118 3656 86 25 favours
213 3660 25 21 of
245 3660 37 21 the
296 3663 78 24 gentry
383 3661 46 22 and
443 3662 138 22 inhabitants
596 3663 26 21 of

51 3683 123 28 Wellington
182 3686 31 23 in.
221 3686 37 23 the
273 3686 69 23 above
357 3687 118 28 branches,
487 3688 44 22 and
542 3693 74 23 trusts,

49 3709 23 25 by
86 3709 33 23 his
138 3712 133 23 economical
289 3712 92 28 charges
399 3714 45 21 and
460 3716 116 27 attention,
594 3720 22 18 to

48 3736 58 21 merit
115 3745 12 14 a
135 3740 145 22 continuance
290 3740 25 22 of
322 3740 39 21 the
369 3747 68 16 same.

72 3762 45 23 Has
134 3771 16 15 a,
163 3765 74 23 choice
256 3766 116 23 collection
391 3768 26 21 of
437 3767 55 23 New
515 3769 101 21 Zealand

47 3789 73 27 woods,
149 3792 48 22 well
224 3794 105 22 seasoned
339 3801 6 19 ;
370 3801 15 14 a
407 3794 48 24 few,
471 3794 44 24 low
538 3796 77 26 priced

48 3816 122 23 Mattresses.

71 3839 96 30 Famines
175 3843 79 30 having
265 3846 57 23 their
329 3852 50 17 own
384 3848 114 22 materials
505 3856 41 15 can
557 3848 57 24 Have

48 3869 55 19 them
110 3869 62 22 made
180 3877 38 21 up.

70 3898 29 23 Te
108 3901 172 32 A«rF4at,.May
289 3908 34 25 12,
334 3907 60 22 1843.

819 697 60 20 Sale
894 697 37 26 by
945 698 129 21 Auction.

658 729 73 49 ON
758 729 205 28 WEDNESDAY,
988 731 54 22 19th
1064 732 62 27 July,
1149 735 24 19 at
1198 732 41 23 the

736 756 72 21 Stores
818 756 26 21 of
851 756 45 22 Mr.
907 756 60 23 John
978 757 78 27 Wade,
1064 758 38 22 the
1111 758 125 23 remainder

657 782 26 21 of
689 789 73 19 cargo,
774 789 28 15 ex
816 784 78 20 Robert
908 784 108 28 Puh/ord,
1028 785 21 22 if
1060 788 40 19 not
1111 784 124 28 previously

657 808 102 28 disposed
770 810 30 26 of,
810 810 41 22 viz.
853 821 29 5 —

682 845 122 23 Preserved
816 847 70 26 hams,

682 872 61 22 Pilot
752 873 44 21 and
806 878 59 23 navy
874 875 75 26 bread,
1241 875 2 22 I

682 899 106 27 Bureaus,

682 925 80 22 Table's
773 927 43 21 and
825 927 143 27 washstands,
1241 926 2 34 j

682 951 49 22 Ash
741 960 47 14 oars
799 953 43 23 and
851 954 140 28 handspikes,

683 979 79 21 Mould
773 977 97 30 candles,

682 1005 86 22 Lemon
779 1014 72 19 syrup,

683 1032 66 22 Glass
757 1033 71 27 lamps
838 1033 44 22 and
892 1034 76 27 plates,

682 1058 66 22 Hard
757 1062 67 18 water
834 1061 100 21 crackers
944 1061 23 21 in
978 1060 61 27 kegs,

682 1085 148 27 Whaleboats,

682 1111 90 21 Garden
783 1113 68 26 seeds,
861 1113 40 21 &c.
912 1113 40 21 &c.

847 1146 74 14 TERMS
936 1146 28 14 AT
980 1147 63 14 SALE.
1241 1141 2 31 j

656 1169 99 27 Samples
764 1176 42 14 can
819 1170 28 21 be
863 1176 51 15 seen
926 1173 23 18 at
963 1170 38 21 the
1018 1171 75 21 Stores
1103 1171 26 21 of
1134 1171 100 21 Wallace

896 1196 45 21 and
951 1197 38 21 Co.

703 1240 45 21 HE
766 1240 226 23 UNDERSIGNED
1007 1249 39 14 are
1065 1249 50 14 now
1133 1242 99 26 landing,

729 1274 28 14 ex
767 1268 34 19 St.
811 1268 70 24 Pauli,
893 1268 55 21 from
960 1267 133 27 Hamburgh
1095 1279 28 5 —

681 1307 27 20 60
720 1306 85 21 barrels
814 1307 109 26 superfine
933 1306 48 22 kiln
991 1306 63 22 dried
1067 1307 63 27 flour,

681 1332 27 21 70
722 1336 49 17 cwt.
781 1332 44 23 fine
835 1333 86 26 biscuit,

679 1360 29 20 60
722 1359 77 22 tierces
809 1360 116 26 Hamburg
935 1365 59 21 navy
1002 1360 55 21 beef
1065 1360 44 21 and
1117 1360 62 27 pork,

680 1386 28 21 53
721 1385 84 22 barrels
816 1386 35 22 do.
861 1386 71 26 prime
942 1393 58 15 mess
1013 1386 59 27 beef,

681 1412 88 21 Melted
779 1412 42 22 suit
830 1412 23 22 in
860 1414 54 26 jars,

682 1438 105 22 Holstein
797 1440 74 21 butter
879 1440 23 21 in
908 1440 54 27 jars,

681 1466 28 20 20
724 1464 64 23 hhds.
800 1466 75 21 brown
884 1467 66 26 stout,
1241 1469 2 21 j

681 1493 28 20 20
722 1491 65 22 hhds.
799 1496 75 24 strong
882 1492 40 27 ale,

681 1520 20 19 2-
709 1518 64 22 hhds.
784 1519 86 22 French
879 1520 56 21 wine
946 1520 99 27 vinegar,

682 1546 76 25 10,000
771 1548 63 19 stone
843 1546 79 21 bottles
933 1546 114 23 Hollands
1056 1546 24 22 in
1090 1546 70 26 casks,
1241 1560 2 12 :

681 1572 29 21 50
724 1579 61 14 cases
795 1572 43 27 do.,
1241 1582 2 16 |

680 1598 27 21 25
722 1598 36 21 do.
775 1598 77 28 cherry
862 1598 90 28 cordial,
971 1600 25 21 12
1012 1602 76 25 quarts
1103 1606 24 15 or
1134 1600 28 21 24
1176 1599 58 27 pints
1241 1600 2 11 '

653 1624 24 21 in
687 1624 63 27 each,

681 1651 88 22 French
785 1652 44 21 and
845 1652 100 22 Rhenish
961 1653 74 27 wines,
1046 1652 24 23 in
1081 1659 60 16 cases
1154 1653 25 21 of
1192 1659 42 14 one

654 1677 72 22 dozen
736 1678 52 21 each
790 1690 26 4 —
827 1678 7 28 |

738 1705 29 22 St.
779 1706 103 26 Estephe,
1241 1724 2 11 ,

738 1732 31 21 St.
781 1731 82 27 Julien,
1241 1727 2 12 '

736 1758 98 22 Chateau
844 1759 132 27 Margeaux,

736 1785 119 26 Cautenac,

737 1811 99 22 Chateau
845 1812 105 26 Leoville,

736 1838 63 21 Haut
813 1839 123 27 Sauternes,

701 1874 3 3 ■
735 1865 45 20 Do.
790 1865 45 22 Lur
845 1865 86 26 Saluce,

736 1891 89 21 Muscat
837 1892 75 26 Liinel,
1241 1903 2 3 ■

735 1917 149 28 Champagne,

735 1943 158 28 Hobhneimer,
903 1944 90 27 vintage
1003 1945 26 20 of
1037 1946 59 25 1834,

735 1970 180 27 Marcobriinner,
926 1971 44 26 do.,

735 1996 166 28 Riidesheimer,
912 1997 44 26 do.,

681 2023 88 26 Cognac
778 2023 94 27 brandy,

681 2049 54 21 Port
745 2049 45 22 and
799 2050 109 27 Madeira,

681 2075 126 22 Havannah
818 2076 76 27 cigars,
904 2076 24 22 in
940 2078 11 23 i
961 2076 45 22 and
1016 2078 12 23 J
1037 2077 78 26 boxes,

680 2101 142 23 WoodviHe's
831 2103 22 21 la
867 2103 66 26 fama,
945 2103 109 27 trabucos,
1065 2111 29 14 ne
1108 2103 49 28 plus
1167 2103 63 27 ultra,

653 2128 127 27 caballeros,
792 2130 47 25 &c,

680 2155 112 22 Kanaster
802 2157 99 25 tobacco,
911 2156 24 21 in
947 2158 10 20 1
999 2157 117 27 packages,

681 2182 60 21 Petit
750 2183 110 24 kanaster,
873 2183 43 25 do.,

680 2210 11 20 1
708 2208 48 23 doz.
767 2209 80 21 bottles
856 2210 96 21 natchez
961 2209 95 22 touchez
1065 2210 64 27 snuff,

680 2237 14 19 2
708 2242 61 15 cases
778 2235 62 22 toilet
850 2243 69 20 soaps,

679 2263 28 20 24
720 2262 69 22 boxes
800 2263 94 21 stearine
905 2263 73 21 tallow
988 2263 98 26 candles,

680 2289 100 21 Stearine
791 2289 96 27 candles,

678 2317 13 19 3
708 2320 49 17 tons
768 2315 81 23 double
859 2316 86 22 refined
956 2315 49 23 loaf
1011 2323 73 20 sugar,

680 2343 11 20 1
707 2349 50 15 case
766 2342 128 22 Havannab
905 2350 71 20 sugar,

679 2372 13 18 3
702 2369 83 21 barrels
795 2370 93 27 tapioca,

679 2397 14 19 2
707 2396 120 22 cannisters
837 2397 44 21 fine
892 2404 68 14 arrow
969 2400 57 23 root,

680 2423 11 20 1
707 2423 116 24 puncheon
832 2423 52 26 rice,

680 2451 13 19 6
708 2449 62 21 casks
779 2457 48 14 new
838 2451 95 26 Smyrna
941 2449 87 28 raisins,

680 2477 11 19 1
707 2475 52 22 cask
769 2476 91 27 Malaga
868 2477 84 25 raisins,

679 2503 14 21 3
701 2502 73 22 -boxes
785 2503 110 22 Muscatel
903 2504 85 25 raisins,

679 2530 12 20 1
706 2529 44 26 keg
760 2529 106 23 Valencia
876 2530 106 26 almonds,

679 2557 10 20 1
707 2563 49 15 case
766 2557 78 27 citron,

678 2584 27 20 20
719 2586 49 18 cwt.
780 2590 47 14 new
835 2590 90 20 prunes,

679 2611 14 19 9
707 2612 48 18 cwt.
766 2609 62 23 dried
837 2611 81 26 apples,

678 2637 28 20 30
720 2639 47 19 cwt.
780 2637 80 22 Scotch
869 2637 84 27 barley,

678 2664 13 20 3
705 2662 69 22 boxes
783 2667 42 24 tea,

679 2691 13 19 4
706 2689 54 26 bags
770 2689 93 23 Batavia
873 2689 75 28 coffee,

679 2717 13 20 8
707 2720 49 17 cwt.
767 2716 120 26 chocolate,

680 2743 58 21 Seed
748 2742 77 27 wheat,

680 2769 58 22 Seed
747 2769 80 28 barlee,

679 2795 51 22 Red
741 2796 44 22 and
794 2796 67 22 white
873 2797 73 22 clover
955 2797 59 28 seed,

679 2822 124 27 Ryd-grass
813 2823 59 28 seed,

679 2848 105 28 Timothy
794 2851 43 26 do.,

679 2878 28 20 60
719 2875 64 23 hides
792 2880 76 24 patent
878 2877 91 26 leather,

679 2903 41 23 700
734 2903 47 27 pair
788 2904 26 21 of
820 2904 97 22 assorted
924 2904 70 27 boots,
1001 2903 74 28 shoes,
1082 2904 44 22 and
1132 2904 97 29 slippers,

679 2932 10 20 1
707 2936 50 16 case
764 2929 57 28 hats,

678 2957 142 22 Assortment
834 2957 26 23 of
872 2961 70 24 straw,
954 2957 113 28 Leghorn,
1085 2958 45 22 and
1145 2958 86 22 Tuscan

650 2984 57 27 hats,

678 3011 140 21 Assortment
827 3011 26 21 of
863 3011 99 22 German
974 3014 55 24 toys,
1041 3011 91 28 looking
1140 3011 88 28 glasses,

651 3037 94 23 musical
753 3038 152 27 instruments,
915 3038 47 22 and
974 3038 122 27 hardware,

677 3065 28 23 50
717 3071 62 15 cases
789 3065 170 28 window-glass,
970 3065 90 21 various
1070 3065 63 26 sizes,

678 3090 74 27 Large
766 3095 132 19 assortment
912 3093 26 21 of
950 3091 59 28 glass
1009 3103 29 4 —
1039 3092 113 27 tumblers,
1164 3091 66 23 wine-

650 3117 91 26 glasses,
753 3117 122 28 decanters,
886 3119 49 26 &c,

679 3145 26 19 12
718 3143 56 27 bags
783 3144 99 22 assorted
891 3145 63 27 nails,

677 3171 14 20 4
705 3169 84 23 barrels
797 3171 141 27 gunpowder,

677 3198 15 20 2
706 3196 63 22 casks
778 3196 75 22 lemon
859 3198 68 26 juice,

677 3224 14 20 2
705 3226 50 19 tons
764 3223 59 22 table
832 3223 50 28 salt,

677 3250 78 26 50,000
766 3250 79 27 yellow
854 3250 82 27 bricks,

677 3277 77 26 40,000
766 3277 40 21 red
814 3276 81 27 bricks,

677 3303 56 22 5000
746 3303 45 22 feet
800 3303 97 29 Norway
905 3304 68 28 deals,

893 3342 62 22 John
971 3342 59 22 Beit
1046 3343 19 21 &
1080 3343 65 26 Sons,

1027 3369 83 27 Bridge
1125 3370 78 21 Street.

678 3394 92 27 Nelson,
781 3394 54 28 July
844 3396 21 20 4.
1168 3423 63 5 ___

872 3441 52 21 For
940 3441 68 21 Sale.

656 3478 17 31 1
686 3477 105 32 AHA
806 3480 99 22 STONE
913 3481 81 22 bottles
1009 3481 100 28 superior
1118 3479 112 24 flavoured

639 3510 2 24 ;
658 3498 133 29 IVUU
846 3507 111 22 Hollands
967 3507 53 28 Gin,

819 3533 103 23 Holstein
939 3534 81 27 butter,
1030 3534 25 22 in
1067 3535 47 27 jars
1128 3535 26 22 of
1164 3534 66 22 about

731 3559 50 22 well
791 3559 95 28 adapted
893 3564 22 18 to
924 3560 103 28 families,

677 3585 103 27 Superior
789 3586 121 29 chocolate,
919 3587 24 22 in
954 3589 11 24 J
971 3589 30 22 fi>.
1011 3588 74 27 cakes,

678 3612 95 27 Smyrna
781 3613 86 27 raisins,
877 3613 24 23 in
910 3614 71 27 prime
991 3615 121 27 condition,

676 3639 13 21 3
703 3638 54 27 kegs
766 3641 107 26 currants,
884 3641 43 26 do.,

639 3664 2 24 t
676 3665 81 22 Patent
764 3665 86 23 leather
859 3667 113 27 calfskins,

677 3691 101 22 Wines—
779 3693 30 21 St.
825 3693 103 28 Estaphe,
945 3695 31 21 St.
993 3694 86 27 Julien,
1096 3694 63 22 Haut
1174 3694 54 22 Sau-

648 3721 71 24 terne,
731 3718 156 29 Hochheimer,
898 3721 49 26 &c,

675 3744 103 28 Superior
783 3745 93 28 English
884 3747 97 28 hunting
990 3747 96 26 saddles,
1094 3747 44 22 and
1147 3747 80 23 double

646 3771 78 22 reiried
734 3771 87 28 bridles,
832 3773 53 22 with
894 3774 134 26 martingale
1037 3773 117 28 complete,

674 3797 53 28 Kip,
738 3798 122 29 kangaroo,-
869 3800 102 22 andsOle
981 3800 93 27 leather,

675 3823 55 23 Fine
741 3825 49 22 salt.

987 3852 27 22 T.
1030 3852 27 22 B.
1072 3852 73 27 Hine,

1098 3879 31 21 Te
1144 3879 54 22 Aro.

672 3904 54 27 July
738 3906 32 25 11,
782 3905 59 23 1843.

1386 701 63 19 Two
1465 701 111 20 Pounds
1596 700 125 23 Reward.

1265 732 200 49 WHEREAS,
1488 734 84 21 several
1589 734 114 22 instances
1724 734 58 22 have
1806 741 37 15 oc-

1360 760 77 21 curred
1449 760 77 21 within
1543 767 13 15 a
1568 761 62 21 week
1639 763 57 25 past,
1706 762 25 20 of
1740 760 102 25 Ajnimals

1265 784 83 28 having
1356 786 57 22 been
1430 786 96 22 maimed
1536 787 45 21 and
1596 785 116 29 wounded,
1723 786 120 28 belonging

1265 814 21 19 to
1298 812 134 23 Gentlemen
1450 812 140 23 well-known
1608 814 24 21 in
1645 814 37 22 the
1698 814 130 22 Settlement
1836 822 5 19 ;

1265 838 43 21 and
1316 838 99 23 whereas
1430 847 37 19 my
1477 840 44 21 Old
1531 840 72 22 Horse
1618 848 45 14 was
1672 840 96 28 brought
1775 840 66 22 home

1266 871 28 15 on
1308 864 122 28 Thursday,
1446 866 38 22 the
1500 866 52 23 29th
1566 866 49 27 ult.,
1633 867 98 27 severely
1745 863 99 29 injurecL*

1265 892 131 26 apparently,
1401 892 30 27 by
1436 892 38 22 the
1482 896 37 19 cut
1528 894 26 21 of
1561 901 13 14 a
1584 894 132 26 tomahawk,
1723 894 36 22 the
1768 894 73 22 Maori

1265 918 48 21 who
1330 925 62 15 came
1408 922 22 18 to
1445 926 38 19 my
1498 920 71 21 house
1584 920 53 21 with
1651 920 37 22 the
1702 920 139 27 intelligence

1265 944 154 33 peremptorily
1427 946 95 26 refusing
1532 949 22 19 to
1564 954 39 20 say
1612 946 73 23 where
1694 947 29 22 he
1730 953 43 16 was
1783 947 61 21 until,

1265 968 27 23 he
1312 971 98 22 extorted
1429 979 13 14 a
1456 976 107 22 payment
1582 973 25 22 of
1622 976 44 19 two
1684 973 106 26 shillings,
1800 974 40 21 but

1265 997 82 27 stating
1355 997 28 22 he
1393 997 71 23 would
1474 998 63 22 bleed
1547 1002 23 18 to
1580 999 67 22 death
1656 999 21 22 if
1686 1003 41 18 not
1735 999 105 27 instantly

1265 1024 103 21 attended
1378 1027 30 18 to.

1292 1050 11 21 I
1313 1050 82 27 hereby
1406 1051 52 22 offer
1468 1059 14 14 a
1489 1052 85 21 reward
1583 1052 26 21 of
1621 1054 40 19 two
1667 1054 87 24 pounds,
1764 1059 29 14 on
1803 1052 38 21 the

1265 1076 113 27 discovery
1388 1077 43 21 and
1440 1078 123 21 conviction
1579 1078 23 21 of
1616 1079 40 21 the
1671 1082 135 24 perpetrator
1818 1079 26 21 of

1265 1102 37 22 the
1312 1104 92 26 cruelty.

1552 1131 59 22 Geo.
1627 1132 106 27 Hunter,

1620 1163 109 22 Lambton
1740 1163 71 26 Quay.

1291 1187 56 27 July
1355 1189 21 25 5,
1389 1189 59 21 1843.

1445 1233 22 19 E
1481 1233 61 21 Rua
1557 1234 103 21 Pauna.

1264 1264 92 49 KIA
1374 1265 108 22 RONGO
1499 1267 60 21 MAI
1577 1267 19 21 E
1606 1275 44 19 nga
1663 1268 98 27 Tangata
1768 1267 73 27 katoa,

1348 1292 44 21 kua
1402 1296 61 18 motu
1474 1300 11 14 c
1502 1293 46 21 tahi
1557 1301 14 13 o
1581 1300 44 20 nga
1639 1294 45 21 kua
1693 1302 14 13 a
1721 1297 21 19 te
1752 1294 91 21 Pakeha

1263 1324 14 13 o
1284 1318 60 21 tenei
1356 1318 81 26 kainga
1445 1319 8 20 i
1469 1322 21 18 te
1499 1320 69 26 patiti,
1586 1328 36 13 me
1632 1320 53 21 taku
1700 1320 74 23 Hoiho
1790 1320 53 22 hoki

1263 1343 44 22 kua
1321 1347 63 19 motu
1393 1344 8 21 i
1416 1349 21 17 te
1446 1345 69 27 patiti,
1531 1346 9 20 i
1550 1350 22 17 te
1585 1348 28 20 29
1623 1354 13 14 o
1646 1354 45 19 nga
1703 1355 26 14 ra
1738 1355 12 13 o
1766 1346 75 28 Hune,

1263 1376 29 15 na
1301 1370 42 22 wai
1352 1371 68 27 ranei,
1430 1379 30 14 na
1471 1372 39 21 wai
1519 1373 69 21 ranei.
1618 1373 118 22 Mehemea
1745 1373 29 22 ka
1783 1373 60 22 kitea

1263 1398 21 19 te
1300 1397 101 26 Tangata
1415 1405 59 14 nana
1483 1399 59 21 tenei
1557 1400 67 26 mahi,
1642 1400 86 22 ahakoa
1743 1399 98 28 Pakeha,

1264 1421 85 24 ahakoa
1364 1424 78 26 Maori,
1452 1424 30 23 ka
1491 1425 29 22 ho
1531 1428 38 19 atu
1578 1433 12 14 c
1604 1433 29 15 au
1642 1426 38 22 kia
1688 1429 13 20 2
1710 1434 44 20 nga
1768 1433 74 21 pauna

1263 1448 36 23 hei
1308 1454 42 18 utu
1358 1458 37 14 mo
1404 1454 22 18 te
1435 1448 156 30 kai-wakaatu,
1601 1453 39 22 ma
1649 1452 138 23 wakawakis.

1650 1480 36 21 Na
1696 1480 32 22 Te
1739 1480 101 21 Hanita.

1290 1503 107 27 Huraes,
1406 1506 59 20 lß43.

1248 1559 2 7 •
1498 1550 105 21 Notice.

1248 1571 2 41 j
1266 1581 42 36 np
1312 1581 45 22 HE
1370 1582 114 28 following
1499 1583 100 22 Portions
1616 1584 25 21 of
1656 1584 37 22 the
1707 1585 67 22 Town
1792 1584 50 21 Belt

1248 1622 2 15 ,
1272 1605 29 24 X
1339 1609 44 21 will
1392 1609 28 21 be
1430 1610 41 21 Let
1481 1617 29 14 on
1524 1611 71 21 Lease
1608 1612 35 21 for
1653 1611 36 22 the
1703 1611 65 22 Term
1778 1611 26 21 of
1815 1613 26 19 14

1248 1644 2 12 i
1263 1641 75 20 years:
1340 1646 28 4 —

1317 1669 27 20 30
1358 1676 60 15 acres
1439 1670 153 28 immediately
1613 1671 116 28 adjoining
1752 1671 89 21 Wade's

1371 1696 80 27 Town;

1248 1720 2 29 |
1317 1723 28 20 30
1358 1729 61 14 acres
1425 1723 23 21 in
1460 1722 37 22 the
1507 1731 48 13 rear
1565 1724 27 21 of
1597 1727 59 19 town
1667 1725 81 21 section
1756 1724 43 22 No.
1805 1725 34 25 52,

1371 1748 44 22 and
1439 1750 122 27 extending
1583 1751 25 21 in
1630 1751 39 21 the
1692 1750 107 23 direction
1817 1751 27 21 of

1373 1775 103 23 Martin's
1485 1776 67 28 farm;

1317 1802 28 21 30
1359 1809 60 14 acres
1428 1802 23 22 in
1462 1803 36 21 the
1508 1811 49 14 rear
1567 1804 25 22 of
1599 1807 59 19 town
1668 1805 93 21 sections
1766 1805 42 20 452
1816 1807 23 19 to

1370 1830 48 26 469,
1428 1829 53 22 both
1488 1830 109 22 inclusive
1603 1838 6 18 ;

1317 1856 27 20 12
1357 1862 61 15 acres
1426 1856 22 21 in
1458 1856 37 22 the
1505 1864 49 14 rear
1564 1857 25 21 of
1596 1860 60 18 town
1666 1858 94 22 sections
1766 1859 40 19 431
1818 1860 21 19 to

1369 1882 47 21 439.

1249 1922 11 15 .;
1291 1912 49 25 The.
1348 1913 117 22 minimum
1473 1915 60 26 price
1543 1914 90 27 already
1643 1915 81 24 offered
1731 1916 19 21 is
1760 1915 30 21 ss.
1801 1922 38 19 pqr

1262 1945 50 13 acre
1322 1938 35 20 for
1365 1938 38 21 the
1410 1939 50 21 lirst
1469 1946 67 14 seven
1546 1946 70 19 years,
1627 1938 46 24 arid
1689 1939 42 23 10s'.
1742 1946 40 21 per
1791 1946 48 14 acre

1262 1964 34 21 for
1306 1964 37 21 the
1354 1964 121 28 remaining
1490 1972 74 15 seven.
1593 1966 32 22 To
1637 1974 78 14 ensure
1729 1965 42 23 fair
1780 1973 59 14 com-

1262 1990 100 28 petition,
1382 1991 89 21 tenders
1489 1992 33 21 for
1541 1992 37 22 the
1597 1993 70 21 above
1686 1993 43 21 lots
1745 1992 44 22 will
1811 1992 28 22 be

1262 2013 102 25 received
1380 2018 29 26 by
1420 2018 35 21 the
1467 2018 70 22 Town
1552 2019 111 28 Surveyor
1678 2019 57 22 until
1751 2019 88 26 Friday,

1263 2044 36 21 the
1308 2045 49 20 21st
1366 2047 91 25 current,
1469 2045 69 27 when,
1553 2045 21 21 if
1584 2052 31 15 no
1629 2045 80 28 higher
1724 2045 63 23 offers
1803 2052 36 15 are

1263 2070 108 27 received,
1387 2070 52 28 they
1453 2072 44 20 will
1514 2072 29 21 be
1557 2072 32 21 let
1606 2075 23 19 to
1645 2073 37 21 the
1696 2073 80 26 parties
1790 2072 49 22 who

1261 2096 57 23 have
1329 2097 87 27 applied
1423 2098 33 21 for
1466 2098 38 21 the
1514 2106 68 14 same.

1289 2128 57 22 N.B.
1348 2139 27 4 —
1375 2128 47 22 The
1437 2129 45 22 first
1498 2131 71 26 years'
1586 2131 62 21 Rent
1665 2133 22 19 to
1703 2131 28 21 be
1750 2130 52 27 paid
1816 2131 22 21 in

1263 2155 107 22 advance.

1545 2183 93 22 Robert
1654 2184 88 27 Waitt,

1471 2209 82 28 Acting
1561 2210 68 22 Town
1642 2211 65 22 Clerk
1714 2216 40 21 pro
1763 2212 48 19 tern.

1288 2246 68 21 Town
1368 2246 59 27 Hall,
1441 2246 142 28 Wellington,

1343 2273 37 21 Bth
1391 2273 58 27 July,
1462 2275 59 20 1843.

1429 2319 76 20 Meat
1526 2320 148 25 Company.

1263 2350 90 35 rpHE
1373 2351 232 28 UNDERSIGNED,
1625 2352 83 27 having
1726 2353 55 21 been
1803 2360 36 20 ap-

1270 2374 28 25 X
1335 2378 89 27 pointed
1439 2378 108 27 Manager
1556 2378 26 21 of
1595 2378 37 22 the
1646 2379 63 21 Meat
1717 2380 121 26 Company,

1261 2403 53 27 begs
1324 2407 23 18 to
1356 2411 116 15 announce
1481 2404 48 22 that
1543 2413 13 13 a
1566 2406 88 26 regular
1663 2406 75 27 supply
1748 2406 25 20 of
1781 2406 58 26 beef,

1262 2433 93 25 mutton,
1376 2432 44 21 and
1435 2432 56 27 pork
1507 2439 52 20 may
1578 2432 82 27 always
1677 2433 27 21 be
1724 2432 116 27 depended

1262 2464 59 20 upon
1332 2460 23 19 at
1366 2458 42 21 this
1418 2458 170 22 establishment.

1288 2484 33 21 As
1345 2484 43 22 this
1411 2485 113 27 Company
1543 2492 106 20 purposes
1667 2486 77 27 selling
1762 2489 24 17 at
1803 2486 36 21 the

1261 2509 77 22 lowest
1346 2511 70 27 prices
1427 2515 21 18 at
1462 2511 72 22 which
1543 2513 18 20 it
1575 2512 18 21 is
1602 2512 70 21 found
1682 2513 35 21 the
1728 2515 59 19 meat
1800 2520 40 14 can

1261 2536 28 22 be
1298 2537 106 27 afforded,
1416 2538 35 21 the
1462 2538 148 27 undersigned
1619 2539 18 21 is
1651 2540 52 26 only
1712 2538 126 23 authorized

1262 2566 22 19 to
1294 2564 50 26 give
1350 2571 53 20 very
1409 2564 84 22 limited
1503 2565 75 27 credit,
1586 2565 46 22 and
1639 2566 38 21 has
1684 2566 54 21 been
1747 2566 94 22 ordered

1262 2592 22 19 to
1300 2593 48 25 stop
1364 2590 28 22 all
1406 2593 103 20 accounts
1522 2591 73 22 which
1609 2599 37 14 are
1662 2595 40 19 not
1715 2592 51 28 paid
1781 2600 58 20 upon

1263 2616 101 22 demand.

1288 2643 48 22 The
1345 2644 98 21 business
1453 2644 26 21 of
1486 2644 36 21 the
1533 2644 114 28 Company
1656 2645 19 22 is
1685 2644 82 23 carried
1777 2653 29 14 on
1816 2646 23 21 in

1262 2669 57 22 their
1333 2677 49 14 new
1396 2670 107 28 building,
1515 2674 87 19 erected
1619 2672 100 22 between
1737 2672 103 22 France's

1262 2695 68 22 Hotel
1349 2697 43 22 and
1411 2697 36 22 the
1465 2697 58 22 head
1540 2698 26 21 of
1580 2698 36 21 the
1632 2699 56 27 Bay,
1706 2700 43 20 and
1764 2700 76 27 nearly

1263 2723 97 27 opposite
1370 2727 22 18 to
1402 2724 44 22 Mr.
1456 2724 84 28 Lyon's
1550 2725 69 22 Store.

1495 2770 5 3 -
1531 2758 35 21 W.
1581 2759 101 26 Flyger,
1698 2760 114 26 Manager.

1289 2788 129 23 November
1426 2791 33 25 23,
1472 2791 59 20 1842.

1449 2842 83 20 Fresh
1548 2842 104 25 Butter,

1262 2874 160 48 ALWAYS
1439 2882 26 14 on
1482 2874 49 22 Sale
1546 2878 24 18 at
1586 2875 37 22 the
1634 2876 63 22 Meat
1709 2876 131 27 Company's

1340 2900 113 28 premises.

1529 2927 35 21 W.
1580 2927 102 28 Flyger,
1698 2929 113 26 Manager.

1288 2961 157 26 Willis-street,
1457 2961 56 22 Dec.
1522 2963 22 24 2,
1555 2962 60 21 1842.

1497 3008 108 20 Cheese.

1278 3041 16 20 A
1321 3039 116 22 SUPPLY
1446 3039 101 22 received
1554 3039 86 28 weekly
1648 3040 24 21 of
1680 3040 54 22 New
1740 3039 99 23 Zealand

1261 3061 49 27 J\.
1339 3066 64 22 made
1414 3066 89 27 Cheese,
1510 3066 58 22 from
1577 3065 38 23 the
1622 3067 140 28 Cowpasture
1769 3067 68 27 dairy,

1260 3093 44 22 and
1313 3093 35 21 for
1356 3093 45 22 sale
1411 3096 23 18 at
1448 3093 38 22 the
1495 3093 106 28 premises
1611 3094 26 21 of
1649 3093 38 22 the
1703 3095 63 21 Meat
1774 3094 65 21 Com-

1260 3127 66 20 pany.

1536 3146 36 22 W.
1583 3147 101 27 Flyger,
1696 3147 115 27 Manager.

1286 3173 156 26 Willis-street,
1454 3173 126 22 December
1589 3175 34 26 20,
1635 3175 60 21 1842.

1479 3220 52 20 For
1546 3218 69 21 Sale.

1260 3253 50 48 A
1339 3252 286 23 DWELLING-HOUSE
1654 3260 27 14 on
1705 3251 134 28 Wellington

1338 3279 101 27 Terrace,
1449 3279 96 28 adapted
1554 3279 36 21 for
1597 3286 14 14 a
1620 3279 65 22 small
1693 3279 83 26 family.

1287 3305 43 23 For
1339 3306 136 27 particulars,
1484 3305 91 28 enquire
1585 3308 23 18 at
1617 3305 39 21 the
1666 3306 60 22 Store
1736 3305 26 22 of

1406 3340 31 21 H.
1452 3340 96 21 Taylor
1562 3341 21 21 &
1597 3340 47 28 Co.,
1656 3339 155 22 Willis-street.

1286 3366 113 28 February
1408 3368 20 25 3,
1439 3368 60 20 1843.

1260 3411 88 49 FOR
1362 3412 84 27 SALE,
1463 3420 28 14 ex
1504 3413 117 25 Margaret,
1632 3413 48 26 &c,

1330 3439 28 20 25
1372 3439 76 21 tierces
1456 3439 58 26 beef,

1285 3465 13 21 3
1312 3467 50 20 tons
1372 3465 93 23 colonial
1477 3465 50 28 hay,

1285 3493 13 19 3
1312 3494 51 19 tons
1373 3493 60 21 Siam
1442 3499 73 20 sugar,

1285 3519 27 20 30
1326 3518 83 22 barrels
1418 3519 85 22 bottled
1512 3519 42 26 ale,

1285 3545 27 21 50
1326 3545 68 22 boxes
1402 3548 42 21 tea,

1284 3571 28 21 50
1325 3571 40 22 ash
1378 3579 56 19 oars,

1284 3599 28 20 30
1325 3601 49 19 tons
1383 3599 56 27 coal,

1285 3623 58 28 Port,
1354 3625 83 28 sherry,
1447 3625 44 22 and
1507 3625 102 22 Madiera
1617 3625 25 22 in
1656 3625 75 27 bottle,
1741 3623 95 24 Ruther-

1258 3649 49 23 ford
1315 3651 46 21 and
1369 3651 94 28 Drury's
1471 3651 78 28 brand,

1284 3677 100 28 Liquers,
1394 3679 24 21 in
1428 3679 70 21 dozen
1509 3686 67 20 eases,

1284 3703 150 30 Champagne,

1284 3730 97 27 Brandy,
1390 3738 56 20 rum,
1458 3731 43 23 and
1510 3732 39 27 gin
1558 3731 24 23 in
1592 3731 73 28 hhds.,

1282 3758 28 20 30
1324 3760 49 19 tons
1382 3758 49 22 best
1439 3758 91 27 Sydney
1541 3759 65 26 flour,'

1284 3784 28 21 50
1325 3786 51 20 tons
1386 3784 87 22 Chilian
1482 3785 65 26 flour,
1558 3792 29 14 ex
1598 3785 104 24 Cheerful.

1569 3818 84 23 Waitt
1666 3818 44 22 and
1723 3819 83 22 Tyser.

1248 3883 2 14 i
1264 3868 86 37 TUS^
1362 3872 131 28 OPENED,
1500 3874 44 22 and
1554 3881 29 15 on
1594 3874 51 22 Sale
1654 3877 23 19 at
1686 3874 37 23 the
1732 3874 71 23 Office
1812 3874 27 21 of

1249 3895 33 26 Itl
1319 3898 44 24 this
1371 3897 77 31 Paper,
1458 3900 39 22 ink
1508 3900 75 23 stands
1593 3901 26 22 of
1625 3901 88 23 various
1723 3901 60 23 sizes.

2107 704 107 21 Notice.

1873 734 50 48 A
1938 732 145 25 MEETING
2102 736 26 22 of
2141 736 38 22 the
2195 737 109 23 Creditors
2320 739 24 21 of
2359 740 45 22 Mr.
2420 741 30 21 D.

1951 762 133 26 M'Donald,
2095 762 45 23 Kai
2158 763 78 23 Warra
2246 765 83 27 Warra,
2340 766 44 22 will
2401 767 50 21 take

1872 787 62 26 place
1944 791 23 18 at
1977 788 37 22 the
2025 789 148 23 Commercial
2184 790 75 27 Hotel,
2269 791 61 26 here,
2340 799 28 15 on
2384 793 67 22 Mon-

1872 813 44 27 day
1930 818 60 23 next,
2001 815 37 21 the
2055 815 52 23 17th
2123 820 94 23 current,
2229 821 23 17 at
2260 819 12 20 3
2281 819 99 26 o'clock;
2387 819 64 23 when

1871 847 13 14 a
1895 838 103 24 dividend
2008 842 43 21 will
2061 843 29 21 be
2099 842 60 27 paid.

1890 867 83 22 Parties
1983 869 118 26 expecting
2109 872 23 18 to
2140 869 63 22 share
2211 869 42 22 will
2262 869 106 25 therefore
2374 872 74 27 please

1870 899 81 21 appear
1960 895 53 21 with
2023 899 103 18 accounts
2131 897 100 25 properly
2241 898 96 20 vouched.

2032 929 96 20 Alfred
2143 929 77 26 Hort,
2295 931 50 24 Im.
2374 948 3 3 .

2032 954 116 22 Kenneth
2167 956 119 22 Bethune.
2295 945 76 38 J^™
2373 948 52 19 4^-

1898 984 54 26 July
1963 985 33 25 14,
2008 986 60 21 1843.

2112 1031 106 21 Notice.

1872 1061 50 48 A
1935 1062 145 23 MEETING
2091 1064 26 21 of
2123 1064 38 21 the
2170 1064 108 23 Creditors
2288 1066 26 21 of
2316 1066 28 22 R.
2351 1066 99 24 Brown's

1950 1089 76 21 Estate
2036 1090 44 21 will
2090 1090 50 22 take
2151 1092 62 26 place
2222 1095 23 18 at
2257 1091 37 22 the
2304 1093 144 23 Commercial

1872 1114 74 27 Hotel,
1959 1122 28 14 on
1999 1115 101 28 Monday
2110 1122 60 22 next,
2182 1117 36 22 the
2234 1118 52 23 17th
2298 1119 88 27 instant,
2403 1124 22 18 at
2434 1123 15 20 4

1870 1148 61 19 p.m.,
1943 1141 34 22 for
1986 1142 38 21 the
2034 1149 92 21 purpose
2135 1144 24 21 of
2167 1145 126 27 examining
2303 1146 44 21 and
2354 1146 95 28 liquida-

1870 1167 49 27 ting
1928 1167 30 22 all
1969 1169 76 21 claims
2056 1173 22 18 to
2088 1170 37 21 the
2137 1177 67 16 same.

2034 1202 100 22 Edward
2150 1203 112 28 Johnson,
2296 1206 10 30 ]

2035 1229 24 21 C.
2075 1229 33 21 M.
2124 1230 87 24 Penny,
2302 1226 125 37 [-Trustees.

2034 1255 115 22 Kenneth
2170 1257 117 27 Bethune,
2295 1251 11 33 J

1900 1285 52 26 July
1963 1287 33 25 14,
2008 1287 60 21 1843.

2034 1330 56 22 Oil!
2112 1332 68 21 Oil!!
2203 1333 86 22 Oil!!!

1874 1362 91 35 rpHE
1980 1363 74 21 BEST
2069 1364 87 23 LAMP
2171 1365 53 22 OIL
2232 1366 24 22 in
2266 1367 140 29 Wellington,
2416 1371 32 20 3s.

1880 1388 30 22 X
1947 1397 38 19 per
1999 1390 71 26 single
2083 1391 81 26 gallon,
2175 1392 45 22 and
2232 1394 31 21 2s.
2281 1394 35 22 9d.
2334 1395 30 27 by
2373 1397 77 26 taking:

1872 1415 44 22 five
1925 1416 91 26 gallons,
2026 1419 22 19 at
2057 1417 37 21 the
2105 1418 73 22 Stores
2189 1419 24 21 of

2168 1450 32 21 M.
2216 1451 87 27 Asher,

2232 1483 108 23 Lambton
2351 1485 70 24 Quay.

1900 1506 55 26 May
1964 1508 33 24 23,
2010 1508 60 21 1843.

2055 1558 35 21 W.
2107 1558 33 22 M.
2156 1559 105 27 SMITH,

1872 1596 57 15 LATE
1940 1597 234 16 SURVEYOR-GENERAL
2185 1599 27 14 TO
2224 1600 43 14 THE
2282 1600 50 14 NEW
2347 1601 102 15 ZEALAND

2106 1625 112 20 COMPANY,

1898 1647 141 26 Surveyor,
2054 1649 209 26 Draughtsman,
2278 1652 54 19 and
2345 1652 75 21 Land

2113 1677 99 24 Agent.

1870 1704 176 28 Tinakori-road,
2058 1706 100 26 January
2170 1708 20 26 4,
2203 1709 59 21 1843.

2109 1757 54 21 For
2178 1758 68 25 Sale,

1870 1791 159 48 WHEAT
2049 1793 66 21 AND
2137 1793 109 27 FLOUR,
2261 1795 37 21 the
2316 1795 95 27 produce
2429 1797 24 21 of

1967 1818 37 22 the
2015 1819 65 26 Hutt,
2090 1819 24 22 in
2129 1820 55 27 bags
2196 1821 99 27 (200165,)
2309 1826 23 17 at
2347 1823 33 22 £2
2396 1824 54 26 10a.,

1870 1844 50 21 half
1935 1845 53 26 bags
2007 1846 31 21 £1
2060 1847 32 21 ss.
2130 1846 59 27 Bags
2207 1851 23 17 to
2249 1848 26 21 be
2295 1849 109 27 returned,
2425 1857 25 14 or

1871 1870 95 28 charged
1980 1873 31 20 2s.
2027 1872 36 22 6d.
2093 1872 54 22 Also
2157 1880 13 14 a
2180 1873 63 23 small
2258 1875 99 27 quantity
2368 1877 26 20 of
2399 1877 52 21 seed

1870 1897 76 27 spring
1954 1898 47 22 and
2010 1899 80 21 winter
2098 1899 74 22 wheat
2180 1900 44 21 and
2233 1900 92 24 skinless
2335 1901 83 28 barley.

1898 1933 74 25 Apply
1982 1936 23 17 to
2013 1934 99 20 -Messrs;
2123 1935 96 20 Rtt6ces
2235 1936 44 21 and
2291 1938 47 24 Co.,
2348 1936 32 22 Te
2397 1938 52 26 Aro,

1871 1965 25 14 or
1905 1961 23 18 to
1938 1959 45 21 Mr.
1998 1960 126 26 Swainson,
2141 1960 147 28 Hawkshead,
2300 1962 68 23 River
2384 1964 65 22 Hutt.

1897 1989 55 28 July
1961 1992 19 24 4,
1994 1992 61 20 1843.

2006 2042 87 21 Town
2110 2044 30 20 of
2152 2044 165 22 Manewatu.

1872 2075 91 48 THE
1985 2074 212 24 PROPRIETORS
2222 2078 24 21 of
2269 2078 37 22 the
2327 2079 60 22 three
2402 2078 48 24 first

1959 2101 87 23 choices
2062 2105 22 19 at
2093 2103 37 22 the
2149 2103 42 22 last
2205 2105 104 22 selection
2319 2105 25 22 of
2358 2110 93 24 country

1869 2127 70 26 lands,
1954 2127 82 28 having
2055 2129 137 23 determined
2205 2138 59 19 upon
2281 2132 37 21 the
2335 2132 39 22 site
2388 2134 34 21 for
2437 2141 14 14 a

1884 2161 93 22 TOWN
1992 2162 43 21 ON
2048 2162 65 23 THE
2128 2164 185 22 MANEWATU
2328 2165 104 28 RIVER,

1870 2192 57 22 after
1931 2195 79 19 several
2017 2195 59 19 visits
2086 2197 21 18 to
2116 2194 38 22 the
2162 2195 183 28 neighbourooodi
2356 2197 47 22 and
2411 2199 39 21 the

1870 2222 58 18 most
1946 2220 85 22 careful
2049 2220 45 22 and
2111 2221 83 22 minute
2213 2223 146 22 examination
2375 2225 26 21 of
2413 2225 37 22 the

1872 2250 70 18 .satire
1958 2247 91 26 district,
2065 2247 65 22 aided
2145 2248 31 27 by
2185 2248 37 22 the
2236 2249 141 27 professional
2391 2251 57 27 skill,

1870 2272 137 28 knowledge,
2027 2273 44 22 and
2085 2274 129 27 experience
2229 2276 25 20 of
2265 2276 37 21 the
2317 2280 58 18 most
2390 2284 61 15 com-

1870 2302 76 24 petent
1954 2299 87 28 judges,
2058 2307 92 20 propose
2165 2305 23 17 to
2203 2301 53 23 offer
2266 2303 33 21 for
2316 2303 101 28 disposal,
2428 2308 23 18 at

2018 2327 38 21 the
2070 2330 88 24 present
2168 2328 59 26 time,
2238 2328 66 22 about

1872 2357 218 23 TWENTY-FIVE
2124 2359 104 26 ACRES,
2266 2360 35 21 IN
2338 2361 113 23 ALLOT-

1873 2384 112 27 MENTS,
2001 2385 85 22 EACH
2107 2385 38 22 OF
2170 2385 62 22 ONE
2253 2386 145 24 QUARTER
2411 2389 39 22 OF

2087 2411 44 22 AN
2147 2412 89 21 ACRE.

1898 2446 46 21 The
1954 2449 49 24 spot
2011 2446 51 22 thus
2072 2446 96 22 selected
2179 2454 108 21 possesses
2296 2447 37 23 the
2342 2452 57 19 most
2414 2457 38 15 ex-

1870 2472 86 22 tensive
1969 2473 101 27 frontage
2084 2475 23 19 to
2124 2473 56 27 deep
2192 2477 66 19 water
2272 2475 27 21 of
2309 2482 43 20 any
2367 2483 28 15 on
2414 2477 37 21 the

1870 2500 65 20 river.
1964 2500 22 20 It
2003 2500 19 20 is
2040 2499 96 21 situated
2149 2500 48 27 just
2210 2503 22 19 at
2247 2500 48 22 that
2314 2502 62 26 point
2394 2503 57 22 from

1933 2525 72 22 which
2014 2533 14 13 a
2037 2526 54 21 road
2102 2524 71 23 would
2182 2526 83 22 branch
2276 2527 33 22 off
2314 2531 23 19 to
2346 2529 38 21 the

1872 2564 93 14 WOODED
1989 2564 45 14 AND
2055 2564 97 15 FERTILE
2172 2565 114 15 DISTRICTS
2307 2567 74 14 ALONG
2405 2568 45 15 THE

2039 2591 56 14 BASE
2109 2591 27 15 OF
2150 2592 45 14 THE
2210 2592 72 20 HILLS,

1870 2617 44 22 and
1926 2618 70 21 above
2007 2617 72 22 which
2088 2617 36 22 the
2139 2618 126 26 navigation
2278 2619 35 21 for
2321 2620 81 22 vessels
2411 2621 39 21 be-

1871 2651 74 15 comes
1955 2644 84 25 tedious,
2050 2644 24 25 if
2078 2646 37 19 not
2123 2643 87 28 difficult
2246 2639 21 27 ft
2274 2645 17 22 is
2298 2646 106 23 therefore
2411 2647 38 22 the

2068 2670 61 28 point
2137 2672 72 21 whovo
2220 2671 37 22 the

1872 2703 88 23 LAND
1974 2705 67 21 AND
2056 2703 114 23 WATER
2184 2705 158 22 CARRIAGE
2355 2707 93 22 MEET,

1871 2735 45 22 and
1926 2735 73 22 where
2008 2743 14 14 a
2030 2736 70 22 Town
2117 2744 59 14 must
2191 2745 27 14 be
2233 2745 88 14 formed
2338 2738 65 22 when
2413 2739 38 21 the

1872 2762 85 21 district
1971 2762 19 21 is
2000 2762 87 22 settled.
2116 2763 22 21 It
2146 2770 44 15 was
2200 2764 95 22 selected
2310 2765 30 27 by
2349 2765 37 21 the
2399 2766 53 21 Sur-

1871 2788 81 27 veying
1962 2789 58 22 Staff
2032 2797 23 14 as
2065 2789 38 22 the
2112 2790 135 22 rendezvous
2256 2790 35 22 for
2305 2791 56 22 their
2375 2791 60 32 body
2444 2800 6 18 ;

1872 2815 42 21 and
1924 2815 40 22 has
1973 2816 57 21 been
2041 2823 50 14 now
2104 2816 77 26 found,
2190 2817 57 20 after
2257 2818 84 21 several
2356 2818 95 22 months'

1870 2841 103 27 location,
1985 2846 23 17 to
2022 2842 27 21 be
2058 2842 38 21 the
2105 2846 58 18 most
2177 2842 162 28 advantageous
2347 2845 103 27 position,

1870 2868 58 21 from
1944 2868 27 21 its
1985 2868 98 26 peculiar
2104 2868 84 28 facility
2203 2869 27 22 of
2240 2870 109 26 approach
2358 2871 54 21 both
2421 2872 30 26 by

1870 2894 54 21 land
1933 2894 45 21 and
1987 2898 74 18 water.
2097 2905 4 4 •

1900 2921 27 21 In
1937 2921 152 21 confirmation
2100 2921 25 21 of
2131 2921 37 22 the
2178 2922 129 26 superiority
2317 2922 25 21 of
2349 2922 43 22 this
2403 2926 50 24 spot

1870 2955 53 14 over
1932 2954 45 20 any
1985 2947 63 22 other
2056 2950 39 24 yet
2102 2947 89 26 known,
2203 2947 37 22 the
2250 2948 89 21 Messrs.
2347 2949 103 27 Kebbell,

1871 2974 57 21 after
1945 2973 37 22 the
2003 2974 148 21 examination
2168 2974 26 21 of
2209 2973 36 22 the
2264 2974 57 22 river
2337 2974 57 23 from
2411 2976 39 21 the

1872 3001 88 20 Paneivi
1970 3000 46 21 Pah
2026 3003 22 18 to
2057 3000 29 21 its
2095 3000 85 27 mouth,
2192 3000 136 23 determined
2342 3008 28 15 on
2379 3006 72 18 erect-

2107 3027 38 26 ing
2157 3027 58 22 their

1870 3060 66 22 SAW
1951 3060 80 22 MILL
2051 3060 226 22 IMMEDIATELY
2293 3060 157 24 OPPOSITE.

1869 3091 48 23 The
1935 3092 71 22 works
2024 3091 25 22 of
2063 3091 49 23 that
2130 3091 166 23 establishment
2313 3100 36 15 are
2367 3097 24 18 at
2405 3094 44 21 this

1871 3122 99 19 moment
1987 3119 23 21 in
2026 3118 62 28 rapid
2104 3126 105 19 progress,
2226 3119 43 21 and
2286 3119 38 22 the
2342 3121 107 27 proposed

1870 3146 68 22 Town
1949 3145 44 22 will
2002 3145 132 27 necessarily
2138 3145 92 28 partake
2235 3146 26 21 of
2266 3146 43 22 this
2317 3145 131 30 advantage.

1897 3177 48 22 The
1964 3176 92 23 nucleus
2071 3176 25 21 of
2111 3183 13 14 a
2142 3176 69 23 Town
2225 3177 26 27 is,
2260 3176 23 23 in
2297 3178 51 27 fact,
2359 3178 91 28 already

1871 3203 96 25 created,
1975 3204 31 26 by
2014 3202 37 22 the
2062 3202 164 23 concentration
2241 3204 25 21 of
2279 3204 38 21 the
2328 3205 122 27 Surveying

1871 3230 58 22 Staff
1935 3237 29 14 on
1974 3230 49 21 that
2031 3232 55 24 spot,
2097 3236 24 15 as
2130 3230 38 21 the
2177 3233 74 18 centre
2266 3230 26 21 of
2302 3232 147 21 communica-

1871 3257 46 21 tion
1927 3260 23 17 to
1961 3256 36 21 the
2007 3256 148 27 surrounding
2164 3256 84 22 district
2254 3265 4 19 ;
2274 3257 38 22 the
2322 3258 96 22 erection
2427 3259 26 21 of

1873 3284 89 21 Messrs.
1973 3282 115 22 Kebbell's
2103 3283 48 21 Saw
2168 3282 62 23 Mills
2246 3284 95 27 opposite
2347 3292 6 19 ;
2368 3285 31 27 by
2411 3284 38 23 the

1870 3312 164 24 arrangements
2047 3309 35 22 for
2096 3316 28 14 an
2142 3310 112 22 extensive
2265 3312 95 21 General
2372 3312 61 21 Store
2441 3319 7 19 ;

1870 3336 45 22 and
1923 3336 31 27 by
1961 3336 38 21 the
2008 3336 43 21 late
2061 3336 133 27 application
2199 3337 33 21 for
2241 3344 14 14 a
2260 3337 108 23 Licensed
2372 3338 76 21 House

1869 3370 28 14 on
1906 3362 37 22 the
1950 3366 53 28 jpart
2012 3362 25 22 of
2048 3369 29 15 an
2087 3362 122 22 individual
2223 3363 48 22 who
2284 3364 47 26 has,
2342 3364 64 21 since*
2411 3364 38 21 the

1869 3389 117 22 formation
2004 3389 26 21 of
2043 3389 38 21 fhe
2097 3389 92 27 Colony,
2203 3390 95 27 pursued
2313 3397 14 14 a
2344 3390 104 21 lucrative

1870 3416 63 21 trade
1943 3416 52 21 with
2004 3415 37 22 the
2051 3416 93 26 natives,
2156 3415 44 22 and
2210 3416 71 22 whose
2291 3416 127 26 knowledge
2425 3416 26 21 of

1870 3442 37 22 the
1917 3442 135 27 advantages
2062 3442 26 22 of
2093 3442 38 22 the
2141 3442 99 28 position,
2247 3442 112 28 prompted
2369 3442 46 22 him
2425 3446 24 18 at

1869 3476 57 15 once
1936 3472 23 19 to
1966 3470 74 26 prefer
2049 3469 49 22 that
2110 3469 139 27 application.

1895 3496 47 22 The
1953 3496 93 22 Natives
2060 3496 30 27 by
2098 3496 73 21 whom
2186 3495 45 22 this
2237 3495 54 22 land
2300 3502 44 14 was
2352 3495 96 22 claimed

1868 3529 37 15 are
1916 3522 60 28 quite
1985 3522 109 28 prepared
2103 3525 21 18 to
2132 3521 52 28 give
2190 3528 28 21 up
2225 3522 126 27 possession,
2358 3522 45 21 and
2408 3528 38 16 are

1867 3549 146 28 exceedingly
2023 3550 93 21 anxious
2127 3552 23 17 to
2165 3548 56 21 have
2231 3555 12 14 a
2253 3547 115 28 European
2376 3556 70 20 popu-

1866 3576 69 22 lation
1946 3583 81 20 among
2036 3573 68 29 them',
2115 3574 82 27 having
2212 3574 55 22 been
2275 3582 60 20 upon
2344 3574 36 23 the
2389 3579 59 18 most

1866 3603 97 27 friendly
1970 3603 85 26 footing
2064 3601 54 22 with
2125 3601 38 21 the
2174 3601 123 26 Surveying
2305 3601 56 21 Staff
2366 3601 82 28 during

1864 3629 39 22 the
1912 3629 51 22 four
1971 3636 25 15 or
2005 3629 43 22 five
2057 3627 88 23 months
2154 3627 52 27 they
2225 3627 55 21 have
2295 3627 55 22 been
2359 3627 89 24 located

1865 3656 70 23 there.

1894 3683 32 21 As
1935 3683 38 21 the
1981 3681 136 28 Proprietors
2125 3686 93 21 purpose
2227 3683 22 18 to
2258 3679 91 28 dispose'
2353 3680 26 23 of
2384 3681 41 22 but
2434 3689 14 15 a

1864 3709 87 22 limited
1966 3709 87 24 portion
2070 3707 25 22 of
2105 3707 37 21 the
2157 3708 74 20 Town-
2240 3709 23 19 at
2279 3710 94 24 present,
2392 3708 56 28 they

1864 3735 79 29 pledge
1953 3734 132 23 themselves
2093 3733 58 26 that,,
2157 3736 24 18 at
2187 3739 31 18 no
2236 3732 72 24 future
2317 3733 62 28 sales,
2391 3735 57 23 shall

1865 3762 38 23 the
1914 3763 127 21 allotments
2049 3761 28 21 be
2086 3762 38 25 put
2130 3766 31 20 up
2170 3761 24 19 at
2202 3766 14 14 a
2225 3756 47 28 less,
2278 3766 50 16 sum
2337 3761 53 22 than
2399 3769 49 16 now

1866 3788 90 23 offered.
2160 3783 84 32 "".'.'.'
2257 3810 3 4 .
2269 3810 6 9 s
2298 3784 29 30 '...

1893 3817 21 22 A
1933 3814 138 27 Prospectus'
2082 3811 55 22 and'
2145 3811 57 23 Plan
2222 3810 25 24 of
2260 3815 38 20 the
2316 3813 68 24 Town
2402 3815 48 22 will

1864 3842 86 27 shortly
1959 3841 27 22 be
1995 3839 67 27 ready
2072 3838 35 22 for
2114 3839 123 28 inspection
2252 3843 22 18 at
2285 3837 40 26 the
2335 3841 82 23 Offices
2424 3842 27 22 of

1865 3870 91 21 Messrs.
1966 3866 69 22 Waitt
2043 3865 45 22 arid
2098 3865 75 27 Tyser,
2184 3865 31 22 Te
2225 3863 52 25 Aro.

1892 3898 145 26 Wellington,
2050 3897 62 27 April
2123 3898 34 26 22,
2168 3898 59 22 1842,
