2489 3989
640 295 93 61 New
764 295 218 61 Zealand
1013 295 218 61 Gazette

640 356 71 22 AND
735 356 236 22 WELLINGTON
995 356 236 22 SPECTATOR.

785 411 130 22 Saturday,
931 410 61 21 July
1007 411 32 22 15,
1056 412 59 21 1843.

691 459 30 23 In
739 466 40 15 our
802 464 77 25 repo.t
901 459 25 23 of
939 459 37 23 the
994 459 147 31 proceedings
1159 460 25 22 of
1199 461 37 23 the

658 491 125 31 Municipal
794 491 102 28 Council,
909 492 118 23 contained
1035 492 25 23 in
1067 499 40 16 our
1115 492 44 23 last
1170 500 65 16 num-

655 523 49 29 ber,
715 531 43 16 our
776 524 88 22 readers
877 523 72 24 would
964 525 99 28 observe,
1082 524 48 23 that
1142 532 13 15 a
1167 525 68 24 Com-

656 557 78 22 mittee
745 564 44 15 was
808 556 120 31 appointed
947 561 21 19 to
986 565 94 23 prepare
1091 565 14 15 a
1117 562 119 20 statement

656 589 26 23 of
691 589 37 23 the
740 590 44 22 late
802 590 131 22 calamitous
944 590 64 22 affair
1019 595 23 17 at
1053 590 101 28 Wairau,
1174 595 21 19 to
1208 591 27 23 be

656 622 117 23 embodied
795 623 25 22 in
839 630 14 15 a
873 622 100 23 Petition
989 627 22 18 to
1027 623 55 22 both
1102 623 93 23 Houses
1213 624 23 23 of

656 654 141 24 Parliament
807 664 6 19 ;
838 655 44 22 and
898 655 47 23 also
965 655 48 23 that
1032 663 12 15 a
1065 656 130 30 deputation
1213 657 23 23 of

656 687 63 23 three
738 687 146 31 Magistrates
902 695 45 15 was
964 688 120 31 appointed
1103 693 23 18 to
1144 694 90 26 request

654 720 40 23 the
712 720 77 24 Police
808 720 143 31 Magistrate,
968 725 23 19 to
1008 721 89 23 furnish
1113 729 14 15 a
1138 729 56 24 copy
1212 723 24 23 of

656 753 38 23 the
712 753 137 31 depositions
867 753 95 31 relating
973 758 29 23 to.
1013 754 39 22 the
1070 762 120 22 massacre,
1211 761 22 18 to

656 786 80 23 enable
743 786 38 24 the
790 787 134 23 Committee
933 791 22 18 to
967 793 94 24 prepare
1070 786 37 23 the
1117 788 113 29 petitions.

655 819 45 23 We
711 828 37 14 are
759 819 111 23 informed
879 819 48 23 that
938 823 43 19 two
989 819 148 31 applications
1145 820 56 24 have
1209 823 23 22 in

654 859 155 23 consequence
820 852 57 23 been
888 852 65 22 made
964 856 22 19 to
1004 852 37 24 the
1055 852 76 24 Police
1144 853 88 32 Magis-

654 889 65 24 trate,
733 885 40 23 but
784 886 49 22 that
851 884 28 23 he
895 884 41 23 has
955 893 29 15 on
996 885 55 23 both
1070 887 115 23 occasions
1197 896 35 15 re-

654 917 65 22 fused
731 919 82 29 copies,
833 917 44 24 and
888 918 117 29 requested
1023 918 50 24 that
1091 918 37 23 his
1147 927 86 17 answer

653 950 74 30 might
738 951 28 22 be
778 950 130 24 considered
921 958 23 14 as
953 951 62 23 final.
1049 963 5 3 •

687 983 51 23 The
753 984 77 23 Police
843 983 154 30 Magistrates'
1010 984 130 24 Ordinance
1154 986 25 23 of
1188 986 44 23 this

771 1018 63 29 gives
851 1020 22 19 to
885 1016 38 22 the
943 1017 78 23 Police
1039 1018 136 30 Magistrate
1195 1020 37 24 the

653 1049 47 23 sole
710 1057 75 22 power
797 1050 26 23 of
837 1049 150 31 adjudication
1007 1051 23 22 in
1042 1051 30 22 all
1086 1058 63 16 cases
1161 1052 71 25 where

653 1082 38 23 the
704 1082 84 24 offence
806 1084 20 22 is
838 1082 24 24 of
881 1091 14 14 a
905 1082 80 31 higher
1005 1088 79 18 nature
1095 1084 54 23 than
1163 1089 21 19 to
1204 1087 28 22 be

652 1115 132 31 summarily
802 1115 57 23 dealt
880 1115 60 28 with,
961 1115 60 31 (that
1037 1117 29 28 is,
1087 1117 29 22 all
1129 1125 63 16 cases
1211 1119 24 22 of

652 1155 46 23 any
709 1147 158 31 importance,)
875 1153 21 18 to
910 1148 36 23 the
958 1149 114 23 exclusion
1084 1150 25 22 of
1119 1150 37 23 the
1168 1151 64 23 other

652 1181 149 30 Magistrates
822 1181 48 23 who
891 1189 37 15 are
948 1181 53 23 thus
1019 1182 96 23 reduced
1134 1188 22 17 to
1174 1184 57 23 little

651 1221 63 16 more
722 1213 54 23 than
786 1214 103 31 cyphers.
919 1214 100 23 Whence
1028 1223 61 15 came
1102 1216 38 22 the
1150 1216 51 23 idea
1210 1218 24 22 of

651 1247 54 22 thus
716 1247 99 30 limiting
825 1247 38 23 the
874 1255 86 23 powers
972 1247 25 23 of
1012 1248 37 22 the
1063 1249 64 23 other
1142 1249 88 31 Magis-

652 1284 77 24 trates,
743 1280 43 22 and
798 1280 90 31 putting
898 1280 30 23 all
938 1288 73 22 power
1025 1282 46 21 into
1080 1282 37 23 the
1129 1281 72 24 hands
1209 1284 23 22 of

651 1312 39 23 the
707 1313 53 30 paid
779 1313 154 23 Government
950 1314 125 30 appointee,
1096 1322 33 15 we
1151 1322 80 17 cannot

652 1353 48 22 say,
719 1346 41 23 but
778 1354 32 15 we
822 1353 37 16 are
871 1354 51 15 sure
935 1346 48 23 that
993 1354 29 15 no
1034 1347 55 23 such
1102 1348 66 30 thing
1179 1348 51 24 dare

650 1378 29 22 be
691 1379 123 31 attempted
825 1379 23 23 in
860 1379 106 31 England
975 1388 6 19 ;
1001 1379 43 23 and
1057 1388 24 15 as
1093 1388 42 15 our
1146 1382 84 29 private

652 1411 149 31 Magistrates
812 1412 53 23 here
877 1420 37 15 are
926 1420 92 23 persons
1032 1413 25 22 of
1067 1413 36 23 the
1115 1414 50 23 first
1177 1423 53 14 con-

651 1444 123 24 sideration
790 1446 23 21 in
832 1445 37 23 the
883 1445 93 30 Colony,
997 1445 43 23 and
1053 1453 66 23 many
1131 1447 26 23 of
1170 1452 60 18 tnem

651 1478 122 22 connected
785 1478 53 22 with
851 1478 37 23 the
900 1479 48 22 first
959 1479 97 22 families
1065 1480 23 21 in
1100 1480 38 22 the
1155 1480 75 23 Home

653 1510 109 31 Country,
781 1518 34 15 we
834 1515 81 18 cannot
926 1511 41 22 but
985 1512 79 29 regard
1082 1513 18 22 it
1111 1520 25 15 as
1154 1522 13 14 a
1178 1521 52 22 very

651 1543 169 30 extraordinary
831 1543 118 23 limitation
958 1544 25 22 of
992 1544 57 23 their
1057 1545 121 31 authority.
1209 1546 25 23 If

651 1576 50 23 that
711 1576 102 24 however
823 1584 45 15 was
880 1576 37 29 all,
929 1584 32 15 we
971 1577 80 23 should
1061 1578 61 23 leave
1135 1579 60 23 them
1209 1584 21 18 to

651 1609 65 23 settle
729 1609 38 23 the
776 1614 80 18 matter
864 1615 22 17 to
896 1609 58 23 their
964 1617 47 16 own
1022 1611 147 29 satisfaction,
1179 1613 52 30 only

651 1642 121 31 regarding
781 1644 19 21 it
811 1651 24 14 as
849 1650 28 15 an
889 1643 120 22 additional
1021 1644 71 30 proof,
1106 1644 49 23 that
1167 1646 62 22 there

650 1675 20 22 is
693 1675 88 30 nobody
799 1676 23 22 in
842 1675 38 23 the
903 1675 138 30 Legislative
1064 1677 95 24 Council
1182 1679 48 22 who

651 1707 78 24 knows
742 1708 59 23 what
811 1709 20 22 is
844 1708 42 23 due
898 1712 22 19 to
932 1717 13 14 a
954 1710 137 28 gentleman.

684 1741 47 23 But
749 1741 44 23 this
806 1742 19 22 is
842 1746 39 18 not
893 1741 36 24 all.
966 1741 24 23 It
1008 1742 73 31 might
1098 1745 132 29 reasonably

649 1773 58 24 have
717 1774 58 23 been
786 1774 106 31 expected
905 1774 48 23 that
964 1774 64 24 when
1044 1776 56 23 such
1113 1778 123 22 extensive

649 1814 87 23 powers
748 1815 58 15 were
827 1812 40 26 put
884 1808 47 22 into
950 1807 38 23 the
1006 1808 73 23 hands
1091 1809 25 23 of
1134 1818 41 14 one
1195 1811 34 22 in-
1235 1808 2 36 j

649 1840 108 28 dividual,
770 1840 55 23 such
838 1848 27 15 an
877 1841 154 30 appointment
1042 1842 73 23 would
1126 1842 29 23 be
1165 1844 65 22 made

649 1877 23 19 to
693 1873 36 23 the
750 1874 63 22 office
832 1881 24 15 as
875 1873 73 23 would
966 1881 80 16 ensure
1068 1875 58 23 their
1149 1884 81 23 proper

649 1907 110 22 exercise.
794 1906 110 23 Whether
914 1907 54 22 such
978 1907 40 22 has
1031 1908 55 22 been
1094 1908 39 23 the
1143 1916 50 16 case
1206 1910 24 23 in

649 1938 39 23 the
708 1940 141 22 settlements
868 1940 23 22 in
912 1939 83 23 Cook's
1020 1941 90 28 Straits,
1136 1941 31 23 let
1190 1950 40 16 our

649 1971 91 21 readers
746 1972 79 28 judge.

684 2002 74 23 When
777 2003 36 23 the
834 2004 106 23 Aucklan
948 2004 7 22 1
975 2004 154 24 Government
1150 2014 78 24 super-

649 2035 68 23 seded
736 2044 40 15 our
794 2036 121 31 Republic,
936 2037 99 23 Richard
1055 2039 84 28 Baker,
1161 2040 66 30 Esq.,

649 2075 45 16 was
707 2069 74 30 acting
788 2077 25 14 as
823 2077 40 15 our
876 2070 76 23 Police
962 2071 143 29 Magistrate,
1119 2080 14 14 a
1141 2074 87 29 gentle-

648 2109 53 15 man
713 2101 75 24 whose
806 2102 54 30 high
873 2103 114 23 character
999 2105 18 21 is
1035 2108 23 19 to
1071 2105 44 22 this
1129 2105 42 31 day
1183 2114 42 15 un-

647 2134 133 24 blemished.
834 2135 38 24 He
895 2143 45 15 was
963 2141 41 25 put
1027 2138 68 28 aside,
1119 2138 45 24 and
1187 2147 41 15 one

648 2167 101 23 Michael
762 2168 108 31 Murphy,
884 2169 49 23 who
948 2169 46 23 had
1004 2170 56 23 been
1072 2179 13 15 a
1097 2171 71 23 Clerk
1180 2173 23 22 in
1216 2181 12 14 a

649 2201 77 22 Police
740 2202 71 22 Office
824 2202 24 21 in
856 2209 41 16 one
905 2202 24 22 of
935 2202 36 23 the
982 2204 87 22 convict
1079 2204 146 30 settlements,

647 2241 46 15 was
707 2234 135 23 substituted
854 2234 34 23 for
897 2235 46 23 him
952 2235 51 23 with
1014 2244 13 14 a
1039 2237 73 30 salary
1124 2238 24 22 of
1156 2239 71 23 £250

647 2275 13 14 a
672 2274 62 22 year.

681 2300 34 22 As
737 2300 108 31 regarded
864 2301 122 31 Murphy's
1006 2302 179 25 administration
1206 2305 24 23 of

643 2333 85 30 justice
750 2334 24 22 in
797 2334 104 30 ordinary
924 2342 70 21 cases,
1015 2343 33 16 we
1071 2344 68 15 never
1160 2337 68 24 heard

646 2367 68 21 much
733 2367 134 30 complaint;
888 2368 41 22 but
945 2368 64 23 when
1028 2368 39 24 the
1086 2370 98 30 position
1206 2371 24 23 of

647 2399 156 23 Government
813 2408 44 14 was
869 2400 100 30 affected,
983 2401 35 23 his
1028 2402 96 23 conduct
1135 2411 44 15 was
1189 2408 38 19 not

645 2432 48 23 free
705 2432 57 23 from
774 2433 122 30 suspicion.
932 2434 43 22 We
987 2434 75 24 allude
1082 2443 61 15 more
1156 2437 71 30 parti-

646 2465 87 30 cularly
746 2470 22 18 to
781 2465 37 23 the
830 2474 58 20 case,
901 2466 72 23 which
985 2475 40 15 onr
1031 2468 92 23 readers
1135 2470 43 22 will
1191 2477 35 16 re-

646 2498 82 23 collect
740 2498 24 23 of
779 2498 37 23 the
829 2499 172 30 disappearance
1013 2501 25 21 of
1055 2502 35 22 six
1102 2502 90 23 settlers
1203 2504 23 23 in

645 2530 39 23 the
693 2538 53 23 very
755 2539 60 15 same
822 2531 92 31 locality
925 2540 24 15 as
957 2533 49 22 that
1013 2534 23 21 in
1048 2535 74 22 which
1132 2535 37 23 the
1183 2536 42 23 late

645 2571 113 16 massacre
778 2565 113 24 occurred.
936 2566 101 31 Murphy
1055 2572 59 18 went
1130 2576 52 16 over
1205 2573 20 19 to

645 2597 134 30 investigate
801 2598 19 22 it
842 2597 44 23 and
902 2599 103 30 reported
1027 2599 48 24 that
1098 2601 55 30 they
1170 2609 57 16 were

645 2629 113 25 drowned.
794 2630 114 24 Evidence
921 2631 40 24 has
979 2633 61 22 since
1060 2641 62 15 come
1135 2640 22 17 to
1168 2635 60 31 light

644 2662 581 35 whichitissaidwasequallyaccessibleatthetime,

645 2695 45 23 and
698 2696 72 23 which
778 2696 40 23 has
829 2698 122 23 convinced
959 2702 59 19 most
1022 2707 102 22 persons,
1133 2700 49 24 that
1190 2702 37 22 the

645 2729 136 23 individuals
792 2730 24 22 in
828 2731 103 29 question
941 2738 58 16 were
1016 2733 120 23 murdered
1148 2733 30 31 by
1190 2735 37 22 the

645 2761 96 24 Natives
750 2771 6 19 ;
771 2762 43 23 and
827 2763 47 22 that
886 2763 19 22 if
914 2763 62 23 there
988 2772 44 15 was
1045 2766 97 30 nothing
1154 2775 73 15 worse

646 2802 29 15 on
684 2794 36 23 his
732 2800 56 25 part,
801 2796 101 30 Murphy
914 2796 43 23 had
970 2799 109 22 executed
1091 2799 36 23 his
1137 2801 90 29 inquiry

646 2828 22 21 in
682 2836 14 14 a
707 2836 54 22 very
769 2828 100 31 slovenly
881 2836 56 23 way.
974 2830 35 23 Of
1016 2838 79 16 course
1105 2832 38 23 the
1152 2834 75 22 estab-

645 2860 109 24 lishment
766 2861 24 23 of
806 2862 38 22 the
856 2862 80 31 charge
948 2863 73 23 would
1042 2863 55 25 have

646 2893 38 23 the
704 2895 154 22 Government
875 2895 28 22 he
921 2896 78 23 served
1016 2896 26 23 of
1051 2898 140 31 negligence,
1202 2900 23 23 in

644 2926 92 31 leaving
747 2927 85 23 Cook's
845 2928 81 22 Straits
933 2930 154 29 unprotected,
1098 2931 45 23 and
1154 2933 73 23 would

645 2959 57 23 have
714 2961 124 29 compelled
849 2961 17 22 it
878 2965 22 19 to
912 2961 36 22 .do
960 2962 59 23 what
1030 2963 18 22 it
1067 2963 41 24 has
1126 2964 100 25 hitherto

645 2993 95 23 avoided
757 2994 75 30 doing,
852 2994 130 24 administer
999 2996 134 24 retribution
1146 3002 22 19 to
1189 2999 36 23 the

645 3025 96 24 Natives
754 3027 22 22 in
788 3027 46 23 this
847 3027 94 24 district.

679 3058 47 24 But
738 3059 122 31 Murphy's
879 3060 76 31 public
967 3061 115 25 character
1093 3070 46 16 was
1150 3065 76 30 purity

644 3091 64 24 itself
717 3093 119 30 compared
849 3097 20 19 to
880 3093 35 23 his
926 3095 94 29 private.
1056 3095 30 24 In
1098 3096 38 23 the
1149 3098 78 30 spring

645 3124 25 23 of
690 3125 37 23 the
746 3130 91 25 present
859 3133 62 23 year,
943 3126 28 24 he
994 3135 46 16 was
1063 3129 102 30 expelled
1189 3130 37 24 the

644 3156 130 24 Wakefield
785 3158 68 29 Club,
865 3166 30 16 on
907 3167 14 15 a
935 3160 50 23 well
997 3161 136 24 established
1144 3163 82 31 charge

644 3190 25 22 of
679 3190 95 30 filching
790 3198 82 23 money
890 3192 58 23 from
969 3194 38 22 the
1023 3195 54 29 pool
1093 3199 24 19 at
1128 3203 14 15 a
1161 3197 64 23 card-

644 3223 69 23 table.
761 3224 47 23 Mr.
830 3224 122 24 Shortland
972 3227 88 23 arrived
1078 3227 53 24 here
1150 3237 14 14 a
1183 3230 43 23 few

644 3255 57 31 days
730 3256 138 29 afterwards,
879 3275 4 2 .
893 3257 43 23 and
959 3258 85 32 though
1067 3260 38 23 the
1128 3266 48 18 seat
1204 3263 25 23 of

641 3288 85 31 justice
748 3297 45 15 was
815 3290 110 23 rendered
954 3293 158 30 contemptible
1135 3295 30 29 by
1188 3295 37 24 the

643 3323 113 29 notoriety
768 3323 25 22 of
802 3322 38 24 the
851 3323 52 28 fact,
910 3324 18 22 it
940 3331 45 16 was
995 3326 82 30 passed
1089 3334 54 16 over
1151 3335 73 17 unno-

644 3355 60 23 ticed
715 3355 30 30 by
757 3355 56 24 him.

677 3388 111 31 Murphy,
811 3389 111 29 however,
947 3398 54 16 soon
1023 3392 76 24 sealed
1121 3392 37 25 his
1176 3402 48 16 own

642 3420 55 24 fate.
734 3422 82 22 Before
834 3422 28 23 he
879 3422 45 24 had
942 3423 70 24 borne
1029 3424 37 24 his
1089 3426 103 31 disgrace
1206 3436 19 15 .a

642 3454 73 29 week,
727 3454 30 24 he
774 3455 124 31 attempted
917 3460 23 19 to
959 3457 103 23 debauch,
1079 3458 38 24 the
1133 3460 52 23 wife
1202 3462 25 22 6f

643 3493 43 16 one
699 3487 23 23 of
738 3487 36 23 his
793 3488 77 23 Police
891 3489 141 25 Constables.
1068 3491 30 23 In
1119 3493 65 23 order
1201 3498 22 19 to

642 3519 67 23 effect
719 3519 36 24 his
768 3521 81 31 object,
867 3521 29 23 he
914 3527 68 18 wrote
999 3531 15 14 a
1024 3527 63 25 note,
1105 3525 75 24 which
1191 3534 32 16 we

642 3552 58 23 have
722 3561 61 21 seen,
806 3554 24 23 in
853 3554 36 23 his
910 3556 83 22 official
1013 3558 109 30 capacity,
1143 3563 23 19 to
1186 3559 37 24 the

644 3585 85 24 Gaoler
748 3587 24 22 of
786 3586 148 32 Wellington,
947 3589 111 31 directing
1075 3591 47 23 him
1140 3596 23 19 to
1181 3592 42 24 call

642 3618 30 23 all
684 3618 38 23 the
736 3619 133 24 Constables
881 3622 47 22 into
940 3620 38 24 the
990 3621 68 30 Gaol,
1073 3624 44 22 and
1129 3629 23 19 to
1164 3625 58 32 keep

641 3651 64 23 them
724 3651 63 24 there
807 3660 29 15 on
854 3653 54 30 duty
920 3653 34 24 till
971 3654 50 24 four
1038 3656 88 24 o'clock
1142 3658 25 23 in
1185 3658 38 23 the

641 3685 114 29 morning.
790 3685 52 23 The
851 3685 120 25 Constable
981 3687 89 25 alluded
1080 3693 30 25 to,
1120 3695 102 27 suspect-

641 3718 41 29 ing
702 3717 135 31 something,
858 3719 113 23 remained
990 3726 22 17 at
1034 3721 75 30 home,
1127 3724 44 23 and
1194 3732 29 16 on

641 3749 124 31 Murphy's
787 3751 104 31 entering
912 3751 35 24 his
969 3752 72 25 house
1064 3759 23 19 at
1109 3756 113 32 midnight

641 3787 22 18 to
676 3777 66 29 effect
752 3782 36 23 his
805 3783 86 23 wicked
908 3791 106 26 purpose,
1034 3786 29 24 he
1080 3789 75 24 seized
1166 3790 54 28 him,

641 3815 45 24 and
697 3815 199 32 notwithstanding
914 3817 35 23 his
963 3819 57 23 cries
1038 3820 36 23 for
1090 3829 77 24 mercy
1179 3824 42 22 and

641 3849 35 22 his
689 3849 109 30 promises
809 3853 22 19 to
843 3855 100 25 promote
952 3851 37 23 the
1001 3860 60 21 man,
1072 3853 29 24 he
1113 3855 107 24 adminis-

641 3882 63 23 tered
722 3886 23 19 to
757 3881 54 30 him,
823 3883 25 22 in
866 3883 38 23 the
924 3891 106 23 presence
1051 3893 33 16 we
1095 3887 94 28 believe,
1198 3889 25 24 of

641 3914 86 24 several
747 3916 122 28 witnesses,
891 3916 37 24 the
945 3922 60 19 most
1022 3926 77 18 severe
1115 3923 110 29 personal

1267 128 159 23 chastisement
1434 128 54 23 with
1498 135 13 16 a
1520 128 58 23 stick
1587 136 24 15 or
1620 129 134 31 horsewhip.
1790 129 53 24 Still

1266 160 29 23 he
1306 160 114 24 remained
1437 161 24 22 in
1473 161 70 27 office,
1557 162 84 30 though
1660 161 46 24 Mr.
1721 162 122 24 Shortland

1267 200 44 16 was
1322 201 28 15 on
1363 193 38 23 the
1413 197 51 26 spot
1474 202 7 19 ;
1500 193 43 23 and
1554 194 18 23 it
1582 201 43 16 was
1637 198 40 19 not
1686 195 34 22 till
1729 195 37 23 the
1778 196 65 22 other

1265 226 148 30 Magistrates
1422 225 43 31 (we
1478 226 44 23 will
1533 231 40 18 not
1582 226 42 23 call
1636 227 60 23 them
1706 228 36 22 his
1751 228 92 23 brother

1267 257 158 32 Magistrates)
1437 258 89 24 refused
1537 264 22 17 to
1572 259 30 23 sit
1613 267 28 15 on
1653 260 37 23 the
1702 260 78 23 Bench
1789 261 54 22 with

1265 290 46 23 him
1323 299 62 15 some
1397 292 54 30 days
1463 292 128 22 afterwards
1604 292 48 23 that
1662 293 29 23 he
1702 294 113 30 resigned.

1298 323 56 23 Will
1364 325 18 21 it
1393 324 28 22 be
1434 324 99 22 believed
1543 324 56 28 that,
1613 325 151 31 immediately
1772 327 69 22 after-

1264 356 79 28 Wards,
1357 356 47 23 Mr.
1418 356 120 23 Shortland
1551 357 124 23 associated
1686 358 93 24 himself
1787 360 54 23 with

1265 388 44 23 this
1320 396 60 20 man,
1393 388 55 24 took
1465 389 47 23 him
1524 389 53 23 with
1588 389 47 23 him
1646 390 24 23 in
1681 390 38 24 the
1737 391 104 25 Govern-

1263 425 62 18 ment
1336 421 51 30 brig
1404 426 22 18 to
1446 421 93 28 Nelson,
1553 421 44 24 and
1613 423 63 23 there
1693 424 73 23 would
1784 425 57 24 have

1263 454 119 30 appointed
1400 454 48 23 him
1466 454 70 24 Clerk
1554 455 26 22 of
1595 455 37 23 the
1653 456 87 31 County
1761 457 78 30 Court,

1262 486 45 23 had
1325 491 39 19 not
1383 487 37 23 the
1438 487 119 31 indignant
1575 493 164 19 remonstrance
1763 490 25 23 of
1803 491 38 23 the

1263 519 96 23 Settlers
1371 520 121 30 prevented
1503 521 33 23 it?
1555 520 43 23 and
1611 521 44 23 will
1667 522 17 22 it
1700 522 28 23 be
1740 523 101 24 believed

1263 552 48 22 that
1321 552 28 23 he
1362 552 128 24 afterwards
1509 553 85 23 carried
1612 553 46 24 him
1672 559 21 18 to
1710 555 128 30 Auckland,

1262 585 44 23 and
1316 585 47 23 that
1373 585 37 24 the
1420 586 130 31 delinquent
1557 594 49 15 now
1612 586 46 23 fills
1665 595 61 16 some
1735 588 104 24 Govern-

1262 622 61 19 ment
1335 618 158 30 employment,
1506 620 119 30 according
1642 625 21 18 to
1683 621 38 22 the
1736 622 50 23 best
1804 623 35 22 in-

1260 650 120 23 formation
1392 659 33 15 we
1437 659 41 16 can
1490 656 38 27 get
1537 653 10 22 ?
1582 652 45 24 Yet
1637 653 55 24 such
1700 654 21 23 is
1731 654 37 24 the
1777 656 62 30 plain

1262 683 151 24 unvarnished
1423 684 53 24 fact.

1294 717 99 29 Against
1402 717 37 23 the
1449 718 77 23 Police
1536 718 134 31 Magistrate
1680 724 22 19 at
1710 720 129 31 Wanganui

1261 757 13 14 a
1286 749 81 30 charge
1378 757 45 15 was
1435 750 98 31 brought
1543 751 30 31 by
1585 760 13 14 a
1608 760 77 23 young
1696 761 60 21 man,
1767 754 72 23 which

1260 786 82 19 cannot
1357 782 27 23 be
1404 783 86 23 further
1500 784 179 30 particularized,
1692 786 44 23 and
1749 788 21 21 in
1784 795 54 15 con-

1260 822 111 23 sequence
1382 815 25 22 of
1422 815 36 23 his
1470 817 128 30 neglecting
1614 817 36 23 for
1661 826 13 15 a
1684 819 54 30 long
1750 820 53 22 time
1815 824 22 19 to

1260 847 53 23 take
1324 855 44 22 any
1380 848 76 30 public
1472 853 61 26 steps
1543 854 24 18 to
1588 850 57 23 clear
1665 851 34 24 his
1714 853 122 29 character,

1262 880 45 23 Mr.
1320 880 147 31 Jerningham
1484 882 127 23 Wakefield
1625 884 91 23 refused
1728 889 21 19 to
1762 886 30 22 sit
1809 894 28 14 on

1260 913 38 23 the
1309 913 78 23 Bench
1397 913 54 23 with
1460 914 52 29 him,
1523 914 42 23 and
1574 915 37 22 the
1619 915 64 24 other
1691 917 146 30 Magistrates

1260 946 176 30 remonstrating
1456 947 53 23 with
1531 947 160 30 Government,
1711 950 29 22 he
1759 958 44 16 was
1815 956 23 18 at

1259 979 44 23 last
1310 979 118 23 dismissed
1435 979 57 23 from
1500 980 58 23 their
1565 981 158 30 employment.
1761 983 76 24 There

1259 1012 20 22 is
1290 1019 50 16 now
1352 1019 28 15 no
1393 1012 79 23 Police
1485 1012 133 31 Magistrate
1630 1014 72 24 there.

1294 1045 33 23 Of
1343 1044 38 23 the
1403 1045 46 23 late
1471 1045 46 23 Mr.
1537 1046 140 31 Thompson,
1697 1048 38 23 the
1758 1049 78 24 Police

1260 1077 135 31 Magistrate
1408 1082 23 18 at
1444 1078 92 28 Nelson,
1552 1079 47 23 who
1611 1080 39 22 fell
1662 1081 22 22 in
1699 1081 38 23 the
1750 1089 86 16 massa-

1260 1118 36 15 cre
1309 1115 22 18 at
1342 1110 101 28 Wairau,
1456 1118 32 16 we
1499 1117 74 25 regret
1585 1117 21 17 to
1623 1113 28 22 be
1672 1115 122 30 compelled
1813 1121 23 18 to

1260 1143 69 31 speak
1342 1144 22 21 in
1378 1144 37 23 the
1426 1151 62 16 same
1498 1152 58 24 page
1568 1153 25 14 as
1605 1153 32 15 we
1649 1148 99 22 mention
1769 1148 66 24 Mur-

1258 1176 54 31 phy.
1360 1176 37 23 He
1421 1177 41 23 has
1483 1178 54 22 been
1559 1179 102 29 reported
1681 1185 21 17 to
1722 1188 27 16 us
1770 1189 26 15 as
1807 1190 29 15 an

1259 1209 121 23 honorable
1391 1218 53 14 man
1457 1210 24 23 of
1491 1211 115 22 estimable
1613 1212 85 30 private
1706 1214 127 29 character;

1258 1242 41 23 but
1310 1242 28 23 he
1347 1250 45 15 was
1404 1243 88 30 subject
1505 1248 21 18 to
1538 1251 27 15 an
1587 1245 144 24 unfortunate
1750 1249 84 22 excite-

1257 1275 79 30 ability
1349 1275 25 23 of
1388 1280 86 26 temper
1485 1277 24 22 in
1521 1277 75 30 public
1607 1277 46 29 life,
1669 1278 69 25 which
1752 1281 82 30 utterly

1258 1308 95 23 unfitted
1365 1308 45 23 him
1422 1308 35 23 for
1470 1309 37 23 the
1519 1310 121 31 important
1652 1312 64 23 office
1724 1313 27 23 he
1759 1313 59 23 filled
1827 1323 5 20 ;

1258 1349 28 15 an
1299 1342 63 22 office
1383 1341 72 23 which
1475 1343 102 30 required
1594 1345 99 29 peculiar
1704 1346 129 25 discretion.

1291 1374 35 23 Of
1341 1374 48 23 Mr.
1401 1374 142 31 M'Donogh,
1557 1376 49 23 who
1618 1378 41 22 sits
1677 1378 23 22 in
1714 1379 120 30 Murphy's

1258 1412 49 18 seat
1325 1412 23 18 at
1366 1407 146 32 Wellington,
1535 1416 31 16 we
1585 1417 37 15 are
1643 1410 77 23 bound
1740 1416 23 19 to
1785 1420 48 23 say,

1258 1440 49 23 that
1318 1448 25 15 as
1355 1448 27 15 an
1395 1440 75 23 officer
1483 1442 42 22 and
1537 1449 13 15 a
1561 1442 136 30 gentleman,
1709 1451 32 16 we
1748 1445 85 24 believe

1258 1473 35 23 bis
1316 1473 114 23 character
1455 1479 20 17 to
1498 1474 27 23 be
1547 1475 186 31 irreproachable.
1788 1479 48 22 But

1257 1506 83 30 having
1352 1514 28 15 no
1392 1506 64 23 other
1467 1508 159 29 acquaintance
1647 1510 51 22 with
1719 1510 43 23 law
1780 1512 54 22 than

1257 1539 28 23 he
1298 1547 50 22 may
1360 1539 56 23 have
1427 1539 107 30 gathered
1545 1548 29 16 on
1587 1541 97 31 military
1693 1544 89 29 parade,
1803 1553 31 15 we

1258 1572 64 23 think
1336 1572 48 23 that
1396 1572 28 23 he
1436 1574 20 21 is
1469 1573 49 31 just
1530 1581 23 15 as
1573 1574 48 23 well
1643 1576 104 30 qualified
1766 1581 21 19 to
1806 1578 28 23 be

1256 1605 117 30 physician
1397 1609 22 19 to
1443 1606 40 22 her
1505 1607 107 30 Majesty,
1641 1616 25 15 or
1688 1609 146 32 Archbishop

1258 1639 24 22 of
1298 1638 148 30 Canterbury,
1460 1647 24 14 as
1496 1644 22 18 to
1536 1640 28 23 be
1585 1640 37 23 the
1641 1641 96 25 salaried
1757 1644 77 23 Police

1258 1671 134 30 Magistrate
1414 1672 24 22 of
1455 1672 35 23 the
1510 1673 60 23 chief
1586 1673 128 25 settlement
1732 1677 24 22 in
1777 1677 57 23 New

1257 1705 106 22 Zealand.
1411 1704 61 32 Why
1493 1713 12 15 a
1524 1714 51 15 man
1592 1707 78 31 totally
1687 1709 105 29 ignorant
1812 1711 25 22 of

1256 1737 49 29 law,
1321 1738 80 22 should
1415 1738 27 22 be
1454 1739 116 30 employed
1582 1744 22 18 at
1615 1740 75 30 public
1702 1746 49 19 cost
1762 1747 21 19 to
1794 1743 39 23 ad-

1256 1771 102 22 minister
1370 1771 38 22 the
1416 1771 49 28 law,
1479 1780 44 22 any
1534 1780 61 15 more
1604 1773 53 23 than
1670 1782 13 14 a
1691 1782 53 16 man
1757 1776 77 30 totally

1257 1804 103 30 ignorant
1373 1804 23 22 of
1411 1804 79 31 physic
1500 1813 24 14 or
1541 1805 95 30 divinity
1648 1806 80 24 should
1739 1808 28 23 be
1785 1817 47 15 em-

1256 1837 81 30 ployed
1354 1837 25 23 in
1399 1837 38 23 the
1460 1845 52 16 cure
1535 1839 24 22 of
1583 1839 76 23 bodies
1677 1847 25 16 or
1721 1842 61 23 souls
1801 1850 33 15 we

1256 1877 38 15 are
1306 1874 21 19 at
1340 1878 13 15 a
1363 1870 47 23 loss
1422 1875 22 18 to
1457 1870 80 24 divine.

1289 1902 64 24 With
1378 1903 57 23 what
1459 1903 74 31 object
1555 1912 41 15 can
1615 1905 38 23 the
1676 1906 158 25 Government

1256 1936 56 23 have
1335 1936 64 23 made
1422 1936 57 23 such
1505 1939 165 28 appointments
1697 1947 26 15 as
1751 1940 81 24 these?

1258 1968 48 23 Can
1328 1969 18 21 it
1366 1969 56 22 have
1441 1969 44 22 had
1508 1977 43 22 any
1573 1970 73 23 desire
1667 1975 21 19 to
1698 1972 84 23 benefit
1794 1974 38 22 the

1257 2002 139 22 settlements
1407 2002 23 21 in
1445 2001 84 24 Cook's
1540 2002 90 28 Straits,
1649 2011 23 15 or
1691 2004 54 23 does
1762 2006 16 22 it
1794 2011 40 18 not

1256 2034 55 22 look
1325 2034 67 22 much
1411 2042 61 15 more
1484 2043 25 14 as
1526 2035 20 22 if
1561 2036 19 22 it
1590 2035 44 23 had
1653 2037 56 23 been
1728 2039 106 22 intended

1256 2067 174 30 systematically
1441 2072 22 18 to
1475 2068 70 22 inflict
1555 2076 59 22 upon
1634 2076 26 15 us
1679 2069 38 24 the
1735 2077 99 24 greatest

1256 2108 6 22 ]
1272 2100 82 22 ossible
1373 2100 101 31 injuries,
1496 2100 42 23 and
1557 2101 143 32 deliberately
1718 2108 22 18 to
1759 2105 73 22 retard

1256 2140 40 15 our
1307 2140 106 23 progress
1420 2133 20 23 if
1455 2134 97 30 possible
1562 2134 10 23 ?

1289 2166 34 23 To
1336 2174 40 14 our
1397 2166 84 24 Fellow
1500 2167 133 24 Townsmen
1655 2168 24 23 of
1694 2169 138 32 Wellington

1255 2207 31 14 we
1299 2207 39 22 say
1346 2199 152 31 respectfully,
1507 2200 85 23 beware
1600 2201 23 22 of
1633 2201 37 24 the
1679 2202 155 25 Government

1255 2232 95 23 officers.
1375 2233 33 23 At
1415 2232 45 24 this
1466 2238 98 18 moment
1572 2234 57 23 their
1637 2236 78 22 tactics
1723 2244 37 16 are
1768 2241 21 19 to
1796 2242 38 26 get

1256 2265 37 23 the
1302 2265 154 24 Government
1463 2271 38 18 out
1509 2266 24 23 of
1538 2267 37 22 the
1584 2268 248 32 conspicuousposition

1255 2298 25 23 of
1286 2298 101 31 disgrace
1399 2300 24 21 in
1434 2299 71 23 which
1514 2300 18 22 it
1542 2300 77 23 stands
1626 2309 6 19 ;
1646 2301 43 23 and
1698 2302 22 23 if
1729 2303 52 30 they
1792 2311 40 15 can

1254 2331 30 31 by
1295 2339 43 22 any
1347 2339 77 15 means
1434 2333 65 22 effect
1509 2333 17 22 it
1534 2333 53 31 they
1594 2334 51 23 will.
1682 2334 71 25 Their
1759 2336 44 23 aim
1813 2338 20 21 is

1255 2369 21 18 to
1288 2364 81 23 reduce
1382 2364 37 24 the
1431 2373 111 15 massacre
1554 2371 24 18 at
1588 2366 93 24 Wairau
1699 2373 23 18 to
1741 2376 13 15 a
1771 2377 61 16 mere

1255 2397 115 29 skirmish,
1383 2406 25 14 or
1420 2399 121 22 accidental
1554 2400 115 30 squabble,
1682 2409 13 14 a
1707 2404 85 21 contest
1804 2411 25 14 as

1255 2430 47 23 Mr.
1316 2430 136 31 M'Donogh
1476 2432 53 23 calls
1551 2433 25 28 it,
1597 2441 12 14 a
1625 2438 87 19 contest
1732 2435 100 23 between

1254 2467 42 19 two
1308 2465 82 30 parties
1403 2464 54 23 both
1467 2470 23 18 at
1500 2465 57 23 least
1565 2466 88 30 equally
1665 2467 22 22 in
1697 2468 38 23 the
1745 2476 84 24 wrong,

1255 2496 18 23 if
1278 2496 80 24 indeed
1370 2497 36 23 the
1415 2498 66 22 white
1488 2506 50 15 man
1545 2506 58 16 were
1612 2504 38 18 not
1660 2500 36 23 the
1703 2508 127 23 aggressor.

1255 2529 64 31 They
1331 2538 38 15 are
1381 2531 75 30 trying
1466 2535 22 19 to
1500 2531 78 23 soothe
1589 2540 54 22 your
1655 2533 81 24 honest
1754 2542 76 23 anger,

1255 2567 22 18 to
1288 2562 115 24 habituate
1422 2571 43 23 you
1485 2568 21 19 to
1526 2564 53 23 look
1597 2570 23 18 at
1639 2565 38 24 the
1689 2571 81 19 matter
1783 2569 23 21 in
1818 2576 14 15 a

1253 2595 106 23 modified
1370 2597 63 30 point
1452 2597 25 23 of
1491 2598 63 27 view,
1574 2598 43 23 and
1637 2598 53 24 then
1708 2600 20 22 if
1743 2600 89 31 Rangi-

1254 2629 93 22 hiatea's
1357 2630 80 22 wound
1448 2631 82 22 carries
1537 2630 47 23 him
1592 2631 36 28 off,
1641 2632 62 23 there
1714 2634 44 22 will
1768 2634 28 22 be
1804 2642 26 15 an

1255 2663 97 29 opening
1363 2662 34 23 for
1409 2663 100 31 slurring
1525 2663 37 24 the
1583 2664 70 24 whole
1670 2670 82 19 matter
1770 2675 60 21 over,

1254 2695 43 22 and
1309 2695 109 31 relieving
1429 2696 38 23 the
1480 2696 153 24 Government
1651 2698 58 24 from
1728 2699 38 23 the
1785 2701 45 22 im-

1253 2729 114 30 putations
1380 2729 17 22 it
1408 2729 41 23 lies
1461 2729 77 23 under.
1575 2730 49 24 The
1637 2731 110 25 influence
1761 2733 23 23 of
1794 2734 37 23 the

1254 2761 70 24 whole
1338 2762 25 23 of
1378 2762 59 23 them
1450 2764 19 21 is
1482 2762 97 24 directed
1591 2768 21 19 to
1624 2764 38 23 the
1680 2773 62 16 same
1760 2768 70 29 point,

1254 2796 18 21 it
1283 2802 77 23 creeps
1383 2800 40 18 out
1433 2796 23 22 in
1479 2796 56 23 their
1556 2798 161 29 conversation,
1738 2799 25 23 in
1774 2799 58 24 their

1255 2828 80 23 official
1356 2829 139 28 documents,
1516 2830 24 21 in
1561 2830 57 23 their
1638 2830 101 31 political
1762 2840 69 23 organ

1255 2861 24 23 of
1294 2860 36 24 the
1343 2869 71 22 press,
1428 2862 73 23 edited
1512 2870 24 14 as
1548 2863 20 22 is
1580 2871 54 22 very
1646 2864 49 23 well
1706 2865 84 23 known
1803 2866 28 30 by

1255 2902 41 15 one
1308 2894 25 23 of
1347 2895 58 22 their
1417 2895 103 23 number.
1563 2896 48 23 But
1622 2898 125 23 remember
1758 2898 72 24 fellow

1254 2931 130 24 townsmen,
1397 2928 49 22 that
1458 2928 37 23 the
1507 2929 102 30 question
1619 2929 100 25 between
1731 2939 44 22 you
1787 2932 45 23 and

1254 2960 37 23 the
1303 2959 155 24 Government
1468 2962 20 21 is
1500 2965 38 19 not
1550 2970 25 15 as
1587 2966 21 19 to
1620 2963 38 23 the
1670 2964 77 23 merits
1760 2964 25 23 of
1793 2964 38 23 the

1253 2993 93 23 Wairau
1357 2994 91 22 murder
1457 2994 72 29 alone,
1540 2995 19 22 it
1570 2995 19 22 is
1601 3003 24 15 as
1640 3000 22 18 to
1676 2996 36 22 the
1719 2997 112 23 shameful

1253 3026 145 30 unprotected
1419 3031 57 19 state
1495 3027 25 23 of
1539 3027 63 24 these
1624 3029 141 23 settlements
1787 3030 44 23 and

1253 3060 29 22 its
1305 3059 70 23 whole
1397 3067 78 16 course
1498 3060 26 23 of
1549 3060 94 23 conduct
1669 3062 96 22 towards
1794 3071 35 17 us.

1254 3092 100 28 Beware,
1366 3100 33 15 we
1411 3100 40 20 say
1460 3093 73 30 again,
1544 3093 87 23 beware
1641 3094 26 23 of
1675 3095 37 23 the
1725 3095 105 24 Govern-

1253 3129 62 19 ment
1333 3125 95 24 officers.
1476 3126 53 23 You
1547 3126 66 23 stand
1630 3134 49 16 now
1698 3128 25 23 in
1740 3136 14 15 a
1771 3135 60 17 most

1253 3158 165 31 advantageous
1425 3159 106 30 position,
1538 3159 73 23 which
1620 3160 19 22 if
1646 3161 104 31 properly
1758 3163 72 22 main-

1253 3191 73 23 tained
1338 3199 52 22 may
1399 3191 28 23 be
1439 3191 38 24 the
1492 3192 128 24 foundation
1641 3194 25 23 of
1686 3195 70 23 much
1772 3196 59 31 good

1252 3224 34 23 for
1298 3224 63 23 these
1373 3225 148 23 settlements.
1563 3225 34 24 Be
1615 3231 40 19 not
1666 3227 113 24 wheedled
1793 3234 39 18 out

1253 3258 24 22 of
1292 3257 18 22 it
1320 3266 6 19 ;
1346 3257 41 23 but
1399 3258 124 23 remember
1535 3258 48 23 that
1595 3258 37 25 the
1644 3260 71 24 whole
1727 3263 104 28 question

1251 3290 101 23 between
1359 3290 37 23 the
1403 3290 123 24 Auckland
1534 3291 154 25 Government
1693 3295 45 22 and
1746 3295 84 24 Cook's

1253 3323 83 24 Straits
1347 3330 51 23 may
1411 3328 52 19 turn
1481 3331 60 24 upon
1560 3325 37 23 the
1613 3326 62 23 issue
1691 3328 26 22 of
1731 3327 37 24 the
1777 3336 53 23 pre-

1253 3360 50 19 sent
1315 3359 84 20 events.

1284 3418 44 24 We
1340 3419 65 30 again
1417 3424 78 19 return
1507 3426 23 17 to
1541 3421 38 23 the
1597 3421 58 23 Blue
1669 3422 74 24 Book.
1780 3424 50 23 The

1252 3452 148 24 transactions
1420 3452 72 24 which
1510 3453 78 24 reflect
1610 3454 37 23 the
1669 3460 99 25 greatest
1782 3457 48 23 dis-

1251 3485 70 24 credit
1333 3492 27 15 on
1365 3484 163 25 -Government
1538 3495 47 20 are,
1598 3487 37 24 the
1644 3488 110 30 purchase
1771 3490 58 23 from

1251 3518 47 24 Mr.
1319 3518 110 29 Clendon,
1443 3519 43 23 and
1504 3519 38 23 the
1561 3520 155 24 Government
1731 3522 99 24 Officers

1250 3551 116 24 allotment
1375 3551 40 30 job
1425 3560 5 19 ;
1451 3552 40 23 but
1502 3560 25 15 as
1545 3552 62 24 there
1618 3561 39 16 are
1675 3554 75 24 others
1766 3563 63 16 more

1250 3584 152 30 immediately
1414 3585 121 23 connected
1545 3585 55 23 with
1618 3586 56 24 Port
1695 3587 134 31 Nicholson,

1251 3625 31 16 we
1295 3617 58 23 shall
1364 3617 70 22 select
1446 3617 61 24 them
1517 3618 35 23 for
1564 3626 40 16 our
1615 3624 91 25 present
1717 3622 111 29 remarks,

1250 3650 44 24 and
1305 3657 89 16 reserve
1406 3650 38 22 the
1455 3650 81 24 former
1543 3651 36 23 for
1590 3660 14 15 a
1613 3652 76 24 future
1698 3655 112 23 occasion.

1282 3688 78 30 Every
1383 3695 42 16 one
1447 3690 137 22 remembers
1611 3691 49 23 Mr.
1685 3691 144 25 Shortland's

1250 3721 125 24 celebrated
1387 3721 111 30 crimping
1510 3722 136 30 expedition,
1658 3725 23 22 in
1693 3725 38 23 the
1747 3726 82 30 begin-

1250 3755 55 30 ning
1316 3754 25 24 of
1356 3754 38 23 the
1411 3761 54 23 year
1480 3756 72 22 1841.
1588 3755 75 25 There
1674 3765 45 15 was
1738 3763 24 19 at
1780 3759 50 23 that

1250 3788 53 22 time
1315 3795 13 15 a
1339 3791 65 26 great
1415 3786 95 24 demand
1522 3787 34 24 for
1566 3782 80 30 iabour
1663 3790 25 23 in
1699 3791 39 23 the
1750 3792 79 23 settle-

1250 3825 76 21 ment;
1346 3820 38 23 the
1396 3820 115 24 labourers
1530 3821 43 23 and
1585 3822 108 24 artificers
1704 3823 56 25 then
1770 3825 25 23 in
1810 3826 19 22 it

1250 3853 43 24 had
1315 3853 57 23 been
1398 3853 99 32 brought
1518 3854 58 24 from
1603 3854 107 32 England
1739 3861 24 19 at
1790 3857 39 24 the

1250 3893 97 24 expence
1359 3886 25 23 of
1395 3886 39 24 the
1445 3886 52 24 land
1509 3895 87 16 owners
1608 3888 43 23 and
1664 3890 123 29 capitalists
1806 3891 24 23 of

1250 3919 55 24 Port
1329 3919 134 30 Nicholson,
1485 3928 29 16 on
1534 3920 38 25 the
1590 3921 177 33 understanding
1784 3924 44 23 and

1871 127 53 22 with
1937 126 38 23 the
1993 127 40 22 full
2044 126 70 23 belief
2123 126 48 23 that
2190 127 55 29 they
2255 134 57 15 were
2325 131 22 20 to
2365 135 79 23 remain

1871 159 62 23 there
1956 159 34 23 for
2012 166 29 16 an
2064 159 114 23 indefinite
2199 158 78 32 period
2288 168 6 19 ;
2306 163 2 4 '
2323 160 61 24 there
2403 172 40 18 was

1871 191 114 23 abundant
2003 191 157 31 employment,
2173 191 45 24 and
2229 199 29 16 an
2272 192 126 34 increasing
2408 197 35 25 de-

1870 224 68 23 mand
1949 224 35 23 for
1996 224 57 23 their
2062 225 103 28 services,
2174 224 44 23 and
2226 224 38 23 the
2272 231 54 24 very
2335 228 108 27 existence

1870 257 25 23 of
1912 257 38 23 the
1971 257 136 30 community
2126 257 115 30 depended
2258 264 30 16 on
2305 265 14 15 a
2337 260 107 27 sufficient

1870 290 81 30 supply
1963 290 25 22 of
1998 289 46 23 that
2057 289 134 30 description
2203 289 25 24 of
2236 290 153 30 immigrants.

2125 330 25 14 as
2162 322 38 23 the
2213 322 99 23 Petition
2326 323 72 25 which
2409 328 34 24 the

1869 355 137 23 inhabitants
2029 355 25 22 of
2071 355 57 22 Port
2145 355 126 23 Nicholson
2289 359 117 27 presented
2424 365 19 19 to

1869 387 40 23 her
1920 388 100 30 Majesty
2032 395 30 15 on
2079 387 39 23 the
2135 388 103 22 occasion
2251 388 108 29 declares,
2398 391 44 25 Go-

1869 428 80 15 vernor
1968 420 104 28 Hobson,
2090 419 52 23 well
2159 420 109 30 knowing
2288 421 49 22 that
2356 421 28 24 he
2401 431 41 19 was

1869 452 93 31 thereby
1973 452 146 30 diminishing
2130 452 45 23 this
2194 460 122 23 necessary
2327 456 81 30 supply
2424 461 20 22 of

1868 485 86 30 labour,
1974 490 49 18 sent
2043 494 14 14 a
2076 485 73 23 vessel
2166 485 59 23 from
2245 486 130 30 Auckland,
2395 490 48 25 with

1869 518 66 23 offers
1945 518 26 24 of
1979 518 45 23 free
2036 525 95 24 passage
2143 518 42 23 and
2198 518 65 23 other
2274 519 137 32 advantages
2423 528 20 20 to

1868 551 56 23 such
1947 551 108 23 artificers
2077 551 44 23 and
2144 550 116 24 labourers
2282 560 24 15 as
2328 553 74 31 might
2417 555 26 25 be

1867 584 97 23 induced
1976 588 21 19 to
2016 588 62 19 enter
2089 584 48 23 into
2149 583 36 23 his
2199 584 161 30 employment.
2396 587 47 26 The

1868 621 48 19 cost
1936 617 25 23 of
1978 617 94 30 sending
2092 616 66 23 down
2177 616 38 24 the
2236 617 70 23 above
2330 618 50 31 ship
2401 628 42 17 was

1867 649 107 31 defrayed
1992 650 58 23 from
2067 649 37 23 the
2124 649 76 31 public
2218 652 105 27 reVenue,
2337 651 43 23 and
2395 653 48 25 thus

1867 682 38 23 the
1915 683 95 23 Settlers
2021 687 39 18 not
2069 682 52 30 only
2129 682 44 23 had
2180 686 23 18 to
2210 690 44 23 pay
2262 683 35 23 for
2304 683 38 23 the
2351 692 92 25 passage

1867 715 25 23 of
1910 715 58 24 their
1985 715 115 23 workmen
2118 715 59 23 from
2194 714 116 32 England,
2329 717 41 23 but
2389 726 54 17 were

1867 748 47 23 also
1926 748 67 24 taxed
2004 753 22 18 to
2039 748 77 30 defray
2128 748 37 23 the
2178 752 48 19 cost
2238 748 26 23 of
2278 749 96 31 sending
2385 751 58 25 them

1867 786 22 18 to

1900 814 43 23 We
1954 815 55 22 have
2017 814 55 23 used
2083 814 38 23 the
2130 821 54 24 very
2192 814 73 24 words
2273 815 25 23 of
2306 815 39 23 the
2352 816 91 30 petition

1865 847 25 23 in
1907 847 127 31 describing
2053 847 37 23 the
2110 848 145 28 transaction,
2274 849 23 22 in
2316 849 65 23 order
2398 850 46 24 that

1866 887 42 16 our
1917 880 89 23 readers
2019 887 50 23 may
2081 880 38 23 the
2131 880 73 23 better
2215 881 104 22 estimate
2332 881 37 23 the
2375 882 68 30 justi-

1865 912 91 24 fication
1975 913 24 22 of
2015 913 25 28 it,
2060 912 71 23 which
2145 912 38 23 the
2201 912 72 24 Local
2292 913 152 26 Government

1865 946 142 23 transmitted
2026 945 74 24 home.
2138 945 23 23 It
2184 946 19 22 is
2223 946 24 22 in
2271 946 36 23 the
2332 947 112 33 following

1865 978 74 23 words
1941 991 33 4 —

1894 1015 11 22 I
1923 1016 59 26 deny
1991 1015 48 21 that
2059 1015 10 21 I
2085 1022 53 15 ever
2154 1018 49 19 sent
2219 1023 13 14 a
2249 1016 70 22 vessel
2337 1019 22 19 to
2375 1019 69 22 entice

1865 1049 62 19 away
1947 1042 55 21 from
2023 1042 53 21 Port
2095 1042 122 21 Nicholson
2239 1050 46 20 any
2300 1044 106 22 artificers
2422 1053 22 14 or

1864 1068 114 22 labourers
1994 1068 47 21 who
2051 1068 65 22 could
2132 1069 26 21 be
2176 1068 97 23 induced
2284 1073 21 18 to
2319 1070 63 21 leave
2398 1071 46 22 that

1864 1096 133 21 settlement.
2026 1095 11 21 I
2045 1095 58 27 deny
2112 1095 37 22 the
2158 1095 69 22 whole
2235 1096 81 26 charge
2322 1096 23 21 in
2354 1097 90 23 distinct

1864 1122 42 21 and
1922 1122 92 27 positive
2029 1124 68 19 terms
2105 1130 5 18 ;
2123 1124 122 25 premising,
2259 1124 100 24 however,
2371 1124 48 21 that
2434 1126 9 20 I

1865 1148 37 22 did
1918 1156 64 14 cause
2000 1152 22 18 to
2038 1148 27 22 be
2081 1148 68 26 hired,
2165 1149 35 22 for
2211 1150 37 21 the
2265 1150 84 21 service
2360 1150 25 21 of
2399 1151 44 21 Go-

1865 1180 117 17 vernment
1992 1176 21 20 in
2025 1176 98 26 erecting
2133 1176 42 21 this
2185 1176 75 26 house,
2271 1176 36 21 the
2318 1176 124 24 mechanics

1864 1202 43 21 and
1917 1202 110 21 labourers
2038 1202 127 21 mentioned
2182 1202 23 21 in
2220 1202 38 21 the
2272 1204 86 25 margin
2370 1203 37 26 (19
2420 1205 21 22 in

1864 1229 110 26 number),
1982 1229 33 20 for
2024 1229 71 21 whom
2106 1236 13 13 a
2128 1228 46 22 free
2184 1235 92 20 passage
2284 1236 44 15 was
2337 1230 105 27 provided

1863 1256 22 20 in
1896 1263 14 13 a
1919 1256 49 25 ship
1979 1255 46 21 that
2034 1262 44 14 was
2088 1255 98 26 casually
2196 1256 90 26 passing
2297 1256 99 22 between
2406 1258 36 22 the

1863 1285 58 23 ports
1930 1289 5 19 ;
1951 1282 41 21 but
2006 1289 23 14 so
2039 1282 33 21 fay
2081 1282 57 21 from
2149 1281 37 21 the
2203 1285 47 28 step
2260 1282 69 27 being
2340 1284 65 21 taken
2420 1285 20 21 in

1863 1315 13 14 a
1887 1308 134 21 clandestine
2031 1315 100 19 manner,
2140 1308 11 21 I
2158 1308 125 22 advertised
2293 1309 148 23 forworkmen

1864 1334 132 27 throughout
2017 1334 38 22 the
2071 1334 92 27 Colony,
2184 1334 92 23 without
2292 1336 114 23 reference
2420 1341 21 18 to

1864 1361 53 22 Port
1926 1361 119 22 Nicholson
2057 1368 60 14 more
2126 1361 54 21 than
2187 1368 43 20 any
2237 1362 63 21 other
2309 1363 131 28 settlement,

1863 1388 72 21 where
1951 1388 60 21 there
2028 1388 70 26 might
2114 1388 28 21 be
2158 1395 52 14 men
2229 1390 100 26 wanting
2345 1390 96 28 employ-

1864 1418 67 18 ment.

1895 1447 43 24 We
1951 1448 54 24 have
2017 1449 22 22 in
2051 1456 40 15 our
2104 1449 53 23 time
2168 1448 70 24 heard
2251 1458 68 22 many
2330 1451 109 32 shuffling

1863 1489 94 16 excuses
1968 1491 6 19 ;
1994 1482 38 23 but
2044 1489 32 16 we
2088 1482 28 23 do
2128 1482 66 23 think
2208 1482 37 24 the
2256 1483 71 23 above
2338 1484 38 23 the
2384 1490 57 18 most

1863 1513 109 32 shuffling
1983 1522 81 16 excuse
2076 1520 22 18 to
2111 1515 72 23 which
2196 1522 32 16 we
2238 1524 52 15 ever
2301 1516 105 25 listened.

1897 1548 49 22 The
1960 1547 69 24 whole
2041 1548 118 23 substance
2171 1548 24 23 of
2205 1548 38 23 the
2253 1549 82 30 charge
2344 1550 97 31 brought

1862 1581 89 29 against
1960 1580 38 23 the
2017 1581 154 23 Government
2189 1588 54 21 was,
2255 1582 49 23 that
2316 1583 18 22 it
2345 1583 95 24 seduced

1862 1621 62 23 away
1935 1613 38 24 the
1994 1613 113 24 labourers
2120 1614 25 23 of
2154 1614 58 24 Port
2223 1614 134 30 Nicholson,
2370 1621 22 18 at
2404 1618 37 22 the

1863 1654 98 23 expence
1973 1647 24 23 of
2009 1647 63 23 those
2083 1646 49 24 who
2145 1647 45 23 had
2201 1648 99 31 brought
2305 1649 68 31 Jhem
2383 1650 57 23 from

1863 1679 105 31 England
1975 1685 23 18 at
2004 1688 13 15 a
2021 1684 63 26 great
2092 1685 55 24 cost,
2152 1681 35 22 for
2194 1681 58 23 their
2257 1689 105 17 ownuse.
2375 1682 64 30 This,

1852 1719 3 3 ■
1862 1720 52 23 says
1921 1713 160 28 Government,
2091 1720 32 16 we
2131 1713 58 31 deny
2196 1713 24 24 in
2229 1714 93 24 distinct
2329 1715 44 23 and
2375 1717 64 29 posi-

1862 1745 45 24 tive
1914 1748 83 25 terms;
2014 1746 41 23 but
2066 1746 65 23 when
2142 1754 33 15 we
2187 1755 64 16 come
2258 1752 23 19 to
2294 1749 102 24 examine
2405 1750 34 23 the

1862 1778 82 29 denial,
1957 1786 32 16 we
2000 1780 46 22 find
2059 1780 48 22 that
2119 1780 37 22 the
2168 1780 61 23 truth
2243 1780 25 23 of
2277 1781 39 23 the
2328 1782 81 31 charge
2420 1784 19 22 is

1862 1811 108 24 admitted
1991 1813 24 22 in
2037 1820 65 22 every
2125 1813 130 30 particular,
2279 1819 81 25 except
2385 1816 54 29 that,

1862 1844 87 24 instead
1961 1845 25 23 of
1994 1845 91 30 sending
2097 1853 13 15 a
2121 1846 50 30 ship
2184 1846 58 23 from
2254 1846 131 30 Auckland,
2404 1849 36 23 the

1860 1878 98 24 seduced
1975 1879 115 22 labourers
2109 1886 56 15 were
2184 1880 68 30 given
2264 1887 14 15 a
2288 1880 47 23 free
2347 1889 92 23 passage

1862 1918 28 15 on
1909 1911 71 23 board
1999 1919 42 15 one
2060 1912 70 22 which
2147 1912 120 31 happened
2283 1917 22 19 to
2324 1913 28 23 be
2363 1922 28 14 on
2404 1914 35 24 the

1862 1948 50 25 spot
1923 1948 24 18 at
1959 1944 37 23 the
2007 1948 99 19 moment
2119 1945 17 22 it
2147 1953 45 15 was
2204 1945 96 24 wanted.

1869 1986 4 3 ■
1895 1976 50 23 The
1955 1976 73 23 denial
2040 1977 47 22 that
2099 1977 17 22 it
2128 1984 45 15 was
2181 1978 95 22 effected
2284 1978 22 22 in
2317 1986 13 14 a
2339 1978 100 22 clandes-

1862 2009 45 22 tine
1916 2016 100 20 manner,
2029 2016 73 15 seems
2114 2013 23 18 to
2148 2009 57 22 have
2217 2009 57 22 been
2286 2009 71 23 called
2367 2010 33 22 for
2412 2010 27 30 hy

1862 2049 61 14 some
1935 2041 127 30 allegation,
2080 2041 73 22 which
2165 2042 20 21 is
2203 2045 40 18 not
2260 2041 90 31 printed
2367 2042 24 23 in
2403 2042 35 23 the

1886 2074 59 22 Blue
2055 2074 33 22 for
2098 2074 89 23 neither
2196 2074 37 23 the
2244 2074 101 24 Petition
2354 2082 40 16 nor
2402 2075 36 23 the

1862 2107 128 31 complaint,
2006 2107 72 23 whicli
2090 2107 39 22 the
2142 2107 56 23 New
2210 2107 100 23 Zealand
2323 2108 115 31 Company

1862 2140 63 23 made
1935 2148 29 15 on
1978 2141 35 21 the
2024 2141 109 27 occasion,
2143 2141 85 30 impute
2243 2148 44 23 any
2297 2140 65 31 thing
2370 2142 24 22 of
2401 2141 37 23 the

1862 2173 62 23 kind.
1952 2174 47 23 But
2006 2181 33 14 we
2046 2174 73 22 notice
2127 2174 17 22 it
2150 2173 96 23 because
2252 2174 19 22 it
2279 2174 100 23 involves
2385 2183 51 14 ano-

1862 2206 49 23 ther
1918 2207 81 23 shuffle
2005 2207 87 30 equally
2098 2207 152 30 disreputable
2259 2207 53 23 with
2319 2206 37 24 the
2363 2208 60 22 other
2430 2217 6 18 ;

1861 2239 34 23 for
1914 2240 56 22 such
1981 2248 32 15 we
2032 2239 101 24 consider
2145 2240 38 23 the
2204 2244 121 19 statement
2344 2241 47 22 that
2401 2241 37 23 the

1862 2272 171 24 advertisement
2040 2273 34 23 for
2083 2273 80 23 labour
2172 2281 46 15 was
2229 2274 93 29 general
2330 2274 106 31 through-

1862 2310 38 19 out
1907 2306 36 23 the
1951 2306 92 30 Colony,
2051 2307 43 22 aud
2100 2311 38 18 not
2145 2306 103 23 confined
2254 2311 22 18 to
2283 2307 56 22 Port
2345 2307 92 23 Nichol-

1861 2347 39 15 son
1912 2348 6 20 ;
1938 2340 18 22 it
1972 2340 68 29 being
2057 2347 53 22 very
2128 2339 49 23 well
2195 2339 83 23 known
2297 2340 49 22 that
2363 2345 22 17 at
2403 2340 35 23 the

1862 2373 52 22 time
1926 2373 37 23 the
1977 2373 134 22 transaction
2125 2373 113 28 occurred,
2251 2373 56 22 Port
2315 2373 121 23 Nicholson

1860 2413 45 15 was
1916 2406 38 23 the
1973 2406 51 30 only
2034 2406 64 31 place
2118 2406 23 22 in
2153 2406 38 23 the
2204 2406 96 29 Colony,
2319 2406 72 23 where
2401 2406 37 23 the

1860 2438 172 24 advertisement
2050 2439 66 23 could
2133 2439 28 23 be
2180 2439 138 31 productive,
2339 2441 19 21 it
2373 2439 65 31 being

1861 2471 36 23 the
1916 2472 52 30 only
1980 2480 41 15 one
2034 2472 71 24 where
2125 2472 62 23 there
2202 2480 46 15 was
2267 2480 43 23 any
2321 2472 77 24 labour
2417 2478 20 17 at

1860 2504 38 24 all.

1895 2538 46 23 Mr.
1957 2538 142 24 Molesworth
2113 2538 46 23 told
2171 2538 48 24 Mr.
2233 2538 125 24 Shortland
2369 2543 22 19 at
2402 2539 34 23 tlie

1860 2572 61 27 time,
1935 2579 28 15 on
1976 2571 36 23 the
2024 2571 68 24 beach
2105 2576 23 18 at
2139 2571 149 31 Wellington,
2307 2572 49 23 that
2368 2573 16 22 it
2394 2580 41 14 was

1860 2612 12 15 a
1884 2604 138 31 blackguard
2035 2606 136 22 transaction
2180 2613 7 20 ;
2206 2604 46 24 and
2263 2605 63 23 Lord
2338 2605 97 30 Stanley,

1860 2645 51 23 says
1924 2637 38 23 the
1974 2646 60 14 same
2056 2638 63 30 thing
2139 2639 24 21 in
2184 2638 65 23 other
2269 2639 82 23 words.

1990 2671 27 22 he
2027 2672 74 22 writes
2113 2675 23 19 to
2149 2671 119 24 Governor
2278 2671 104 29 Hobson,

1859 2712 57 21 your
1928 2704 118 23 abduction
2058 2703 145 24 oflabourers
2214 2705 58 23 from
2281 2705 57 23 Port
2345 2704 91 24 Nichol-

1860 2745 40 14 son
1912 2742 22 18 to
1947 2737 129 28 Auckland,
2098 2738 13 23 I
2123 2742 82 19 cannot
2217 2737 100 31 disguise
2326 2738 57 23 from
2394 2745 41 23 you

1858 2778 38 22 my
1910 2771 98 30 opinion,
2025 2770 49 24 that
2085 2771 24 22 in
2121 2770 95 31 offering
2227 2778 14 16 a
2252 2771 47 23 free
2310 2778 94 24 passage
2414 2775 22 18 to

1860 2803 123 23 Auckland
1992 2808 25 19 to
2028 2804 135 23 mechanics'
2176 2804 49 23 who
2238 2804 45 23 had
2299 2804 59 23 been
2368 2805 67 22 intro-

1860 2836 71 24 duced
1942 2837 47 23 into
2001 2837 37 23 the
2049 2837 138 31 Company's
2201 2837 137 23 Settlement
2349 2842 23 18 at
2382 2837 54 23 their

1860 2877 106 23 expence,
1987 2878 44 22 you
2052 2870 64 23 acted
2138 2870 155 31 erroneously.
2330 2870 35 23 To
2383 2870 53 23 have

1860 2903 105 30 accepted
1971 2911 13 15 a
1989 2907 151 27 spontaneous
2149 2903 79 23 tender
2236 2903 26 23 of
2267 2903 93 28 service,
2369 2902 67 24 would

1859 2935 57 23 have
1927 2935 58 23 been
2001 2935 194 31 unobjectionable
2205 2944 5 15 :
2229 2936 42 23 but
2283 2936 13 23 I
2309 2936 66 23 think
2392 2936 44 23 that

1860 2968 37 22 the
1905 2968 77 31 public
1992 2968 67 23 funds
2067 2972 22 19 at
2100 2976 56 22 your
2166 2968 99 31 disposal
2274 2976 58 16 were
2342 2974 38 19 not
2387 2976 47 25 pro-

1858 3001 64 30 perly
1942 3001 95 31 applied,
2062 3001 45 23 and
2127 3001 49 23 that
2198 3010 57 21 your
2278 3002 115 31 authority
2413 3010 21 15 as

1860 3033 125 30 Governor,
2008 3042 45 15 was
2072 3039 40 18 not
2131 3034 140 31 judiciously
2288 3036 110 22 executed
2414 3034 20 22 in

1858 3066 88 32 raising
1957 3067 148 24 inducements
2116 3072 22 18 to
2150 3075 65 16 move
2228 3068 65 23 those
2311 3076 92 23 persons
2414 3072 18 18 to

1859 3100 50 30 quit
1925 3100 38 24 the
1976 3101 83 23 service
2069 3102 24 22 in
2105 3100 74 24 which
2191 3101 54 30 they
2255 3101 45 23 had
2319 3100 113 31 originally

2020 3134 77 23 Those
2116 3133 49 24 who
2177 3142 38 15 are
2233 3135 133 30 acquainted
2385 3133 47 24 with

1858 3166 39 23 the
1908 3167 76 30 gentle
2001 3175 94 15 manner
2105 3168 25 22 in
2146 3167 74 23 which,
2230 3168 39 22 the
2287 3168 67 23 noble
2365 3166 66 24 Lords

1859 3199 45 23 and
1911 3199 135 25 Gentlemen
2057 3200 24 24 of
2090 3200 206 30 Downing-street,
2308 3201 122 23 administer

1859 3233 91 31 reproof
1964 3237 23 20 to
1999 3234 58 23 their
2075 3234 164 28 subordinates,
2252 3234 46 23 will
2308 3241 65 23 agree
2384 3230 47 25 with

1860 3274 33 20 us,
1907 3265 49 24 that
1964 3266 63 24 Lord
2039 3267 94 30 Stanley
2144 3267 108 23 intended
2260 3271 23 19 to
2296 3274 89 24 express
2396 3265 32 23 the

1858 3306 55 23 very
1924 3307 62 16 same
1998 3300 64 30 thing
2073 3307 25 16 as
2111 3301 47 22 Mr.
2172 3299 149 25 Molesworth
2332 3299 42 24 did.

1892 3332 76 24 There
1978 3333 19 22 is
2004 3340 42 16 one
2053 3333 64 30 point
2124 3333 128 31 remaining
2258 3333 73 24 which
2337 3332 90 31 requires

1859 3364 149 25 observation.
2051 3365 50 24 The
2122 3365 117 24 seduction
2259 3367 25 23 of
2300 3367 37 22 the
2358 3366 26 23 19
2398 3363 29 24 la-

1858 3398 101 29 bourers,
1973 3403 47 19 cost
2032 3398 37 24 the
2079 3397 89 25 settlers
2177 3399 24 23 of
2211 3399 58 24 Port
2281 3399 118 25 Nicholson
2407 3399 20 19 at

1857 3431 59 23 least
1926 3432 78 28 £400,
2018 3431 47 24 that
2076 3431 21 24 is
2108 3431 81 32 taking
2200 3432 39 23 the
2252 3440 96 24 expense
2359 3431 23 23 of
2394 3429 33 22 the

1858 3472 86 23 voyage
1954 3464 57 24 from
2023 3464 108 31 England
2142 3470 23 18 at
2176 3465 54 24 £20
2241 3474 13 14 a
2265 3465 64 28 head,
2342 3464 40 24 and
2390 3461 34 23 ad-

1858 3497 54 31 ding
1930 3497 38 24 the
1981 3502 47 19 cost
2039 3497 25 24 of
2081 3498 59 23 their
2152 3502 96 19 transfer
2265 3504 23 18 to
2304 3493 120 28 Auckland.

1858 3530 51 23 The
1929 3530 57 24 New
2004 3530 99 24 Zealand
2125 3531 118 32 Company
2262 3539 53 23 very
2332 3526 93 35 properly

1858 3563 124 24 demanded
1999 3565 167 22 remuneration
2189 3565 34 23 for
2241 3564 46 24 this
2309 3559 114 28 embezzle-

1857 3601 62 18 ment
1931 3601 23 18 at
1965 3596 38 24 the
2017 3596 79 25 hands.
2100 3597 26 23 of
2140 3598 64 23 Lord
2215 3598 102 29 Stanley.
2352 3594 37 23 We
2399 3591 25 23 do

1857 3634 40 17 not
1907 3629 54 28 find,
1983 3629 108 29 however,
2111 3638 55 15 even
2187 3639 24 15 so
2229 3631 68 22 much
2314 3637 24 15 as
2355 3634 26 16 an
2391 3631 32 17 ac-

1857 3661 194 32 knowledgement
2072 3664 50 22 that
2142 3664 38 22 the
2201 3663 97 24 demand
2316 3660 43 25 had
2373 3659 50 23 been

1857 3695 112 24 received.

1890 3728 51 23 The
1968 3733 55 19 next
2045 3730 137 23 transaction
2211 3729 96 30 relating
2328 3731 21 19 to
2375 3724 49 23 Port

1857 3760 134 29 Nicholson,
2002 3761 73 24 which
2082 3770 33 15 we
2125 3762 59 23 shall
2194 3763 75 22 notice
2275 3762 28 27 is,
2316 3759 106 23 Governor

1858 3793 119 24 Hobson's
1994 3795 50 23 first
2055 3794 56 31 (and
2121 3794 57 33 last)
2190 3795 53 23 visit
2261 3799 22 18 to
2302 3793 47 23 that
2358 3789 63 32 place.

1852 3827 67 23 'Such
1930 3827 25 23 of
1963 3834 40 16 our
2013 3828 91 23 readers
2122 3836 24 15 as
2166 3827 125 24 remember
2311 3825 36 23 the
2358 3823 64 23 event,

1857 3859 43 24 and
1913 3859 36 24 the
1970 3864 56 19 state
2039 3860 25 24 of
2079 3860 75 32 public
2171 3860 86 31 feeling
2274 3864 22 19 at
2313 3857 37 24 the
2368 3854 53 25 time,

1856 3892 46 24 will
1917 3892 28 24 be
1964 3893 93 23 amused
2074 3899 23 18 at
2119 3893 37 24 the
2174 3892 126 31 dispatcbes
2318 3886 67 27 which
2394 3890 28 17 we

1855 3925 96 29 proceed
1965 3930 23 19 to
2000 3930 66 24 quote
2074 3935 7 16 ;
2099 3930 23 19 at
2133 3926 38 23 the
2183 3933 62 16 same
2261 3925 53 23 time
2326 3922 47 28 they

556 43 94 45 &\)t
675 43 117 40 ttfeto
820 42 207 41 Zcalaufc
1053 41 188 45 <&&tttu
1267 41 90 39 astfc
1382 40 298 45 SMeMngtflu
1703 36 253 49 £jpectatot\

129 1445 289 23 METEOROLOGICAL
432 1447 105 22 TABLE.

72 1478 41 20 For
124 1478 35 18 the
168 1478 55 19 week
232 1479 74 24 ending
319 1479 114 25 Thursday,
441 1480 48 24 July
501 1480 19 23 6,
534 1480 61 20 1843.

96 2582 169 23 SHIPPING
284 2582 271 24 INTELLIGENCE.

257 2638 141 21 ARRIVED.

70 2670 49 26 July
140 2671 34 24 13,
192 2670 117 26 brigantine
327 2672 55 23 Ann,
402 2672 31 23 62,
445 2672 93 26 Higgins,
564 2674 54 19 from

43 2697 83 20 Nelson.

70 2725 57 19 Same
138 2725 47 25 day,
195 2724 47 26 brig
251 2725 98 26 Brigand,
367 2726 53 19 from
432 2726 69 26 China,
518 2728 33 19 via
561 2728 57 26 King

44 2752 88 24 Georges
145 2752 78 19 Sound.

276 2802 116 21 SAILED.

69 2836 49 24 July
136 2836 35 22 12,
187 2836 102 19 schooner
308 2836 87 25 Gannel,
403 2837 26 19 40
447 2838 51 25 tons,
510 2837 59 25 Reid,
586 2838 33 20 for

43 2862 86 26 Poverty
139 2862 50 25 Bay.

70 2889 48 25 July
129 2890 32 25 13,
174 2889 44 26 brig
233 2890 83 24 Nelson,
335 2891 40 19 153
390 2893 56 23 tons,
463 2891 104 25 M'Laren,
585 2893 34 20 for

44 2916 40 20 Kai
93 2917 64 19 Kora.

260 2967 33 20 IN
308 2967 85 22 PORT.

64 2999 83 26 Barque
155 2999 132 25 Indemnity,
296 3000 42 19 450
356 3003 62 22 tons,
426 3001 84 25 Adams,
524 3002 94 25 refitting

38 3027 88 25 Agents,
136 3026 70 20 Waitt
216 3027 43 19 and
270 3027 77 26 Tyser.

63 3054 108 20 Schooner
192 3055 58 24 Ann,
275 3056 27 18 22
322 3056 58 23 tons,
406 3055 81 26 Brown,
512 3056 45 20 laid
580 3063 37 20 up.

38 3082 74 25 Agent,
124 3081 69 20 Waitt
202 3082 44 19 and
255 3082 76 25 Tyser.

65 3109 106 19 Schooner
194 3109 62 25 Erin,
282 3109 26 19 25
332 3112 56 24 tons,
413 3110 73 27 Relph,
529 3112 87 26 Master,

40 3136 76 25 Agent.

65 3163 48 24 Brig
128 3163 81 23 Lu;;ar,
225 3163 38 19 165
274 3164 56 22 tons,
345 3163 36 20 W.
392 3164 61 20 Ellis.
480 3164 82 22 Rhodes
576 3168 42 19 and

39 3190 47 20 Co..
95 3190 88 25 Agents.

66 3217 113 22 Schooner,
189 3217 60 25 Lady
257 3218 73 26 Leigh,
344 3219 39 20 109
394 3221 56 22 tons,
462 3219 73 28 Mann,
561 3220 57 21 Fitz-

38 3244 89 23 herbert,
139 3244 77 25 Agent.

67 3271 106 20 Schooner
178 3272 70 19 Maori
254 3272 72 26 Davis,
334 3274 26 18 15
367 3276 56 22 tons,
432 3274 79 24 Wyltle.
540 3275 76 22 Affent.

40 3298 21 21 J.
72 3298 73 19 Wade.

67 3325 48 25 Brig
125 3325 77 20 James.

67 3352 120 25 Brigantine
192 3352 67 25 Ariel,
267 3354 10 19 1
280 3354 25 19 04
310 3356 55 23 tons,
374 3355 127 21 Cruikshank
505 3372 3 5 .
538 3357 77 27 Agent,

42 3379 95 25 Captain.

68 3406 121 26 Brigantine
200 3407 77 26 Scotia,
289 3408 25 19 68
324 3410 54 24 tons,
395 3409 72 22 Ward.
493 3410 122 26 Machattie,

39 3433 68 26 Agent

68 3461 73 20 Cutter
150 3460 90 26 Finetta,

68 3488 106 20 Schooner
188 3488 64 24 Kate,
271 3488 25 20 62
306 3490 54 24 tons,
379 3490 130 24 Macfarlane.
539 3493 75 26 Agent,

40 3514 122 21 Machattie.

68 3542 105 20 Schooner
181 3542 53 26 Imp,
252 3543 25 18 20
288 3545 60 24 tons,,
362 3544 77 20 Tulett.
467 3545 93 22 Jobnson
574 3548 42 19 and

39 3568 80 25 Moore,
131 3570 87 24 Agents.

65 3596 121 26 .Brigantine
195 3597 56 24 Ann,
263 3597 25 20 62
299 3599 54 24 tons,
366 3598 97 26 Higgins.

67 3624 159 24 Arigißrigand.

78 3679 94 20 Latest
185 3679 83 21 Dates
284 3681 30 20 of
330 3681 102 26 Papers
447 3684 129 21 received.

38 3717 95 16 London
220 3727 5 5 .
448 3717 110 27 February
588 3721 26 20 13

39 3743 83 22 Nelson
449 3747 52 28 July
602 3752 9 20 j

38 3770 118 26 Auckland
179 3781 61 15 .....'
447 3778 53 28 May
587 3782 27 23 27

38 3806 46 27 Bay
94 3807 23 22 of
128 3806 88 23 Islands
446 3811 94 23 October
582 3816 32 20 -6

39 3834 88 25 Sydney
447 3837 14 21 J
464 3845 39 15 une

40 3860 49 20 Van
98 3860 95 21 Dieman
204 3869 10 13 s
225 3861 65 22 Land
315 3868 99 16 .:..-....
446 3864 53 28 May
587 3868 27 20 2G

39 3885 52 21 Port
99 3886 82 27 Phillip
206 3885 4 22 '.
443 3890 52 29 May
545 3897 4 3 ■
586 3893 28 23 27

40 3911 109 22 Adelaide
353 3916 5 20 ;
443 3917 53 26 May
587 3921 27 21 27

64 1562 44 16 1842.

147 1541 50 16 Time
204 1541 20 16 of

142 1562 87 16 Observa-

162 1583 44 16 tion.

258 1552 54 15 Baro-

253 1573 62 15 meter.

333 1552 88 16 Thermo-'

343 1575 64 14 meter.

443 1605 18 12 O
469 1610 29 10 ON

542 1564 58 16 Wind.

45 1640 79 20 Fiiday...

45 1701 26 16 3at

45 1763 78 19 Sunday..

45 1824 78 20 Monday.

163 1642 10 15 9

163 1663 7 14 I
173 1666 43 16 p.m.

163 1683 11 15 4

163 1704 10 14 9

163 1724 47 20 lp.ra

163 1745 11 14 4

163 1766 10 14 9

163 1786 53 19 Ip.m.

163 1807 10 15 4

163 1827 9 15 9

163 1848 52 19 Ip.m.

163 1869 10 14 4

162 1890 10 14 9

161 1910 54 19 Ip.m.

162 1930 11 15 4

162 1951 10 15 9

163 1971 19 14 In
189 1975 26 11 m.

162 1991 11 14 4

162 2011 10 14 9

162 2032 52 19 Ip.m.

161 2052 11 15 4

256 1641 58 16 29.760

255 1662 58 15 29.755

256 1683 58 15 29.750

255 1704 59 15 29.825

256 1724 58 16 29.820

257 1745 56 15 2U.825

255 1827 58 16 29.772

255 1848 59 16 29.700

255 1867 59 17 29.700

255 1890 58 15 29.930

255 1910 58 16 29.950

255 1931 58 16 30.043

255 1952 58 16 30.330

255 1973 57 14 30.315

255 1991 57 16 30.315

254 2012 58 15 30.275

255 2032 57 16 30.255

254 2053 58 16 30.350

357 1643 27 15 54.

357 1664 37 15 58.5

358 1685 26 14 58.

358 1705 26 16 54.

357 1726 37 16 50.5

357 1747 25 15 SG.

356 1830 37 16 51.5

357 1851 36 15 54.5

357 1871 36 16 55.5

356 1891 27 16 ■18.

356 1912 27 16 49.

356 1933 27 16 48.

356 1953 26 16 43.

356 1973 26 14 46.

356 1992 27 16 44.

356 2013 26 16 39.

355 2034 27 15 49.

355 2054 26 16 46.

453 1665 33 16 0.19

452 1728 10 14 0
469 1728 17 16 02

453 1789 33 16 0.15

452 1851 33 17 0.8?

518 1644 103 22 Noitherly.

518 1666 76 17 N.N.W.

518 1688 62 16 North.

518 1707 103 21 Northerly.

518 1728 76 17 N.N.W.

518 1749 23 16 N.
547 1750 23 19 by
577 1750 27 15 W.

519 1770 51 17 N.W.

519 1791 49 16 N.W.

519 1811 50 16 N.W.

518 1832 103 20 Northerly.

518 1853 69 17 N.N.E.

519 1874 44 16 N.E.

518 1895 11 16 S
534 1895 86 19 outherly.

517 1915 62 16 South.

517 1936 58 16 S.S.K.

517 1956 58 16 S.S.E.

518 1976 57 15 S.S.E.

517 1996 58 15 S.S.K.

517 2016 86 20 Easterly.

516 2037 59 16 S.S.E.

516 2057 12 15 S
533 2057 86 21 outherly-

45 1886 76 20 Tuesday

451 1914 34 16 0.31

45 1947 38 16 Wed

450 1975 35 14 0.08

45 2008 53 17 rhurs
104 2020 17 5 ...

451 2036 34 15 0.04
495 2043 10 9 ,

44 2106 79 21 Friday...

44 2168 28 15 Sal

44 2230 78 19 Sunday..

44 2291 78 20 Monday.

163 2110 10 14 !)

163 2131 52 19 Ip.m.

163 2152 9 15 4

163 2173 10 15 J)

163 2193 53 20 Ip.m.

162 2214 10 15 4

163 2235 9 14 2

164 2256 52 19 Ip.m.

162 2277 10 14 4

162 2297 10 15 0

163 2319 53 19 Ip.m.

162 2340 11 14 4

162 2360 10 15 9

162 2381 54 20 Ip.m.

162 2402 10 14 4

162 2422 10 15 .0

162 2443 54 19 Ip.m.

162 2464 11 15 4

162 2485 10 15 9

161 2505 55 19 Ip.m.

162 2526 11 15 4

370 2091 120 18 REMARKS.

243 2111 55 16 Fresh
306 2112 61 16 breeze
376 2113 34 15 and
419 2113 45 16 rain.

282 2131 35 18 Do.
360 2133 33 16 Do.
435 2134 41 16 fine.

243 2153 90 16 Moderate
341 2154 62 15 breeze
410 2155 35 15 and
453 2159 39 15 very
499 2156 41 16 fine.

283 2174 33 16 Do.
359 2174 33 16 Do.
433 2175 33 17 Do.

283 2195 33 16 Do.
360 2195 33 16 Do.
435 2196 82 21 showery.

285 2216 32 16 Do.
360 2216 33 16 Do.
435 2217 40 16 fine.

243 2236 90 17 Moderate
341 2237 62 16 breeze
410 2238 35 15 and
453 2238 83 20 showery.

284 2257 34 17 Do.
360 2258 33 16 Do.
436 2258 33 16 Do.

283 2278 33 16 Do.
358 2278 34 16 Do.
434 2279 33 16 Do.

284 2298 33 17 Do.
361 2299 32 16 Do.
436 2300 45 15 rain.

284 2319 32 16 Do.
359 2319 33 16 Do.
435 2320 34 16 Do.

242 2339 53 20 Light
302 2341 61 15 breeze
371 2340 36 16 and
412 2345 43 15 very
462 2341 39 16 fino.

237 2361 69 19 ,Strong
312 2361 62 15 breeze
383 2361 35 15 and
425 2364 82 14 overcast.

284 2381 33 16 Do.
360 2381 34 18 Do.
436 2382 34 17 Do.

283 2402 33 16 Do.
359 2402 34 16 Do.
435 2403 34 16 Do.

238 2438 2 8 t
243 2422 54 17 Fresh
307 2423 62 16 breeze
377 2423 34 16 and
419 2423 80 21 showery.

238 2451 2 16 I
284 2443 32 17 Do.
359 2444 33 16 Do.
433 2444 42 16 fine.

238 2460 2 15 1
283 2463 33 17 Do.
359 2464 33 17 Do.
433 2465 45 16 rain.

243 2484 48 16 Calm
299 2485 35 15 and
342 2488 43 17 very
393 2486 40 15 fine.

283 2505 34 16 Do.
359 2505 32 17 Do.
434 2507 34 16 Do.

283 2526 32 15 Do.
359 2526 32 17 Do.
435 2528 33 15 Do.

44 2353 77 20 ruesday

44 2414 38 16 Wed

55 2477 34 16 lair
103 2488 17 5 ...

682 129 129 24 NOTICE
829 129 44 24 TO
893 127 329 25 CORRESPONDENTS.

688 184 21 21 A
721 184 107 21 Constant
838 182 87 22 Reader
933 184 19 18 is
959 182 103 26 informed
1070 182 47 20 that
1135 182 34 20 the
1187 182 49 20 Gar-

657 211 74 20 deners
733 211 5 10 1
752 210 102 20 Calendar
861 205 20 24 is
894 210 22 19 in
932 210 35 19 the
982 209 65 20 hands
1062 209 27 26 of
1105 209 35 19 the
1155 209 81 25 Judges,

657 239 47 19 who
713 238 45 19 will
767 237 118 25 adjudicate
893 242 54 20 upon
955 237 19 19 it
983 242 24 14 as
1014 242 49 14 soon
1074 242 22 14 as
1107 236 49 25 they
1165 242 44 15 can.

246 131 94 21 Public
351 131 67 20 Sale.

61 165 157 49 MESSRS.
244 163 149 23 BETHUNE
417 163 65 22 AND
502 162 127 22 HUNTER

148 191 58 21 have
216 191 139 21 instructions
364 193 23 18 to
397 190 39 22 sell
451 190 29 26 by
492 189 106 25 Auction,
608 191 21 18 at

58 222 22 17 at
91 218 186 27 Lambton-quay,
289 224 28 14 on
331 217 102 26 Tuesday
451 219 57 23 next,
526 216 43 20 the-
579 214 50 22 18th

59 244 51 27 July
121 247 95 24 current,
227 248 22 16 at
260 243 106 28 half-past
375 245 25 19 12
409 242 80 22 o'clock
499 241 115 27 precisely.

269 276 35 21 Ex
319 276 108 20 SCOTIA.

109 304 28 19 40
146 302 54 26 kegs
209 302 97 26 tobacco,

110 331 40 19 100
163 329 84 20 barrels
256 329 68 26 prime
334 328 54 21 beef
398 327 41 21 and
450 327 57 26 povk,

108 357 28 19 GO
147 355 65 21 bozes
221 355 64 21 black
294 358 41 22 tea,

109 383 25 19 15
147 381 72 21 chests
228 388 66 19 green
305 384 41 23 tea,

110 410 25 19 19
145 408 54 26 bags
209 407 73 26 coffee,

107 436 13 20 3
131 438 48 17 tons
190 433 97 21 Colonial
297 433 85 26 biscuit,

107 462 13 19 5
131 467 60 15 cases
202 459 84 26 brandy
286 471 26 4 —
313 462 13 19 G
336 467 61 14 cases
406 459 78 26 sherry,

108 488 25 20 15
144 486 62 21 casks
216 485 110 22 Dunbar's
334 486 84 21 bottled
425 485 41 26 ale,

107 515 28 19 50
145 516 48 17 lons
204 511 28 21 oil
240 512 68 27 casks,
322 512 131 22 deliverable
463 515 21 17 at
491 511 82 27 Kapiti,

108 539 53 21 And
172 538 61 21 other
242 539 75 26 goods,

309 572 62 14 ALSO.

108 594 24 19 lo
143 592 75 21 horses
228 591 44 22 and
280 598 70 14 mares
359 592 22 20 in
392 591 51 26 foal,
456 590 39 22 and
505 590 53 22 with
572 590 56 21 foals

160 619 28 25 by
199 618 57 21 their
265 618 54 24 side,

106 646 27 19 10
142 643 131 23 acclimated
284 644 61 27 dairy
355 651 63 19 cows,

80 671 112 25 Dwelling
210 671 67 21 house
301 670 46 22 and
365 670 60 27 slrop,
442 670 49 22 with
507 669 120 28 unexpired

54 698 85 26 portion
160 698 25 20 of
204 697 65 27 lease,
287 697 111 27 presently
417 696 103 28 occupied
534 696 30 27 by
582 696 44 21 Mr.

54 725 77 26 Henry
141 724 79 26 Baker,
231 724 102 26 Butcher,
345 724 22 20 in
387 722 46 22 that
441 730 50 20 very
501 722 126 27 centrically

53 750 94 22 situnted
156 754 49 23 part
216 750 25 21 of
248 750 110 21 Lambton
368 750 71 26 Quay,
451 749 113 27 adjoining
574 749 53 21 Bar-

52 777 60 21 rett's
126 777 75 21 Hotel.

241 803 81 21 terms'
338 809 102 14 mberal.

79 829 143 26 Wellington,
233 828 53 27 July
297 830 32 24 14,
341 830 60 19 1843.

190 873 63 26 Ship
268 873 92 24 Hotel,
377 873 36 20 Te
428 873 62 20 Aro.

51 909 48 47 A
114 906 112 22 PUBLIC
241 906 125 22 DINNER
382 906 43 21 will
441 906 29 21 be
482 906 64 26 given
557 910 22 17 at
589 906 37 22 the

128 934 70 20 above
214 933 74 25 Hotel,
301 940 28 14 on
345 932 139 26 Wednesday
499 936 61 22 next,
573 932 52 27 July

50 962 31 23 19,
93 963 20 17 to
126 962 170 19 commemorate
312 959 36 21 the
366 959 74 27 laying
452 958 34 21 the
500 958 47 22 first
562 962 63 18 stone

49 987 26 20 of
82 986 35 21 the
127 985 72 27 Royal
210 986 99 21 Victoria
319 986 102 21 Theatre.
449 984 44 23 The
506 989 63 17 stone
581 985 44 22 will

49 1013 28 20 be
94 1012 45 21 laid
155 1012 29 27 by
195 1011 95 22 William
308 1012 70 26 Lyon,
396 1012 59 27 Esq.,
474 1014 19 18 at
507 1013 15 20 4
533 1012 90 21 o'clock.

49 1039 87 21 Dinner
146 1045 28 14 on
185 1039 59 20 table
260 1042 23 17 at
298 1040 12 19 6
326 1038 90 22 o'clock.
446 1037 85 23 Tickets
548 1038 30 21 7s.
588 1038 35 21 6d.

51 1065 59 21 each.
141 1065 21 20 A
174 1065 47 20 Ball
231 1065 22 21 in
265 1065 36 21 the
317 1066 99 25 evening,
428 1068 22 18 to
468 1071 124 15 commence
603 1068 22 17 at

51 1094 25 19 10
83 1091 91 21 o'clock.
204 1091 87 21 Tickets
297 1092 30 21 3s.
338 1092 36 21 6d.
383 1099 6 19 ;
404 1091 121 27 gentlemen
534 1091 90 22 entitled

49 1120 22 19 to
82 1117 113 22 introduce
207 1125 13 13 a
228 1118 58 27 lady.

145 1150 22 21 A
177 1149 64 21 Band
251 1149 42 21 will
305 1150 26 21 be
341 1150 24 21 in
376 1150 136 21 attendance.

51 1193 264 49 SUBSCRIPTIONS,
324 1194 33 20 for
364 1194 37 21 the
410 1202 90 19 purpose
508 1195 25 20 of
537 1195 87 26 placing

113 1219 75 21 Funds
204 1223 22 17 at
243 1220 36 21 the
297 1220 94 27 disposal
407 1221 25 21 of
444 1221 36 20 the
493 1221 130 21 Committee

49 1245 118 28 appointed
177 1246 35 20 for
221 1245 37 22 the
269 1247 92 21 defence
371 1247 26 21 of
402 1247 37 21 the
456 1247 66 21 Town
533 1247 24 21 of
563 1247 60 21 Wel-

48 1273 91 26 lington,
153 1272 41 21 will
205 1272 28 21 be
244 1273 100 21 received
354 1273 29 26 by
393 1279 43 21 any
442 1273 101 21 Member
552 1274 24 21 of
583 1273 37 21 the

50 1299 95 21 General
162 1299 138 25 Committee,
312 1299 36 21 the
359 1299 92 22 Officers
467 1300 157 26 Commanding

49 1325 106 26 Districts,
173 1329 22 17 at
212 1325 37 21 the
266 1326 62 21 office
338 1326 26 20 of
376 1326 35 21 the
426 1326 70 22 Union
512 1327 71 26 Bank,
601 1334 23 14 or

49 1352 42 21 Mr.
104 1352 95 21 Edward
211 1352 106 27 Johnson,
327 1353 126 21 Treasurer.

75 1383 143 27 Wellington,
230 1383 54 28 July
294 1385 32 26 14,
338 1386 61 20 1543.
