2489 3989
52 130 29 26 of,
110 129 40 22 We
160 129 57 21 have
222 128 97 27 recently
325 134 52 14 seen
388 127 122 28 specimens
519 125 107 28 prepared

51 156 30 26 by
90 156 62 21 these
162 155 102 22 different
276 161 119 20 processes.
423 154 64 20 Some
497 152 54 21 time
568 155 58 18 must

52 183 73 26 elapse
141 182 75 21 before
231 181 56 22 their
301 180 146 27 comparative
462 178 63 22 value
539 185 43 14 can
598 178 27 21 be

49 208 151 26 satisfactorily
221 207 78 26 tested;
320 206 43 22 this
381 205 73 28 much,
473 205 110 24 however,
607 204 19 20 is

51 235 90 25 certain,
156 233 48 21 that
219 233 37 22 the
266 233 99 21 business
379 232 39 22 has
433 238 47 15 now
493 231 58 21 been
559 230 67 27 fairly

50 260 141 22 commenced
207 259 42 22 and
264 259 52 22 with
330 267 13 13 a
358 259 78 25 degree
447 258 24 21 of
483 256 141 27 hopefulness

49 287 43 21 and
103 287 67 26 spirit,
182 289 173 19 commensurate
363 285 51 21 with
422 284 35 22 the
467 283 106 21 immense
584 283 40 21 im-

48 316 107 24 portance
165 312 25 22 of
197 313 37 21 the
243 313 77 21 results
330 310 131 27 anticipated
472 309 57 22 from
537 309 30 21 its
577 316 47 14 suc-

49 339 78 21 cessful
139 339 170 21 establishment.

76 365 106 21 Whether
192 365 61 22 these
262 364 77 22 results
355 363 55 21 shall
426 366 22 18 at
462 369 56 14 once
532 363 31 20 be
577 369 47 14 rea-

51 392 58 21 lized
118 398 24 14 or
151 395 45 22 not,
208 390 96 28 depends
313 389 85 27 greatly
407 396 57 20 upon
474 388 37 21 the
522 395 48 15 care
582 388 43 21 and

49 418 107 22 attention
164 418 47 20 that
221 417 54 21 shall
285 416 27 21 be
326 416 108 21 bestowed
450 422 59 20 upon
525 415 38 21 the
579 414 46 22 first

51 444 128 27 shipments.
207 443 25 22 If
245 443 61 25 Flax,
318 442 36 21 the
363 442 96 26 produce
470 441 24 21 of
503 441 55 22 New
569 441 55 21 Zea-

48 471 60 25 land,
120 470 54 21 shall
185 469 62 21 make
261 470 29 20 its
299 475 133 20 appearance
442 469 23 20 in
480 467 38 22 the
532 468 92 26 English

50 497 86 21 market
146 497 23 20 of
182 503 12 13 a
204 496 83 26 quality
297 495 66 27 equal
372 498 22 18 to
404 495 83 26 foreign
498 494 65 26 Flax,
580 495 44 20 and

47 523 71 21 which
130 530 39 14 can
178 522 27 21 be
217 522 47 21 sold
274 525 22 18 at
306 529 12 13 a
332 521 65 27 profit
412 521 33 21 for
460 520 37 21 the
515 527 68 19 same,
602 529 24 14 or

49 552 23 18 at
82 556 12 14 a
104 550 42 20 less
156 549 66 27 price,
234 548 52 21 then
299 547 149 27 immediately
465 547 123 21 thousands
603 548 25 21 of

46 576 38 21 the
94 574 147 29 unemployed
251 573 76 28 capital
339 574 26 21 of
376 573 99 27 England
485 573 45 21 will
540 573 48 22 find
596 574 28 21 its

47 609 48 19 way
106 607 21 16 to
136 602 43 21 this
189 604 98 24 country,
298 603 21 18 to
329 600 26 21 be
366 600 100 22 invested
474 600 23 21 in
507 600 37 21 the
556 600 67 27 trade,

48 629 44 21 and
102 630 22 20 in
135 636 13 13 a
158 635 52 19 very
221 628 40 21 few
271 634 62 20 years
345 627 53 22 New
409 626 97 22 Zealand
515 626 44 21 will
570 628 54 20 rank

47 657 103 24 amongst
157 654 36 21 the
203 657 57 18 most
269 655 119 25 important
398 650 81 25 British
484 653 140 27 possessions.

48 682 98 26 Besides,
162 684 43 22 too,
222 680 35 21 the
274 687 115 14 enormous
405 680 94 21 demand
515 680 24 21 of
557 680 69 22 Great

50 707 92 27 Britain,
154 707 36 22 the
201 707 95 21 markets
310 706 26 21 of
346 706 90 26 France,
454 706 111 26 America,
582 707 44 21 and

49 734 100 28 Belgium
160 734 64 25 itself,
235 733 42 22 will
287 734 27 20 be
324 739 56 21 open
388 736 22 18 to
421 740 31 14 us.
485 732 52 26 But,
553 733 32 21 let
601 741 24 14 us

48 761 36 22 for
102 764 58 18 want
178 760 24 21 of
225 767 12 14 a
255 760 55 21 little
330 759 113 25 attention,
464 758 57 21 send
535 760 67 21 home
612 767 13 14 a

48 794 82 18 coarse,
141 786 166 22 unmarketable
317 784 82 27 article,
412 783 44 23 and
463 784 56 21 New
525 785 100 23 Zealand

49 814 56 21 Flax
115 814 43 21 will
168 816 22 17 at
200 819 55 14 once
264 815 37 23 get
309 819 14 14 a
336 811 43 21 bad
395 817 64 15 name
468 819 5 12 :
489 810 136 29 subsequent

48 840 122 26 shipments
184 838 45 21 will
243 838 96 25 scarcely
353 838 28 20 be
396 837 80 22 looked
494 840 34 24 at;
544 838 18 21 it
581 839 43 21 will

49 867 38 21 fail
98 870 22 19 to
130 866 45 21 find
186 872 12 14 a
208 864 45 22 sale
263 868 23 18 at
296 871 43 20 any
348 864 66 27 price,
426 866 35 19 the
478 864 88 27 shipper
582 866 42 21 will

49 893 93 27 perhaps
152 893 25 20 be
189 892 88 26 ruined;
296 891 42 20 and
349 898 23 13 so
384 890 91 21 difficult
484 891 19 20 is
518 891 25 26 it,
557 899 25 13 as
593 899 30 14 we

49 920 29 22 all
89 920 72 26 know,
170 922 22 17 to
207 925 113 14 overcome
336 925 13 13 a
362 917 118 27 prejudice,
497 917 49 21 that
560 925 64 18 years

48 947 44 21 will
101 945 106 28 probably
216 944 71 28 elapse
297 944 74 21 before
381 943 36 22 the
428 946 91 25 attempt
529 947 22 18 to
561 944 63 27 bring

48 973 37 21 the
95 973 74 21 article
182 972 46 21 into
238 971 71 21 notice
319 978 40 13 can
370 970 63 27 again
448 970 28 21 be
490 970 65 21 made
572 971 52 21 with

47 1007 43 20 any
101 1000 83 21 chance
195 999 26 21 of
230 1005 92 14 success.
358 997 45 21 Not
418 997 38 21 the
471 996 56 22 least
541 997 82 27 impor-

47 1030 48 18 tant
111 1033 92 21 purpose
219 1030 23 17 to
258 1024 71 23 which
351 1023 57 22 Flax
429 1023 44 21 and
492 1023 76 28 Hemp
587 1031 37 14 are

48 1052 94 28 applied,
159 1054 17 21 is
192 1061 51 19 rope
258 1051 96 26 making.
392 1049 152 28 Experimeuts
561 1058 24 13 as
602 1053 21 19 to

47 1080 37 21 the
94 1080 74 21 fitness
179 1081 25 20 of
215 1081 54 20 New
285 1077 96 22 Zealand
398 1076 54 22 Flax
467 1077 34 21 for
518 1077 42 21 this
574 1084 50 24 pur-

45 1113 59 23 pose,
125 1113 57 14 were
203 1105 136 26 extensively
358 1103 64 21 made
442 1104 21 20 in
483 1103 39 21 the
542 1104 81 21 British

46 1132 72 27 Navy,
131 1133 66 21 about
207 1135 26 20 10
242 1140 62 20 years
317 1138 48 20 ago.
403 1130 47 21 The
468 1130 80 21 results
567 1138 56 15 were

47 1159 111 27 variously
170 1160 99 26 reported
278 1168 5 18 ;
299 1156 84 27 though
398 1156 125 22 favourable
540 1164 28 14 on
586 1157 35 22 the

45 1186 71 22 whole
127 1186 61 22 there
197 1188 19 19 is
232 1193 76 15 reason
325 1189 21 18 to
361 1183 86 21 believe
459 1183 47 21 that
522 1184 22 20 in
563 1190 59 16 some

50 1214 72 26 points
132 1212 54 23 New
196 1213 99 22 Zealand
305 1212 55 22 Flax
368 1211 18 21 is
397 1210 88 22 inferior
495 1214 21 16 to
526 1211 97 27 Europe-

50 1248 35 14 an.
125 1240 31 21 As
166 1248 48 14 care
226 1240 41 21 and
278 1240 103 21 attention
390 1238 24 21 in
424 1237 27 21 its
461 1237 128 24 cultivation
601 1246 23 14 or

48 1266 137 28 preparation
196 1275 51 19 may
258 1267 26 22 do
294 1266 67 21 much
370 1270 22 17 to
407 1266 89 26 remedy
507 1265 36 21 the
552 1266 72 23 defect

48 1294 140 27 camplained
197 1294 29 26 of,
238 1301 31 14 we
278 1293 72 22 would
360 1300 56 19 now,
426 1293 22 20 in
458 1292 36 22 the
501 1299 55 21 very
562 1297 62 18 onset

48 1322 27 20 of
85 1321 36 21 the
130 1320 108 26 business,
249 1320 68 21 direct
327 1319 108 22 attention
445 1323 20 18 to
475 1319 38 22 the
530 1320 91 26 subject.

48 1347 70 22 There
129 1355 43 13 was
181 1347 94 25 brought
282 1347 74 20 before
365 1346 36 21 the
409 1346 75 21 Lords'
492 1347 131 22 Committee

47 1381 28 14 on
87 1374 55 21 New
153 1367 104 32 Zealand,
269 1373 70 21 which
349 1376 34 18 sat
391 1373 23 20 in
426 1374 59 25 1838,
496 1374 86 21 several
590 1381 34 14 re-

47 1404 60 23 ports
121 1407 27 13 on
160 1400 162 21 New-Zealand
331 1407 52 19 rope
391 1407 5 14 :
415 1399 36 22 the
465 1400 69 21 result
548 1400 26 21 of
587 1409 37 14 ex-

47 1427 120 27 periments
187 1426 70 22 which
280 1426 43 21 had
347 1426 55 21 been
424 1426 54 21 tried
503 1434 28 13 on
554 1427 69 22 board

47 1452 84 23 several
142 1452 23 21 of
178 1452 39 22 her
228 1453 116 27 Majesty's
358 1452 59 28 ships
426 1461 4 13 :
447 1452 105 28 although
570 1454 23 21 in
611 1463 13 13 a

46 1483 85 22 greater
150 1480 93 21 number
261 1479 25 21 of
301 1479 111 21 instances
430 1479 36 22 the
485 1484 73 22 report
580 1489 43 14 was

72 1506 47 21 that
129 1506 16 21 it
155 1506 17 21 is
189 1506 108 21 excellent
307 1513 51 18 rope
365 1514 5 17 ;
409 1506 47 21 that
463 1506 62 21 there
536 1515 43 13 was

46 1532 91 22 marked
148 1532 127 27 superiority
283 1532 24 21 in
318 1532 37 21 the
363 1532 55 21 New
428 1532 97 22 Zealand
535 1541 64 20 rope;
630 1536 2 26 j

47 1560 47 20 that
105 1560 13 9 '
128 1559 32 20 for
167 1559 36 21 the
214 1566 102 19 purposes
331 1559 35 21 for
381 1559 71 21 which
468 1559 27 20 he
512 1559 41 22 has
569 1562 52 21 used

45 1593 59 20 rope,
116 1586 42 21 this
166 1586 18 21 is
193 1586 33 21 far
236 1586 95 26 superior
341 1589 21 17 to
372 1593 44 20 any
426 1593 50 19 rope
484 1586 28 21 he
522 1586 40 21 has
573 1595 50 14 ever

45 1616 46 17 met
218 1613 48 20 that
275 1611 36 22 the
327 1613 73 20 tarred
413 1613 91 26 cordage
520 1614 64 21 made
602 1616 24 20 of

47 1639 54 21 New
113 1639 97 21 Zealand
220 1639 56 21 Flax
290 1639 165 21 manufactured
470 1639 29 26 by
515 1640 43 21 Mr.
577 1640 45 22 Ro-

47 1666 94 25 bertson,
153 1665 43 21 and
206 1665 97 28 supplied
312 1665 57 21 from
380 1665 106 22 Chatham
496 1666 62 27 yard,
571 1667 50 27 viz.,

45 1693 12 19 4
68 1693 43 20 and
122 1693 12 19 5
145 1692 74 21 inches
230 1692 146 26 hawser-laid,
391 1699 43 14 was
449 1692 42 21 still
508 1693 22 20 in
548 1694 73 21 excel-

45 1719 47 21 lent
111 1719 120 25 condition,
249 1717 44 23 and
311 1719 18 21 is
348 1719 114 26 decidedly
478 1720 99 26 superior
600 1720 21 22 in

47 1752 66 19 every
122 1748 84 24 respect
216 1748 22 18 to
254 1752 101 14 common
463 1745 37 21 &c.
510 1753 5 19 ;
536 1750 44 23 yet,
598 1747 22 22 in

45 1771 78 22 almost
144 1779 65 19 every
228 1773 97 20 instance
341 1772 17 20 it
373 1772 18 21 is
405 1772 92 25 noticed,
541 1773 48 21 that
605 1774 16 21 it

45 1799 71 21 swells
127 1806 58 14 more
195 1799 23 21 in
233 1802 42 18 wet
293 1798 95 21 weather
405 1799 51 21 than
471 1799 37 21 the
525 1799 95 23 Russian

177 1825 47 21 that
303 1827 41 19 wet
360 1825 96 21 weather
471 1825 37 21 the
524 1827 97 27 running

45 1859 51 20 rope
114 1851 70 21 swells
203 1859 25 14 so
243 1851 72 26 much,
335 1851 17 21 it
368 1852 18 20 is
396 1851 92 22 difficult
497 1855 22 18 to
530 1860 65 15 reeve
605 1854 16 21 it

44 1877 93 28 through
149 1878 35 21 the
304 1879 38 20 &c.
350 1886 5 19 ;
397 1878 47 22 that
461 1878 64 22 when
541 1879 18 21 it
574 1884 47 23 gets

44 1908 43 18 wet
95 1906 18 20 it
121 1905 90 21 become
306 1905 39 21 &c.
374 1905 70 21 These
453 1905 81 22 defects
541 1913 81 20 appear

45 1935 22 17 to
78 1932 26 21 be
116 1931 133 21 remediable
259 1931 28 26 by
298 1931 64 26 using
373 1931 36 22 the
419 1932 93 21 solution
522 1933 26 20 of
554 1933 67 22 cahu-

45 1958 60 22 chac.
360 1957 17 20 it
386 1957 18 21 is
414 1957 70 21 stated
492 1958 23 20 in
529 1964 42 15 one
588 1966 33 14 re-

43 1988 56 24 port,
220 1984 36 21 the
266 1990 50 18 rope
328 1990 53 20 very
396 1983 74 27 pliant,
487 1983 17 21 it
519 1984 102 23 becomes

43 2011 80 24 round,
135 2011 43 21 and
188 2018 53 14 runs
352 2010 28 21 In
391 2018 59 13 some
461 2011 112 21 instances
583 2012 37 22 the

46 2037 135 28 experiment
191 2037 16 21 is
218 2036 100 27 reported
329 2039 21 18 to
360 2036 56 22 have
426 2036 73 26 failed,
510 2037 57 21 from
584 2039 36 21 the

43 2065 56 21 New
111 2064 98 22 Zealand
218 2071 51 20 rope
280 2063 81 26 having
370 2063 56 21 been
494 2063 66 28 badly
576 2065 45 22 laid

43 2099 36 18 up,
100 2091 48 21 that
167 2091 35 21 the
221 2090 87 22 strands
324 2089 38 22 did
381 2094 39 17 not
438 2090 54 22 bear
510 2098 27 14 an
556 2093 65 25 equal

165 2117 41 21 For
216 2124 42 15 one
267 2124 51 14 very
328 2117 117 26 important
459 2124 92 20 purpose
569 2118 18 21 it
602 2119 19 21 is

43 2144 77 27 highly
130 2144 109 21 esteemed
247 2152 4 13 :
266 2144 35 21 for
311 2143 68 22 whale
387 2143 55 22 lines
452 2145 16 20 it
478 2143 18 21 is
506 2143 114 27 preferred

42 2174 22 18 to
76 2178 42 19 any
130 2170 62 22 other
207 2170 129 27 description
348 2170 24 21 of
383 2177 59 20 rope,
454 2178 27 14 on
490 2175 98 18 account
600 2173 23 21 of

42 2197 29 21 its
90 2197 98 26 strength
207 2197 42 21 and
265 2197 112 27 pliability.
416 2197 27 21 In
463 2197 33 21 his
516 2198 104 22 evidence

41 2224 75 21 before
137 2223 35 22 the
194 2224 70 21 Select
281 2223 128 22 Committee
426 2224 22 21 in
468 2225 59 25 1838,
545 2225 17 21 it
577 2232 43 16 was

43 2251 70 21 stated
123 2250 30 26 by
162 2251 44 20 Mr.
217 2251 109 26 Enderby,
362 2250 48 22 that
416 2251 16 21 it
442 2250 117 27 isbrought
569 2259 52 15 over

41 2277 23 21 in
76 2285 13 13 a
98 2284 53 19 very
160 2277 68 25 rough
238 2280 53 18 state
301 2285 4 13 :
321 2278 18 19 it
353 2278 17 19 is
386 2280 35 18 not
436 2279 103 25 generally
553 2279 66 21 intro-

40 2305 71 25 duced,
116 2304 61 25 from
193 2305 28 19 its
237 2305 74 25 having
324 2305 48 19 been
388 2305 101 26 imported
502 2307 23 18 in
542 2313 13 13 a
571 2313 48 20 very

38 2332 118 24 indifferent
269 2331 52 21 This
332 2331 87 22 witness
432 2331 44 22 also
495 2339 56 19 gave
569 2333 17 21 it
597 2341 22 14 as

41 2358 35 22 his
87 2357 92 28 opinion,
192 2358 48 21 that
251 2358 36 21 the
302 2358 54 21 New
366 2358 98 22 Zealand
475 2358 55 22 Flax
548 2360 72 27 might

42 2385 29 21 be
81 2384 112 27 improved
202 2385 31 26 by
243 2387 116 19 treatment
369 2385 56 21 after
434 2385 18 21 it
461 2392 42 15 was
512 2389 37 18 cut
556 2394 6 19 ;
575 2387 43 21 and

41 2411 49 21 that
105 2412 18 20 it
138 2418 44 14 was
198 2411 65 21 liable
280 2414 21 18 to
318 2411 73 26 injury
406 2411 56 21 from
482 2411 37 22 the
536 2420 49 20 way
595 2413 23 22 in

43 2437 73 22 which
126 2437 18 21 it
152 2437 18 21 is
179 2437 96 27 packed;
285 2437 23 21 in
319 2437 105 28 doubling
438 2438 24 26 it,
472 2438 27 21 he
515 2446 55 21 says,
583 2440 36 21 the

43 2468 49 23 part
99 2463 83 22 outside
193 2463 20 21 if
224 2467 42 19 wet
272 2467 47 24 gets
329 2467 22 18 to
361 2465 24 24 it,
396 2465 19 21 is
426 2465 123 26 destroyed.
586 2467 33 27 By

43 2491 92 21 another
153 2491 94 25 witness,
274 2491 70 26 (Capt.
362 2491 94 28 Fitzroy,
468 2491 78 28 R.N.,)
567 2493 19 21 it
601 2494 17 21 is

43 2517 124 26 suggested,
186 2516 48 22 that
249 2517 36 21 the
301 2517 84 27 quality
400 2518 26 21 of
442 2519 36 21 the
494 2518 57 22 Flax
568 2527 51 20 may

42 2551 52 20 may
104 2543 85 27 depend
199 2544 23 21 in
240 2551 60 14 some
315 2551 106 20 measure,
436 2552 25 14 on
481 2546 34 20 the
531 2547 50 20 time
597 2548 22 24 of

40 2578 51 18 year
99 2573 23 17 at
132 2571 65 20 which
207 2572 35 19 the
247 2571 62 26 plant
319 2572 18 18 is
351 2573 42 19 cut.
431 2572 43 22 Mr.
492 2572 106 28 Enderby
602 2575 15 20 's

42 2598 96 25 opinion,
158 2597 46 21 that
222 2597 37 22 the
279 2597 112 23 character
411 2599 24 21 of
447 2599 54 21 New
520 2600 98 23 Zealand

40 2624 55 22 Flax
104 2625 41 21 has
154 2624 56 22 been
220 2624 86 27 injured
316 2625 23 21 in
349 2624 37 22 the
396 2625 88 26 general
492 2627 125 22 estimation

40 2651 55 21 from
129 2651 28 21 its
166 2651 81 26 having
256 2651 56 21 been
322 2651 109 27 imported
447 2653 21 21 in
484 2660 12 14 a
511 2660 54 21 very
581 2654 33 21 in-

41 2677 102 22 different
267 2681 98 22 suggests
390 2678 38 21 the
448 2679 168 30 consideration,

41 2711 56 19 now,
108 2704 48 21 that
165 2711 31 14 we
203 2711 37 14 are
250 2703 89 27 seeking
349 2704 21 21 in
383 2708 86 19 earnest
478 2709 22 18 to
511 2707 106 22 establish

40 2731 19 21 it
68 2738 24 14 as
101 2738 29 14 an
139 2730 121 27 important
269 2731 73 21 article
350 2731 25 21 of
381 2738 127 20 commerce,
520 2733 98 23 whether

40 2757 19 21 it
67 2757 18 21 is
99 2759 40 19 not
149 2757 106 21 desirable
264 2757 49 21 that
320 2757 18 21 it
347 2757 77 22 should
435 2759 27 21 be
471 2759 115 26 subjected
597 2765 20 17 to

42 2790 59 14 some
110 2783 85 21 further
203 2783 99 27 clensing
311 2791 94 20 process,
417 2785 72 21 before
499 2786 117 28 shipment,

40 2810 24 22 in
76 2810 63 22 order
147 2813 21 18 to
177 2817 75 15 secure
262 2811 34 21 for
306 2810 17 21 it
332 2817 13 14 a
354 2811 111 23 favorable
473 2814 113 26 reception
596 2815 22 21 in

42 2837 38 21 the
98 2836 91 27 English
207 2837 92 21 market.
337 2837 33 21 Of
389 2838 44 21 this
452 2846 31 14 we
503 2846 38 16 are
558 2841 59 27 quite

42 2863 90 26 certain,
142 2863 56 21 from
209 2863 36 21 the
256 2863 122 28 specimens
388 2872 31 14 we
429 2865 55 22 have
493 2872 61 21 seen,
570 2868 49 21 that

42 2890 38 22 the
90 2889 56 23 Flax
155 2890 107 27 prepared
278 2897 27 20 uy
320 2891 129 28 machinery
463 2892 42 22 will
521 2894 62 22 fetch
596 2899 22 17 at

42 2917 56 21 least
106 2917 48 21 10
163 2924 12 14 a
181 2919 38 19 ton
232 2924 58 14 more
302 2917 51 21 than
363 2917 49 23 that
426 2918 68 27 rough
510 2922 108 26 prepared

38 2943 31 27 by
79 2943 37 22 the
125 2943 85 22 natives
239 2944 43 22 and
291 2943 48 22 that
353 2945 18 20 it
387 2945 19 21 is
421 2945 66 22 much
503 2947 38 21 the
556 2956 61 14 more

39 2970 70 27 likely
128 2973 22 18 to
169 2971 102 21 establish
289 2971 33 21 for
341 2971 56 21 New
416 2972 96 22 Zealand
532 2974 57 22 Flax
605 2983 13 14 a

40 2996 129 22 fovourable
178 2997 86 27 footing
272 2997 24 21 in
306 2997 37 21 the
353 2997 94 28 English
456 2999 92 23 market.

69 3024 31 21 As
111 3027 22 17 to
140 3023 58 21 what
205 3024 84 26 maybe
300 3023 36 23 the
343 3028 57 18 most
406 3026 114 27 profitable
526 3028 90 22 method

43 3050 25 21 of
75 3050 117 27 preparing
201 3051 24 26 it,
237 3058 32 14 we
280 3055 82 17 cannot
371 3054 22 18 at
405 3055 89 24 present
504 3054 56 22 offer
574 3062 44 20 any

42 3077 89 27 opinion
139 3084 6 18 ;
161 3079 40 19 not
210 3077 104 27 knowing
323 3080 23 18 at
360 3078 59 22 what
430 3079 59 26 price
505 3080 19 20 it
537 3088 41 14 can
588 3082 28 21 be

40 3100 109 30 prepared
165 3102 27 22 be
212 3103 89 22 Messrs.
320 3103 68 28 Terry
398 3105 44 21 and
457 3105 59 23 Co.'s
532 3114 24 14 or
575 3115 43 20 any

42 3130 63 20 othsr
120 3129 136 27 machinery.
285 3130 32 21 As
332 3133 23 18 to
373 3131 37 21 the
421 3135 46 18 cest
476 3133 25 20 of
514 3133 105 28 bringing

42 3156 38 22 the
89 3156 74 21 native
174 3156 87 22 dressed
266 3156 54 22 fibre
326 3157 46 21 into
382 3157 35 22 the
424 3158 92 27 English
523 3161 94 27 market,

43 3183 37 20 the
90 3182 113 27 following
216 3190 50 20 may
276 3184 28 20 be
315 3183 73 27 taken,
400 3192 23 14 as
438 3192 29 14 an
480 3188 136 25 approxima-

43 3210 47 20 tion
101 3212 22 17 to
134 3208 37 22 the
181 3210 66 20 truth.
277 3210 22 21 It
313 3217 52 20 may
383 3211 26 21 be
423 3211 123 28 purchased
562 3214 57 22 from

41 3236 38 21 the
90 3235 92 22 Natives
192 3243 29 14 on
233 3237 111 25 the.coast,
356 3241 23 17 at
389 3245 46 20 say,
446 3239 46 22 10
503 3247 14 14 a
527 3243 38 19 ton
574 3249 5 19 ;
597 3244 22 19 at

42 3262 43 22 this'
94 3267 54 21 rate,
160 3269 13 14 a
182 3269 60 19 man,
259 3270 25 14 or
298 3270 93 20 woman,
408 3272 24 14 or
449 3272 54 16 even
521 3274 13 14 a
551 3267 66 28 child,

41 3297 42 13 can
94 3295 53 15 earn
158 3290 31 20 Bs.
200 3296 24 14 or
235 3291 42 20 10s.
289 3297 13 13 a
309 3290 70 22 week.
407 3291 45 23 But
459 3289 52 25 'take
523 3294 37 22 the
572 3299 47 18 cost

42 3316 26 21 of
74 3323 14 14 a
98 3319 38 17 ton
146 3314 82 23 landed
237 3319 22 18 at
269 3316 125 26 Auckland,
405 3325 39 20 say
530 3321 48 24 15
606 3324 14 20 0

68 3342 100 26 Packing
177 3342 42 21 and
230 3343 146 27 compressing
384 3344 23 21 in
418 3345 60 22 bales
488 3361 45 7 ....
567 3350 10 20 1
607 3350 12 20 5

68 3368 136 22 Warehouse
214 3373 57 22 rent,
284 3369 44 22 and
337 3370 103 28 shipping
447 3372 91 28 charges
566 3377 11 19 1
607 3377 13 20 0

67 3394 93 28 Freight
169 3395 48 34 (say
222 3395 80 22 double
311 3399 169 26 measurement)
488 3414 44 7 ....
565 3404 14 20 6
607 3404 13 20 0

68 3422 128 26 Insurance,
203 3422 94 27 landing
306 3422 42 22 and
356 3423 63 24 other
428 3432 109 21 expences
563 3430 16 20 2
594 3430 24 20 15

533 3483 48 22 26
608 3486 13 19 0

66 3503 48 22 The
125 3510 92 19 average
226 3502 61 28 price
298 3502 25 21 of
334 3502 95 24 Russian
443 3505 75 29 Hemp
529 3516 52 18 may
591 3510 27 21 be

42 3530 71 22 staled
123 3533 22 18 at
155 3530 47 21 40
211 3537 13 14 a
235 3532 43 19 ton.
306 3529 32 22 To
348 3530 54 26 26,
415 3531 37 22 the
463 3536 46 18 co3t
518 3535 26 21 of
558 3543 13 14 a
581 3539 38 19 ton

42 3557 25 21 of
74 3556 74 22 native
166 3556 89 22 dressed
266 3556 54 22 New
337 3556 99 22 Zealand
446 3558 55 27 Flat,
518 3566 60 18 must
590 3563 29 22 be

44 3583 71 22 added
135 3583 37 22 the
191 3590 96 20 expense
306 3585 22 19 to
344 3583 26 21 be
388 3583 108 24 bestowed
516 3595 28 15 on
564 3589 19 22 it
596 3590 23 21 in

42 3610 104 27 England
164 3613 22 18 to
204 3610 81 21 render
299 3609 18 22 it
334 3610 64 26 equal
414 3611 22 21 in
454 3611 113 26 cleanness
577 3617 42 21 and

40 3643 135 21 appearance
191 3639 23 19 to
234 3636 94 22 Russian
348 3636 83 28 Hemp.
460 3638 116 30 Whether,
596 3650 29 15 as.

39 3670 32 14 wp
83 3663 28 22 all
122 3665 108 25 earnestly
240 3663 64 27 hope,
315 3671 28 14 an
358 3664 113 22 extensive
482 3667 45 21 and
539 3669 82 26 .profit-

40 3690 50 21 able
99 3689 61 22 trade
171 3690 44 21 will
231 3690 84 27 shortly
327 3690 29 21 be
372 3688 122 25 established
501 3693 23 22 in
538 3702 44 15 one
597 3697 26 21 of

39 3716 38 21 the
97 3716 86 22 natural
201 3716 142 28 productions
367 3718 26 21 of
409 3718 43 22 this
471 3719 94 29 Colony,
588 3730 31 14 we

38 3742 66 22 know
122 3744 45 25 not,
184 3742 39 23 but
240 3742 42 23 this
297 3743 66 22 much
380 3752 52 20 may
445 3745 51 23 with
511 3749 72 26 safety
592 3749 27 22 be

40 3769 78 27 stated,
130 3768 47 22 that
186 3768 56 23 Flax
250 3772 23 20 to
283 3769 37 22 the
329 3770 66 24 value
405 3772 26 21 of
437 3773 97 26 50,000
542 3775 44 22 will
593 3776 26 22 be

42 3795 106 27 exported
158 3796 55 21 from
223 3795 44 22 this
277 3796 85 28 Colony
373 3798 25 22 in
409 3798 36 22 the
457 3801 91 27 ensuing
558 3810 60 19 year,

42 3822 45 21 and
97 3822 48 22 that
154 3822 20 21 if
179 3822 37 31 $he
234 3824 135 26 experiment
379 3825 56 22 shall
451 3829 50 19 turn
518 3832 39 18 out
570 3836 49 19 pro-

42 3848 82 26 fitable,
144 3855 59 14 some
222 3848 100 23 hundred
340 3850 122 25 thousands
480 3853 26 22 of
525 3854 93 29 English

42 3873 81 28 capital
134 3874 42 21 will
187 3878 22 18 at
218 3883 55 14 once
289 3876 27 21 be
324 3876 102 25 invested
440 3879 22 22 in
472 3879 37 23 the
520 3883 70 23 trade,

42 3901 110 24 Auckland
162 3902 112 21 Chronicle.

555 39 97 46 arijt
677 39 116 41 Kito
817 39 204 39 Zealand
1047 38 187 46 <2fct?*ite
1259 39 89 37 att*
1374 37 293 45 WlcUwqton
1694 35 251 47 Spectator

1317 2949 116 22 LATEST
1445 2949 161 22 COLONIAL
1622 2950 159 23 MARKETS.

1870 125 210 23 WHOLESALE
2110 125 122 23 PRICES
2266 125 173 24 CURRENT.

1967 162 126 11 CORRECTED
2108 163 26 10 UP
2148 162 30 11 TO
2190 162 57 11 LAST
2263 162 82 11 NIGHT.

2100 3035 117 20 DUTIES.

1873 3058 98 22 British
1981 3058 85 23 Spirits
2277 3062 31 20 4s.
2319 3068 40 21 per
2367 3062 79 27 gallon.

1873 3084 103 23 Foreign
1987 3084 50 23 ditto
2277 3086 31 23 ss.
2319 3095 40 21 per
2366 3088 80 28 gallon.

1873 3112 103 22 Tobacco
1985 3113 169 27 manufactured,
2279 3116 30 20 Is.
2319 3123 40 19 per
2367 3116 32 22 lb.

1984 3139 198 24 Unmanufactured
2278 3141 35 22 9d.
2324 3149 40 20 per
2371 3140 32 24 lb.

1873 3165 73 22 Snuff
2279 3170 30 19 2s.
2319 3176 40 20 per
2366 3169 31 21 lb.

1873 3192 85 22 Cigars
2279 3196 31 20 2s.
2321 3203 40 20 per
2368 3196 32 21 lb.

1873 3218 80 23 Wines
2147 3223 8 19 :
2228 3232 7 9 *
2246 3222 48 21 ..15
2308 3224 106 25 percent.

1873 3245 54 27 Tea,
1941 3247 80 26 Sugar,
2036 3246 86 28 Flour,

1889 3273 45 22 and
1944 3274 62 21 other
2014 3274 84 28 Grain,
2109 3276 13 20 5
2130 3281 39 21 per
2178 3278 57 19 cent.
2249 3270 4 26 I
2299 3290 7 7 ,
2347 3290 7 6 ,

1873 3298 38 23 All
1920 3300 63 22 other
1987 3300 13 23 '
2000 3300 92 23 Foreign
2098 3302 139 26 productions
2248 3290 13 43 f
2281 3290 28 21 ad

1886 3326 44 21 and
1934 3326 161 25 manufactures
2103 3329 69 26 lOper
2178 3331 57 20 cent.
2241 3322 13 33 J

2067 3354 183 24 EXCHANGE.

1873 3393 67 22 Bank
1947 3394 51 22 bills
2007 3400 24 15 on
2041 3394 93 23 London
2165 3382 16 39 -f
2188 3384 27 20 30
2225 3384 61 23 &60
2298 3385 28 23 da
2325 3392 16 21 y
2341 3394 12 14 s
2435 3388 11 20 2

1877 3432 14 8 .
1917 3434 12 2 _
1953 3434 7 6 ,
2172 3413 10 23 L
2214 3417 40 20 per
2265 3416 59 18 cent,
2334 3420 112 20 premium.

1873 3432 131 36 OnSydney
2283 3439 72 23 Ditto.

1873 3459 87 23 Private
1969 3460 47 22 bills
2258 3465 115 21 Nominal.

1893 3517 38 17 The
1942 3518 48 17 New
2000 3518 94 17 Zealand
2104 3520 90 18 Gazette
2200 3523 36 16 and
2248 3523 134 19 Wellington
2394 3524 52 16 Spec-

1872 3542 64 12 tator
1940 3543 16 11 is
1962 3539 92 20 puDlished
2060 3544 54 17 every
2121 3542 110 20 Wednesday
2241 3544 38 17 and
2288 3545 93 17 Saturday.
2403 3544 43 17 Sub-

1869 3558 62 20 joined
1938 3563 31 13 are
1975 3560 30 16 the
2011 3561 52 15 terms
2067 3565 4 12 :

1892 3579 63 18 Pwoe
1962 3584 24 13 op
1992 3584 36 13 the
2035 3580 96 19 Papbe.
2130 3583 54 21 Forty
2189 3584 85 21 shillings
2279 3590 33 16 per
2321 3590 85 15 annum,-*
2410 3591 8 11 1
2421 3591 9 14 1

1871 3601 39 16 able
1916 3601 21 16 in
1943 3601 76 17 advance
2023 3606 4 14 ;
2038 3606 20 12 or
2064 3606 36 13 one
2106 3603 73 22 shilling
2184 3605 28 17 for
2217 3605 60 21 single
2283 3608 92 16 numbert.

1892 3621 150 17 Advertisements
2093 3625 31 16 not
2129 3629 66 17 appear
2202 3625 21 17 in
2234 3626 33 17 the
2275 3631 79 16 ensuing
2364 3626 74 17 number

1871 3642 17 15 if
1896 3643 82 15 received
1984 3643 41 16 later
2031 3643 45 17 than
2087 3645 21 16 10
2115 3645 70 21 o'clock,
2193 3651 48 16 a.m.,
2248 3651 24 13 on
2279 3648 31 16 the
2317 3648 89 19 mornings
2413 3647 31 16 bo

1871 3662 37 16 fore
1921 3662 114 21 publication.
2055 3664 155 20 Advertisements
2222 3667 39 17 -will
2272 3669 21 16 be
2305 3668 95 17 continued
2407 3667 35 16 and

1872 3684 77 19 charged
1959 3684 48 16 until
2014 3686 161 21 counter-ordered;
2185 3688 47 17 such
2236 3688 54 17 order
2296 3690 50 15 must
2352 3690 21 15 be>
2379 3689 41 15 sent
2427 3688 17 15 to

1862 3709 2 12 i
1872 3704 31 15 the
1912 3704 55 17 Office
1978 3707 35 14 two
2027 3705 44 21 days
2089 3707 59 18 before
2158 3709 117 20 publication,
2286 3710 37 16 and
2333 3711 48 15 moit
2390 3709 21 16 be
2423 3707 19 17 in

1871 3725 78 20 writing.
1973 3725 150 20 Advertisements
2134 3729 81 17 received
2233 3730 53 20 after
2302 3730 22 17 10
2338 3730 66 17 o'clock
2420 3733 22 11 on

1872 3745 82 21 Tuesday
1965 3745 39 18 and
2011 3746 63 22 Priday
2084 3749 91 21 mornings
2185 3749 38 19 mil
2232 3751 23 16 be
2266 3751 77 21 charged
2354 3750 50 17 twioe
2411 3749 31 16 the

1872 3765 52 17 usual
1929 3767 54 16 rates.

1892 3786 30 17 All
1928 3787 67 19 orders,
2004 3787 151 23 advertisements,
2166 3790 36 17 and
2212 3791 162 17 communications
2385 3792 19 14 to
2414 3789 29 17 th

1872 3807 69 20 Editor,
1947 3812 30 13 are
1983 3809 91 19 requested
2079 3812 20 14 to
2105 3811 22 16 be
2132 3810 97 17 addressed
2234 3812 19 15 to
2258 3812 40 16 this
2303 3812 62 20 Office,

1872 3853 75 18 Printed
1959 3853 37 18 and
2007 3854 94 20 published
2117 3860 52 16 every
2185 3855 113 23 Wednesday
2312 3857 38 17 and
2360 3854 84 20 Saturday

1893 3874 89 21 morning,
1995 3874 21 20 by
2032 3875 84 18 Samuel
2129 3877 86 18 Revam,
2232 3879 19 15 at
2266 3878 32 16 the
2313 3878 53 17 Office
2382 3874 20 18 of
2411 3876 30 15 toe

1893 3894 49 17 New
1955 3895 93 17 Zealand
2058 3896 90 18 Gazette
2159 3902 42 12 and
2213 3897 135 17 Wellington
2364 3898 71 16 Specta

1893 3919 43 15 tok,
1948 3916 150 21 Mannen-street,
2107 3918 112 21 Wellington,
2232 3918 43 17 Port
2288 3918 101 18 Nicholson,
2402 3915 42 17 Ne*

1893 3936 84 18 Zealand.

1439 3014 100 18 NELSON,
1552 3014 66 17 April
1627 3015 27 16 29.

1485 3039 16 12 g.
1524 3034 19 16 d.
1786 3040 16 14 t,
1823 3036 19 17 d.

1258 3057 47 18 First
1310 3057 52 17 flour,
1371 3059 29 17 per
1407 3056 32 15 ton
1450 3055 19 16 21
1492 3056 10 15 0
1525 3055 9 16 0
1564 3055 52 19 Pork,
1624 3060 32 15 per
1663 3055 17 17 lb
1769 3058 10 15 0
1801 3058 10 15 0
1832 3059 10 15 8

1258 3078 62 18 Bread,
1327 3081 31 16 per
1362 3076 40 16 4-lb.
1415 3076 38 16 loaf
1462 3077 10 15 0
1492 3076 42 16 010
1563 3076 56 16 Fresh
1627 3077 65 18 butter,
1700 3077 52 17 ditto.
1769 3079 10 15 0
1800 3079 11 15 2
1832 3080 10 14 0

1258 3099 47 18 Beef,
1313 3102 32 16 per
1351 3097 18 16 lb
1461 3097 10 16 0
1492 3098 10 15 0
1524 3097 10 16 0
1563 3096 89 20 Potatoes,
1659 3102 32 16 per
1698 3099 31 15 ton
1741 3110 16 5 ...
1769 3100 10 14 5
1801 3100 10 15 0
1832 3100 10 15 0

1258 3120 78 18 Mutton,
1343 3118 45 16 ditto
1461 3119 9 15 0
1491 3118 10 16 0
1524 3118 9 15 9
1562 3118 49 16 Irish
1615 3119 46 20 pork
1665 3123 31 16 per
1701 3120 58 15 barrel
1769 3121 10 15 5
1801 3121 10 15 5
1832 3121 10 16 0

1257 3172 58 18 Flour,
1324 3175 32 16 per
1362 3171 31 15 ton
1448 3170 20 16 25
1490 3171 10 15 0
1521 3170 10 16 0

1257 3193 61 18 Bread,
1323 3191 42 17 4-lb.
1369 3191 36 15 loaf
1458 3191 11 15 0
1491 3192 7 14 1
1523 3191 9 17 Q

1257 3214 67 18 Butter,
1332 3212 53 19 fresh,
1393 3216 31 16 per
1431 3211 17 17 1b
1459 3213 10 15 0
1490 3212 12 16 4
1523 3212 9 15 0

1257 3234 47 18 Beef,
1312 3237 32 16 per
1352 3232 18 16 lb
1459 3234 11 15 0
1490 3234 10 14 0
1523 3233 9 15 0

1257 3255 76 18 Mutton,
1343 3253 44 16 ditto
1459 3254 11 16 0
1490 3254 11 15 0
1523 3253 9 16 0

1566 3143 75 16 March
1653 3145 26 15 25.

1561 3170 53 19 Pork,
1622 3171 57 20 perlb
1768 3173 10 16 0
1801 3173 9 16 0
1832 3174 10 15 5

1561 3191 53 20 Lard,
1622 3192 46 16 ditto
1768 3194 10 15 0
1801 3194 10 16 0
1832 3195 9 15 5

1563 3212 52 19 Pork,
1624 3213 40 18 salt,
1671 3217 33 16 per
1710 3215 32 14 ton
1759 3214 20 16 35
1801 3215 11 16 0
1832 3216 10 15 0

1562 3232 65 20 Maize,
1634 3236 32 18 per
1669 3234 65 16 bushel
1740 3246 17 5 ...
1768 3236 11 15 0
1801 3236 9 16 3
1832 3236 9 16 6

1562 3253 88 20 Potatoes,
1658 3259 32 14 per
1697 3257 31 14 ton
1740 3266 18 7 ...
1768 3257 10 15 6
1801 3257 10 16 0
1832 3258 9 15 0

1444 3285 105 20 SYDNEY,
1560 3285 67 17 Apart
1638 3287 15 16 6.

1257 3311 47 17 First
1311 3311 50 18 flour,
1370 3311 29 15 100
1403 3309 45 17 1b....
1460 3311 42 15 015
1524 3311 10 15 0
1563 3311 71 19 Butter,
1639 3312 55 19 fresh,
1699 3316 33 16 per
1734 3312 24 17 lb.
1770 3314 10 16 0
1801 3314 11 17 2
1833 3314 10 17 3

1257 3332 69 20 Barley,
1333 3335 32 16 per
1372 3330 62 18 bushel
1460 3332 11 15 0
1491 3332 12 15 4
1524 3332 10 15 0
1563 3332 49 19 Beef,
1622 3332 45 17 ditto
1677 3337 28 12 ...;
1770 3335 10 16 0
1802 3336 10 15 0
1833 3335 12 16 4

1257 3354 48 18 Oats,
1313 3352 46 16 ditto
1431 3359 17 9 >..
1460 3353 10 15 0
1491 3353 11 15 5
1523 3353 10 15 0
1563 3352 80 20 Mutton,
1651 3353 45 17 ditto
1769 3356 11 16 0
1801 3354 11 18 D
1832 3356 13 16 4

1257 3373 68 19 Wheat,
1333 3372 78 19 V.D.L.,
1420 3372 29 17 do.
1460 3373 11 16 0
1491 3373 11 16 6
1524 3373 9 15 S
1563 3372 54 20 Pork,
1625 3374 46 17 ditto
1770 3377 10 15 0
1802 3377 10 15 0
1834 3377 19 16 7.

1257 3394 62 19 Bread,
1327 3397 32 17 per
1365 3392 41 17 4-lb.
1413 3392 38 18 loaf
1460 3394 11 16 0
1491 3394 11 16 0
1523 3393 10 17 7
1562 3394 40 19 Ale,
1606 3394 74 20 bottled,
1685 3396 73 19 perdoz.
1769 3398 43 15 010
1832 3399 11 15 0

1257 3416 87 17 Potatoes,
1350 3418 32 16 per
1386 3415 39 15 cwt.
1431 3415 40 16 ..r0
1482 3415 20 16 12
1523 3415 10 15 0
1562 3414 69 20 Porter,
1640 3415 52 17 ditto,
1700 3416 52 18 ditto.
1770 3419 42 15 010
1832 3420 11 15 0

1256 3466 48 17 Frist
1310 3465 52 18 flout,
1370 3464 30 16 100
1405 3463 35 17 lbs.
1460 3464 11 16 0
1483 3465 19 15 15
1523 3465 11 15 0

1256 3487 95 16 American
1356 3485 22 16 do
1384 3484 17 21 p'
1405 3485 37 16 barl
1445 3496 4 5 .
1461 3485 41 16 13
1523 3486 11 16 0

1257 3508 42 16 Oats
1306 3510 33 17 per
1347 3505 61 17 bushel
1461 3506 10 16 0
1492 3507 11 15 3
1523 3507 11 16 6

1256 3528 69 19 Wheat,
1334 3527 22 16 V.
1363 3526 50 20 D.1.,
1421 3526 28 17 do.
1460 3527 10 16 0
1491 3527 12 16 4
1523 3529 10 14 6

1558 3439 12 19 i,
1583 3439 66 18 April
1660 3442 25 15 12.

1563 3464 64 21 Bread,
1634 3466 43 17 4-lb.
1685 3466 39 17 10af
1729 3478 4 6 .
1741 3480 17 5 ...
1769 3470 11 15 o
1802 3470 10 15 0
1833 3468 10 16 8

1562 3485 49 18 Irish
1617 3487 51 20 pork,
1675 3492 34 16 per
1715 3489 44 16 barl.
1769 3491 11 15 3
1792 3491 20 15 10
1833 3489 11 15 0

1562 3506 50 18 Mess
1616 3508 47 19 beef,
1669 3513 32 16 per
1705 3509 54 17 tierce
1769 3511 10 16 3
1791 3512 20 16 15
1833 3511 11 15 0

1562 3527 58 21 Sugar
1623 3529 73 20 refined,
1701 3534 18 14 p.
1724 3532 34 15 cwt
1769 3532 10 15 2
1791 3532 21 16 10
1833 3532 10 16 0

1428 3557 129 20 ADELAIDE,
1569 3558 76 18 March
1656 3561 15 16 3.

1256 3584 59 19 Flour,
1324 3587 32 18 per
1362 3584 31 16 ton
1450 3584 20 15 16
1491 3584 10 16 0
1523 3584 10 15 0
1562 3584 50 20 Beef,
1620 3589 32 16 per
1659 3585 18 18 lb
1769 3589 11 16 0
1802 3589 10 16 0
1833 3590 10 16 3

1256 3605 69 19 Wheat,
1336 3608 31 16 per
1374 3603 63 17 bushel
1461 3605 10 15 0
1491 3605 12 15 4
1524 3605 10 15 3
1563 3605 80 21 Mutton,
1650 3606 45 17 ditto
1769 3610 10 15 0
1802 3610 9 15 0
1833 3612 10 15 3

1257 3626 68 20 Barley,
1334 3625 45 16 ditto
1461 3625 10 16 0
1492 3626 12 15 4
1524 3626 10 15 6
1564 3625 89 21 Potatoes,
1661 3632 32 16 per
1697 3629 61 17 cwt....
1769 3631 10 15 0
1802 3630 10 16 7
1833 3632 10 16 6

1257 3647 48 19 Oats,
1313 3646 46 17 ditto
1461 3647 11 15 0
1493 3646 10 16 7
1525 3646 9 16 6
1564 3646 57 18 Fresh
1627 3648 67 20 butter,
1701 3650 57 19 perlb.
1770 3652 11 15 0
1803 3653 41 16 10

1257 3667 63 19 Bread,
1327 3667 43 16 4-lb.
1377 3666 36 17 loaf
1431 3678 18 5 ...
1461 3667 10 16 0
1493 3667 10 16 0
1525 3667 9 16 6
1564 3667 64 21 Maize,
1636 3673 32 15 per
1675 3670 84 18 bushel...
1770 3672 10 16 0
1803 3673 9 15 8
1833 3674 11 14 6

1392 3699 100 17 HOBART
1503 3699 78 20 TOWN,
1592 3700 77 19 March
1680 3703 27 16 31.

1257 3726 69 19 Wheat,
1333 3730 33 16 per
1371 3725 63 16 bushel
1444 3737 4 4 .
1460 3726 11 16 0
1491 3726 11 15 S
1523 3725 12 16 4
1547 3725 4 16 I
1563 3725 48 17 First
1618 3727 51 20 flour,
1676 3732 34 17 per
1716 3730 32 16 ton
1761 3730 21 16 14
1803 3732 10 15 0
1833 3732 11 15 0

1257 3748 40 18 Oat,
1304 3747 46 16 ditto
1460 3747 11 16 0
1491 3747 12 15 4
1524 3747 10 15 0
1563 3746 89 22 Potatoes,
1660 3749 47 17 ditto
1770 3752 10 16 6
1802 3753 11 15 0
1833 3753 11 15 0

1257 3768 69 20 Barley,
1334 3766 79 21 English,
1422 3767 28 17 do.
1462 3768 10 15 0
1492 3768 11 15 5
1524 3768 9 15 6
1546 3764 5 23 j
1564 3767 89 22 Shingles,
1662 3774 31 17 per
1698 3771 61 17 1000...
1770 3773 11 15 0
1802 3773 10 16 8
1833 3774 10 15 C

1411 3800 163 20 LAUNCESTON,
1586 3800 77 19 March
1672 3803 16 16 2.

1257 3826 44 17 Fine
1308 3825 51 19 flour,
1368 3825 30 16 100
1401 3824 48 18 lbs...
1462 3826 40 16 016
1524 3826 9 15 0
1564 3826 53 20 Pork,
1625 3829 33 18 pet
1663 3827 19 17 lb
1769 3831 11 16 0
1801 3832 11 16 0
1833 3833 10 16 6

1333 3850 33 16 per
1372 3846 63 16 bushel
1492 3848 10 14 5
1525 3848 9 15 0
1563 3847 49 17 Irish
1619 3848 51 20 pork,
1677 3853 33 16 per
1714 3850 45 17 barl.
1770 3852 9 15 5
1801 3854 11 12 o
1834 3854 10 12 n

1252 3867 69 21 Barley
1335 3866 45 17 ditto
1461 3868 10 16 0
1493 3869 10 15 5
1525 3868 10 16 0
1564 3867 51 21 Beef,
1625 3873 32 16 per
1664 3869 54 18 tierce
1771 3873 10 15 8
1796 3874 17 16 ,8
1834 3875 10 15 0

1257 3888 43 17 Oats
1462 3890 11 15 0
1492 3889 12 16 4
1523 3889 11 15 2
1564 3889 89 21 Potatoes,
1660 3894 32 17 per
1699 3893 60 17 cwt....
1770 3894 11 15 0
1803 3894 9 16 8
1833 3896 11 15 0

1253 3909 49 16 3eef
1460 3911 10 16 0
1491 3911 10 15 0
1523 3911 10 15 6
1563 3910 64 20 Bread,
1635 3911 43 17 4-lb.
1685 3911 40 17 loaf
1732 3923 27 7 ....
1770 3914 10 16 0
1802 3916 11 15 0
1833 3917 10 15 6

1257 3929 73 17 Mutton
1457 3931 10 15 0
1488 3930 44 16 02
1562 3931 48 17 Irish
1617 3932 65 20 butter,
1691 3937 32 18 per
1729 3933 24 18 Ib.
1770 3935 10 15 0
1803 3936 9 15 2
1834 3937 9 15 0

2198 195 16 11 x>
2237 195 16 10 i.
2277 195 18 10 v.
2350 195 16 10 *>
2429 195 10 11 a

1869 217 51 21 Ale
1928 224 5 14 :
1947 223 39 21 per
1994 215 43 23 lthd
2200 219 13 21 7
2241 219 14 19 0
2281 219 51 19 0..
2351 217 14 21 7
2391 217 13 21 7
2433 220 13 18 0

2038 250 39 19 per
2083 243 97 22 barrel..
2197 244 13 20 5
2239 245 15 19 0
2281 245 14 19 0
2313 257 18 6 ..
2350 245 14 19 G
2392 245 15 19 0
2433 247 13 17 0

2039 276 38 19 per
2087 269 38 22 doz
2201 271 13 20 0
2229 271 28 19 13
2284 271 14 19 0
2315 283 19 7 ..
2353 272 14 18 0
2382 269 26 21 14
2434 273 14 18 0

1870 295 97 22 Arrack
1975 302 5 15 :
1996 294 38 23 Per
2042 295 44 26 gal.
2096 295 23 22 in
2127 296 60 21 bond
2201 297 14 20 0
2243 297 12 19 1
2283 297 15 19 9
2315 310 6 6 .
2328 310 6 5 .
2352 297 14 19 0
2394 297 14 19 2
2436 301 13 18 0

1869 321 78 22 Bread
1956 329 5 14 :
1976 321 39 21 Per
2023 321 44 22 21b.
2078 321 48 22 loaf
2203 324 14 19 0
2242 324 16 19 0
2285 323 83 19 5..0
2395 323 15 19 0
2435 325 13 18 0

1869 348 73 22 Beef:
1958 347 71 27 Fresh,
2048 354 86 15 carcase
2150 355 39 20 per

1985 374 20 20 lb
2096 374 85 24 :.....
2199 377 13 19 0
2240 375 13 19 0
2269 376 27 20 10
2314 388 19 6 ..
2352 377 14 19 0
2394 375 14 19 0
2433 377 13 18 0

1975 400 49 26 Salt,
2034 407 40 19 per
2087 400 65 22 tierce
2166 415 4 6 .
2178 415 5 6 .
2201 402 14 20 0
2242 403 15 19 0
2283 402 14 20 0
2314 415 6 6 .
2327 415 6 6 .
2354 402 14 20 6
2396 402 14 19 0

1869 426 94 23 Butter
1971 435 5 13 :
1993 426 60 26 Irish,
2062 434 41 20 per
2110 426 29 23 lb.
2164 441 5 6 .
2176 441 7 6 .
2201 429 14 19 0
2243 427 12 20 1
2283 428 14 20 2
2315 441 5 6 .
2328 441 5 6 .
2352 429 14 19 0
2396 428 10 19 1
2434 428 14 20 3

1989 452 64 22 Fresh
2203 455 14 19 0
2244 455 15 19 2
2286 454 13 20 6
2316 467 20 6 ..
2354 455 14 20 0
2394 454 16 19 3
2436 455 13 19 0

1869 485 81 16 Brand
1955 487 11 14 i
1973 488 5 13 :
1993 478 54 23 First
2053 479 90 27 quality,
2152 487 38 19 per

2012 505 76 27 gallon
2097 506 22 21 in
2128 506 61 21 bond
2201 507 14 20 0
2243 507 15 20 6
2284 508 14 19 0
2316 520 6 6 .
2329 520 6 6 .
2352 508 15 19 0
2395 506 14 21 8
2434 508 14 19 G

1869 532 86 22 Brown
1974 532 69 22 Stout
2050 539 5 14 :
2079 539 39 20 per
2130 532 53 21 hhd.
2198 533 56 20 610
2280 534 37 19 0.
2324 547 7 6 .
2353 533 56 21 710
2436 534 12 19 0

1870 560 99 21 Cigars:
1980 558 97 27 Manilla,
2086 566 37 20 per
2128 560 59 26 1000,
2203 560 13 19 3
2244 560 14 20 0
2284 560 51 20 0..
2352 560 14 19 5
2395 559 14 20 0
2436 561 13 18 0

1977 584 91 27 Inferior
2201 586 15 20 0
2244 586 14 20 0
2284 587 51 20 0..
2353 588 13 19 0
2394 586 15 19 0
2435 587 13 18 0

1978 610 130 27 Havannah,
2113 618 38 20 per
2157 611 31 22 lb.
2223 618 60 15 none
2315 612 51 21 ..0
2394 611 15 20 0
2436 614 12 18 0

1976 637 162 27 Chinsurahper
2144 639 52 20 1000
2203 638 11 20 1
2231 638 27 21 10
2285 640 13 19 0
2316 652 19 6 ..
2353 640 13 19 0
2394 638 14 19 0
2435 640 13 18 0

1976 663 149 24 Alexandrian
2202 666 13 19 0
2243 666 15 19 0
2284 665 82 20 0..0
2394 664 14 20 0
2435 666 13 19 0

1869 692 88 21 Coffee
1964 699 5 14 :
1980 690 59 26 Java,
2050 698 40 20 per
2097 690 22 23 11)
2203 692 13 20 0
2244 692 14 19 0
2284 692 14 19 6
2316 705 5 6 .
2329 705 6 6 .
2352 692 14 20 0
2394 691 14 19 0
2435 692 14 19 9

1869 718 102 22 Cheese:
1987 716 101 23 Cheshire
2203 719 12 19 0
2244 718 13 19 1
2284 718 82 21 6..0
2396 716 10 21 1
2436 718 12 19 9

1985 744 51 21 Pine
2045 744 74 27 Apple
2203 746 13 19 0
2243 746 15 19 0
2284 746 82 19 0..0
2395 743 11 19 1
2434 744 14 19 2

1985 770 71 22 Dutch
2203 771 14 20 0
2244 772 14 20 0
2273 772 25 19 10
2316 785 19 6 ..
2353 772 14 20 0
2395 770 11 19 1
2435 772 14 19 0

1870 798 104 21 Candles
1982 803 5 14 :
1994 796 89 27 English
2091 804 53 20 wax,
2151 805 39 19 per

2008 823 21 22 lb
2202 825 13 20 0
2243 825 14 20 3
2283 826 15 19 0
2316 838 18 5 ..
2353 826 13 19 0
2394 824 14 20 3
2436 825 13 18 6

1998 849 76 22 Mould
2201 852 13 19 0
2243 851 12 18 1
2283 852 14 19 0
2316 864 18 5 ..
2352 852 14 19 0
2394 850 14 20 0
2435 851 13 19 0

2000 875 51 27 Dips
2202 878 13 19 0
2243 878 15 19 0
2283 878 15 18 0
2315 890 20 5 ..
2353 878 13 19 0
2395 877 14 19 0
2436 878 13 18 0

1870 902 93 23 Flour:
1973 902 125 27 lstquality,
2109 906 80 23 perton

1994 929 21 20 of
2024 929 55 20 2000
2088 929 32 21 lbs
2189 930 26 19 22
2230 930 28 19 10
2284 930 14 20 0
2316 930 50 20 ..25
2395 930 13 19 0
2436 930 14 19 0

1968 955 105 22 2ndditto
2190 956 25 19 15
2243 956 15 20 0
2284 956 14 20 0
2316 957 50 20 ..18
2394 956 14 20 0
2435 958 13 18 0

1870 982 63 21 Flax
1940 989 5 14 :
1961 982 28 22 N.
2000 982 22 21 Z.
2032 989 38 20 per
2080 985 37 18 ton
2140 996 43 6 ....
2190 982 25 21 15
2244 982 14 20 0
2284 984 14 19 0
2316 996 6 6 .
2329 997 6 5 .
2353 984 13 19 0
2394 983 14 20 0
2434 984 14 19 0

1971 1008 125 22 onboard
2096 1008 114 27 pressedl7
2239 1010 14 19 0
2280 1011 13 18 0
2312 1023 19 6 ..
2349 1010 13 20 0
2390 1010 13 19 0
2431 1010 13 19 0

1872 1036 59 21 Gin:
1951 1035 52 22 Pale
2016 1036 24 20 in
2049 1034 61 22 bond
2203 1036 12 20 0
2243 1036 14 20 3
2283 1037 14 20 0
2315 1050 18 6 ..
2351 1038 13 19 0
2392 1036 16 20 4
2433 1037 13 19 0

1921 1062 61 27 Case,
1989 1061 52 26 4gal
2050 1062 37 20 4-5
2096 1062 23 21 in
2126 1062 61 21 bond
2202 1062 10 20 1
2243 1063 13 20 8
2283 1064 14 19 0
2315 1076 18 6 ..
2353 1063 10 19 1
2380 1062 28 20 10
2435 1064 13 18 0

1872 1087 80 23 Hams:
1968 1087 122 28 Yorkshire,
2105 1088 82 27 perlb.
2203 1090 12 19 0
2244 1089 12 20 1
2284 1090 14 19 0
2315 1103 18 6 ..
2353 1092 13 18 0
2396 1089 28 19 1..
2435 1090 13 19 2

1870 1114 113 23 Mustard
1991 1122 5 14 :
2009 1115 41 21 Per
2058 1114 69 22 dozen
2202 1116 14 20 0
2231 1115 26 21 18
2284 1117 83 20 0..0
2395 1116 14 19 0
2436 1116 14 20 0

1870 1141 113 23 Mutton:
2004 1141 89 22 Carcase
2102 1149 38 20 per
2148 1140 23 23 lb
2182 1158 5 5 .
2203 1144 13 19 0
2243 1143 15 19 0
2284 1143 14 19 9
2316 1156 18 6 ..
2353 1144 13 19 0
2394 1141 14 21 0
2422 1141 25 20 11

1870 1168 121 22 Muskets:
2005 1167 90 22 Walnut
2101 1168 89 21 stocked
2203 1170 14 19 0
2244 1170 14 18 O
2284 1170 14 19 0
2316 1183 19 5 ..
2354 1170 13 19 0
2396 1170 13 18 0
2437 1170 13 19 0

1871 1195 77 21 Milk:
1964 1195 92 26 Perpint
2203 1196 12 20 0
2244 1195 13 20 0
2284 1195 13 20 3
2316 1209 19 5 ..
2353 1196 13 20 0
2394 1196 14 19 0
2435 1196 14 20 4

1871 1221 92 22 Maize:
1978 1228 35 21 per
2022 1221 78 21 bushel
2203 1223 12 19 0
2243 1220 14 22 7
2284 1223 83 19 0..0
2396 1222 12 20 0
2436 1223 13 19 0

1871 1248 56 22 Oil:
1943 1247 98 25 Linseed,
2050 1255 41 19 per
2099 1247 73 27 gallon
2182 1263 6 6 .
2203 1249 12 19 0
2244 1247 14 21 7
2285 1249 13 19 0
2317 1263 4 5 .
2330 1263 5 5 .
2355 1249 54 21 010
2436 1250 14 18 O

1945 1274 70 27 Black,
2020 1274 24 21 in
2049 1273 169 28 cask,perton24
2246 1275 14 19 0
2286 1275 14 19 0
2317 1289 20 5 ..
2354 1277 14 19 0
2396 1276 14 18 0
2436 1278 12 16 0

1979 1301 72 26 Sperm
2199 1303 12 19 0
2240 1301 12 19 0
2281 1301 12 19 0
2312 1315 19 6 ..
2350 1303 13 19 0
2392 1301 12 19 0
2434 1304 11 16 0

1871 1327 75 22 Pork:
1962 1327 70 26 Fresh,
2048 1334 88 14 carcase
2152 1334 39 21 per

1985 1353 21 21 lb
2201 1355 13 19 0
2242 1356 14 19 0
2283 1355 50 19 5..
2351 1357 13 19 0
2393 1356 13 19 0
2434 1358 12 18 0

1870 1380 65 22 Pork
1942 1388 5 14 :
1964 1379 59 28 Irish,
2034 1386 40 20 per
2082 1379 72 23 barrel
2166 1395 5 5 .
2178 1395 6 6 .
2203 1381 14 20 4
2244 1383 14 19 0
2285 1383 13 19 0
2317 1396 6 5 .
2330 1396 6 6 .
2354 1382 12 20 5
2394 1381 14 21 5
2436 1384 14 18 0

1871 1407 128 23 Potatoes:
2016 1409 55 19 New
2085 1406 104 28 Zealand,

2041 1440 39 19 per
2089 1437 35 17 ton
2201 1435 15 19 4
2243 1436 15 19 0
2285 1435 82 22 0..7
2395 1437 13 19 0
2436 1438 13 18 0

1871 1460 93 22 Porter
1973 1468 5 14 :
2006 1459 97 28 Dunbar,
2114 1461 22 21 in
2143 1461 46 21 hot.

2030 1494 40 19 per
2080 1487 40 21 doz
2202 1489 13 19 0
2243 1489 13 19 0
2283 1490 81 20 0..0
2393 1490 13 20 0
2436 1492 13 18 0

1977 1513 79 27 Bryant
2066 1513 45 22 and
2119 1514 68 21 Davis
2201 1516 13 18 0
2243 1517 14 17 0
2284 1517 14 19 0
2315 1529 18 5 ..
2352 1517 14 19 0
2394 1517 14 19 0
2435 1519 13 17 0

1870 1539 98 23 Pickles
1978 1548 5 14 :
2011 1541 113 26 Assorted,
2151 1548 39 19 per

2036 1566 57 26 doz.,
2116 1570 73 24 quarts
2205 1568 10 19 1
2246 1569 11 18 1
2285 1569 13 20 0
2317 1583 19 5 ..
2356 1570 9 20 1
2382 1570 27 20 10
2436 1571 14 17 O

1871 1593 72 22 Pitch
1956 1602 5 12 :
1993 1593 130 27 Stockholm,
2152 1601 39 20 per

2013 1620 81 22 barrel.
2203 1622 14 20 0
2244 1623 14 19 0
2284 1623 14 21 0
2316 1636 19 6 ..
2354 1624 11 18 1
2394 1623 14 20 5
2436 1626 13 18 0

1870 1645 79 23 Plank
1959 1655 5 13 :
1990 1646 50 22 Port
2062 1646 127 28 Nicholson,

2013 1680 38 21 per
2061 1675 40 20 100
2110 1674 43 21 feet
2166 1689 17 5 ..
2203 1676 13 19 0
2230 1676 27 20 10
2284 1677 14 20 0
2315 1690 18 6 ..
2352 1678 13 19 0
2380 1677 27 20 12
2434 1678 12 19 0

1870 1699 68 22 Rice:
1952 1701 103 21 Common
2064 1708 40 19 per
2110 1704 46 18 cwt.
2167 1716 18 6 ..
2203 1703 14 19 0
2244 1704 14 18 0
2284 1704 14 19 0
2315 1717 19 6 ..
2352 1705 14 19 0
2381 1704 26 20 10
2435 1706 12 18 0

1951 1726 62 22 Good
2203 1729 10 19 1
2243 1730 15 20 4
2285 1731 49 19 0..
2354 1730 10 21 I
2381 1731 27 19 10
2435 1732 13 19 0

1870 1753 54 21 Rum
1932 1761 5 13 :
1954 1755 24 21 P.
1989 1753 22 21 B.
2021 1753 33 26 P.,
2069 1761 39 20 per
2117 1754 72 27 gallon

1990 1779 20 22 in
2022 1780 61 22 bond
2202 1783 13 19 0
2243 1783 13 20 3
2284 1783 12 19 0
2315 1797 18 6 ..
2352 1784 13 20 0
2392 1784 14 20 5
2434 1786 12 18 0

1870 1805 88 23 Sugar:
1975 1806 113 22 Mauritius
2097 1814 38 20 per
2142 1812 47 18 cwt.
2204 1810 14 19 0
2245 1811 15 19 0
2286 1811 50 20 0..
2369 1816 57 15 none

1977 1833 75 22 Brown
2066 1833 54 22 ditto
2201 1836 10 20 1
2240 1837 13 19 2
2281 1837 80 20 0..1
2391 1837 13 21 8
2433 1840 13 19 0

1977 1860 90 22 Refined
2082 1861 52 26 loaf,
2150 1869 40 20 per

2001 1887 19 21 lb
2202 1891 13 18 0
2243 1891 14 19 0
2284 1889 13 22 7
2315 1904 18 6 ..
2352 1892 13 19 0
2392 1891 14 20 0
2434 1892 13 19 8

1978 1913 89 22 Manilla
2087 1921 37 19 per
2137 1918 47 18 cwt.
2201 1917 9 19 1
2241 1917 13 19 0
2282 1918 13 19 0
2313 1931 18 6 ..
2352 1918 9 20 1
2392 1918 12 19 G
2432 1919 12 19 0

1869 1939 59 21 Salt
1936 1947 5 13 :
1957 1940 120 26 Liverpool,
2087 1948 39 18 per
2135 1945 38 17 ton
2180 1944 35 18 .0
2243 1944 13 18 0
2283 1945 14 18 0
2315 1957 5 6 .
2327 1957 6 5 .
2352 1945 14 18 0
2392 1945 14 18 0
2434 1946 12 18 0

1869 1965 59 21 Soap
1936 1973 6 13 :
1969 1965 96 22 Hawes's
2088 1966 100 27 London,

1994 1998 33 20 per
2035 1995 38 17 ton
2187 1995 26 19 20
2241 1995 14 19 0
2283 1996 13 18 0
2314 2007 5 6 .
2327 2007 5 6 .
2338 1995 26 19 23
2394 1995 18 18 0'
2435 1997 12 17 0

1985 2017 114 27 Liverpool
2189 2019 24 20 16
2243 2021 13 18 0
2283 2021 14 19 0
2314 2021 50 19 ..18
2394 2020 11 18 0
2434 2022 13 19 0

1869 2043 103 22 Starch:
1988 2043 68 22 Perlb
2203 2046 13 19 0
2244 2047 14 19 0
2285 2047 13 19 9
2316 2060 19 6 ..
2353 2047 13 20 0
2395 2047 11 21 1
2436 2049 12 18 0

1869 2070 140 22 Scantling:
2023 2070 41 22 Per
2072 2072 40 20 100
2119 2072 66 21 feet..
2204 2073 13 19 0
2246 2073 13 19 8
2285 2074 14 19 0
2317 2087 5 5 .
2330 2087 5 5 .
2354 2073 54 21 012
2436 2076 12 18 0

1870 2097 126 22 Shingles:
2011 2097 39 21 Per
2057 2098 61 26 1000,
2126 2098 28 21 N.
2162 2098 26 22 Z.
2203 2099 13 19 0
2244 2099 14 20 9
2285 2101 81 19 0..0
2382 2101 26 19 12
2436 2104 11 17 0

1992 2124 71 26 'Ditto,
2086 2124 28 21 V.
2124 2125 27 21 D.
2162 2124 27 22 L.
2203 2125 13 20 0
2244 2126 14 20 0
2286 2127 14 19 0
2317 2140 5 6 .
2330 2140 5 6 .
2354 2128 54 20 010
2436 2129 12 19 0

1869 2150 49 22 Tah
1926 2158 4 14 :
1947 2150 53 22 Coal
2204 2152 10 19 1
2245 2153 10 18 1
2285 2154 50 19 0..
2354 2155 14 19 0
2396 2155 13 19 0
2436 2157 12 17 o

1950 2177 123 22 Stockholm
2205 2178 11 21 I
2246 2179 11 20 1
2285 2181 82 19 0..0
2395 2181 13 19 0
2436 2183 12 17 0

1869 2204 47 21 Tea
1926 2212 5 13 :
1941 2204 75 28 Hyson
2020 2203 56 28 skin,
2082 2211 38 20 per
2129 2205 62 21 chest
2204 2206 12 20 5
2245 2207 14 19 0
2286 2207 13 19 0
2317 2220 18 6 ..
2354 2208 13 20 7
2396 2207 12 21 7
2436 2209 12 18 0

1944 2232 87 25 Congou
2192 2233 25 20 10
2244 2234 14 20 0
2286 2235 13 19 0
2317 2247 18 6 ..
2354 2235 12 19 0
2382 2235 26 20 18
2436 2235 26 19 0-

1869 2257 118 23 Tobacco:
2000 2257 135 27 Negrohead,
2152 2265 40 24 per

2022 2284 29 21 lb.
2065 2284 25 22 in
2105 2284 57 22 bond
2203 2286 14 20 0
2246 2287 7 19 1
2286 2288 49 19 0..
2354 2289 12 19 0
2397 2288 10 20 1
2436 2289 13 19 6

1869 2310 158 22 Turpentine:
2043 2311 142 27 Pergallon..
2204 2313 13 19 0
2245 2315 13 18 8
2286 2315 14 19 0
2317 2327 18 6 ..
2355 2315 13 19 0
2384 2315 26 20 10
2436 2317 12 18 0

1870 2336 155 23 Whalebone:
2041 2338 89 21 Perton
2191 2341 26 20 90
2245 2341 13 19 0
2286 2341 13 19 0
2317 2341 66 21 ..110
2396 2342 13 20 0
2436 2343 12 19 0

1870 2363 81 23 Wine:
1968 2364 82 27 Sherry,
2060 2371 40 20 per
2108 2365 49 27 pipe
2168 2380 17 5 ..
2191 2367 26 19 28
2245 2367 13 20 0
2286 2368 14 19 0
2317 2369 51 19 ..40
2396 2369 13 19 0
2436 2369 12 19 0

1978 2390 65 28 Ditto,
2058 2399 40 19 per
2112 2391 77 22 dozen.
2206 2393 7 20 1
2244 2394 14 20 4
2286 2395 14 19 0
2317 2407 18 6 ..
2354 2395 13 19 2
2384 2395 25 20 10
2436 2397 12 18 0

1978 2418 55 27 Port,
2044 2425 39 20 per
2093 2418 48 28 pipe
2167 2433 5 6 .
2179 2433 5 6 .
2190 2420 27 20 28
2244 2421 14 20 0
2285 2421 15 20 0
2317 2435 5 5 .
2329 2434 6 6 .
2340 2421 28 21 60
2394 2423 15 19 0
2435 2423 13 19 0

2039 2451 40 20 per
2089 2446 46 20 doz.
2165 2460 5 5 .
2177 2460 6 6 .
2203 2447 10 20 1
2243 2448 12 20 8
2284 2448 14 19 0
2315 2461 5 5 .
2328 2461 5 5 .
2352 2448 13 20 2
2393 2449 13 19 8
2434 2449 12 19 0

1977 2470 143 29 Champagne,
2134 2472 55 21 ditto
2201 2474 14 20 2
2243 2473 12 20 5
2284 2475 13 19 0
2315 2488 5 5 .
2328 2487 5 6 .
2351 2475 14 21 4
2381 2475 25 20 10
2434 2476 12 19 0

1870 2497 119 22 Poultry:
2004 2498 75 26 Fowls,
2086 2506 39 19 per
2130 2499 48 27 pair
2185 2515 5 5 .
2205 2501 13 19 0
2246 2501 13 19 8
2286 2502 14 19 0
2317 2514 19 6 ..
2355 2503 13 19 0
2384 2503 25 21 16
2436 2504 12 18 0

2003 2524 79 27 Ducks,
2093 2525 53 21 ditto
2167 2540 18 6 ..
2204 2528 12 18 0
2232 2527 26 20 16
2285 2529 14 19 0
2316 2541 19 6 ..
2354 2529 13 19 0
2395 2529 13 19 0
2436 2530 12 18 0

2004 2551 74 27 Geese,
2090 2552 53 21 each
2166 2567 5 5 .
2178 2567 5 6 .
2204 2554 9 19 1
2243 2555 14 19 0
2284 2555 14 19 0
2315 2567 6 6 .
2328 2567 6 6 .
2352 2555 14 19 0
2394 2556 13 19 0
2435 2557 12 18 0

2003 2577 103 28 Turkeys,
2117 2578 53 22 each
2204 2580 54 20 010
2286 2581 13 19 0
2317 2594 6 6 .
2330 2595 5 5 .
2354 2583 14 18 0
2396 2582 14 20 0
2436 2583 12 21 0

2004 2604 98 28 Pigeons,
2113 2606 76 26 (wild,)

2025 2639 40 20 per
2074 2632 48 27 pair
2141 2634 76 19 ....()
2246 2634 11 21 1
2286 2635 82 21 0..0
2394 2635 12 20 2
2436 2637 24 19 0.

2003 2658 80 27 Ducks,
2092 2659 34 21 do.
2136 2660 51 20 do..
2205 2661 13 19 0
2246 2661 14 19 4
2287 2661 13 19 0
2317 2675 20 5 ..
2355 2663 13 19 0
2396 2663 14 19 6
2436 2664 12 18 0

1869 2685 73 22 Eggs:
1960 2686 42 22 Per
2011 2685 68 22 dozen
2206 2687 12 20 0
2246 2688 14 20 2
2286 2688 14 20 6
2318 2701 19 6 ..
2355 2689 13 20 0
2396 2689 14 21 3
2437 2690 12 19 0

1870 2712 63 22 Cows
1942 2720 5 14 :
1961 2712 66 22 Milch
2194 2713 24 21 15
2246 2715 14 19 0
2286 2715 14 19 0
2317 2728 6 6 .
2330 2728 6 6 .
2342 2715 26 21 25
2396 2717 14 18 0
2436 2717 13 19 0

1870 2739 96 22 Mares:
1982 2739 69 22 Brood
2191 2741 26 19 50
2245 2741 13 20 0
2286 2743 14 18 0
2317 2743 51 20 ..80
2396 2743 14 19 0
2436 2744 12 18 0

1870 2766 116 22 Working
2003 2766 125 21 Bullocks:
2150 2766 43 22 Per

1897 2793 49 27 pair
2193 2794 27 20 40
2247 2795 14 19 0
2288 2795 13 19 0
2319 2795 51 21 ..60
2397 2797 14 19 0
2437 2797 12 18 0

1871 2819 64 22 Hire
1946 2827 26 13 of
1982 2826 62 15 pitto
2051 2827 5 13 :
2072 2820 44 21 Per
2122 2820 49 27 day,
2179 2828 14 14 a

1898 2849 60 18 team
1968 2846 43 21 and
2016 2846 72 22 driver
2208 2847 9 20 1
2248 2849 13 19 0
2288 2849 14 19 0
2319 2861 19 7 ..
2356 2849 13 20 2
2397 2850 13 19 0
2437 2850 13 19 0

1872 2872 87 24 She.ep:
1975 2872 56 22 Each
2206 2875 10 19 1
2246 2875 14 20 0
2286 2876 14 19 0
2317 2887 20 7 ..
2356 2875 10 21 1
2396 2877 13 19 8
2436 2878 13 18 0

1871 2898 63 22 Boat
1944 2899 71 22 Hike;
2028 2898 42 22 Per
2076 2900 49 27 day,
2130 2900 63 22 with-

2055 2929 40 18 out
2103 2926 70 22 hands
2183 2943 6 5 .
2203 2927 56 21 010
2286 2929 14 19 0
2317 2941 6 7 .
2330 2941 6 7 .
2356 2929 9 19 1
2396 2930 14 20 0
2437 2931 12 20 0

1871 2951 86 23 Wages
1964 2959 5 14 :
1997 2951 133 29 Mechanics,
2154 2960 40 20 per

2019 2978 62 23 week
2206 2980 13 19 2
2246 2981 15 20 0
2287 2981 14 20 0
2318 2994 19 7 ..
2355 2982 14 20 2
2384 2983 27 20 10
2437 2985 15 19 0

2006 3004 120 24 Labourers
2142 3007 75 20 ....1
2246 3008 14 19 4
2287 3008 123 22 0..110
2437 3011 14 19 0

890 125 103 19 Notice.

654 157 96 47 ANY
770 156 121 23 PERSON
904 156 82 26 having
1003 156 77 21 claims
1094 163 29 14 on
1139 155 94 22 Edward

734 183 75 26 Davis,
828 183 25 21 of
869 183 37 21 the
917 182 110 22 Wiltshire
1043 182 94 25 Tavern,
1148 189 37 14 are
1200 189 33 15 re-

654 209 91 26 quested
754 212 22 18 to
786 209 54 21 send
847 209 38 21 the
895 216 57 14 same
962 212 23 17 to
995 208 38 21 the
1049 208 63 21 office
1122 209 26 20 of
1159 208 27 21 R.
1204 209 28 21 D.

654 235 102 27 Hanson,
767 235 60 27 Esq.,
838 242 25 14 or
878 238 23 18 to
911 235 27 21 R.
955 234 76 27 Davis,
1044 235 87 21 Aurora
1146 235 86 21 Tavern

655 262 109 21 Lambton
779 262 77 26 Quay;
879 261 45 21 and
930 261 39 21 -all
984 268 92 20 persons
1089 261 107 21 indebted
1210 264 22 19 to

655 288 94 21 Edward
772 289 75 24 Davis,
872 295 37 14 are
932 288 117 26 requested
1070 290 23 18 to
1110 294 43 20 pay
1178 287 55 21 their

654 318 106 18 accounts
776 322 24 14 as
819 315 70 20 above
906 321 25 14 or
947 313 127 22 immediate
1089 313 144 27 proceedings

654 341 43 21 will
708 341 27 21 be
744 340 115 22 instituted
867 340 36 22 for
915 340 37 22 the
960 346 106 20 recovery
1081 339 25 22 of
1116 339 37 22 the
1172 346 60 16 same.

682 372 143 26 Wellington,
837 371 52 27 July
899 373 32 24 11,
944 372 58 21 1843.

761 413 3 8 '
772 417 43 19 Ex
830 416 129 20 schooner

654 450 49 47 A
724 449 67 21 FEW
809 448 79 22 TONS
911 446 37 24 OF
972 447 189 23 MANAWATU
1183 449 50 21 PO-

730 475 126 26 TATOES,
871 475 35 21 for
920 475 48 21 Sale
984 477 23 18 at

644 517 2 12 i
974 504 117 23 Wallace
1106 506 45 21 and
1162 505 44 25 ,Co.

644 531 2 24 !
681 533 58 21 June
750 534 33 25 24,
796 534 59 20 1843.

652 577 216 49 WANTED
896 577 21 21 A
944 575 105 24 ROPE
1076 577 157 23 MAKER.

749 603 75 28 Apply
838 606 21 18 to

962 629 83 22 Waitt
1059 629 45 22 and
1120 630 85 22 Tyser.

681 656 59 21 June
750 656 33 26 27,
797 657 59 21 1843.

878 701 53 21 For
944 701 69 23 Sale,

656 734 91 49 THE
762 734 142 23 COTTAGE
920 734 91 22 situated
1021 734 24 22 in
1063 734 98 22 Oriental
1178 735 54 27 Bay,

729 761 43 22 and
788 761 67 27 lately
864 761 103 27 occupied
983 760 29 26 by
1021 760 38 21 the
1077 760 155 27 undersigned.

654 788 22 21 A
690 788 53 26 long
761 788 59 21 lease
838 788 25 21 of
880 787 36 22 the
931 788 81 21 section
1027 794 58 20 upon
1106 787 72 22 which
1197 788 36 22 the

654 814 68 21 house
732 814 75 21 stands
816 814 45 21 will
870 814 27 21 be
906 813 100 27 granted.

680 840 68 21 Town
758 840 54 21 land
821 840 43 21 will
873 840 28 21 be
910 840 65 21 taken
985 840 23 20 in
1018 840 121 27 exchange.

682 867 42 20 For
732 866 84 21 further
824 866 133 26 particulars,
968 866 67 27 apply
1044 870 22 17 to

970 897 96 23 George
1080 898 89 26 Duppa,
1185 905 24 15 or

969 931 35 21 W.
1021 931 28 22 V.
1064 931 101 22 Brewer

652 981 121 25 Country
787 981 123 20 Sections
929 981 42 21 for
990 981 60 21 Sale
1071 987 37 15 on
1127 982 105 21 Liberal

894 1008 99 20 Terms.

655 1033 162 48 SEVERAL
851 1033 98 22 Sections
977 1034 27 22 of
1034 1035 100 26 Country
1162 1035 70 27 Land,

717 1059 90 28 already
817 1059 80 21 chosen
908 1060 23 21 in
941 1060 36 22 the
991 1060 92 23 Porirua
1098 1061 91 27 district,
1200 1061 33 22 for

654 1087 56 26 Sale,
722 1093 73 15 terms
805 1093 105 15 liberal.
939 1087 73 27 Apply
1022 1091 22 17 to

748 1120 23 21 F.
787 1120 29 21 A.
830 1120 168 27 Mole3Wortii,
1014 1121 185 27 Murphy-street,
1210 1129 23 14 or

749 1147 33 20 W.
798 1146 27 21 V.
840 1147 104 26 Brewer,
956 1148 192 21 Manners-street.

817 1199 90 20 Beach
924 1200 142 26 Frontage.

656 1233 64 47 TO
736 1233 38 21 BE
788 1232 64 27 LET,
868 1233 70 21 beach
947 1233 101 25 frontage
1063 1234 42 20 lots
1115 1234 24 20 in
1149 1237 84 18 section

727 1261 40 19 490
777 1266 28 14 on
822 1259 36 21 the
870 1259 54 21 Plan
935 1260 24 21 of
967 1259 37 21 the
1014 1259 66 22 Town
1095 1260 27 21 of
1127 1260 106 27 Welling-

652 1289 45 21 ton,
710 1286 113 26 adjoining
833 1286 43 21 Mr.
885 1286 86 21 Taine's
979 1289 67 23 store;
1062 1286 44 22 and
1115 1287 24 21 in
1149 1287 83 22 section

652 1314 46 25 616,
708 1313 97 21 between
816 1312 73 27 Major
897 1312 89 22 Baker's
996 1312 44 22 and
1049 1313 43 21 Mr.
1101 1313 132 23 Swainson's

652 1339 87 21 houses.

680 1366 54 21 Also
744 1365 37 21 the
790 1365 113 27 following
911 1366 95 21 sections
1016 1372 29 15 on
1055 1367 37 21 the
1101 1367 54 21 Plan
1164 1367 26 20 of
1198 1366 35 22 the

652 1392 77 26 Town,
740 1392 45 21 viz:

755 1419 26 20 55
917 1420 38 20 319
1105 1421 40 19 922

742 1447 41 19 240
915 1446 40 21 718
1092 1447 53 20 1079

680 1472 73 26 Apply
768 1475 22 17 to

828 1498 23 21 E.
869 1498 20 21 J.
906 1498 147 27 Wakbfield,
1070 1506 24 14 or

826 1524 34 21 W.
877 1524 26 21 V.
918 1524 106 26 Brewer,
1040 1526 191 21 Manners-street.

654 1570 42 20 HP
699 1569 44 21 HE
767 1571 77 19 Nelson
867 1571 113 19 Examiner
1004 1571 42 19 and
1066 1571 52 19 New
1142 1572 92 19 Zealand

659 1590 29 26 JL
726 1596 108 21 Chronicle
849 1596 124 27 (published
983 1599 22 19 at
1014 1596 101 27 Nelson,)
1131 1597 19 22 is
1167 1604 66 21 regu-

650 1622 56 27 larly
727 1623 137 22 transmitted
881 1626 22 18 to
919 1623 142 26 Wellington,
1081 1623 44 22 and
1139 1631 52 20 may
1206 1625 26 21 be

650 1649 42 21 had
704 1653 23 17 at
736 1650 37 21 the
784 1651 61 21 office
856 1649 26 21 of
892 1649 42 22 this
943 1657 73 20 paper.

677 1682 48 22 The
734 1684 78 20 Nelson
821 1684 114 19 Examiner
950 1683 43 22 will
1004 1683 26 21 be
1041 1684 69 21 found
1118 1691 30 14 an
1159 1684 73 21 excel-

650 1709 47 21 lent
706 1710 98 22 medium
814 1710 33 21 for
858 1710 136 21 advertisers.

677 1743 78 21 Terms
764 1744 34 21 for
807 1743 37 22 the
853 1751 73 19 paper,
937 1747 35 18 ten
982 1743 100 27 shillings
1096 1751 39 19 per
1144 1748 89 23 quarter

650 1770 93 27 payable
751 1771 23 20 in
785 1770 107 22 advance.

678 1808 80 22 Orders
781 1809 34 21 for
835 1808 36 22 the
894 1816 65 19 paper
982 1808 44 22 and
1050 1809 182 21 advertisements

650 1835 101 21 received
762 1839 22 17 at
794 1835 36 21 the
842 1835 69 21 Office
922 1835 24 21 of
958 1835 43 21 this
1010 1842 76 19 paper.

651 1879 72 48 ON
739 1879 84 26 SALE,
833 1882 21 18 at
864 1880 37 21 the
911 1879 73 22 Storea
993 1880 25 21 of
1026 1880 37 21 the
1073 1880 156 27 undersigned,

729 1914 28 13 ex
767 1908 71 19 Scotia

761 1938 73 24 Flour,

762 1964 61 26 Rice,

760 1991 76 26 Sugar,

758 2016 97 27 Brandy,

759 2043 88 21 Bottled
857 2042 34 22 a'e
901 2043 42 22 and
955 2046 82 25 porter,
1048 2044 100 26 Dimbar,

892 2076 96 22 Thomas
1005 2077 23 21 M
1037 2092 5 5 .
1054 2077 150 21 Machattie.

678 2110 63 27 April
751 2110 19 26 7,
784 2111 59 20 1843.

871 2157 52 19 For
937 2157 67 20 Sale.

650 2189 91 22 mHE
762 2189 105 22 CARGO
883 2190 39 21 OF
937 2190 101 22 MAIZE
1052 2197 40 19 per
1105 2191 69 20 Ariel.

656 2218 29 19 JL
1018 2217 75 21 Levin
1109 2218 43 21 and
1164 2218 39 21 Co.

677 2242 99 26 January
787 2244 34 24 27,
833 2244 59 20 1843.

841 2288 24 19 J.
881 2289 37 19 M.
934 2288 107 26 Taylor,

664 2321 151 22 LICENSED
840 2321 237 22 CUSTOM-HOUSE
1101 2322 115 27 AGENT,

894 2361 28 14 TE
937 2362 50 13 ARO.

834 2398 65 20 Just
911 2399 129 21 received.

649 2429 125 48 PLANS
798 2429 26 21 of
844 2429 38 22 the
904 2430 67 21 Town
991 2430 27 21 of
1035 2430 168 23 Wellington.

721 2456 55 21 Plan
798 2456 26 21 of
830 2456 36 21 the
878 2456 104 22 Harbour
992 2457 24 21 of
1030 2457 53 21 Port
1099 2458 126 21 Nicholson

647 2502 40 19 To
703 2502 161 20 Gentlemen
879 2503 144 26 intending
1038 2505 28 18 to
1082 2505 75 20 enter
1171 2505 58 20 into

673 2529 45 19 the
746 2529 143 25 profitable
918 2530 105 24 pursuit
1053 2530 30 21 of
1110 2531 121 27 Grazing

674 2555 55 21 and
749 2555 135 27 Breeding
903 2557 90 23 Stock,
1015 2557 43 21 for
1077 2559 88 20 which
1186 2559 42 20 the

675 2582 87 20 fertile
781 2582 110 21 Islands
913 2583 29 21 of
957 2583 69 21 New
1044 2584 121 22 Zealand
1185 2591 43 15 are

674 2614 30 15 so
720 2609 150 26 peculiarly
884 2611 124 25 adapted.

649 2642 90 35 npHE
750 2642 151 27 undersigned
910 2644 42 27 beg
961 2648 22 18 to
991 2645 82 22 inform
1084 2646 57 21 their
1146 2646 84 23 friends

654 2667 29 23 JL
718 2670 45 21 and
779 2670 37 21 the
830 2670 74 27 public
920 2672 120 26 generally,
1057 2672 49 21 that
1122 2673 53 27 they
1185 2674 45 22 will

647 2698 99 19 contract
770 2696 35 21 for
823 2696 36 21 the
885 2696 98 29 delivery
1008 2698 25 21 of
1054 2698 37 22 the
1116 2700 114 28 following

647 2721 133 28 description
794 2722 26 23 of
826 2722 73 28 Stock,
907 2724 24 21 in
939 2731 44 21 any
993 2725 52 21 Port
1056 2726 24 21 of
1094 2726 37 21 the
1143 2726 86 23 Islands

649 2749 25 20 of
681 2749 55 21 New
746 2749 99 22 Zealand
854 2757 4 14 :

674 2781 95 22 Horned
784 2782 67 22 cattle
870 2782 122 27 (improved
1006 2783 88 27 breeds)
1110 2785 26 21 of
1148 2785 30 21 all
1193 2785 37 22 de-

647 2808 124 28 scriptions,

674 2834 91 28 Horses,
786 2835 59 21 from
865 2836 39 21 the
926 2836 48 22 best
994 2836 93 27 English
1108 2838 44 22 and
1169 2838 61 23 Arab

647 2862 69 26 studs,
734 2862 92 22 suitable
842 2862 35 21 for
896 2863 82 27 racing,
994 2863 82 28 saddle,
1088 2872 25 14 or
1124 2865 92 22 harness
1223 2874 5 19 ;

646 2888 46 21 and
700 2889 107 27 breeding
816 2896 80 20 mares,

674 2914 58 22 Pure
742 2916 74 21 Saxon
826 2916 45 21 and
880 2916 85 22 merino
975 2924 65 20 ewes,

674 2942 120 22 Half-bred
810 2942 112 22 Leicester
936 2943 44 22 and
995 2944 87 22 merino
1101 2952 63 19 ewes,
1181 2953 50 20 par-

647 2968 103 28 ticularly
758 2969 95 28 adapted
867 2969 36 21 for
911 2970 42 22 this
963 2973 101 24 country,
1075 2978 24 15 as
1108 2972 54 27 they
1168 2973 62 22 unite

647 2995 82 27 weight
737 2996 27 21 of
770 3003 85 15 carcass
865 2996 53 22 with
927 2997 96 22 fineness
1033 2997 26 22 of
1065 2999 64 21 wool.

672 3022 48 21 The
744 3023 150 27 undersigned
917 3030 40 15 can
984 3025 167 22 accommodate
1179 3033 51 20 pur-

647 3048 89 22 chasers
751 3050 25 20 of
789 3050 58 21 their
856 3050 68 21 Stock
940 3050 53 22 with
1009 3052 114 22 extensive
1138 3053 92 27 grazing

646 3083 60 14 runs,
718 3075 76 22 within
805 3077 40 21 100
853 3077 65 21 miles
928 3077 25 21 of
958 3077 44 22 this
1012 3077 59 22 Port.

906 3109 35 23 W.
955 3110 26 21 B.
997 3110 95 24 Rhodes
1107 3112 43 21 and
1164 3112 39 23 Co.

896 3161 88 20 Seeds.

649 3192 71 49 ON
732 3193 84 27 SALE,
828 3196 22 18 at
859 3193 37 22 the
907 3195 83 20 Gazette
996 3195 77 27 Office,
1080 3196 24 22 in
1110 3197 119 27 quantities

727 3222 21 18 to
755 3220 44 21 suit
809 3220 135 27 purchasers,
955 3222 36 21 the
1001 3222 113 28 following
1122 3224 64 22 seeds
1195 3232 4 14 ::

676 3252 74 22 Sword
760 3253 106 28 long-pod
877 3253 62 28 bean,

676 3284 119 28 Long-pod
804 3286 64 25 bean,

677 3318 107 27 Speckled
795 3318 72 22 dwarf
874 3318 81 29 kidney
965 3320 64 27 bean,

677 3350 73 21 Broad
758 3351 66 26 bean,

676 3381 74 23 Horse
759 3382 65 26 bean,

676 3408 84 28 Scarlet
769 3415 90 20 runner,

675 3435 68 27 Early
751 3435 110 22 Warwick
871 3443 48 20 pea,
1014 3434 4 13 :

675 3462 68 27 Early
753 3462 115 22 Mazarine
877 3470 50 20 pea,

676 3488 104 23 Prussian
791 3489 51 22 blue
851 3497 49 19 pea,

676 3514 109 23 Nonsuch
793 3523 50 20 pea,

676 3542 56 21 Blue
741 3542 101 28 imperial
851 3550 49 20 pea,

675 3569 94 27 Spanish
778 3569 71 22 dwarf
854 3577 50 19 pea,

675 3595 71 27 Large
757 3596 95 27 cabbage
861 3597 90 27 lettuce,

675 3622 132 23 Drumhead
816 3623 97 27 cabbage
922 3624 89 27 lettuce,

676 3648 103 28 Cabbage
788 3649 90 27 lettuce,

676 3674 74 22 White
761 3676 77 21 selesia
846 3676 88 28 lettuce,

675 3701 82 22 Brown
765 3702 44 22 and
818 3702 66 23 white
892 3711 50 19 goss
951 3704 87 29 lettuce,

675 3728 115 22 Battersea
800 3728 105 28 cdbbage,

675 3754 131 23 Drumhead
815 3756 105 28 cabbage,

675 3780 50 23 Red
734 3781 76 23 Dutch
819 3782 106 29 cabbage,

671 3808 98 22 Puller's
776 3808 60 28 early
845 3810 105 28 cabbage,

675 3834 72 23 Vanal
757 3836 104 28 cabbage,

674 3861 105 23 Prussian
788 3863 66 22 white
864 3864 80 28 turnip,

673 3888 171 26 Yellow-Swede
854 3892 82 27 turnip,

673 3915 80 27 Purple
762 3919 37 25 top
809 3917 77 22 Swede
896 3919 77 29 turnip,

1260 123 297 20 HOLLOWAY'S
1585 123 254 20 OINTMENT.

1367 155 229 24 HOLLOWAY'S
1619 154 112 25 PILLS.

1261 210 310 21 EXTRAORDINARY
1581 210 92 21 CURE
1689 209 31 20 of
1727 215 16 15 a
1752 210 87 21 CASE

1433 236 226 25 ABANDONED,

1261 269 33 21 By
1305 268 95 26 GUY'S,
1411 276 46 14 the
1466 268 256 26 METROPOLITAN,
1733 268 106 22 KING'S

1310 294 147 28 COLLEGE,
1473 302 46 14 and
1533 292 148 24 CHARING
1696 295 91 21 CROSS

1461 320 178 23 HOSPITALS.

1261 353 52 22 This
1329 353 52 22 Fact
1397 361 44 14 was
1456 353 111 22 SWORN
1586 353 40 22 TO
1642 353 43 21 this
1703 353 38 21 Bth
1759 353 43 27 day
1817 354 25 21 of

1287 380 87 25 March,
1382 381 58 23 1842,
1450 379 76 23 before
1538 379 36 21 the
1585 379 69 27 Right
1663 379 131 22 Honorable
1802 380 37 22 the

1288 405 62 22 Lord
1359 406 85 27 Mayor,
1455 409 23 18 at
1486 406 38 21 the
1538 405 193 22 Mansion-house.

1377 438 138 26 Summary
1537 438 32 21 of
1585 437 137 22 Affidavit.

1259 469 103 49 WM.
1376 470 134 26 BROOKE,
1526 470 138 26 Messenger,
1684 468 26 22 of
1720 471 20 24 2,
1755 467 84 23 Union-

1355 499 73 23 street,
1435 496 137 25 Southwark,
1579 496 101 25 London,
1691 495 90 21 maketli
1788 496 52 21 oath

1261 522 44 21 and
1316 522 63 26 saith,
1396 522 47 21 that
1457 522 28 22 he
1497 522 52 26 (this
1559 522 121 27 deponent)
1692 528 44 15 was
1746 521 94 23 afflicted

1262 548 51 22 with
1317 549 76 26 fifteen
1401 550 90 26 running
1500 550 68 19 ulcers
1582 555 28 15 on
1627 548 34 22 his
1676 548 41 21 left
1731 555 54 19 arm,
1796 549 44 21 and

1261 575 113 22 ulcerated
1387 582 58 15 sores
1459 576 46 21 and
1520 575 92 22 wounds
1630 582 29 14 on
1675 574 53 22 both
1743 574 52 27 legs,
1807 576 33 21 for

1262 601 72 22 which
1355 601 108 28 deponent
1484 609 44 15 was
1552 601 107 22 admitted
1683 608 30 14 an
1736 602 104 21 out-door

1261 628 85 26 patient
1356 631 22 18 at
1386 628 37 21 the
1439 628 157 28 Metropolitan
1613 627 109 28 Hospital,
1733 628 22 21 in
1766 628 72 27 April,

1262 656 59 23 1841,
1333 654 69 22 which
1412 654 28 22 he
1450 655 117 22 continued
1574 655 34 21 for
1616 655 78 26 nearly
1703 654 48 21 four
1757 654 82 22 weeks.

1262 680 88 21 Unable
1365 684 22 18 to
1400 682 87 21 receive
1503 689 13 14 a
1531 688 51 15 cure
1596 681 69 27 there,
1677 680 38 22 the
1730 680 110 28 deponent

1261 707 80 26 sought
1350 706 63 23 relief
1419 711 23 18 at
1451 708 38 21 the
1499 708 62 21 three
1571 708 113 26 following
1693 706 104 28 hospitals
1805 715 6 14 :

1262 732 80 28 King's
1352 734 87 26 Colleg.e
1448 734 104 27 Hospital
1562 735 24 20 in
1592 734 62 27 May,
1665 734 80 26 foicfive
1754 734 72 21 weeks
1832 742 5 19 ;

1263 760 71 26 Guy's
1345 759 99 27 Hospital
1459 761 23 20 in
1494 760 61 27 July,
1567 761 33 21 for
1614 762 35 19 six
1663 760 73 21 weeks
1742 769 5 18 ;
1762 760 45 21 and
1818 764 22 18 at

1262 785 97 27 Charing
1369 786 61 22 Cross
1445 786 101 28 Hospital
1563 790 23 18 at
1599 787 38 22 the
1647 786 44 23 end
1706 787 26 20 of
1745 786 93 27 August,

1261 812 33 21 for
1310 819 61 16 some
1386 813 72 22 weeks
1473 820 60 15 more
1541 821 5 19 ;
1569 813 73 22 which
1661 813 112 27 deponent
1791 814 46 25 left,

1261 838 67 27 being
1337 838 23 21 in
1369 845 12 15 a
1390 839 34 21 far
1431 847 68 17 wor.se
1506 840 112 21 condition
1625 840 52 21 than
1686 839 63 22 when
1758 839 28 22 he
1795 840 45 21 had

1262 864 86 28 quitted
1359 864 74 28 Guy's,
1444 866 73 21 where
1533 866 35 21 Sir
1583 866 101 26 Bransby
1694 866 91 26 Cooper,
1796 866 44 21 and

1261 891 63 22 other
1333 891 93 22 medical
1440 892 86 21 officers
1536 892 26 20 of
1572 892 37 21 the
1619 891 168 22 establishment
1796 892 44 22 had

1261 917 46 22 told
1317 918 110 26 deponent
1435 918 47 21 that
1492 918 37 21 the
1539 917 54 27 only
1602 917 85 22 chance
1699 918 26 21 of
1730 920 70 24 saving
1809 920 32 19 his

1261 944 38 25 life
1312 950 42 15 was
1369 946 19 18 to
1397 946 40 19 lose
1451 946 33 19 his
1492 951 46 14 arm
1545 947 9 18 !
1583 944 47 21 The
1647 944 110 25 deponent
1767 945 73 22 there-

1261 978 57 19 upon
1329 971 69 21 called
1407 978 60 20 upon
1477 972 40 21 Dr.
1528 971 86 27 Bright,
1626 971 61 21 chief
1692 970 115 28 physician
1818 972 26 21 of

1262 998 77 26 Guy's,
1357 998 52 26 who,
1423 1005 28 14 on
1468 998 95 26 viewing
1578 997 128 27 deponent's
1720 998 119 27 condition,

1261 1023 78 28 kindly
1348 1024 42 21 and
1399 1024 102 27 liberally
1510 1024 55 27 said,
1618 1031 34 13 am
1660 1025 80 24 utterly
1749 1026 22 19 at
1781 1031 13 13 a
1801 1027 39 18 loss

1260 1052 57 19 what
1327 1052 21 19 to
1358 1051 23 20 do
1387 1051 42 25 for
1437 1058 40 19 you
1482 1054 11 17 I
1506 1051 37 20 but
1552 1052 48 19 here
1612 1052 19 19 is
1642 1052 183 25 half-a-sovereign
1833 1061 7 11 :

1259 1084 26 19 go
1295 1080 21 18 to
1327 1079 43 19 Mr.
1379 1079 114 26 Holloway,
1505 1079 42 19 and
1553 1080 36 24 try
1597 1079 57 19 what
1670 1079 61 25 effect
1745 1080 32 19 his
1786 1080 54 20 Pills

1261 1106 41 19 and
1313 1106 101 19 Ointment
1431 1106 44 19 will
1483 1106 56 25 have,
1552 1112 22 13 as
1583 1107 15 18 I
1604 1106 51 20 have
1658 1106 123 26 frequently
1793 1108 47 18 wit-

1259 1133 72 19 nessed
1339 1133 34 19 the
1381 1134 115 24 wonderful
1504 1134 70 23 effects
1586 1134 48 24 they
1643 1134 51 19 have
1703 1134 23 19 in
1735 1134 105 24 desperate

1261 1165 61 14 cases.
1353 1160 42 20 You
1404 1167 39 13 can
1454 1161 28 19 let
1491 1166 31 14 me
1531 1166 33 14 see
1571 1167 42 18 you
1736 1160 53 21 This
1800 1167 40 15 un-

1261 1186 127 26 prejudiced
1395 1186 77 22 advice
1480 1194 43 14 was
1530 1186 104 22 followed
1642 1187 28 27 by
1679 1187 37 21 the
1723 1186 116 28 deponent,

1261 1213 44 20 and
1315 1220 14 13 a
1337 1213 84 26 perfect
1436 1220 52 14 cure
1499 1213 92 22 effected
1604 1213 25 21 in
1645 1214 61 21 three
1716 1214 79 24 weeks,
1813 1214 27 26 by

1262 1238 36 22 the
1308 1246 38 14 use
1353 1239 63 22 alone
1426 1240 26 21 of
1459 1239 136 27 Holloway's
1602 1240 54 21 Pills
1665 1240 45 21 and
1717 1240 122 26 Ointment,

1261 1265 56 22 after
1327 1265 48 22 four
1392 1266 110 27 Hospitals
1517 1266 43 21 had
1577 1266 67 22 failed
1656 1267 4 22 !
1668 1267 5 21 !
1683 1266 6 21 .'
1719 1266 71 21 When
1800 1267 39 21 Dr.

1261 1292 78 26 Bright
1350 1299 42 14 was
1406 1292 74 22 shown
1496 1294 30 25 by
1536 1293 38 21 the
1591 1293 118 27 deponent,
1720 1293 37 22 the
1773 1293 67 22 result

1261 1318 26 21 of
1292 1318 35 22 his
1337 1318 76 22 advice
1428 1319 44 21 and
1482 1320 92 26 charity,
1586 1320 28 21 he
1629 1320 55 26 said,
1793 1320 47 20 bolh

1259 1346 113 19 astounded
1386 1346 41 19 and
1440 1346 104 26 delighted
1551 1348 9 18 f
1567 1347 42 25 for
1618 1348 15 19 I
1644 1348 89 24 thought
1743 1348 45 19 that
1798 1348 22 24 if
1827 1348 15 19 I

1260 1379 45 14 ever
1315 1379 41 14 saw
1365 1379 38 19 you
1412 1375 67 25 again,
1487 1374 59 23 alive,
1555 1375 19 18 it
1583 1375 69 18 would
1661 1375 23 19 be
1693 1375 87 19 without
1788 1380 52 19 your

1260 1406 53 14 arm.
1332 1401 16 19 I
1353 1407 37 14 can
1399 1402 46 24 only
1452 1407 94 19 compare
1553 1402 42 19 tliis
1603 1407 50 14 cure
1662 1403 20 18 to
1692 1407 13 13 a
1715 1402 70 19 charm

1288 1435 74 21 Sworn
1372 1437 22 18 at
1399 1434 37 21 the
1445 1434 195 31 Mansion-house^

1314 1461 27 21 of
1346 1461 37 20 the
1390 1461 44 26 city
1442 1461 26 21 of
1474 1461 102 26 London,
1583 1461 43 21 this
1635 1455 9 27 I
1652 1462 52 20 Wm.
1715 1463 124 22 BROOKE.

1314 1487 38 22 Bth
1363 1486 40 27 day
1413 1487 26 21 of
1445 1488 46 21 Mai
1498 1488 33 26 eh,
1544 1489 58 20 1842.
1628 1482 12 37 J

1313 1524 76 25 Before
1395 1531 37 19 me,
1490 1524 85 22 JOHN
1590 1526 93 26 PIRIE,
1701 1526 92 22 Mayor.

1261 1558 35 21 IN
1310 1558 62 21 ALL
1386 1558 100 21 Diseases
1497 1558 25 22 of
1534 1558 37 21 the
1588 1559 61 26 Skin,
1660 1559 49 22 Bad
1720 1560 64 26 Legs,
1797 1560 43 22 Old

1259 1584 109 27 Wounds,
1376 1585 42 21 and
1427 1585 85 26 Ulcers,
1520 1585 47 21 Bad
1575 1585 95 27 Breasts,
1680 1586 53 21 Sore
1741 1587 98 27 Nipples,

1261 1611 82 27 Stoney
1350 1611 43 21 and
1403 1611 118 22 Ulcerated
1528 1611 103 28 Cancers,
1640 1613 115 27 Tumours,
1764 1614 75 21 Swell-

1259 1637 56 28 ings,
1335 1638 65 25 Goxtt,
1414 1638 161 26 Rheumatism,
1592 1639 43 21 and
1651 1639 120 27 Lumbago,
1785 1640 54 22 like-

1260 1665 50 21 wise
1319 1664 24 22 in
1354 1672 58 14 cases
1419 1665 29 21 -of
1456 1665 57 22 Piles
1520 1673 6 19 ;
1536 1665 38 21 the
1586 1665 60 27 Pills,
1653 1666 24 21 in
1688 1666 31 21 all
1727 1666 35 21 the
1769 1667 71 22 above

1260 1698 67 19 cases,
1338 1692 66 25 ought
1419 1696 22 17 to
1458 1693 26 20 be
1494 1692 55 21 used
1565 1692 52 21 with
1632 1693 37 20 the
1683 1693 121 26 Ointment,
1817 1701 23 14 as

1259 1717 28 27 by
1307 1718 44 21 this
1370 1725 75 15 means
1464 1726 63 14 cures
1546 1718 46 22 will
1609 1719 28 21 be
1652 1719 94 21 effected
1760 1720 54 21 with
1828 1727 13 14 a

1261 1745 65 21 much
1341 1748 84 23 greater
1440 1746 115 25 certainty,
1574 1745 44 21 and
1633 1746 24 21 in
1673 1745 50 22 half
1736 1746 35 21 the
1787 1747 53 21 time

1260 1770 47 22 that
1322 1771 19 21 it
1357 1771 70 21 would
1444 1773 86 26 require
1546 1773 30 25 by
1588 1772 66 25 using
1668 1772 38 21 the
1724 1773 116 22 Ointment

1260 1797 71 21 alone.
1359 1797 45 21 The
1414 1798 116 22 Ointment
1539 1799 18 20 is
1567 1799 83 26 proved
1662 1802 22 18 to
1693 1799 28 21 be
1731 1806 14 14 a
1754 1800 85 21 certain

1259 1823 92 28 remedy
1360 1824 32 21 for
1400 1824 38 22 the
1447 1825 45 21 bite
1503 1825 26 21 of
1536 1825 153 22 moschettoes.

1286 1858 78 26 Burns,
1385 1858 80 26 Scalds,
1484 1858 129 27 Chilblains,
1633 1858 105 27 Chapped
1758 1859 80 23 Hands

1260 1884 43 21 and
1314 1884 58 26 Lips,
1384 1884 45 21 also
1439 1885 99 21 Bunions
1553 1886 44 20 and
1613 1886 47 21 Soft
1671 1886 75 25 Corns,
1756 1886 45 22 will
1811 1887 26 21 be

1258 1910 149 28 immediately
1418 1911 66 22 cured
1495 1910 28 27 by
1533 1911 38 21 the
1581 1919 39 14 use
1631 1912 25 21 of
1666 1912 39 21 the
1716 1912 121 22 Ointment.

1286 1945 70 19 THE
1371 1945 94 19 PILLS
1476 1952 36 14 are
1523 1948 39 17 not
1572 1945 53 25 only
1632 1945 36 21 the
1675 1945 66 21 finest
1748 1947 91 26 remedy

1259 1971 80 21 known
1349 1969 61 22 when
1420 1970 55 22 used
1484 1970 54 22 with
1550 1970 38 22 the
1605 1971 122 26 Ointment,
1739 1972 40 21 but
1788 1979 23 14 as
1825 1980 14 14 a

1260 1996 97 22 General
1376 1997 111 21 Medicine
1506 1997 63 21 there
1584 1998 18 20 is
1622 1998 93 25 nothing
1734 1999 64 26 equal
1815 2002 21 18 to

1260 2023 66 21 them.
1356 2023 26 21 In
1393 2030 93 15 nervous
1492 2024 115 21 affections
1618 2024 52 27 they
1679 2024 41 20 will
1732 2024 27 21 be
1769 2025 70 21 found

1259 2051 26 20 of
1292 2049 37 22 the
1338 2053 93 22 greatest
1440 2050 89 21 service.
1559 2050 73 22 These
1647 2050 55 21 Pills
1715 2058 42 19 are,
1777 2051 62 21 with-

1260 2080 37 18 out
1307 2076 122 27 exception,
1440 2076 37 22 the
1494 2077 66 21 finest
1571 2076 92 22 Purifier
1677 2077 25 21 of
1715 2077 37 21 the
1768 2077 71 22 Blood

1259 2110 51 14 ever
1320 2103 133 25 discovered,
1465 2103 43 21 and
1527 2103 110 22 OUGHT
1651 2103 39 21 TO
1706 2103 39 21 BE
1759 2104 80 22 USED

1259 2130 40 21 BY
1313 2129 62 22 ALL
1390 2129 150 23 FEMALES.

1278 2163 80 21 Orders
1367 2164 99 21 received
1476 2168 22 17 at
1508 2163 37 20 the
1581 2164 108 22 Gazette
1727 2164 93 22 Office.

1484 2216 41 19 On
1539 2215 70 24 Sale,

1260 2248 91 33 rpHE
1380 2248 70 20 NEW
1475 2248 151 22 ZEALAND
1655 2249 183 26 PORTFOLIO,

1266 2269 28 27 JL
1334 2274 124 28 conducted
1474 2275 30 26 by
1522 2275 32 21 H.
1571 2275 22 21 S.
1612 2275 122 27 Chapman,
1755 2275 35 26 (of
1802 2276 37 22 the

1261 2301 85 21 Middle
1354 2300 107 28 Temple,)
1473 2301 116 22 Barrister-
1592 2302 93 22 at-Law.

1285 2334 44 22 No.
1342 2334 19 21 I.
1390 2334 20 21 A
1428 2334 74 22 Letter
1517 2337 22 18 to
1559 2334 37 22 the
1614 2335 68 26 Right
1700 2335 61 22 Hon.
1781 2336 59 22 Lord

1258 2361 98 26 Stanley,
1375 2361 114 27 Secretary
1509 2362 25 20 of
1550 2362 61 21 State
1630 2362 35 21 for
1683 2361 38 22 the
1741 2362 99 23 Colonial

1258 2388 151 27 Department,
1443 2388 36 23 Qn
1486 2388 37 21 the
1531 2388 187 23 Administration
1724 2389 26 21 of
1754 2389 85 22 Justice

1259 2415 22 21 in
1292 2415 54 21 New
1574 2419 5 5 '
1588 2411 9 14 v

1285 2442 44 21 No.
1343 2441 60 21 ll.
1404 2441 76 22 Letter
1494 2445 23 17 to
1532 2441 61 21 John
1608 2442 60 21 Abel
1683 2442 78 26 Smith,
1778 2443 60 28 Esq.,

1259 2468 68 27 M.P.,
1340 2468 13 9 '*
1360 2468 34 21 On
1404 2468 37 21 the
1449 2468 144 27 Advantages
1599 2468 71 22 which
1679 2469 73 21 would
1760 2476 79 15 accrue

1258 2498 22 18 to
1291 2494 92 27 English
1393 2495 124 26 Capitalists
1525 2494 58 21 from
1594 2495 37 21 the
1642 2495 167 22 establishment
1818 2497 24 20 of

1258 2529 14 14 a
1279 2523 60 19 Loan
1350 2522 99 25 Company
1459 2522 33 21 for
1501 2522 53 20 New
1564 2522 99 27 Zealand,
1675 2522 83 22 similar
1769 2526 23 17 to
1802 2523 37 22 the

1258 2548 126 22 Australian
1393 2548 66 21 Trust

1285 2576 43 21 No.
1340 2575 72 21 III.
1486 2575 97 22 Address
1595 2579 21 18 to
1626 2576 38 21 the
1674 2575 57 22 New
1741 2576 98 21 Zealand

1259 2602 64 21 Land
1334 2602 134 27 Proprietors
1479 2602 97 21 resident
1590 2602 23 21 in
1623 2602 37 21 the
1670 2602 85 22 United
1769 2602 71 27 King-

1259 2629 57 26 dom,
1329 2635 28 14 on
1373 2629 83 21 several
1471 2632 91 18 matters
1573 2629 25 21 of
1604 2629 137 27 importance
1752 2633 21 18 to
1785 2630 55 21 their

1284 2689 43 21 No.
1345 2688 40 22 IV.
1441 2689 36 21 On
1497 2689 37 21 the
1554 2689 116 23 Financial
1688 2689 113 23 condition
1818 2691 26 21 of

1258 2716 54 21 New
1452 2717 31 26 by
1493 2716 92 22 Charles
1593 2717 76 27 Terry,
1681 2717 60 27 Esq.,
1752 2717 86 26 F.R.S.,

1258 2743 80 21 F.S.A.

1445 2782 68 15 PRICE
1532 2783 119 15 SIXPENCE.

1289 2808 85 20 Gazette
1385 2806 76 28 Office,
1473 2807 86 26 March,
1572 2809 61 20 1843.

1260 2857 69 48 ON
1345 2857 82 25 SALE,
1443 2860 23 19 at
1476 2858 44 22 this
1532 2858 72 26 office,
1616 2858 70 22 blank
1696 2858 57 22 Bill
1765 2859 75 21 Books

1336 2883 14 10 *'
1357 2883 92 22 Gazette
1485 2884 71 24 office,
1568 2884 56 22 Dec.
1634 2887 22 19 4.
