4220 5890
58 33 1039 396 Mount
1305 33 1247 396 Benger
2760 33 1039 396 Mail.

246 640 38 23 ISo
308 638 45 24 904
411 637 55 25 Vol.
481 639 35 25 17.

775 643 215 53 pUBUSHiiD
1006 643 109 26 KVARY

1387 639 428 61 ROXBURGH.
1907 644 313 67 FRIDAY,
2277 650 311 58 AUGUST
2620 653 94 60 20,
2747 653 146 58 1897

3281 653 158 57 J^RIDaY.

3710 686 109 28 PRICE,
3837 685 33 26 £1
3887 691 42 25 per
3945 692 96 17 annum.

108 781 180 42 Ormonds'
323 780 105 49 Hotel,
462 780 196 54 Roxburgh.

133 867 26 20 G.
174 867 35 20 W.
223 865 127 22 SPOONER
487 865 146 22 Proprietor.

108 936 101 27 'THE
222 936 87 27 above
322 933 83 29 Hotel
416 933 49 28 has
476 934 69 27 been
557 935 101 27 rebuilt

192 975 31 29 of
234 979 77 25 stone
324 973 54 29 and
391 972 169 40 thoroughly
578 984 63 18 reno-

106 1016 92 34 vated,
212 1016 54 28 and
284 1016 104 37 having
409 1014 69 28 been
501 1014 155 30 Furnished

105 1056 173 38 throughout
301 1055 30 28 in
355 1054 145 29 first-class
525 1054 82 38 style,
632 1055 24 27 is

105 1107 62 18 now
174 1105 52 19 one
234 1095 30 29 of
271 1095 47 29 the
328 1099 72 25 most
409 1094 180 30 comfortable
600 1094 54 29 and

104 1136 187 30 commodious
304 1134 98 30 Hotels
414 1145 38 29 up
463 1138 125 35 country.

104 1213 59 29 The
184 1213 236 28 accommodation
440 1213 45 28 for
504 1212 152 29 Travellers

179 1253 54 28 and
247 1252 136 29 Boarders
395 1252 24 29 is
433 1251 162 30 unrivalled.

104 1325 87 30 Thom
205 1324 55 30 and
275 1324 158 30 Cameron's
447 1324 53 30 Old
513 1323 141 40 Highland

308 1364 144 40 Whiskey.

150 1438 66 22 TWO
228 1438 37 21 OF
278 1437 146 23 ALLCOCKS
437 1437 73 23 FULL
522 1436 80 24 SIZED

252 1465 136 22 BILLIARD
402 1466 113 25 TABLES,

120 1493 113 29 Marker
264 1494 102 38 always
399 1495 28 27 in
459 1493 173 29 attendance.

205 1571 174 30 First-class
405 1571 142 34 Stabljng,

103 1611 95 30 Under
210 1611 101 40 charge
322 1612 29 29 of
360 1622 35 19 an
408 1611 118 30 efficient
539 1611 110 30 Groom.

123 1676 153 29 Travellers
286 1676 87 29 called
388 1676 43 29 for
443 1676 36 29 all
494 1675 129 30 Coaches.

485 1758 162 37 HOTEL,

291 1809 168 21 ROXBURGH.

171 1903 59 28 Mrs
251 1902 109 36 Heron,
381 1902 194 38 Proprietress.

132 2007 59 28 One
204 2006 29 30 of
245 2007 47 29 the
306 2007 63 28 best
381 2006 99 28 known
499 2004 54 29 and
572 2006 73 26 most

92 2048 181 29 comfortable
294 2047 152 30 Hostelries
466 2046 29 29 in
515 2045 47 29 the
589 2044 39 40 Up-

93 2091 117 34 country
224 2088 140 28 Districts.

132 2138 79 30 Cobb
223 2139 55 29 and
293 2138 74 30 Co.'s
381 2137 84 39 Koyal
487 2136 65 30 Mail
576 2135 69 30 Line

92 2178 29 29 of
144 2179 122 29 Coaches
279 2180 121 38 running
419 2179 123 28 between
565 2177 60 28 Law-

90 2229 83 20 rence
197 2220 55 29 and
275 2219 183 38 Queenstown
479 2217 89 30 arrive
588 2216 56 30 and

91 2260 98 38 depart
202 2260 85 38 daily.

89 2352 118 39 Liquors
219 2352 30 30 of
261 2352 48 29 the
323 2353 61 28 best
391 2351 101 29 brands
501 2351 64 38 only
574 2350 69 39 kept

301 2393 28 27 in
343 2392 87 29 stock.

89 2495 123 40 Baggies
224 2497 56 29 and
294 2497 101 29 Saddle
404 2497 102 29 Horses
515 2505 36 20 on
560 2494 80 31 Hire.

92 2608 327 54 Q.OLDFIELDS
477 2608 165 24 HOTEL.

296 2671 135 26 Koxborgh

143 2812 25 27 J,
189 2815 28 24 A,
243 2812 90 25 BOYD
367 2832 25 7 ...
427 2813 140 32 Proprietor

143 2905 122 25 Er<-e?l*>nt
308 2908 203 24 accommodation
539 2907 37 25 for

183 2939 116 23 Bi-arcUrs
322 2940 45 23 and
392 2940 143 25 Travellers*

182 3002 87 25 Terms
302 3011 62 18 moat
399 3005 137 24 re&bouable

177 3073 141 24 First-class
338 3073 95 25 H«i!iard
451 3076 83 24 Table.

99 3134 3 34 '
112 3136 49 24 The
179 3136 51 24 be«t
243 3134 28 24 of
287 3142 77 19 wint-s,
384 3137 56 24 bt*er
458 3138 47 23 »nd
524 3137 80 31 spirits

264 3166 58 32 kept
350 3175 22 16 >u
394 3168 68 25 stock

689 821 39 61 J
764 821 21 23 A
812 821 18 23 B
857 821 19 24 E
903 822 18 24 Z
969 820 269 27 BURTON

831 854 305 26 AUCTIONEER

687 941 157 26 GENERAL
872 944 209 25 COMMISSION
1117 943 120 28 AGKNT,

778 994 154 19 KIGIBTBRKD
948 995 96 18 MINING
1060 995 87 17 AGENT.

717 1056 78 26 Agent
813 1054 181 23 tor—National
1015 1053 52 25 Fire
1082 1054 48 24 and
1146 1053 89 23 Marine

755 1086 130 26 insurance
897 1090 41 22 Co.

715 1159 55 24 New
789 1157 103 24 Zealand
910 1156 131 25 Insurance
1056 1156 41 24 Co.

717 1228 94 25 Mutual
830 1230 131 20 Assurance
978 1228 94 28 Society
1089 1225 24 23 of
1129 1225 105 24 Victoria

777 1258 76 25 Lmtd.
874 1258 64 29 (Life
952 1258 149 28 Insurar.ee),
1121 1257 47 22 and
1181 1257 16 22 S
1215 1257 18 21 K.

774 1292 114 25 Stedraan
903 1291 114 31 importer
1028 1290 26 24 of
1065 1289 118 30 Bicycles.

715 1354 109 33 Bicjclei
840 1354 99 29 bought,
962 1352 59 24 so!d,
1052 1359 27 16 or
1095 1351 139 32 exchanged

773 1389 38 23 for
822 1394 50 17 liew
889 1393 58 17 ones

738 1872 26 28 r
764 1872 81 28 ILL
861 1873 49 27 IA
927 1874 27 26 M
1008 1870 225 30 MERCER,

747 1944 88 26 Bikbk
870 1952 51 18 and
954 1945 205 25 Confectioner,

767 2015 202 27 Scotland-street
995 2013 143 33 Roxburgh.

707 2086 52 26 The
775 2088 85 31 above,
872 2090 70 24 while
964 2086 117 29 thanking
1098 2085 40 24 the
1150 2083 81 31 public

676 2130 24 25 of
729 2131 41 25 the
785 2131 89 26 Mount
896 2133 92 30 Benger
1012 2131 95 24 diatrict
1126 2130 37 23 for
1187 2126 43 25 the

675 2175 83 26 liberal
782 2182 100 26 support
899 2176 117 26 accorded
1043 2175 50 24 him
1114 2174 65 23 since
1198 2171 31 25 he

675 2221 152 25 commenced
842 2220 108 26 business
961 2220 25 25 in
1002 2217 138 32 Roxburgh,
1154 2217 75 32 hopes

677 2270 24 21 to
715 2267 92 26 receive
818 2276 12 15 a
844 2267 157 25 continuance
1016 2264 28 26 of
1056 2272 78 17 same.

696 2331 101 30 Soirees,
811 2332 73 29 Balls,
895 2331 47 25 and
954 2331 69 25 other
1035 2329 81 32 public
1128 2329 100 31 gather,

674 2371 54 30 iogs
741 2371 101 25 Catered
854 2371 44 25 for.

900 2440 47 25 and
972 2439 112 32 Birthday
1114 2437 78 26 Cakes
1213 2444 14 17 a

674 2481 132 32 sptoiality.

677 3013 60 37 V\r
766 3013 11 25 I
803 3012 21 26 L
847 3012 21 26 h
893 3015 11 24 I
930 3013 23 25 A
979 3012 26 26 M
1089 3012 130 26 BAIN

778 3059 126 27 Butchrs,
937 3057 105 25 BEKOKB
1057 3057 66 24 FLAT

697 3203 110 26 Families
819 3201 82 25 waited
913 3210 31 16 on
965 3210 28 17 or
1001 3202 82 25 ordst'a

698 3274 58 26 beef
781 3274 46 24 and
854 3275 95 22 mutton
976 3274 26 23 of
1028 3273 75 31 prime
1128 3273 93 33 quality

668 3343 120 27 delivered
804 3343 25 24 in
842 3350 46 24 any
900 3346 51 27 part
962 3347 26 20 ot
998 3344 42 24 the
1050 3342 100 27 dialrict

697 3416 73 24 Sraiil
784 3415 75 30 good*
870 3415 87 26 always
968 3424 30 15 on
1011 3415 70 25 hand.

752 3610 229 24 OTHER

674 3901 169 29 Costipxtiox,
876 3899 128 24 Sluggish
1050 3899 88 32 Livkr,
1177 3901 46 24 &c.

706 3982 85 25 Onlike
802 3988 73 24 many
890 3981 72 24 kinds
978 3981 26 22 of
1018 3981 116 26 cathartic
1151 3983 59 24 medi-

675 4023 71 19 cines,
759 4015 32 24 do
806 4019 41 20 not
859 4014 70 25 make
942 4021 45 22 you
1000 4014 43 24 feel
1059 4022 73 17 worse
1144 4015 80 26 before

675 4057 45 23 you
751 4049 45 24 feel
825 4049 76 23 better
951 4047 72 24 Their
1051 4049 124 29 operation
1205 4050 19 24 is

675 4082 85 32 gentle,
787 4082 41 23 but
850 4079 126 32 thorough,
1001 4080 48 24 and
1076 4082 145 26 unattended

676 4115 54 24 with
742 4114 163 31 disagreeable
916 4113 91 28 effects,
1019 4115 57 22 such
1089 4122 27 16 as
1129 4123 95 22 nausea,

675 4148 93 31 griping
782 4148 77 29 pains,
873 4146 43 24 &c.

704 4181 96 31 Seigel's
817 4179 131 32 Operating
974 4179 55 24 Pills
1051 4186 40 18 are
1110 4180 41 25 the
1173 4182 51 24 bast

676 4214 79 31 family
768 4214 83 30 physic
874 4214 51 23 that
949 4213 42 23 has
1014 4214 62 22 iever
1099 4214 59 24 been
1177 4215 36 23 dis-

676 4247 110 24 covered.
819 4246 65 30 They
898 4245 96 24 cleanse
1003 4246 40 23 the
1061 4247 87 23 bowels
1165 4247 59 24 from

676 4280 30 24 all
720 4279 117 31 irritating
852 4279 148 29 substances,
1012 4278 48 25 and
1077 4279 66 25 leave
1160 4280 64 25 them

675 4322 13 15 n
702 4321 15 15 a
731 4313 96 29 healthy
838 4313 133 23 condition.

704 4346 50 23 The
768 4347 51 22 best
831 4344 96 28 remedy
938 4349 84 20 eztant
1034 4346 34 23 for
1080 4346 39 24 the
1129 4346 61 24 bane
1201 4346 25 24 of

675 4386 41 16 our
745 4378 58 24 lives
850 4377 160 30 constipation
1039 4379 48 23 and
1118 4379 106 30 sluggish

675 4412 62 24 liver.

704 4445 75 23 These
795 4442 56 25 Pills
861 4449 96 25 prevent
967 4442 78 25 fevers
1054 4444 47 24 and
1111 4445 30 23 all
1154 4444 70 24 kinds

673 4476 26 25 «>f
715 4476 108 25 sickness
849 4478 28 29 by
897 4483 122 23 removing
1044 4477 31 23 all
1096 4478 128 29 poisonous

674 4516 84 18 matter
778 4510 60 24 from
855 4510 40 24 the
914 4509 93 25 bowels.
1041 4510 65 31 They
1127 4517 97 24 operate

674 4543 95 30 briskly,
781 4548 38 25 yet
834 4543 90 29 mildly,
937 4543 98 24 without
1047 4551 47 21 any
1106 4544 63 29 pain.

703 4576 21 24 if
745 4584 46 24 you
814 4577 57 24 take
892 4583 15 17 a
929 4583 82 17 ievere
1033 4576 63 29 cold,
1115 4576 48 24 and
1183 4584 40 16 are

672 4610 138 25 threatened
835 4609 55 24 with
912 4617 14 16 a
945 4610 72 28 fever,
1036 4610 56 23 with
1114 4610 69 30 pains
1200 4610 21 23 in

672 4645 39 23 '.he
733 4643 71 28 head,
826 4642 68 29 back,
918 4642 48 24 and
986 4642 78 28 limbs,
1086 4650 23 16 01
1134 4650 26 15 or
1177 4648 46 18 two

671 4676 71 23 doses
764 4677 25 21 of
812 4675 99 29 Seigel's
936 4675 132 29 Operating
1092 4674 59 23 Pills
1179 4675 44 22 will

672 4706 72 25 break
768 4715 32 22 up
829 4706 40 24 the
897 4706 54 24 cold
981 4706 48 23 and
1057 4710 98 27 prevent
1184 4706 39 24 the

672 4741 71 23 fever.

701 4775 21 22 A
732 4772 86 25 coated
830 4777 97 25 tongue,
939 4772 54 24 with
1007 4779 14 16 a
1036 4771 108 25 Drackish
1156 4776 63 20 taste

671 4807 19 23 is
701 4806 87 24 caused
802 4807 29 25 by
846 4805 48 25 foul
908 4809 87 21 matter
1009 4804 23 24 in
1048 4805 40 24 the
1103 4806 118 24 stomach.

673 4840 17 23 A.
707 4840 43 23 few
765 4840 71 23 dotes
856 4838 25 24 of
899 4838 96 28 Se'.gel's
1015 4838 129 30 Operating
1164 4837 58 24 Pills

671 4872 44 24 will
726 4873 96 23 cleanse
835 4871 39 25 the
886 4870 117 29 stomach,
1016 4878 95 16 remove
1125 4872 40 22 the
1175 4871 45 23 bad

671 4911 67 23 taste,
749 4905 47 24 and
817 4910 89 19 restore
923 4903 39 24 the
974 4904 113 30 appetite,
1102 4904 47 23 and
1167 4904 52 23 with

679 4944 8 19 t
699 4939 68 30 bring
778 4938 64 31 good
854 4936 87 24 health.

698 4974 6 17 <
711 4971 235 28 >ftentmiesdisease,
958 4977 26 16 or
994 4969 109 30 partially
1113 4969 105 30 decayed

670 5005 63 26 food,
768 5011 86 18 causes
890 5004 115 27 sickness,
1039 5009 99 21 nausea,
1172 5003 47 22 and

670 5038 126 22 diarrhoea.
829 5037 23 22 If
874 5036 40 23 the
936 5035 88 23 bowels
1045 5042 41 16 are
1108 5035 111 21 cieansed

688 5077 40 17 on
739 5070 47 23 this
800 5069 111 29 impurity
923 5067 57 24 with
991 5074 14 17 a
1017 5066 60 25 dose
1088 5066 26 24 of
1123 5066 97 30 Seigel's

670 5103 128 29 Operating
809 5102 66 25 Pills,
885 5102 68 22 these
965 5099 164 30 disagreeable
1138 5099 81 23 effects

727 5134 92 31 vanish,
832 5133 48 25 and
892 5132 64 33 good
970 5133 82 24 health
1065 5132 46 25 will
1123 5132 80 23 result.

699 5169 96 30 Seigel's
816 5169 131 29 Operaiing
976 5165 56 25 Pills
1060 5172 99 25 prevent
1184 5165 27 23 ill-

670 5201 80 25 effects
763 5202 59 23 from
832 5208 81 17 excess
929 5201 23 22 in
964 5200 81 30 eating
1057 5207 26 15 or
1099 5198 118 25 drinking.

673 5238 16 20 A
702 5235 63 30 good
776 5235 58 23 dose
847 5240 25 18 at
885 5233 104 24 bedtime
1000 5233 97 23 renders
1110 5239 15 16 a
1135 5238 84 24 person

673 5267 22 24 St
707 5268 34 23 for
757 5269 110 22 harness
885 5274 16 16 r.
913 5267 40 22 ?h*
965 5266 118 29 morning.

700 5301 75 24 These
802 5301 62 24 s'ills,
885 5299 69 30 being
1182 5303 39 16 are

672 5334 105 28 pleasant
790 5338 23 19 to
826 5333 64 24 take.
925 5332 50 24 The
986 5331 165 29 disagreeable
1161 5334 60 19 taste

685 5375 96 15 ommon
793 5374 23 15 to
831 5372 63 18 most
906 5366 52 30 pills
970 5373 40 16 are
1024 5363 120 25 obviated.

704 5505 44 26 For
760 5506 49 25 sale
824 5506 30 30 by
867 5505 30 25 all
911 5505 129 28 Chemists,
1053 5502 138 32 Druggists,

791 5541 49 23 and
852 5539 120 24 Medicine
986 5537 117 24 Vendors.

854 5621 166 23 Proprietors
1031 5627 7 17 :

762 5687 28 23 A.
814 5683 23 25 J.
862 5682 110 26 WHITI
1009 5681 114 25 Limited

817 5753 102 28 London
948 5751 120 33 England.

1267 1043 126 24 TEVIOT
1409 1043 150 26 SHORING
1575 1044 68 25 ANL
1665 1044 157 25 GENERAL

1486 1088 118 26 FORGE.

1267 1170 45 23 rr
1333 1169 21 24 H
1381 1170 20 24 0
1420 1170 24 23 M
1466 1171 20 22 A
1507 1170 17 24 8
1595 1170 222 26 ANDKEVV

1348 1213 48 24 Has
1412 1221 53 16 now
1483 1218 36 19 tor
1533 1213 49 24 sale
1599 1222 13 15 a
1627 1217 96 26 geuerai
1740 1220 80 19 assert

1266 1257 65 21 merit
1359 1262 25 17 or
1406 1256 182 30 Ironmongery,
1606 1256 139 27 Hardware,
1762 1257 42 22 Gal-

1266 1298 96 23 vanized
1375 1298 71 30 Pipes
1460 1298 45 23 and
1528 1298 33 24 all
1580 1305 123 25 necessary
1717 1298 99 30 fittings.

1267 1342 184 31 High-pressure
1482 1342 86 28 Cocks,
1604 1342 60 30 Stop
1688 1342 55 29 Do.,
1775 1344 40 25 <fcc,

1269 1387 142 30 Hardwood,
1431 1387 123 24 American
1578 1387 94 25 Timbei
1697 1387 116 31 Swinglei

1265 1434 61 21 trees
1336 1431 43 29 (all
1395 1431 79 31 sizes),
1489 1431 96 32 Smithy
1599 1431 71 24 Coals
1692 1431 124 24 American

1265 1474 45 24 and
1336 1474 97 31 English
1455 1474 147 31 Barb-Wire,
1628 1474 106 33 Fencing
1752 1474 65 25 Wire

1264 1518 45 24 and
1329 1519 138 30 Standards,
1486 1519 54 30 &c.,
1557 1518 51 29 &c.,
1620 1518 77 25 which
1718 1518 48 24 will
1789 1519 28 24 be

1263 1563 52 25 sold
1326 1568 23 20 at
1362 1567 42 21 t&e
1416 1565 80 24 lowest
1509 1563 173 26 remunerative
1693 1564 84 31 prices.

1293 1634 26 24 T.
1337 1636 26 23 A.
1380 1634 23 25 in
1414 1635 69 25 order
1494 1640 24 21 to
1529 1634 114 26 facilitate
1656 1634 42 25 the
1714 1641 90 25 require-

1263 1681 75 23 ments
1345 1678 26 26 of
1380 1679 40 25 the
1431 1678 93 26 district
1533 1678 43 26 has
1587 1677 76 27 added
1675 1680 25 23 to
1707 1677 36 25 his
1752 1677 65 30 plant

1263 1733 12 15 a
1287 1724 107 30 Turning
1405 1724 83 28 Lathe,
1500 1724 102 30 Drilling
1614 1723 119 29 Machine,
1750 1722 54 24 Tire-

1263 1771 39 28 ing
1332 1770 76 29 Plate,
1437 1770 121 31 G*s«Pipc
1581 1768 87 25 Stocks
1689 1768 58 24 Diec
1771 1768 45 23 and

1263 1812 61 32 Taps
1338 1812 34 33 (£,
1384 1813 46 26 lin,
1444 1815 46 22 and
1512 1812 103 33 1^)—all
1625 1811 26 27 of
1665 1811 78 25 which
1756 1811 29 24 be

1264 1855 113 33 prepared
1387 1860 24 20 to
1421 1864 41 17 use
1471 1865 30 17 on
1512 1859 63 22 most
1585 1855 138 26 reasonable
1735 1858 73 22 terms

1295 1927 112 30 Farming
1416 1928 46 23 and
1480 1928 95 27 Mining
1590 1927 152 32 Implements
1753 1927 65 22 made

1263 1972 45 24 and
1325 1972 116 31 repaired.

1321 2083 113 30 Shoeing,
1444 2083 35 29 6«,
1490 2083 35 30 7»,
1542 2084 47 23 and
1615 2083 27 24 8s
1658 2090 39 23 pel
1716 2086 34 21 set

1259 2249 61 57 T.
1401 2245 410 67 WHELAN,

1294 2328 171 30 FARRIER
1487 2328 82 29 AND
1595 2326 181 31 GENERAL

1405 2373 263 36 BLACKSMITH,

1266 2436 167 43 (IRISHES
1474 2439 29 27 to
1534 2436 101 30 inform
1676 2436 43 28 his
1750 2438 63 36 past

1365 2478 160 29 Customers
1547 2476 56 31 and
1624 2476 48 30 the
1694 2476 119 30 General

1254 2518 97 29 Public
1364 2519 61 28 that
1438 2518 35 29 he
1485 2518 51 29 has

1254 2570 186 31 RESUMED
1468 2569 190 32 BUSINESS
1678 2569 44 30 IN
1741 2568 68 31 HIS

1383 2619 76 28 OLD
1486 2618 193 33 PREMISES

1272 2666 135 38 (recently
1419 2666 134 40 occupied
1572 2667 37 37 by
1632 2666 47 29 Mr
1699 2666 29 29 J.
1753 2665 37 29 H.

1451 2707 159 39 Aldridge),

1315 2746 104 31 Where
1432 2747 34 29 he
1480 2748 23 29 is
1517 2747 135 40 prepared
1665 2750 30 26 to
1708 2747 36 28 do

1251 2810 327 31 BLACKSMITHING
1602 2810 48 30 OF
1675 2810 131 30 EVERY

1477 2859 110 29 KIND.

1287 2927 82 31 T.W.
1393 2931 86 26 trusts
1505 2927 43 31 his
1568 2927 104 30 former
1694 2931 113 35 patrons

1251 2968 54 28 will
1317 2968 71 39 rally
1400 2969 89 29 round
1501 2968 68 36 him,
1581 2968 56 29 and
1649 2978 52 18 cau
1713 2977 94 19 assure

1251 3008 74 29 them
1346 3009 47 29 tke
1407 3019 75 19 same
1505 3008 66 30 skill
1594 3008 56 29 and
1669 3008 138 28 attention

1251 3049 88 29 which
1353 3050 115 29 marked
1480 3050 43 29 his
1533 3049 133 29 Business
1674 3048 131 38 formerly

1252 3089 53 29 will
1318 3090 34 28 be
1365 3090 142 29 exercised
1520 3090 28 28 in
1562 3090 101 28 future.

1301 3161 224 25 HORSESHOEING
1550 3162 21 21 A
1596 3160 162 22 SPECIALTY.

1272 3247 227 38 THOMAS
1521 3246 264 43 WHELAN,

1310 3308 263 32 SCOTLAND-STBEBT,
1594 3308 163 27 ROXBURGH.

144 3234 70 23 Good
231 3234 109 30 Stabling
359 3234 217 26 Accommodation.

200 3347 19 25 B
250 3349 9 23 1
289 3347 20 25 0
336 3347 20 25 N
419 3347 219 30 HOTEL,

299 3415 141 31 Roxburgh.

146 3519 14 25 J
189 3520 37 24 H.
249 3520 148 27 WAIGTH,
428 3535 28 8 ...
489 3520 139 32 Proprietor

116 3616 61 24 This
208 3614 197 25 oli-establi«hed
439 3614 70 25 Hotel
538 3617 22 22 i«
588 3615 51 23 well

102 3656 71 16 now.i
186 3648 57 23 both
257 3653 23 18 to
296 3650 39 20 the
348 3647 119 24 residents
491 3648 48 23 and

104 3690 31 23 ng
150 3681 90 32 pubic.

119 3727 121 23 Excellent
271 3725 205 24 accommodation

97 3771 52 24 The
163 3770 50 24 beat
224 3770 25 23 of
258 3769 89 31 liquors
361 3767 56 32 kept
431 3775 31 17 on
473 3768 40 25 the
526 3767 115 32 premises

158 3814 143 24 First-cla*B
326 3812 104 24 Billiard
457 3812 88 26 Table.

175 3880 108 30 Stabling
316 3877 227 27 aoeomuiodation.

80 4007 73 51 C.
203 4001 439 62 l/owaatoeiad,

122 4087 269 36 MORNINGTON,
412 4085 192 31 DUNEDIN.

224 4197 56 22 FOR
306 4195 200 26 RHEUMATISM,

87 4251 287 33 TOWNbHEND'S
413 4249 233 29 RHEUMATIC

271 4296 193 32 LINIMENT

83 4365 23 25 is
120 4373 12 17 a
146 4372 59 17 cure
218 4362 37 26 for
269 4360 81 27 which
365 4360 30 26 he
415 4358 43 27 has
478 4362 42 23 the
546 4357 100 35 highest

143 4398 175 32 testimonials,
331 4396 47 28 and
395 4395 79 28 which
488 4396 44 26 has
546 4401 44 21 not

266 4435 61 28 been
340 4433 117 29 excelled.

148 4525 78 29 THE
247 4521 184 31 PARAGON
452 4520 125 31 SALViS

121 4593 56 19 now
191 4592 15 18 a
224 4581 161 28 well-known
405 4577 107 37 specific,
531 4578 50 27 and
600 4578 43 27 has

156 4621 91 37 proved
261 4630 31 18 an
314 4618 110 29 absolute
443 4625 77 20 cure
538 4617 38 27 for

79 4668 103 29 .Ulcers,
205 4666 91 27 Burns,
317 4664 95 30 Scalds,
431 4665 72 31 Open
516 4662 126 30 Wounds,

144 4702 122 27 Poisoned
281 4700 76 27 Flesh
371 4699 48 26 and
433 4699 33 26 all
480 4698 73 27 kinds
565 4699 24 25 of

327 4737 80 27 Sores.

214 4823 297 31 TESTIMONIALS.

109 4883 19 20 A
147 4880 99 22 Resident
267 4880 22 20 of
307 4880 33 19 St.
360 4878 90 20 Bathans

86 4908 113 28 purchased
209 4916 13 12 a
231 4908 40 19 box
283 4906 23 21 of
315 4912 51 19 your
375 4905 116 25 Ointment,
501 4904 40 20 arid
551 4903 18 21 it
577 4904 64 20 cured

85 4944 26 14 an
120 4943 52 19 open
182 4942 44 14 sore
233 4935 52 20 from
293 4933 64 20 which
364 4939 34 16 mv
405 4932 68 21 father
481 4938 39 13 was
527 4931 113 25 suffering;;

85 4966 20 20 in
115 4965 50 25 fact,
175 4964 16 20 it
206 4969 39 14 was
258 4962 37 20 the
307 4961 45 20 best
362 4960 109 20 Ointment
488 4965 28 13 we
527 4958 51 20 have
591 4965 50 14 ever

84 4993 49 21 had.
160 4991 21 21 If
189 4996 40 21 you
246 4990 52 21 have
311 4995 41 19 any
367 4994 55 15 more
437 4986 109 21 Ointment
561 4985 42 22 like
614 4986 25 26 it,

83 5020 68 25 plea.se
160 5018 50 20 send

111 5060 91 25 Writing
212 5059 52 19 from
280 5058 35 19 the
330 5056 68 21 North
409 5056 50 20 East
469 5054 81 26 Valley,
561 5062 11 13 a
582 5055 41 20 Lad
628 5062 12 13 v

85 5087 172 27 saysßring
266 5092 32 13 me
306 5092 13 13 a
329 5083 74 27 supply
412 5082 22 21 of
442 5089 50 18 your
500 5082 106 21 Ointment
612 5089 28 14 on

85 5122 52 19 your
153 5115 50 19 next
217 5113 55 25 visit,
289 5118 22 14 as
328 5118 29 13 we
371 5110 93 21 consider
479 5110 17 19 it
507 5110 133 20 invaluable.'

110 5157 90 21 Tnomaa
221 5153 92 26 Moffatt,
337 5151 22 21 of
389 5150 90 27 Moggie!,

87 5185 55 20 have
151 5183 49 21 used
209 5188 53 20 your
271 5179 124 22 Rheumatic
405 5179 103 19 Liniment
520 5179 66 21 twice,
600 5179 40 19 and

86 5212 55 21 have
149 5209 82 28 already
242 5207 91 23 received
344 5207 35 20 the
393 5208 90 25 greatest
498 5205 75 21 benefit
586 5205 54 21 from

85 5244 25 17 it.
136 5238 56 21 Send
202 5244 55 14 more

124 5286 97 27 Dozens
243 5284 29 26 of
293 5283 72 27 other
385 5282 13 24 '1
407 5280 151 27 estimonials
581 5280 61 27 have

86 5324 53 28 also
153 5325 59 25 been
227 5322 111 27 received
361 5320 30 36 by
415 5319 41 27 the
475 5318 167 35 undersigned

75 5365 80 34 .quite
168 5360 155 27 unsolicited.

205 5444 68 27 Send
286 5452 64 27 your
362 5442 92 26 Orders
467 5445 27 22 to
497 5455 32 5 —

144 5498 31 30 C.
231 5491 355 38 TOWNSHEND,

184 5554 204 26 MOFNTNGTON,

86 5632 15 19 r
101 5630 87 31 PHE
207 5632 123 37 greatest
349 5629 113 37 experts
481 5625 88 30 admit
581 5625 61 29 that

170 5671 89 29 Kozie
271 5670 56 28 Tea
345 5670 24 28 is
392 5669 37 37 by
450 5668 44 28 far
513 5667 47 29 tbe
579 5666 63 29 best

74 5713 91 35 ,value
174 5710 168 31 obtainable.
361 5708 91 29 Johns
461 5706 177 35 &M'Combb,

88 5759 115 25 Agents.
217 5750 106 31 Millers
336 5748 72 31 Flat.

72 5782 20 10 41
101 5782 27 13 .Q
186 5781 17 15 y

1397 3519 164 31 [Established
1578 3519 83 32 1865.]

1320 3604 19 23 0
1369 3603 22 24 H
1422 3603 18 24 N
1515 3601 273 26 GILLIES

1515 3674 31 19 AT

1255 3733 194 27 FURNLTUUE
1476 3732 46 24 and
1550 3731 254 25 UPHOLSTERING

1424 3775 209 26 WAREHOUSE

1345 3841 33 26 18,
1392 3839 92 31 George
1496 3839 87 28 Street,
1597 3839 123 25 ihmedin.

1285 3903 49 25 Has
1357 3910 29 16 on
1412 3903 63 23 hand
1492 3910 13 16 a
1525 3903 75 30 Lirge
1623 3902 47 25 and
1691 3902 113 31 Splendid

1255 3937 149 24 Assortment
1427 3935 25 24 of
1477 3935 59 26 New
1558 3935 45 25 and
1625 3937 99 29 Elegant
1746 3935 42 25 Fur-

1254 3976 59 18 ture.

1255 4066 55 24 Irou
1343 4064 140 29 Budsteads,
1519 4064 97 31 Spring,
1655 4064 68 28 Hair,
1760 4068 44 21 and

1316 4098 106 24 Woollen
1435 4097 73 26 Fioek
1522 4098 146 29 Mattresses,
1682 4098 46 25 acid
1742 4098 45 25 Bed-

1312 4132 58 30 ding
1381 4132 25 22 of
1421 4132 31 22 all
1470 4131 165 31 descriptions.

1256 4195 106 25 Brussels
1384 4194 124 31 Tapestry,
1529 4193 47 25 aad
1609 4193 194 26 Kidderminster

1313 4228 108 29 Carpets.
1439 4227 64 27 Rujjs
1525 4227 46 24 and
1588 4227 122 30 Matting?,
1733 4229 55 23 Lino-

1314 4262 73 22 leums
1412 4260 44 23 and
1477 4259 158 29 Floorcloths,
1653 4255 42 30 Ml
1719 4260 71 25 width

1314 4293 46 25 and
1375 4293 115 25 bordered
1501 4292 37 26 for
1551 4293 105 30 lobbies}.

1255 4357 192 25 Perambulators
1478 4356 139 30 (reveraiblfl
1649 4356 75 24 hoods
1757 4359 43 22 and

1314 4390 86 24 rubber
1411 4390 44 23 tire
1468 4390 104 29 wheels).

1258 4454 94 23 Walnut
1368 4452 174 28 Ovurmantles,
1559 4452 47 24 and
1623 4452 36 24 Gi.
1706 4452 96 29 iirrors,

1316 4488 60 21 tWit
1394 4484 76 25 Wo.id
1484 4487 46 22 ani
1543 4485 65 24 Cap**
1623 4485 91 24 Chairs.

1252 4628 130 24 Furniture
1516 4635 30 15 on
1559 4627 64 23 Time
1635 4626 129 31 Payment.

1300 4696 142 27 Evsrybo'ty
1454 4695 89 23 invited
1553 4699 25 19 to
1591 4702 22 16 ia
1615 4695 13 15 M
1640 4695 46 23 *nd
1698 4694 103 29 Inspect

1254 4728 76 25 Prices
1343 4734 51 19 lent
1407 4737 30 14 on
1452 4729 143 29 application
1609 4732 23 20 to
1644 4735 45 23 any
1708 4733 52 25 part
1779 4735 21 16 o.

1442 4760 40 24 the
1497 4761 117 31 Cdun'ry.

1252 4904 106 30 Country
1380 4903 81 22 orders
1478 4902 140 31 punctually
1640 4901 113 24 attended

1383 4936 46 24 and
1441 4935 116 30 carefully
1569 4934 98 31 packed.

1387 5097 285 26 notice,

1256 5181 66 53 ON
1357 5180 48 23 and
1423 5179 61 23 after
1511 5179 41 23 tbe
1570 5179 34 23 Ist
1623 5178 26 24 of
1675 5178 57 29 July
1759 5186 40 17 om

1334 5212 66 24 Pric-
1414 5213 49 23 List
1478 5212 46 23 will
1543 5212 28 23 be
1581 5218 25 17 as
1619 5210 122 25 follow*—

1264 5284 87 29 Sleep,
1367 5283 30 23 21
1411 5290 42 23 per
1466 5283 23 22 lb
1503 5280 56 25 cash
1615 5280 44 31 2£d
1673 5280 25 24 lb
1709 5281 92 27 booked

1280 5316 59 27 Hde,
1464 5315 37 24 do.
1640 5314 46 31 2sd
1704 5315 40 26 do.

1312 5351 123 23 Alternate
1447 5353 106 26 quarters
1621 5355 42 24 per
1677 5348 33 24 lb.

1283 5412 56 24 Beef
1349 5411 32 24 4d
1395 5414 25 20 to
1437 5410 31 23 t»d
1489 5417 41 23 per
1541 5409 31 24 lb.
1588 5409 125 30 according
1725 5414 25 20 to
1762 5415 40 20 cut

1311 5445 47 22 and
1374 5446 118 27 quantity,
1504 5442 56 23 »ilh
1576 5441 28 23 Id
1615 5442 24 23 in
1653 5442 41 23 the
1705 5442 97 31 shilling

1312 5475 109 24 discouut
1439 5473 36 24 for
1486 5474 64 23 cash.

1282 5539 72 25 Small
1365 5539 81 23 Goods
1458 5537 88 31 always
1557 5545 30 17 on
1599 5537 73 26 hand.

1280 5610 57 24 Five
1353 5616 42 24 per
1405 5612 61 20 cent,
1480 5606 110 24 disrount
1604 5607 47 25 will
1664 5607 30 26 be
1705 5607 98 27 allowed

1251 5654 32 16 on
1299 5644 109 30 monthly
1426 5646 131 28 payments.

1292 5711 126 28 GIDEON
1438 5713 27 23 A.
1487 5710 106 24 SVMTH
1607 5711 23 25 &
1646 5710 66 26 SON.

1424 5744 129 28 Butchera,
1572 5744 84 27 Teriot
1680 5743 101 29 Downs.

1858 822 230 62 GBEATFORD
2119 822 128 26 BOTaNI
2277 824 35 24 \h
2346 824 61 25 DI.S,

2131 856 174 26 company.

1884 922 22 24 If
1916 930 46 24 you
1980 931 38 15 are
2034 923 51 25 tick
2098 926 22 21 in
2139 931 44 21 any
2211 931 50 22 way
2286 926 120 24 whatever

1854 956 58 22 send
1928 964 13 15 a
1956 956 109 29 stamped
2079 957 115 28 envelope
2207 960 23 19 to
2251 964 43 16 oar
2316 965 89 24 agency

1856 988 162 32 Wellington;
2033 992 63 21 state
2113 989 39 24 the
2252 998 23 15 as

1853 1029 38 17 are
1905 1022 102 29 possible
2031 1023 48 23 and
2095 1029 46 24 you
2167 1023 93 23 receive
2277 1023 80 24 advice
2376 1024 28 24 bv

1854 1060 80 17 return
1953 1058 58 26 post.
2028 1058 49 20 Our
2188 1063 39 15 are
2237 1055 31 23 all
2279 1055 122 31 qualified.

1853 1086 20 24 It
1886 1094 45 23 you
1953 1088 96 24 enclose
2070 1088 25 24 2s
2112 1089 6 16 f
2119 1087 24 24 id
2161 1095 34 16 we
2219 1089 44 22 wili
2282 1089 57 24 rend
2357 1097 45 21 you

1852 1128 42 15 ou*
1905 1120 50 24 best
1972 1121 92 28 remedy
2083 1122 36 21 for
2132 1121 39 22 the
2185 1128 61 21 ets*;
2261 1123 84 28 lasting
2358 1129 44 22 you

1853 1159 45 16 two
1916 1153 84 23 weeks.
2035 1153 53 24 You
2106 1161 54 15 save
2176 1161 86 21 money
2287 1161 46 14 am
2347 1155 42 21 doc-

1852 1185 56 24 tors'
1936 1186 53 24 bills
2030 1185 52 25 You
2103 1192 91 18 receive
2223 1195 14 13 a
2247 1186 58 23 ivice
2326 1193 30 15 on
2371 1185 30 23 all

1851 1222 85 25 points,
1957 1227 42 14 sue
2075 1225 79 24 purest
2171 1220 118 21 remedies
2304 1223 51 17 sent
2376 1225 26 15 at

1851 1257 28 15 no
1894 1257 65 17 extr»
1981 1258 50 17 cost
2047 1253 55 23 th«n
2117 1267 11 6 -
2151 1251 132 27 personailv
2301 1249 90 28 bought

1851 1283 29 29 by
1981 1291 58 22 yoar
2053 1282 107 25 bu-tT'-ss
2179 1282 55 22 with
2249 1290 28 14 us
2293 1282 30 29 by
2340 1284 61 25 post.

1849 1316 101 23 Consult
1961 1322 24 17 at
1999 1324 65 16 o»ce.
2103 1319 116 19 Ailments
2237 1315 75 22 which
2326 1321 39 16 are
2376 1317 25 18 at

1849 1349 39 21 the
1900 1354 57 17 timo
1969 1349 102 30 thought
2086 1354 23 17 tv
2122 1349 29 22 be
2163 1349 57 28 light
2239 1355 37 15 are
2285 1347 65 23 often
2361 1347 40 22 the

1991 1382 25 24 of
2028 1390 91 16 s«riou«
2327 1379 73 24 which

1847 1414 19 22 if
1882 1414 71 23 taken
1970 1422 25 15 in
2012 1415 54 24 time
2076 1422 38 15 are
2126 1413 108 24 checked
2244 1419 46 18 at;a
2303 1413 73 23 cuied

1878 1476 205 26 GKKATFORD
2108 1475 185 26 POT\M'JAL
2315 1475 51 25 CO.

1849 1516 144 32 Wellington
2006 1525 7 21 ;
2027 1518 51 22 aico
2086 1521 26 19 at
2127 1515 104 30 Sydney,
2253 1516 144 29 Melbourne,

1908 1554 134 26 Capetown,
2054 1550 47 24 and
2115 1548 98 25 Lincoln
2225 1547 145 32 (England).

1850 1681 136 31 XTAYE
2006 1692 54 30 you
2073 1679 72 31 tried
2159 1678 87 31 Kozie
2258 1678 55 30 Tea
2324 1679 10 29 ?
2373 1678 29 29 If

1945 1728 57 32 Hot,
2028 1723 36 29 do
2095 1732 30 19 so
2157 1725 29 24 at
2211 1730 87 26 once;
2331 1720 21 29 it
2378 1720 22 28 is

1846 1765 142 29 delicious.
2046 1764 34 28 D.
2115 1762 139 34 Cormack,
2294 1763 105 36 Agent,

1847 1805 165 37 Roxburgh.

2132 2202 34 49 A
2196 2206 156 47 Cheap,
2384 2193 227 62 Pleasant!

2327 2267 72 24 AND
2558 2279 5 4 •
2600 2249 11 42 j

2142 2303 226 45 Effectual
2383 2308 188 44 remedy,
2597 2291 14 63 j

2076 2844 530 79 fIjRESEfoYERi

2085 2907 518 100 |w^r^scHsn

2091 2989 13 36 I
2180 2992 185 40 Bronchitis,
2377 2998 142 41 Asthma,
2587 2989 18 52 |

2090 3039 203 38 fOAHSENEss,
2301 3036 149 34 Whooping
2477 3029 124 52 GvajcrJ

2090 3069 13 50 |
2158 3072 161 31 Difficulty
2332 3082 33 21 of
2375 3076 174 35 Breathing,
2591 3070 13 49 j

2220 3111 156 34 Affections
2385 3119 91 26 qfthe
2489 3106 115 41 LungsJ

2084 3144 185 72 |Bronghi*,
2284 3149 164 40 Trachea,.&
2468 3143 136 72 LarynxJ

2084 3202 33 42 i*
2136 3210 63 34 ftcu
2208 3215 89 31 fuaut
2303 3225 25 21 to
2335 3219 164 34 mPucAWR.
2505 3202 98 53 Sutstiti

2083 3255 15 19 K
2276 3246 79 29 /?««/£
2368 3249 107 28 $P£AK£6t
2588 3244 15 33 Hi

2083 3292 13 17 M
2590 3276 12 22 C

2206 3314 28 28 Is
2242 3314 53 29 6<lr
2451 3317 37 29 fid
2498 3316 24 33 &
2532 3319 43 29 Bs,
2584 3316 17 47 f

2083 3363 19 49 I
2196 3379 137 24 PREPARED
2354 3382 67 22 ONLY
2443 3383 36 23 BY
2583 3359 18 53 J

2082 3401 20 49 I
2154 3410 47 27 J-
2227 3411 294 31 BAXTER.
2583 3401 18 40 i

2083 3443 144 31 pfEoicAi.
2244 3445 84 34 Hall,
2338 3448 127 27 Victoria
2473 3448 128 31 StreetJ

2076 3480 67 38 ifo,,,
2177 3484 234 33 CHHISTCHURCH,
2429 3490 67 27 N.Z.
2568 3474 33 50 J

1936 4735 5 13 k
1947 4713 23 30 O
2004 4714 82 30 YOU
2121 4715 166 30 BELIEYK
2325 4714 43 30 IN
2404 4714 159 30 HOUShUI
2582 4713 57 28 >LD
2674 4709 188 33 ECONOMY
2879 4711 11 29 ?

1969 4944 29 23 IF
2024 4946 60 22 YOU
2109 4945 46 27 DO,
2288 4944 54 21 GET
2368 4945 34 20 ()N
2403 4944 3 28 r
2411 4945 15 20 E
2452 4946 35 21 Ob'
2517 4947 25 21 U.
2574 4947 20 21 E.
2621 4944 194 23 SHACKLOCK'S

2094 5048 43 53 0
2211 5048 28 54 IU

2270 5058 8 18 I
2295 5050 27 31 X
2354 5049 28 20 «
2448 5056 5 24 j
2469 5058 8 17 /

2271 5066 25 30 5
2296 5066 25 30 \
2448 5071 5 21 :
2471 5081 6 13 ►

2603 5049 155 57 GES.

1842 5222 28 30 It
1882 5222 56 30 will
1950 5222 72 30 burn
2034 5233 54 28 any
2101 5222 68 30 kind
2183 5222 29 28 of
2227 5222 75 37 Fuel,
2317 5224 54 29 and
2385 5235 22 17 is
2431 5223 175 30 Guaranteed
2628 5228 27 25 to
2678 5222 76 32 Cook
2779 5222 160 37 PASTRY,

2102 5262 136 37 BREA.D,
2268 5276 30 16 or
2326 5264 104 30 ME.IT
2457 5273 27 19 to
2512 5264 166 30 Perfection.

1841 5342 134 39 Requires
1988 5351 35 20 no
2039 5341 115 30 Setting
2165 5355 7 22 ;
2194 5353 49 18 can
2258 5343 33 29 be
2305 5344 126 38 supplied
2446 5344 66 28 with
2534 5344 30 28 Ir
2576 5353 25 19 >n
2615 5354 31 18 or
2660 5342 108 30 Copper
2782 5342 111 35 Boiler,
2909 5353 30 18 or

1868 5384 68 28 witk
1948 5383 79 28 High
2040 5381 140 29 Pressure
2194 5384 111 34 Boiler,
2319 5388 54 25 ami
2389 5385 65 27 with
2469 5384 139 37 Fireplace
2620 5384 44 27 for
2681 5382 87 28 Wood
2783 5393 31 17 or
2827 5382 81 29 Coal.

1842 5458 59 29 Can
1919 5459 35 29 be
1975 5457 129 31 obtained
2125 5457 70 30 from
2219 5460 36 27 all
2277 5460 206 39 Ironmongers.
2525 5461 166 37 Catalogues
2713 5458 99 40 posted
2832 5462 28 25 to
2886 5468 53 29 any

1998 5497 113 30 address
2124 5508 36 19 on
2172 5500 168 39 application
2354 5508 28 23 to
2397 5502 46 28 the
2457 5501 100 29 Maker
2570 5500 55 29 and
2641 5499 141 31 Patentee.

2133 5651 43 37 H.
2226 5654 41 35 E.
2314 5652 332 46 Shacklock,

1953 5731 180 34 GENERAL
2160 5735 197 38 FOUNDRY
2383 5737 276 36 Crawford-street,
2687 5737 142 30 Dcnbdis.

3034 818 187 56 BUY
3319 819 236 58 ONLY

3051 932 404 84 BRAND

3140 1059 409 87 BOOTS
3602 1062 76 84 &
3729 1057 426 89 SHOES,

3794 1283 76 30 FOR
3908 1283 116 30 WEAR

3879 1397 59 22 AJIO

3804 1494 189 33 COMFORT.

2503 1650 49 30 TO
2591 1650 48 29 BE
2677 1653 84 29 HAD
2799 1654 145 30 FROM—

2837 1735 140 39 Johns
3020 1745 85 31 and
3154 1739 216 44 M'Oombe,
3417 1745 168 32 millers
3629 1745 102 31 flat.

3095 1825 66 29 And
3184 1834 50 20 all
3260 1825 215 29 Stobekeepebs.

2542 1277 94 29 BEST
2674 1277 134 31 VALUE

3013 1355 185 51 TRADE

2595 1489 164 30 MARKET

3150 1545 289 27 REGISTERED.

3277 2289 593 59 STOREKEEPERS,

3292 2425 170 31 SCOTLAND
3474 2426 133 30 STREET,
3639 2425 199 27 BOXBUROB.

3512 2734 35 25 w

3552 2776 25 13 A-.

3629 2787 43 29 m

3640 2825 33 20 m

3680 2841 38 19 l£&

3504 2872 28 11 -ey.

3169 3001 41 26 1/

3571 3039 30 31 Is
3612 3046 42 24 an
3664 3038 156 38 unfailing:
3832 3039 77 31 Cure

3423 3100 133 51 Foi°
3608 3103 121 49 Old
3772 3100 297 52 Wounds

3537 3180 214 59 Sores,
3788 3177 196 60 Piles,

3432 3254 283 61 Fistulas,
3749 3255 132 52 Bad
3912 3253 157 66 Legs

3169 3046 52 35 m

3154 3083 37 22 Sir.

3154 3117 30 23 m

3222 3135 51 39 &

3258 3166 29 22 m

3690 3450 166 63 OFSKIN
3884 3448 184 64 DISEASE

3395 3451 173 62 EVERYF

3250 3500 49 23 mm

3578 3591 33 19 fan
3615 3597 11 13 11
3629 3589 42 22 fart
3675 3596 9 13 »i
3688 3589 35 21 ml
3734 3588 48 21 onlv
3792 3589 22 20 nt

3131 3593 33 22 »

2984 3935 122 96 <s°
3136 3945 208 84 D.F.
3398 3942 563 87 PLOUGHS

2982 4086 226 30 IMPORTANT
3228 4086 304 31 IMPROVEMENTS
3552 4086 43 31 IN
3615 4086 180 32 PLOUGHS
3828 4086 90 32 THIS
3941 4087 161 34 SEASON.

2981 4128 46 28 All
3043 4128 196 28 Mouldboards
3253 4139 46 17 are
3312 4139 60 18 now
3387 4128 77 28 made
3478 4132 28 25 to
3519 4128 146 38 duplicate.
3704 4128 59 28 The
3776 4129 79 28 beam
3865 4129 90 28 where
3964 4130 46 28 the
4023 4130 80 30 land,-

3041 4168 74 30 lever
3128 4168 65 30 stud
3206 4168 23 30 is
3243 4168 94 30 bolted
3350 4178 34 20 ou
3398 4173 28 25 to
3440 4168 108 40 Plough
3562 4169 23 29 is
3600 4168 78 30 made
3692 4168 117 30 broader
3823 4173 27 25 to
3865 4175 177 33 compensate

3438 4210 43 28 for
3493 4210 60 28 bolt
3565 4210 86 29 holes.

3166 4284 188 41 Visitors
3380 4293 54 30 to
3461 4292 79 30 the
3569 4285 164 38 Winter
3763 4284 157 39 Shows

2979 4334 56 28 Are
3048 4333 134 39 cordially
3196 4334 105 29 invited
3315 4339 27 24 to
3363 4335 52 28 call
3436 4337 28 26 at
3482 4343 50 19 our
3559 4334 100 29 Works
3681 4333 54 28 ai?d
3754 4334 109 38 inspect
3885 4344 50 19 our
3955 4334 76 38 large
4044 4336 55 28 and

3420 4374 93 29 varied
3532 4374 79 29 stock
3632 4373 30 30 of

3180 4414 327 52 AGRICULTURAL
3600 4413 272 54 J^JACHINtiRY.

2976 4493 69 21 SOLE
3060 4492 110 22 AGENTS
3184 4490 56 22 FOR
3253 4490 95 21 SOUTH
3362 4489 107 20 ISLAND
3483 4488 54 21 FOK
3552 4487 58 21 THE
3624 4487 203 20 WELL-KNOWN

3427 4516 142 36 Rudge
3598 4514 261 37 Whitworth
3889 4516 206 45 Bicycles,

3253 4563 37 38 (A
3311 4562 91 39 Large
3422 4561 88 30 Stock
3532 4565 28 24 to
3584 4560 99 29 Arrive
3702 4560 127 38 shortly.)

2977 4709 24 21 In
3012 4709 49 21 sizes
3071 4708 52 22 from
3134 4708 32 22 6ft
3175 4709 22 20 to
3207 4708 43 21 12ft
3260 4706 58 22 wide.
3345 4705 70 22 Fitted
3427 4704 49 21 with
3486 4705 72 24 patent
3567 4702 125 27 adjustment
3702 4702 32 21 for
3746 4703 113 26 equalising
3869 4704 35 21 the
3915 4704 80 27 weight,
4012 4713 22 13 so
4045 4706 47 21 that

2977 4737 35 22 the
3028 4737 53 21 discs
3089 4739 36 19 cut
3143 4735 112 28 uniformly
3265 4735 51 21 deep
3326 4734 28 21 all
3370 4739 50 16 over
3428 4734 22 19 at
3466 4738 39 19 any
3523 4730 65 27 angle.
3615 4730 43 21 The
3675 4730 48 26 only
3742 4730 64 25 really
3820 4731 51 26 good
3881 4732 42 21 disc
3937 4732 78 21 harrow
4026 4734 19 21 in
4057 4735 35 20 the

3081 4764 88 22 market.
3195 4764 43 20 The
3248 4763 92 25 bearings
3351 4761 41 21 will
3403 4763 35 18 not
3445 4762 35 19 cut
3487 4759 35 20 the
3530 4759 54 24 axle,
3594 4758 41 20 and
3645 4758 71 25 hardly
3729 4764 48 13 ever
3786 4759 81 25 require
3878 4760 111 26 renewing,

3013 4833 89 29 NEW
3137 4831 177 30 POSITIVE
3347 4828 98 31 FEED
3477 4824 225 32 BROADCAST
3742 4824 97 30 SEED
3878 4827 176 30 SOWHJRS!

3052 4883 66 21 THIS
3132 4883 26 21 IS
3172 4882 214 22 UNDOUBTEDLY
3400 4879 56 22 THE
3469 4878 77 21 ONLY
3560 4877 76 22 GOOD
3652 4876 167 22 BROADCAST
3832 4878 71 21 SEED
3916 4879 107 23 SOWER.

3275 4950 79 29 OUR
3392 4945 150 32 PATENT

3049 4993 203 31 COMBINED
3282 4989 130 35 GRAIN,
3445 4986 174 35 MANURE,
3648 4984 24 30 &
3704 4985 146 30 TURNIP
3888 4986 126 31 DRILL.

2974 5035 86 25 Greatly
3072 5035 106 25 improved
3193 5034 31 19 for
3238 5033 41 19 this
3293 5038 77 13 season.
3399 5028 58 21 Made
3472 5028 20 18 in
3507 5026 28 19 all
3550 5026 145 19 combinations
3709 5026 42 19 and
3766 5029 20 16 to
3801 5033 42 12 sow
3861 5028 55 22 grain
3932 5035 23 11 or
3970 5029 80 25 turnips
4064 5034 23 15 at

2975 5062 39 20 will
3035 5061 48 21 with
3093 5069 23 13 or
3126 5061 88 21 without
3224 5065 91 18 manure,
3326 5064 21 14 as
3357 5055 84 22 desired.
3469 5053 48 20 This
3526 5052 16 20 is
3558 5052 35 20 the
3608 5052 49 20 drill
3671 5051 32 21 for
3717 5051 36 21 the
3768 5052 66 21 timaa.
3862 5053 59 21 Mida
3930 5061 41 18 any
3981 5062 27 13 3.z
4014 5062 7 13 i
4032 5055 53 21 front

2974 5078 49 33 four'
3030 5092 21 17 to
3060 5089 56 21 eio-ht
3126 5089 97 23 coulters,
3239 5087 41 21 and
3295 5086 45 20 I4in
3350 5084 90 21 between
3450 5080 35 21 the
3500 5078 69 34 drills;
3589 5080 39 20 and
3637 5078 32 21 for
3678 5086 57 19 grain
3745 5079 40 22 7in.
3798 5078 2 34 ■
3813 5079 69 22 Fitted
3892 5081 50 21 with
3957 5089 43 13 new
4011 5087 72 22 patent

3079 5107 11 9 °
3426 5108 113 26 adjustable
3549 5107 95 20 coulters.

3234 5179 179 33 CHAFFCU
3422 5176 110 30 ITERS
3570 5184 54 19 and
3662 5174 176 30 BAGGERS

3182 5231 155 41 Chaff
3343 5231 202 36 cutters
3591 5226 81 45 (all
3724 5225 168 47 sizes),

2972 5322 206 31 AMERICAN
3203 5318 169 32 WOODEN
3398 5314 181 32 HILLSIDE
3607 5313 189 37 PLOUGHS,
3824 5314 38 29 £3
3894 5318 47 26 10i
3972 5315 114 33 EACH.

3021 5365 105 18 TRIPOD
3142 5361 150 22 HARROWS,
3309 5357 156 25 GRUBBERS,
3478 5356 102 25 DRAYS,
3597 5355 170 21 CAMBRIDGE
3782 5355 133 27 ROLLERS,
3927 5357 109 22 TURNIP

3047 5390 116 22 SLICERS
3180 5387 132 23 PULPERS.
3326 5386 75 20 WIRE
3410 5383 162 22 STRAINERS,
3588 5382 130 25 BINDERS,
3732 5382 69 25 OILS,
3816 5383 93 21 HORSE
3918 5384 94 26 NAILS,

3130 5406 9 4 *
3165 5406 5 9 '
3217 5414 59 22 BAR
3384 5412 39 21 and
3437 5410 27 21 all
3478 5409 206 22 BLACKSMITHS'
3699 5408 150 22 SUNDRIES.

2973 5478 125 49 STow
3139 5475 148 45 /Plain
3304 5473 83 39 and
3403 5470 157 41 Barbed
3575 5470 188 47 Fencing
3785 5470 138 42 Wire!

2998 5537 83 17 PRICKS.
3139 5516 17 39 I
3248 5525 95 37 Iron
3366 5521 187 46 Fencing
3574 5520 241 38 Standards.
3907 5531 10 20 >
3982 5531 81 19 ™°>»-

2976 5621 166 45 Deering
3159 5616 105 50 Pony
3291 5616 34 40 &
3349 5614 178 45 All-steel
3551 5612 230 44 Harvesters
3804 5614 85 40 and
3913 5614 182 45 Binders

3278 5664 140 23 draught
3431 5663 61 22 and
3506 5662 67 22 best
3586 5662 110 22 binder
3709 5662 32 22 in
3754 5661 60 24 the
3827 5663 104 22 world

3065 5725 268 33 ILLUSTEATED
3372 5722 230 33 CATALOGUE
3639 5723 61 30 ON,
3730 5724 270 34 APPLICATION*
4036 5722 4 36 '
