4220 5890
1881 508 150 40 Mount
2074 512 157 45 Benger
2274 507 114 50 Mail.

2013 605 63 20 JUST
2094 606 55 19 AND
2169 606 67 19 FEAR

1965 658 118 27 FRIDAY,
2097 659 114 21 AUGUST
2227 660 33 23 20,
2281 658 55 21 1897.

2008 741 69 42 Our
2106 741 156 49 Railway.

1844 827 4 47 j
1862 827 60 28 The
1937 828 132 37 agitation
2084 828 88 29 which
2194 828 42 28 for
2260 837 75 19 some
2349 827 65 28 time

1846 867 2 40 '
1862 872 63 33 past
1939 868 49 28 has
2003 868 68 29 been
2085 868 86 39 going
2184 879 36 18 on
2232 868 44 28 for
2289 867 46 29 the
2350 877 48 28 pur-

1846 900 2 48 j
1862 917 66 28 pose
1956 907 30 29 of
2015 908 136 40 bringing
2183 908 88 30 South
2300 906 113 30 Central

1846 947 2 38 i
1863 947 90 38 Otago
1964 948 96 28 within
2070 948 157 37 something
2239 948 159 28 likereason-

1846 980 3 53 j
1862 987 61 29 able
1938 987 122 30 distance
2074 988 28 29 of
2116 988 47 28 the
2175 992 78 35 ports
2274 987 54 29 and
2342 997 54 18 mar-

1846 1027 4 43 |
1862 1027 63 29 kets
1938 1029 39 36 by
1990 1029 110 36 railway
2122 1029 228 27 communication
2365 1027 48 27 has

1846 1061 2 44 !
1863 1078 59 19 now
1945 1068 69 29 been
2036 1068 122 37 focused,
2182 1068 54 29 and
2258 1079 15 17 a
2290 1069 123 27 monster

1845 1103 4 53 |
1861 1110 116 37 petition
1999 1113 29 24 to
2052 1110 175 34 Parliament,
2248 1108 89 28 which
2358 1107 54 28 will

1845 1150 51 28 »be
1919 1149 98 38 signed
2042 1150 71 28 from
2137 1149 157 29 Alexandra
2315 1151 29 26 to
2365 1148 47 28 the

1846 1187 2 38 i
1862 1190 83 34 Bluff,
1959 1190 23 27 is
1996 1190 47 28 the
2130 1193 59 32 step
2203 1190 28 26 in
2247 1189 46 27 the
2306 1188 64 37 plan
2384 1187 28 29 of

1845 1227 3 43 ;
1862 1229 153 41 campaign,
2054 1229 109 40 During
2182 1229 47 29 the
2253 1233 64 35 past
2335 1227 77 29 three

1845 1269 2 42 j
1862 1272 109 28 months
1992 1271 46 27 the
2337 1269 61 28 Rail-

1845 1310 1 38 :
1861 1322 58 26 way
1941 1312 119 35 League,
2085 1310 88 28 which
2197 1320 56 18 was
2275 1310 67 28 then
2372 1319 28 17 re-

1844 1348 2 42 j
1860 1350 144 39 organised
2029 1349 89 30 under
2137 1350 47 29 the
2209 1350 161 35 presidency
2385 1349 28 28 of

1844 1389 2 39 ;
1860 1390 46 28 Mr
1916 1390 73 29 John
2003 1390 99 38 Inglis,
2112 1389 117 36 M.C.C.,
2239 1389 173 30 has'worked

1844 1430 2 39 |
1860 1431 259 38 unostentatiously,
2140 1430 65 29 with
2218 1441 16 17 a
2258 1430 153 38 singleness

1844 1470 2 39 !
1859 1472 53 27 and
1928 1472 77 37 unity
2019 1472 36 28 -cf
2071 1482 117 27 purpose
2210 1470 149 37 deserving
2382 1470 29 28 of

1844 1510 2 40 j
1860 1512 34 27 all
1921 1512 97 37 praise,
2044 1512 54 28 and
2130 1512 54 28 this
2211 1510 79 39 spirit
2322 1510 88 30 which

1844 1551 2 39 ;
1859 1552 219 28 animatedtheir
2085 1551 182 39 proceedings
2276 1551 118 35 through-

1844 1587 2 40 '
1860 1597 190 24 out.accounts
2061 1593 46 28 'for
2118 1592 71 30 their
2200 1601 107 19 success
2318 1601 29 19 so
2359 1592 52 35 far,

1844 1632 2 37 !
1860 1634 52 26 and
1928 1634 51 26 will
1996 1641 47 28 yet
2068 1644 39 16 we
2127 1634 53 27 feel
2203 1632 150 34 confident,
2377 1632 35 28 be

1845 1679 5 13 k
1858 1672 48 28 ilie
1916 1683 97 19 means
2027 1673 28 27 r>f
2066 1673 110 37 getting
2199 1671 72 29 their
2293 1670 58 39 just
2365 1671 31 29 de-

1860 1714 82 28 m;md
1967 1713 29 29 of
2022 1714 45 28 the
2093 1711 186 31 construction
2307 1711 29 29 of
2366 1712 46 28 the

1860 1754 110 34 railway
1981 1754 117 28 acceded
2111 1759 37 23 to.
2187 1754 34 27 In
2231 1752 54 28 this
2295 1762 100 18 connec-

1844 1792 2 40 j
1860 1795 55 27 tion
1931 1794 20 28 it
1966 1794 22 27 is
2008 1794 95 38 fitting
2123 1794 60 28 that
2205 1792 53 28 due
2284 1792 110 28 acknow-

1858 1834 159 37 ledgement
2038 1834 99 30 should
2157 1835 33 27 be
2215 1832 79 29 made
2316 1836 31 26 of
2366 1833 46 28 the

1844 1872 2 45 j
1860 1876 131 28 immense
2022 1876 103 28 service
2153 1873 133 31 rendered
2316 1877 27 25 to
2365 1873 47 28 the

1843 1913 1 41 :
1861 1916 109 38 League
1989 1916 52 28 and
2062 1921 28 22 to
2114 1916 45 28 the
2180 1913 110 29 district
2312 1913 38 39 by
2365 1913 47 29 the

1843 1954 2 42 I
1858 1958 156 38 altogether
2036 1954 193 31 disinterested
2253 1955 110 29 labours
2382 1955 30 27 of

1843 1988 61 55 jMr
1937 1997 107 28 Donald
2078 1996 113 36 M'Kay,
2232 1994 66 28 C.K.
2339 1994 71 26 That

1843 2032 1 47 j
1857 2037 157 39 gentleman
2040 2036 97 40 placed
2159 2036 41 28 his
2229 2032 179 40 professional

1843 2075 1 42 ;
1857 2079 118 28 seiwices
1984 2084 28 21 at
2021 2079 46 27 the
2078 2076 118 39 disposal
2205 2076 29 28 of
2242 2076 46 27 the
2298 2075 110 36 League

1843 2114 1 42 j
1856 2118 102 37 during
1982 2118 42 28 his
2044 2121 156 34 temporary
2222 2119 61 33 stay
2309 2114 28 27 in
2361 2114 45 27 the

1843 2154 1 44 i
1856 2159 107 39 colony,
1973 2158 53 29 and
2037 2159 42 28 his
2087 2156 182 39 exceedingly
2281 2154 125 30 valuable

1843 2205 118 34 (reports
1975 2212 34 17 on
2024 2201 47 28 the
2090 2199 107 38 subject
2217 2196 101 36 (which
2342 2206 48 18 can-

1843 2239 1 41 j
1856 2242 95 27 nol'be
1964 2240 145 29 estimated
2131 2240 69 27 from
2224 2248 15 17 a
2262 2241 144 33 monetary

1843 2277 1 42 I
1855 2281 78 38 point
1946 2281 29 28 of
1989 2281 77 35 view)
2084 2279 107 34 should,
2210 2279 36 36 by
2267 2287 98 18 reason
2378 2277 28 28 of

1843 2317 1 45 j
1855 2323 46 27 the
1921 2321 69 33 hisfh
2013 2320 117 38 position
2152 2320 33 27 he
2204 2318 79 29 holds
2306 2318 27 27 in
2359 2317 47 28 the

1843 2357 1 41 I
1855 2363 154 28 estimation
2058 2362 28 28 of
2133 2361 40 28 his
2224 2357 180 41 professional

1843 2399 1 40 |
1855 2404 139 35 brethern,
2008 2415 30 17 as
2053 2403 58 28 well
2126 2413 28 16 as
2168 2403 36 28 bv
2218 2401 47 27 the
2286 2400 119 27 absence

1843 2441 1 40 J
1854 2446 29 27 of
1903 2455 53 26 any
1978 2445 87 29 direct
2085 2444 114 28 interest
2222 2442 137 28 whatever
2377 2441 27 27 in

1843 2480 1 45 |
1854 2486 47 28 the
1914 2490 99 24 matter
2026 2496 34 18 on
2076 2485 42 28 his
2133 2488 69 33 part,
2224 2483 120 28 receives
2358 2481 47 28 the

1843 2521 1 37 I
1854 2530 107 24 earnest
1973 2526 54 28 and
2042 2525 100 30 careful
2163 2521 201 32 consideration
2376 2522 30 29 of

1843 2557 1 46 j
1854 2568 46 27 the
1915 2566 195 28 Government.
2151 2565 43 28 No
2209 2566 100 25 matter
2331 2563 74 27 what

1843 2603 1 41 !
1854 2607 45 29 the
1909 2606 85 30 result
2004 2607 28 28 of
2043 2607 45 28 the
2099 2605 124 39 Leagues
2233 2603 170 30 endeavours

1854 2659 60 25 may
1938 2650 42 30 be,
2009 2648 42 27 Mr
2075 2645 128 36 M'Kay's
2227 2645 95 27 efforts
2348 2645 51 26 will

1853 2687 131 34 certainly
2004 2690 49 24 not
2074 2687 35 28 be
2132 2686 139 38 forgotteu
2297 2685 36 36 by
2357 2685 45 26 the

1853 2728 96 40 people
1974 2728 29 29 of
2029 2728 47 29 the
2098 2726 121 30 districts
2239 2724 162 30 concerned.

1855 2770 97 29 Before
1972 2770 111 35 leaving
2101 2768 54 29 this
2177 2766 104 30 branch
2305 2766 28 28 of
2358 2766 45 28 the

1852 2810 116 38 subject,
1980 2811 21 28 it
2010 2810 22 28 is
2041 2810 52 28 but
2101 2808 76 40 right
2187 2808 59 28 that
2257 2817 38 18 we
2304 2806 97 29 should

1852 2852 57 27 also
1923 2851 142 38 recognise
2079 2851 46 28 the
2145 2850 83 33 ready
2251 2848 54 28 and
2327 2859 56 25 sym-

1851 2892 122 38 pathetic
1986 2892 149 28 assistance
2154 2888 133 30 rendered
2307 2888 35 35 by
2355 2888 46 28 the

1853 2932 84 28 whole
1952 2933 29 27 of
1993 2932 48 28 the
2054 2932 121 27 districts
2189 2939 33 17 nti
2236 2930 44 26 the
2292 2928 107 37 railway

1851 2975 86 32 route,
1951 2972 52 28 and
2015 2970 146 39 especially
2173 2970 68 28 from
2257 2968 128 28 Itivercar-

1851 3013 47 36 gill
1931 3012 53 28 and
2012 3012 70 28 Gore
2131 3010 79 28 With
2241 3008 47 29 the
2316 3008 82 38 quick

1849 3052 156 38 perception
2033 3052 52 28 and
2113 3052 70 28 keen
2209 3048 136 38 foresight
2372 3049 27 28 of

1850 3094 125 27 business
1987 3104 72 23 men,
2074 3094 47 26 the
2141 3091 140 29 executive
2304 3089 93 27 bodies

1848 3134 52 27 arid
1916 3134 132 38 principal
2062 3132 170 29 commercial
2248 3141 59 17 men
2322 3130 28 27 in
2361 3130 33 27 all

1849 3174 44 28 the
1905 3178 87 25 towns
2005 3174 53 29 and
2071 3173 120 29 districts
2200 3182 34 18 en
2244 3172 75 27 route
2328 3170 67 28 have

1846 3218 28 24 at
1888 3225 67 18 once
1968 3214 174 38 appreciated
2159 3214 46 27 the
2226 3212 169 36 advantages

1846 3255 28 27 of
1900 3255 47 28 the
1971 3255 111 37 railway
2104 3255 43 28 for
2171 3257 47 24 the
2243 3251 152 37 legitimate

1846 3295 191 40 development
2069 3295 28 30 of
2130 3295 87 35 trade,
2255 3290 54 31 and
2348 3290 46 30 the

1845 3337 136 34 League's
2007 3337 133 28 demands
2165 3337 69 26 have
2257 3332 137 29 therefore

1843 3376 125 29 received
1984 3376 134 29 universal
2133 3377 117 37 support
2263 3374 70 27 from
2347 3371 46 29 the

1843 3418 97 37 people
1953 3419 29 27 of
2001 3418 86 29 South
2104 3418 89 37 Otago
2216 3415 53 30 and
2292 3413 84 30 South-

1843 3459 62 28 land
1927 3469 34 18 on
1981 3459 46 28 the
2048 3462 86 25 route.
2179 3455 107 31 Backed
2307 3464 36 28 up
2365 3454 26 27 in

1843 3499 54 29 this
1911 3510 59 23 way
1982 3499 38 36 by
2040 3499 46 28 the
2107 3497 161 29 unanimous
2283 3495 67 28 wish
2365 3494 28 29 of

1841 3541 66 28 such
1922 3551 16 17 a
1950 3540 78 39 large
2037 3540 54 28 and
2113 3538 151 30 influential
2286 3536 104 29 section

1841 3581 29 29 of
1896 3582 46 28 the
1973 3581 182 34 community,
2182 3581 20 27 it
2227 3580 23 27 is
2277 3577 115 28 difficult

1841 3626 28 24 to
1883 3622 122 32 imasrine
2016 3622 60 27 that
2086 3632 34 18 on
2132 3621 135 28 sufficient
2277 3618 114 39 enquiry

1841 3665 47 27 the
1914 3662 187 30 Government
2126 3662 53 28 will
2202 3664 49 26 not
2275 3663 29 25 at
2324 3669 67 20 once

1840 3704 116 39 proeeed
1969 3703 61 27 with
2044 3704 45 26 the
2101 3702 185 28 construction
2300 3701 30 28 of
2343 3701 47 27 the

1841 3745 118 36 railway.
2001 3744 80 27 Since
2108 3743 46 27 the
2178 3746 110 33 present
2302 3741 74 36 agita-

1841 3786 54 27 tion
1910 3784 187 32 commenced,
2112 3794 15 16 a
2141 3782 85 28 break
2248 3782 29 27 of
2300 3791 90 28 gauge

1839 3826 54 28 find
1907 3825 46 27 the
1968 3824 128 38 adoption
2112 3823 28 27 of
2158 3833 15 17 a
2190 3826 54 24 two
2258 3822 56 28 feet,
2336 3822 54 27 line

1839 3867 48 27 lias
1914 3866 67 27 been
2013 3862 153 30 mentioned
2181 3874 29 16 as
2225 3862 117 29 suitable
2362 3866 28 24 to

1839 3907 46 27 the
1900 3905 159 29 necessities
2073 3904 28 28 of
2126 3903 47 28 the
2199 3913 70 24 case,
2282 3903 53 27 and
2352 3913 38 17 we

1839 3948 68 28 have
1935 3945 81 29 heard
2044 3944 70 28 from
2140 3944 35 28 all
2190 3947 75 34 parts
2288 3944 28 28 of
2345 3944 45 28 the

1839 3989 97 29 colony
1969 3986 72 37 light
2067 3986 68 28 lines
2161 3984 52 30 and
2239 3996 16 16 a
2286 3995 103 19 narrow

1839 4040 91 24 o-auge
1955 4028 105 36 spoken
2075 4027 30 27 of
2115 4037 29 17 as
2162 4026 116 28 suitable
2293 4031 28 23 to
2344 4028 46 26 the

1839 4071 109 36 present
1966 4066 84 29 needs
2073 4066 29 28 of
2115 4066 47 28 the
2187 4066 105 36 colony.
2332 4065 58 29 The

1839 4108 125 40 question
1981 4118 40 17 we
2032 4106 97 29 should
2139 4106 79 29 think
2233 4106 23 28 is
2269 4116 15 18 a
2294 4105 80 30 debat-

1837 4150 62 29 able
1927 4160 60 21 one,
2015 4148 49 28 but
2091 4147 26 27 in
2141 4158 52 26 any
2216 4156 61 18 case
2293 4157 38 17 we
2345 4158 44 17 are

1837 4190 103 29 certain
1981 4190 61 26 that,
2077 4187 48 28 the
2161 4197 106 17 narrow
2300 4198 89 27 grange

1837 4230 97 29 should
1948 4229 67 29 onlv
2030 4229 34 27 be
2076 4227 66 29 used
2154 4228 42 28 for
2207 4226 103 29 branch
2321 4227 68 29 lines

1837 4272 53 27 and
1917 4271 22 26 it
1964 4268 89 28 would
2081 4268 33 27 be
2143 4272 70 23 most
2239 4268 102 28 unwise
2361 4271 28 25 to

1836 4311 86 28 break
1938 4310 45 27 the
1999 4317 90 28 gauge
2103 4308 26 28 in
2142 4318 15 17 a
2168 4308 118 35 through
2302 4311 87 32 route,

1837 4352 66 28 such
1917 4361 29 18 as
1961 4350 47 28 the
2022 4348 142 29 extension
2179 4348 88 29 which
2283 4358 38 18 we
2344 4359 45 18 are

1836 4391 158 34 asking'for
2008 4391 20 25 is
2043 4400 15 16 a
2074 4390 186 27 continuation
2285 4390 37 26 of.
2362 4390 27 27 It

1837 4430 96 29 should
1962 4430 33 26 be
2010 4428 186 29 remembered
2220 4428 46 28 the
2285 4428 43 28 3ft
2343 4429 43 28 6in

1837 4481 91 28 gauge
1954 4470 22 27 is
2003 4469 72 27 after
2100 4469 35 27 all
2155 4468 63 36 only
2228 4478 16 18 a
2267 4479 120 17 narrrow

1835 4520 98 28 gauge,
1948 4509 54 28 and
2026 4510 100 33 where,
2147 4519 28 18 as
2194 4510 26 26 in
2246 4518 50 18 our
2317 4518 69 21 case,

1821 4552 37 33 |it
1885 4562 48 16 can
1961 4551 33 26 be
2019 4550 102 38 proved
2142 4550 62 26 that,
2218 4550 45 27 the
2289 4553 59 23 cost
2361 4550 29 26 of

1821 4588 201 32 I-construction
2037 4590 29 27 of
2080 4602 15 15 a.
2109 4589 98 29 offrGin
2223 4589 54 28 line
2291 4588 52 28 will
2356 4589 34 27 be

1821 4624 1 46 '
1837 4632 68 38 fully
1916 4629 123 40 justified
2055 4630 35 35 by
2107 4630 45 28 the
2168 4628 87 30 traffic
2279 4633 111 34 present

1821 4670 2 40 |
1836 4673 53 28 and
1916 4670 181 40 prospective,
2124 4671 23 28 it
2168 4670 90 28 would
2285 4670 35 28 be
2340 4681 33 17 un-

1836 4714 52 27 fair
1914 4719 28 20 to
1956 4722 50 17 our
2021 4712 110 27 district
2145 4710 52 28 and
2217 4710 46 28 the
2288 4710 85 28 South-

1836 4753 63 28 land
1926 4751 122 29 districts
2075 4755 28 23 to
2125 4751 73 28 force
2211 4760 16 17 a
2251 4750 86 28 break
2361 4750 29 28 of

1835 4804 92 28 gauge
1936 4804 34 16 on
1981 4803 41 18 us.
2060 4792 88 27 There
2157 4801 14 17 a
2174 4801 11 10 v
2187 4800 14 18 e
2211 4790 79 28 other
2298 4790 91 38 points

1835 4835 84 26 about
1933 4833 47 28 the
1993 4832 110 36 railway
2118 4831 62 28 that
2192 4840 62 26 may
2268 4830 34 28 be
2312 4830 74 28 dealt

1835 4874 65 29 with
1926 4885 29 16 as
1978 4872 122 30 occasion
2116 4872 99 33 arises;
2237 4870 51 28 but
2300 4870 26 28 in
2342 4870 46 28 the

1835 4915 147 29 meantime
1995 4924 39 18 we
2049 4912 87 28 would
2151 4920 68 27 urge
2232 4920 82 28 every

1834 4957 52 28 tier
1900 4967 32 16 on
1948 4955 47 28 the
2004 4959 87 28 route,
2103 4953 71 28 from
2185 4950 157 29 Alexandra
2357 4955 27 24 to

1834 4997 47 27 the
1893 4995 111 34 Bluff,to
2013 4996 48 25 not
2073 4993 63 36 only
2148 4992 60 36 sign
2215 4990 46 28 the
2272 4990 113 38 petition

1833 5037 52 29 but
1907 5036 56 29 also
1978 5039 27 26 to
2020 5033 129 31 continue
2175 5035 27 26 to
2225 5031 65 39 give
2315 5031 72 30 their

1832 5078 84 28 moral
1932 5077 54 28 and
2000 5075 131 39 practical
2154 5077 115 33 support
2283 5078 28 23 to
2336 5073 46 28 the

1832 5118 106 39 project
1958 5116 70 30 until
2048 5115 55 28 this
2127 5122 142 27 necessary
2287 5113 95 37 public

1832 5159 74 28 work
1930 5159 22 27 is
1974 5155 183 30 constructed.
2198 5152 57 28 The
2270 5153 113 37 railway

1830 5200 120 36 League,
1960 5207 29 18 as
1999 5207 40 17 we
2049 5197 67 27 have
2126 5193 114 35 said,are
2249 5193 134 37 perfectly

1829 5239 163 28 unanimous
2025 5247 29 17 as
2081 5239 27 24 to
2138 5234 70 29 their
2237 5233 60 36 just
2328 5233 54 27 and

1829 5276 158 30 reasonable
2001 5274 142 29 demands,
2192 5272 4 34 i
2206 5272 52 33 hey
2272 5272 50 27 ask
2337 5272 45 26 for

1828 5319 49 28 but
1891 5328 16 17 a
1920 5313 213 40 comparatively
2147 5313 75 29 short
2236 5310 141 30 extension

1827 5359 28 28 of
1869 5355 171 37 twenty-five
2053 5354 85 34 miles,
2150 5352 64 36 only
2227 5352 53 27 five
2300 5350 77 29 miles

1827 5399 28 28 of
1868 5396 88 29 which
1970 5398 125 35 presents
2121 5404 54 27 any
2197 5390 178 40 engineering

1826 5436 165 34 difficulties,
2001 5434 53 27 and
2067 5434 53 27 this
2131 5434 53 27 line
2193 5431 90 29 would
2295 5431 83 36 bring

1825 5478 28 29 in
1872 5475 84 32 touch
1976 5474 65 30 with
2065 5474 47 29 the
2132 5471 131 32 seaboard
2283 5480 51 20 one
2348 5470 29 30 of

1825 5519 47 28 the
1904 5519 72 25 most
2001 5516 149 35 important
2186 5512 104 36 mining
2322 5512 53 27 and

1824 5556 122 38 farming
1978 5554 123 28 districts
2133 5555 27 27 in
2193 5554 46 27 the
2268 5551 105 37 colony.

1825 5598 76 37 They
1915 5597 69 28 have
1998 5594 110 38 already
2121 5595 69 28 done
2200 5592 53 30 and
2263 5590 56 29 will
2327 5595 48 34 yet

1824 5639 44 34 do,
1882 5647 40 18 we
1942 5635 53 28 feel
2009 5645 70 24 sure,
2102 5634 125 39 splendid
2250 5632 75 28 work
2345 5632 26 26 in

1824 5675 169 39 forwarding
2006 5675 47 28 the
2067 5675 112 40 project,
2193 5673 54 30 and
2261 5672 43 29 for
2316 5671 56 29 this

1823 5720 66 38 they
1902 5718 113 29 deserve
2036 5716 47 29 the
2105 5716 129 31 heartiest
2256 5717 115 34 support

1822 5760 30 30 of
1865 5760 47 28 the
1925 5756 116 30 district.
2081 5755 52 31 We
2145 5758 71 39 hope
2230 5764 61 19 now
2303 5754 66 37 they

2441 178 70 29 have
2522 181 51 35 put
2583 178 72 29 their
2673 180 88 29 hands
2775 184 30 25 to
2826 179 55 28 the*
2887 178 105 39 plough

2440 218 67 38 they
2518 217 56 29 will
2586 221 50 26 not
2652 220 76 29 relax
2740 219 73 30 their
2834 218 94 30 efforts
2952 218 41 29 till

2440 259 72 28 their
2528 258 103 29 desires
2645 270 46 18 are
2699 259 219 37 accomplished;
2939 258 54 28 and

2440 298 67 28 with
2528 298 47 29 the
2597 308 74 20 same
2696 309 114 27 energy,
2832 298 79 38 unity
2940 298 53 29 and

2440 338 210 30 determination
2659 340 61 28 that
2729 340 65 37 they
2804 340 72 28 have
2883 339 110 37 already

2440 379 152 39 displayed,
2615 389 41 18 we
2688 390 51 17 can
2767 380 118 37 promise
2918 380 75 27 them

2440 420 61 28 that
2509 419 97 28 within
2615 423 54 24 two
2678 429 79 27 years
2767 419 71 28 their
2848 420 145 28 extension

2441 460 54 28 will
2508 460 34 28 be
2553 470 16 18 a
2579 459 128 39 working-
2719 460 119 36 railway,
2848 459 54 29 and
2916 470 62 18 earn-

2441 501 50 37 ing
2504 500 115 28 interest
2631 508 35 19 on
2680 500 46 28 the
2740 500 99 38 capital
2859 500 93 37 outlay
2967 503 26 24 at

2441 540 69 28 that.

2443 621 54 29 For
2519 622 47 28 the
2586 626 62 34 past
2668 632 81 19 seven
2768 633 31 17 or
2818 623 78 38 eight
2919 634 77 27 years

2646 662 47 29 the
2706 663 94 37 public
2822 663 69 28 have
2912 664 84 28 heard

2460 711 66 20 opal
2550 711 76 20 field
2645 702 70 29 from
2740 704 66 28 time
2829 707 29 26 to
2878 703 67 30 time
2969 704 27 29 of

2528 753 30 20 in
2645 743 47 29 the
2706 743 139 30 existence
2855 745 27 28 in
2899 745 97 29 Mount

2443 793 183 20 Canterbury.
2646 783 65 28 Peel
2720 784 118 36 district,
2848 795 67 19 near
2926 786 53 29 Ash-

2647 824 110 36 burton,
2787 825 29 28 of
2840 836 15 17 a
2880 826 63 29 field
2968 827 28 28 of

2443 865 123 38 precious
2586 865 62 38 opal
2667 869 102 26 stones.
2809 865 57 30 The
2881 870 73 25 want
2968 867 28 28 of

2444 905 98 30 skilled
2556 905 173 39 knowledge,
2744 915 144 29 necessary
2902 910 28 26 to
2949 907 47 28 the

2444 946 170 34 recognition
2646 945 30 28 of
2707 946 164 29 indications
2907 947 88 28 which

2445 985 86 29 would
2552 995 84 29 prove
2648 985 45 28 the
2717 987 151 28 soundness
2897 987 30 28 of
2949 987 47 29 the

2443 1026 152 37 discovery,
2625 1026 49 28 has
2709 1025 122 30 hitherto
2860 1028 134 37 probably

2443 1066 126 30 retarded
2603 1066 49 29 the
2674 1065 194 41 development
2894 1067 29 31 of
2947 1068 47 30 the

2443 1107 73 35 field,
2530 1108 51 27 but
2594 1110 94 25 recent
2701 1107 58 29 files
2780 1108 73 29 from
2880 1109 97 29 Canter-

2444 1147 70 38 bury
2528 1151 70 25 state
2610 1147 62 29 that
2685 1157 15 19 a
2713 1157 65 28 very
2801 1149 115 29 decided
2937 1149 42 29 for-

2444 1187 73 28 ward
2529 1190 60 35 step
2603 1187 48 28 has
2663 1197 62 19 now
2738 1189 69 27 been
2830 1189 83 28 taken
2927 1190 65 28 with

2443 1227 101 39 regard
2570 1231 29 26 to
2631 1227 47 30 the
2707 1227 152 42 discovery.
2899 1229 79 40 Speci-

2444 1279 77 17 mens
2540 1269 30 28 of
2589 1272 78 25 stone
2687 1269 29 28 in
2737 1270 87 28 which
2848 1271 45 28 the
2917 1271 76 38 opals

2443 1318 45 17 are
2501 1308 95 35 found,
2610 1309 54 27 and
2675 1309 57 28 also
2745 1320 16 17 a
2773 1310 117 28 number
2902 1312 29 26 of
2947 1311 47 27 the

2443 1358 77 27 gems
2549 1348 165 29 themselves
2744 1352 62 33 (one
2834 1355 160 33 prospector

2444 1388 121 39 brought
2587 1388 28 28 in
2646 1392 103 35 twenty
2773 1389 66 38 fiery
2865 1391 77 36 opals
2964 1390 29 28 of

2443 1429 126 38 splendid
2589 1429 97 35 lustre)
2711 1441 70 17 were
2803 1430 143 29 exhibited
2965 1430 27 28 in

2443 1469 161 29 Ashburton
2618 1470 54 28 and
2693 1469 197 30 Christchurch
2910 1471 85 27 about

2442 1520 15 17 a
2471 1509 95 29 month
2580 1520 63 29 ago,
2666 1510 66 28 with
2758 1510 47 28 the
2827 1511 87 27 result
2935 1510 60 28 that

2442 1550 156 37 operations
2629 1550 124 28 received
2781 1561 16 16 a
2824 1554 98 34 strong
2945 1550 33 28 im-

2443 1593 89 35 petus,
2546 1590 53 28 and
2610 1590 78 30 there
2702 1600 45 18 are
2761 1600 61 18 now
2836 1601 15 17 a
2866 1590 84 30 dozeu
2965 1601 31 19 or

2444 1631 92 27 fifteen
2551 1631 93 28 claims
2669 1630 84 37 being
2773 1630 112 29 worked
2899 1643 35 16 on
2948 1632 46 27 the

2444 1669 71 29 field.
2556 1669 143 39 Speaking
2712 1672 28 25 to
2753 1680 15 17 a
2779 1671 214 37 correspondent

2443 1710 28 28 of
2503 1710 47 28 the
2613 1709 173 38 Canterbury
2812 1710 110 37 Press/'
2949 1712 45 28 Mi-

2443 1750 101 37 Lyons,
2591 1761 15 17 a
2657 1754 161 33 prospector
2862 1752 68 29 with
2979 1763 15 17 a

2443 1790 167 38 lengthened
2625 1790 161 37 experience
2800 1791 27 27 in
2842 1792 62 38 opal
2924 1792 52 29 min-

2442 1831 48 36 ing
2504 1830 27 27 in
2546 1830 185 35 Queensland,
2745 1832 147 37 expressed
2916 1837 78 33 great

2442 1870 157 29 confidence
2624 1871 28 27 in
2674 1871 47 27 the
2744 1872 139 30 existence
2907 1874 30 28 of
2960 1884 33 18 an

2441 1910 62 36 opal
2526 1911 63 28 field
2612 1914 29 25 at
2666 1911 100 28 Mount
2791 1912 73 37 Peel,
2890 1925 30 18 as
2946 1915 47 28 the

2441 1950 166 31 indications
2619 1961 36 20 on
2671 1956 47 33 top
2735 1954 40 28 off
2786 1954 46 29 the
2851 1956 140 28 mountain

2441 1992 91 26 where
2558 1992 46 26 the
2629 1992 143 37 workings
2798 2004 46 18 are
2869 2004 71 19 were
2965 1996 26 27 in

2440 2040 83 29 every
2537 2031 147 38 particular
2709 2034 108 38 exactly
2841 2034 103 30 similar
2965 2039 28 26 to

2439 2071 61 34 opal
2512 2071 116 38 bearing
2641 2077 113 34 country
2767 2074 27 28 in
2806 2074 185 36 Queensland.

2441 2111 80 28 From
2532 2111 47 28 the
2591 2114 68 26 tests
2671 2112 33 28 he
2716 2114 52 28 had
2780 2115 88 36 made,
2878 2117 98 28 extend-

2439 2151 49 40 ing
2511 2163 66 18 over
2598 2154 103 28 several
2724 2156 147 36 months/'
2881 2157 35 29 he
2938 2168 54 18 was

2439 2203 62 18 sure
2512 2194 60 28 that
2584 2193 35 29 he
2633 2195 90 29 would
2736 2197 34 27 be
2782 2198 71 35 able,
2867 2199 96 28 within
2977 2210 16 17 a

2438 2244 64 27 very
2518 2234 71 28 brief
2601 2236 104 36 period,
2719 2240 29 25 to
2761 2238 98 39 satisfy
2873 2239 41 28 his
2927 2250 60 18 own

2436 2284 136 28 company
2586 2275 54 28 and
2662 2276 48 29 the
2723 2280 111 35 general
2855 2280 93 36 public
2962 2281 29 28 of

2436 2314 47 28 the
2497 2314 138 30 existence
2650 2316 31 28 of
2694 2318 76 37 opals
2784 2319 29 27 of
2827 2319 46 29 the
2894 2324 95 34 purest

2435 2354 53 30 and
2500 2355 100 30 richest
2606 2357 105 39 quality
2721 2358 28 29 in
2758 2359 45 29 the
2814 2360 100 31 Mount
2925 2361 62 30 Peel

2618 2398 66 28 This
2706 2400 55 27 will
2783 2401 34 28 be
2834 2412 66 28 very
2926 2403 48 28 wel-

2434 2447 77 19 come
2547 2447 75 20 news
2649 2443 28 25 to
2710 2441 47 29 the
2784 2442 136 31 residents
2960 2445 29 28 of

2435 2478 181 38 Canterbury,
2639 2481 55 28 and
2717 2481 110 37 indeed,
2854 2485 99 28 should
2972 2496 16 17 a

2432 2518 77 38 large
2535 2519 64 29 field
2622 2530 70 29 open
2716 2527 56 27 out,
2793 2523 47 29 the
2861 2524 127 39 industry

2434 2559 52 28 will
2511 2559 33 29 be
2558 2560 28 29 of
2610 2565 80 33 great
2703 2562 169 37 importance
2892 2569 28 24 to
2942 2566 45 28 the

2432 2599 98 39 colony
2555 2604 29 25 at
2609 2601 86 40 large.
2738 2603 82 40 Opals
2841 2616 46 18 are
2911 2606 76 30 often

2432 2641 86 28 found
2537 2642 28 27 in
2587 2643 73 27 what
2673 2654 46 17 are
2740 2644 100 28 known
2855 2656 30 17 as
2900 2647 86 36 pipes,

2431 2680 54 28 and
2500 2683 76 26 these
2589 2681 78 39 pipes
2681 2693 40 26 or,
2732 2693 30 19 as
2776 2683 64 40 they
2848 2685 91 37 might
2952 2686 32 28 be

2432 2721 113 35 termed,
2568 2722 77 29 veins
2667 2733 31 20 or
2719 2733 100 28 seams,
2833 2726 69 29 have
2917 2727 68 29 been

2432 2762 101 29 known
2554 2766 29 26 to
2598 2764 33 29 be
2643 2764 60 29 50ft
2717 2776 30 17 or
2763 2766 61 29 60ft
2844 2766 27 29 in
2888 2768 95 37 length

2431 2802 28 29 of
2472 2812 65 28 pure
2560 2803 70 38 opal.
2671 2804 55 30 For
2747 2807 54 27 real
2831 2807 67 39 fiery
2921 2808 63 39 opal

2431 2843 45 29 the
2490 2845 142 37 quotation
2641 2850 28 24 at
2681 2853 112 31 present
2803 2848 23 28 is
2836 2859 29 17 as
2878 2850 64 37 high
2954 2860 30 18 as

2431 2885 36 27 £5
2495 2895 49 27 per
2561 2891 84 30 carat,
2669 2887 45 28 the
2735 2888 73 37 price
2827 2889 29 28 of
2878 2900 105 26 course,

2431 2925 115 37 varying
2556 2926 65 28 with
2632 2927 45 27 the
2686 2929 105 36 quality
2802 2929 29 27 of
2843 2930 46 28 the
2900 2935 79 25 stone

2431 2964 48 27 but
2505 2975 30 18 as
2549 2965 76 29 there
2646 2966 23 28 is
2683 2969 160 35 practically
2866 2980 34 17 an
2932 2980 34 18 un-

2429 3003 104 30 limited
2548 3004 118 30 demand
2683 3007 43 28 for
2737 3007 59 29 first
2813 3009 70 29 class
2894 3020 88 28 gems,

2427 3043 21 28 it
2462 3044 54 28 will
2528 3045 34 28 be
2575 3055 64 19 seen
2661 3047 62 29 that
2737 3048 46 29 the
2805 3048 135 37 disoverv,
2960 3052 23 28 if

2428 3085 20 26 it
2462 3090 77 23 turns
2553 3090 48 24 out
2615 3097 36 27 up
2665 3092 28 23 to
2707 3091 197 36 expectations,
2927 3092 22 27 is
2965 3102 16 18 a

2425 3124 139 30 fortunate
2574 3137 51 17 one
2639 3127 42 28 for
2699 3127 181 40 Canterbury.
2921 3132 57 28 The

2426 3163 186 31 Government
2626 3167 47 29 has
2688 3168 69 29 been
2770 3170 86 28 asked
2868 3175 27 24 to
2907 3172 68 28 send

2424 3215 34 17 an
2473 3210 97 33 expert
2583 3210 27 25 to
2625 3214 92 31 report
2727 3220 35 17 on
2777 3210 47 28 the
2836 3211 72 33 field,
2923 3212 55 29 and

2424 3245 47 28 the
2484 3247 84 27 result
2581 3247 29 27 of
2624 3248 41 28 his
2679 3249 63 28 visit
2752 3250 54 27 will
2822 3251 33 27 be
2867 3252 112 38 eagerly

2423 3285 167 40 anticipated
2601 3288 35 39 by
2647 3288 133 31 investors
2791 3291 54 29 and
2855 3292 45 29 the
2907 3294 54 38 pub-

2424 3327 33 28 lic
2468 3329 149 35 generally.

2449 3422 43 21 The
2510 3423 92 21 Premier
2619 3424 17 21 is
2653 3426 99 24 expected
2770 3428 22 20 to
2810 3428 67 21 arrive
2902 3430 21 20 in
2942 3430 36 21 the

2421 3449 72 27 colouy
2502 3457 26 14 ou
2539 3451 36 21 the
2585 3452 49 21 13th
2643 3459 58 19 prox.

2447 3492 18 18 A
2476 3489 112 27 cablegram
2600 3492 63 21 states
2673 3492 46 22 that
2725 3493 66 27 blight
2801 3495 16 21 is
2834 3497 96 26 ravaging
2937 3497 38 21 the

2420 3519 71 23 potato
2500 3525 58 19 crops
2568 3519 21 20 in
2597 3520 101 21 Limerick
2707 3521 40 21 aud
2753 3521 58 22 Clare
2822 3523 106 23 Couuties.

2447 3557 22 20 It
2478 3557 16 21 is
2504 3558 98 26 expected
2609 3560 47 21 that
2665 3560 125 24 Parliament
2802 3563 40 21 will
2850 3567 54 19 meet
2913 3565 20 21 in
2941 3565 35 21 the

2420 3585 40 20 lust
2470 3586 55 20 week
2535 3586 19 21 in
2569 3587 121 27 September
2699 3596 23 14 or
2732 3591 56 26 early
2799 3591 20 21 in
2832 3592 98 22 October.

2446 3624 39 21 We
2497 3625 67 21 would
2577 3626 78 22 remind
2668 3635 37 14 our
2718 3629 79 21 readers
2808 3630 47 22 that
2867 3631 31 21 Mr
2908 3631 23 23 0.
2947 3632 23 22 J.

2420 3652 95 28 Coombs,
2526 3660 85 20 surgeon
2622 3655 83 28 dentist,
2712 3656 17 22 is
2738 3657 21 21 in
2768 3658 109 27 Roxburgh
2886 3661 85 27 to-day,

2420 3680 39 21 aud
2473 3687 46 19 may
2529 3682 24 20 be
2563 3683 105 21 consulted
2682 3688 21 16 at
2716 3685 84 21 Heron's
2811 3687 71 21 Hotel.

2445 3718 76 26 Giving
2546 3720 95 21 evidence
2660 3721 69 21 before
2749 3723 34 21 the
2803 3724 40 21 Old
2862 3726 43 25 Age
2922 3726 38 21 Pen-

2420 3746 42 19 sion
2472 3746 124 21 Committee
2605 3748 21 20 in
2637 3749 119 21 Melbourne
2768 3752 90 26 recently
2869 3753 31 19 Mr
2911 3754 21 21 J.
2948 3755 22 19 A..

2422 3773 85 25 Panton,
2528 3774 45 20 who
2592 3775 35 20 has
2641 3775 39 21 had
2698 3777 141 23 considerable
2853 3781 122 22 experience

2419 3807 22 13 as
2466 3808 12 12 a
2488 3801 64 25 police
2576 3802 118 26 magistrate
2709 3811 20 13 in
2747 3805 126 27 Melbourne,
2907 3809 66 20 stater!

2420 3828 45 21 that
2475 3828 16 20 it
2501 3835 39 14 was
2552 3836 45 20 very
2613 3836 44 15 rare
2667 3831 73 22 indeed
2750 3832 46 22 that
2811 3840 12 14 a
2840 3841 31 13 r-'s
2880 3836 93 23 pectable

2419 3855 34 21 old
2471 3855 69 27 digger
2557 3863 23 14 or
2597 3857 76 22 artisan
2692 3866 40 14 was
2749 3859 88 26 brought
2851 3862 69 21 before
2943 3864 30 20 his

2419 3887 64 17 court.

2445 3922 43 20 The
2520 3923 116 22 Southland
2651 3924 119 23 Charitable
2788 3927 37 22 Aid
2855 3929 68 22 Board
2939 3937 32 14 are

2418 3950 127 24 considering
2564 3951 35 21 the
2615 3954 94 25 question
2727 3954 22 20 of
2768 3955 35 21 the
2822 3958 99 25 purchase
2930 3958 22 20 of
2961 3965 11 14 a

2418 3977 52 21 farm
2482 3978 64 22 which
2559 3979 16 21 it
2582 3980 15 20 is
2608 3981 97 26 proposed
2714 3983 21 20 to
2745 3983 56 21 work
2812 3984 26 26 by
2847 3985 36 21 the
2893 3992 77 20 agency

2418 4005 21 21 of
2462 4006 34 21 the
2522 4007 33 21 old
2575 4015 45 14 men
2636 4014 22 15 at
2674 4016 81 19 present
2785 4012 21 21 in
2833 4014 34 19 the

2418 4034 98 25 Opinions
2526 4042 34 13 are
2569 4036 81 21 divided
2668 4036 93 22 between
2771 4039 35 20 the
2821 4040 66 21 Lome
2895 4042 74 19 Estate

2416 4061 42 19 and
2470 4061 36 19 the
2523 4062 154 21 Retreat—two
2696 4066 42 18 well
2759 4066 73 21 known
2853 4068 115 25 properties

2418 4087 52 21 close
2493 4092 22 16 to
2531 4089 138 27 Invercargill.
2697 4092 43 20 The
2761 4093 76 21 former
2855 4096 116 25 comprises

2417 4122 55 13 some
2491 4116 26 20 50
2532 4123 55 15 acres
2604 4118 40 20 aud
2663 4120 65 19 would
2745 4126 43 15 cost
2803 4122 63 21 about
2884 4122 39 21 £.20
2935 4130 36 18 p-r

2417 4149 53 20 acre,
2497 4144 59 21 while
2580 4145 36 20 the
2639 4146 92 26 Retreat,
2756 4150 154 24 compromising
2936 4151 35 20 117

2418 4176 61 20 acies,
2490 4177 36 14 can
2537 4171 24 22 lie
2570 4174 81 20 secured
2661 4174 32 21 for
2700 4174 41 22 £ls
2752 4183 36 19 per
2799 4183 52 15 acre.

2442 4220 43 22 The
2503 4222 55 21 Hon.
2576 4223 55 21 John
2648 4225 110 22 M'Kenzie
2776 4226 20 21 in
2815 4228 59 26 rep'y
2895 4231 20 17 to
2935 4229 35 19 the

2417 4248 108 22 invitation
2535 4250 22 21 of
2567 4257 11 14 a
2588 4251 54 25 large
2652 4253 86 20 number
2747 4254 22 20 of
2779 4262 21 12 se
2812 4255 48 20 tiers
2879 4259 21 16 t.o
2919 4256 47 19 visit

2418 4275 40 21 this
2464 4276 85 23 district,
2554 4278 35 20 has
2597 4279 80 20 written
2685 4280 46 20 that
2739 4281 59 20 while
2805 4282 100 25 thanking
2912 4282 56 21 them

2417 4302 32 20 for
2460 4303 49 20 theii
2523 4304 48 21 kind
2581 4306 116 27 invitation,
2705 4308 25 19 he
2738 4315 49 19 very
2794 4310 59 20 much
2862 4311 103 24 regretted

2418 4329 47 21 thafc
2476 4334 21 17 at
2508 4332 35 20 the
2553 4336 81 22 present
2644 4334 49 21 time
2709 4336 17 19 it
2742 4342 38 14 was
2797 4337 117 26 impossible
2940 4338 29 21 for

2417 4357 43 23 him
2470 4361 22 19 to
2501 4364 34 22 get
2544 4368 57 18 away
2609 4361 53 22 from
2674 4362 73 22 VVellin
2764 4366 35 18 ton
2822 4366 67 26 owing
2905 4369 20 17 to
2937 4366 34 20 the

2418 4386 84 21 absence
2512 4388 21 20 of
2542 4388 35 20 the
2588 4389 90 20 Premier
2688 4390 52 20 from
2750 4391 35 20 the
2796 4393 80 24 colony,
2886 4393 38 19 and
2937 4394 34 18 the

2418 4412 42 20 fact
2470 4413 46 20 that
2525 4421 21 12 as
2554 4421 48 14 soon
2613 4421 21 14 as
2644 4416 25 19 he
2679 4417 96 20 returned
2792 4417 49 26 they
2862 4419 66 20 would
2948 4419 12 20 b
2968 4412 3 31 •

2418 4440 92 26 eutering
2526 4447 54 20 upon
2603 4449 11 14 a
2635 4444 75 20 session
2730 4444 21 20 of
2775 4444 132 24 Parliament.
2939 4447 32 21 He

2418 4466 65 26 hoped
2495 4470 21 18 at
2523 4475 54 14 some
2587 4469 69 20 future
2671 4470 50 20 time
2740 4473 23 18 to
2781 4472 23 20 be
2822 4473 45 20 able
2883 4477 21 16 to
2917 4475 51 19 avail

2419 4493 83 22 himself
2512 4496 21 19 of
2544 4496 53 21 their
2609 4495 51 22 kind
2669 4497 116 20 invitation.

2444 4540 43 20 The
2500 4539 124 26 Wellington
2634 4543 157 24 correspondent
2799 4544 23 20 of
2831 4544 35 20 the

2420 4567 60 25 Daily
2611 4568 80 20 writes:
2744 4569 11 21 I
2782 4571 50 19 have
2853 4578 47 14 verv
2919 4573 51 24 good

2418 4594 89 26 grounds
2532 4594 32 20 for
2580 4595 76 25 statiDg
2674 4595 46 21 that
2730 4596 36 20 the
2784 4597 62 25 prices
2865 4598 21 20 of
2897 4598 74 21 hicvles

2418 4629 33 13 are
2467 4621 63 24 likely
2540 4623 22 19 to
2571 4621 91 27 undergo
2680 4629 11 14 a
2702 4623 137 22 considerable
2860 4625 107 21 reduction

2418 4649 69 22 before
2498 4656 60 19 many
2577 4651 82 19 months
2674 4657 34 15 are
2718 4658 54 15 over.
2801 4652 20 21 It
2835 4659 47 20 may
2902 4656 35 19 not
2947 4653 24 22 b«

2418 4677 102 28 generally
2538 4677 75 21 knrwn
2631 4678 47 20 that
2692 4685 12 14 a
2713 4679 45 26 ring
2775 4687 23 12 or
2809 4684 55 17 trust
2881 4681 36 20 has
2936 4682 31 20 for

2417 4713 55 12 some
2481 4706 50 19 time
2544 4706 44 24 past
2596 4706 113 20 controlled
2718 4706 36 21 the
2764 4708 54 24 price
2827 4708 22 20 of
2863 4708 103 26 bicylesiu

2422 4732 97 20 £mericit.
2718 4734 111 25 Company,
2848 4741 38 14 one
2897 4736 21 19 of
2930 4736 35 19 the

2417 4759 75 24 largest
2501 4759 62 26 firms,
2574 4759 36 20 has
2619 4765 45 14 now
2676 4759 116 22 withdrawn
2801 4760 51 21 from
2864 4762 35 20 the
2907 4764 62 24 trust,

2417 4787 40 20 and
2476 4785 35 22 the
2527 4786 99 21 it.fluence
2642 4786 23 20 of
2677 4787 41 20 this
2727 4788 97 21 secession
2836 4788 35 21 has
2887 4789 83 25 already

2417 4814 49 19 been
2479 4813 38 20 felt
2526 4814 19 19 in
2562 4814 35 19 the
2607 4813 93 26 adjacent
2707 4814 87 20 colonies
2803 4816 39 19 arid
2851 4816 117 21 Columbia,

2402 4839 2 27 j
2417 4840 87 26 Bicyles,
2523 4840 64 19 which
2597 4839 98 26 formerly
2712 4841 45 20 sold
2767 4842 31 19 for
2818 4842 40 21 £25
2867 4849 35 14 are
2924 4850 44 13 now

2402 4866 1 35 J
2418 4868 87 21 neduced
2516 4868 21 20 to
2547 4866 41 22 £2O
2597 4867 20 20 in
2627 4867 89 26 Sydney.

2402 4906 15 26 /
2650 4919 12 13 a
2679 4912 59 20 small
2756 4912 51 21 form
2912 4915 57 26 print

2418 4940 110 26 published
2545 4941 19 19 in
2580 4939 153 27 Christchurch,
2744 4939 35 21 has
2796 4948 55 14 come
2866 4945 21 17 to
2904 4942 62 23 hand.

2417 4970 43 20 The
2470 4969 72 19 Editor
2551 4968 17 20 is
2578 4966 33 20 Mr
2620 4967 29 21 H.
2660 4968 26 19 A.
2705 4967 111 26 Atkinson,
2827 4969 47 25 and,
2892 4976 22 13 as
2932 4971 34 19 the

2417 5002 58 15 name
2484 4995 22 21 of
2523 4994 36 20 the
2572 4993 81 26 journal
2667 4993 85 26 implies,
2769 4994 17 20 it
2800 4995 17 20 is
2832 4997 21 19 to
2867 4995 24 21 be
2900 5003 25 13 an
2933 5004 22 14 ex-

2417 5025 76 26 ponent
2512 5022 22 22 of
2549 5022 35 21 the
2603 5021 33 21 tad
2654 5028 29 18 or,
2702 5028 21 14 as
2740 5021 35 21 the
2803 5023 73 21 Editor
2899 5025 66 21 would

2416 5051 99 28 probably
2533 5050 68 27 prefer
2617 5050 16 20 it
2649 5052 21 18 to
2679 5049 25 21 be
2727 5050 71 27 called,
2817 5051 36 21 the
2871 5052 5 20 i
2885 5052 36 21 leal
2945 5053 21 21 of

2415 5080 106 21 socialism.
2548 5077 43 21 The
2601 5077 94 21 editorial
2712 5080 112 18 comments
2831 5080 20 19 in
2865 5079 36 21 the
2920 5081 43 20 first

2415 5107 87 20 number
2512 5106 51 20 have
2577 5105 36 19 the
2623 5105 65 19 virtue
2698 5104 21 20 of
2729 5105 133 26 moderation,
2876 5113 42 19 nor,
2931 5115 29 12 we

2414 5141 34 14 are
2465 5133 47 27 glad
2527 5134 21 19 to
2561 5131 46 26 find,
2624 5131 17 21 is
2664 5131 34 21 the
2716 5131 118 26 indulgence
2851 5133 21 21 of
2893 5134 71 28 slangy

2415 5162 81 24 writing
2511 5167 26 14 an
2551 5159 93 21 essential
2660 5160 100 25 necessity
2778 5162 21 18 to
2817 5161 40 20 this
2871 5163 88 25 subject.

2413 5189 65 20 Other
2487 5187 91 27 journals
2587 5187 21 19 of
2614 5186 36 20 the
2658 5193 55 13 same
2723 5188 48 25 type
2778 5195 75 18 appear
2862 5191 21 17 to
2900 5190 59 20 think

2412 5216 16 20 it
2439 5222 104 18 necessary
2561 5216 22 18 to
2594 5213 56 21 write
2659 5213 59 21 down
2737 5217 21 17 to
2767 5214 36 21 the
2822 5214 52 22 level
2890 5217 22 20 of
2925 5218 35 19 th>;

2411 5244 63 19 slums
2484 5250 22 13 or
2516 5242 35 20 the
2558 5243 98 24 taproom.
2684 5240 40 21 For
2743 5242 34 19 the
2787 5244 48 24 rest,
2846 5243 16 20 it
2882 5251 46 17 may
2937 5245 25 20 be

2410 5269 43 20 said
2472 5269 36 20 the
2675 5267 16 20 is
2705 5268 112 26 creditably
2836 5270 121 25 produced—

2412 5296 45 20 well
2467 5295 84 27 printed
2560 5301 25 13 on
2596 5294 52 26 good
2657 5301 70 19 paper.
2962 5293 9 21 k

2436 5340 105 26 Certainly
2556 5340 36 20 the
2606 5341 54 19 most
2674 5340 93 21 effective
2779 5341 99 21 medicine
2891 5342 20 20 in
2923 5334 37 30 th'

2409 5369 62 20 world
2491 5368 16 20 is
2525 5367 114 21 SANDER
2652 5367 40 21 and
2709 5367 76 22 SONS'
2799 5369 160 21 EUCALYPTI

2408 5395 137 21 EXTRACT.
2573 5395 49 20 Test
2629 5395 26 20 its
2662 5395 112 26 eminently
2782 5396 97 25 powerful
2888 5397 72 21 effects

2408 5423 20 20 in
2444 5422 81 25 coughs,
2537 5421 60 26 colds,
2608 5421 113 26 influenza;
2744 5422 36 20 the
2789 5423 59 20 relief
2857 5424 15 20 is
2885 5425 65 19 instan-

2408 5452 91 18 taneous.
2533 5448 25 20 In
2572 5449 76 20 serious
2659 5455 55 14 cases
2727 5449 41 21 and
2781 5450 79 21 accideD
2873 5451 46 20 sof
2931 5451 27 21 all

2408 5477 66 26 kinds,
2486 5477 26 21 be
2521 5476 50 27 they
2582 5475 91 27 wounds,
2684 5476 69 25 burns,
2762 5477 105 28 scaldings,
2885 5478 75 23 brui-ses

2408 5506 86 25 spiains,
2504 5506 16 19 it
2530 5505 17 19 is
2555 5505 36 20 the
2599 5504 63 21 B&fest
2671 5505 135 26 remedy—ao
2815 5506 144 26 swelling—no

2405 5532 158 20 inflammation.
2592 5531 50 20 Like
2650 5532 113 25 surprising
2773 5534 73 19 effects
2856 5534 103 24 produced

2405 5559 21 20 in
2443 5565 69 20 croup,
2523 5557 108 28 diptheria,
2646 5558 118 27 bronchitis,
2775 5559 148 22 inflammation
2937 5561 21 19 of

2407 5587 37 21 tho
2466 5586 66 26 lungs,
2546 5585 109 27 swellings,
2663 5587 38 21 etc.
2723 5586 109 27 diarrhoea,
2847 5588 109 26 dysentry,

2405 5614 89 21 diseases
2504 5614 21 20 of
2535 5613 35 21 the
2584 5613 86 26 kidneys
2679 5614 41 21 and
2734 5615 81 26 urinary
2825 5622 79 19 orgaus.
2932 5616 24 20 In

2408 5647 62 15 uieat
2476 5641 28 20 all
2511 5641 98 25 hospitals
2614 5641 41 20 and
2661 5641 86 20 medical
2752 5642 75 25 clinics,
2840 5643 90 25 patronis
2943 5643 13 20 d

2407 5670 25 25 by
2440 5668 39 21 His
2488 5668 89 26 Majesty
2586 5668 36 21 the
2632 5667 57 27 King
2697 5668 23 21 of
2730 5668 62 28 Italy,
2803 5670 92 21 crowned
2909 5670 45 21 .vith

2406 5697 66 20 medal
2481 5696 41 23 and
2530 5696 90 28 diploma
2629 5700 22 18 at
2663 5696 150 23 International
2825 5698 127 27 Exhibition,

2404 5724 140 22 Amsterdam.
2570 5724 64 23 Trust
2643 5726 22 20 in
2674 5724 42 22 this
2726 5726 103 26 approved
2836 5727 71 20 article
2914 5728 41 19 and

2408 5753 62 24 reject
2480 5751 28 22 all
2517 5754 75 20 others.

3049 179 20 20 A
3081 178 82 21 London
3175 179 113 26 cablegram
3301 180 63 20 states
3375 179 45 21 that
3431 180 33 21 Sir

3023 206 33 20 Jei
3061 206 44 20 vois
3110 206 37 21 lias
3152 206 47 22 died
3206 213 21 13 as
3233 206 36 21 the
3275 207 65 21 result
3346 206 22 21 of
3373 213 11 14 a
3390 207 89 26 carriage
3484 207 92 21 accident

3023 241 25 13 on
3056 234 37 21 the
3102 234 48 22 17th
3164 236 22 19 at
3199 235 95 20 Bitterne
3310 234 72 26 Court,
3393 235 133 27 Hampshire.

3049 279 43 19 The
3110 279 39 19 Ota
3150 285 26 20 go
3193 279 83 21 Central
3299 279 42 20 line
3359 279 43 21 will
3420 279 26 21 be
3463 279 79 26 opened
3555 279 23 19 to

3024 305 140 26 Kokongafor
3172 306 62 25 goods
3244 307 65 20 traffic
3323 306 20 21 in
3359 313 10 13 a
3380 307 40 20 few
3429 307 55 26 days,
3497 306 40 21 and
3547 305 31 21 for

3024 340 107 19 passenger
3140 333 66 21 traffic
3214 333 63 22 about
3287 334 37 21 the
3333 334 40 21 end
3382 334 22 21 of
3413 334 129 25 September.

3051 381 10 26 A
3071 381 11 26 1
3092 381 10 26 2
3110 381 78 20 o'clock
3197 381 42 20 this
3248 381 108 21 afternoon
3368 381 33 21 Mr
3410 381 65 21 Jabez
3486 382 78 20 Barton
3575 399 5 8 ,

3025 408 114 21 instructed
3154 407 27 27 by
3199 409 32 19 Mr
3241 409 23 19 B.
3281 409 85 24 Brooks,
3385 408 43 21 will
3441 408 36 21 sell
3493 415 25 14 on
3542 409 36 20 the

3026 435 97 26 premises
3143 435 22 21 of
3181 436 34 20 Mr
3228 435 91 21 William
3338 435 63 26 Gray,
3414 443 11 13 a
3444 436 95 27 quantity
3559 436 22 22 of

3025 463 114 21 household
3149 463 102 21 furniture
3266 463 41 21 and
3318 463 78 21 effects.

3051 510 43 20 The
3116 510 118 20 conference
3253 509 23 22 of
3293 510 106 24 goldfields
3420 510 92 21 wardens
3542 510 36 20 lias

3027 537 130 22 terminated.
3185 536 115 21 Thewho'e
3340 537 35 21 the
3387 539 89 20 statutes
3489 537 87 24 relating

3026 566 22 21 to
3057 566 78 26 mining
3141 564 51 23 have
3202 565 51 22 been
3269 564 136 23 consolidated
3418 566 21 21 in
3451 573 39 14 one
3505 566 41 21 Bill
3557 565 21 22 of

3026 601 47 13 over
3085 593 39 21 300
3147 594 83 22 clauses,
3242 593 65 21 which
3318 594 17 20 is
3345 596 21 18 to
3376 594 25 20 be
3416 594 41 20 laid
3467 594 69 20 before
3543 594 35 20 the

3026 620 87 20 Cabinet
3119 621 40 19 this
3174 621 63 19 week.

3053 668 32 20 Mr
3093 668 21 20 J.
3126 668 94 24 Noonnn,
3230 667 23 21 of
3258 667 35 21 the
3300 668 43 20 Moa
3351 668 46 21 Flat
3406 668 71 26 Hotel,
3485 668 90 26 Ettr'ck,

3027 694 36 21 has
3081 694 112 27 purchased
3209 694 36 21 the
3261 695 63 27 Feny
3345 696 70 22 Hotel.
3430 696 79 21 Millers
3522 696 54 26 Flat,

3027 722 51 22 from
3098 722 32 21 Mr
3142 723 20 20 J.
3173 722 64 28 Eady.
3266 722 37 23 We
3312 724 125 21 undeistand
3451 724 33 21 Mr
3491 724 85 21 Noonan

3027 750 40 21 will
3093 750 53 21 lease
3172 750 31 21 lis
3218 753 82 23 present
3321 752 62 21 house
3411 752 40 21 and
3477 752 48 21 take
3540 752 36 21 the

3026 780 142 23 management
3176 778 22 21 of
3204 778 36 21 the
3248 786 44 13 new
3301 779 56 21 hotel
3371 780 89 21 himself.

3055 828 30 21 On
3095 828 108 27 Thursday
3213 828 83 27 evening
3305 829 37 21 the
3350 830 39 21 last
3399 830 21 21 of
3429 830 36 21 the
3477 830 63 21 series
3555 830 20 21 of

3029 856 123 21 Athenaeum
3159 856 71 21 socials
3239 857 40 21 will
3287 857 23 21 be
3317 858 46 21 held
3370 860 22 18 at
3398 858 36 21 the
3441 858 133 22 AthenreUm.

3029 883 43 21 The
3082 884 60 20 Brass
3159 884 56 21 Band
3232 885 52 20 have
3292 886 57 24 again
3359 886 71 26 kindly
3440 886 133 21 volunteered

3029 912 21 18 to
3066 910 56 28 play,
3132 919 22 13 so
3172 912 46 21 that,
3227 912 35 21 the
3271 914 64 20 music
3345 914 39 20 will
3394 913 26 22 be
3428 914 132 26 unexception-

3029 938 53 26 able,
3095 938 40 21 and
3149 940 35 20 the
3203 940 39 20 last
3250 940 22 21 of
3280 941 36 20 the
3324 942 70 19 socia's
3410 941 43 21 bids
3465 942 39 20 fair
3518 944 22 18 to
3549 941 26 21 be

3029 965 34 20 the
3074 967 53 19 most
3137 966 106 26 enjoyable
3252 967 22 20 of
3283 968 35 20 the
3330 968 64 20 series.

3052 1013 32 21 Mr
3110 1013 99 21 Morrison
3232 1013 17 21 is
3279 1015 150 26 endeavouring
3453 1016 23 19 to
3502 1017 33 19 eet
3561 1023 11 12 a

3028 1040 101 21 sufficient
3136 1041 86 20 number
3233 1041 22 21 of
3263 1042 75 26 Angers
3348 1042 93 25 together
3453 1044 22 18 to
3484 1042 88 27 perform

3050 1068 53 21 Trial
3114 1067 26 28 by
3251 1070 19 20 A
3281 1069 39 21 few
3333 1069 112 22 rehearsals
3460 1069 51 22 have
3524 1070 48 21 been

3025 1096 48 21 held
3084 1098 21 18 at
3121 1096 36 21 the
3171 1096 70 26 public
3256 1097 68 21 school
3344 1098 39 20 and
3399 1098 35 20 the
3450 1098 122 21 Athenajum

3025 1123 57 26 Hal),
3093 1124 38 21 but
3143 1124 35 21 the
3189 1131 95 19 response
3293 1126 23 20 to
3326 1125 31 20 Mr
3371 1124 117 22 Morrison's
3503 1126 70 19 efforts

3025 1151 59 26 have,
3096 1159 29 14 we
3136 1152 133 25 understand,
3279 1154 36 20 not
3324 1152 49 22 been
3385 1152 142 25 encouraging.

3049 1198 43 21 The
3107 1199 108 20 Lawrence
3234 1198 91 21 Football
3337 1197 4 22 .
3349 1198 47 21 club
3417 1198 52 20 have
3488 1198 57 20 d«cid
3548 1206 9 7 p
3559 1197 12 21 d

3025 1227 23 20 to
3067 1225 48 23 send
3135 1226 45 21 four
3190 1233 46 14 men
3251 1228 21 20 to
3291 1224 48 23 take
3349 1229 46 23 part
3411 1225 20 21 in
3443 1225 36 22 the
3498 1227 76 24 county

3025 1253 99 28 matches,
3146 1262 22 12 so
3199 1254 47 21 that
3267 1253 17 22 it
3305 1252 37 23 has
3370 1253 49 22 been
3442 1252 98 27 arranged
3563 1260 11 13 a

3024 1282 105 20 combined
3150 1282 112 25 Roxburgh
3288 1282 37 20 and
3340 1281 107 21 Lawrence
3463 1283 53 18 team
3533 1281 41 19 will

3024 1309 47 25 play
3091 1309 78 24 against
3178 1316 11 12 a
3202 1308 106 21 combined
3323 1308 116 21 Cromwell.
3451 1307 65 26 Clyde
3533 1307 40 21 and

3029 1335 111 21 Alexandra
3161 1338 61 21 team,
3243 1336 35 20 the
3295 1335 68 21 match
3380 1337 23 19 to
3421 1335 47 20 take
3486 1335 56 25 place
3554 1338 20 16 at

3025 1362 64 24 Clyde
3099 1369 25 14 on
3135 1363 36 20 the
3181 1363 48 21 11th
3239 1364 40 21 ult.

3048 1408 32 21 On
3095 1410 51 19 next
3164 1410 74 27 Friday
3252 1411 75 20 Messrs
3343 1409 28 21 To
3375 1410 8 15 _l
3387 1409 12 21 d
3415 1409 58 21 Bros,
3488 1408 47 21 hold
3550 1415 25 14 an

3024 1436 113 25 important
3147 1436 87 23 clearing
3244 1439 41 20 sale
3297 1441 19 17 at
3325 1437 78 21 Millers
3414 1436 48 21 Flat
3472 1436 21 20 in
3503 1436 73 20 favour

3023 1465 21 18 ot
3057 1463 31 20 Mr
3098 1463 82 21 Samuel
3190 1465 69 21 Clark.
3288 1465 44 21 The
3343 1464 40 22 lots
3393 1465 31 19 for
3433 1463 42 21 sale
3496 1462 80 22 include

3023 1497 12 13 a
3050 1490 44 20 first
3101 1490 49 20 class
3157 1491 51 21 farm
3216 1493 65 23 nlant,
3292 1493 43 20 also
3343 1490 114 23 household
3473 1490 103 21 furniture

3024 1517 40 21 and
3078 1524 11 13 a
3104 1518 86 21 number
3204 1519 21 21 of
3238 1520 93 27 hougets,
3347 1520 96 25 wethers,
3458 1517 40 21 and
3515 1524 59 15 ewe*.

3023 1544 66 20 There
3103 1545 16 19 is
3133 1552 46 14 sure
3187 1548 21 18 t,o
3217 1547 24 21 be
3255 1555 11 13 a
3272 1549 54 24 large
3336 1547 107 26 gathering
3458 1545 21 21 of
3493 1545 83 21 farmers

3024 1578 26 14 on
3067 1571 35 21 the
3117 1573 98 20 occasior.

3050 1618 33 20 Mr
3106 1619 24 21 T.
3158 1619 80 26 Brown,
3262 1628 93 19 manager
3383 1621 22 21 of
3429 1620 36 21 the
3484 1619 94 21 Pleasant

3024 1645 76 25 Valley
3134 1647 132 25 Goldmining
3293 1648 54 20 To.'a
3373 1649 68 23 claim,
3471 1647 36 19 has
3526 1647 51 19 been

3024 1672 147 26 incapacitated
3182 1673 52 21 from
3247 1675 53 20 work
3310 1675 26 23 by
3344 1675 131 21 rheumatism
3485 1673 32 21 for
3523 1680 55 13 some

3025 1699 49 21 time
3093 1702 54 25 past,
3166 1701 39 21 and
3223 1701 26 21 he
3260 1701 38 22 left
3314 1703 107 26 yesterday
3439 1701 94 24 morning
3547 1699 31 22 for

3025 1728 105 25 Dunedin,
3164 1729 49 20 with
3236 1729 35 21 the
3290 1730 68 26 object
3380 1731 21 21 of
3427 1729 116 25 consulting
3567 1735 11 13 a

3024 1755 110 24 specialist.
3164 1756 38 20 His
3216 1763 61 19 many
3293 1757 75 21 friends
3385 1757 41 21 will
3436 1757 52 26 hope
3503 1758 22 18 to
3540 1762 33 14 see

3024 1781 43 21 him
3074 1781 53 22 back
3134 1789 49 14 soon
3190 1783 20 21 in
3218 1783 65 21 sound
3292 1784 78 20 health.

3051 1825 43 21 The
3104 1828 64 18 arrest
3179 1826 36 20 has
3229 1826 51 21 been
3291 1828 58 20 made
3360 1829 22 20 &t
3397 1828 52 21 New
3465 1827 58 22 York
3533 1826 22 21 of
3565 1835 10 12 a

3026 1860 70 20 young
3107 1853 81 26 English
3196 1854 37 26 girl
3244 1854 45 21 who
3295 1854 39 21 had
3344 1863 11 13 a
3364 1856 102 26 penchant
3473 1856 32 20 for
3514 1854 52 22 dress-

3027 1881 35 24 ing
3078 1881 20 20 in
3114 1881 52 21 male
3179 1882 69 21 attire.
3277 1882 43 21 Her
3335 1886 88 23 parents,
3439 1884 46 19 who
3505 1883 40 20 live
3556 1882 20 21 in

3027 1908 95 26 London,
3142 1916 34 13 are
3192 1909 96 27 wealthy.
3316 1910 56 27 They
3384 1912 64 19 assert
3465 1910 47 21 that
3525 1910 51 21 their

3027 1936 103 28 daughter
3140 1936 36 23 has
3185 1936 53 23 from
3250 1936 35 23 her
3292 1937 109 23 childhood
3410 1938 79 22 refused
3497 1939 21 21 to
3526 1945 50 15 wear

3027 1965 36 20 th»>
3079 1965 101 21 orthodox
3196 1966 55 20 dress
3271 1967 20 18 of
3309 1966 36 20 her
3359 1974 43 14 s»x.
3430 1968 18 18 A
3465 1967 111 24 cablegram

3027 1999 51 15 gave
3092 1999 38 13 one
3140 1993 23 18 of
3177 1992 34 20 the
3225 1992 65 20 banks
3304 1992 105 26 authority
3423 1994 22 18 to
3458 1993 45 24 give
3516 1993 37 19 her
3566 1999 10 12 a

3027 2018 67 21 round
3111 2025 44 14 sum
3163 2019 22 20 of
3195 2025 80 21 monev,
3283 2019 39 20 and
3338 2019 35 20 the
3387 2019 37 25 girl
3439 2019 98 21 returned
3551 2019 25 26 by

3026 2046 38 21 the
3072 2047 98 26 outgoing
3180 2049 96 24 steamer,
3286 2047 42 21 still
3338 2047 82 21 dressed
3427 2055 21 13 as
3458 2054 11 13 a
3478 2047 47 26 boy.

3054 2093 39 20 We
3107 2093 52 20 have
3168 2093 90 20 received
3277 2093 36 20 the
3321 2093 52 26 July
3386 2093 86 20 number
3479 2093 22 20 of

3026 2120 102 21 Printers'
3281 2129 12 12 a
3312 2120 94 22 monthly
3429 2120 57 21 trade
3498 2119 79 27 journal

3026 2148 111 26 published
3161 2148 20 21 in
3203 2148 93 22 London.
3324 2148 82 22 Besides
3432 2148 117 25 containing
3567 2155 10 14 a

3025 2177 56 25 large
3109 2178 96 25 quantity
3235 2177 22 21 of
3288 2177 68 21 varied
3391 2176 40 22 and
3460 2176 117 26 interesting

3025 2205 134 20 information
3178 2211 59 14 conm
3243 2204 46 22 cted
3299 2204 48 21 with
3365 2204 36 21 the
3410 2206 31 19 art
3451 2204 21 21 of
3479 2204 98 26 printing,

3025 2235 35 18 the
3220 2232 16 20 is
3246 2234 54 19 most
3310 2232 67 21 useful
3387 2239 21 13 as
3418 2239 11 13 a
3438 2232 62 24 guide
3511 2233 22 19 to
3543 2232 34 19 the

3025 2260 44 20 b?st
3095 2260 75 20 houses
3199 2260 67 20 where
3290 2260 103 21 machines
3411 2260 42 20 and
3485 2259 92 26 printers'

3023 2287 109 26 requisites
3150 2287 23 20 of
3187 2287 25 21 all
3228 2287 60 21 kinds
3307 2294 46 19 may
3365 2287 25 21 be
3405 2286 103 22 obtained.
3536 2286 41 21 The

3023 2321 62 19 piper
3098 2314 66 21 would
3175 2315 24 20 be
3206 2315 65 21 found
3286 2315 21 20 of
3316 2317 57 24 great
3381 2314 95 26 practical
3486 2314 60 20 value
3556 2316 21 18 to

3022 2341 95 27 printers.

3047 2389 17 20 A
3078 2390 71 25 pigeon
3159 2389 84 27 bearing
3258 2397 10 13 a
3284 2396 89 17 message
3389 2389 53 21 from
3450 2389 30 21 Dr
3490 2388 84 27 Andree,

3020 2416 36 21 the
3066 2416 3 26 •
3080 2416 91 22 Swedish
3192 2418 98 24 aeronaut,
3316 2417 45 20 who
3379 2416 40 22 last
3444 2416 72 22 month
3539 2416 35 22 left

3020 2444 132 27 Spitsbergen
3169 2452 25 14 on
3208 2453 12 12 a
3237 2445 80 21 balloon
3333 2452 75 19 voyage
3424 2446 22 20 to
3461 2445 37 21 the
3508 2445 66 21 North

3020 2472 56 26 Pole,
3090 2473 35 20 has
3137 2473 49 20 been
3195 2474 48 19 shot
3250 2473 26 24 by
3286 2474 37 19 the
3330 2474 80 26 captain
3421 2474 22 19 of
3455 2472 36 21 the
3500 2474 74 24 sealing

3020 2500 63 20 vessel
3095 2500 76 26 Aiken,
3182 2500 92 20 between
3283 2501 35 19 the
3329 2500 68 21 North
3405 2501 54 25 Cape
3470 2500 104 26 (Norway)

3018 2527 40 21 and
3072 2527 37 21 the
3120 2528 65 20 Seven
3198 2527 80 21 Islands
3288 2527 38 25 (off
3333 2528 34 21 the
3375 2530 56 18 coast
3441 2527 21 22 of
3469 2527 105 27 Lapland),

3018 2562 49 13 near
3088 2555 35 20 the
3145 2557 96 19 entrance
3267 2555 22 21 of
3308 2555 36 21 the
3367 2555 72 21 White
3460 2556 45 21 Sea.
3532 2555 42 21 Th»

3020 2589 87 18 message
3126 2585 63 18 states
3204 2583 47 20 that
3261 2585 22 18 at
3300 2583 34 20 the
3345 2583 50 21 time
3404 2583 23 21 of
3436 2583 27 21 its
3478 2583 95 26 despatch

3018 2611 35 19 the
3060 2609 80 22 balloon
3152 2610 39 21 had
3203 2609 71 29 passed
3289 2611 36 21 the
3335 2611 158 26 eighty-second
3502 2611 71 21 de«re*

3018 2637 21 21 of
3065 2638 96 26 latitude,
3191 2639 40 20 and
3258 2646 40 13 was
3326 2639 82 24 making
3441 2639 50 25 good
3514 2639 59 24 speed

3017 2665 137 20 northwards.
3182 2665 21 20 It
3228 2665 58 20 bears
3300 2666 31 20 Dr
3347 2665 99 21 Andree's
3462 2666 111 25 signature,

3017 2690 38 22 but
3065 2691 35 21 the
3109 2691 48 22 date
3166 2692 16 21 is
3191 2692 93 25 illegible.

3042 2740 44 22 The
3095 2742 58 20 usual
3164 2741 89 27 meeting
3260 2741 23 21 of
3292 2741 36 21 the
3335 2741 51 22 local
3398 2741 56 22 Good
3465 2741 104 26 Templars

3016 2769 68 26 Lodge
3095 2776 39 14 was
3144 2769 48 21 held
3207 2769 39 21 last
3257 2770 90 26 Monday
3362 2771 91 24 evening,
3467 2770 57 20 when
3533 2777 36 13 one

3015 2803 43 14 new
3068 2797 89 20 member
3171 2804 39 13 was
3217 2797 102 21 initiated.
3350 2798 81 25 Among
3438 2797 34 20 the
3479 2797 90 21 business

3015 2824 116 22 transacted
3146 2825 25 26 by
3180 2825 35 21 the
3227 2825 57 26 lodge
3295 2832 39 14 was
3352 2825 35 21 the
3395 2825 143 26 appointment
3548 2824 21 21 of

3014 2860 12 12 a
3048 2854 117 20 committee
3192 2856 23 17 to
3241 2853 59 21 make
3323 2853 26 20 all
3375 2855 153 22 arrangements
3547 2853 20 20 in

3014 2881 118 19 connection
3160 2880 49 20 with
3226 2881 35 20 the
3277 2880 138 25 forthcoming
3429 2880 138 25 anniversary,

3015 2906 66 22 which
3097 2907 57 21 takes
3171 2907 57 24 place
3239 2908 30 28 ,in
3285 2907 94 22 October.
3408 2907 61 21 After
3486 2907 26 21 all
3530 2907 38 21 the

3015 2935 90 20 business
3114 2935 40 20 had
3161 2935 50 20 been
3225 2935 94 26 disposed
3329 2935 21 20 of
3359 2942 11 13 a
3385 2935 61 20 social
3461 2941 40 13 was
3519 2934 48 20 held

3013 2968 72 18 among
3097 2962 35 20 the
3145 2962 110 26 members,
3266 2962 147 20 refreshments
3425 2968 25 13 on
3468 2968 11 13 a
3495 2961 71 21 liberal

3013 2988 52 21 scale
3081 2989 73 26 having
3172 2989 50 21 been
3239 2989 93 26 supplied
3348 2989 27 25 by
3391 2988 35 20 the
3443 2989 76 20 sisters.
3549 2988 17 19 A

3013 3023 49 18 song
3071 3016 27 26 by
3114 3017 46 20 Bro.
3180 3017 100 20 Bennetts
3297 3023 38 13 was
3353 3015 60 21 much
3429 3015 137 26 appreciated,

3013 3044 38 20 and
3066 3051 11 12 a
3088 3043 93 27 dialogue
3197 3044 27 26 by
3236 3044 36 21 Sis.
3289 3044 60 20 Toms
3364 3042 40 21 and
3420 3042 28 21 H.
3467 3042 99 27 Tamblyn

3011 3070 40 22 and
3072 3072 58 21 Bros.
3156 3072 80 21 Turner
3256 3072 39 20 and
3320 3071 81 20 Michell
3424 3070 104 26 provoked
3552 3076 12 14 a

3011 3098 139 21 considerable
3159 3101 86 18 amount
3256 3098 21 21 of
3287 3100 126 19 merriment.

3036 3143 31 21 At
3078 3143 35 21 the
3123 3143 58 21 usual
3192 3143 88 26 meeting
3289 3143 22 20 of
3317 3143 35 21 the
3361 3142 152 26 Fruitgrowers'
3524 3142 35 22 Co.

3010 3184 26 15 on
3061 3178 102 27 Saturday
3187 3179 87 26 evening
3292 3178 33 21 Mr
3344 3178 105 23 Bennetts,
3465 3177 35 21 the
3516 3184 43 14 new

3008 3213 103 22 chairman
3122 3215 18 20 io
3151 3215 71 23 taking
3240 3215 31 20 his
3289 3215 43 20 seat
3341 3214 32 21 for
3391 3213 35 21 the
3445 3213 45 21 first
3499 3213 60 26 time,

3010 3249 59 21 made
3076 3257 12 12 a
3093 3250 39 20 few
3139 3250 142 26 introductory
3288 3250 95 20 remarks.
3413 3249 38 20 His
3459 3249 100 20 accession

3012 3284 22 20 to
3043 3283 55 22 office
3104 3283 40 22 had
3152 3282 40 23 had
3200 3283 113 27 something
3319 3282 21 22 of
3346 3283 36 21 the
3389 3282 89 26 pleasant
3485 3284 74 19 nature

3015 3317 22 22 of
3043 3318 50 21 such
3102 3326 12 13 a
3124 3318 91 22 function
3226 3318 116 21 abstracted
3347 3318 26 24 by
3383 3317 35 21 the
3424 3317 41 21 fact
3471 3317 45 21 that
3524 3317 34 20 the

3010 3360 88 18 vacancy
3108 3355 22 18 to
3139 3354 66 19 which
3215 3354 26 19 he
3250 3354 40 19 had
3299 3354 48 19 been
3365 3352 76 20 elected
3458 3352 40 19 had
3509 3352 50 19 been

3010 3387 72 22 caused
3106 3387 26 26 by
3155 3387 36 22 the
3213 3387 61 22 death
3297 3387 20 22 of
3344 3386 52 23 their
3414 3385 41 23 late
3478 3384 81 29 worthy

3008 3425 111 21 chairman.
3147 3425 33 20 He
3191 3424 40 21 had
3241 3423 54 21 filled
3313 3423 34 21 the
3367 3423 56 21 office
3438 3422 31 21 for
3483 3422 48 21 such
3548 3429 11 13 a

3008 3459 86 20 number
3109 3458 21 21 of
3139 3465 62 19 years,
3217 3458 39 21 and
3274 3458 48 20 with
3339 3457 48 21 such
3402 3457 56 25 great
3473 3455 85 26 ability,

3008 3494 46 21 that
3064 3494 48 25 they
3120 3494 67 21 would
3193 3493 48 21 miss
3249 3493 43 21 him
3300 3493 30 20 for
3335 3500 12 14 a
3357 3491 136 22 considerable
3500 3490 56 22 time.

3008 3527 33 21 He
3052 3527 41 24 (Mr
3103 3527 105 25 Bennetts)
3222 3526 64 21 would
3297 3533 35 14 use
3346 3526 31 20 his
3391 3525 45 21 beft
3450 3524 70 21 efforts
3538 3523 20 20 in

3006 3563 36 22 the
3053 3564 94 20 interests
3156 3563 23 20 of
3191 3563 36 20 the
3236 3568 104 20 company,
3354 3561 39 21 and
3411 3562 21 20 to
3454 3559 46 26 help
3516 3559 42 21 him

3008 3597 22 21 to
3039 3604 58 19 carry
3107 3599 36 18 out
3153 3596 30 21 his
3193 3595 123 27 responsible
3327 3594 66 22 duties
3407 3594 26 21 he
3444 3593 65 25 hoped
3520 3593 34 20 the

3013 3632 100 21 members
3135 3630 66 22 would
3224 3631 45 26 give
3294 3630 42 21 him
3363 3629 52 21 their
3445 3627 111 23 undivided

3010 3670 94 24 support.
3132 3669 33 19 Mr
3174 3667 106 21 Bennetts'
3295 3666 89 22 remarks
3395 3672 51 14 were
3467 3664 91 22 received

3012 3704 50 20 with
3072 3703 104 26 applause.

3166 3787 234 50 Cablegrams.

3058 3896 19 21 A
3093 3895 76 21 DUEL
3183 3893 137 22 BETWEEN

3330 3928 71 24 Rome,
3410 3929 78 23 Angust
3503 3925 19 22 14

3029 3966 86 23 General
3137 3965 108 22 Albertoni
3263 3964 80 25 yielded
3354 3963 122 27 precedence
3493 3964 21 20 to
3521 3962 35 22 the

3003 3996 72 21 Comte
3095 3996 26 20 de
3139 3994 71 24 Turin,
3241 3994 38 20 and
3299 3992 36 21 the.
3347 3992 47 21 duel
3414 3991 89 21 between
3523 3991 33 20 the

3003 4024 62 20 Litter
3074 4024 40 19 and
3126 4023 71 20 Princ*
3213 4022 70 24 Henry
3292 4022 21 19 of
3323 4021 92 23 Orleans,
3428 4019 63 20 which
3500 4025 55 14 arose

3004 4052 37 18 out
3050 4050 22 20 of
3079 4051 83 23 charges
3169 4049 21 20 of
3200 4048 109 20 cowardice
3319 4047 74 25 against
3406 4046 75 20 Italmn
3488 4048 68 21 troops

3003 4078 20 20 in
3036 4076 115 27 Abyssinia,
3165 4076 39 20 will
3224 4074 24 22 be
3259 4074 73 26 fought
3343 4078 21 16 to
3374 4079 95 19 morrow,
3481 4072 75 21 swords

3003 4105 61 26 being
3073 4105 36 20 the
3119 4111 93 19 weapons
3224 4103 80 21 chosen.

3403 4128 87 25 August
3500 4127 30 21 lfi.

2986 4163 2 29 I
3031 4168 71 20 Prince
3130 4167 72 25 Henry
3227 4165 21 21 of
3273 4164 83 21 Orleans
3388 4170 39 13 was
3458 4163 97 20 wounded

3005 4194 83 26 slightly
3109 4195 19 20 in
3146 4194 35 19 the
3205 4194 76 24 breast,
3310 4192 38 20 but
3365 4191 97 20 seriously
3481 4190 21 20 in
3521 4190 35 20 the

3001 4222 108 26 abdomen,
3127 4222 20 20 in
3165 4221 35 20 the
3219 4221 46 19 duel
3287 4219 47 20 with
3357 4218 71 21 Comte
3446 4218 24 20 de
3486 4217 67 21 Turin.

3001 4250 44 20 The
3061 4250 62 19 1-Hter
3137 4248 49 26 only
3196 4247 92 22 received
3299 4253 11 14 a
3327 4246 61 25 slight
3402 4245 71 21 wound
3491 4245 20 20 in
3521 4245 35 20 the

3002 4277 55 25 right
3070 4276 62 21 hand.

3126 4314 21 20 A
3163 4311 157 22 POISONING
3333 4310 96 22 SCARE.

3299 4347 97 25 London,
3410 4346 80 26 August
3499 4345 29 21 14.

3030 4384 48 19 Two
3093 4382 91 21 children
3201 4382 45 20 died
3263 4383 22 18 at
3302 4380 97 21 Lichfield
3416 4380 54 20 after
3488 4380 67 25 eating

3005 4413 84 16 mutton
3100 4409 65 20 which
3179 4415 40 12 was
3232 4408 77 25 alleged
3320 4412 20 15 to
3351 4407 23 19 b*
3386 4406 121 21 Australian.
3536 4407 19 19 A

3005 4436 71 26 family
3090 4436 21 20 of
3126 4442 62 15 seven
3200 4435 83 27 partook
3302 4434 21 21 of
3332 4441 12 13 a
3365 4433 52 27 joint
3433 4440 24 13 on
3474 4432 81 27 Sunday

3005 4464 88 19 without
3104 4464 38 19 evil
3153 4464 79 23 effects,
3251 4462 38 20 but
3304 4469 24 12 on
3344 4462 35 19 the
3398 4461 102 25 following
3514 4460 40 25 day

2985 4488 2 31 ]
3004 4491 62 21 dined
3081 4491 29 20 off
3119 4490 36 20 the
3166 4492 80 18 mutton
3257 4488 52 27 cold,
3323 4488 40 21 and
3373 4488 27 21 all
3410 4488 80 21 became
3500 4488 30 21 ill.

3029 4518 44 21 The
3083 4517 85 22 medical
3178 4517 95 21 evidence
3283 4516 85 21 showed
3379 4516 46 21 that
3439 4516 35 20 the
3483 4515 72 22 deaths

2985 4544 2 29 I
3003 4546 22 20 of
3031 4546 35 20 the
3073 4545 92 21 children
3173 4545 89 20 resulted
3271 4544 52 21 from
3332 4544 104 26 ptomaine
3443 4544 110 25 poisoning,

3004 4572 66 20 which
3100 4572 64 24 might
3195 4571 86 25 develop
3311 4571 97 25 although
3436 4570 35 20 the
3502 4572 53 19 most

3003 4598 122 26 scrupulous
3137 4604 45 14 care
3196 4605 52 13 were
3264 4598 61 20 taken
3335 4598 19 19 in
3371 4598 70 24 regard
3457 4599 21 18 to
3493 4599 60 19 meat.

3001 4626 44 20 The
3054 4625 101 20 coronor's
3166 4625 46 25 jury
3224 4625 96 20 returned
3331 4632 11 12 a
3352 4624 77 21 verdict
3439 4624 46 20 that
3492 4624 61 22 death

3003 4660 40 14 was
3059 4652 40 21 due
3113 4653 21 20 to
3151 4652 105 26 ptomaine
3272 4652 112 27 poisoning,
3398 4652 38 21 hut
3450 4652 103 27 acquitted

3003 4681 34 20 the
3047 4680 88 20 butcher
3147 4679 45 21 who
3202 4679 93 27 supplied
3306 4680 34 20 the
3351 4681 54 19 meat
3414 4679 22 21 of
3441 4679 26 21 all
3480 4679 73 27 bhnie,

3001 4708 39 19 and
3060 4707 135 21 recomended
3213 4708 46 20 that
3269 4714 11 13 a
3295 4707 81 20 further
3392 4707 86 26 analysis
3488 4707 21 20 of
3518 4707 35 20 the

3001 4737 54 17 meat
3066 4734 22 19 be
3099 4734 65 20 made.

3027 4761 73 20 Messrs
3126 4760 84 22 Weddel
3239 4760 39 22 and
3304 4761 45 26 Co.,
3367 4760 35 21 the
3422 4760 129 22 well-known

3001 4788 120 20 Australian
3135 4791 55 18 meat
3208 4788 118 25 importers,
3337 4795 34 14 are
3388 4789 103 25 inquiring
3508 4789 44 20 into

3001 4815 35 20 the
3047 4815 105 25 poisoning
3161 4822 43 14 case
3210 4818 21 17 at
3241 4815 105 21 Lichfieid.

3093 4860 20 20 A
3127 4859 163 22 FRIGHTFUL
3306 4860 148 21 ACCIDENT.

3279 4895 104 26 Noumea,
3398 4895 81 25 August
3492 4895 31 21 IG.

2980 4928 2 28 I
3024 4932 15 18 A
3070 4928 74 22 fearful
3172 4928 92 22 accident
3295 4930 94 21 occurred
3423 4930 77 26 today.
3531 4932 13 18 A

2979 4956 2 31 j
2997 4958 87 19 number
3093 4957 22 20 of
3124 4957 91 24 artillery
3230 4958 77 19 officers
3321 4957 39 20 and
3372 4964 45 13 men
3436 4962 54 15 went
3511 4963 36 15 out

2996 4984 19 20 in
3028 4987 42 16 two
3078 4983 57 20 boats
3149 4984 21 19 in
3179 4991 12 12 a
3201 4984 58 19 small
3268 4984 46 25 bay,
3329 4985 40 18 two
3379 4984 57 19 miles
3446 4984 52 19 from
3511 4984 35 20 the

2979 5010 1 31 |
2996 5014 61 21 town,
3076 5011 33 20 for
3125 5010 35 21 the
3177 5017 87 19 pnrpose
3288 5011 21 20 of
3327 5010 115 24 destroying
3468 5012 76 19 several

2979 5033 1 33 I
2995 5038 71 22 bombs
3076 5038 71 22 loaded
3158 5039 48 20 with
3217 5038 97 22 meliuite.
3344 5038 78 27 During
3430 5039 36 20 the
3473 5046 57 20 opera-

2994 5069 43 19 tion
3062 5067 21 20 of
3104 5067 62 26 fixing
3186 5074 24 13 an
3230 5066 81 25 electric;
3328 5069 83 18 current
3429 5067 35 20 the
3484 5067 60 21 bomb

2979 5094 1 30 j
2993 5094 101 26 exploded
3104 5094 40 20 and
3162 5094 51 19 blew
3229 5100 28 19 up
3273 5101 12 12 a
3294 5094 47 19 boat
3351 5094 129 25 containging
3497 5095 47 19 nine

2979 5120 1 27 I
2994 5128 54 14 men.
3076 5121 42 20 The
3135 5121 92 26 artillery
3237 5121 76 20 officers
3329 5121 39 20 and
3375 5127 12 14 a
3397 5120 80 21 kanaka
3492 5127 52 14 were

2979 5147 1 32 j
2993 5149 88 25 literally
3092 5149 64 20 blown
3167 5150 22 19 to
3200 5151 72 23 atoms,
3282 5148 39 20 and
3333 5148 34 20 the
3377 5148 113 26 remaining
3504 5149 39 19 five

2979 5170 1 32 I
2992 5184 46 13 men
3060 5183 50 13 were
3126 5176 61 25 badly
3204 5175 88 27 injured.
3320 5176 19 19 A
3358 5175 87 21 Kanaka
3462 5175 20 20 in
3508 5175 35 21 the

2991 5204 73 21 St-cond
3084 5203 48 21 boat
3142 5210 40 13 was
3192 5203 41 20 also
3244 5202 87 27 injured.
3358 5203 42 21 The
3415 5202 60 22 other
3494 5202 47 21 boat

2979 5231 98 122 rscued
3085 5231 34 20 the
3130 5231 104 20 wounded.

3071 5269 57 20 THE
3144 5268 134 21 ALASKAN
3291 5268 168 25 GOLDFIELp.

3283 5303 101 26 Ottawa,
3395 5304 80 28 August
3485 5303 30 23 13.

3015 5339 32 21 Mr
3059 5337 123 26 Strickland,
3193 5344 38 14 one
3247 5337 21 21 of
3286 5337 36 21 the
3342 5338 111 25 inspectors
3467 5337 21 21 of
3507 5337 35 21 the

2991 5366 137 22 North-West
3137 5365 71 26 police,
3224 5366 45 19 who
3279 5365 35 20 has
3326 5365 98 21 returned
3436 5365 52 20 from
3504 5365 36 20 the

2979 5386 1 34 i
2991 5395 69 25 Upper
3093 5393 84 26 Yukon,
3203 5393 89 20 declares
3326 5393 46 20 that
3408 5393 132 25 Califoruian,

2979 5419 1 26 i
2988 5421 126 24 Australian,
3124 5420 40 20 and
3175 5419 84 21 African
3268 5420 74 20 miners
3351 5427 35 18 say
3398 5420 45 20 that
3455 5419 85 25 nothing

2987 5455 22 13 so
3019 5447 41 21 rich
3073 5447 35 21 has
3118 5453 47 15 ever
3174 5446 50 21 been
3231 5446 76 21 struck.
3336 5446 21 21 It
3367 5447 15 20 is
3394 5445 93 22 essential
3495 5446 46 20 that

2987 5476 59 21 those
3063 5475 59 27 going
3140 5474 58 22 there
3213 5474 75 21 should
3309 5474 47 22 take
3372 5482 12 13 a
3403 5473 64 28 year's
3489 5473 33 22 foo
3532 5474 5 21 I

2986 5504 82 25 supply.

3011 5531 42 19 The
3068 5530 103 21 Canadian
3191 5529 139 20 Government
3349 5528 52 22 ha,ve
3419 5528 119 21 abandoned

2986 5557 36 20 the
3040 5556 92 26 proposal
3148 5559 21 18 to
3189 5556 77 26 impose
3280 5556 96 24 royalties
3391 5563 26 14 on
3434 5555 65 27 yields
3516 5558 22 18 at

2986 5584 111 26 Klondike,
3104 5591 21 14 as
3133 5584 18 21 it
3159 5584 16 21 is
3185 5583 119 22 considered
3314 5583 45 22 that
3365 5583 55 23 their
3429 5582 106 23 collection

2986 5612 67 21 would
3062 5612 27 21 be
3099 5612 123 27 impassible.

3388 5639 81 25 August
3483 5637 26 22 1.6.

3010 5674 44 22 The
3063 5674 73 23 Pacific
3145 5674 61 21 Coast
3217 5680 127 21 newspapers
3354 5680 34 15 are
3401 5672 145 29 encouraging,

2984 5703 74 21 miners
3076 5704 22 20 to
3118 5702 60 21 resist
3197 5702 36 21 the
3257 5702 103 21 Canadian
3377 5702 64 27 police
3462 5702 20 20 in
3500 5700 44 22 the'

2983 5730 106 21 collection
3106 5730 21 21 of
3145 5731 72 25 unjust
3235 5730 83 26 charges
3333 5737 54 19 upon
3403 5730 35 21 the
3460 5729 75 20 Yukon

2980 5758 115 24 goldfields.

3864 180 55 22 New
3927 181 72 26 York,
4008 183 80 25 August.
4097 180 32 24 12.

3631 206 44 21 The
3693 206 108 22 American
3824 208 140 22 Government
3988 209 51 21 have
4055 209 80 23 issued?
4142 218 12 15 a

3606 234 82 21 farther
3711 235 88 26 w.irning
3821 235 20 21 in
3863 236 70 26 regard
3953 238 22 20 to
3996 237 35 21 the
4050 238 103 22 Klondike

3606 261 102 26 goldfield,
3725 261 77 27 stating
3811 263 46 21 that
3872 265 55 19 most
3944 271 61 16 grave
4018 265 40 21 and
4076 266 77 21 violoct

3608 289 71 21 storms
3690 289 52 21 have
3751 289 107 27 destroyed
3868 290 36 21 the
3913 291 57 21 trails
3979 291 39 22 (Mid
4029 299 68 18 passes
4105 300 47 13 ov<>r

3608 315 36 22 the
3662 316 123 28 mountains,
3805 317 39 22 and
3864 318 52 22 have
3934 317 43 23 also
3996 320 101 22 incrc.s*d
4118 321 34 21 Hit!

3610 343 83 26 Jangers
3702 344 22 21 of
3732 345 76 26 rapids.
3834 347 19 20 A
3862 347 54 23 body
3924 347 23 20 of
3961 347 50 22 5000
4027 352 126 22 prospectors

3608 371 53 20 have
3670 372 79 20 arrived
3759 374 21 19 at
3791 373 109 26 Scagawly.
3912 374 56 21 Lake
3980 375 86 26 Tamias,
4074 376 40 21 and
4128 380 26 17 f«o

3609 397 58 21 relief
3673 399 40 20 will
3724 400 24 20 be
3757 400 87 25 possible
3854 400 32 21 for
3895 400 56 22 them
3962 401 72 25 during
4044 404 35 19 ti;e
4089 404 38 21 fort
4132 405 10 20 h-

3609 425 79 26 coming
3695 426 79 21 winter.
3796 427 252 28 Notwithstanding-these
4056 431 98 27 warnings

3609 453 89 21 crowded
3726 454 74 21 vessels
3824 456 95 21 continue
3945 457 23 20 to
3989 457 35 21 sail
4045 458 55 27 daily
4122 459 31 21 for

3609 480 82 21 Canada
3700 480 51 21 from
3762 483 56 23 ports
3827 480 22 23 of
3858 483 35 20 the
3905 483 77 21 United
3992 484 75 22 States.

3902 522 94 25 Sydney,
4010 524 80 26 August
4099 526 29 21 16.

3632 547 19 19 A
3679 547 87 21 number
3787 547 23 22 of
3835 548 75 21 miners
3931 548 32 22 for
3985 550 35 22 the
4051 552 101 23 Klondike

3606 574 105 26 goldfields
3720 573 37 23 left
3768 576 26 25 by
3804 576 36 21 the
3850 576 121 24 Warrimoo.

3630 634 43 20 The
3682 635 39 21 San
3731 634 107 24 Francisco
3848 643 73 20 papers
3931 639 22 20 to
3961 637 54 23 hind
4025 639 27 26 by
4062 640 35 21 the
4104 641 48 21 mail

3605 662 79 20 contain
3705 664 121 20 sensational
3847 667 95 19 accounts
3956 666 21 21 of
3996 667 36 21 the
4048 667 105 22 Klondike

3604 689 106 25 goldfields
3719 690 19 21 in
3751 691 75 21 British
3838 691 111 24 Columbia.
3976 694 49 21 Just
4035 694 67 22 before
4111 696 36 21 tho

3731 715 21 25 cif
3763 719 34 21 the
3813 719 47 22 mail
3874 720 23 21 15
3907 721 73 22 miners
3998 722 39 22 had
4051 724 96 22 returned

3604 745 53 21 from
3676 746 35 20 the
3733 747 54 26 field,
3806 747 94 28 bringing
3919 750 49 21 with
3978 750 56 22 them
4052 753 69 25 nearly
4138 760 13 13 a

3604 773 79 21 million
3699 773 74 21 dollars
3792 775 63 20 worth
3869 776 21 20 of
3906 777 54 26 gold,
3972 778 40 21 and
4029 780 122 21 sensational

3604 801 128 21 accJuntsof
3747 801 37 22 the
3798 802 117 26 experience
3923 804 23 21 of
3961 805 104 27 thelncky
4078 807 74 20 miner*

3603 834 76 21 appear
3696 828 20 21 in
3735 829 36 21 the
3794 829 80 29 leading
3894 831 39 22 San
3952 832 106 22 Francisco
4071 838 79 22 papers.

3604 856 65 21 There
3698 864 51 13 were
3785 864 72 21 among
3889 859 35 22 the
3954 867 117 19 passengers
4104 865 45 17 iVien

3603 884 46 19 who
3676 884 40 21 bad
3745 885 49 21 been
3822 886 33 21 for
3879 893 55 14 more
3956 888 49 20 than
4032 890 35 18 ten
4093 895 59 20 years

3602 909 67 28 facing
3707 912 35 21 the
3784 912 83 27 dangers
3900 914 40 22 and
3982 914 106 28 hardships
4129 917 22 20 of

3603 939 35 20 th*
3658 938 68 22 frozen
3749 940 60 21 north
3829 942 20 19 in
3874 941 35 21 the
3931 942 53 24 hope
4001 942 23 20 of
4039 943 82 25 making
4140 951 12 13 n

3601 966 43 21 rich
3663 966 47 21 find.
3740 966 66 22 Winn
3822 968 35 20 the
3873 970 88 19 steamer
3975 975 40 15 was
4034 967 84 24 berthed
4128 973 22 19 at

3602 992 35 22 the
3670 994 70 26 wharf,
3763 994 47 21 four
3832 1002 47 14 men
3900 996 49 20 took
3972 997 99 26 possesion
4095 998 22 21 of
4136 1006 13 13 a

3602 1022 51 24 'bus,
3677 1022 39 20 and
3733 1022 60 20 while
3817 1029 37 13 one
3865 1023 89 25 guarded
3973 1025 35 19 the
4030 1025 55 22 door,
4111 1026 36 21 the

3602 1048 59 21 other
3679 1048 58 21 three
3755 1049 76 21 carried
3848 1050 77 21 several
3951 1051 64 21 he.ivv
4043 1052 98 22 buckskin

3601 1075 64 28 sacks,
3679 1075 56 23 filled
3753 1076 50 22 with
3813 1076 45 27 gold
3875 1077 58 22 down
3944 1078 35 22 the
3991 1086 103 21 gangway,
4108 1081 40 21 and

3601 1103 56 26 piled
3681 1104 56 20 them
3756 1104 21 21 in
3793 1104 36 21 the
3844 1105 52 26 'bus,
3916 1106 39 20 and
3975 1113 52 15 were
4040 1108 69 21 driven
4126 1110 21 19 to

3602 1129 34 23 the
3668 1131 62 26 Selby
3754 1132 101 25 Smelting
3875 1133 123 24 Company's

3601 1158 18 20 is
3647 1158 107 21 estimated
3780 1159 46 20 that
3844 1159 49 25 they
3911 1160 88 25 bronght
4018 1162 49 20 -with
4090 1162 59 20 them

3602 1185 44 30 gold
3666 1188 22 17 to
3707 1185 35 19 the
3758 1185 59 19 va'ue
3833 1185 21 19 of
3864 1185 68 23 nearly
3944 1192 11 12 sv
3970 1186 78 21 million
4065 1187 82 22 dollars.

3602 1206 90 25 Millions
3703 1216 53 20 upon
3768 1211 88 19 millions
3866 1209 20 20 of
3901 1209 65 25 virgin
3979 1211 53 24 gold,
4045 1213 105 25 according

3602 1239 23 19 to
3635 1238 35 21 the
3681 1237 78 21 miners'
3770 1239 63 24 story,
3849 1237 60 21 await
3928 1236 35 22 the
3972 1236 104 23 fortunate
4085 1240 65 20 miner

3602 1266 47 20 who
3658 1266 36 20 has
3704 1265 35 20 the
3749 1265 111 20 hardihood
3870 1264 39 20 and
3919 1270 85 19 courage
4013 1268 22 17 to
4043 1272 15 19 p
4069 1268 81 19 netrate

3603 1293 44 19 into
3660 1293 35 19 the
3702 1292 102 20 unknown
3819 1291 74 25 depths
3902 1291 21 20 of
3932 1291 37 20 the
3978 1291 74 21 Yukon
4062 1292 88 21 district

3603 1318 43 22 The
3664 1318 97 21 returned
3779 1318 76 20 miners
3872 1324 35 19 say
3925 1318 47 20 that
3988 1318 54 21 their
4051 1319 98 27 principal

3604 1347 78 25 mining
3699 1352 39 13 was
3757 1345 51 21 done
3827 1345 20 20 in
3858 1344 35 21 the
3904 1344 78 26 winter,
3997 1345 78 26 though
4085 1347 17 21 it
4112 1354 40 13 w;i»

3603 1376 37 18 not
3646 1373 53 21 until
3711 1374 34 19 the
3752 1379 55 14 snow
3815 1372 76 20 melted
3900 1372 39 21 and
3949 1373 35 20 the
3993 1379 84 16 streams
4088 1375 64 26 began

3604 1404 22 18 to
3648 1408 38 14 run
3705 1400 46 20 that
3770 1400 49 25 they
3837 1399 58 21 knew
3911 1400 44 26 just
3970 1401 54 21 what
4041 1403 49 26 they
4112 1402 40 22 hid

3603 1427 156 27 accomplished.
3786 1427 57 26 They
3860 1427 53 21 built
3928 1427 45 21 fires
3987 1435 24 14 on
4021 1429 35 21 the
4065 1430 86 23 around,

3604 1456 49 21 thus
3662 1456 91 25 thawing
3763 1455 23 26 it,
3804 1455 40 21 and
3858 1455 49 20 theu
3918 1455 64 21 threw
3991 1456 36 21 the
4038 1457 57 21 e?rth
4105 1458 44 21 into

3604 1486 57 24 great
3669 1483 58 25 piles.
3754 1482 68 21 When
3832 1482 36 20 the
3877 1481 68 27 spring
3952 1489 54 14 came
4017 1484 47 25 they
4072 1485 79 20 washed

3604 1511 35 20 the
3650 1510 48 23 dirt,
3730 1510 39 20 and
3864 1509 42 21 said
3926 1516 43 19 odo,
4062 1512 43 20 how
4124 1519 28 14 we

3604 1538 95 20 obtained
3709 1537 36 20 the
3848 1537 43 20 Not
3900 1543 38 14 one
3947 1537 21 20 of
3978 1538 33 20 the
4022 1539 74 20 miners
4105 1540 46 20 who

3605 1565 97 20 returned
3712 1564 26 25 by
3750 1564 34 21 ihe
3793 1563 104 22 Excelsior
3907 1564 39 21 will
3953 1564 68 21 advise
4031 1567 91 26 anybody
4129 1569 22 18 to

3606 1591 59 22 make
3674 1592 35 21 the
3719 1592 94 26 journey.
3840 1591 57 27 They
3907 1591 36 21 tell
3961 1592 66 26 gladly
4038 1596 78 24 enough
4130 1594 21 22 of

3606 1620 35 20 the
3651 1619 74 20 wealth
3733 1621 22 19 to
3764 1620 24 20 be
3799 1619 39 20 had
3848 1619 73 20 almost
3934 1619 32 22 for
3980 1621 80 27 picking
4069 1629 36 19 up,
4114 1623 38 20 but

3605 1647 50 25 they
3670 1646 42 19 also
3726 1646 37 20 tell
3778 1647 22 18 of
3817 1646 36 19 the
3870 1646 91 23 danjrers.
4056 1652 36 17 not

3607 1672 49 27 ihey
3674 1680 43 18 say,
3764 1672 68 21 unless
3853 1679 38 19 you
3915 1672 51 22 have
3985 1681 12 14 a
4014 1676 51 25 good
4083 1676 69 27 outfit,

3606 1701 69 27 plenty
3688 1700 20 21 of
3722 1700 120 28 provisions,
3851 1700 41 21 and
3902 1707 72 20 money
3984 1703 78 25 enough
4079 1705 21 19 to
4113 1704 40 21 lasn

3606 1735 12 14 a
3748 1728 20 21 It
3775 1730 56 19 must
3839 1731 37 18 not
3882 1729 23 20 be
3912 1728 100 27 imagined
4022 1730 25 24 by

3606 1755 43 20 said
3658 1762 45 18 one,
3736 1756 47 19 that
3799 1756 34 19 the
3844 1756 41 22 trip
3893 1757 21 18 to
3930 1756 35 21 the
3974 1764 43 13 new
4024 1757 103 25 goldfields
4138 1760 15 19 i«

3606 1789 47 16 easy
3677 1782 21 21 of
3737 1782 194 27 accomplishment;
3954 1787 16 17 it
4003 1784 17 21 is
4046 1785 43 26 just
4119 1786 34 21 the

3605 1811 102 25 contrary.
3735 1810 65 21 There
3815 1817 34 14 are
3859 1817 60 19 many
3928 1811 112 26 dangerous
4050 1813 66 26 places
4133 1818 20 16 to

3606 1838 24 20 be
3639 1837 150 25 encountered;
3806 1837 38 21 but
3853 1837 16 21 if
3879 1844 37 14 one
3925 1838 17 21 is
3952 1842 69 23 strong
4039 1840 40 21 and
4088 1840 61 22 brave

3605 1865 59 21 these
3673 1872 46 19 may
3730 1865 24 21 be

3748 1946 126 50 Mining
3913 1947 112 41 Notes.

3643 2030 53 27 The
3713 2029 123 37 dredging
3849 2033 97 23 returns
3968 2030 35 29 for
4024 2033 41 26 the
4087 2033 66 27 week

3606 2068 96 31 ending
3721 2068 123 36 Saturday
3864 2069 192 27 were—Golden
4081 2070 58 27 Trea-

3607 2114 56 17 sure
3676 2106 68 31 440z,
3760 2105 95 27 Golden
3871 2105 62 27 Gate
4055 2108 98 26 Ettrick

3608 2141 87 37 23|02,
3717 2143 136 33 Roxburgh
3879 2142 61 29 18oz
3963 2143 37 28 for
4084 2145 68 37 days,

3610 2181 113 27 Dunedin
3738 2182 62 26 40oz
3815 2181 73 28 ldwt.
3903 2183 82 35 Otago
4003 2183 61 27 28<>z
4076 2184 74 27 3dwt.

3642 2218 53 28 The
3709 2219 117 36 Ngapara
3839 2220 39 26 No
3890 2222 12 25 1
3914 2220 91 36 dredge
4015 2228 44 29 got
4074 2222 78 27 ISUoz

3608 2256 48 27 last
3671 2256 73 27 week.

3640 2294 52 26 The
3705 2294 98 26 Eftrick
3817 2304 49 16 was
3879 2294 47 27 last
3947 2296 65 26 week
4036 2297 110 34 working
4146 2294 4 37 1

3606 2331 67 36 right
3687 2341 79 18 across
3781 2333 41 26 the
3834 2333 70 32 river,
3917 2333 46 27 and
3987 2334 40 26 the
4049 2334 100 36 grouml

3605 2371 24 26 in
3654 2371 49 27 mid
3723 2378 87 20 stream
3832 2371 43 27 has
3897 2371 59 28 been
3979 2372 73 28 found
4074 2380 23 20 to
4121 2374 28 27 be

3605 2408 60 35 fully
3679 2408 110 37 payable.

3638 2446 52 28 The
3703 2446 147 34 Roxburgh,
3864 2453 24 21 at
3902 2447 40 27 the
3965 2447 139 37 beginning
4125 2448 25 29 of

3604 2484 46 27 last
3670 2485 74 31 week,
3759 2484 88 27 shifted
3861 2485 72 27 down
3948 2491 24 21 to
3993 2486 40 26 the
4046 2494 42 28 top
4100 2488 48 26 end

3603 2522 27 26 of
3639 2522 41 27 the
3695 2522 90 35 Gorge,
3800 2522 47 27 and
3861 2522 43 28 she
3918 2523 43 27 has
3974 2524 84 27 struck
4072 2524 75 27 about

3603 2561 35 25 sft
3653 2559 26 27 of
3690 2569 57 26 very
3770 2560 66 33 good
3858 2561 74 26 wash.
3970 2562 52 26 The
4045 2563 88 33 uredge-

3603 2604 89 21 m&ster
3710 2599 20 26 is
3744 2597 26 28 of
3779 2599 39 26 the
3839 2599 100 35 opinion
3960 2599 53 28 that
4026 2599 48 28 this
4094 2599 54 29 lea<i

3602 2637 102 24 extends
3715 2637 71 24 down
3801 2637 41 24 the
3855 2638 71 23 river.

3592 2670 1 47 J
3635 2673 53 25 The
3716 2672 116 28 Pleasant
3862 2672 87 37 Valley
3982 2673 163 35 Goldmining

3601 2710 41 27 Co.
3664 2710 95 27 washed
3779 2720 31 27 up
3824 2710 47 28 last
3890 2711 122 35 Saturday
4026 2712 37 27 for
4085 2713 60 28 340z

3601 2748 84 28 14dwt
3712 2749 61 32 llgr
3792 2749 44 36 (76
3860 2750 81 27 hours'
3961 2751 86 34 water)
4074 2752 71 26 value

3599 2787 73 26 £133
3685 2787 43 27 13s
3739 2787 38 26 7d.
3815 2787 52 26 The
3878 2788 117 26 directors
4006 2788 86 27 visited
4104 2789 41 26 the

3598 2823 71 28 claim
3684 2834 30 17 on
3729 2823 119 38 Monday,
3862 2825 49 27 and
3925 2835 62 18 were
4002 2834 57 28 very
4071 2827 73 27 much

3597 2861 97 33 pleased
3718 2863 59 25 with
3801 2863 40 26 the
3856 2863 67 26 work
3940 2863 47 26 and
4012 2870 133 29 prospects.

3595 2898 68 37 They
3685 2899 86 27 intend
3786 2905 24 21 to
3832 2898 46 28 add
3900 2907 23 19 to
3935 2900 40 26 the
3996 2900 70 35 plant
4085 2911 44 17 con-

3596 2936 122 33 siderably
3731 2936 49 25 and
3794 2943 24 18 to
3827 2937 121 34 lengthen
3959 2938 42 24 the
4011 2938 55 32 pipe
4086 2938 58 25 line.

3595 2972 51 27 The
3671 2972 71 27 claim
3756 2973 20 25 is
3795 2981 57 17 now
3866 2974 24 25 in
3910 2982 12 17 a
3936 2973 79 26 sound
4030 2973 115 27 financial

3595 3010 114 35 position,
3724 3009 47 26 and
3782 3011 43 24 the
3838 3009 117 26 directors
3968 3011 63 35 hope
4050 3011 95 30 shortly

3596 3054 25 19 to
3633 3046 28 27 be
3675 3047 52 27 able
3743 3053 24 20 to
3781 3056 46 26 pay
3838 3056 13 18 a
3867 3048 126 26 dividend.

3632 3084 28 26 In
3695 3093 168 28 consequence
3888 3085 28 26 of
3946 3085 40 26 the
4018 3087 126 34 improved

3595 3129 125 27 prospects
3735 3123 24 25 in
3775 3122 39 26 the
3839 3122 116 27 Pleasant
3978 3122 86 32 Valley
4078 3124 66 26 Co.'a

3593 3159 81 33 claim,
3690 3161 83 24 shares
3787 3159 61 26 have
3861 3161 112 35 changed
3993 3161 81 27 hands
4088 3162 49 27 this

3594 3197 66 26 week
3674 3203 25 20 at
3715 3206 32 26 up
3761 3203 24 20 to
3799 3197 51 26 30s.

3644 3283 180 45 Lawrence
3852 3284 98 44 News
3977 3284 112 44 Notes.

3723 3367 61 25 (Own
3798 3367 205 27 Correspondent.)

3626 3408 109 38 During
3757 3408 47 29 the
3824 3413 62 33 past
3911 3409 77 28 week
4010 3409 77 29 three
4110 3409 28 30 of

3589 3449 46 28 the
3655 3449 45 28 old
3723 3448 138 29 identities
3883 3450 68 27 have
3972 3450 94 37 joined
4092 3451 46 28 the

3589 3492 59 25 vast
3663 3488 134 38 majority.
3838 3488 59 29 One
3919 3490 27 27 in
3970 3490 46 28 the
4040 3501 98 27 person

3587 3530 30 27 of
3630 3529 44 28 Mr
3688 3529 148 37 Docherty,
3848 3530 59 27 who
3918 3540 54 17 was
3982 3531 154 28 conducted

3587 3575 28 23 to
3629 3570 41 28 his
3685 3569 51 28 last
3747 3570 105 38 resting
3866 3570 75 38 place
3962 3580 35 19 on
4022 3571 112 38 Sunday

3587 3610 161 35 afternoon;
3782 3610 42 27 Air
3863 3610 116 29 Thomas
4020 3611 117 29 Leather

3587 3650 125 30 followed
3738 3650 62 38 only
3825 3661 50 18 one
3901 3651 52 37 day
3981 3651 78 35 later,
4082 3652 55 29 and

3587 3691 145 38 yesterday
3748 3691 43 27 Mr
3804 3690 27 29 J.
3847 3691 29 28 C.
3904 3691 120 28 Lorimer
4037 3693 97 37 passed

3586 3742 75 26 away
3693 3737 28 21 at
3753 3731 46 27 the
3835 3731 129 37 Tuapeka
4000 3731 133 39 Hospital.

3586 3771 82 28 Their
3688 3770 150 38 respective
3855 3781 66 27 ages
3942 3781 69 18 were
4091 3775 33 26 Gs
4127 3794 7 14 ?

3586 3811 53 28 and
3653 3811 42 28 77.

3623 3851 57 28 The
3690 3850 97 29 annual
3798 3851 121 37 meeting
3930 3852 28 27 of
3969 3851 46 30 the
4024 3852 110 38 cycling

3586 3893 62 27 club
3669 3901 53 18 was
3746 3890 62 29 held
3829 3891 52 27 la*t
3900 3891 85 34 week,
4008 3892 54 28 and
4088 3893 46 28 the

3586 3937 91 33 report
3708 3931 52 28 and
3789 3931 204 30 balance-sheet
4024 3933 108 29 showed

3586 3974 45 28 the
3645 3973 62 28 club
3723 3978 25 23 to
3763 3972 33 29 be
3809 3972 27 28 in
3851 3984 15 17 a
3885 3984 65 26 very
3970 3973 72 39 good
4061 3975 58 38 posi-

3585 4016 56 27 tion
3669 4015 65 27 both
3756 4024 29 17 as
3808 4014 113 37 regards
3947 4015 184 38 membership

3584 4055 54 27 and
3659 4054 127 27 finances.
3826 4053 56 28 The
3904 4055 185 28 construction
4104 4055 29 28 of

3584 4105 16 17 a
3613 4093 76 30 track
3704 4104 54 17 was
3772 4093 84 37 freely
3870 4093 149 37 discussed,
4033 4095 52 28 and
4102 4106 29 16 as

3586 4135 44 28 the
3644 4144 96 27 money
3755 4134 27 27 in
3798 4134 44 27 the
3856 4134 87 29 hands
3957 4135 29 28 of
3999 4135 132 30 the.-club

3585 4175 87 29 would
3686 4180 48 23 not
3749 4175 32 27 be
3795 4173 135 29 sufficient
3949 4181 26 27 tq
3996 4174 135 38 cftnfylef.t*

3584 4227 59 24 one,
3664 4216 21 27 if
3707 4213 113 36 started,
3843 4215 21 26 it
3889 4225 55 18 was
3967 4215 113 28 decided
4103 4223 28 20 to

3583 4257 63 28 hold
3657 4266 16 17 a
3687 4256 97 27 bazaar
3798 4259 28 24 to
3841 4255 68 28 raise
3927 4255 45 28 the
3987 4265 141 28 necessary

3582 4299 112 27 amouut
3709 4295 91 30 before
3814 4295 119 38 starting
3942 4295 31 28 it.

3620 4338 13 27 '1
3643 4337 33 29 he
3689 4337 98 28 annual
3803 4335 120 38 meeting
3945 4335 29 30 of
3995 4335 45 30 the
4059 4335 53 31 Tua-

3583 4379 71 36 peka
3678 4377 104 37 Jockey
3810 4376 69 28 Club
3906 4377 47 27 lias
3978 4377 56 28 also
4061 4378 68 27 been

3582 4417 73 29 held.
3700 4416 59 29 This
3772 4415 111 37 society,
3893 4422 53 28 too,
3956 4416 23 28 is
3992 4416 28 27 in
4034 4426 16 17 a
4064 4427 65 28 very

3583 4458 71 39 good
3687 4457 128 38 position,
3841 4457 47 26 the
3915 4457 104 27 income
4047 4457 83 40 being

3583 4500 83 28 about
3685 4498 55 28 £7O
3763 4501 108 35 greater
3892 4496 68 29 than
3982 4497 53 28 last
4055 4507 74 28 year,

3582 4540 54 28 and
3651 4539 45 28 the
3711 4547 132 29 expenses
3862 4537 83 28 about
3958 4540 48 26 £2.

3626 4580 50 27 ihe
3700 4579 121 37 Railway
3858 4577 81 29 Hotel
3967 4579 46 27 has
4046 4579 80 38 again

3582 4620 123 37 changed
3720 4619 87 28 hands
3820 4619 54 27 and
3888 4617 44 28 Mr
3941 4617 103 38 Joseph
4060 4620 66 32 Cox,

3581 4660 54 29 late
3655 4660 28 29 of
3708 4659 123 35 Outrain,
3854 4659 31 30 is,
3912 4657 13 28 I
3940 4658 122 39 daresay,
4090 4660 37 37 by

3582 4702 53 28 this
3658 4701 66 27 time
3748 4700 27 28 in
3798 4700 50 28 full
3871 4699 161 36 possession.
4072 4699 56 31 The

3582 4741 54 28 sale
3650 4751 54 17 was
3714 4740 114 28 effected
3841 4750 16 16 a
3870 4739 52 27 few
3936 4738 66 38 days
4015 4749 53 26 ago
4090 4741 33 36 by

3581 4781 46 29 Mr
3639 4781 72 29 John
3726 4780 166 37 Thompson,
3910 4778 55 28 and
3986 4779 46 27 the
4046 4779 79 29 stock

3582 4832 52 17 was
3661 4826 28 23 to
3715 4821 67 27 have
3810 4822 66 26 been
3903 4818 83 28 taken
4011 4829 65 18 over
4099 4826 28 21 at

3579 4861 135 29 valuafcion
3728 4860 153 37 yesterday.

3614 4901 58 29 The
3687 4902 66 27 Rev.
3770 4902 43 26 Mr
3829 4899 99 34 Buttle,
3939 4899 29 27 of
3982 4898 125 39 Morning-

3577 4946 56 29 ton,
3660 4942 48 28 has
3734 4942 66 27 been
3824 4939 168 38 conducting
4013 4939 110 28 mission

3576 4982 117 27 services
3727 4981 27 27 in
3776 4982 46 26 the
3848 4980 141 35 \Ve*leyau
4013 4978 109 29 Church

3575 5021 42 29 for
3631 5025 47 26 the
3689 5024 62 36 past
3764 5021 77 38 eight
3855 5019 141 39 evenings,
4011 5019 52 29 and
4076 5020 46 28 has

3575 5062 66 29 been
3677 5073 29 19 so
3739 5062 148 29 successful
3918 5061 60 28 that
4010 5061 32 27 he
4075 5061 48 27 has

3573 5102 114 28 decided
3706 5107 28 23 to
3759 5102 128 30 continue
3911 5101 115 36 holding
4049 5102 73 26 them

3574 5142 67 28 until
3668 5142 144 38 Thursday
3836 5142 126 37 evening,
3987 5147 75 21 when
4089 5142 32 28 he

3572 5182 53 27 will
3639 5183 103 28 deliver
3753 5184 41 26 his
3805 5182 118 28 farewell
3934 5181 112 28 service.

3608 5222 58 29 The
3680 5224 67 28 Rev.
3763 5223 44 28 Mr
3821 5222 92 28 Borrie
3927 5221 120 28 lectured
4074 5222 28 28 be-

3571 5262 58 26 fore
3652 5273 16 16 a
3690 5272 66 27 very
3782 5262 51 27 fair
3864 5261 131 27 audience
4019 5261 26 26 in
4074 5261 45 28 the

3574 5300 189 38 Presbyterian
3777 5301 169 29 schoolroom
3968 5309 35 18 on
4018 5299 100 38 Friday

3570 5341 127 38 evening,
3725 5342 45 27 the
3795 5341 109 36 subject
3931 5340 79 38 being

3570 5380 64 38 Trip
3661 5386 27 23 to
3919 5381 57 29 The
4000 5381 120 29 lecturer

3570 5429 54 19 was
3638 5421 116 27 listened
3766 5428 28 20 to
3808 5421 63 27 with
3884 5427 87 31 wrapt
3981 5422 137 27 attention

3568 5459 179 40 throughout,
3773 5460 42 30 his
3840 5461 168 39 description
4032 5461 85 41 being

3568 5502 138 35 thorough
3719 5502 53 27 and
3783 5503 144 36 complete.

3603 5540 58 28 The
3678 5541 53 28 last
3752 5541 29 28 of
3803 5551 15 17 a
3843 5541 84 29 series
3952 5542 29 28 of
4005 5542 111 39 dances,

3567 5579 63 30 held
3652 5581 26 28 in
3702 5581 46 29 the
3768 5581 84 29 Town
3875 5581 71 38 Hall,
3961 5583 22 29 is
3996 5588 29 24 to
4052 5586 64 29 take

3567 5621 76 38 place
3652 5622 54 27 this
3717 5622 130 38 evening,
3862 5623 26 27 in
3903 5624 46 27 the
3960 5624 86 40 shape
4057 5627 30 28 of
4097 5638 19 22 „a

3565 5661 90 40 grand
3677 5662 63 37 ball,
3766 5662 77 30 when
3862 5674 17 19 a
3904 5664 127 39 splendid
4051 5670 65 32 tyirit

3565 5706 49 26 out
3626 5703 22 30 is
3661 5704 143 38 expected.

3605 5744 65 28 18th
3685 5749 120 33 August,
3825 5746 76 31 1897,

1730 90 13 6 *
1753 86 198 42 MOUNT
2036 89 222 43 BEHSEB
2346 86 153 40 HAIL.

3483 86 165 49 Friday,
3671 87 168 48 August
3859 89 69 44 20,
3953 89 115 42 1897.

84 173 185 38 FRIDAY,
291 175 72 29 20th
395 173 165 38 AUGUST,
580 174 81 30 1897.

305 217 38 26 At
366 216 15 26 2
399 225 60 26 p.m.

127 294 42 27 On
183 294 42 28 the
236 294 131 28 Premises
380 294 27 26 of
425 293 45 27 Mr
480 293 71 26 Wm.
565 293 79 35 Gray.

122 359 28 30 T
165 361 26 29 A
212 361 23 29 B
256 360 22 28 E
299 360 21 28 Z
397 361 23 27 B
440 357 223 31 URTON

84 402 8 12 *
185 400 43 28 has
241 399 109 28 received
370 400 162 26 instructions
544 398 62 26 from
620 399 43 25 Mr

87 449 6 12 ;
114 439 30 27 B.
158 439 98 26 Brooks
269 441 27 24 to
308 439 49 26 sell
376 439 36 35 by
435 437 105 28 auction
564 438 29 25 at
617 436 46 27 the

82 496 8 16 j
114 478 81 26 above
208 477 63 26 time
284 477 52 25 and
350 476 107 34 place—

142 526 62 26 HIS
223 524 225 28 HOUSEHOLD
468 522 160 32 EFFECTS,

292 575 145 36 consisting
450 573 26 28 of

180 614 110 28 Dresser

180 652 93 27 Tables

181 689 93 28 Chairs

180 726 117 29 Pictures

158 761 4 40 t
182 766 103 28 Dinner
294 766 103 27 Service
404 766 42 31 (67
457 763 97 38 pieces)
565 761 97 33 &c.,&c.

346 817 96 25 Also—

185 855 13 26 -1
218 853 74 29 Mare
323 853 75 33 (used
421 856 28 25 to
475 853 108 26 harness
613 849 51 27 and

250 892 105 33 saddle)

185 931 13 25 1
218 929 177 28 Side.Saddle

185 968 11 24 1
218 968 62 25 Fret
307 968 59 26 Saw
397 966 52 26 and
478 965 92 32 Lathe,
600 963 65 27 with

253 1004 84 30 Tools,

87 1073 11 16 i
117 1065 156 36 FRIDAY,
298 1067 71 28 27th
399 1063 163 37 AUGUST,
584 1063 79 35 1897,

237 1109 37 24 At
287 1117 47 16 one
347 1107 95 26 o'clock
456 1106 87 34 sharp.

247 1184 146 20 CLEARING
407 1183 71 21 SALE
492 1183 35 20 OF

91 1222 5 11 i
115 1210 174 22 HOUSEHOLD
307 1210 177 25 FURNITURE,
504 1208 95 26 STOCK,
619 1209 45 25 &c.,

256 1238 36 22 AT
311 1238 77 22 MILL'
400 1238 34 22 R-S
447 1236 78 23 FLAT.

90 1317 9 14 f
117 1307 159 29 TODD
329 1306 142 29 BROS.
595 1304 69 29 CO.

196 1348 67 25 have
276 1347 117 26 received
412 1345 171 26 instructions
597 1344 67 25 from

116 1385 45 26 Mr
173 1383 104 27 Samuel
289 1382 78 28 Clark
383 1383 69 30 (who
465 1382 22 24 is
501 1380 106 35 leaving
619 1380 46 26 the

89 1441 7 15 (
116 1421 117 33 district)
248 1423 26 23 to
287 1421 64 25 offer
364 1420 40 24 for
416 1418 88 27 sale—

181 1464 50 27 -200
244 1462 92 36 Sheep,
359 1463 15 26 2
395 1462 97 26 Horses
508 1460 126 35 -(hacks),
651 1461 11 25 1

249 1500 123 34 Draught
389 1500 6 24 I
414 1509 63 19 orse,
485 1498 81 34 Dray,
577 1497 72 26 Chaff-

246 1540 87 24 cutter
347 1542 24 21 (a
382 1538 70 25 most
466 1545 65 21 new,
547 1535 34 34 by
595 1533 50 27 Ben-

246 1575 67 32 tall),
336 1578 40 23 set
389 1575 27 25 of
429 1573 131 28 Hanows,
575 1570 86 32 Trees,

248 1615 33 26 10
292 1613 75 28 sacks
388 1612 139 36 Ryegrass,
540 1609 25 27 A
585 1607 75 28 sacks

248 1653 62 35 Rye.

179 1690 74 31 Also,
273 1681 160 37 'Furniture,
467 1683 143 33 consisting
633 1681 28 27 of

249 1728 61 26 Iron
321 1727 51 25 and
382 1725 115 26 Wooden
508 1721 150 30 Bedsteads,

249 1766 101 26 Chairs,
379 1764 92 27 lables,
494 1759 81 29 Sofas,
598 1757 41 27 &c.
654 1766 5 23 ;

247 1802 151 33 400-gaLlon
412 1797 73 28 Tank
507 1794 86 37 (new),
607 1795 50 25 and

247 1841 77 26 other
349 1839 90 33 things
460 1839 43 23 too
521 1842 138 18 numerous

228 1895 9 8 .>
246 1881 30 24 io
289 1875 191 38 particularise.

170 1956 71 30 Also,
256 1957 26 25 at
297 1954 28 27 11
340 1963 57 17 a.m.
412 1961 32 17 on
457 1958 70 20 same
540 1948 68 32 date,

208 2000 37 20 AT
257 1999 42 20 MR,
313 1996 128 21 SELLARS'
454 1994 101 23 YARDS,

87 2041 6 16 (
114 2026 41 27 On
167 2028 110 25 account
289 2025 27 26 of
337 2024 99 26 Messrs
456 2022 102 28 Sellars,
580 2018 64 27 Cock-

214 2065 68 26 burn
292 2063 72 25 Bros,
379 2061 52 26 and
441 2060 123 26 others—

178 2111 52 24 -200
248 2107 141 27 Crossbred
404 2106 120 33 Hoggets

177 2146 51 27 200
242 2146 48 26 Fat
303 2144 124 27 Wethers

178 2185 51 27 200
242 2182 142 30 Crossbred
398 2181 73 26 Ewes
485 2180 39 34 (in
536 2177 82 34 lamb)

205 2249 85 27 Other
308 2248 106 26 Entries
433 2245 131 26 Solicited.

111 2309 241 38 pHRISTMAS
381 2307 23 28 &
433 2305 89 29 NEW
553 2303 105 29 YEAR

85 2347 5 9 '
113 2342 38 24 V
278 2345 224 34 NOVELTIES.

150 2392 137 39 (Suitable
302 2391 44 29 for
362 2390 102 35 Young
477 2387 54 29 and
546 2386 74 37 Old).

220 2475 27 28 A
261 2472 133 37 complete
407 2472 105 36 display
525 2468 30 29 of

111 2514 131 31 FANCY
272 2512 133 35 GOOI'S,
440 2506 218 33 CHRISTMAS

160 2554 136 35 CARDS,
335 2552 105 34 TOYS,
478 2549 135 35 BOOKS,

231 2592 234 32 MAGAZINES,
485 2591 49 28 &c.

107 2673 147 22 BARGAINS
272 2673 40 19 ON
329 2672 58 18 THE
405 2669 136 21 SHILLING
558 2666 98 21 TABLE.

228 2737 162 30 Inspection
410 2735 122 28 Invited.

162 2825 55 57 F.
272 2817 335 63 TEFFKRY.

115 2903 190 25 FOOESELLTF,
319 2902 51 20 CHI
379 2900 71 27 511ST,
465 2899 81 22 NEWS
563 2898 96 22 AGENT

259 2928 178 26 ■STATIONER,
451 2928 38 21 kc.

174 2966 139 30 IEVIOT
341 2966 35 27 DJ
383 2962 141 30 SPENSA
530 2961 60 29 RY.

199 3029 175 41 ■RECORD

247 3069 127 32 ECORD
414 3057 45 24 At
461 3067 103 30 EIGN.

111 3154 70 29 'TO
207 3154 97 28 enable
329 3152 46 28 the
400 3150 92 39 public
517 3153 27 24 to
571 3148 83 27 Dress

194 3193 117 31 suitable
319 3196 28 25 to
357 3192 47 29 the
414 3189 132 35 occasion,
560 3188 14 28 I
584 3188 69 28 haye

216 3244 139 30 REDUCI
370 3243 25 28 D
415 3241 133 30 PRICES

107 3288 30 29 of
148 3297 47 29 my
207 3286 76 37 large
299 3284 52 29 and
366 3283 92 30 varied
472 3281 95 36 btock,
581 3282 68 27 viz.:

179 3340 85 34 Suits,
276 3339 38 29 £3
332 3339 30 27 3s
373 3349 8 23 ;
402 3336 139 34 Trousers,
557 3335 55 28 15s.

177 3379 119 38 Factory
310 3395 9 4 -
333 3376 79 28 made
454 3375 83 35 Suits,
577 3375 50 27 21s
640 3384 9 24 ;

247 3422 138 32 Trousers,
398 3417 32 30 6s
444 3415 44 30 6d.

130 3473 70 35 Ties,
216 3472 80 38 Caps,
310 3471 108 32 Braces,
433 3470 58 34 &c.,
505 3468 34 29 6d
553 3467 76 30 each.

104 3514 77 28 Hard
195 3513 55 28 and
264 3511 60 30 Soft
339 3511 61 28 Felt
419 3514 77 31 Lats,
522 3511 29 26 Is
571 3508 76 29 each.

109 3589 2 27 •
117 3594 122 22 REDUCI'
254 3593 43 21 »NS
312 3593 31 20 IN
359 3593 52 19 ALL
424 3591 97 21 OTHER
534 3589 90 22 LINES.

190 3658 40 43 E,
276 3658 43 42 A.
366 3657 29 37 H
413 3656 137 50 ART,

96 3718 104 21 IAILOR
221 3718 17 21 &
260 3715 196 24 GENTLEMEN'S
480 3713 164 22 OUTFITTER.

148 3758 257 31 Scotland-sthkft,
426 3755 162 27 Roxburgh.

92 3859 32 28 R<
143 3857 163 30 XBURGH
317 3855 160 30 BAKERY
488 3854 23 29 &
524 3854 118 29 STORE

93 3950 182 57 Fobt.
301 3949 339 67 Kinaston,

113 4028 140 35 BAKER,
282 4024 293 33 CONFECTIONER
599 4025 24 29 &

226 4073 282 35 STOREKEEPER,

128 4133 149 22 SCOTLAND
301 4132 112 26 STRFET,
437 4131 165 21 ROXBURGH.

137 4205 69 28 k.K.
217 4205 101 27 desires
332 4208 28 23 to
375 4203 86 28 thank
475 4204 46 27 the
533 4203 92 28 inhabi-

94 4252 38 21 ts
144 4250 25 23 ts
183 4245 29 29 of
226 4244 153 38 Roxburgh
392 4244 53 28 and
457 4244 180 38 surrounding

94 4285 122 28 districts
240 4286 43 27 for
302 4285 47 27 the
372 4294 69 28 supp
461 4287 25 24 rt
508 4284 130 29 accorded

90 4327 56 28 him
161 4326 28 28 in
202 4325 48 29 the
263 4328 71 36 past,
348 4325 52 27 and
450 4324 99 29 inform
564 4324 74 29 them

90 4368 61 29 that
164 4367 119 37 nothing
297 4366 53 29 will
365 4366 35 29 be
413 4365 123 39 wanting
548 4376 35 18 on
596 4365 42 30 his

89 4413 62 32 p;n-t
163 4408 28 27 in
204 4409 46 26 the
263 4408 92 26 future
365 4411 29 23 to
403 4406 79 27 merit
490 4416 16 16 a
514 4406 109 27 continu-

87 4458 69 19 ance
169 4447 29 30 of
210 4447 72 29 their
294 4450 123 35 support.

116 4525 141 24 WEDDING
275 4526 62 22 AND
356 4524 150 23 BIRTHDAY
522 4524 92 22 CAKES

238 4562 79 20 MADE
334 4561 36 20 TO
383 4560 104 21 ORDER.

87 4608 124 26 SOIREES,
235 4607 110 21 PICNICS
367 4606 16 20 k
403 4605 86 21 BALLS
506 4604 132 21 CATERED

130 4644 57 19 FOR
202 4642 36 21 ON
256 4642 57 21 THE
325 4640 145 22 SHORTEST
488 4639 113 24 NOTICE.

87 4686 130 38 Nothing
230 4686 50 28 but
295 4685 46 28 the
353 4685 62 28 best
426 4683 124 30 material
562 4683 76 30 used.

87 4769 27 22 G(
126 4769 38 21 OD
178 4767 186 23 ASSORTMENT
373 4765 36 22 OF
418 4765 165 28 GROCERIES,
593 4766 45 26 &c.,

254 4800 4 23 •
290 4800 40 23 ON
346 4800 91 21 HAND.

103 4864 65 34 £3?
172 4862 121 29 Liberal
313 4860 139 29 Discount
465 4868 50 20 for
536 4859 84 30 Cash.

103 5723 49 23 You
161 5722 53 22 have
223 5719 71 23 ruined
302 5726 53 21 your
363 5717 133 23 constitution
506 5717 122 27 sufficiently

75 5754 29 25 by
115 5750 99 25 drinking
226 5748 84 21 inferior
323 5748 41 20 tea.
391 5746 86 21 Recruit
491 5745 26 24 by
532 5745 96 26 drinking

134 5777 65 25 Kozie
208 5778 41 20 tea.
275 5774 22 23 It
305 5774 17 21 is
328 5780 51 21 pure
384 5773 40 22 and
431 5772 110 22 reliable.—
548 5772 65 22 Adrt.

658 174 3 36 .
689 174 369 36 TEVIOTWESLEYAN
1072 176 172 31 CHURCH.

789 256 114 40 Sunday
918 258 124 29 Services
1054 258 56 29 will
1132 258 35 28 be
1180 267 49 19 con-

778 297 102 29 ducted
892 308 30 19 as
936 298 92 29 follow
1041 310 45 17 :

690 345 112 27 Roxburgh
813 345 20 26 (7
842 346 86 27 p.m.)—
929 347 52 21 Rev.
991 347 22 21 J.
1022 347 29 20 H.
1059 346 84 25 Hooper

985 374 35 21 the

658 407 5 17 r
691 400 48 21 Coal
750 400 64 21 Creek
825 400 19 26 (3
854 401 85 26 p.m.)—
943 401 50 22 Rev.
1003 401 22 20 J.
1037 401 28 20 H.
1078 400 83 25 Hooper

658 446 5 8 j
692 428 78 21 Ettrick
778 428 27 25 (11
819 428 82 24 a.m.)—
905 428 50 21 Rev.
966 428 22 21 J.
1004 428 26 21 H.
1042 428 84 25 Hooper

779 455 54 26 (6.30
842 455 120 27 p.m.)-Mr
972 456 21 21 J.
1004 456 24 21 C.
1039 454 67 21 Smith

847 1745 44 30 T..
961 1743 283 35 BOWDEN,

764 1820 176 26 CARPENTER,
967 1818 115 26 JOINER,
1112 1818 60 21 AND

864 1858 208 26 UNDERTAKER,

689 1912 97 26 Desires
812 1917 25 20 to
863 1910 76 27 thank
966 1909 42 27 the
1042 1909 85 26 Public
1153 1909 23 26 of
1202 1909 41 26 the

690 1951 102 27 District
807 1949 37 28 for
863 1956 54 29 past
936 1954 113 31 support,
1069 1947 48 28 and
1138 1946 61 37 begs
1219 1952 24 22 to

689 1991 87 23 inform
807 1989 65 24 them
909 1990 53 22 that
995 1987 29 24 lie
1056 1987 43 24 has
1130 1985 112 26 resumed

691 2025 118 27 Business
821 2025 24 25 in
861 2022 151 35 Roxburgh.

689 2113 132 25 Estimates
833 2112 73 34 given
918 2111 47 26 and
978 2110 121 35 Building
1110 2110 132 27 Contracts

790 2161 28 27 of
833 2160 30 28 all
884 2159 73 28 kinds
974 2159 163 28 undertaken.

724 2248 74 27 Plans
812 2248 47 26 and
1080 2256 93 27 pivnan
1183 2246 20 26 d.

689 2361 205 56 yiCTORIA
910 2361 146 30 LIVERY
1072 2361 168 29 STACKS

774 2430 69 22 PEEL
856 2431 111 26 STREET,
983 2430 33 21 LA
1023 2430 23 20 W
1052 2430 63 21 KiiM
1124 2430 28 27 'i-.

687 2500 35 42 T,
751 2500 119 52 Dwyer
915 2510 6 30 :
969 2509 8 30 :
1034 2499 205 50 Proprietor,

724 2588 58 28 The
795 2598 64 27 very
872 2588 62 27 best
949 2587 130 37 Stabling
1096 2586 143 38 provided,

686 2628 66 30 with
765 2640 16 17 a
795 2628 99 29 Groom
909 2627 100 39 always
1023 2628 28 28 in
1065 2627 174 29 attendance.

686 2721 26 28 A
735 2720 159 29 Handsome
919 2720 53 27 and
1002 2718 237 40 Well-appointed

784 2780 153 35 Hearse
962 2791 51 24 on
1042 2779 103 35 Hire.

725 2874 158 28 First-class
915 2874 94 37 Single
1042 2874 54 27 and
1131 2873 108 28 Double

688 2914 138 39 Buggies;
848 2914 66 31 also.
929 2913 99 29 Ladies
1030 2913 8 13 1
1052 2913 54 29 and
1127 2913 96 29 Gentle-

686 2954 86 28 men's
786 2954 102 28 Saddle
901 2954 113 28 Horses.

783 3041 43 37 C.
867 3041 36 37 J.
947 3041 187 51 Coombs,

705 3113 191 30 SURGICAL
917 3113 22 29 &
959 3112 256 30 MECHANICAL

873 3165 167 29 DENTIST

889 3212 40 26 (By
944 3212 81 25 Exam.)

742 3295 25 30 R
788 3294 151 31 COOMBS
957 3306 62 27 may
1033 3294 34 30 be
1082 3294 149 31 Consulted

936 3341 29 23 cit

835 3387 125 31 Heron's
983 3388 94 31 Hotel

698 3443 43 28 On
764 3442 158 35 FRIDAY,
949 3443 71 28 20th
1046 3442 165 30 AUGUST.

715 3522 39 27 As
769 3522 14 27 I
797 3521 95 28 intend
906 3520 113 36 visiting
1039 3520 54 29 this
1113 3520 116 30 District

677 3561 187 39 periodically,
878 3562 21 27 it
908 3562 54 27 will
971 3571 62 19 save
1047 3560 124 30 Patients
1181 3562 47 29 the

675 3613 120 27 expense
807 3602 30 29 of
851 3602 87 38 going
951 3606 28 25 to
993 3606 71 25 town
1077 3614 8 23 ;
1105 3602 54 28 and
1172 3614 30 17 as
1213 3603 14 28 I

677 3647 149 34 guarantee
847 3642 35 28 all
907 3642 85 37 work,
1019 3643 122 29 Patients
1164 3654 62 29 may

674 3685 57 37 rely
746 3695 34 18 on
794 3683 113 39 getting
920 3695 14 17 a
948 3684 141 29 first-class
1101 3684 115 29 denture

672 3765 92 19 TEETH
793 3764 82 20 MADE
903 3764 34 20 BY
937 3764 3 21 -
971 3764 94 20 OTHER
1091 3764 134 21 DENTISTS

694 3791 131 21 PROVING
835 3791 252 21 UNSATISFACTORY
1098 3792 106 20 MAYBE
1239 3791 1 21 !

727 3819 197 21 REMODELLED
938 3820 36 20 AT
988 3819 92 21 SMALL
1094 3819 74 21 COST.

673 3889 124 27 Painless
828 3888 161 30 Extraction
1019 3889 63 27 with
1110 3888 114 28 Nitrous
1238 3880 2 52 j

709 3929 88 29 Oxide
820 3929 64 35 Gas,
908 3929 125 36 Cocaine,
1047 3928 95 36 Ether,
1157 3939 31 18 or
1237 3928 3 41 j

856 3969 183 33 Chloroform.

670 4045 134 29 Stopping
824 4055 70 18 with
915 4047 84 35 Gold,
1023 4045 146 35 Amalgam,
1190 4053 35 18 or
1237 4037 2 45 |

887 4087 122 30 Cement.

762 4164 30 29 C.
840 4164 28 29 J.
923 4163 131 29 COOM
1067 4164 63 35 BS,

809 4212 128 30 Surgeon
961 4212 118 29 Dentist

710 4258 144 39 (Opposite
869 4259 130 38 Cargill's
1013 4259 173 36 Monument)

877 4306 80 20 DUNE
962 4306 57 20 DIN.

780 4345 79 33 (Late
877 4345 76 30 Kidd
971 4345 53 28 and
1040 4344 60 37 Co.)

670 4431 194 56 COBB
935 4433 51 54 &
1051 4431 167 60 CO.'S

778 4511 171 21 TELEGRAPH
975 4511 69 21 LINE
1070 4511 36 21 OF

715 4565 130 29 ROYAL
868 4564 95 28 MAIL
985 4563 186 29 COACHES.

870 4616 148 28 Lawrence

704 4658 155 28 Beaumont
983 4655 65 29 Moa
1062 4655 62 29 Flat

703 4698 99 28 Teviot
983 4696 158 29 Alexandra

705 4737 87 37 Clyde
986 4736 143 28 Cromwell

703 4777 174 28 Arrowtowii
985 4776 182 36 Queenstown

918 4818 62 27 And

741 4865 56 29 Alll
817 4865 197 29 Intermediate
1039 4865 105 30 Places.

705 4946 77 30 Cobb
797 4945 54 29 and
875 4945 73 30 Co.'s
969 4946 155 39 Telegraph
1150 4948 68 29 Line

666 4987 29 29 of
707 4986 87 39 Royal
807 4986 68 26 Mail
899 4985 119 29 Coaches
1040 4988 77 27 leave
1141 4988 58 27 Law-

665 5037 80 20 rence
765 5026 44 30 for
830 5026 47 29 the
897 5025 151 31 Beaumont,
1068 5028 54 30 and
1143 5028 57 30 Rox-

665 5069 92 38 burgh
774 5078 83 28 every
880 5067 68 38 day;
968 5070 53 28 and
1043 5070 76 29 leave
1142 5070 57 29 Rox-

665 5110 91 37 burgh
788 5108 44 28 for
863 5108 165 36 Alexandra,
1063 5110 153 36 Cromwell,

664 5152 182 30 Arrowtown,
859 5148 54 28 and
936 5148 180 37 Queenstown
1133 5162 82 28 every

664 5190 136 38 Tuesday,
826 5189 141 39 Thursday
990 5192 53 28 and
1068 5192 146 38 Saturday,

664 5230 131 38 reaching
804 5229 181 37 Queenstown
995 5232 47 28 the
1051 5243 73 18 same
1133 5243 65 18 even-

663 5272 58 36 ing.
763 5272 164 35 Passengers
941 5270 74 29 leave
1033 5272 129 28 Dunedin
1177 5273 37 36 by

663 5310 47 29 the
724 5310 63 28 8.15
800 5319 65 19 a.m.
887 5309 68 29 train
969 5322 7 23 ;
997 5310 75 31 leave
1091 5311 105 37 Queens-

663 5353 72 27 town
750 5360 34 19 on
798 5359 75 19 same
886 5350 66 38 days
965 5354 28 25 at
1007 5352 16 28 5
1032 5362 73 26 a.m.,
1119 5353 79 28 reach-

663 5392 49 37 ing
725 5389 154 39 Roxburgh
898 5393 29 27 at
939 5392 16 28 8
969 5402 76 28 p.m.,
1059 5393 54 28 and
1127 5394 71 28 arriv-

663 5432 50 34 ing
731 5435 28 23 at
781 5430 146 29 Lawrence
948 5436 29 24 at
1005 5434 61 27 1.45
1087 5444 66 27 p.m.
1178 5444 33 18 on

662 5470 142 37 following
818 5470 76 37 days.

699 5513 130 28 Dunedin
849 5512 128 39 Booking
992 5514 84 29 Office
1089 5515 44 28 for
1146 5515 65 29 Pas-
1241 5512 1 39 '

662 5562 113 27 sengers
788 5552 54 29 and
856 5552 107 30 Parcels
975 5565 5 17 :
1007 5554 68 29 N.Z.
1091 5555 121 38 Express

663 5592 73 31 Co.'s
750 5592 93 31 Office.
854 5593 203 37 Manse-street,
1072 5595 139 30 Dunedin.
1240 5592 2 38 1

698 5633 80 29 Head
804 5633 99 31 Office:
937 5635 172 37 Peel-street,
1133 5637 59 28 Law-

659 5684 90 21 rence.

791 5715 37 31 H.
850 5715 113 32 CRAIG
1031 5717 67 37 CO.,

991 5764 180 37 Proprietors,
1224 5764 4 37 j

1278 221 178 43 DUNEDIN
1471 221 141 45 PRICES
1625 224 29 42 &
1669 224 146 44 VALUES

1275 414 77 31 NOT
1372 414 75 29 FOR
1466 413 76 30 ONE
1557 415 139 31 MONTH
1716 418 99 29 ONLY

1296 530 79 42 ALL
1406 530 79 42 THE
1519 530 108 42 YEAR
1659 531 146 46 ROUND.

1240 687 9 27 f
1282 663 87 55 W.
1390 664 59 54 T.
1472 663 342 56 TALBOYS

1240 756 1 37 •
1411 756 287 37 ROXBURGH,

1240 807 3 40 r
1243 807 2 40 '
1275 813 72 29 Who
1371 813 23 29 is
1418 824 59 18 now
1500 812 125 35 Offering
1644 815 48 28 the
1714 814 101 30 Balanci

1240 847 4 10 a

1240 866 3 36 \
1507 867 30 28 of
1557 866 42 29 his

1240 912 5 62 !
1359 940 239 38 WHITER

1482 1002 265 41 DRAPERY

1259 1077 2 31 I
1275 1080 28 28 at
1331 1077 92 31 Prices
1428 1077 103 31 ■■-•which
1550 1077 108 31 MUST
1680 1077 135 31 Comma™

1364 1133 46 29 the
1424 1133 146 29 Attention
1588 1132 28 30 of
1629 1133 115 39 Buyers.

1240 1231 2 47 •
1260 1231 3 47 i
1366 1232 104 45 Come
1496 1232 63 45 and
1588 1231 65 46 Soe
1679 1231 68 46 Our

1261 1310 2 37 !
1279 1311 45 28 All
1347 1311 82 28 Wool
1456 1310 173 37 Wellington
1655 1310 114 28 Flanne!
1773 1332 7 13 c
1801 1320 14 17 a

1240 1350 23 47 -j
1355 1353 28 26 Is
1399 1351 33 28 Id
1443 1361 48 28 per
1503 1351 68 37 yard

1240 1411 6 12 '
1260 1400 3 41 J
1281 1402 92 29 White
1410 1402 130 36 Calicoes,
1554 1402 84 28 'from
1665 1401 30 29 2s
1722 1401 35 29 Od
1783 1411 32 29 pe

1240 1440 6 57 j
1260 1430 3 67 J
1350 1444 84 28 dozen

1260 1487 2 46 !
1279 1494 112 39 Striped
1406 1496 196 33 Flannelettes,
1614 1494 71 28 from
1696 1495 30 27 2s
1737 1493 35 29 9d
1782 1504 33 27 pe

1349 1536 87 29 dozen

1259 1588 2 40 i
1276 1590 95 29 White
1408 1590 142 38 Shirtings
1581 1589 112 37 (double
1717 1588 3 40 •
1731 1588 84 30 width

1348 1633 72 28 from
1438 1633 32 27 10
1523 1642 48 26 per
1583 1631 69 37 yard

1259 1659 2 65 |
1277 1682 96 30 White
1387 1682 121 30 Turkish
1520 1682 114 34 Towels,
1649 1680 70 29 from
1741 1682 31 26 4s
1796 1683 19 25 (i(

1348 1734 50 28 pe'*
1411 1724 86 28 dozen

1260 1776 2 40 ;
1276 1776 88 29 Linen
1378 1777 144 39 Tablings,
1531 1777 70 28 from
1615 1778 29 27 Is
1654 1776 36 29 3d
1704 1786 111 29 peryart

1258 1830 3 49 j
1282 1830 91 29 Men's
1389 1831 102 28 Lambs
1506 1830 81 29 Wool
1601 1830 95 36 Pants,
1721 1832 30 27 2s
1782 1834 33 25 Lit

1347 1882 50 28 per
1412 1872 60 38 pair

1241 1918 3 46 '
1258 1918 2 46 j
1277 1924 89 29 Men's
1383 1924 99 29 Cotton
1498 1923 94 37 Pants,
1605 1923 71 29 from
1689 1926 28 26 Is
1733 1924 33 29 od
1782 1934 33 30 pe:

1240 1957 3 52 J
1258 1957 2 52 !
1347 1976 17 28 P
1367 1966 39 27 ;lir

1258 2016 2 37 i
1275 2017 137 29 Coloured
1435 2016 29 29 Si
1467 2016 4 37 ]
1472 2016 23 28 -k
1511 2016 233 37 Handkerchiefs,
1758 2016 57 30 froti

1343 2060 29 26 Is
1386 2058 67 28 each

1240 2101 2 47 ?
1257 2101 2 47 {
1272 2112 90 29 Men's
1378 2112 64 29 Soft
1457 2111 62 28 Felt
1533 2111 82 34 Hats,
1626 2110 71 28 from
1722 2112 28 27 Is
1776 2113 39 27 lie

1344 2153 65 29 each

1256 2204 2 41 1
1275 2207 63 30 Heal
1350 2208 70 28 Bear
1435 2207 80 38 Long
1528 2206 56 28 Fur
1597 2205 81 35 Boas,
1693 2204 69 31 from
1780 2208 35 27 12>

1345 2249 33 28 Od
1392 2249 64 28 each

1256 2275 2 29 I

1240 2327 1 46 ,
1255 2327 2 46 j
1275 2341 48 28 1)11
1329 2340 63 31 ESS
1428 2340 143 31 STUFFS
1605 2341 26 29 in
1670 2340 145 30 SERGES,

1240 2374 1 54 •
1255 2374 2 54 |
1319 2383 54 27 T\Y
1384 2383 102 35 SOIL'S,
1508 2383 135 29 it.c.—All
1662 2383 126 30 reduced.

1479 2468 24 25 A
1524 2465 53 28 Lot
1592 2465 28 28 of

1240 2513 1 31 ,
1273 2514 177 28 MANTLES
1482 2513 23 29 &
1529 2514 286 30 WATERPROOFS,

1254 2566 2 39 |
1289 2568 38 27 At
1341 2567 87 38 prices
1443 2567 87 28 which
1545 2570 74 25 must
1632 2567 73 28 clear
1719 2567 83 29 them.

1345 2651 21 24 A
1386 2648 133 38 Splendid
1533 2650 176 25 Assortment
1721 2649 31 27 of

1240 2698 1 43 ,
1270 2700 116 28 MKN'S
1421 2699 23 30 &
1478 2698 109 30 BOYS'
1619 2698 196 31 CLOTHING.

1353 2740 181 36 HOSIERY,
1560 2740 180 36 SCARVES,

1437 2781 146 35 SHiRTS,
1605 2781 48 30 &c.

1240 2863 1 30 ,
1270 2864 117 28 MEN'S
1433 2863 138 28 TWEED
1620 2864 109 29 KJTTS
1776 2867 39 26 'JO

1240 2903 1 49 .
1252 2903 2 49 j
1333 2903 195 35 MEASURE,
1552 2904 49 28 00s
1625 2905 134 40 (special).

1251 2937 3 39 I

1336 2985 26 28 A
1388 2984 61 29 well
1476 2985 124 29 assorted
1628 2987 79 28 stock
1733 2987 29 28 of

1373 3039 120 30 BOOTS
1521 3049 54 19 and
1602 3040 121 30 SHOES

1423 3093 104 38 always
1541 3105 34 17 on
1590 3095 82 29 hand.

1418 3197 244 30 NOTICE.

1289 3270 225 37 THURSDAY,
1535 3271 73 29 26TH
1628 3271 164 30 AUGUST.

1340 3345 71 20 LAST
1436 3345 36 20 OF
1498 3345 56 20 THE
1580 3346 98 20 SERIES
1705 3347 35 19 OF

1305 3380 265 68 ATHEN£UM_
1583 3381 186 44 SOCIALS.

1287 3463 52 27 The
1348 3463 137 32 Roxburgh
1498 3463 73 27 Brass
1582 3463 70 27 Band
1666 3463 61 27 have
1738 3465 73 30 ajrain

1259 3500 86 37 kindly
1359 3500 158 28 volunteered
1533 3501 62 26 their
1608 3502 113 26 services.

1435 3550 32 30 L.
1489 3551 30 29 E.
1543 3550 158 37 HAINES,

1385 3591 53 27 Sec.
1453 3592 151 26 Athenaeum
1620 3592 155 27 Committee.

1396 3773 276 70 friH™

1473 3961 51 13 cfiofM
1537 3963 19 10 or
1569 3963 36 13 roa.
1622 3964 36 12 np'>

1408 3977 32 15 ;*t>t
1442 3977 28 10 «rjT
1482 3978 58 9 jr
1559 3978 5 9 <
1577 3975 3 21 •
1590 3975 47 14 ifmvV-
1646 3982 16 14 y

1247 4043 155 53 •QOURT
1442 4043 223 37 ROXBURGH,
1705 4046 104 28 A.O.F.

1286 4121 225 21 TWESTV-FOUiM
1521 4122 18 20 H
1559 4123 217 22 ANNIVERSARY.

1454 4188 17 24 A
1495 4187 103 28 Grand

1255 4236 88 43 Plain
1371 4236 63 40 and
1463 4236 108 49 Fancy
1607 4238 104 41 Dress
1738 4238 68 42 Ball

1401 4294 59 27 Will
1477 4295 27 25 be
1519 4295 54 27 held
1586 4297 23 25 in
1626 4297 41 25 the

1357 4344 220 29 ATHENAEUM
1606 4345 97 28 HALL

1514 4387 38 23 On

1253 4427 222 36 THURSDAY,
1496 4429 72 28 30TH
1589 4429 111 36 SEPT.,
1724 4429 82 37 1897,

1341 4480 27 26 In
1383 4479 149 28 celebration
1547 4481 26 25 of
1582 4481 40 26 the
1636 4481 86 27 above.

1251 4559 150 28 TICKETS
1456 4580 26 6 ...
1533 4559 59 26 S»X
1607 4559 196 27 SHILLINGS

1320 4597 98 36 (Admit
1434 4596 68 26 Ladv
1514 4598 45 24 and
1572 4596 162 35 Gentleman)

1532 4673 31 28 T.
1586 4673 105 35 COOP,

1630 4714 136 25 Secretarv.

1240 4750 1 54 !
1251 4773 214 30 ROXBURGH
1493 4772 169 31 CYCLING
1695 4773 109 31 CLUB.

1240 4845 1 38 1
1250 4853 15 16 r
1364 4850 98 26 Annual
1478 4851 105 27 General
1598 4852 114 31 Moe'ing
1725 4852 24 26 of
1764 4852 40 26 the

1332 4889 76 25 above
1431 4888 64 26 Club
1517 4888 47 26 will
1582 4889 29 24 bp
1637 4889 54 25 held
1707 4891 22 24 in
1763 4890 41 26 the

1252 4927 157 28 Athemeum,
1437 4935 30 18 on
1499 4926 206 34 SATURDAY,
1733 4928 68 28 28th

1253 4965 95 29 INST.,
1362 4970 24 19 at
1401 4964 15 25 8
1434 4974 15 24 p
1461 4974 31 15 rn.

1284 5001 158 27 Business:
1461 5001 35 26 To
1517 5001 96 27 receive
1639 5001 91 35 Report
1752 5003 47 27 and

1249 5039 192 28 Balance-sheet
1456 5038 47 28 and
1524 5039 61 28 elect
1611 5040 110 34 officers;
1742 5041 59 34 also,

1248 5085 24 20 to
1286 5078 113 27 consider
1411 5078 91 26 several
1515 5079 138 35 important
1663 5081 138 35 questions.

1449 5127 27 26 B.
1498 5127 33 28 V.
1552 5127 144 34 REILLY,

1630 5167 66 27 Hon.
1712 5167 53 27 Pec.

1245 5227 31 21 IN
1290 5226 46 21 EST
1340 5227 33 20 AT
1378 5226 122 22 EOFGKO
1504 5227 35 21 RG
1544 5228 14 20 E
1565 5226 151 28 ROBTNSON,
1725 5229 34 21 LA
1763 5229 16 20 T
1783 5230 14 20 E

1261 5255 37 19 OF
1308 5254 132 25 ETTIIICK,
1451 5255 153 25 DECEASED,
1615 5255 163 21 INTESTATE.

1244 5313 230 33 TO-MORROW,
1502 5313 203 36 SATURDAY,
1731 5316 66 26 21st

1395 5351 96 31 INST.,
1511 5359 24 20 at
1550 5352 15 26 2
1579 5362 15 26 p
1606 5363 41 20 m.,

1306 5395 25 22 at
1347 5389 39 28 the
1404 5389 164 28 Conrthouse.
1584 5391 148 36 Roxburgh.

1371 5438 91 27 Effects
1487 5440 25 25 in
1539 5440 41 25 the
1605 5440 77 26 above
1707 5438 89 30 named

1325 5482 78 22 estate
1426 5476 49 29 will
1500 5476 29 29 be
1550 5476 54 29 sold
1630 5477 32 38 by
1687 5476 108 28 auction.

1242 5515 52 26 The
1321 5515 84 26 effects
1425 5515 98 27 include
1548 5516 114 26 Wooden
1690 5516 55 25 Hut
1759 5516 37 32 (at

1242 5551 119 35 Ettrick),
1375 5552 56 27 Suit
1444 5551 110 28 Clothes.
1567 5553 129 26 Blankets.
1710 5552 84 27 Boo's,
1808 5541 3 47 |

1241 5588 15 28 6
1270 5590 66 35 pairs
1355 5589 107 37 Uppers,
1475 5590 56 27 Sole
1543 5590 117 33 Leather,
1680 5588 114 29 Woolen

1242 5628 82 33 Lasts,
1335 5628 171 27 Shoemaker's
1516 5628 81 31 Tools,
1609 5628 46 27 &c.

1365 5676 74 29 Cash
1460 5685 36 20 on
1513 5678 159 26 Delivery.

1463 5727 75 28 WM.
1555 5727 135 33 FOUHY,

1616 5763 141 28 Constable.

1858 180 553 268 dsad
