4220 5890
84 197 95 25 •wpenta
188 195 63 28 night
264 197 23 20 at
301 196 36 21 the
351 196 46 21 Tan
409 195 58 21 Yean
480 191 103 26 orchards,
600 190 41 22 and

92 224 62 19 -must
167 230 41 19 aay
214 225 11 19 1
236 223 91 22 received
338 223 36 21 the
391 228 54 16 most
456 220 114 28 hospitable
583 220 51 20 treat-

86 252 70 19 ment
165 249 54 22 from
228 250 36 21 the
273 250 120 27 proprietor.

123 277 69 22 While
209 278 21 22 in
248 278 107 23 Tasmania
372 278 11 22 I
398 277 41 23 had
456 277 36 22 the
509 275 91 29 pleasure
617 272 22 22 of

83 311 6 12 >
97 306 91 25 meeting
205 313 38 14 one
266 307 23 20 of
304 306 36 21 the
361 306 120 21 Tasmanian
506 303 138 22 Government

82 333 175 27 •entomologists,
268 333 40 21 and
322 333 26 21 he
362 333 41 21 had
417 332 35 21 the
461 339 56 14 same
534 329 110 26 complaint

94 362 25 18 to
129 360 59 21 make
197 360 59 22 there
261 368 22 13 as
296 368 29 13 we
334 360 52 22 have
395 360 55 22 here.
478 358 33 23 He
520 365 45 19 says
574 354 26 23 he
606 355 36 22 has

95 393 27 15 no
145 388 81 21 trouble
248 388 51 22 with
319 388 37 22 the
377 387 96 27 practical
496 391 95 22 growers,
612 383 32 21 his

95 415 91 21 troubles
196 416 26 21 lie
231 416 120 27 principally
362 416 50 21 with
423 416 36 21 the
468 415 72 21 farmei
552 412 40 21 and
605 411 36 21 the

90 449 97 15 jtmateur
195 444 105 26 gardener,
316 444 46 20 who
370 450 54 18 grow
438 444 44 26 just
499 450 12 13 a
521 442 39 20 few
578 444 60 16 trees.

95 470 11 21 I
116 477 35 14 can
162 471 46 26 only
219 478 50 20 urge
277 471 48 21 here
335 471 35 21 the
380 471 99 25 necessity
489 470 22 20 of
520 468 77 26 setting
607 466 35 21 the

97 499 42 19 Act
153 498 71 26 passed
239 498 45 25 (the
295 499 93 20 Noxious
405 498 59 20 Pests
479 496 48 26 Act)
543 496 46 21 that
603 501 41 13 was

97 525 115 22 submitted
221 528 22 18 to
252 525 35 22 the
301 526 72 21 Teviot
387 525 40 21 and
445 524 116 22 Alexandra
576 522 55 21 Fruit-

97 558 87 16 growers
192 554 36 20 Co.
238 553 41 21 last
287 560 54 19 year.
368 553 42 21 The
419 553 60 20 stand
490 551 59 21 taken
566 550 27 26 by
607 550 35 20 the

195 586 87 19 growers
306 586 26 14 on
355 580 46 20 that
422 579 89 21 occasion
534 584 40 13 was
595 583 49 18 very

97 607 111 26 gratifying
218 611 22 17 to
249 614 39 18 me,
299 614 22 14 as
330 608 50 26 they
394 614 51 14 were
461 605 121 23 unanimous
598 604 45 20 that

97 634 36 21 the
142 636 42 20 Act
193 635 74 22 should
283 635 25 21 be
320 635 72 32 ppised
409 635 32 21 for
455 634 36 21 the
505 633 52 26 good
569 631 22 23 of
609 631 35 21 the

96 661 80 26 colony.
203 663 40 20 For
253 663 79 26 myself,
346 663 7 19 I
366 662 40 21 feel
415 662 53 25 fully
477 660 110 22 convinced
597 659 45 21 that,

97 689 36 20 the
143 691 55 24 j.-sts
209 690 65 21 which
283 689 70 21 attack
363 696 37 14 our
407 689 51 21 fruit
475 688 40 21 and
529 687 51 21 fruit
591 689 53 18 trees

97 722 37 14 can
151 717 25 20 be
193 717 51 26 kept
259 717 71 21 within
348 717 116 21 reasonable
483 715 79 21 bounds
576 714 16 20 if
609 713 35 21 the

97 747 54 17 trees
167 750 33 14 are
221 744 88 26 sprayed
330 745 49 19 with
398 743 35 21 the
449 743 80 20 various
548 740 96 22 standard

97 769 98 23 foiniulas
212 771 65 22 which
292 779 33 14 are
335 770 110 22 circulated
461 770 26 27 by
499 777 38 14 our
549 767 93 29 parental

97 798 146 22 Go\rrnnient.
274 798 23 22 In
313 800 42 20 this
369 798 126 26 connection,
512 797 8 21 I
537 798 56 20 must
608 802 34 19 say

93 826 49 20 that
153 826 35 21 the
201 826 88 27 position
299 826 21 21 of
329 826 138 25 fruitgrowers
475 826 22 21 in
515 825 42 20 this
565 823 77 22 district

97 853 35 20 has
143 854 49 20 been
205 854 78 26 greatly
297 854 104 25 improved
419 853 89 24 through
523 853 37 20 the
569 857 74 20 agency

92 880 27 21 ■of
148 880 34 21 the
205 881 139 26 Agricultural
371 881 137 25 Department
532 879 53 20 since
609 882 35 16 toe

95 908 133 26 department
238 915 38 14 was
289 911 32 18 set
330 915 28 20 up
393 908 73 21 Before
483 907 32 21 Mr
526 906 118 21 Blackmore

96 941 41 15 wju-
146 939 47 18 sent
200 936 66 21 round
276 936 58 21 the'e
345 942 40 14 was
399 938 36 18 not
449 942 10 14 a
479 941 60 19 spray
550 939 63 22 pump
623 936 22 17 to

97 964 25 20 lie
130 964 65 21 fund
204 964 21 21 in
241 971 39 19 any
296 964 22 21 of
333 964 37 21 the
384 962 103 26 orchards,
497 962 40 21 and
556 968 44 15 now
616 960 28 21 all

97 991 96 21 orchards
202 992 22 20 of
232 999 41 15 any
282 992 39 20 size
330 998 33 14 are
370 991 97 27 provided
476 991 49 20 with
532 990 66 25 them,
605 988 40 21 and

97 1018 49 26 they
157 1025 34 14 are
199 1019 60 23 doing
265 1020 50 24 good
323 1023 56 16 work
388 1018 33 21 for
430 1019 34 20 the
470 1025 93 19 growers.
591 1017 54 20 Here

94 1046 15 20 ■J
124 1052 13 14 ti
146 1051 34 15 ust
196 1046 44 20 also
254 1046 40 20 add
311 1052 35 16 my
362 1046 110 24 testimony
486 1051 22 14 to
520 1045 36 20 the
572 1044 75 20 benefit

83 1086 5 5 .
95 1072 47 22 tha:
154 1072 36 23 the
200 1072 137 26 Agricultural
348 1072 153 27 Department's
508 1072 136 26 publications

85 1099 4 28 .
99 1101 52 20 have
161 1100 50 22 been
221 1103 22 19 to
252 1101 36 21 the
297 1100 139 27 fruitgrowers
445 1100 21 20 of
476 1100 42 21 this
527 1099 85 22 district.

184 1130 90 24 greatest
290 1127 107 22 drawback
408 1129 22 19 to
440 1127 35 21 the
484 1127 52 21 fruit
551 1127 95 26 industry

99 1155 21 21 in
139 1156 41 20 this
196 1155 82 22 district
294 1155 17 21 is
330 1155 36 21 the
387 1160 54 16 want
454 1155 23 20 of
490 1155 84 22 railway
593 1161 44 14 com

85 1193 5 9 •
99 1183 133 26 munication,
241 1190 22 14 as
272 1190 30 14 we
311 1183 51 21 have
367 1182 53 22 from
431 1182 54 27 forty
496 1185 21 18 to
527 1185 56 20 sixty
590 1181 57 21 miles

99 1214 24 18 to
139 1213 43 19 cart
191 1218 37 14 our
242 1211 57 24 fiuit,
310 1211 41 21 and
368 1210 52 22 fruit
428 1214 22 16 to
469 1209 23 21 be
511 1209 68 22 carted
598 1209 47 20 that

101 1237 90 23 distance
200 1245 49 15 over
257 1244 48 21 very
323 1237 65 27 rough
402 1237 57 21 roads
469 1241 56 17 must
535 1237 24 20 be
575 1235 72 28 picked

87 1263 3 28 ■
101 1272 48 19 very
158 1265 61 21 much
230 1272 25 14 on
272 1266 35 20 the
320 1272 60 19 greeu
394 1265 51 21 side.
472 1264 24 20 Id
506 1264 49 25 fact,
563 1263 58 20 there
630 1264 17 19 is

92 1298 63 16 'Hone
163 1293 22 20 of
199 1292 18 22 it
225 1292 88 27 through
323 1293 42 21 this
376 1291 107 22 drawback
493 1291 65 21 which
576 1296 36 15 can
623 1289 24 22 be

102 1320 69 26 placed
181 1327 26 15 on
216 1320 37 21 the
260 1320 77 21 market
348 1327 22 13 as
378 1319 50 26 good
438 1319 75 25 desert,
523 1319 39 19 and
574 1324 29 14 we
609 1324 35 14 can

101 1353 62 15 never
184 1348 61 26 hope,
263 1353 27 14 no
312 1349 75 18 matter
410 1346 45 20 how
473 1345 118 21 favourable
610 1344 36 21 the

101 1381 26 14 se:
135 1381 43 19 son,
188 1378 22 17 to
226 1375 35 25 get
276 1373 100 27 anything
385 1373 41 21 like
435 1380 21 13 as
464 1372 52 25 good
532 1371 65 27 prices
613 1371 32 21 for

101 1407 31 14 ou:
155 1401 51 20 fruit
223 1407 21 13 *b
261 1400 16 20 if
294 1407 31 13 we
342 1400 40 20 had
400 1406 68 13 means
483 1399 22 19 of
522 1399 73 19 transit
620 1399 25 24 by

98 1428 30 19 rai
139 1433 50 18 way.
217 1426 148 25 Fruitgrowing
374 1425 48 21 here
440 1425 41 19 will
490 1427 37 17 not
536 1425 60 19 make
602 1431 40 18 any

101 1460 92 21 pi<-giess
207 1453 53 22 until
279 1459 29 13 we
323 1458 32 20 get
374 1451 36 22 the
426 1451 96 27 railway;
540 1452 20 20 iu
570 1451 50 27 fact,
635 1451 9 22 I

86 1479 4 29 •
101 1481 60 22 think
171 1482 17 21 it
197 1482 55 21 mu-t
265 1487 25 21 go
298 1480 60 27 back,
366 1479 183 26 notwithstanding
560 1479 35 21 the
603 1480 41 20 fact

100 1510 47 20 thi-t
155 1509 59 21 there
231 1515 34 14 are
275 1507 111 22 thousands
399 1507 22 20 of
428 1513 56 14 acres
501 1507 22 19 of
531 1507 48 20 land
597 1507 46 20 that

82 1549 5 5 •
99 1536 59 21 could
169 1537 24 20 be
203 1536 83 21 utilised
294 1535 33 21 for
348 1534 35 22 the
391 1534 89 26 growing
496 1533 22 21 of
526 1533 52 21 fruit
587 1533 52 21 from

99 1563 37 22 the
148 1564 66 21 Island
224 1563 63 22 Block
303 1569 28 21 up
341 1566 21 17 to
374 1561 124 23 Alexandra.
523 1560 22 21 Is
555 1560 17 21 it
586 1562 37 19 not
632 1567 10 13 a

101 1592 94 24 standing
203 1591 89 27 disgtaee
303 1594 21 18 to
330 1590 36 22 the
371 1590 71 26 colony
449 1592 21 18 to
478 1595 33 15 tee
517 1588 35 21 the
558 1589 86 20 amount

101 1621 22 20 of
131 1627 60 19 niony
202 1621 47 20 that
257 1621 18 19 is
283 1622 46 18 sent
337 1622 38 17 out
383 1618 21 21 of
412 1617 37 21 the
463 1620 71 23 oolony
540 1616 34 21 for
588 1614 54 22 fruit

101 1647 55 27 (som*
163 1647 59 27 tbiDg
231 1647 41 21 like
289 1646 87 24 £93,000
389 1646 32 21 for
430 1644 34 21 the
481 1651 48 19 year
538 1643 50 21 1895
598 1642 6 26 )
632 1641 8 21 I

101 1675 40 22 will
151 1681 87 16 venture
246 1679 22 17 to
276 1682 34 20 say
323 1674 47 22 that
380 1673 48 21 with
438 1679 73 21 proper
522 1677 107 20 encourage-

100 1709 58 16 ment
169 1705 22 20 to
205 1705 35 19 the
257 1703 94 23 industry
369 1708 37 15 our
423 1707 45 14 own
485 1699 80 22 district
582 1697 60 24 could

100 1731 74 26 supply
183 1731 36 21 the
229 1731 64 20 whole
303 1730 21 21 of
333 1731 46 19 that
386 1727 96 23 demand.
506 1727 49 21 This
561 1727 81 21 district

85 1757 33 21 •is
132 1758 111 27 eminently
261 1757 87 21 suitable
372 1756 32 22 for
423 1755 88 27 growing
526 1754 35 21 the
571 1754 71 26 peach,

83 1799 5 5 •
99 1786 68 26 apple,
184 1788 85 25 apricot,
287 1791 64 21 prune
367 1783 40 22 and
416 1789 67 21 grape,
502 1781 59 23 while
576 1781 20 21 in
607 1781 35 20 the

100 1813 69 21 North
191 1813 69 22 Island
278 1813 35 21 the
330 1818 72 16 orange
421 1812 39 20 and
477 1812 65 19 lemon
563 1816 37 14 can
617 1809 25 19 be

101 1847 68 20 grown
179 1842 22 19 to
212 1840 120 27 perfection,
340 1846 22 14 so
370 1839 47 21 that
428 1838 17 22 it
454 1838 97 26 eeitainly
568 1835 75 23 should

101 1874 36 15 sot
148 1868 24 21 be
181 1875 103 18 m-cessxry
294 1871 21 17 to
323 1868 72 26 import
406 1872 39 20 any
453 1865 21 21 of
480 1865 56 21 these
543 1864 62 22 fruits
610 1863 32 21 for

86 1895 75 23 Ihome
179 1896 149 26 consumption.
353 1894 43 21 The
412 1893 71 22 Teviot
499 1899 87 20 growers
600 1898 42 19 ate,

101 1922 101 27 however,
212 1931 22 14 as
243 1924 11 21 I
269 1922 51 22 have
329 1922 50 26 said,
396 1921 97 24 seriously
503 1919 139 28 handicapped

87 1950 47 22 *for
142 1954 54 18 want
206 1951 22 20 of
242 1951 66 20 better
316 1948 176 23 communication.
518 1947 21 22 If
548 1954 31 14 we
588 1947 56 20 want

101 1985 13 13 a
123 1979 38 25 beg
170 1979 21 20 of
208 1978 48 21 lime
271 1984 23 14 or
301 1985 13 14 a
322 1979 36 19 ton
368 1976 22 21 of
406 1981 92 20 manure,
515 1975 18 20 it
541 1976 52 19 coats
601 1975 44 26 just

101 2006 64 22 about
182 2013 11 14 a
202 2004 94 23 hundred
305 2011 36 21 per
358 2006 47 19 cent
418 2009 56 15 mere
483 2002 49 21 than
543 2002 45 21 first
602 2002 43 21 cost

102 2033 21 23 in
133 2034 35 22 the
178 2039 73 21 towns,
261 2034 38 22 and
309 2032 59 23 other
376 2032 69 27 things
450 2038 34 15 are
490 2030 20 23 in
517 2030 127 28 proportion.

101 2062 12 20 I
122 2062 52 27 hope
183 2068 38 14 our
229 2062 92 25 parental
331 2061 140 20 Government
487 2059 40 20 will
536 2065 48 19 very
597 2065 48 13 soon

85 2098 6 8 >•
101 2095 33 15 see
148 2091 27 19 its
202 2095 43 19 way
261 2092 21 16 to
298 2088 46 26 give
362 2088 36 20 the
415 2086 72 21 Teviot
503 2085 83 21 settlers
605 2084 42 21 this

85 2124 6 11 t
99 2116 83 27 railway
196 2115 49 27 they
254 2122 35 14 are
305 2121 22 15 so
346 2114 61 22 much
416 2113 20 22 in
446 2112 51 23 neod
506 2112 31 26 of,
551 2111 41 24 and
600 2111 46 22 that

99 2143 49 27 they
155 2151 34 15 are
195 2143 98 26 certainly
301 2142 65 27 justly
376 2141 88 23 entitled
473 2143 28 19 t»

327 2173 97 19 MCUUK.

124 2199 61 21 With
198 2198 73 27 regard
287 2200 23 20 to
319 2199 42 21 this
369 2201 75 19 matter
461 2196 12 22 I
481 2202 37 16 can
527 2195 50 32 only
598 2201 50 20 urge

99 2232 56 20 upon
196 2226 35 21 the
269 2225 122 22 authorities
425 2224 36 22 the
494 2227 100 22 necessity
626 2222 21 20 of

97 2253 134 26 establishing
261 2260 14 14 a
300 2260 101 19 museum,
426 2259 23 15 as
479 2251 111 21 advocated
619 2249 28 27 by

98 2282 34 21 Mr
156 2281 25 22 T.
205 2281 33 23 W.
264 2281 63 27 Kirk,
353 2280 101 28 biologist,
473 2279 21 22 in
520 2278 32 22 his
578 2279 69 25 report

98 2314 24 16 to
139 2309 37 21 the
200 2309 137 26 department.
376 2308 43 21 The
438 2309 77 24 system
538 2305 109 27 suggested

97 2336 29 28 by
136 2336 32 21 Mr
176 2335 63 27 Kirk,
245 2336 21 21 of
276 2336 73 26 having
358 2334 108 27 travelling
475 2340 54 14 cases
539 2335 24 24 is,
579 2333 21 21 iu
608 2338 35 21 my

95 2364 94 28 4*pioion,
206 2371 12 14 a
228 2363 73 28 capital
309 2370 46 20 one,
365 2369 39 15 am.
414 2362 10 22 I
435 2362 52 27 hope
499 2361 37 21 the
550 2361 84 21 Govern-

85 2401 6 6 '
99 2397 57 16 ment
166 2392 41 21 will
217 2399 48 14 soon
275 2399 34 14 see
318 2392 27 21 its
353 2397 45 21 way
407 2392 23 19 to
435 2392 52 20 start
499 2390 37 21 the
544 2395 103 16 museum.

100 2420 44 21 Our
161 2419 51 21 local
229 2419 120 20 association
373 2417 103 22 discussed
493 2416 41 22 this
552 2416 95 27 question

98 2453 57 14 some
172 2447 50 21 time
230 2453 45 20 ago,
288 2446 40 21 and
344 2445 71 28 passed
424 2452 12 15 a
445 2444 110 22 resolution
576 2443 72 26 asking

99 2474 47 21 that
179 2474 37 21 the
244 2474 141 21 Government
410 2472 67 26 might
515 2470 64 22 found
612 2470 36 21 the

97 2501 127 26 institution,
242 2500 65 21 which
325 2501 49 25 they
391 2498 117 22 considered
527 2505 40 13 waa
585 2496 62 22 much

98 2528 95 26 required
203 2528 40 21 and
253 2526 66 21 would
329 2527 24 20 be
363 2526 70 26 highly
447 2524 131 28 appreciated
594 2524 54 21 alike

83 2561 6 12 i
97 2554 28 27 by
135 2554 85 22 farmers
228 2554 40 21 and
278 2554 148 26 fruitgrowers.

217 3595 62 43 Old
303 3595 75 43 Man
398 3595 127 53 Range.

75 3700 7 6 ,
93 3683 170 24 AFFORDING
271 3683 179 23 PROTECTION
464 3684 58 22 FOR
531 3683 67 24 LIFE
608 3683 41 23 ON

275 3719 58 21 THE
345 3718 120 23 TRACKS.

133 3788 80 30 With
225 3789 143 30 reference
380 3793 29 26 to
425 3789 48 30 the
486 3789 120 30 erection
619 3789 31 29 of

78 3829 4 39 •
97 3839 74 18 snow
187 3830 74 38 poles
274 3829 54 29 and
339 3829 103 30 shelter
453 3829 69 30 shed
543 3840 35 19 on
602 3829 48 30 the

79 3880 5 10 •
97 3869 54 30 Old
166 3869 65 30 Man
247 3869 107 39 Range,
366 3869 23 30 it
405 3869 57 30 will
477 3870 35 30 be
535 3880 97 19 remem-

97 3910 95 36 bered,
205 3911 48 28 the
265 3910 132 39 Tuapeka
410 3911 111 37 County
535 3911 116 30 Council

82 3951 4 39 >
98 3951 99 38 passed
228 3961 17 19 a
282 3951 150 30 resolution
464 3951 102 39 asking
602 3951 49 30 the

99 3990 154 29 Southland
286 3991 113 29 Council
431 3996 30 25 to
491 3992 160 29 contribute

82 4032 5 25 1
98 4030 59 31 half
176 4030 48 32 the
236 4038 71 30 cost,
326 4042 30 20 as
376 4043 17 19 a
415 4031 118 32 number
554 4031 29 32 of
604 4031 47 32 the

84 4083 5 23 [
100 4072 160 37 petitioners
274 4083 70 18 were
357 4073 122 29 resident
495 4074 29 28 in
548 4073 86 29 South-

84 4111 90 30 »land.
211 4112 41 29 At
260 4111 53 30 last
322 4113 122 40 meeting
452 4113 30 30 of
492 4113 47 30 the
549 4113 85 30 South-

100 4151 65 29 land
178 4151 113 31 Council
303 4153 65 30 held
380 4163 36 20 on
429 4155 49 28 the
495 4155 64 28 13th
571 4155 76 35 inst.,

84 4191 64 29 •the
174 4197 101 25 matter
295 4203 55 19 was
370 4193 75 30 dealt
467 4194 68 30 with
550 4205 30 18 as
597 4195 40 29 fol-

100 4231 67 29 lows
178 4232 102 29 :—The
292 4232 130 39 Tuapeka
436 4233 110 40 County
557 4234 75 30 Coun-

81 4271 4 40 •
99 4271 36 29 cil
143 4271 153 30 forwarded
309 4283 17 18 a
338 4274 115 37 petition
463 4275 73 29 from
549 4275 101 29 miners

80 4326 6 13 ;
98 4311 53 30 and
162 4311 111 31 settlers
286 4323 35 19 on
335 4313 46 30 the
394 4314 53 29 Old
460 4315 67 29 Man
549 4326 100 29 ranges

82 4365 5 15 i
95 4353 164 40 requesting
282 4353 48 30 the
360 4355 120 31 erection
512 4356 30 30 of
573 4367 76 19 snow

83 4423 6 6 ,
95 4395 78 38 poles
186 4394 55 30 and
254 4394 103 30 shelter
364 4396 84 30 sheds
456 4407 36 19 on
500 4398 49 28 the
559 4398 80 29 track

77 4434 76 29 %The
201 4434 130 37 Tuapeka
378 4435 110 39 County
535 4437 114 29 Council

94 4474 214 30 recommended
316 4475 48 29 the
374 4475 154 30 Southland
539 4475 110 41 County

96 4512 116 32 Council
221 4517 30 26 to
264 4524 54 29 pay
326 4514 60 30 half
394 4519 61 25 cost
462 4515 31 30 of
505 4517 47 29 the
562 4517 86 36 work,

77 4572 5 3 -
94 4553 197 31 —Councillor
328 4555 156 30 Robertson
526 4558 121 39 thought

95 4595 67 38 they
181 4595 99 29 should
293 4595 38 29 let
350 4595 47 30 the
411 4597 117 38 petition
552 4598 35 29 lie
610 4599 37 36 by

79 4647 5 12 4
94 4633 44 31 till
150 4634 73 31 after
237 4635 48 30 the
298 4636 148 30 Warden's
466 4637 180 33 Conference.

95 4674 45 31 He
155 4675 48 30 did
212 4679 49 26 not
272 4676 128 30 consider
412 4677 47 29 the
471 4678 77 30 work
561 4679 85 31 asked

80 4715 60 30 ifor
148 4726 56 19 was
214 4715 109 40 County
338 4717 77 29 work
426 4721 30 25 at
468 4718 47 30 all.
553 4719 29 30 It
590 4731 56 19 was

94 4767 31 19 as
147 4756 83 30 much
250 4757 49 29 the
320 4757 69 39 duty
408 4758 31 29 of
461 4758 48 30 the
528 4758 118 32 General

94 4796 188 30 Government
292 4801 29 25 to
335 4801 72 26 erect
415 4809 76 19 snow
504 4800 77 40 poles
590 4802 55 29 and

75 4852 9 12 ?
93 4837 104 30 shelter
209 4837 82 29 sheds
303 4847 31 19 as
345 4838 23 30 it
380 4849 55 19 was
454 4840 43 30 for
519 4842 76 29 them
615 4845 29 27 to

94 4877 133 29 maintain
237 4877 181 38 lighthouses.
457 4879 45 31 He
514 4891 56 20 was
583 4892 46 20 sur-

92 4917 94 38 prised
194 4922 30 26 at
236 4918 48 29 the
291 4918 131 40 Tuapeka
430 4919 111 41 County
550 4922 74 31 Coun-

73 4957 55 29 cil
140 4957 100 40 taking
253 4968 54 29 any
319 4959 89 30 action
421 4960 29 29 in
468 4961 48 30 the
534 4967 108 26 matter.

93 4997 91 29 Men*B
197 4997 68 30 lives
277 5009 71 19 were
356 4999 29 29 in
395 5000 107 41 danger
512 5002 29 28 in
554 5013 73 21 cross-

91 5038 51 37 ing
155 5038 48 29 the
216 5037 54 31 Old
290 5039 65 29 Man
382 5051 86 28 range
489 5044 70 28 until
573 5044 51 39 Sep-

75 5078 126 29 tember
211 5078 30 29 in
253 5088 55 31 any
315 5089 73 30 year,
398 5080 55 30 and
463 5081 76 31 £IOO
552 5084 90 31 would

75 5119 54 31 .do
141 5119 48 30 the
202 5120 89 30 whole
303 5120 86 31 work.
426 5121 29 30 If
474 5123 47 30 the
534 5125 109 40 mining

91 5159 167 29 boundaries
282 5169 72 20 were
387 5160 109 31 defined
526 5163 38 39 by
594 5166 48 29 the

94 5198 138 31 Wardens
260 5198 170 33 Conference
459 5202 67 40 they
552 5206 90 40 might

94 5240 58 30 find
164 5239 62 31 that
237 5239 49 31 the
296 5241 162 39 petitioners
469 5244 90 31 would
571 5246 70 31 hare

94 5284 29 27 to
134 5280 37 30 do
180 5280 72 30 their
261 5281 126 31 business
397 5286 31 26 at
440 5282 135 42 Waikaia,
585 5288 56 30 and

91 5331 37 21 on
147 5321 49 30 the
207 5320 81 30 other
293 5322 76 30 hand
376 5322 23 30 if
407 5322 155 43 Roxburgh
569 5338 72 19 were

89 5360 171 34 constituted
273 5362 49 30 the
332 5366 95 27 centre
447 5363 45 31 for
509 5367 48 31 the
582 5367 43 32 dis-

91 5402 75 36 trict,
191 5411 119 21 revenue
340 5402 92 31 would
455 5404 36 30 be
514 5406 125 32 diverted

77 5441 87 31 •from
183 5442 49 30 the
256 5446 113 36 county,
386 5442 56 31 and
465 5444 23 30 it
511 5458 57 21 was
591 5455 49 25 not

92 5483 55 29 fair
158 5486 30 26 to
200 5486 98 36 expect
310 5484 49 28 the
380 5484 113 30 Council
514 5491 30 26 to
562 5489 78 30 incur

92 5522 70 32 such
171 5533 35 19 an
216 5523 181 39 expenditure
402 5535 33 20 as
443 5535 55 20 was
508 5528 133 32 asked.—

90 5564 46 30 On
145 5563 40 31 Cr
192 5564 182 31 Robertson's
383 5566 113 36 motion,
503 5569 138 30 seconded

91 5604 40 40 by
168 5602 40 32 Cr
244 5603 156 41 Raymond,
442 5606 48 29 the
528 5609 114 30 Council

88 5643 153 42 .expressed
249 5644 49 31 the
310 5645 112 40 opinion
433 5646 62 31 that
508 5648 47 31 the
564 5651 77 29 work

91 5685 32 31 of
131 5684 127 40 erecting
270 5695 76 20 snow
366 5687 76 38 poles
462 5688 55 29 and
539 5690 103 30 shelter

88 5725 73 29 shed
197 5735 56 19 was
282 5736 52 18 one
371 5727 61 28 that
469 5729 100 30 should
606 5731 35 29 be

73 5764 3 42 .
87 5764 136 32 attended
235 5769 30 27 to
279 5765 38 41 by
328 5766 47 31 the
388 5766 195 35 Government.

1570 88 197 40 MOUNT
1856 90 226 40 EENG.ER
2164 78 156 46 MAIL.

3442 78 169 51 Friday,
3634 83 165 42 August
3821 80 201 42 20,1897.

3559 5583 85 22 Printed
3657 5583 41 22 and
3713 5583 110 22 Published
3844 5589 25 21 by
3890 5584 104 22 WjLLUM
4008 5585 108 22 PAKflll-f,

3615 5617 126 21 Matthews
3751 5617 32 21 for
3791 5616 37 22 the
3836 5617 134 30 proprietou,
3979 5616 82 25 DvXBX
4068 5625 50 17 ANi>
4119 5616 1 33 (

3615 5654 134 26 Matthxwb,
3770 5656 22 19 at
3813 5654 54 21 tkeir
3884 5654 121 27 .Registered

3617 5689 70 24 Office,
3707 5688 177 27 Sootland-etmt,
3902 5689 120 27 Hoiborgh,
4041 5691 72 29 Olago,

3611 5723 52 22 New
3673 5723 199 27 Zealund—Friday,
3889 5726 82 25 August
3982 5725 99 31 20,189^,

343 2660 17 21 is
368 2660 36 22 the

187 2696 7 7 k
202 2692 156 23 SINCEREST

207 2729 44 22 The
259 2730 82 22 article!
350 2732 54 20 most
410 2730 94 22 imitated
514 2737 36 14 are

219 2763 148 21 CLEMENTS
378 2763 55 21 TON
437 2763 29 21 10
478 2762 41 22 and

245 2795 173 25 FLETCHER'S
428 2796 80 23 PILLS

77 2825 10 7 V
94 2824 86 22 WHY!

120 2858 128 22 BECAUSE
256 2858 49 24 they
314 2859 53 22 hare
376 2859 36 22 the
418 2858 47 22 best
474 2858 118 27 repuUtioa
603 2857 44 22 tod

96 2898 34 16 are
140 2896 53 17 most
199 2893 21 21 in
229 2893 87 21 demand
322 2893 26 26 by
359 2893 35 21 the
404 2893 77 27 public,
491 2891 155 27 consequently,

77 2939 8 7 r
96 2934 60 21 every
173 2928 104 23 dishonest
295 2928 69 23 trader
380 2929 48 22 tries
437 2932 22 17 to
476 2928 59 23 trade
545 2935 27 14 on
592 2928 56 22 their

94 2963 55 22 fame
155 2964 40 21 and
205 2971 92 15 renown*

120 2998 22 22 It
154 2998 17 22 ia
188 2998 65 27 really
271 2998 112 22 wonderful
402 2998 47 22 that
468 2998 37 22 the
525 2998 123 22 Australian

77 3034 89 28 j-people
182 3041 35 16 are
226 3042 23 14 so
258 3034 48 23 slow
317 3038 22 19 to
353 3042 33 14 see
404 3034 36 22 the
456 3034 58 22 truth
524 3041 23 14 as
563 3034 84 26 regards

95 3070 36 20 the
154 3071 151 24 unscrupulous
333 3070 76 27 qu»cks
428 3070 46 20 who
494 3076 51 20 prey
568 3076 25 14 oo
612 3069 36 21 the

77 3114 5 7 '
94 3102 101 28 credulity
214 3102 22 22 of
245 3103 36 22 the
291 3103 118 22 Australian
427 3102 78 28 public.
530 3102 93 26 Scarcely
636 3109 11 14 a

94 3137 58 23 week
160 3144 49 16 ever
217 3145 67 21 passes
295 3140 36 20 i.ut
341 3137 57 23 what
408 3137 36 23 the
453 3144 59 21 press
518 3144 84 21 exposes
611 3137 37 22 the

79 3172 121 21 /-barefaced
217 3172 41 22 and
279 3172 102 22 shameful
399 3173 98 26 practices
514 3172 22 21 of
553 3179 55 15 some
626 3171 22 22 of

78 3215 5 7 '
94 3204 58 22 these
167 3205 86 27 harpies,
263 3207 45 25 yet,
324 3205 21 22 in
360 3205 43 22 face
411 3205 23 21 of
441 3205 29 21 all
480 3205 53 25 they
552 3212 56 15 seem
622 3206 25 21 to

94 3238 75 28 thrive,
185 3240 40 22 and
239 3240 36 22 the
291 3248 63 20 paper
368 3240 48 22 who
423 3240 82 22 hounds
519 3240 58 22 them
587 3240 61 22 down

77 3285 7 8 ►
93 3277 54 20 most
156 3275 78 22 thrives
241 3283 27 14 on
279 3276 55 21 their
350 3276 172 21 advertisements
530 3276 41 21 ai.d
578 3276 70 21 cracks

75 3307 4 29 ■
93 3307 125 29 champagne
227 3315 48 16 over
287 3309 49 22 each
348 3309 84 23 balance
445 3309 70 23 sheet.
542 3309 106 22 Clementa

93 3344 62 22 Tonio
162 3345 40 22 and
211 3344 110 23 Fletcher's
327 3345 51 23 Pills
383 3346 52 22 have
441 3352 62 15 never
510 3346 39 27 yet
555 3348 74 24 stoope
633 3344 15 22 d

93 3382 23 19 to
133 3380 107 27 deception
248 3380 40 22 and
303 3380 211 27 misrepresentation.
541 3380 60 27 They
611 3387 36 15 are

92 3411 98 24 scientific
211 3413 148 28 therapeutical
380 3415 82 26 agents,
489 3413 42 23 and
552 3413 96 23 evidence

74 3464 5 3 ■
91 3454 24 17 as
123 3450 23 21 to
153 3449 55 22 their
216 3449 61 23 value
289 3457 37 14 can
336 3450 25 21 be
371 3449 65 23 found
446 3449 21 22 in
483 3456 62 20 exery
556 3449 92 27 district,

74 3485 59 22 -and
141 3485 51 22 such
197 3485 60 28 being
265 3485 36 23 the
307 3492 45 15 case
357 3485 18 22 it
381 3485 17 22 is
404 3492 121 21 uneoeuary
531 3487 23 20 to
566 3485 82 23 further

75 3530 6 6 •
93 3519 57 22 extol
160 3520 54 21 their
219 3520 86 21 virtues.

656 193 5 42 |
720 201 33 23 To
769 207 27 17 be
809 202 129 22 Published
952 205 25 17 in
987 202 113 23 Jaicuart,
1116 199 57 20 1808.

675 255 168 31 STONES'
875 254 126 32 OTAGO
1031 252 24 30 &
1082 251 120 31 SOUTH-

915 296 106 29 LAND

720 352 152 24 Commercial,
888 350 134 25 Municipal,
1035 348 17 21 k
1066 347 110 21 General

826 402 240 44 DIRECTORY,

921 459 55 20 AND

706 503 90 32 NEW
813 501 182 31 ZEALAND
1011 498 175 37 ANNUAL,

897 554 111 35 1893.

694 642 163 33 Fourteenth
877 641 74 29 Year
970 640 31 29 of
1019 637 182 31 Publication.

672 723 88 36 Demy
786 721 52 27 Bvo
863 719 65 33 size,
954 717 161 37 containing
1138 715 85 28 about

689 759 283 41 900pages,together
981 757 64 29 with
1056 765 146 20 numerous

727 802 79 37 Maps
830 800 139 29 corrected
991 804 28 23 to
1033 799 73 33 date,
1119 797 46 28 the

753 840 86 30 whole
852 839 179 37 handsomely
1045 837 94 29 bound

781 882 26 28 in
822 881 84 35 cloth,
917 878 193 39 gilt-lettered.

675 965 75 30 Price
763 967 28 27 to
806 962 188 35 Subscribers,
1010 961 48 29 12s
1073 960 54 35 6d;
1147 959 77 30 Non-

821 1002 186 36 Subscribers,
1020 1004 7 26 J
1035 1003 40 28 ss.

720 1085 131 36 STOiNE,
883 1083 83 36 SON,
1000 1082 82 30 AND
1112 1081 67 37 CO.,

862 1136 180 35 Pubiishers,

730 1185 141 30 Crawford
898 1184 102 35 Street,
1023 1183 140 29 Dunedin.

684 1269 45 56 [)
810 1268 46 37 A.
929 1264 299 44 BUCHANAN,

755 1340 72 22 BOOT
855 1340 60 21 AND
939 1338 75 22 SHOE
1040 1336 112 26 MaKER,

720 1387 141 28 Scotland
872 1402 10 6 -
894 1393 105 25 street,
1019 1383 163 27 Roxburgh.

784 1481 91 36 Every
896 1478 167 38 description
1086 1477 30 28 of

673 1533 89 28 Boots
774 1542 57 19 and
843 1531 91 29 Shoes
948 1530 134 29 Supplied
1094 1537 35 19 or
1142 1527 84 29 Made

850 1581 32 20 to
903 1571 143 31 Measure.

671 1625 46 28 Fit
727 1623 183 30 Guaranteed.
987 1622 46 27 Fit
1040 1620 184 30 Guaranteed.

722 1716 123 22 REPAIRS
870 1714 115 22 NEATLY
1016 1712 158 23 EXECUTED.

791 1794 25 28 A
838 1792 87 30 Trial
948 1790 153 32 Soliched.

670 1880 42 55 JT
796 1877 46 39 A.
919 1875 306 44 MILLER,

670 1954 135 26 BUILDER,
818 1952 107 22 JOINER
939 1952 63 21 AND
1020 1950 207 26 UNDERTAKER,

765 2004 72 30 Ross
857 2003 100 37 Place,
976 2002 165 30 Lawrence.

673 2104 125 32 PLANS
810 2102 82 32 AND
905 2099 323 33 SPECIFICATIONS

814 2157 26 30 A
860 2155 225 31 SPECIALTY.

674 2250 152 40 Quantities
840 2249 138 40 Prepared
1000 2248 56 30 and
1078 2247 149 30 Estimates

700 2293 87 29 Given
799 2291 44 30 for
854 2290 36 29 all
904 2290 101 29 classes
1017 2290 32 28 of
1063 2287 136 31 Builders'

904 2330 100 29 Work.

831 2417 35 40 J-
953 2416 35 39 B
1032 2416 36 38 L
1113 2415 30 39 0
1182 2415 46 43 Y,

701 2484 198 23 WHITEHAVEN
911 2483 113 26 STREET,
1038 2482 169 22 LAWRENCE.

677 2571 128 31 BOARr,
829 2570 82 31 AND
939 2568 221 31 RESIDENCE
1182 2567 49 31 AT

721 2622 256 30 REASONABLE
997 2620 189 31 CHAKGES.

787 2711 95 29 Mials
901 2719 32 21 at
951 2718 51 22 all
1021 2710 107 30 Hours.

695 2803 58 31 The
767 2804 63 29 best
843 2801 244 32 Accommodation
1109 2803 44 28 for
1165 2801 48 30 the

815 2843 159 38 Travelling
988 2843 108 28 Publio.

676 2929 103 32 GOOD
793 2927 203 31 STABLING.
1036 2926 97 31 OATS
1150 2926 81 30 AND

786 2968 130 30 CHAFF
936 2968 53 29 ON
1012 2967 107 29 SALE.

678 3043 282 59 JJERBERT
1007 3043 103 29 AND
1157 3042 76 36 CO.,

868 3109 170 23 LAWRENCE.

833 3201 153 29 Importers
1005 3208 70 21 01—

674 3257 204 38 Ironmongery

760 3300 194 42 Agricultural
976 3299 182 41 Implements

936 3348 190 39 Agricultural
1144 3347 87 31 Seeds

849 3405 216 31 GROCERIES

692 3464 99 33 TEAS
1114 3462 98 32 TEAS

677 3511 130 41 (Ceylon)
897 3510 121 40 (Indian)
1049 3524 7 6 -
1107 3510 121 39 (China.)

675 3589 94 52 W.
842 3588 61 66 J.
962 3588 268 62 Martin,

676 3666 290 35 WATCHMAKER
982 3669 25 32 &
1020 3669 210 32 JEWELLER

769 3722 71 29 Ross
860 3721 98 37 Place,
976 3721 164 30 Lawrence.

678 3804 143 37 Watches,
841 3803 101 30 Clocks
962 3804 54 29 and
1036 3804 148 39 Jewellery
1204 3805 29 28 of

723 3845 37 29 all
773 3844 183 39 descriptions
968 3844 69 39 kept
1049 3845 28 28 in
1092 3845 96 30 Stock.

696 3895 71 32 Nice
781 3895 139 30 Selection
932 3895 29 30 of
979 3895 78 37 Gem,
1070 3895 146 40 Wedding

811 3938 56 27 and
882 3935 108 40 Keeper
1002 3936 99 40 Rings.

680 4017 18 21 A
711 4016 108 22 CHOICE
840 4015 181 23 ASSORTMENT
1041 4017 36 21 OF
1096 4016 138 22 ARTICLES

700 4049 141 24 SUITABLE
850 4049 57 22 FOR
917 4049 139 24 WEDDING
1066 4050 152 23 PRESENTS.

736 4117 158 41 Spectacles
906 4121 30 26 to
949 4117 62 30 Suit
1023 4118 36 30 all
1073 4118 107 40 Sights.

697 4199 107 30 Watch
835 4207 58 21 and
924 4197 90 31 Clock
1049 4198 119 30 Repairs
1199 4208 17 20 a

882 4242 158 26 Specialty.

676 4321 117 39 Repairs
805 4331 32 19 or
849 4319 102 31 Orders
969 4320 71 29 from
1053 4321 48 29 the
1114 4324 118 36 country

727 4362 37 39 by
786 4364 63 37 post
871 4360 55 30 will
948 4360 106 31 receive
1075 4366 112 36 prompt

880 4402 147 29 attention.

738 4478 60 26 00
816 4478 22 25 K
899 4478 68 26 AT
1028 4478 173 26 THIS!

738 4555 103 27 BOOTS
858 4561 36 20 tor
908 4559 42 22 the
967 4557 81 29 Great,

765 4600 74 25 Boots
858 4600 37 24 for
916 4601 42 24 the
971 4602 92 29 Small;

736 4643 73 25 Boots
824 4642 37 25 for
880 4643 40 25 the
938 4643 79 31 Short,

767 4687 72 24 Boots
856 4687 38 24 for
910 4687 41 25 the
969 4689 54 25 Tall
1038 4696 7 23 ;

737 4732 73 25 Booti
824 4731 37 24 for
880 4732 40 25 the
938 4731 96 34 Yuung,

765 4772 75 23 Boots
856 4772 38 23 for
908 4772 40 23 the
966 4772 48 25 Old
1026 4781 7 21 ;

766 4834 56 24 And
839 4833 102 25 BOOTS
957 4836 46 23 an«l
1022 4836 105 25 SHOES

886 4889 37 25 for
938 4889 31 24 all
991 4898 15 17 a

779 4951 44 37 H.
873 4952 121 37 Bail
1007 4953 125 44 lie's,

683 5027 116 33 Opposite
813 5026 160 26 Commercial
992 5028 83 31 Hotel,
1094 5027 135 32 Roxburgh

700 5143 134 28 %3FCome
849 5143 48 22 and
914 5144 92 28 inspect
1017 5143 42 24 the
1075 5143 80 23 Stock.

685 5285 113 28 FANCY
823 5284 112 27 GOODS
952 5285 73 25 AND
1043 5285 166 26 DKAPERY.

673 5391 107 55 FJ.
816 5390 138 25 WATKRB
980 5391 90 24 desires
1096 5395 25 20 to
1145 5390 75 30 noiify

715 5442 7 8 .
753 5425 56 25 tfrat
823 5424 43 25 she
878 5423 72 31 keeps
959 5423 24 25 in
993 5423 66 25 itock
1077 5422 85 27 Ladies
1174 5428 45 20 and

667 5458 116 27 Children
793 5465 12 17 s
822 5456 198 32 Underclothing,
1036 5457 48 24 and
1096 5458 30 23 all
1146 5456 75 26 kinds

668 5493 24 24 ef
706 5493 118 29 Drapery.

699 5535 81 32 Fancy
793 5534 82 26 Good*
885 5544 15 16 a
915 5533 138 34 Specialty.

704 5579 136 25 Christmas
849 5580 47 23 and
909 5578 55 25 Ken
977 5577 64 25 Year
1051 5580 140 29 present**-*

790 5633 14 15 a
821 5630 65 25 great
899 5624 89 30 variety
998 5628 25 20 to
1034 5621 64 26 hand

791 5659 136 28 luipectiou
937 5656 96 26 Invited

694 5689 114 31 Painting
820 5691 46 22 and
878 5696 35 19 a-t
941 5687 153 28 needlework
1106 5687 86 28 taught

761 5725 112 22 bummer
886 5722 83 25 Goods
984 5730 53 17 now
1051 5729 30 17 pd
1098 5720 62 26 hand

670 5777 269 28 Address—Ormond'a
949 5778 117 33 Building

1284 776 490 86 AUTUMN

1909 1823 478 86 WINTER

1619 2343 414 91 GOODS

1588 3023 11 24 /

1267 3363 1113 285 A.&T.

2075 3936 16 20 I

1267 4252 1113 376 Inglis,

1574 5149 496 57 DUNEDLN.

2704 217 10 12 •••
2740 216 23 17 -t:

2679 351 29 13 Hi

2422 716 24 41 I

2813 755 28 7 -----
2855 754 33 13 ..V.

2422 779 23 10 n=

2690 887 31 37 as

3240 242 102 25 SEE

3128 316 91 43 THAT
3238 317 91 43 YOUR
3351 317 110 45 BOOTS

3046 389 60 44 ARE
3128 388 153 45 BRANDED
3300 389 44 44 ON
3366 391 66 42 THE
3455 391 89 44 HEEL

3225 471 121 59 wo

3358 694 28 29 %

3047 621 48 53 k
3151 623 51 48 t-

2820 826 81 61 FOR
2932 826 88 61 THE
3051 826 269 64 FOLLOWING
3351 829 205 61 REASONS

3904 336 14 17 >

3647 431 38 14 -r*

3955 434 25 16 it-
4000 434 56 16 .^5

3840 537 31 17 o-
3890 527 6 5 '
3916 539 11 16 :•

3865 698 37 19 •-.f

3623 762 3 9 •
3709 762 32 9 ~:aq=

3968 764 77 13 ~r.a^==

2514 987 121 31 FIRST.
2843 989 159 32 SECOND.
3210 991 131 31 THIRD.
3541 993 166 32 FOURTH.
3908 998 122 29 FIFTH.

2415 1028 121 30 BOOK'S
2569 1028 67 30 with
2674 1029 56 29 this
2770 1030 42 29 On
2825 1030 55 30 this
2903 1031 93 28 Brand
3015 1030 66 40 only
3120 1031 73 30 Only
3213 1033 48 29 the
3281 1044 67 28 very
3371 1034 62 29 bast
3472 1033 135 38 Farmers,
3663 1037 113 36 Miners,
3814 1037 202 33 TheMnwfard
4026 1038 92 30 Brand

2416 1069 91 29 Brsmd
2518 1080 34 19 on
2563 1069 47 30 the
2619 1070 59 29 heel
2685 1080 46 19 are
2770 1071 47 28 the
2847 1082 67 29 very
2951 1072 64 29 best
3052 1071 30 30 of
3120 1072 29 29 of
3159 1072 142 31 Materials
3311 1084 45 19 are
3364 1073 67 30 used
3470 1075 53 30 and
3536 1075 36 30 nil
3586 1077 62 28 who
3660 1082 74 24 want
3747 1084 29 22 to
3817 1080 81 28 Hoots
3912 1080 53 29 and
3977 1079 86 29 Shoes
4073 1087 45 23 are

2415 1110 317 38 pmu-anteedtoFitand
2772 1111 152 30 Workmen
2954 1123 45 18 are
3025 1123 57 18 em-
3120 1113 26 28 in
3183 1113 55 29 tkis
3279 1114 92 29 Brand
3405 1115 28 30 of
3560 1117 72 28 their
3645 1117 56 29 feet
3714 1118 66 38 dry,
3813 1118 100 29 known
3932 1120 72 30 fmm
4027 1121 16 25 A
4050 1119 69 29 nek*

2491 1150 84 30 Wear
2588 1151 70 30 well.
2872 1153 110 34 ployed.
3147 1153 86 30 Boots
3245 1154 54 29 and
3314 1153 96 32 Shoes.
3505 1160 44 25 trv
3562 1158 55 27 this
3639 1158 95 28 Brand
3816 1158 62 28 hind
3894 1165 27 22 to
3935 1143 184 44 thVfelnfffof

2843 989 159 32 SECOND.

3541 993 166 32 FOURTH.
3908 997 122 30 FIFTH.

3472 1033 135 38 Farmers,
3663 1037 113 36 Miners,
3814 1037 57 30 The
3880 1039 136 28 standard
4028 1038 90 30 Brand

2491 1150 84 30 Wear
2589 1151 69 30 well.
2749 1150 4 47 |
2872 1155 109 36 ployed.
3099 1155 5 37 j
3147 1155 86 28 Boots
3245 1155 54 28 and
3314 1155 96 30 Shoes.
3447 1155 5 40 |
3505 1160 44 35 try
3562 1158 55 28 this
3638 1158 96 28 Brand
3764 1167 15 8 •*
3794 1157 5 40 |
3816 1158 61 28 lantl
3894 1166 26 20 to
3935 1157 45 31 the
3995 1158 76 30 Bluff
4078 1160 41 28 for

3850 1198 116 28 sterlnto-
3976 1199 114 34 quality.

2458 1232 72 28 ALL
2550 1232 119 30 BOOTS
2690 1232 171 29 BEARING
3189 1233 52 30 ON
3269 1235 78 28 'IHE
3502 1235 73 30 ARE
3602 1237 321 30 MANUFACTURED
3946 1238 37 28 IN
4008 1238 77 28 THE

2733 1272 251 30 CELEBRATED
3294 1275 133 30 BRAND
3447 1276 97 30 BOOT
3565 1277 176 31 FACiOIiY

2699 1336 371 64 S\RrjooD,
3114 1337 130 57 SON
3283 1338 46 55 &
3370 1338 103 57 EU
3667 1369 172 30 BUNEDIN-

2469 1403 176 21 WHOLESALE
2671 1403 87 21 ONLY.

2872 1153 109 38 ployed.

3506 1160 43 25 trv
3563 1158 54 27 this
3640 1158 94 28 Brand

2659 1448 80 30 BUY

2420 1506 179 55 ]\/JILLS,
2620 1507 132 43 DICK,
2779 1505 37 37 &.
2843 1504 129 39 CO.'S

2663 1566 69 29 1897

2441 1618 187 30 ALMANAC
2650 1627 53 19 anc
2727 1615 229 31 directory.

2605 1664 84 36 Price,
2704 1664 29 29 Is
2749 1663 45 30 6d.

2423 1748 87 37 Every
2539 1745 123 35 Fakmer,
2690 1745 106 35 Miner,

2668 1792 53 28 and
2751 1792 134 28 Business
2910 1790 68 29 Man

2497 1846 104 29 Should
2632 1846 119 28 Procure
2773 1856 16 18 a
2816 1846 86 38 Copy.

2448 1926 59 28 Can
2536 1926 34 26 be
2596 1924 54 28 had
2677 1924 71 29 from
2775 1924 47 28 the
2848 1923 85 29 under-

2601 1964 197 29 mentioned—

2460 2025 116 30 Mackay
2592 2024 96 36 Bros.,
2701 2023 156 40 Roxburgh

2457 2065 26 28 J.
2500 2065 129 33 Noonan,
2645 2065 108 28 Ettrick

2457 2105 93 29 Johns
2565 2113 56 21 and
2634 2103 149 37 M'Combe,
2798 2103 104 30 Millers
2916 2102 63 30 Flat

2456 2147 28 28 J.
2500 2146 33 29 K.
2550 2145 94 37 Kemp,
2659 2145 69 30 Bald
2742 2145 57 29 hill
2815 2145 62 28 Flat

2458 2187 32 29 L.
2504 2188 91 34 Ryan,
2608 2186 73 36 Jnr.,
2696 2185 160 31 Alexandra
2869 2185 91 30 South

2457 2227 33 29 B.
2504 2226 125 36 Naylor,
2645 2226 88 39 Clyde

2422 2310 140 45 iy/TANY
2584 2310 100 29 Ladies
2706 2310 137 39 complain
2857 2310 61 28 that
2932 2309 47 29 the

2519 2352 56 30 Tea
2587 2351 66 40 they
2666 2352 71 29 have
2747 2351 70 30 been
2831 2350 83 40 using
2927 2350 50 30 has

2420 2394 109 30 neither
2537 2394 130 37 strength
2678 2403 50 19 nor
2738 2392 114 29 flavour.
2874 2392 28 28 If
2911 2392 65 37 they

2419 2438 44 34 try
2479 2433 88 30 Kozie
2580 2432 56 30 Tea
2648 2433 66 39 they
2727 2432 55 29 will
2796 2432 35 29 be
2845 2431 130 30 satisfied.

2418 2475 94 28 Johns
2530 2474 24 28 &
2573 2472 150 35 M'Combe,
2737 2473 119 38 Agents,
2871 2471 106 30 Millers

2419 2514 73 30 Flat.

2417 2592 196 58 Chas.
2625 2592 172 64 Begg
2805 2590 50 53 &
2864 2591 109 57 Co.

2421 2681 140 31 GTOCK
2587 2681 36 29 all
2645 2681 48 29 the
2718 2680 113 39 leading
2860 2678 114 39 t^nglish

2494 2723 55 28 and
2563 2722 120 29 German
2697 2721 98 29 Makes
2808 2720 31 29 of
2853 2719 101 29 Pianos
2967 2730 6 17 :

2470 2773 175 27 BRINSMSAD,
2665 2772 138 27 COLLARD,
2823 2771 99 27 SAMES,

2615 2800 166 27 EAVESTOFF,

2418 2841 205 25 SCHWECHTEN,
2634 2841 70 24 LIPP,
2713 2840 74 20 r,ORS
2796 2839 16 20 k
2823 2838 150 25 KALLMAN,

2546 2878 166 25 GEKHARDT,
2728 2878 125 20 HANSEN.

2457 2948 120 39 Chas.
2601 2948 111 48 Begg
2735 2947 84 39 and
2841 2945 101 40 Co.'s

2418 3019 234 32 EXHIBITION
2683 3018 133 32 MODEL
2846 3017 130 47 PIANO,

2621 3072 57 28 £3B
2698 3079 77 20 NET*.

2418 3152 122 30 STORY
2565 3152 24 30 &
2617 3151 163 31 CLARK'S
2810 3149 165 38 ORGANS,

2515 3203 179 30 KIMBALL
2714 3201 164 38 ORGANS,

2417 3255 82 30 From
2508 3257 58 28 £2O
2575 3260 29 25 to
2612 3255 80 30 £50..
2700 3255 93 30 .From
2803 3255 57 30 £2O
2868 3259 30 25 to
2907 3255 68 28 £SO.

2417 3337 148 30 BESSON
2592 3337 25 29 &
2648 3336 182 31 BOOSEY'S
2852 3334 123 32 BRASS

2553 3377 289 30 INSTRUMENTS.

2418 3457 100 31 Violin
2532 3459 68 29 Bow
2617 3458 155 31 Repairing
2784 3467 17 20 a
2816 3457 157 31 Specialty.

2455 3510 104 35 Violin,
2574 3510 66 29 Bow
2653 3510 55 29 and
2725 3509 101 30 Case...
2869 3507 68 39 30/-

2453 3550 186 37 Accordeons,
2653 3550 72 30 from
2797 3574 30 6 ...
2889 3547 48 41 7/<>

2485 3631 112 31 CHAS.
2619 3631 102 30 BEGG
2745 3631 81 30 AND
2846 3630 57 32 CO.

2416 3680 81 31 Have
2516 3681 49 30 the
2588 3681 105 39 largest
2716 3680 55 29 and
2792 3685 74 24 most
2878 3680 94 30 varied

2415 3721 79 30 stock
2508 3721 30 29 of
2551 3721 90 28 Music
2652 3721 27 28 in
2690 3721 49 28 the
2748 3721 115 38 Colony.
2903 3719 69 30 New

2513 3762 161 41 Shipments
2689 3761 189 40 Fortnightly.

2601 3815 71 29 New
2693 3815 98 29 Songs.

2452 3855 82 30 Morn
2568 3855 30 30 of
2636 3855 123 30 Sorrows
2761 3855 212 29 —Snowflnkes

2415 3896 175 30 Fair—Gate
2603 3896 29 29 of
2650 3895 158 30 Life—For
2826 3896 48 29 the
2898 3895 60 30 Chil-

2414 3937 92 29 dren's
2521 3937 75 30 Sake
2597 3936 109 29 —Wilt
2718 3936 78 29 Thou
2810 3937 35 28 be
2861 3936 112 29 Mine—

2415 3977 141 30 Sunshine
2587 3978 99 28 Above
2687 3977 96 29 —She
2817 3977 101 35 Stoops
2943 3980 30 24 to

2415 4016 214 41 Conquer—No
2651 4017 44 30 for
2716 4027 35 20 an
2773 4018 117 29 Answer
2890 4015 83 30 —No

2415 4058 92 29 Man's
2520 4059 86 29 Land.

2547 4109 101 31 Violin
2667 4118 57 21 and
2742 4109 97 29 Piano.

2452 4150 130 30 Andante
2604 4155 29 25 et
2657 4150 119 30 Scherzo
2799 4148 172 38 Capriccioso

2417 4190 114 38 (David)
2610 4190 102 30 Bach's
2753 4192 43 27 Ist
2836 4189 135 29 Concerto

2418 4230 110 38 (Alard)
2532 4231 127 28 —Three
2693 4230 95 29 Pieces
2815 4228 155 38 Classiques

2417 4270 286 39 (Ragghianti)—Les
2709 4270 106 29 Echoes
2820 4268 148 38 (Leonard)

2414 4311 174 29 —Mazurka
2625 4311 35 29 de
2706 4311 118 28 Conceit
2870 4308 100 36 (Ovide

2415 4351 104 38 Musin)
2522 4351 177 30 —Romance
2733 4350 127 38 (Jansen)
2862 4349 108 30 —Sou-

2416 4392 78 29 venir
2507 4393 34 28 de
2554 4392 104 37 Haydn
2674 4393 9 35 (
2711 4391 125 37 eonard).

2458 4472 122 39 Chas.
2603 4472 110 50 Begg
2739 4471 83 39 and
2846 4469 75 44 Co.,

2431 4532 33 30 21
2505 4532 121 30 Princes
2662 4531 113 36 Street,
2810 4530 138 34 Ddnedin,

2412 4583 116 41 Having
2551 4595 18 19 a
2592 4584 77 30 Most
2695 4583 128 29 Efficient
2846 4581 72 29 Staff
2936 4580 31 28 of

2414 4623 162 39 Workmen,
2584 4636 52 20 can
2646 4624 101 40 Repair
2756 4623 56 30 and
2827 4626 75 25 Tune
2913 4631 53 27 any

2533 4666 119 30 Musical
2671 4666 173 28 Instrument

2466 4717 51 29 AT
2542 4716 212 30 MODERATE
2776 4712 133 31 RATES.

2420 4792 27 26 T
2469 4791 73 30 OH
2562 4791 27 29 N
2664 4787 302 37 THOMPSON,

2536 4840 276 33 AUCTIONEER,

2458 4890 82 24 LAND
2552 4889 63 23 AND
2628 4888 113 27 ESTATE,
2752 4886 86 27 LOAN,
2853 4886 60 22 AND

2410 4929 175 31 GENERAL
2598 4925 222 30 COMMISSION
2834 4925 131 28 AGENT*

2502 4978 72 30 Ross
2592 4976 100 35 Place,
2712 4976 163 28 Lawrence.

2585 5057 96 36 Agent
2693 5056 45 28 for
2749 5055 47 28 the

2408 5099 129 32 Norwich
2548 5097 95 32 Union
2656 5095 151 31 Insurance
2821 5093 48 32 Co.

2408 5140 139 29 Standard
2557 5138 64 28 Fire
2628 5138 56 26 and
2693 5137 108 27 Marine
2809 5136 152 28 Insurance

2480 5178 50 31 Co.

2403 5219 161 32 Australian
2585 5217 108 30 Mutual
2714 5216 151 29 Provident
2885 5216 75 38 (Life

2475 5258 168 37 Assurance)
2659 5256 111 40 Society

2400 5299 140 31 Standard
2565 5298 121 38 Fidelity
2716 5297 54 31 and
2797 5296 157 32 Guarantee

2472 5339 120 39 Society.

2434 5421 49 31 All
2493 5419 128 32 business
2632 5418 154 31 connected
2807 5419 67 31 with
2891 5419 40 40 Ap-

2398 5461 146 40 plications
2561 5460 46 29 for
2627 5460 199 38 Assignments
2845 5472 32 18 or
2894 5461 39 29 Ex-

2399 5502 108 38 change
2519 5499 31 31 of
2564 5499 191 40 Agricultural
2767 5499 111 38 Leases,
2892 5501 40 39 Ap-

2401 5541 145 41 plications
2553 5540 88 29 under
2648 5539 136 31 Deferred
2792 5541 161 38 Payments,

2402 5582 109 39 Mining
2524 5579 101 30 Leases
2634 5590 33 20 or
2677 5579 111 38 Claims,
2797 5580 157 40 Up-lifting

2402 5623 30 31 of
2452 5621 99 31 Crown
2570 5620 111 38 Grants,
2695 5620 60 39 &c.,
2768 5622 112 40 quickly
2899 5621 55 31 and

2403 5662 115 39 cheaply
2530 5661 167 31 transacted.

2405 5743 90 31 Loans
2502 5740 180 42 Negotiated.
2704 5741 104 41 Money
2816 5740 140 33 Invested.

3004 1490 477 71 Mattbews
3534 1509 51 51 &
3632 1494 486 85 Chalmers,

3203 1624 257 58 COACFT
3525 1625 402 71 BUILDERS

3239 1725 333 34 WHEELWRIGHTS,
3613 1728 281 38 BLACKSMITHS,

3544 1799 55 20 AND

3096 1850 302 33 AGRICULTURAL
3435 1853 231 30 IMPLEMENT
3702 1855 357 40 MANUFACTURERS,.

3368 1928 73 29 Ross
3480 1929 100 35 Place,
3619 1928 163 32 Lawrence.

3048 2017 76 32 ALL
3165 2017 122 33 KINDS
3326 2020 49 31 OF
3412 2020 146 32 MINING
3598 2021 233 32 MACHINERY
3869 2024 108 31 MADE
4015 2025 84 30 AND

3475 2073 206 29 REPAIRED*.

3465 2166 113 30 Agents
3595 2176 51 20 f©»
3646 2182 40 8 —

3009 2231 230 41 Massey-Harris
3260 2232 122 41 Reapers
3404 2232 55 31 and
3485 2234 126 37 binders,
3632 2234 185 38 Cultivators,,
3833 2239 55 28 fcco
3890 2237 81 39 filers,
3996 2238 122 41 Ploughi

3472 2274 90 31 Horse
3575 2276 99 37 Rakes,

3312 2326 127 31 Peerless
3458 2326 53 38 Oil,
3530 2327 104 30 Binder
3652 2327 111 39 Twine,.
3774 2328 57 31 &c..

3062 2407 47 30 All
3138 2407 90 31 Work
3258 2408 152 30 Entrusted
3433 2412 30 26 to
3487 2408 42 30 Us
3554 2410 53 28 will
3633 2410 116 30 Receive
3774 2410 115 41 Prompt
3913 2412 163 30 Attention*.

3332 2489 134 21 charges
3490 2488 134 23 strictly
3649 2490 154 22 moderate

3263 2575 77 31 FOR
3378 2575 121 31 SALE!
3639 2577 75 30 FOR
3751 2577 118 31 SALE!

3087 2655 218 32 STAUNCH
3337 2657 94 30 AND
3466 2658 252 30 HANDSOME
3755 2659 379 32 THOROUGHBRED*

3464 2812 142 30 Produced
3631 2814 37 37 by

3172 2862 161 30 Yankee
3354 2862 240 30 enterprise
3613 2864 79 28 out
3710 2864 49 28 of
3780 2863 190 29 America.

3272 2902 47 40 Up
3332 2907 29 25 to
3373 2913 54 29 any
3440 2903 113 39 weight,
3565 2903 55 29 and
3633 2903 99 29 carries
3744 2913 17 19 a
3773 2902 92 39 Lady-

3080 2954 175 30 Guaranteed
3265 2954 170 40 thoroughly
3443 2954 88 30 sound
3542 2955 55 29 and
3606 2954 87 40 quiet.
3732 2953 63 30 Will
3803 2964 65 29 pass
3877 2954 116 30 traetion
4003 2954 134 39 engines,,

3004 2999 96 34 trams,
3114 2996 97 36 trains,
3224 2999 172 32 motor-cars,
3410 2994 98 30 forked
3523 2994 151 40 lightning,
3687 3005 32 19 or
3737 2994 138 40 anything
3895 2994 70 38 eke,
3980 2994 114 40 barring
4111 3005 25 19 a<

3004 3036 65 39 lady
3083 3036 132 30 mounted
3229 3047 35 19 on
3277 3036 116 30 another
3417 3036 162 29 Newhaven
3599 3036 128 30 Bicycle.

3081 3115 184 32 FARMERS
3279 3116 145 40 requiring
3437 3115 84 31 Grain
3532 3116 95 37 Drills,
3637 3115 106 40 Turnip
3755 3115 54 31 and
3819 3116 115 31 Manure
3942 3116 94 37 Drills,
4047 3114 62 33 Com-

3008 3157 83 30 bined
3105 3157 96 36 Drills,
3213 3157 67 30 Disc
3293 3158 143 35 Harrows,
3448 3156 133 40 Ploughs,
3596 3157 70 30 Seed
3681 3156 138 38 Cleaners,
3829 3168 31 20 or
3871 3168 53 27 any
3936 3158 81 29 other
4027 3156 108 40 Implex

3004 3201 93 26 ments
3109 3208 33 19 or
3154 3198 143 30 Machines
3309 3197 98 30 should
3419 3197 66 30 send
3498 3197 45 30 for
3554 3208 51 18 our
3617 3196 152 39 catalogue.

3030 3238 59 22 THE
3102 3238 147 23 COLONIAL
3262 3237 150 23 COMBINED
3429 3236 102 24 DRILLS
3542 3238 63 21 AND
3617 3238 64 21 DISC
3693 3236 147 24 HARROWS
3850 3238 59 23 ARE
3921 3238 58 22 THE
3994 3237 65 22 BEST
4071 3235 33 24 IN

3455 3264 59 22 THE
3533 3264 127 22 MARKET.

3095 3335 310 61 Morrow,
3473 3335 259 51 ISHitt
3801 3333 51 53 ft
3911 3335 108 67 Co,

3258 3409 181 32 DUNfcDtN
3476 3419 57 21 and
3570 3408 311 38 CHRISTCHDRCH,

3321 3463 64 31 Sole
3397 3464 108 38 Agents
3518 3462 28 31 in
3559 3462 69 30 New
3640 3462 120 30 Zealand
3772 3462 45 31 for

3135 3505 80 30 THE
3233 3504 220 31 M'CORMICK
3472 3503 251 30 HARVESTING
3740 3502 184 31 MACHINE
3944 3502 57 33 CO.

3051 3601 390 61 COSSENS
3505 3601 174 60 AND
3744 3600 343 67 BLACK*

3128 3692 235 37 ENGINEERS,
3382 3690 286 35 BLACKSMITHS,
3687 3690 278 30 MILLWRIGHTS
3985 3690 25 30 &

3412 3730 312 39 IRONFOUNDERS,

3280 3784 362 28 CRAWFORD-STREET,
3680 3783 175 23 DUNEDIN.

3319 3853 254 31 —MANUFACT
3579 3852 123 31 URERS
3733 3852 87 30 OF

3004 3897 141 39 Pumping
3159 3896 55 29 and
3236 3895 139 39 Winding
3394 3895 171 39 Machinery,
3589 3893 230 31 HYDRAULIC
3839 3893 145 30 MINING
4005 3891 132 32 PLAHT

3073 3937 159 39 (including
3247 3936 154 39 Hydraulic
3415 3935 120 38 Giants),
3549 3935 92 30 Sluice
3653 3934 112 37 Valves,
3777 3934 130 30 Elevator
3923 3934 144 40 Castings,

3310 3976 66 28 Iron
3391 3976 55 28 and
3461 3975 76 30 Steel
3551 3976 142 38 Fluming,
3706 3975 59 35 &c.,
3779 3975 51 29 &c,

3114 4027 158 32 DREDGE
3299 4026 218 38 TUMBLERS,
3537 4026 186 38 BUCKETS,
3742 4026 129 38 LINKS,
3890 4025 61 39 &c.,

3006 4071 209 35 Waterwheels,
3225 4068 147 35 Turbines,
3385 4068 84 28 Brick
3483 4069 55 28 and
3552 4070 11 28 J
3571 4070 67 27 h-ain
3652 4068 69 39 Pipe
3734 4068 118 39 Making
3862 4069 55 28 and
3927 4068 90 29 Wood
4029 4068 87 29 Work-

3086 4111 48 38 ing
3151 4110 172 36 Machinery.
3363 4107 91 30 Horse
3467 4109 121 36 Powers,
3602 4109 194 36 Chaffcutters,
3809 4107 104 40 Turnip
3931 4106 124 41 Palpers,

3252 4150 54 27 and
3320 4148 36 28 all
3370 4148 83 29 kinds
3466 4150 29 29 of
3508 4150 161 38 Machinery
3682 4150 54 28 and
3750 4150 130 38 Gearing.

3118 4231 20 21 A
3164 4229 79 22 VERY
3270 4228 97 23 LARGE
3392 4228 89 23 STOCK
3506 4230 39 21 OF
3568 4228 146 23 PATTERNS
3739 4228 36 23 TO
3798 4228 104 23 SELECT
3927 4226 87 25 FROM.

3000 4297 215 32 ESTIMATES
3236 4296 132 31 GIVEN.
3538 4296 355 31 CORRESPONDENCE
3914 4295 219 31 SOLICITED.-

3017 4381 116 38 Repairs
3146 4379 54 30 and
3215 4390 82 28 every
3311 4379 167 39 description
3492 4379 31 29 of
3535 4378 190 39 Engineering
3737 4378 54 29 and
3808 4377 195 30 Blacksmith's
4015 4377 89 30 Work

3403 4419 143 37 Promptly
3566 4418 151 29 Executed.

3195 4509 104 37 GROWN
3328 4511 38 35 ON
3397 4511 61 35 THE
3489 4511 88 35 HILLS
3606 4511 36 35 OF
3669 4512 104 35 SUNNY
3800 4512 125 37 CEYLON,

3377 4599 211 48 DRINK
3615 4598 152 49 ONLY

3392 4895 111 39 PURE
3525 4896 191 38 BLENDED

3332 4956 88 38 HILL
3442 4956 159 39 CROWN
3613 4956 163 41 CEYLON

3104 5056 65 37 THE
3183 5056 88 37 MOST
3282 5054 159 38 DELICIOUS
3805 5055 24 36 &
3492 5055 196 37 ECONOMICAL
3701 5055 62 38 TEA
3777 5056 30 37 IN
3820 5055 64 38 THE
3898 5056 112 37 WORLD.

2991 5134 128 69 We
3166 5127 477 75 Scoolar&
3695 5131 171 85 Co.,
3923 5152 190 31 DUNEDIiN.

3420 5220 92 30 Local
3532 5220 148 29 Aoehtb—

3020 5280 37 31 D.
3073 5277 196 37 CORMACK,
3288 5274 174 40 Roxburgh;
3481 5273 126 31 JOHNS
3626 5274 26 30 &
3671 5274 183 38 M'COMBE,
3874 5275 106 30 Millers
4000 5275 74 31 Flat.

3012 5345 258 62 JOBBRT
3334 5341 34 26 kT
3397 5340 75 26 KA
3500 5338 29 27 T.

3024 5416 124 24 GeKIRAL
3173 5412 105 25 PHATKM
3294 5416 51 18 ASD
3356 5408 129 24 CIOTHIBt

3100 5465 61 24 Ross
3182 5463 70 24 Place
3274 5461 132 24 Lawrenca.

3043 5577 57 24 New
3118 5573 48 25 and
3182 5570 159 26 Fashionable
3364 5568 106 31 Drapery

3012 5616 78 31 Large
3101 5612 65 27 stock
3181 5609 79 30 Men's
3271 5609 47 25 and
3332 5609 61 30 Uoys
3402 5607 112 31 Clothing

3043 5655 86 26 Ladies
3142 5652 49 25 and
3201 5651 126 24 children*
3337 5649 132 32 requisites.

3013 5712 76 25 Visits
3116 5707 132 32 Roxburgh
3292 5705 46 26 and
3373 5703 156 33 surrounding

2984 5746 102 25 districts
3098 5741 108 42 monthly

3559 5356 142 31 TTOZIE
3715 5356 84 32 TEA.
3837 5358 25 28 A
3875 5357 175 40 stimulating
4059 5359 59 29 and'

3649 5398 154 39 sustaining
3815 5407 54 30 cup
3881 5397 29 29 in
3921 5408 123 27 summer
4059 5400 59 29 and

3557 5439 107 30 winter.
3701 5437 36 30 D.
3753 5437 143 38 Cormack,
3909 5438 107 40 Agent,
4036 5440 61 30 liux-

3557 5479 101 38 burgb.
