2559 4039
620 324 130 32 PORT
774 324 289 41 NICHOLSON,
1087 322 261 34 SATURDAY
1369 324 244 40 MORNING,
1634 326 109 32 MAY
1764 330 53 35 30,
1841 330 94 30 1840.

2338 330 104 40 [Vol.
2460 331 31 32 I.

57 334 63 33 No.
142 331 44 41 8:]

1171 43 106 31 THE

35 89 475 43 NEW
632 101 906 135 ZEALAND
1620 104 871 137 GAZETTE.

50 428 79 24 NEW
146 424 170 23 ZEALAND
332 422 99 22 LAND
449 419 185 23 COMPANY.

50 480 89 29 Capital,
155 479 118 27 £100,000,
287 477 26 22 in
321 478 55 20 4000
386 474 82 23 Shares
478 474 25 22 of
514 473 47 23 £25
572 472 62 28 each,

271 504 30 22 all
310 503 52 29 paid
371 509 38 21 up.
433 523 3 5 ,

128 560 117 23 Governor
252 566 5 14 :
273 558 48 23 The
330 557 66 22 Earl
407 555 151 22 of^Durham.

90 595 91 28 Deputy
191 593 119 22 Governor
316 599 5 14 :
337 590 95 22 Joseph*
438 589 82 27 Somes,
537 588 54 28 Esq.

277 625 115 22 Directors
400 631 7 14 :

101 654 61 23 Lord
170 654 74 26 Petre,

101 682 61 22 Hon.
174 680 93 22 Francis
275 678 90 27 Baring,
377 676 71 28 M.P.,

101 708 59 22 John
171 707 104 23 Ellorker
282 704 111 27 Boulco'tt,
409 704 69 28 Esq./

101 736 60 22 John
171 734 101 22 William
281 732 92 27 Buckle,
384 732 62 28 Esq.,
459 732 11 13 *

82 760 3 3 '
101 762 88 23 Russell
198 761 78 27 Ellice,
287 760 61 28 Esq.,

101 790 76 22 James
187 788 83 22 Brodie
280 786 99 28 Gordon,
391 786 63 29 Esq.*

101 817 96 22 Thomas
207 815 68 22 Alers
284 814 106 27 Hankey,
401 814 63 28 Esq.,

101 843 99 22 William
211 842 60 22 Hutt
287 841 61 28 Esq.,
360 840 71 28 M.P.,

103 871 93 22 Stewart
204 868 163 29 Majoribanks,
379 868 62 28 Esq.,
449 871 3 3 '

103 899 34 21 Sir
146 897 100 21 William
256 895 151 28 Molesworth,
419 896 70 26 Bart.,
499 894 69 28 M.P.,

103 924 131 23 Alexander
243 923 80 27 Nairn,
334 922 61 28 Esq.,

103 952 61 22 John
174 951 66 26 Pirie,
251 950 60 27 Esq.,
325 950 130 26 Alderman,

104 979 33 21 Sir
148 978 88 26 George
247 976 101 26 Sinclair,
358 976 70 26 Bart.,
440 976 71 26 M.P.,

52 1012 6 4 -
103 1005 60 22 John
169 1004 65 22 -Abel
244 1002 79 28 Smith,
334 1003 61 27 Esq.,
407 1002 69 28 M.P.,

103 1033 58 21 Wm.
172 1031 136 30 Thompson,
320 1030 61 27 Esq.,
393 1028 134 28 Alderman,
537 1027 68 28 M.P.,

104 1060 34 22 Sir
148 1059 80 25 Henry
237 1056 80 27 Webb,
327 1056 70 26 Bart.,

104 1085 86 23 Arthur
197 1080 80 31 Willis,
289 1084 61 26 Esq.,

105 1114 86 25 George
202 1110 120 23 Frederick
331 1112 90 24 Young,
431 1109 54 28 Esq.

162 1147 116 25 Secretary
285 1153 6 13 :
306 1144 63 22 John
380 1143 83 28 Ward,
475 1143 54 28 Esq;
555 1162 3 5 .

51 1209 90 50 THE
150 1207 61 22 main
220 1206 98 22 features
325 1205 26 21 of
356 1205 38 21 the
403 1207 84 25 system
494 1204 26 22 of
525 1203 114 22 coloniza-

126 1236 46 21 tion
183 1233 95 28 adopted
287 1233 31 27 by
327 1232 37 22 the
378 1232 122 27 Company,
517 1238 45 20 are,
564 1243 28 4 —
592 1232 45 26 -Ist,

52 1264 38 21 the
100 1263 44 22 sale
154 1261 25 23 of
188 1261 73 26 lands,
275 1263 23 18 at
312 1266 29 15 an
354 1259 100 21 uniform
468 1258 45 22 and
526 1258 114 22 sufficient

51 1291 73 27 price;
141 1288 45 22 and
198 1287 76 27 2ndly,
291 1286 38 22 the
344 1285 153 28 employment
511 1284 27 22 of
550 1292 14 14 a
576 1284 62 27 large

50 1317 89 27 portion
149 1315 25 22 of
179 1315 38 21 the
226 1313 207 28 purchase-money,
445 1320 25 14 as
480 1319 28 15 an
519 1311 120 28 Immigra-

50 1345 48 20 tion
109 1343 70 22 Fund.
209 1341 28 22 In
247 1341 61 21 these
318 1342 104 25 respects,
437 1339 39 22 the
485 1339 120 28 principles
616 1339 27 22 of

50 1370 71 22 South
134 1368 113 24 Australia
261 1367 57 21 have
331 1367 58 21 been
404 1365 105 23 followed
521 1373 25 14 as
560 1366 82 27 nearly

50 1405 24 14 as
93 1397 171 21 circumstances
278 1393 80 28 would,
376 1393 26 22 in
417 1393 39 22 the
473 1396 91 25 present
579 1400 58 21 case,

50 1423 87 29 permit.

77 1457 47 22 The
137 1454 72 29 grand
223 1454 74 28 object
312 1454 28 22 of
352 1454 41 21 the
405 1461 58 20 new,
478 1461 24 14 or
513 1454 125 28 improved,

50 1487 83 25 system
143 1483 25 21 of
179 1482 37 21 the
226 1481 97 28 disposal
338 1481 27 22 of
381 1481 97 22 colonial
492 1481 72 27 lands,
580 1482 20 21 is
616 1485 23 19 to

50 1510 97 28 regulate
162 1508 37 23 the
214 1508 81 28 supply
310 1508 26 22 of
351 1515 53 15 new
417 1508 61 27 land,
495 1508 30 27 by
541 1508 37 22 the
592 1509 48 22 real

50 1540 70 20 wants
132 1536 25 23 of
170 1536 37 21 the
223 1533 118 29 Colonists,
357 1543 24 14 so
397 1534 50 23 that
460 1534 38 23 the
513 1535 55 22 land
582 1535 59 23 shall

50 1572 68 14 never
134 1564 28 21 be
180 1562 72 22 either
271 1562 190 28 superabundant,
484 1569 24 15 or
526 1562 112 28 deficient,

50 1592 71 21 either
135 1593 37 19 too
188 1590 78 31 cheap,
284 1597 24 14 or
327 1592 37 19 too
384 1589 61 22 dear.
484 1589 22 22 It
522 1588 42 23 has
581 1590 59 22 been

50 1619 76 21 shown
135 1617 48 22 that
192 1616 38 22 the
241 1616 43 22 due
297 1616 131 28 proportion
441 1616 104 22 between
560 1617 80 28 people

50 1646 46 21 and
102 1644 53 22 land
160 1651 53 20 may
219 1644 28 21 be
256 1644 127 26 constantly
388 1644 96 21 secured
489 1644 29 26 by
525 1644 116 22 abandon-

50 1673 39 26 ing
98 1672 37 22 the
144 1671 38 21 old
192 1673 85 25 system
287 1670 26 21 of
324 1678 97 19 grants,
432 1670 46 22 and
487 1671 115 27 requiring
611 1679 30 13 an

50 1699 98 22 uniform
156 1698 61 28 price
227 1705 41 21 per
277 1704 57 20 acre,
350 1697 34 22 for
394 1698 31 21 all
433 1705 53 14 new
493 1697 76 27 land's,-
576 1698 69 21 with-

52 1729 38 19 out
99 1726 124 26 exception.
254 1724 25 21 If
289 1724 38 21 the
337 1724 64 28 price
409 1724 28 22 be
452 1727 42 19 not
506 1727 38 19 too
558 1724 49 27 low,
616 1725 26 25 ,it

50 1753 74 21 deters
133 1752 136 29 speculators
278 1751 58 22 from
350 1751 120 27 obtaining
483 1750 61 28 laud,
560 1752 55 21 with
628 1760 15 14 a

50 1780 58 21 view
117 1782 22 18 to
148 1779 90 26 leaving
247 1778 58 21 their
313 1782 108 24 property
428 1778 25 22 in
464 1786 14 14 a
489 1778 73 22 deset-t
575 1782 65 24 state,

50 1807 46 21 and
110 1806 50 22 thus
173 1808 106 29 prevents
288 1805 110 27 injurious
409 1805 124 27 dispersion
539 1813 5 19 ;
560 1806 19 20 it
586 1806 58 27 a-lsoj,

50 1833 30 28 by
91 1832 134 28 compelling
233 1839 68 20 every
307 1832 105 22 labourer
419 1835 26 18 ta
450 1832 61 22 work
518 1833 35 21 fbr
561 1840 79 20 wages,

50 1860 58 22 until
117 1860 29 21 he
155 1860 41 21 has
205 1859 69 21 saved
288 1858 37 22 the
336 1860 54 26 only
399 1866 80 15 means
490 1860 29 20 of
525 1860 119 27 obtaining

50 1887 61 26 land,
122 1887 86 21 insures
223 1893 14 14 a
251 1886 80 27 supply
346 1886 29 21 of
383 1886 80 22 labour
476 1886 35 22 for
525 1886 55 22 hire.
611 1887 28 26 If,

50 1922 30 14 on
90 1913 39 22 the
138 1913 64 21 other
211 1912 69 27 hand,
296 1912 37 22 the
343 1913 64 27 price
414 1913 27 21 be
451 1917 42 17 not
501 1916 38 18 too
548 1913 61 27 high,
625 1914 18 21 it

50 1941 88 21 neither
147 1940 101 22 confines
258 1939 38 21 the
306 1940 86 22 settlers
407 1940 81 22 within-
499 1947 14 14 a
527 1948 70 19 space
607 1941 36 21 in-

50 1967 161 27 conveniently
226 1974 94 19 narrow,
337 1974 42 14 nor
394 1966 54 22 cfoes
462 1967 18 21 it
495 1970 95 24 prevent
604 1967 38 22 the

51 1995 79 27 thrifty
143 1994 105 21 labourer
261 1993 58 21 from
333 1993 125 27 becoming-
468 2001 14 13 a
493 1993 152 27 lanut-owner,.

52 2022 58 18 ttiter
118 2020 102 26 working
228 2025 61 15 some
301 2020 52 19 time
362 2020 38 19 fbr
410 2025 79 21 wages.

83 2046 20 21 A
120 2045 117 25 sufficient,
254 2045 42 20 but
313 2047 40 18 not
371 2052 62 14 more
454 2045 55 22 than:
527 2044 113 23 sufficient

50 2072 63 28 price
124 2072 33 21 for
169 2071 31 22 all
213 2078 50 14 new
277 2070 61 28 land,
353 2071 19 22 is
388 2071 38 21 the
441 2072 67 21 main,
517 2072 87 21 feature
619 2072 30 21 of

53 2099 39 21 the
109 2106 49 14 new
173 2100 83 24 system
272 2098 25 21 of
314 2098 157 22 colonization.
504 2098 23 22 It
543 2098 100 22 obviates

52 2133 68 17 every
132 2126 84 26 species
230 2124 27 22 of
270 2124 114 28 bondage;
404 2125 30 27 by
449 2126 120 26 providing
582 2133 62 14 com-

51 2152 90 22 binable
150 2152 85 26 labour,
247 2151 19 22 it
273 2151 91 22 renders
373 2152 104 28 industry
484 2159 55 21 very
548 2152 96 28 produc-

52 2180 53 25 tive,
117 2179 43 21 and
169 2178 122 22 maintains
300 2178 53 22 both
363 2178 56 27 high
433 2186 80 20 wages,
530 2179 45 21 and
588 2179 56 27 high

52 2206 88 28 profits;
162 2206 19 21 it
195 2205 79 22 makes
292 2205 38 22 the
348 2206 82 26 colony
446 2213 24 14 as
487 2206 116 21 attractive
619 2213 31 14 as=-

52 2233 103 28 possible,
170 2232 55 22 both
241 2235 24 18 to
279 2232 125 28 capitalists.-
416 2232 48 22 and
477 2235 26 19 to-
514 2233 114 21 favourers
638 2241 9 19 ;•

52 2260 46 22 and
108 2264 40 17 not
156 2259 86 27 merely
252 2262 22 19 to
284 2259 67 27 these,
366 2260 42 21 but
418 2259 55 27 also-,
482 2260 29 27 by
520 2260 125 26 bestowing

52 2294 30 14 on
97 2287 37 21 the
146 2286 87 27 colony,
251 2286 37 21 the
299 2286 73 22 better
386 2286 117 22 attributes
519 2287 31 21 of
563 2294 32 14 an.
607 2287 41 21 old'

53 2314 90 27 society,
155 2317 21 18 to
185 2312 64 22 those
257 2312 49 22 who
314 2313 57 21 have
378 2321 13 13 a
399 2313 92 22 distaste
498 2314 34 21 fbr
540 2314 60 21 what
605 2314 45 21 ft-as-

53 2341 124 21 heretofore
186 2340 59 22 been
256 2340 37 21 the
307 2340 116 28 primitive
431 2340 116 22 condition
557 2340 30 22 of
593 2348 55 14 new

51 2368 106 22 Golonies.

80 2395 47 21 The
136 2397 62 24 great
208 2394 74 27 object
292 2394 26 21 of
329 2394 41 22 the-
375 2394 61 27 price
446 2394 20 23 is
478 2397 25 20 to
515 2402 78 14 secure
607 2394 38 22 the

53 2425 59 18 most
122 2421 106 22 desirable
238 2421 141 27 proportions
388 2421 104 23 between
503 2421 81 28 people
598 2421 47 22 and

54 2448 65 27 land;
134 2449 40 21 but
183 2448 38 21 the
230 2448 54 27 plan
295 2448 39 21 has
344 2448 39 22 the
389 2448 89 22 further
484 2449 70 21 result
561 2449 31 21 of
593 2456 52 20 pro-

54 2475 82 27 ducing
146 2482 12 14 a
167 2482 106 19 revenue,
290 2475 72 21 which
378 2475 46 21 will
438 2479 43 18 not
496 2475 53 28 only
564 2475 81 28 supply

53 2503 38 21 the
104 2502 103 28 requisite
221 2502 68 27 profit
302 2505 23 18 to
340 2501 38 23 the
393 2502 156 22 shareholders
564 2502 25 22 of
605 2502 39 22 the

54 2529 121 28 Company,
198 2529 42 21 but
263 2528 111 23 furnishes
397 2529 38 22 the
459 2537 78 14 means
555 2529 35 22 for
614 2536 30 15 an

56 2555 153 28 Immigration
219 2555 120 28 Fund,-r-a
346 2555 56 22 fund
411 2557 128 27 constantly
546 2556 98 28 applica-

54 2583 37 21 ble
107 2587 22 17 to
145 2583 36 21 the
197 2590 96 20 purpose
310 2583 28 21 of
348 2583 108 28 bringing
468 2583 80 22 labour
565 2587 23 18 to
605 2583 38 22 the

54 2609 80 28 colony
134 2622 30 5 —
166 2609 48 22 that
227 2609 27 28 is,
271 2610 24 21 in
312 2610 97 26 causing-
422 2611 39 21 tTie
476 2611 50 21 best
545 2618 55 14 sort
620 2610 27 22 of

54 2636 146 22 colonization
211 2639 23 19 to
244 2636 96 32 proceed
349 2640 23 18 at
383 2637 41 22 the
434 2641 98 23 greatest
545 2637 97 28 possible

52 2667 55 18 rate.
136 2663 54 22 And
196 2663 44 22 this
247 2671 19 14 is
273 2663 38 22 the
319 2663 83 23 second
411 2665 86 21 feature
508 2665 31 21 of
546 2664 37 22 the
593 2672 50 14 new

54 2693 90 24 system.

81 2717 47 21 The
138 2717 152 28 employment
299 2717 29 22 of
341 2717 40 22 the
391 2718 213 27 purchase-money,
620 2725 25 15 or

54 2743 38 23 the
101 2744 108 27 principal
218 2747 51 25 part
278 2744 28 22 of
313 2745 24 25 it,
348 2745 24 21 in
383 2752 127 21 conveying
518 2745 87 23 settlers
619 2748 24 19 to

54 2770 38 22 the
103 2771 85 27 colony,
198 2771 42 21 has
249 2771 38 21 the
296 2771 120 28 following-
422 2772 82 22 effects.
534 2772 23 22 It
566 2772 78 22 makes

53 2797 39 22 the
106 2798 130 27 purchasers
252 2798 25 21 of
292 2797 54 23 land
360 2806 38 14 see
412 2799 94 28 plainly,
521 2799 51 21 that
585 2799 60 21 their

54 2831 82 21 money
146 2825 44 21 will
198 2825 28 21 be
236 2824 107 22 returned
351 2825 25 21 in
390 2825 38 21 the
442 2826 69 27 shape
524 2826 33 21 of
564 2825 81 22 labour

54 2851 45 21 and
108 2851 136 28 population.
274 2851 22 21 It
305 2851 71 28 tends,
393 2852 24 21 in
427 2852 53 28 fact,
496 2856 22 18 to
527 2852 68 22 lower
605 2852 39 22 the

53 2884 117 21 necessary
190 2877 106 23 standard
315 2878 26 21 of
355 2879 69 26 price,
439 2879 104 26 because,
562 2878 54 22 with
632 2886 13 14 a

54 2908 103 18 constant
165 2904 73 22 influx
249 2904 26 21 of
285 2904 78 27 people
374 2908 23 18 to
407 2909 42 17 tne-
456 2906 89 27 colony,
553 2905 37 21 the
601 2905 44 22 due

52 2931 129 28 proportion
186 2931 103 21 between
296 2931 78 27 people
383 2931 45 21 and
433 2931 57 23 land
496 2940 52 19 may
554 2932 28 22 be
589 2932 56 27 kept

54 2965 30 20 up
92 2957 31 28 by
133 2965 13 15 a
155 2957 68 22 lower
231 2957 68 27 price,
311 2957 55 22 than
375 2957 22 22 if
408 2957 64 23 there
482 2966 61 14 were-
548 2966 30 14 no
587 2959 57 21 such

54 2984 150 28 immigration
210 3000 6 6 .
231 2980 28 26 It
269 2983 110 23 therefore
385 2984 261 29 diminrehestlve'period

55 3011 81 28 during
144 3011 73 22 which
226 3011 39 22 the
274 3011 104 22 labourer
391 3015 61 19 must
465 3012 60 22 work
540 3012 35 22 for
588 3011 56 28 hire*,

55 3038 45 22 and
108 3038 30 27 by
148 3038 37 22 the
198 3038 66 27 rapid
277 3046 102 19 progress
394 3038 74 22 which
483 3039 17 21 it
515 3039 92 28 imparts
622 3041 23 19 to

55 3064 38 22 the
101 3065 49 22 best
159 3068 46 19 sort
214 3065 26 22 of
251 3065 157 28 colonization,
424 3065 18 22 it
457 3065 102 29 explains
574 3069 23 18 to
606 3065 39 23 the

55 3091 116 27 labouring
180 3091 57 23 class
247 3092 26 22 of
278 3092 148 27 immigrants,
437 3093 51 21 that
496 3100 68 20 every
572 3100 47 15 one-
623 3093 26 21 of

56 3117 62 21 them
130 3117 49 21 who
194 3118 20 21 is
228 3119 136 22 industrious
382 3119 46 23 and
444 3120 85 27 thrifty,
547 3127 53 24 may
616 3120 29 22 be

56 3150 50 14 sure
117 3146 21 18 to
147 3143 93 22 become
252 3148 40 18 not
306 3146 85 27 merely
405 3154 30 14 an
451 3154 78 15 owner
541 3147 31 21 of
582 3147 62 26 land,

56 3169 42 21 but
113 3169 45 21 also
174 3170 24 20 in
217 3170 36 21 his
272 3173 58 24 turn,
351 3179 30 14 an
401 3174 115 27 employer
534 3174 32 22 of
580 3173 69 23 hired

56 3195 121 27 labourers,
188 3203 14 14 a
211 3199 83 18 master
303 3197 26 21 of
339 3203 108 19 servants.

85 3222 67 22 From
161 3217 62 27 these
233 3223 181 29 considerations,
430 3226 38 22 the
478 3227 116 28 Company
603 3227 42 22 has

57 3248 97 29 adopted
172 3248 38 22 the
226 3257 62 13 same
305 3253 82 24 system
405 3252 25 21 of
445 3253 115 28 disposing
574 3255 31 21 of
616 3255 29 21 its

57 3279 68 19 waste
136 3276 72 27 lands,
224 3283 25 14 as
264 3276 40 21 has
319 3277 91 28 already
423 3281 84 24 proved
520 3281 79 27 highly
611 3281 35 22 fa-

56 3303 106 21 vourable
176 3306 23 18 to
214 3302 38 22 the
267 3302 182 29 productiveness
464 3307 27 20 of
503 3307 104 28 industry
620 3308 25 22 iii

57 3330 70 21 South
137 3330 121 21 Australia.
287 3330 30 21 In
326 3337 15 14 a
350 3337 50 15 new
411 3331 87 28 colony,
514 3333 95 28 planted'
620 3335 25 21 in

56 3363 15 14 a
79 3356 72 22 fertile
161 3356 46 22 and
222 3356 115 22 extensive
351 3357 112 29 territory,
479 3362 19 18 it
510 3359 19 22 is
545 3361 99 28 obvious,

56 3382 50 22 that
124 3383 36 22 the
177 3383 171 22 establishment
361 3384 27 21 of
404 3386 56 19 such
475 3392 14 14 a
502 3389 83 24 system
598 3387 20 22 is
633 3396 14 14 a

57 3413 80 19 matter
154 3410 25 22 of
197 3410 38 22 the
252 3410 92 28 deepest
360 3414 104 18 moment
479 3414 23 19 to
518 3412 39 22 the
572 3413 75 23 future

57 3436 88 22 welfare
157 3437 26 22 of
195 3437 92 28 society.
423 3437 18 22 it
455 3437 39 22 the
506 3438 51 22 best
572 3439 75 23 effects

58 3471 52 21 may
118 3464 53 22 with
181 3464 131 22 confidence
321 3464 28 22 be
358 3464 139 28 anticipated
503 3472 5 14 :
524 3472 14 14 a
545 3469 104 19 constant

57 3492 45 19 and
111 3491 87 27 regular
207 3491 82 28 supply
299 3491 26 21 of
336 3498 50 15 new
395 3490 56 22 land
459 3491 25 21 in
499 3491 44 22 due
556 3499 92 20 propor-

54 3517 47 21 tion
111 3521 23 18 to
143 3517 38 23 the
200 3521 72 19 wants
281 3517 27 22 of
318 3525 13 15 a
338 3517 133 29 population
484 3517 125 28 increasing
619 3519 31 28 by

53 3543 72 23 births
135 3545 44 21 and
193 3544 152 27 immigration
351 3553 5 19 ;
376 3545 31 21 all
423 3545 38 21 the
476 3544 136 27 advantages
626 3549 23 18 to

54 3570 74 22 which
136 3571 103 23 facilities
249 3571 26 22 of
285 3575 113 25 transport
405 3571 47 23 and
459 3571 189 23 communication

55 3604 38 15 are
104 3598 102 22 essential
213 3606 6 19 ;
236 3599 111 26 certainty
360 3599 27 21 of
397 3598 78 28 limits,
491 3598 45 22 and
551 3598 98 28 security

55 3624 27 21 of
93 3624 47 22 title
150 3628 23 18 to
182 3629 106 28 property
297 3625 24 22 in
332 3620 58 27 land
396 3633 6 19 ;
418 3625 38 22 the
466 3627 99 26 greatest
576 3625 73 22 facili-

54 3651 42 21 ties
106 3658 29 14 on
144 3653 119 26 acquiring
271 3652 37 22 the
320 3652 42 22 due
373 3653 105 27 quantity
484 3660 6 19 ;
504 3652 39 22 the
553 3655 97 24 greatest

55 3681 190 24 encouragement
257 3681 23 19 to
289 3679 153 28 immigration
453 3679 46 22 and
508 3679 141 26 settlement;

55 3704 46 22 and
115 3704 37 22 the
167 3708 58 18 most
238 3705 64 28 rapid
318 3714 103 24 progress
435 3707 27 21 of
478 3705 37 23 the
529 3705 81 28 people
624 3705 24 23 in

55 3731 101 21 material
165 3732 97 22 comfort
270 3733 46 22 and
325 3733 68 22 social

82 3763 48 22 The
141 3764 64 22 Land
215 3765 71 22 Office
303 3766 35 21 for
353 3766 63 22 Sales
432 3766 46 22 and
494 3766 118 22 Transfers
629 3765 20 22 is

55 3796 53 15 now
117 3798 56 20 open
184 3794 23 18 at
221 3792 55 21 Port
291 3792 133 28 Nicholson,
442 3793 46 22 and
504 3793 39 22 the
558 3792 56 22 land
628 3792 20 22 is

55 3816 50 22 sold
111 3817 23 21 in
142 3818 96 21 sections
244 3818 26 22 of
280 3820 41 21 100
328 3827 62 16 acres
398 3820 63 28 each,
471 3820 60 22 at£l
541 3827 40 21 per
587 3827 59 14 acre.

54 3843 49 22 The
117 3844 124 28 advantage
256 3846 26 21 of
296 3846 135 28 purchasing
447 3846 77 23 before
544 3846 38 23 the
598 3853 49 15 sur-

54 3877 56 21 veys
119 3878 37 14 are
164 3871 24 21 in
200 3879 14 13 a
228 3872 134 28 sufficiently
371 3873 97 22 forward
478 3876 56 19 stale
548 3876 23 19 to
581 3873 66 22 allow

54 3897 28 21 of
94 3897 127 22 immediate
235 3898 114 28 selection,
364 3900 27 27 is,
408 3900 50 21 that
471 3900 37 21 the
518 3900 94 28 priority
623 3900 25 22 of

54 3923 78 22 choice
148 3924 20 21 is
186 3925 93 22 secured
292 3926 23 21 in
333 3926 38 22 the
391 3927 66 21 order
475 3926 24 22 in
514 3926 72 23 which
606 3926 39 23 the

54 3950 140 26 uegistration
204 3952 26 21 of
242 3952 36 22 the
289 3952 108 28 purchase
407 3953 19 22 is
435 3953 75 22 made.

83 3977 53 22 Port
144 3977 131 29 Nicholson,
288 3980 63 26 April
362 3981 33 25 14,
407 3982 63 21 1840.

705 420 114 20 UNION
833 420 102 20 BANK
950 420 42 20 OF
1006 419 223 21 AUSTRALIA.

668 452 96 23 London
783 453 92 27 Office,
891 452 46 23 No.
953 454 33 26 38,
1005 452 51 23 Old
1073 452 185 25 Byroad-street.

723 506 93 28 Capital,
826 506 125 28 £500,000;
969 506 61 28 paid,
1031 513 39 21 up,

899 560 126 22 Directors':

723 586 89 28 George
822 586 49 23 Fife
880 586 86 28 Angas,
979 586 61 28 Esq.,

722 613 87 22 Robert
818 613 93 28 Brooks,
923 613 60 32 Esq.,

722 640 78 22 James
809 640 63 22 John
882 640 122 28 Cummins,
1015 640 63 28 Esq..

722 666 86 23 Robert
817 666 124 28 Gardener,
952 667 60 28 Esq.,
1025 666 152 27 Manchester,

722 693 63 22 John
797 694 66 26 Gore,
875 694 61 27 Esq.,
1237 701 15 19 >

722 720 92 22 Charles
824 720 110 27 Hindley,
945 720 59 27 Esq.,
1016 720 71 27 M.P.,

721 747 121 28 Benjamin
853 747 26 22 E.
891 747 80 27 Lindo,
979 746 60 29 Esq.,

722 774 92 22 Charles
825 773 97 22 Edward
929 774 110 26 Mangles,
1051 773 62 28 Esq.,
1251 776 22 22 .V

722 800 144 28 Christopher
875 800 105 28 Rawson,
991 800 61 28 Esq.,
1063 800 102 28 Halifax,
1260 804 14 17 -i

722 828 99 26 TJhomas
831 828 79 27 Sands,
922 828 60 27 Esq.,
993 827 127 28 Liverpool,
1268 833 5 9 '

724 855 77 22 James
810 854 73 28 Bogle
891 854 80 27 Smith,
980 854 60 28 Esq.,

724 882 78 22 James
810 881 98 23 Ruddell
917 881 71 28 Tddd,
999 881 53 28 Esq.

668 916 118 22 Trustees:
812 916 99 21 George.
928 915 64 22 Carr
1016 915 80 28 Glyn,,
1115 915 60 28 Esq.,
1197 914 64 22 John

706 943 75 26 Gore,
792 943 60 27 Esq.,
868 943 47 21 and
924 942 75 22 James
1009 942 23 22 J.
1044 942 117 27 Cummins,
1172 941 52 28 Esq.

670 976 115 22 Bankers:
809 976 91 22 Messrs.
926 976 74 26 Glyn,
1024 975 132 27 Hallifax,
1176 974 85 28 Mills,

918 1002 45 22 and
976 1002 38 22 Co.

753 1037 118 27 Secretary
879 1044 5 14 :
901 1037 93 22 Samuel
1005 1036 112 27 Jackson,
1127 1036 53 28 Esq.

692 1070 6 3 *
706 1070 102 22 Colonial
818 1070 118 29 Inspector
944 1078 6 14 :
964 1070 22 22 J.
997 1071 25 22 C.
1033 1070 126 28 M'Laren,
1172 1070 53 28 Esq.

794 1125 69 21 New
868 1138 4 3 ■
880 1125 124 21 Zealand
1021 1125 118 20 Branch.

670 1158 68 22 Local
749 1158 116 23 Directors
872 1166 4 14 :
894 1158 59 22 Geo.
964 1159 21 22 S.
996 1158 85 27 Evans,
1097 1158 60 28 Esq.,
1169 1157 93 27 D.C.L.,

733 1186 64 21 Edw.
807 1186 75 21 Betts
892 1185 105 27 Hopper,
1007 1186 63 27 Esq.,
1084 1184 47 23 and
1141 1185 56 22 Geo.

860 1226 6 4 -
881 1212 109 28 Hunter,
1002 1212 54 28 Esq.

670 1246 112 27 Manager
790 1254 6 14 :
811 1246 64 22 John
886 1246 83 27 Smith,
980 1246 60 27 Esq.,
1056 1245 47 23 late
1113 1245 27 22 of
1150 1245 37 22 the
1198 1245 65 22 Com-

720 1273 92 22 mercial
821 1272 66 23 Bank
898 1273 27 22 of
936 1273 111 27 England,
1059 1272 153 22 Manchester.

781 1306 115 23 Branches
906 1310 24 19 at
946 1306 100 28 Sydney,.

947 1334 88 22 Hobart
1043 1334 79 27 Town,

948 1360 151 28 Launceston,
1109 1360 47 22 and

946 1388 54 22 Port
1009 1387 83 28 Philip.

670 1422 54 22 Port
732 1422 133 27 Nicholson,
876 1421 83 23 March
967 1423 34 26 24,
1013 1423 62 21 1840.

672 1476 91 33 rjTVHE
781 1476 115 22 Directors
913 1475 26 23 of
955 1475 38 22 the
1009 1475 58 22 New
1082 1475 102 23 Zealand
1197 1474 66 23 Land

678 1498 30 27 JL
746 1504 119 27 Company
878 1503 86 27 hereby
979 1503 51 26 give
1046 1502 83 27 notice,
1147 1502 48 22 that
1210 1503 53 26 they

670 1530 57 22 have
734 1538 115 14 effected
859 1537 30 15 an
901 1537 172 15 arrangement
1082 1528 54 23 with
1143 1529 37 22 the
1186 1529 77 22 Union

670 1557 65 22 Bank
750 1558 27 21 of
793 1557 122 27 Australia,
932 1557 44 21 No.
992 1558 34 25 38,
1041 1556 47 22 Old
1103 1556 160 27 Broad-street,

671 1585 103 26 London,
785 1585 35 21 for
829 1584 38 22 the
880 1583 170 23 establishment
1063 1583 28 22 of
1103 1590 14 15 a
1133 1579 131 26 BRANCH

670 1611 94 22 BANK
775 1611 36 22 IN
825 1610 73 23 NEW
912 1609 160 28 ZEALAND-,
1084 1609 97 28 through
1192 1609 73 23 which

671 1638 37 22 the
718 1639 102 21 business
833 1638 27 21 of
873 1637 39 22 the
929 1637 57 22 New
1002 1637 103 21 Zealand
1117 1637 66 21 Land
1199 1637 66 21 Com-

671 1672 60 20 pany
740 1665 46 22 will
795 1665 28 22 be
833 1664 134 23 transacted.
995 1663 49 23 The
1058 1664 116 22 Directors
1190 1663 75 22 there-

671 1692 48 21 fore
727 1691 147 22 recommend
882 1695 24 18 to
924 1691 109 22 Colonists
1049 1691 40 21 the
1105 1691 78 21 Union
1199 1691 65 21 Bank

672 1719 26 21 of
716 1719 116 22 Australia
849 1726 29 14 as.
891 1726 30 14 an
948 1717 170 23 establishment
1140 1717 125 28 possessing

672 1745 57 22 their
746 1746 71 21 entire
840 1745 139 27 confidence)
998 1744 46 22 and
1063 1744 54 22 able
1133 1748 22 18 to
1173 1744 92 27 provide

672 1772 127 28 effectually
814 1773 36 21 for
865 1772 43 22 the-
918 1771 106 23 financial
1038 1775 72 18 wants
1127 1771 26 22 of
1164 1771 42 22 the-
1217 1771 49 22 first

672 1799 134 22 settlement.

841 1826 36 28 By
887 1825 67 23 order
962 1825 26 22 of
998 1825 38 22 the
1046 1825 82 27 Board,

920 1860 85 22 JOHN
1019 1860 107 26 WARD}
1143 1860 122 27 Secretary.

673 1894 55 22 New
738 1894 101 21 Zealand
848 1894 67 21 Land
924 1893 135 31 Company's
1071 1893 79 27 Office,

699 1923 20 25 1,
730 1920 161 28 Adam-street,
903 1920 104 28 Adelphi,
1018 1920 55 23 27th
1082 1920 70 27 Aug.,
1164 1921 61 21 1839.

871 1974 200 21 SEMINARY.

673 2008 92 46 MR.
786 2007 106 21 GRACE
912 2007 90 21 intends
1023 2010 23 17 to
1068 2014 59 19 open
1150 2014 14 21 f.

764 2032 82 22 School
856 2032 47 22 and
911 2032 114 27 Boarding
1038 2032 187 28 Establishment,
1242 2040 24 14 as

673 2060 60 27 early
750 2067 24 14 as
790 2060 96 27 possible
903 2060 57 20 after
978 2059 37 21 the
1037 2059 130 21 settlement
1183 2059 25 21 of
1226 2058 38 22 the

672 2086 111 28 township
799 2089 23 18 at
842 2086 132 21 Thorndon.
1013 2086 29 21 In
1056 2086 94 26 making
1166 2085 43 22 this
1226 2093 40 14 an-

672 2116 153 18 nouncement
832 2112 67 22 to.the
908 2112 145 27 community,
1061 2112 45 22 Mr.
1114 2112 28 21 G.
1152 2112 112 22 considers

672 2140 18 21 it
699 2140 34 21 his
744 2140 56 27 duty
808 2143 29 18 to.
841 2143 62 18 state-
907 2139 50 21 that
971 2140 24 20 in
1011 2138 38 22 the
1066 2142 161 23 management
1242 2139 27 21 of

673 2166 44 22 this
726 2167 125 27 Seminary,
868 2166 30 22 he
908 2166 46 22 will
966 2166 128 27 constantly
1104 2166 128 21 endeavour
1242 2169 24 19 to

673 2193 26 21 fit
708 2194 71 26 youth
788 2194 35 21 for
832 2194 38 20 the
879 2193 102 22 business
991 2192 25 22 of
1026 2192 40 22 life
1074 2200 6 20 ;
1097 2192 45 22 and
1151 2195 22 19 to
1178 2193 91 21 furnish

674 2220 63 22 those
746 2220 109 22 intended
865 2221 35 21 for
908 2220 39 22 the
956 2220 98 22 learned:
1060 2220 136 27 professions
1213 2220 59 21 with

675 2247 37 21 the
727 2247 134 22 instruction
877 2250 144 25 preparatory
1038 2250 24 18 to
1080 2254 14 14 a
1106 2254 68 14 more-
1183 2247 84 27 profes-

675 2274 71 22 sional
763 2274 126 22 education.
923 2274 43 22 His
983 2274 48 21 first
1047 2274 75 27 object
1138 2274 46 21 will
1198 2274 29 21 be
1244 2277 24 18 to

676 2301 67 21 make
753 2301 62 21 them
832 2301 50 21 well
898 2300 135 28 acquainted
1048 2301 56 21 with
1119 2300 38 22 the
1173 2300 95 27 English

675 2327 124 28 language,,
814 2327 54 23 with
888 2328 30 22 its
938 2327 153 28 orthography
1109 2327 46 22 and
1178 2331 88 24 syntax,

677 2355 45 21 and
749 2355 54 21 with
830 2355 45 21 the-
894 2354 108 27 meaning
1026 2354 47 22 and
1099 2354 124 22 derivation
1244 2355 26 21 of

677 2381 78 23 words.
792 2381 44 23 For
851 2381 44 23 this
911 2389 101 20 purpose,
1035 2381 40 22 the
1091 2381 73 28 pupils
1180 2381 45 22 will
1239 2381 28 23 be

677 2408 132 28 questioned
817 2416 62 20 upon
889 2416 68 20 every
966 2408 65 27 thing
1046 2408 75 22 which
1137 2408 53 28 they
1205 2408 60 28 read,

676 2436 46 21 and
730 2435 105 28 required
844 2439 23 19 to
877 2439 57 18 state
943 2435 57 22 their
1014 2435 145 26 conceptions
1174 2435 26 21 of
1209 2435 20 21 it
1242 2435 31 22 in»

675 2463 58 21 their
744 2470 51 14 own
804 2463 118 27 language.
953 2462 21 22 A
983 2462 88 27 weekly
1085 2461 94 28 English
1192 2462 75 22 theme

675 2490 45 22 will
725 2490 28 21 be
761 2490 128 27 prescribed
894 2493 24 18 to
925 2489 38 22 the
970 2496 62 15 more
1039 2489 118 22 advanced
1162 2489 103 28 scholars,

674 2524 60 20 upon
745 2524 61 14 some
816 2517 89 31 subject
920 2517 26 21 in
957 2516 86 27 history
1059 2523 27 15 or
1100 2523 104 15 common
1219 2516 54 27 llf-i,,.

675 2550 23 15 as
708 2551 29 14 an
748 2544 99 22 exercise
856 2551 24 14 in
898 2543 155 27 composition.
1083 2543 95 27 English
1192 2550 75 21 gram-

674 2578 49 14 mar
731 2571 47 21 will
786 2570 28 22 be
825 2571 80 27 taught
913 2571 75 21 rather
996 2571 30 26 by
1037 2570 163 27 conversation,
1211 2570 55 22 than

673 2597 31 28 by
713 2598 141 27 committing
863 2597 60 22 rules
934 2601 23 18 to
965 2604 116 21 memory..
1104 2597 45 22 Mfc.
1156 2597 27 21 G,
1193 2597 74 22 would

674 2625 103 21 Gonsider
792 2625 93 21 himself
902 2632 24 14 aa
942 2627 40 19 not
1000 2624 70 27 doing
1089 2624 82 27 justice
1190 2627 22 19 to
1231 2624 35 22 his

673 2652 80 27 pupils,
764 2659 57 14 even
832 2655 22 18 to
864 2651 64 23 those
941 2651 49 22 who
1000 2651 90 22 confine
1100 2651 133 22 themselves
1243 2655 28 18 ta

673 2686 29 14 an
720 2679 108 27 ordinaiy
838 2678 96 27 English
945 2678 126 27 education,
1088 2678 21 22 if
1126 2677 36 33 he^
1172 2677 38 23 did
1225 2681 42 19 not

675 2705 129 23 endeavour
812 2706 82 27 during
904 2705 44 23 the*
952 2705 70 22 whole
1033 2712 79 15 course
1122 2708 23 18 to
1156 2705 84 28 impart
1254 2712 13 14 a

673 2732 132 28 knowledge
816 2733 26 21 of
853 2733 43 21 the-
908 2732 56 22 facts
979 2732 24 22 in
1017 2732 91 22 natural
1124 2731 141 28 philosophy,

674 2763 137 24 astronomy,
835 2759 127 28 chemistry,
987 2762 115 24 anatomy,
1127 2758 138 29 physiology,

675 2787 50 21 and,
729 2787 91 21 natural
828 2787 92 26 history,
933 2785 72 23 which
1015 2793 39 15 are
1063 2785 39 23 the
1117 2789 59 19 most
1192 2793 75 15 essen-

674 2813 39 21 tial
723 2816 23 19 to
756 2813 59 22 their
823 2813 103 28 physical
936 2813 50 22 well
994 2813 79 27 beingv
1086 2812 47 22 and
1141 2812 72 22 which
1222 2812 46 22 will

673 2848 75 40 Erove-
758 2848 14 14 a
786 2848 85 14 source*
924 2840 122 27 agreeable
1056 2839 99 28 thought
1170 2839 24 22 in
1211 2839 57 22 after

691 2867 28 21 fe.
756 2867 32 21 In
802 2867 105 27 teaching
923 2867 135 28 geography,
1079 2874 63 14 more
1157 2867 116 21 attention;

675 2893 44 22 will
727 2894 29 21 be
766 2893 53 32 paid
828 2896 23 19 to
861 2893 38 22 the
910 2893 90 28 animal,
1011 2893 103 28 mineral,
1124 2893 46 22 and
1178 2896 90 25 vegeta-

674 2919 37 23 ble
720 2918 105 29 products
835 2920 26 22 of
873 2920 56 22 each
939 2923 101 24 country,
1052 2920 47 22 and
1111 2924 32 18 to>
1150 2920 38 22 the
1203 2927 73 15 man-

675 2954 50 14 ners
736 2947 46 21 and
792 2950 96 18 customs
899 2946 26 22 of
935 2947 29 21 its
978 2947 146 28 inhabitants,
1141 2947 55 22 than
1206 2950 22 19 to
1239 2947 28 22 its

675 2973 146 28 topography.

699 2999 108 28 Writing,
818 2999 135 28 arithmetic,
962 3000 52 22 and.
1019 3000 157 22 mathematics
1185 3000 50 23 will-
1240 3001 28 21 be

675 3026 80 27 taught
771 3027 120 27 according
908 3030 25 18 to
948 3026 37 22 the
1000 3027 122 28 principles
1141 3027 72 22 which
1230 3035 38 14 ex-

675 3054 105 48 ferience
790 3053 135 28 hasproved
934 3056 23 19 to
965 3054 35 22 be'
1009 3053 39 23 the
1064 3057 60 19 most
1140 3054 127 22 successful,

690 3087 15 15 n
715 3081 38 21 the
770 3080 100 23 classical
886 3081 147 31 department,
1052 3080 74 23 while-
1134 3088 67 20 every
1216 3088 52 21 por-

675 3107 52 23 tion,
736 3107 27 22 of
765 3109 121 26 'grammar
899 3107 47 23 -will
957 3108 94 22 receive-
1062 3108 37 22 its*
1108 3107 44 23 due
1166 3107 64 22 share
1246 3108 28 21 of.

676 3135 118 27 attention,
805 3142 68 21 every
882 3142 79 14 means
970 3135 46 22 will
1026 3135 33 21 be
1066 3135 124 28 employed:
1194 3138 22 18 to
1226 3135 43 21 im-

675 3164 50 46 Sart
733 3164 29 19 to:
766 3161 44 22 the-
815 3161 72 28 pupils
898 3161 80 22 suchua
986 3161 136 28 knowledge
1131 3162 27 21 of
1167 3161 41 22 the-
1215 3169 54 14 con-

691 3191 38 19 uct
744 3189 27 21 of
788 3188 38 22 the
844 3191 65 24 great
928 3195 53 15 men
999 3188 27 22 of
1046 3189 119 27 antiquity,
1185 3189 26 21 of
1230 3188 39 22 the

676 3215 103 27 opinions
790 3215 26 22 of
826 3215 28 22 its
864 3215 161 28 philosophers,
1039 3215 48 22 and
1097 3215 25 22 of
1133 3214 38 23 the
1180 3215 88 22 routine

676 3243 27 20 of
719 3242 28 21 its
766 3242 106 28 ordinary
889 3242 47 27 life,
953 3249 23 14 as
993 3241 47 22 will
1056 3244 44 19 not
1115 3242 65 21 leave
1198 3242 69 27 them,

676 3269 66 22 when
750 3269 97 28 perhaps
856 3269 80 27 nearly
945 3269 30 21 all
984 3269 37 21 the
1032 3271 69 20 terms
1110 3269 27 21 of
1148 3269 37 22 the
1194 3269 76 22 Greek

676 3295 46 22 and
730 3295 69 22 Latin
807 3296 59 22 have
875 3295 70 22 faded
953 3295 57 22 from
1020 3295 59 22 their
1088 3296 125 22 memories.

704 3323 44 22 Mr.
760 3323 74 22 Grace
842 3323 20 22 is
872 3330 73 15 aware
962 3323 25 21 of
999 3323 37 21 the
1054 3323 110 27 difficulty
1178 3323 29 21 he
1225 3322 45 22 will

677 3352 124 19 encounter
817 3350 60 21 from
895 3349 40 22 the
954 3352 60 19 want
1032 3350 26 21 of
1080 3350 121 21 assistants.
1230 3349 38 22 He

676 3376 46 22 will
731 3377 128 22 endeavour
868 3380 23 19 to
900 3377 74 21 lessen
983 3377 43 21 this
1035 3377 26 21 in
1068 3377 95 21 thefi'rst
1168 3377 102 21 instance

676 3403 36 27 by-
717 3406 169 25 arrangement;
904 3403 46 22 and
959 3403 64 22 when
1033 3403 37 22 he*
1073 3410 43 15 can
1129 3410 94 21 procure
1232 3403 38 21 the

678 3429 37 22 aid
724 3430 26 21 of
761 3434 128 24 competent
898 3437 99 25 persons,
1007 3430 30 21 he
1047 3430 47 21 will
1110 3430 59 22 avail
1180 3429 93 22 himself

678 3456 27 21 of
714 3456 24 27 it,
757 3457 120 27 confining,
886 3457 95 22 himself
997 3460 22 19 to
1035 3464 15 15 a
1064 3457 92 27 general
1171 3457 100 26 superin-

678 3483 110 22 tendence
796 3484 25 21 of
831 3484 38 24 the
877 3484 176 27 establishment,
1061 3484 47 21 and
1117 3486 23 19 to
1147 3483 37 22 the
1192 3483 79 28 higher

678 3509 112 22 branches
801 3511 25 21 of
837 3511 127 22 education.

706 3536 24 21 A
739 3537 65 21 small
812 3538 89 26 portion
912 3537 27 22 of
950 3537 36 22 the
996 3537 121 28 scriptures
1126 3537 46 22 will
1179 3537 28 21 be
1214 3535 57 23 read

680 3561 66 29 daily,,
753 3570 65 21 upon,
822 3564 74 21 which
903 3563 38 23 the
948 3564 99 22 students
1054 3564 47 21 will
1106 3564 28 21 be
1143 3563 125 27 examined,

680 3588 48 22 and
740 3596 62 21 upon
821 3590 99 28 Sunday,
940 3591 38 21 the
995 3591 75 33 pupils
1088 3591 75 21 whose
1179 3592 91 26 parents

680 3615 54 21 wish
743 3615 24 28 it,
779 3616 48 22 will
832 3617 34 21 be-
871 3617 117 22 convened
999 3618 78 21 before
1093 3617 74 22 divine
1176 3617 92 26 service,

679 3641 35 21 for
724 3641 37 23 the
778 3650 101 26 purpose-
887 3644 27 21 of
926 3644 116 27 repeating
1058 3644 46 21 the-
1112 3643 84 22 church
1211 3646 60 19 cate-

680 3667 70 23 chism
761 3669 45 21 and
814 3669 44 22 the-
863 3670 80 22 collect
952 3671 33 21 for
995 3671 38 22 the
1043 3671 53 27 day.

707 3695 21 21 A
738 3695 90 27 printed
837 3704 57 20 copy
953 3698 43 21 Mr.
1015 3697 93 22 Grace's
1124 3695 146 24 testimonials

679 3728 53 20 may
746 3722 29 21 be
790 3730 52 14 seen
858 3726 24 19 at
895 3724 43 21 the-
952 3724 62 22 office
1031 3725 26 21 of
1072 3724 44 21 this
1127 3730 75 27 paper.
1232 3722 38 22 He

679 3747 41 22 has
728 3748 71 22 much
807 3749 102 27 pleasure
924 3751 29 21 iit
962 3751 143 27 mentioning
1120 3749 50 23 that
1184 3749 29 22 he
1229 3749 41 21 has

679 3774 77 22 shown
767 3775 93 23 thenrto
870 3777 42 21 Dr.
922 3777 82 28 Evans,
1020 3777 52 22 who
1085 3776 119 29 expressed
1212 3775 58 22 him-

679 3801 45 21 self
734 3801 105 28 satisfied,
856 3803 60 22 from
929 3803 35 22 his
978 3803 132 27 knowledge
1128 3803 26 22 of
1169 3809 62 16 some
1247 3802 26 22 of

678 3827 38 22 the
726 3828 130 27 gentlemen
866 3829 51 23 who
926 3830 57 22 have
992 3829 118 23 furnished
1119 3829 67 22 them.

889 3884 166 25 WANTED,

679 3917 164 49 SEVERAL
868 3907 153 37 SA-Wi|RS.
1059 3917 79 28 Apply
1153 3920 22 19 to
1190 3916 26 23 T.
1234 3916 34 23 M.

744 3944 138 22 Partridge-
888 3944 47 24 and
945 3945 39 28 Cp;
981 3942 4 19 ;
993 3942 14 25 X

703 3978 66 28 April
780 3980 32 26 11,
825 3980 25 22 IS
855 3981 30 20 10.
961 3970 29 37 \
1000 3988 24 25 (^

1324 419 240 23 COMMERCIAL
1578 421 67 21 INN
1660 421 21 21 &
1696 421 160 26 TAVERN,

1292 459 91 48 MR.
1394 459 36 23 W.
1440 461 125 22 ELSDON
1571 461 55 28 begs
1631 464 22 19 to
1661 461 82 22 inform
1750 461 36 22 his
1794 461 87 22 friends

1364 487 46 22 and
1415 487 39 22 the
1461 487 82 28 public,
1550 488 49 22 that
1604 488 38 22 the
1649 488 70 22 above
1726 488 69 22 house
1802 488 20 21 is
1829 496 52 13 now

1291 519 64 21 open,
1367 514 45 22 and
1417 515 82 26 parties
1504 515 103 27 favoring
1612 515 49 22 him
1665 515 54 22 with
1726 515 59 21 their
1788 518 93 25 patron-

1291 546 41 20 age
1348 539 46 23 will
1412 541 52 22 find,
1479 548 69 21 every
1564 541 195 22 accommodation;
1771 541 37 22 for
1821 541 61 22 their

1292 567 100 27 comfort,
1401 567 95 28 coupled
1505 568 54 22 with
1569 569 139 21 moderation
1717 569 24 21 in
1752 568 101 27 charges.

1414 602 84 27 spirits,
1506 602 46 21 and
1560 602 88 22 bottled-
1658 602 36 22 ale
1709 602 46 22 and
1768 605 77 25 porter
1859 602 30 22 of

1294 627 112 22 excellent
1414 628 94 28 quality.

1320 661 54 22 Cold
1385 663 71 26 joints
1465 663 83 27 always
1562 662 80 28 ready;
1664 662 46 23 and
1724 670 30 14 an
1769 661 113 28 Ordinary

1294 687 58 28 daily
1362 692 25 18 at
1395 689 51 27 five,
1456 696 54 21 p.m.

1320 721 124 23 Harmonic
1453 723 111 28 meetings
1580 730 66 21 every
1656 722 110 28 Saturday
1776 723 105 27 evening.

1293 776 66 22 THE.
1378 778 90 22 FIRST
1490 779 83 21 SHOP
1595 778 129 22 OPENED
1745 777 36 23 IN
1801 777 83 23 PORT

1491 805 191 23 NICHOLSON.

1287 840 7 40 £
1334 846 57 22 The
1406 846 145 22 Britannia
1566 847 83 21 Hotel
1665 848 56 20 and
1737 847 100 21 Stores.

1287 887 42 22 IT
1362 887 113 23 PIERCE
1490 889 56 26 begs
1562 892 24 18 to
1601 889 83 21 inform
1698 888 35 22 his
1743 888 85 22 friends
1838 887 46 22 and

1287 910 33 25 »J
1333 925 9 11 •
1359 913 40 23 the
1407 915 83 28 public,
1501 915 50 21 that
1559 915 35 22 his
1602 916 73 21 Stores
1684 922 37 15 are
1728 922 52 14 now
1788 915 94 28 opened,

1346 941 49 22 that
1403 943 31 26 by
1444 943 111 21 attention
1564 942 45 22 and
1624 942 109 27 diligence
1742 942 29 22 he
1781 941 70 28 hopes
1860 945 24 19 to

1293 969 65 21 merit
1367 969 58 21 their
1434 972 130 25 patronage.

1320 1002 21 22 J.
1352 1002 86 23 Pierce
1447 1004 56 27 begs
1512 1007 23 18 to
1546 1003 84 23 submit
1641 1003 38 22 the
1689 1003 116 27 following
1813 1002 40 22 list
1861 1003 27 21 of

1294 1029 68 27 goods
1369 1037 5 14 :
1376 1042 32 4 —

1322 1064 117 22 Groceries
1449 1064 26 22 of
1486 1064 31 21 all
1526 1064 78 22 kinds-

1322 1091 78 27 Bread,
1410 1091 65 27 flour,
1486 1092 46 21 and
1540 1091 89 22 biscuit.

1322 1118 83 28 Spirits,
1422 1118 76 28 wines,
1516 1118 35 22 ale
1570 1118 46 22 and
1630 1121 82 25 porter,
1728 1118 25 21 in
1770 1118 54 21 cask
1839 1118 47 22 and

1294 1144 75 23 bottle.

1321 1171 61 23 York
1388 1173 46 22 and
1439 1172 141 28 Westphalia
1585 1172 71 27 hams,
1664 1172 24 21 in
1696 1171 59 28 good
1762 1172 123 23 condition.

1322 1198 174 29 Haberdashery
1506 1199 25 22 of
1543 1199 30 22 all
1582 1199 73 22 kinds.

1322 1225 163 29 Ironmongery
1494 1226 47 22 and
1550 1226 92 27 cutlery.

1322 1253 63 22 Nails
1394 1254 71 22 direct
1474 1254 58 21 from
1542 1253 38 22 tlxe
1590 1252 117 23 Britannia
1715 1252 80 23 works.

1322 1287 20 22 J.
1358 1287 87 23 Pierce
1458 1287 71 28 hopes
1538 1286 50 22 that
1597 1287 37 21 the
1649 1287 142 27 competitive
1801 1289 85 25 system

1295 1313 27 22 of
1331 1314 92 28 puffing,
1435 1322 24 14 so
1469 1314 69 22 much
1548 1313 112 35 practised
1667 1314 24 21 in
1701 1313 39 22 the
1755 1313 37 23 old
1807 1314 77 27 world,

1295 1341 45 22 will
1354 1349 69 14 never
1439 1341 29 22 be
1483 1341 134 22 introduced
1632 1341 24 21 in
1672 1341 45 21 this
1733 1341 87 27 Colony
1828 1349 6 19 ;
1856 1341 30 22 he

1295 1367 109 23 therefore
1413 1368 94 22 refrains
1517 1368 58 22 from
1587 1367 146 28 introducing,
1743 1368 80 27 prices,
1840 1368 47 22 and

1294 1395 84 28 merely
1387 1396 88 22 invites,
1480 1402 13 15 a
1503 1395 62 22 trial-
1848 1404 3 5 >
1875 1413 5 4 .

1322 1429 53 22 Port
1385 1430 130 26 Nicholson,
1527 1429 67 28 April
1602 1430 33 26 13,
1647 1430 62 21 1840.

1294 1488 91 20 PORT
1403 1487 201 22 NICHOLSON
1623 1487 158 25 TAVERN,
1799 1487 87 20 EAT-

1326 1515 64 21 ING
1404 1515 123 25 HOUSE,
1543 1515 21 20 &
1580 1514 130 21 COEFEE
1725 1514 129 20 ROOMS.

1295 1557 36 48 J
1357 1555 108 23 ALLEN
1482 1556 55 26 begs
1552 1558 24 18 to
1590 1554 83 22 inform
1689 1553 35 23 his
1739 1553 86 22 friends
1841 1553 46 22 and

1334 1593 14 12 *
1375 1583 38 21 the
1423 1582 86 29 public,,
1522 1582 49 22 that
1580 1581 32 22 he
1618 1581 42 22 has
1670 1581 87 26 opened
1766 1581 38 21 the
1814 1581 73 21 above

1295 1610 75 27 house,
1381 1613 56 19 next
1447 1609 55 22 door
1511 1612 27 19 to-
1545 1609 49 22 Mr-
1605 1608 23 22 J.
1642 1603 99 32 TelfVrd,
1757 1607 45 22 and
1815 1607 73 28 hopes

1295 1638 31 27 by
1334 1637 63 22 strict
1405 1637 111 21 attention
1526 1639 23 19 to
1559 1639 60 19 meet
1631 1635 55 21 with
1696 1642 12 14 a
1718 1634 65 22 share
1794 1634 26 22 of
1830 1635 58 27 pub-

1294 1665 31 21 lic
1333 1667 131 25 patronage.

1324 1699 26 21 In
1361 1699 127 21 connexion
1498 1698 55 22 with
1562 1697 38 22 the
1610 1698 78 26 above,
1705 1696 22 23 J.
1738 1697 30 22 A.
1783 1696 42 23 has
1839 1696 49 23 also

1297 1726 86 28 opened
1392 1726 35 21 his
1436 1726 132 21 Butcher's
1582 1726 60 20 Shop
1656 1724 47 22 and
1709 1724 119 21 -Grocery
1842 1724 47 21 and

1297 1753 124 22 Provision
1436 1752 158 27 Warehouse,
1609 1752 74 21 where
1699 1750 39 23 the
1752 1750 76 28 public
1845 1758 43 15 can

1296 1781 32 21 be
1340 1779 102 28 supplied
1456 1779 54 22 with
1525 1782 62 19 meat
1605 1778 46 22 and
1665 1778 31 22 all
1712 1778 68 21 kinds
1794 1778 27 21 of
1835 1785 53 21 pro-

1298 1807 89 23 visions.

1299 1862 230 21 CALEDONIAN
1545 1861 149 21 TAVERN
1712 1861 21 19 &
1748 1860 140 24 STORES,

1455 1889 48 20 ON
1517 1888 72 20 THE
1603 1887 127 21 BEACH.

1300 1926 90 50 MR.
1406 1924 125 23 HARVIE
1544 1924 55 27 begs
1614 1926 23 19 to
1653 1923 84 22 inform
1753 1922 35 22 his
1802 1921 87 23 friends

1390 1953 46 22 and
1444 1952 38 22 the
1489 1951 78 29 public
1576 1952 23 20 in
1609 1950 98 28 general,
1715 1950 49 21 that
1771 1950 38 21 the
1816 1950 72 21 above

1299 1980 77 22 House
1387 1980 46 21 and
1441 1980 75 20 Stores
1525 1985 38 15 are
1576 1985 51 14 now
1642 1984 66 20 open,
1726 1976 45 21 and
1787 1976 49 21 that
1851 1975 38 22 the

1298 2006 114 26 i&y^wing
1420 2005 69 27 goods
1499 2011 39 15 are
1547 2004 38 21 for
1591 2003 52 27 sale,
1651 2010 31 15 on
1690 2004 38 20 the
1733 2006 158 22 most^eason-

1298 2025 49 28 aote
1356 2035 69 18 terms
1432 2039 5 14 :
1439 2043 32 4 —

1326 2065 81 21 Choice
1415 2065 69 21 wines
1493 2063 46 22 and
1548 2063 81 28 spirits.

1326 2091 95 23 Elliott's
1430 2091 99 28 superior
1538 2089 87 23 bottled
1638 2088 46 23 and
1693 2088 96 27 draught
1798 2088 36 22 ale
1844 2088 46 22 and

1298 2122 66 18 stout.

1326 2145 122 27 Groceries,
1460 2145 78 28 spices,
1550 2144 91 22 &c&c.

1326 2173 104 27 Superior
1438 2172 51 27 rice,
1500 2170 142 28 remarkably
1652 2169 77 28 cheap.

1326 2199 94 22 BlocKs-
1442 2199 43 27 Pit,
1496 2201 117 24 cross-cut,
1621 2197 68 27 hand)
1698 2196 45 22 and
1752 2199 65 19 tenor
1825 2203 63 15 saws.

1326 2227 80 21 Braces
1416 2227 46 21 and
1469 2226 52 27 bits,
1531 2225 69 28 ship's
1609 2232 105 19 scrapers,
1723 2223 93 23 mortice
1827 2231 61 19 axes,

1298 2253 75 28 frying
1390 2261 64 24 pans,
1474 2253 98 26 scissors,
1592 2251 85 28 knives,
1697 2258 83 19 razors,
1798 2250 92 28 powder

1298 2280 73 28 flasks,
1383 2281 74 27 slates,
1467 2279 53 22 lead
1530 2279 51 22 and.
1592 2279 56 21 slate
1663 2278 95 28 pencils,
1771 2277 56 22 steel
1844 2277 46 22 and

1298 2307 61 22 brass
1368 2315 66 20 pens,
1443 2307 46 22 and
1498 2314 14 14 a
1519 2309 63 25 great
1588 2305 87 27 variety
1685 2305 26 22 of
1720 2305 169 27 ironmongery.

1326 2334 96 28 Regatta
1439 2334 75 22 white-
1532 2333 51 22 ami
1602 2332 87 28 striped,
1711 2332 74 27 shirts-,
1808 2332 80 27 prints,

1298 2361 72 22 linens
1381 2362 46 21 and
1436 2361 102 22 calicoes;

1326 2388 76 28 Cloth,,
1419 2396 56 20 pea,,
1487 2388 93 26 fustian,
1600 2386 46 23 and
1663 2385 54 23 cord
1736 2385 89 28 jackets
1844 2385 47 22 and

1299 2418 103 19 trousers.

1326 2442 68 23 Dress
1405 2446 74 23 coats,,
1483 2442 126 22 waistcoats
1618 2440 46 22 and
1672 2442 104 25 trousers,
1787 2439 81 22 stocks.

1326 2469 92 22 Ladiesr
1432 2470 64 21 boots
1515 2468 47 23 and
1587 2468 70 27 shoes,
1677 2467 150 28 gentlemen's
1846 2466 45 22 and

1299 2496 119 22 children's
1429 2496 63 22 ditto.

1326 2524 84 21 Candle
1429 2523 46 22 and
1491 2523 63 27 lamp
1573 2525 83 24 cotton,
1675 2521 112 26 webbing,
1808 2519 46 22 and
1877 2528 14 14 a

1297 2551 97 26 general
1399 2553 134 20 assortment
1547 2549 26 22 of
1583 2549 63 22 other
1655 2548 77 27 goods,
1750 2547 98 28 adapted
1856 2547 35 22 for

1298 2585 17 14 a.
1326 2585 77 20 young
1420 2578 86 26 Colony
1514 2585 6 19 ;
1542 2576 54 28 also,
1617 2583 14 14 a
1648 2582 104 15 canteen
1771 2574 117 28 complete,

1298 2604 132 28 containing,
1451 2611 68 21 every
1543 2602 105 29 requisite
1671 2602 36 22 for
1724 2609 30 14 an
1773 2601 118 27 exploring

1298 2632 135 27 expedition.

1324 2665 148 28 Beach>.Port
1481 2664 131 27 Nicholson,
1623 2664 56 27 May
1689 2665 34 26 16,
1735 2664 60 21 1840.
1872 2669 17 14 m

1446 2721 64 21 MR.
1531 2721 30 21 T.
1580 2719 156 22 ROSKELL

1300 2755 139 49 BEGS'to
1444 2755 83 22 inform
1533 2754 40 22 the
1578 2754 82 28 public,
1667 2753 49 22 that
1720 2753 29 22 he
1755 2752 40 23 has
1802 2752 89 28 opened

1374 2790 15 14 a
1404 2783 64 21 Store
1484 2785 24 19 at
1522 2782 38 21 the
1577 2784 55 19 west
1647 2780 46 22 end
1708 2780 27 21 of
1750 2780 38 21 the
1803 2778 85 28 Beach,

1299 2809 72 22 where
1381 2809 29 22 he
1421 2809 65 22 offers
1503 2809 35 21 for
1554 2808 53 27 sale}
1625 2810 23 19 at
1662 2806 131 23 reasonable
1809 2806 86 28 prices,,

1299 2836 37 21 the
1344 2836 210 22 undermentioned,
1559 2834 108 23 articles:.
1681 2846 4 3 •

1326 2870 87 27 Spirits,
1427 2869 129 27 (wholesale
1566 2868 137 26 and-retaiL)

1326 2894 52 29 Tfea,
1386 2897 76 27 coffee,
1470 2903 72 21 sugar,
1550 2896 99 26 tobacco,
1656 2891 130 31 anclcigars,
1796 2893 92 28 (retail.)

1326 2923 82 23 Prime'
1415 2931 52 14 rose
1482 2922 60 23 Cork
1554 2923 82 27 butter,
1654 2922 87 27 cheese;
1757 2921 79 28 hams*,
1844 2917 47 25 and

1299 2950 61 28 pork.

1327 2976 68 23 Flour
1404 2977 45 22 and
1457 2976 90 23 biscuit.

1326 3004 106 27 Vinegar,
1443 3011 78 15 sauces
1522 3020 5 16 ?
1538 3003 107 27 mustard,
1656 3002 92 28 pickles,
1760 3003 48 20 &Ci-

1327 3030 58 28 Soap
1385 3032 6 11 :
1391 3039 6 19 ;
1414 3038 80 20 sperm,
1506 3030 45 28 dip,
1562 3030 46 21 and
1617 3029 77 22 mould
1701 3029 98 22 candles.
1804 3045 4 3 .

1326 3057 74 28 Lamp
1407 3057 46 22 and
1461 3057 88 22 linseed
1557 3056 37 28 oil,
1605 3056 46 21 and
1659 3056 82 27 paints.

1326 3084 88 26 Prints,.,
1418 3084 83 21 fiistian
1510 3086 110 23 trowsers,
1631 3082 110 27 blankets,
1752 3082 47 21 &c

1326 3112 23 21 A
1356 3111 87 27 variety
1453 3110 27 21 of
1489 3110 122 26 hardware,
1623 3109 45 22 and
1674 3108 101 28 superior
1782 3107 108 23 Sheffield

1301 3138 93 26 cutlery.

1326 3166 26 21 A-
1366 3163 105 29 quantity
1488 3163 28 22 of
1533 3162 93 28 mangel
1642 3161 83 24 wurzel
1743 3161 46 22 and
1804 3161 86 28 garden

1301 3192 75 22 seeds..

1505 3225 57 14 ALSO
1577 3224 30 15 ON
1623 3223 62 21 SALE,

1326 3253 21 21 A
1357 3252 66 22 small
1434 3254 48 20 cart
1489 3251 56 23 with
1552 3251 100 27 harness,
1665 3250 46 22 and
1720 3257 15 15 a
1743 3251 54 26 tent,
1809 3248 82 23 twelve

1301 3280 43 22 feet
1352 3279 32 28 by
1394 3279 69 28 eight.

1477 3313 14 15 A
1510 3313 61 15 BOAT-
1588 3312 44 15 FOR
1649 3311 66 15 HIRE.

1301 3340 42 23 No.
1353 3342 21 25 3,
1385 3343 55 19 west
1449 3340 45 22 end
1504 3340 25 21 of
1541 3339 37 22 the
1588 3338 89 28 Beach,.

1328 3367 53 22 Port
1399 3367 132 27 Nicholson,
1551 3366 57 28 May
1626 3366 45 26 7th,
1675 3384 15 12 rf
1692 3366 62 21 TB4D»

1303 3424 91 48 CJ.
1406 3424 99 22 STONE
1514 3424 55 26 begs
1579 3426 22 18 to
1611 3423 83 21 inform
1703 3422 38 22 the
1751 3421 83 29 public,
1842 3421 51 22 that

1348 3462 17 10 «•
1390 3451 35 22 his
1435 3458 50 14 new
1495 3451 64 21 Store
1568 3450 19 22 is
1596 3457 51 15 now
1657 3457 58 24 open
1724 3450 36 21 for
1769 3448 38 22 the
1815 3448 45 22 sale
1868 3448 27 22 of

1303 3478 169 28 Ironmongery^
1487 3477 131 27 Hardware,
1634 3474 97 30 Cutlery,
1746 3477 40 20 &c.
1815 3476 22 21 A
1855 3475 38 22 list

1301 3505 26 22 of
1337 3512 13 14 a
1359 3505 44 22 few
1412 3504 89 22 articles
1510 3505 24 21 in
1543 3504 63 22 stock
1614 3504 19 21 is
1642 3502 119 28 appended
1768 3510 5 14 :

1329 3538 80 28 Locks,
1418 3538 87 27 hinges,
1517 3537 64 27 nails,
1592 3544 85 20 screws,
1689 3536 46 22 and
1743 3535 73 23 brads.

1329 3566 142 27 Carpenter's
1480 3564 65 23 tools.

1329 3591 101 29 Iron^tea
1437 3592 82 22 kettles
1527 3591 47 22 and
1583 3598 129 20 saucepans.

1329 3618 132 23 Percussion
1471 3618 46 22 and
1525 3618 52 21 flint
1585 3624 64 20 guns.

1329 3645 56 22 Shot
1393 3646 58 21 belts
1461 3645 46 22 and
1515 3644 91 29 powder
1614 3643 75 22 flasks.

1329 3672 53 22 Gun
1392 3672 94 28 nipples,
1497 3671 108 27 ramrods,
1614 3670 45 22 and
1668 3669 105 28 Wadding
1781 3669 108 33 punches.

1330 3699 150 27 Gunpowder,
1491 3699 57 26 shot,
1559 3698 69 26 flints,
1639 3697 46 22 and
1693 3704 128 25 percussion
1832 3704 59 20 caps.

1328 3725 104 23 Window
1447 3726 66 27 glass,
1529 3725 68 22 white
1613 3724 58 27 lead,
1688 3723 88 23 linseed
1791 3723 37 27 oil,
1848 3723 45 22 and

1301 3752 130 28 whitening.

1329 3779 56 22 Blue
1395 3780 45 21 and
1449 3779 40 22 red
1498 3778 84 23 twilled
1591 3785 62 20 serge
1663 3777 80 22 shirts-

1329 3806 94 27 Pickles,
1434 3806 47 26 ink,
1490 3805 114 26 blacking,
1615 3803 113 28 crockery,
1740 3804 40 21 &c.
1790 3804 41 21 &c.

1329 3833 91 22 Timber
1429 3833 26 21 of
1467 3832 29 22 all
1505 3831 68 23 kinds
1582 3838 29 15 on
1621 3830 52 27 sale,
1688 3829 45 23 and
1743 3829 120 28 delivered,
1874 3829 22 23 if

1303 3859 109 29 required.

1330 3894 54 22 Port
1392 3892 132 27 Nicholson,
1534 3892 58 27 May
1601 3893 33 20 22.

1303 3949 183 52 WANTED,
1508 3957 14 15 a
1543 3949 95 23 number
1661 3949 26 22 of
1706 3949 185 30 Brick-ma/ers.

1399 3977 76 28 Apply
1486 3979 22 20 at
1518 3977 37 22 the
1726 3972 103 26 Office./

1966 420 101 22 BANK
2081 422 43 20 OF
2138 422 91 21 PORT
2243 423 207 22 NICHOLSON.

1913 454 140 22 CAPITAL.
2064 455 103 27 j£50.000,
2187 456 36 21 IN
2240 457 64 21 2.500
2321 456 121 23 SHARES
2460 457 38 23 OF

2127 482 47 22 £20
2189 482 98 27 EACH;

1912 515 36 21 To
1954 514 29 23 be
1992 515 118 22 increased
2120 518 23 19 at
2152 515 38 22 the
2199 516 120 22 discretion
2333 516 27 24 of
2370 516 39 23 the
2424 518 77 22 Direc-

1941 545 56 24 tors,
2001 541 31 28 by
2041 541 38 22 the
2088 543 59 21 issue
2158 543 26 21 of
2193 543 84 22 £1.000
2284 543 122 22 additional
2414 544 91 28 Shares,,

1941 571 23 19 to
1973 569 29 22 be
2011 569 49 21 sold
2069 569 35 22 for
2113 569 37 22 the
2161 569 84 22 benefit
2254 570 27 22 of
2290 570 37 22 the
2337 570 73 22 Bank.

1947 623 54 24 The
2000 632 3 6 1
2011 623 141 32 advantage*
2159 624 115 32 produced
2284 625 32 31 by
2324 633 14 15 a
2343 624 75 25 Local
2425 626 77 30 Bank*

1912 656 57 24 both
1990 664 25 16 as
2034 665 14 15 a
2069 657 118 32 profitable
2209 659 138 23 investment
2365 659 26 23 of
2411 660 95 31 capital,.
2516 662 7 4 '

1913 690 47 23 and
1978 698 24 15 as
2020 698 15 15 a
2051 698 80 16 means
2156 691 25 24 of
2201 691 195 24 accommodation
2417 696 24 20 to
2463 692 39 24 the

1914 724 148 30 community,
2072 732 38 15 are
2122 728 37 20 too
2170 724 203 24 wellTestablished
2379 729 24 19 to
2414 727 95 30 require-

1913 764 46 24 any
1978 762 113 19 comment
2109 762 24 19 aft
2154 762 102 27 present.
2291 757 75 24 There
2389 759 21 23 is
2432 763 39 20 not
2489 767 15 16 a

1913 790 74 31 single
1999 790 89 24 British
2101 790 88 32 Colony
2201 791 26 24 of
2236 799 45 23 any
2288 792 140 31 importance
2434 792 73 24 with-

1912 828 42 19 out
1965 828 24 19 at
1999 823 57 24 least
2069 831 43 16 one
2123 824 57 23 such
2191 824 77 30 Bank,
2287 825 48 23 and
2342 825 28 23 in.
2386 833 67 23 every
2465 826 37 23 in-

1913 861 78 19 stance
2002 857 66 23 these
2079 857 141 24 institutions
2229 866 38 15 arc
2274 866 30 15 no
2314 858 45 24 less
2370 866 18 16 a
2392 866 79 17 source
2479 859 26 23 of

1912 890 70 31 profit
1993 894 22 19 to
2028 890 39 23 the
2079 889 167 25 Shareholders
2262 891 55 24 than
2335 891 26 23 of
2376 892 86 23 benefit
2478 897 25 18 to
2503 900 4 7 1

1914 923 38 23 the
1972 924 149 29 community.
2162 924 30 23 In
2208 924 55 29 fact,
2279 924 66 24 wliile
2364 925 39 23 the
2422 925 81 23 Banks

1914 957 76 23 which
2011 957 58 23 have
2095 957 62 23 been-
2181 957 138 24 established
2343 958 33 32 by
2404 958 113 32 Englishr

1915 990 84 31 capital
2009 991 25 22 in
2044 990 40 23 the
2095 990 161 24 Australasian
2269 991 107 24 Colonies
2395 991 74 24 divide
2481 996 24 19 at

1914 1023 40 24 the
1965 1028 86 19 utmost
2061 1023 61 24 from
2134 1024 15 25 7
2161 1028 22 19 to
2198 1026 31 22 10
2241 1032 42 24 per
2294 1028 68 26 cent.,
2380 1024 40 24 the
2437 1025 68 31 profit

1915 1056 27 24 of
1955 1057 39 23 the
2006 1056 73 24 Local
2089 1056 82 24 Banks
2187 1066 97 23 average
2300 1058 59 24 from
2380 1060 31 22 15
2430 1062 23 20 to
2471 1060 33 22 20

1914 1098 42 22 per
1969 1094 58 19 cent.
2064 1089 60 24 This
2135 1089 120 25 difference
2267 1092 20 22 is
2299 1091 71 31 easily
2382 1091 125 24 accounted

1915 1123 35 23 for
1960 1131 6 15 :
1992 1131 67 23 every
2079 1123 123 23 individual
2220 1125 26 22 in
2263 1132 14 16 a
2291 1124 89 31 Colony
2390 1125 115 30 naturally

1915 1156 88 30 prefers
2025 1164 14 15 a
2060 1155 70 24 Bank
2149 1157 53 23 with
2223 1157 77 24 whose
2317 1158 127 30 Managers
2462 1158 45 23 and

1917 1190 145 31 Proprietors
2074 1190 29 22 he
2122 1190 20 22 is
2161 1191 141 28 acquainted,
2322 1191 49 23 and.
2382 1191 33 23 In.
2432 1190 77 24 which,

1915 1222 30 24 he
1957 1223 95 23 himself
2067 1231 53 22 may
2131 1223 57 23 have
2200 1231 14 15 a
2225 1223 74 24 direct
2311 1225 103 27 interest,
2427 1228 23 19 to
2462 1232 48 15 one-

1917 1256 128 24 conducted
2053 1256 32 31 by.
2102 1261 124 26 strangers.
2263 1257 30 23 In
2307 1257 65 23 order
2386 1261 24 19 to
2428 1265 84 15 secure-

1916 1294 24 19 to
1952 1289 40 24 the
2002 1290 114 31 proposed
2129 1289 68 24 Bank
2216 1290 47 23 this
2281 1291 127 31 advantage
2425 1291 26 23 in
2467 1291 46 23 the-

1915 1322 80 24 fullest
2007 1323 89 31 degree,
2114 1323 39 23 the
2164 1323 79 23 shares
2253 1324 59 23 have
2328 1324 61 23 been
2405 1324 62 23 fixed
2483 1328 29 19 afc

1917 1356 58 23 such
1986 1364 29 15 an
2027 1360 101 25 amount,
2141 1364 25 15 as
2178 1360 23 19 to
2213 1357 66 23 allow
2290 1365 44 23 any
2347 1357 122 31 Capitalist
2481 1358 26 23 in

1915 1390 39 23 the
1971 1390 88 31 Colony
2070 1393 23 20 to
2104 1390 94 23 become
2209 1398 15 15 a
2231 1390 161 24 Shareholder.
2428 1390 79 31 Every,

1917 1431 51 20 one,
1980 1423 120 29 therefore,
2119 1423 48 23 will
2183 1423 60 24 have
2260 1432 29 15 an
2306 1425 96 22 interest
2424 1425 25 22 in
2466 1423 39 24 the

1915 1457 129 30 prosperity
2054 1456 49 24 and.
2110 1456 102 31 stability
2223 1457 26 23 of
2264 1457 38 23 the
2314 1456 76 30 Bank,
2404 1457 46 23 and
2460 1457 47 23 will

1915 1490 53 30 give
1980 1491 19 22 it
2009 1498 14 15 a
2033 1490 132 31 preference
2175 1490 57 23 both
2249 1491 25 22 in
2291 1490 101 31 making,
2406 1490 110 32 deposits-

1917 1523 46 23 and
1975 1524 136 30 circulating,
2119 1524 35 22 its-
2161 1527 73 20 notes.

1951 1557 52 23 The
2015 1557 92 31 Capital
2118 1557 25 23 of
2157 1557 39 22 the
2208 1557 69 23 Bank
2288 1557 48 23 has-
2340 1557 67 22 been,
2411 1557 66 23 fixed'
2484 1561 40 28 at>^

1917 1590 124 29 £50.000)
2054 1599 15 14 a
2079 1598 52 16 sum
2141 1590 109 23 which.it.
2256 1590 21 23 is
2289 1590 108 24 assumed
2413 1590 47 23 will
2476 1590 37 23 be?

1917 1624 115 23 sufficient
2049 1623 36 24 for
2102 1623 40 24 the
2152 1628 94 26 present
2255 1628 71 19 wants
2345 1623 26 24 of
2386 1623 39 24 the
2444 1631 68 16 com'--

1917 1658 98 30 munity.
2052 1656 59 24 This
2124 1656 90 32 Capital
2225 1665 51 21 can,
2294 1656 112 30 however,
2425 1657 29 23 be
2469 1658 38 22 in-

1918 1690 93 24 creased
2024 1695 24 18 at
2058 1690 39 23 the
2109 1690 122 23 discretion
2243 1690 26 23 of
2282 1690 39 23 the
2334 1689 128 30 Directors,
2476 1690 33 30 by

1918 1724 39 23 the
1968 1725 62 22 issue
2047 1724 27 23 of
2089 1726 74 21 1.000
2183 1723 122 23 additional
2324 1723 94 29 Shares,
2438 1727 22 19 to
2477 1723 30 23 be

1919 1757 107 31 disposed
2048 1757 26 24 of
2098 1757 36 23 for
2157 1756 37 24 the
2216 1757 86 23 benefit
2319 1757 26 23 of
2364 1757 39 23 the
2422 1757 92 23 Share-

1917 1790 92 24 holders
2018 1800 7 19 ;
2045 1790 45 24 and
2100 1791 19 22 it
2131 1791 22 22 is
2169 1790 115 31 proposed
2297 1790 48 24 that
2356 1790 40 23 the
2408 1790 66 24 Deed
2486 1790 27 23 o£

1919 1824 137 24 Settlement
2068 1824 59 23 shall
2139 1824 90 23 contain
2241 1831 14 15 a
2265 1824 123 30 provision,
2406 1823 103 24 authori-

1919 1858 52 30 sing
1982 1858 38 22 the
2031 1857 108 31 majority
2150 1857 25 23 of
2189 1857 39 23 the
2248 1856 164 24 Shareholders
2430 1861 23 19 to
2471 1858 38 22 in-

1919 1899 77 15 crease
2014 1891 39 23 the
2073 1891 90 30 Capital
2176 1894 23 19 to
2211 1890 58 23 such
2279 1890 89 23 further
2378 1894 95 20 amount
2484 1898 26 15 as

1919 1933 54 22 may
1983 1925 25 22 in
2018 1924 60 23 their
2089 1924 94 31 opinion
2192 1924 31 22 be
2236 1924 104 31 justified
2356 1924 33 31 by
2401 1923 39 24 the
2451 1931 57 24 aug-

1919 1957 92 24 mented
2022 1957 109 24 demands
2143 1957 25 24 of
2182 1956 40 24 the
2234 1957 95 31 Colony.

1954 1991 51 23 The
2015 1991 109 23 business
2135 1991 26 22 of
2175 1990 38 23 the
2225 1990 79 23 Bank.
2308 1990 47 23 will
2372 1990 30 23 be
2422 1990 88 30 strictly

1920 2023 51 23 that
1989 2023 24 23 of
2035 2031 14 14 a
2071 2023 70 23 Bank
2159 2023 25 22 of
2205 2023 116 23 Discount
2338 2023 46 22 and

1921 2056 51 23 The
1983 2059 48 20 rate
2043 2055 27 23 of
2082 2054 105 24 discount
2197 2060 24 18 to
2232 2055 29 23 be
2275 2057 31 22 10
2316 2063 40 23 per
2368 2060 61 19 cent.
2439 2064 7 20 ;
2464 2055 46 24 and

1922 2091 13 22 5
1947 2096 43 23 per
1997 2093 59 19 cent,
2065 2088 47 24 will
2123 2088 29 24 be
2163 2088 95 24 allowed
2268 2096 61 24 upon
2341 2088 102 31 deposits
2454 2089 35 23 for
2498 2097 15 15 a

1921 2122 80 31 longer
2011 2122 80 31 period
2102 2121 56 24 than
2168 2130 15 15 a
2192 2121 89 29 months
2283 2134 33 4 —
2316 2126 40 19 not
2368 2126 22 19 to
2402 2122 30 24 be
2443 2122 67 23 with-

1922 2155 77 24 drawn
2009 2155 73 24 under
2095 2157 37 22 10-
2139 2155 62 31 days'
2213 2155 90 24 notice.-

2084 2215 269 24 regulations;.

1957 2251 26 23 1,
1983 2261 33 4 —
2016 2249 52 24 The
2077 2249 89 31 Capital
2178 2249 26 23 of
2218 2249 38 23 the
2265 2249 247 31 Conrpanyyto>eonsist

1922 2283 25 24 of
1962 2283 123 29 £50.000,
2098 2282 25 23 in
2133 2284 76 22 2.500
2223 2282 86 24 Shares
2321 2282 25 24 of
2361 2284 56 23 £20
2430 2282 63 25 each.

1956 2318 24 22 2.
1982 2329 33 4 —
2016 2315 54 24 One
2080 2315 79 32 pound
2167 2323 41 24 per
2220 2315 67 24 share
2298 2320 23 19 to
2338 2316 30 23 be
2386 2315 64 33 paid,
2458 2324 54 23 pre-

1921 2350 66 23 vious
1998 2354 23 19 to
2032 2349 40 24 the
2083 2349 96 23 election
2190 2349 26 23 of
2230 2349 126 29 Directors,
2370 2350 27 23 of
2411 2348 74 25 which
2500 2358 14 15 a

1921 2383 85 23 week's
2015 2383 80 31 public
2105 2383 75 23 notice
2195 2382 48 24 wiH
2260 2382 29 24 be
2307 2383 69 30 given
2384 2392 6 19 ;
2411 2383 45 23 and
2472 2383 38 24 £1

1922 2416 124 24 additional
2064 2420 24 19 at
2105 2415 40 24 the
2162 2416 129 31 expiration
2309 2416 25 23 of
2355 2416 58 23 each
2430 2416 82 24 month

1921 2450 61 24 from
1992 2449 50 24 that
2052 2449 86 32 period,
2156 2449 60 23 until
2231 2449 37 24 £5
2283 2449 41 23 has
2334 2449 61 23 been
2404 2449 56 32 paid
2469 2457 41 24 up.

1956 2485 24 22 3.
1982 2496 34 4 —
2016 2482 101 25 Further
2128 2482 55 24 calls
2194 2487 24 18 to
2231 2482 30 24 be
2279 2482 64 24 made
2363 2487 25 19 at
2405 2482 40 24 the

1922 2517 87 24 cretion
2022 2517 26 23 of
2062 2516 38 24 the
2119 2516 123 24 Directors.
2248 2525 6 20 ;
2274 2516 45 24 and
2328 2516 66 24 three
2411 2516 101 24 months'

1921 2551 111 31 previous-
2044 2550 76 23 notiGe
2139 2549 25 23 of
2178 2549 58 24 each
2253 2549 45 24 call
2315 2554 23 19 to
2354 2550 31 23 be
2403 2550 69 31 given
2487 2550 26 23 in

1921 2584 40 24 the
2072 2582 106 24 Zealand,

1955 2618 30 23 4.=
1985 2629 30 4 —
2015 2617 38 24 No
2065 2624 84 24 person
2160 2620 22 19 to
2193 2616 30 23 be
2239 2616 101 24 allowed,
2350 2620 25 20 to
2394 2616 118 24 subscribe

1921 2651 36 24 for
1968 2658 62 16 more
2041 2649 56 24 than
2109 2651 39 22 50=
2155 2649 94 25 Shares*

1955 2686 33 21 5.-
1988 2696 27 4 —
2016 2683 51 24 The
2080 2682 98 24 Officers
2190 2682 26 24 of
2230 2683 39 23 the
2282 2682 119 32 Company
2415 2688 24 19 to
2460 2691 55 16 con-

1922 2718 43 23 sist
1982 2717 26 23 of
2028 2717 53 23 nine
2099 2716 120 24 Directors
2238 2716 46 24 and
2301 2724 15 16 a
2333 2716 106 29 Cashier,
2457 2717 56 23 with

1921 2750 58 24 such
1996 2750 124 23 assistance
2138 2757 25 16 as
2181 2749 39 24 the
2238 2749 119 24 Directors
2375 2758 55 24 may
2449 2750 65 24 deem

1921 2791 129 23 necessary.

1955 2819 25 22 6.
1981 2830 34 4 —
2015 2816 52 24 The
2085 2816 119 25 Directors
2223 2820 23 20 to
2263 2816 30 24 be
2313 2816 86 24 elected
2416 2817 37 23 for
2469 2824 43 16 one

1920 2859 62 23 year,
1993 2851 31 30 by
2035 2849 40 24 the
2086 2849 166 25 Shareholders
2261 2859 6 20 ;
2288 2855 24 19 at
2325 2850 40 24 the
2385 2850 129 31 expiration

1921 2884 26 24 of
1961 2884 50 23 that
2027 2883 87 31 period,
2134 2891 42 16 one
2194 2883 63 24 third
2275 2884 26 23 of
2316 2883 37 24 the
2370 2884 104 29 number,
2487 2888 25 19 to

1920 2918 28 24 be
1961 2917 139 24 determined
2110 2917 32 31 by
2156 2917 40 28 lot,
2215 2917 60 23 shall
2292 2917 76 29 retire,
2389 2917 46 23 and
2452 2917 59 23 their

1920 2951 64 32 place
2001 2950 29 23 be
2047 2950 64 23 filled
2128 2950 32 31 by
2175 2950 71 23 fresh,
2253 2950 104 29 election,
2357 2963 36 4 —
2393 2950 41 24 the
2444 2950 67 24 retir-

1921 2985 44 30 ing.
1971 2984 121 24 Directors
2102 2988 24 19 to
2137 2983 29 24 be
2178 2983 95 32 capable
2283 2983 26 25 of
2322 2984 144 23 re-election.

1955 3018 25 25 7.
1982 3030 33 4 —
2015 3017 53 24 The
2086 3016 99 25 Cashier,
2199 3022 28 18 to
2237 3017 37 23 be.'
2285 3016 123 32 appointed
2423 3017 32 31 by
2472 3016 40 24 the

1921 3051 127 28 Directors,
2060 3050 51 24 and:
2117 3050 130 24 removable
2259 3055 24 18 at
2293 3050 59 23 their
2363 3050 114 31 pleasure.

1955 3086 25 22 8.
1982 3096 33 4 —
2016 3083 165 26 Qualification
2199 3083 26 23 of
2245 3083 120 24 Directors
2383 3087 24 20 to
2427 3083 29 24 be
2481 3084 31 23 15

1922 3117 93 25 Shares.

1954 3152 35 23 9.-=
1989 3163 26 4 —
2015 3150 35 24 lit
2057 3150 32 23 all
2098 3150 113 30 meetings
2223 3149 26 24 of
2264 3149 174 30 Shareholders,
2453 3150 60 23 Pro-

1921 3185 97 32 prietors
2035 3188 23 19 to
2075 3183 63 23 have,
2145 3191 42 15 one
2199 3187 52 19 vote
2261 3183 35 23 for
2309 3191 68 23 every
2389 3185 15 23 5
2418 3183 101 24 Shares..

1957 3220 40 21 10.
1999 3230 34 4 —
2033 3217 39 24 No
2079 3217 49 23 Bill
2139 3221 23 18 to
2172 3217 29 23 be
2209 3217 134 23 discounted
2350 3220 84 28 except
2439 3216 73 24 under

1921 3251 40 24 the
1972 3251 103 23 sanction
2093 3250 26 23 of
2133 3250 63 23 three
2215 3250 27 23 of
2255 3250 39 24 the
2312 3250 120 24 Directors
2441 3259 7 19 ;
2469 3257 43 15 nor

1921 3285 21 23 if
1951 3283 104 33 objected
2065 3287 23 20 to
2098 3283 36 31 by.
2142 3291 43 16 one
2196 3284 27 23 of
2230 3284 65 23 three
2307 3284 24 23 of
2340 3283 39 24 the
2391 3283 127 24 Directors-

1921 3321 100 29 present.

1958 3352 39 23 11.
1998 3363 35 4 —
2033 3350 119 32 Meetings
2163 3354 22 20 to
2196 3350 31 24 be
2242 3350 54 24 held
2312 3349 147 31 half-yearly,
2476 3349 41 24 for.

1922 3384 39 24 the
1971 3392 99 23 purpose
2082 3384 26 23 of
2123 3384 116 31 declaring
2250 3383 136 28 Dividends,
2399 3384 44 22 &c.

1957 3419 40 22 12.
1999 3430 35 3 —
2034 3417 24 24 A
2081 3421 122 20 statement
2226 3417 25 24 of
2272 3417 39 23 the
2331 3417 77 22 affairs
2428 3416 25 23 of
2473 3416 49 23 the-

1922 3451 70 24 Bank
2003 3455 24 19 to
2041 3450 31 24 be
2088 3450 48 24 laid
2152 3450 78 24 before
2249 3450 39 23 the
2307 3449 163 25 Shareholders
2489 3453 30 19 att

1922 3484 57 24 each
2001 3483 57 24 such
2082 3483 140 31 half-yearly
2244 3484 107 30 meeting,
2376 3482 45 23 and
2443 3483 70 22 after-

1922 3517 73 24 wards
2023 3517 124 31 published
2172 3518 25 23 in
2225 3516 40 24 the
2325 3516 59 24 New
2412 3515 109 23 Zealand.

1955 3610 27 24 A
1992 3610 66 24 Deed
2071 3610 25 24 of
2111 3610 144 28 Settlement,
2272 3613 24 20 to
2307 3609 28 23 be
2347 3608 82 31 signed
2439 3608 30 30 by
2479 3608 39 23 aIE

1924 3643 39 24 the
1983 3643 173 29 Shareholders,
2175 3643 137 30 embodying
2331 3642 66 23 these
2415 3641 45 23 and
2481 3641 38 23 alii

1922 3677 67 24 other
2005 3684 124 23 necessary,
2137 3676 148 31 regulations,
2303 3676 44 23 will
2361 3675 29 23 be
2401 3674 117 32 prepared;

1922 3719 25 15 as
1961 3710 102 33 speedily,
2074 3718 24 15 as
2109 3709 109 33 possible.

1940 3769 257 25 PROPOSITIONS
2211 3776 33 16 at
2251 3776 56 16 .the
2321 3760 172 36 MEETING.
2513 3757 4 9 *

1958 3805 58 22 I^—
2017 3803 108 23 ThafrtEe
2131 3803 138 30 Prospectus
2277 3809 50 16 now
2333 3800 56 25 read
2394 3800 29 23 be
2432 3800 85 31 adopt-

1922 3836 29 24 ed
1962 3836 47 23 and;
2016 3836 100 31 printed.

1957 3871 23 22 2.
1982 3882 34 4 —
2016 3869 65 24 That
2102 3869 97 30 Captain
2224 3867 100 25 Edward
2340 3865 105 30 ,Daniell
2459 3866 56 39 jand:

1922 3903 99 24 Messrs.
2035 3902 129 30 Partridge,
2178 3901 73 29 Watt,
2265 3900 85 29 Millar,
2364 3899 156 29 and.PierpeV

1923 3937 27 23 do
1968 3936 59 24 form
2044 3944 14 15 a
2077 3935 145 24 Provisional
2233 3934 136 25 Coramittee
2381 3937 23 20 to
2416 3935 98 29 carry^rb
2512 3938 4 7 1

1923 3972 49 22 into
1985 3969 76 25 effect-
2110 3989 3 3 .
2147 3973 3 4 '
2527 3977 2 15 i
