3510 4660
2536 1842 117 25 BIRTH.

2611 1891 4 3 -
2622 1891 1 3 ■
2811 1891 8 6 •

2361 1907 215 26 Paekinson.—At
2589 1910 186 26 Christchurch.
2799 1911 62 26 Nov.

2329 1952 39 23 14.
2404 1952 51 25 Mrs
2467 1952 66 24 John
2545 1953 146 29 Parkinson,
2710 1955 26 24 of
2747 1964 13 15 a
2773 1963 54 17 son.

2310 2033 86 143 The
2424 2033 171 143 Oxford
2623 2033 256 143 Observer.

2411 2176 191 19 PUBLISHED
2621 2177 159 24 WEEKLY.

2330 2249 163 21 SATURDAY
2525 2251 169 21 NOVEMBER
2731 2253 49 19 21st
2812 2253 53 20 1896

2349 2364 493 33 WAIMAEABIEI-ASHLEY

2339 2410 342 33 WATER-SUPPLY-
2683 2413 129 31 WORKS
2818 2414 28 30 .

2363 2485 141 25 FORMAL
2523 2486 153 26 OPENING
2693 2488 47 24 BY
2759 2485 70 28 THE

2512 2526 166 24 PREMIER.

2366 2591 52 24 The
2441 2591 158 31 long-looked
2622 2592 106 25 forward
2744 2594 26 23 to
2794 2595 71 22 event

2331 2634 28 25 m
2377 2634 42 25 the
2431 2634 119 26 northern
2572 2635 102 30 district,
2694 2637 43 24 the
2759 2638 107 31 openiog

2333 2678 27 24 of
2368 2679 43 24 the
2422 2679 278 32 Waimakafiri-Ashley
2712 2685 77 20 water
2803 2681 62 31 Sup-
2875 2704 2 2 .

2333 2722 42 32 ply
2386 2730 64 19 race,
2471 2723 58 24 took
2540 2723 68 31 place
2621 2731 33 17 on
2674 2724 110 32 Monday
2806 2726 59 23 last,

2334 2766 43 25 the
2396 2766 121 32 principal
2539 2767 27 24 m
2578 2767 43 25 the
2645 2775 128 24 ceremony
2793 2768 74 32 being

2335 2810 42 25 the
2400 2810 67 25 Hon.
2482 2810 30 25 R.
2538 2810 23 25 J.
2588 2811 106 25 Seddon.
2730 2813 21 22 A
2777 2813 91 30 special

2335 2855 129 24 excursion
2477 2855 72 29 train,
2563 2857 29 25 to,
2597 2855 78 25 which
2693 2863 48 17 was
2754 2856 114 24 attached

2336 2905 14 16 a
2361 2902 5 2 '
2378 2898 110 31 carriage
2516 2898 37 25 for
2582 2899 42 24 the
2653 2899 116 29 Premier,
2804 2918 5 7 ,
2815 2899 53 24 Mrs

2338 2941 107 29 Seddon,
2465 2942 49 24 and
2525 2944 79 30 party,
2623 2942 45 25 left
2691 2943 177 24 Christchurch

2337 2989 25 20 at
2382 2987 40 23 8.5
2437 2994 58 16 a.m.
2509 2986 49 24 and
2570 2987 100 30 passing
2682 2987 108 32 through
2802 2987 66 25 Ran-

2336 3029 66 31 fiora
2413 3029 87 32 picked
2510 3038 32 24 up
2554 3039 13 16 a
2580 3030 103 25 number
2690 3030 26 25 of
2726 3039 143 24 passengers

2308 3088 1 8 r
2336 3075 26 22 at
2385 3074 112 24 different
2523 3075 112 27 stations,
2655 3077 64 22 most
2741 3075 27 24 of
2788 3076 82 24 whom

2308 3130 1 17 )
2337 3125 62 16 were
2412 3118 114 30 specially
2540 3118 132 24 interested
2684 3126 25 16 m
2724 3119 39 23 the
2784 3122 84 21 water-

2308 3171 11 18 >..
2338 3160 86 33 supply
2439 3161 85 25 works.
2561 3161 52 25 The
2634 3162 102 24 number
2750 3161 27 25 of
2787 3169 82 17 excur-

2308 3213 1 17 )
2338 3205 99 24 sionists
2460 3213 49 16 was
2529 3207 44 22 not
2586 3214 27 15 so
2631 3207 68 29 large
2719 3214 28 15 as
2767 3214 50 16 was
2830 3215 39 16 ex-

2336 3248 94 30 pected,
2453 3249 40 23 the
2514 3249 174 31 unpromising
2707 3249 57 24 look
2784 3249 27 24 of
2827 3250 43 23 the

2308 3307 2 4 -
2337 3292 109 24 weather
2463 3292 48 24 and
2594 3292 69 24 bleak
2676 3292 64 24 wind
2765 3292 105 32 blowing

2307 3343 2 18 S
2336 3335 74 32 being
2422 3343 14 17 a
2445 3335 125 25 deterrent
2590 3337 26 23 to
2628 3344 15 16 a
2654 3336 58 25 visit
2723 3339 27 24 to,
2760 3336 43 25 the
2824 3344 45 16 un-

2338 3379 122 26 sheltered
2477 3379 77 25 banks
2578 3379 26 25 of
2622 3379 43 26 the
2688 3380 180 30 Waimakariri,

2338 3425 32 25 At
2399 3424 92 26 Oxford
2516 3424 43 25 the
2581 3424 111 25 Premier
2716 3424 49 25 and
2790 3428 78 29 party,

2336 3469 82 24 which
2430 3469 115 24 included
2556 3470 39 22 Mr
2607 3469 32 24 D.
2651 3469 98 30 Buddd,
2763 3469 106 25 M.H.E.

2337 3520 49 17 was
2399 3515 49 22 met
2459 3512 31 32 by
2503 3513 40 23 Mr
2555 3512 25 26 J.
2606 3513 153 25 O'Halloran
2780 3513 89 32 (chair-

2337 3557 71 32 man)
2421 3556 48 26 and
2488 3557 42 24 the
2545 3556 116 28 members
2673 3557 27 25 of
2721 3557 41 25 the
2775 3557 93 25 Water-

2338 3600 92 32 Supply
2443 3601 88 26 Board,
2551 3601 59 24 with
2623 3601 43 24 the
2683 3601 133 31 Engineer,
2830 3602 40 23 Mr

2308 3652 1 24 [
2338 3643 30 25 G.
2379 3644 125 25 Johnston
2519 3645 120 24 Webster.
2657 3671 6 7 t
2676 3644 111 25 Brown's
2799 3644 70 25 Rock

2336 3687 73 31 being
2427 3688 58 24 nine
2496 3688 71 24 miles
2580 3688 63 23 from
2656 3687 93 25 Oxford
2761 3688 108 24 vehicles

2336 3739 62 16 were
2417 3732 116 31 provided
2554 3732 37 24 for
2603 3739 67 16 some
2681 3732 25 24 of
2729 3731 43 25 the
2789 3735 80 28 party,

2337 3775 81 25 whilst
2446 3775 38 25 for
2496 3775 42 25 the
2561 3774 89 25 benefit
2674 3775 27 25 of
2723 3775 83 25 others
2827 3775 43 25 the

2336 3819 67 24 train
2415 3826 45 17 ran
2468 3826 32 17 on
2512 3820 26 22 to
2550 3826 60 17 near
2622 3818 42 24 the
2677 3818 80 32 Gorge
2770 3819 98 31 Bridge,

2336 3861 65 25 from
2406 3862 87 24 'which
2514 3869 15 16 a
2540 3861 64 25 walk
2616 3864 25 22 of
2650 3870 3 3 •
2660 3862 108 25 between
2785 3864 45 23 two
2843 3870 27 18 or
2878 3877 2 3 •

2336 3906 70 23 thrse
2417 3906 71 23 miles
2510 3906 49 23 had
2582 3909 25 20 to
2629 3905 31 24 be
2681 3905 75 25 taken
2778 3909 26 21 to
2827 3906 52 25 the-

2336 3948 68 26 Rock
2422 3948 81 25 where
2514 3948 43 24 the
2577 3948 66 25 head
2654 3948 79 26 works
2756 3956 40 17 are
2808 3949 59 25 situ-

2336 3995 64 22 ated.
2433 4012 11 8 
2510 3992 3 15 :

2369 4036 70 24 With
2460 4036 94 31 regard,
2568 4040 26 21 to
2618 4036 42 25 the
2683 4036 185 25 Waimakariri-
2878 4057 1 3 .

2307 4083 2 5 1
2336 4079 92 31 Ashley
2441 4080 100 29 system,
2564 4079 44 25 the
2620 4081 103 28 nature,,
2736 4088 72 23 scope
2820 4080 57 24 and'

2335 4131 114 24 progress
2469 4123 27 25 of
2513 4123 42 25 the
2574 4123 81 25 works
2677 4124 65 24 have
2753 4132 27 16 so
2803 4123 66 26 often

2312 4187 2 3 .
2335 4167 62 24 been
2419 4167 109 24 referred
2545 4169 25 22 to
2582 4167 56 24 that
2658 4167 21 24 it
2699 4167 21 24 is
2742 4169 45 22 not
2812 4175 58 17 now

2336 4217 127 23 necessary
2486 4210 24 25 to
2522 4210 58 32 give
2588 4217 49 24 any
2653 4210 152 31 lengthened
2817 4210 59 26 des-.

2335 4254 104 28 cription
2450 4253 27 25 of
2487 4254 76 24 them.
2575 4259 5 24 |
2610 4253 24 24 It
2654 4253 22 24 is
2685 4253 53 31 just
2750 4261 60 17 over
2832 4254 39 24 six

2335 4305 78 22 years,
2428 4297 66 25 since
2507 4297 42 25 the
2571 4296 96 29 idea.of.
2686 4297 122 30 watering
2827 4297 44 26 the

2308 4362 10 8 
2335 4340 88 32 plains;

2315 4386 2 5 1
2336 4384 117 25 makariri
2458 4382 5 9 5
2475 4386 81 25 rivers,
2564 4386 56 24 fi'rsib
2643 4385 99 27 became
2754 4383 17 27 ai

2336 4429 28 25 of
2380 4428 83 31 public
2473 4446 4 6 .
2485 4430 169 29 impiirtftDce.'
2657 4438 15 18 v.
2691 4430 26 26 It
2738 4438 51 19 was
2817 4431 56 27 first

2336 4473 105 26 referred
2453 4475 31 28 .to
2491 4484 1 1 '
2504 4474 43 26 tHe
2567 4473 72 26 Boad
2656 4473 105 31 Boards,
2784 4475 50 26 and
2845 4484 34 19 as.

2337 4526 32 17 an
2387 4519 123 28 outcome,
2520 4512 51 38 /the
2591 4518 288 36 Waimakariri-Ashley'

2337 4560 196 40 Water-Suppljjr
2566 4563 107 27 District
2700 4572 52 19 was
2773 4565 106 29 iformed:

3332 191 34 4 —
3366 191 25 25 7$
3391 190 40 5 —

2911 242 48 23 and
2972 249 15 18 a
2999 242 82 26 Board
3101 252 50 18 was
3172 245 88 26 ekcted
3278 245 48 33 on)
3326 245 65 33 May*
3403 247 40 23 13.

2909 286 73 25 1892.
3016 288 43 23 Mr
3080 289 69 24 John
3162 289 109 36 Dobson^
3292 291 54 24 wfio
3359 290 57 25 took
3428 298 15 15 a

2906 329 141 30 prominent
3066 334 56 28 part
3133 332 28 25 m
3172 331 201 34 furthermgf'the
3384 340 57 25 pro-

2905 372 89 30 posals,
3013 381 51 17 was
3076 374 92 26 elected
3180 379 114 29 amongst
3306 377 43 25 the
3361 384 79 18 mem-
3456 382 30 15 r~

2907 419 54 21 bers
2973 417 50 24 and
3034 425 51 17 was
3097 419 132 31 appointed
3238 420 42 25 the
3288 421 56 24 first
3353 421 88 25 Chair-

2896 466 77 18 ,man.
3025 460 61 25 This
3219 463 99 26 decided
3339 472 65 23 upon
3424 472 16 16 a

2904 502 99 24 scheme
3017 507 24 20 to
3066 505 57 24 take
3134 508 76 22 water
3222 507 63 24 from
3306 516 14 15 a
3332 508 69 31 point
3412 508 28 24 m

2902 544 42 25 the
2955 545 64 26 river
3031 546 88 26 known
3140 556 27 17 as
3180 573 2 2 .
3191 550 69 24 Bock
3282 550 73 30 Ford,
3375 552 26 23 at
3422 558 15 17 a

2902 590 52 22 cost
2965 588 27 24 of
2998 589 75 25 about
3085 592 119 27 £81,000.
3234 593 58 25 Just
3304 594 73 24 about
3386 594 51 24 this

2902 632 66 29 time,
2987 633 122 31 however,
3137 638 49 22 two
3208 642 47 19 wet
3278 645 100 18 seasons
3401 639 38 25 set

2900 675 36 30 m,
2956 684 27 17 or
2994 677 84 26 rather
3100 680 42 23 the
3165 680 97 26 rainfall
3285 685 49 21 wa's
3359 681 85 25 much,

2901 719 97 24 heavier
3022 722 89 31 during
3131 722 43 24 the
3186 723 44 31 dry
3253 731 89 17 season'
3354 725 26 23 of
3395 725 44 23 the

2900 770 65 23 year,
2979 764 49 24 and
3041 772 67 18 some
3118 766 25 24 of
3156 766 42 24 the
3210 768 141 31 ratepayers,
3361 768 75 31 began

2901 809 25 21 to
2939 807 73 25 think
3024 807 55 26 that
3091 818 13 14 a
3127 810 76 24 much
3215 811 103 30 cheaper
3330 812 106 24 -scheme

2902 851 78 24 would
2995 852 30 23 be
3043 852 141 30 preferable.
3231 854 31 23 In
3274 856 65 23 1894
3355 863 81 16 anew

2903 891 82 26 Board
2996 901 49 16 was
3064 895 125 26 returned,
3210 896 141 31 practically
3356 898 79 29 /pled-
3467 892 19 34 %

2904 935 47 31 ged
2963 938 24 22 to
3004 936 74 31 adopt
3099 945 14 16 a
3124 938 49 24 less
3186 939 131 30 expensive
3329 937 106 27 scheme.
3460 939 26 21 V*

2905 978 40 25 Mr
2973 979 68 25 John
3075 980 149 26 O'Halloran
3259 990 50 17 was
3343 983 93 25 elected

2905 1023 140 31 Chairman,
3064 1025 47 24 and
3133 1025 45 24 has
3190 1025 33 25 all
3246 1026 105 32 through
3366 1026 70 27 filled

2905 1066 42 25 the
2960 1067 67 24 office
3039 1071 62 22 most
3119 1069 100 31 capable
3231 1070 49 24 and
3300 1070 133 31 energetic-

2904 1110 64 31 ally..
2996 1112 54 25 The
3059 1113 101 31 cheaper
3172 1113 97 25 scheme
3287 1113 104 32 adopted
3404 1113 29 31 by

2904 1155 43 24 the
2956 1156 82 24 Board
3050 1165 49 16 was
3110 1158 54 23 that
3176 1157 89 24 known
3277 1166 27 16 as
3315 1157 121 25 'Brown's
3467 1166 2 1 ■

2903 1197 69 25 Rock
2994 1200 94 31 supply,
3108 1199 80 25 which
3210 1200 49 24 had
3280 1200 75 25 been-
3368 1206 66 19 most

2902 1243 172 30 energetically
3086 1244 132 31 supported
3231 1244 31 31 by
3275 1244 43 24 the
3329 1246 50 23 late
3394 1244 39 24 Mr

2901 1286 161 24 Marmaduke
3085 1287 91 28 Dixon,
3194 1289 27 23 m
3246 1287 137 31 opposition
3408 1293 25 19 to

2899 1329 123 37 the^Rock
3033 1330 66 24 Ford
3110 1331 113 24 Scheme.
3243 1331 49 24 Ten
3309 1331 125 24 thousand

2897 1373 97 29 pounds
3015 1381 62 16 were
3100 1374 124 24 borrowed
3246 1374 38 25 :'ou
3296 1375 43 24 the
3361 1374 70 28 work,

2897 1416 49 23 and
2958 1424 14 15 a
2984 1420 212 21 commencement
3217 1425 48 17 was
3278 1418 69 24 mady
3368 1418 61 23 with

2895 1459 19 23 it
2926 1467 58 17 over
3004 1460 114 31 eighteen
3130 1461 99 24 months
3242 1468 53 25 ago.
3343 1461 24 24 It
3380 1468 49 17 was

2895 1504 115 29 expected
3021 1503 41 24 the
3079 1506 73 22 water
3161 1504 82 25 would
3255 1505 30 23 be
3297 1505 87 24 turned
3396 1513 33 16 on

2883 1543 2 40 |
2895 1547 74 24 about
2991 1548 43 23 the
3041 1556 3 3 •
3064 1547 136 32 beginning
3210 1547 45 27 ...of.
3268 1548 43 25 the
3330 1551 99 28 present

2895 1598 63 23 year,
2977 1590 45 25 but
3033 1590 140 26 difficulties
3197 1592 60 26 with
3271 1594 64 23 soiiie
3347 1592 25 23 of
3385 1592 43 23 the

2896 1635 149 23 contractors
3057 1634 101 31 delayed
3168 1635 42 23 the
3222 1634 66 25 work
3300 1642 58 23 very
3368 1635 58 23 seri-

2896 1678 75 30 ously.
3007 1678 52 24 The
3071 1678 77 25 whole
3161 1679 26 23 of
3198 1678 41 25 the
3252 1679 67 23 main
3332 1687 52 15 race
3401 1681 27 21 to

2896 1721 42 24 the
2954 1722 63 23 river
3034 1722 65 30 Eyre
3111 1722 21 25 is
3144 1731 62 20 now,
3220 1722 206 27 however,-com-

2895 1764 72 30 plete,
2987 1764 49 24 and
3047 1765 20 24 it
3087 1766 57 30 only
3157 1766 108 24 remains
3277 1766 37 24 for
3325 1766 44 23 the
3379 1766 48 22 dis-

2896 1807 121 32 tributing
3036 1816 65 16 races
3113 1811 26 22 to
3161 1809 30 24 be
3203 1810 71 23 made
3286 1817 82 16 across
3386 1809 43 23 thu

2883 1859 2 23 I
2896 1852 103 29 countay
3021 1851 26 24 m
3059 1851 42 24 the
3125 1851 116 25 direction
3267 1851 26 25 of
3306 1852 54 30 ;the
3378 1859 49 16 sea.

2895 1895 52 24 The
2959 1895 63 24 head
3032 1896 86 28 works,
3137 1896 32 24 all
3182 1895 47 25 ofa
3239 1898 62 22 most
3313 1895 114 26 substan-

2895 1939 45 25 tial
2952 1939 133 30 character,
3099 1940 97 24 include
3205 1948 15 16 a
3226 1940 86 24 tunnel
3321 1939 107 32 through

2895 1983 42 25 the
2950 1983 62 25 solid
3024 1984 57 24 rock
3093 1985 46 23 Bft.
3152 1984 61 24 wide
3230 1987 25 21 at
3268 1984 41 23 the
3323 1984 103 24 bottom.

2896 2027 60 24 18ft.
2965 2027 66 24 lOin.
3043 2028 27 23 m
3082 2027 86 31 height
3176 2027 50 24 and
3238 2027 52 24 24ft
3297 2027 26 23 m
3332 2027 95 28 length.

2895 2070 50 25 Tlit
2958 2079 69 16 mam
3050 2079 50 16 race
3121 2072 26 24 to
3166 2070 43 25 the
3229 2070 66 26 Eyre
3307 2070 73 25 River
3403 2070 23 24 is
3471 2092 15 4 „

2896 2114 84 26 eleven
2992 2114 72 25 mile?
3075 2115 26 23 m
3114 2115 95 31 length.
3237 2114 49 24 For
3299 2117 47 22 two
3360 2114 69 24 miles
3480 2112 3 9 '
3481 2119 5 12 V:

2897 2159 40 23 the
2949 2166 56 17 race
3016 2158 22 24 is
3229 2158 74 32 along
3323 2159 41 23 tie
3376 2158 53 24 side

2897 2202 26 25 of
2932 2201 43 26 the
2986 2202 64 25 river
3060 2199 67 28 hank
3137 2204 99 28 terrace,
3250 2201 179 33 the.waterway

2897 2246 73 31 being
2991 2246 44 24 sft.
3047 2247 26 23 m
3097 2246 83 31 depth,
3199 2246 44 25 9ft.
3261 2247 53 24 ,6in.
3327 2247 62 23 wide
3401 2249 26 21 at

2897 2289 42 24 the
2951 2293 41 26 top
3004 2289 49 23 and
3066 2289 43 25 7ft.
3122 2291 25 22 at
3159 2290 40 23 the
3211 2289 103 25 bottom.
3352 2289 75 24 From

2896 2331 43 25 the
2948 2334 41 29 top
2999 2331 26 25 of
3035 2332 43 24 the
3090 2334 93 22 terrace
3194 2333 44 23 the
3246 2333 148 25 dimensions
3403 2333 25 23 of

2897 2376 40 23 the
2949 2380 128 27 waterway
3098 2383 41 18 are
3151 2375 128 33 gradually
3291 2376 93 25 altered
3403 2383 26 17 ro

2891 2418 66 26 ,20ft.
2968 2419 32 28 m.
3005 2419 84 25 width.
3094 2419 50 25 and
3156 2420 44 24 2ft.
3213 2420 25 24 m
3252 2420 82 31 depth.
3366 2420 61 24 This

2897 2463 49 24 size
2958 2463 21 25 is
2990 2463 152 25 maintained
3151 2466 26 22 to
3189 2464 44 24 the
3245 2464 55 24 first
3313 2463 116 25 distribu-

2897 2507 54 31 ting
2968 2515 63 22 race,
3050 2507 79 25 which
3140 2508 21 25 is
3184 2509 26 24 to
3231 2516 48 16 run
3291 2508 27 24 m
3340 2507 42 25 the
3396 2508 35 24 cli-

2897 2552 90 23 rection
2999 2550 25 29 q{
3045 2551 68 24 East
3132 2552 120 30 Eyreton.
3287 2552 76 24 From
3387 2552 43 25 the

2897 2594 54 24 first
2971 2594 160 31 distributing
3149 2603 54 15 race
3223 2599 24 19 to
3268 2595 47 30 the,
3330 2596 99 28 second,

2897 2637 82 25 which
2990 2638 21 24 is
3024 2640 26 23 to
3067 2638 56 24 take
3142 2638 43 25 the
3197 2640 76 24 water
3290 2638 28 25 m
3332 2641 42 28 ,the
3396 2638 35 24 di-

2897 2683 90 24 rection
3000 2682 26 23 of
3042 2682 133 32 Rangiora,
3194 2683 44 24 th*
3257 2683 71 24 main
3343 2690 54 17 race
3410 2683 21 24 is

2897 2726 125 24 narrowed
3035 2731 24 18 to
3072 2727 61 27 7ft;'
3143 2726 50 24 and
3205 2728 26 22 to
3248 2726 42 24 the
3302 2726 65 26 third
3384 2726 49 25 and

2898 2769 49 25 and
2968 2770 48 24 last
3036 2769 150 30 distributor,
3205 2769 83 25 which
3310 2770 70 24 takes
3397 2770 36 25 its

2899 2820 83 18 course
2994 2820 82 19 across
3092 2813 43 25 the
3147 2813 66 31 Eyre
3236 2813 74 25 River
3321 2815 26 23 to
3364 2813 67 26 Star-

2898 2856 85 25 vation
2995 2856 54 25 Hill
3061 2857 48 23 and
3121 2856 131 29 Bennetts,
3271 2857 43 24 the
3316 2857 82 24 /width
3412 2858 21 23 is

2900 2900 44 24 Bft.
2980 2900 52 24 The
3051 2908 54 16 race
3116 2902 21 22 is
3142 2922 3 2 .
3158 2900 132 24 estimated
3304 2902 26 22 to
3343 2902 88 30 supply

2900 2944 46 24 five
2966 2944 96 24 million
3074 2943 94 32 gallons
3192 2944 27 24 of
3227 2945 77 23 water
3321 2952 44 23 per
3377 2944 56 31 day,
3480 2949 6 24 «j

2901 2995 27 16 or
2947 2988 31 23 S3
2996 2987 70 24 cubic
3077 2986 48 25 feet
3146 2995 41 23 per
3199 2987 97 30 second,
3324 2989 72 30 equal
3409 2990 24 22 to

2902 3031 70 25 twice
2994 3031 42 24 the
3062 3030 113 32 quantity
3198 3031 113 32 supplied
3341 3032 30 31 by
3391 3031 42 25 tlw

2904 3075 96 30 Selwyr
3013 3082 75 22 races,
3107 3075 49 23 and
3168 3075 78 25 three,
3255 3076 74 24 times
3342 3076 54 24 that
3408 3076 26 24 of

2903 3119 41 23 the
2965 3118 141 24 Ashburton
3119 3120 93 29 system
3224 3126 5 21 ;
3248 3118 49 24 and
3315 3118 43 25 the
3377 3126 57 17 area

2902 3164 25 23 to
2940 3161 28 25 be
2987 3160 105 25 watered
3102 3161 21 24 is
3143 3160 76 25 about
3233 3163 107 28 136,000
3357 3170 76 17 acres.

2935 3205 33 24 At
2980 3205 40 24 the
3041 3205 68 24 Bock
3130 3205 70 24 there
3212 3213 50 17 was
3267 3213 47 17 -an
3320 3220 1 4 ■
3326 3205 108 26 assemb-

2893 3250 64 29 lage
2977 3248 26 24 of
3012 3248 76 24 about
3107 3248 70 24 three
3187 3248 125 29 hundred,
3337 3257 14 16 a
3372 3249 63 31 good

2902 3291 101 25 number
3025 3291 27 25 of
3077 3292 41 24 the
3142 3293 98 23 settlers
3269 3292 56 25 who
3349 3294 87 29 expect

2902 3335 89 25 benefit
3016 3335 61 28 from,
3100 3335 42 24 the
3154 3337 77 23 water
3254 3337 86 31 supply
3364 3337 72 31 being
3448 3343 28 25 /\
3478 3330 8 15 X

2900 3381 106 30 present.
3049 3380 131 30 Amongst,
3196 3379 44 25 the
3250 3379 101 25 visitors
3373 3388 63 17 were

2901 3423 40 25 Mr
2953 3423 29 25 F.
2996 3422 162 32 Waymouth,
3172 3423 40 24 Mr
3222 3423 28 25 T.
3265 3423 58 25 Keir
3337 3424 98 32 (Mayor

2902 3467 33 25 of-
2945 3467 139 32 Rangiora),
3103 3467 93 25 Messrs
3220 3467 31 25 G.
3276 3469 108 28 Eenner,
3405 3468 29 24 A.
3465 3466 13 27 ,'

2901 3521 154 30 Henderson,
3080 3521 33 25 H.
3142 3520 78 32 Boyd,
3245 3521 32 25 D.
3302 3521 72 30 Dicl,
3405 3521 29 25 C.
3471 3545 12 4 ._

2902 3565 110 29 Hansen,
3037 3565 30 24 B.
3081 3564 125 30 Blunden,
3227 3565 24 24 J.
3271 3565 172 29 Carmichael,-'
3466 3554 20 39 \J

2902 3610 23 23 J.
2937 3609 20 25 L
3095 3608 31 24 R.
3149 3608 139 32 Chapman,
3309 3610 35 23 M.
3356 3611 78 27 Scott,

2902 3653 30 24 R.
2945 3653 84 24 Moore
3042 3652 48 24 and
3111 3652 25 24 J.
3155 3652 112 32 Ingram,
3288 3653 48 25 and
3356 3653 54 25 also
3422 3662 14 16 a

2900 3696 105 24 number
3025 3695 27 25 of
3072 3695 84 25 ladies.
3203 3696 118 32 Arriving
3344 3700 26 21 at
3394 3697 42 24 the

2901 3736 69 24 Bock
2980 3736 42 24 the
3028 3735 85 25 -whole
3125 3737 71 30 party
3209 3736 142 25 clambered
3363 3737 73 25 down

2901 3780 42 24 the
2952 3780 53 23 face
3014 3778 26 25 of
3049 3780 20 23 it
3080 3780 25 23 to
3117 3779 42 24 the
3168 3784 70 26 gates
3250 3780 28 24 of
3288 3780 42 25 the
3342 3781 92 29 intake,

2898 3824 70 24 'Here
2980 3823 40 24 the
3032 3822 118 29 Premier,
3170 3823 54 24 Mrs
3247 3824 107 30 Seddon,
3383 3826 54 25 Mrs

2900 3867 79 30 Bean,
2992 3867 48 24 and
3055 3866 40 25 Mr
3099 3865 59 26 'and
3169 3867 52 25 Mrs
3233 3868 89 26 Buddo
3334 3869 50 26 and
3396 3870 40 26 Mr

2902 3911 24 24 J.
2940 3910 148 25 O'Hallorau
3106 3919 62 16 were
3187 3913 174 24 accomodated
3379 3923 57 17 over

2900 3954 44 25 the
2960 3954 85 24 intake
3062 3953 127 26 chamber.
3212 3965 3 4 -
3446 3951 7 16 x

2935 3997 53 25 The
3013 3997 117 30 Premier,
3138 4001 8 20 ;
3154 3996 93 33 having
3276 4000 90 24 turned
3395 4002 42 24 the
3457 4015 16 7 --

2902 4048 86 18 screws
3000 4041 48 24 and
3067 4040 87 27 raised,
3159 4041 42 25 the
3222 4043 65 30 gate,
3307 4043 54 26 said
3372 4052 5 16 :
3396 4045 41 26 He

2902 4085 50 24 had
2963 4084 86 25 looked
3060 4085 105 24 forward
3173 4085 59 25 with
3243 4088 69 30 great
3323 4088 131 31 pleasure*

2902 4131 25 22 to
2938 4128 43 25 the
2992 4136 132 24 ceremony
3135 4128 27 25 of
3173 4130 108 31 opening
3292 4131 44 25 the
3347 4134 87 24 water-

2901 4181 64 16 race.
3009 4174 74 24 Some
3095 4174 99 24 months
3206 4179 46 27 ftgo
3264 4175 29 24 lfs
3306 4176 131 26 had-coine
3456 4198 4 5 .
3476 4182 7 7 '

2903 4218 25 22 to
2949 4224 38 16 see
3007 4215 85 30 where,
3099 4216 43 25 the
3159 4217 84 24 Board
3266 4221 122 29 proposed
3412 4222 26 23 to

2904 4259 55 25 take
2971 4259 65 26 their
3045 4261 75 24 water
3130 4261 72 29 from,
3216 4262 56 30 and,
3286 4262 94 33 having
3387 4264 51 25 had

2891 4323 3 9 ,
2895 4325 8 9 c
2903 4303 307 33 thirty.year3jexperience
3210 4328 4 7 lin,jchp1
3217 4305 83 30 in,jchp
3312 4310 126 24 construe-

2892 4346 528 42 ritiqnibrwatCT-rapes^in'hy^dtostatfeß:^
3475 4367 4 3 •

2892 4374 153 50 i'liy^draulics
3252 4374 191 55 %i^n#g§ve-

2893 4436 32 26 ;it
2937 4445 26 16 as
2975 4436 41 26 his
3038 4436 101 32 opinion
3152 4437 65 28 ~that
3230 4439 40 24 the
3290 4439 83 26 Board
3390 4440 51 26 had
3444 4447 4 11 1
3472 4448 2 6 '

2905 4480 106 26 selected
3029 4481 42 25 the
3088 4489 89 24 proper
3182 4482 96 33 -place.
3391 4493 52 18 was
3480 4500 3 3 •

2905 4525 101 32 pleased
3020 4527 28 23 to
3059 4525 61 26 hear
3139 4525 57 26 that
3278 4529 103 31 opinion
3391 4529 69 27 had'i

2893 4574 77 26 i>oeen
2991 4570 135 25 concurred
3147 4570 30 26 m
3192 4570 34 34 by
3250 4572 150 29 theofficers
3422 4574 32 26 of-

1154 90 168 42 OXFORD
1380 94 228 35 OBSERVER
1651 93 240 39 SATURDAY,
1933 93 245 35 NOVEMBER
2221 95 50 37 21,
2315 96 80 32 1896

2554 233 27 30 (a
2598 233 69 31 card)

2340 291 142 32 MESSB
2517 294 229 45 JOHNSTO^
2765 296 110 38 ...AND

2499 454 210 26 SOLICITORS.

2336 517 280 32 CHRISTCHUKOH,
2646 520 176 26 EANGIOBA
2851 523 19 23 &

2327 565 4 7 '
2529 563 146 25 OXFORD.

2366 637 40 25 Mr
2418 638 126 26 Johnston
2564 640 51 25 will
2632 641 87 25 attend
2731 641 92 25 Oxford
2837 650 32 16 on

2334 670 76 26 Court
2437 672 68 31 days'
2520 673 49 25 and
2589 673 57 26 Sale
2668 675 59 31 dajs
2740 675 47 24 and
2811 684 58 22 may

2333 703 30 24 be
2375 705 128 24 consulted
2528 712 24 17 at
2566 707 39 23 Mr
2622 707 74 25 Lee's
2714 716 55 15 new
2789 708 78 29 Store,

2333 735 70 26 Main
2414 738 81 24 Street
2509 738 100 26 Oxford.

2368 781 164 25 Christchurch
2545 783 225 32 Office—Opposite
2783 785 86 24 Union

2333 814 79 28 Bank,
2426 814 121 26 Hereford
2561 816 88 25 Street.

2362 858 124 28 Pvcmgiora
2506 859 73 30 Office
2582 859 95 25 —Next
2696 863 25 21 to
2734 861 40 23 Mr
2797 861 28 23 A.
2837 861 31 23 P.

2330 888 116 25 Tutton's
2462 891 106 24 Auction
2588 892 96 27 R00m...

2409 1156 75 20 BOOT
2498 1157 63 20 AND
2582 1158 76 20 SHOE
2677 1159 115 25 MAKETR,

2479 1201 75 20 EAST
2597 1203 118 21 OXFORD

2328 1246 106 57 BEGS
2448 1249 24 23 to
2496 1250 86 23 return
2604 1251 37 24 his
2662 1252 92 25 sincere
2776 1253 93 24 thanks

2381 1283 27 20 to
2432 1280 43 25 the
2504 1282 157 26 inhabitants
2683 1286 26 22 of
2726 1285 139 25 OXFORD

2328 1312 48 24 and
2389 1313 161 27 DISTRICT
2569 1316 67 24 sinee
2643 1317 149 30 'he'started,
2818 1320 49 23 and

2328 1345 58 31 beg-;
2406 1348 26 22 to
2453 1347 90 24 inform
2557 1348 68 25 them
2646 1350 33 24 he
2691 1350 45 25 has
2750 1352 114 24 removed

2328 1381 26 21 to
2366 1386 67 16 more
2442 1381 167 25 commodious
2621 1384 119 29 premises
2755 1386 109 29 opposite

2328 1411 43 23 the
2384 1411 67 24 W.M
2463 1413 37 27 C,
2526 1414 47 23 and
2593 1415 77 28 hopes
2691 1416 31 30 by
2736 1418 70 23 strict
2827 1420 36 21 at-

2329 1444 96 23 tention
2444 1448 25 20 to
2495 1446 113 26 bnsiness
2633 1451 24 21 to
2681 1454 66 20 meet
2771 1450 60 24 with
2850 1459 13 15 a

2329 1477 162 26 continuance
2503 1481 25 22 of
2540 1480 64 25 their
2615 1484 110 29 support.

2363 1522 76 25 Boots
2464 1524 76 24 Hand
2554 1526 107 24 stitched
2683 1534 25 17 or
2726 1528 93 31 pegged
2837 1530 25 23 to

2329 1555 77 25 order.
2443 1557 103 31 Repairs
2566 1559 85 31 neatly
2671 1560 47 23 and
2736 1561 125 31 promptly

2329 1589 125 28 executed,

2432 1636 42 29 ■T.
2497 1634 212 35 PICKAED/

2561 1691 61 24 East
2641 1692 100 25 Oxford.

1914 277 127 21 DOUBLE
2062 276 111 21 WIDTH

1790 318 201 64 DRESf
2002 331 6 3 ■
2041 320 255 45 TWEEDS

1879 418 59 11 ,
1952 391 81 40 (half
2046 390 96 40 price)
2180 416 5 5 ,
2201 420 5 5 t
2266 397 36 33 ,^;

1787 438 120 30 Melton
1926 439 111 31 Tweed
2053 438 51 30 6d.
2121 439 102 29 worth
2238 438 60 40 10J

1773 484 116 32 Melton
1907 487 113 30 Tweed
2035 487 44 30 Is.
2095 486 100 30 worth
2211 487 44 30 Is.
2269 488 36 29 6d

1786 538 100 30 better
1911 539 90 29 value
2026 538 75 29 than
2127 538 168 39 travelling

1847 592 127 41 drapers
1988 592 65 31 will
2068 592 70 39 give
2152 602 70 30 you.

1765 662 243 41 -MDISS'-
2034 661 255 42 JACKSTS

1769 740 21 5 ..
1816 741 4 3 .
1874 714 80 31 New
1977 714 78 31 This
2077 714 125 30 Season

1770 763 34 29 5s
1828 763 40 29 6d
1910 764 145 29 Reduced
2070 762 80 30 from
2209 764 54 29 12s
2285 765 18 28 6

1769 825 37 28 15
1831 825 39 29 6d
1997 849 17 11 „
2100 848 16 15 „
2208 826 53 28 20s
2284 826 18 28 0

1783 924 237 26 MANCHESTER
2037 925 246 25 DEPARTMENT.
2304 920 2 4 '

1767 969 113 37 Prints,
1903 970 112 30 checks
2031 971 61 29 and
2115 970 112 39 stripes

1767 1023 95 30 Table
1885 1024 159 35 Damasks,
2068 1024 191 29 unbleached
2259 1040 37 5 —

1847 1075 114 40 special
1983 1075 92 30 value
2091 1073 81 33 from
2190 1073 44 42 1/-

1766 1131 115 30 Brown
1916 1131 137 29 Holland
2088 1142 78 28 very
2202 1131 97 39 cheap

1764 1182 192 31 Flannelette
1973 1183 59 30 and
2048 1182 151 40 Shirting,
2218 1183 82 40 good

1847 1235 89 30 value
1957 1235 80 30 from
2058 1235 50 30 4d.

1766 1285 92 29 Floor
1881 1285 90 30 Cloth
1990 1287 84 39 good
2096 1290 32 26 at
2150 1286 49 30 9d.

1764 1336 89 31 Wide
1875 1338 112 29 Forfar
2008 1341 33 26 at
2063 1338 49 29 6d.

1805 1425 116 31 BOY'S
1953 1425 304 31 DEPAETMEKT.

1948 1524 21 24 T
1985 1532 57 16 now
2051 1524 116 24 continue
2179 1526 24 21 to
2215 1524 86 24 devote

1816 1548 81 47 JjvJST
1948 1548 21 33 i.
2006 1557 98 30 Special
2122 1556 131 24 Attention
2261 1561 40 19 •to

1783 1581 139 47 /wytf^h.
1945 1590 51 24 this
2011 1590 171 30 Department,
2195 1590 49 23 and
2262 1597 39 16 am

1992 1649 72 21 NOW
2092 1648 155 21 OFFERING

1807 1709 11 55 \
1839 1709 19 55 \
1887 1728 23 23 ¥
2030 1726 103 22 LARGE
2147 1728 74 19 LINE

1806 1784 35 40 U
1860 1784 32 52 V|
2000 1803 141 21 KNICKER
2162 1804 84 21 SUITS

1813 1830 24 45 if
1848 1825 89 47 Msl=
1947 1839 25 20 at
1986 1839 41 20 the
2046 1838 10 20 f
2057 1838 88 20 olloAvin
2147 1845 15 19 S
2176 1837 124 21 SPECIAL

1787 1859 71 36 «s#^
1858 1865 9 10 V
1947 1875 106 21 PRICES
2064 1884 34 11 :—

1822 1919 32 20 To
1863 1919 28 21 fit
1900 1919 60 27 Boys
1969 1921 13 19 3
1992 1920 72 20 Years
2075 1919 35 26 5/6
2140 1920 12 20 5
2162 1919 72 21 Tears
2249 1919 35 28 5/6

1981 1954 13 21 7
2005 1954 72 21 Tears
2089 1954 35 21 5/6
2143 1955 14 20 9
2166 1954 73 21 Tears
2286 1956 12 19 5

1765 2011 81 30 Lace
1870 2011 144 30 Curtains
2038 2013 42 29 2s.
2126 2011 59 30 Per
2206 2013 78 38 pair.

1759 2211 57 20 ..,-
1854 2174 134 47 FOR
2032 2175 181 46 SALE.

1767 2269 129 78 THAT
1921 2270 69 30 well
2018 2270 113 30 known
2161 2271 62 29 and
2252 2272 51 28 old

1825 2310 186 30 established
2025 2311 140 29 business
2177 2312 34 27 of
2215 2311 86 29 Buil-

1768 2351 62 36 der,
1847 2350 207 38 Undertaker,
2069 2351 230 40 Wheelwright,

1768 2396 57 27 etc.
1841 2392 124 44 carried'
1986 2403 40 20 on
2055 2393 40 40 by
2120 2392 51 30 Mr
2185 2394 118 39 Joseph

1767 2434 128 40 Lough,,
1910 2443 36 21 so
1962 2434 204 41 successfully
2188 2435 49 29 for
2252 2436 51 29 the

1769 2478 70 37 past
1854 2479 119 37 twenty
1988 2486 75 30 year
2065 2486 13 20 s
2078 2500 8 14 ;
2110 2476 63 30 will
2188 2477 38 29 be
2241 2476 61 30 dis-

1768 2517 94 39 posed
1874 2517 35 30 of
1916 2522 32 25 at
1966 2529 18 18 a
1999 2523 89 33 great
2101 2519 147 36 sacrifice,
2263 2529 39 19 on

1769 2564 130 25 account
1929 2559 33 30 of
1976 2559 111 38 failing
2101 2559 116 31 health.

1759 2632 45 54 $7
1901 2641 163 31 JOSEPH
2079 2641 149 31 LOUGH

1746 2718 15 29 !;1
2060 2724 129 31 Oxford.

1789 2841 498 47 DRESSMAKING.

1947 2912 20 6 —
1997 2911 7 10 B
2025 2907 33 16 tSSI
2081 2911 7 10 =
2115 2914 17 3 —

1872 2931 99 33 MISS
1995 2932 211 33 KENNEDY

1809 2994 78 31 Late
1909 2994 81 30 from
2013 2994 54 30 the
2079 2994 92 37 D.T,C
2225 2995 80 29 Wel-

1767 3036 131 40 lington.

1809 3079 81 38 Begs
1924 3083 34 26 to
1987 3080 115 29 inform
2135 3078 55 29 her
2220 3078 85 39 Lady

1767 3119 118 30 friends
1900 3120 70 29 that
1985 3120 54 30 she
2066 3121 27 28 is
2108 3119 151 40 prepared
2276 3122 29 25 to

1768 3161 90 30 make
1899 3161 119 31 dresses
2047 3162 34 29 m
2117 3159 188 32 fashionable

1768 3204 62 28 and
1845 3204 91 29 latest
1952 3204 106 39 styles,
2084 3207 31 25 at
2131 3203 174 29 reasonable

1769 3244 138 39 charges.

1811 3292 60 30 She
1900 3292 56 30 has
1979 3292 154 39 arranged
2157 3291 49 30 for
2234 3300 71 30 pre-

1769 3337 70 26 sent
1872 3334 173 29 workroom
2075 3336 76 27 next
2180 3339 33 23 to
2243 3332 62 30 Mrs

1769 3375 146 39 Lough's,
1948 3375 130 30 Oxford.

1746 3493 1 2 .
1790 3458 249 38 OXFORD
2087 3458 197 37 BACON

1892 3516 294 38 FACTORY.

2020 3582 37 16 <db>
2057 3589 50 4 —
2107 3589 2 4 ■
2109 3588 57 5 —

1769 3618 127 58 BACON
1926 3618 49 24 and
2008 3618 80 29 haras,
2124 3619 51 24 this
2195 3620 109 23 season's

1830 3659 66 21 cure,
1931 3652 61 28 lard,
2016 3651 54 24 axle
2088 3659 85 24 grease
2186 3660 15 16 a
2217 3652 88 30 special

1771 3685 146 31 compound.

1835 3746 22 28 T
1937 3746 155 28 PAPT

1820 3759 31 30 •J
1860 3780 9 9 .
1938 3767 23 21 x
1973 3759 132 32 AiXJu
2107 3759 88 32 AIM
2204 3759 44 32 Jli

1949 3824 103 32 East
2096 3824 174 34 Oxford.

1811 3949 3 2 .
1870 3913 134 43 FOR
2030 3913 181 44 SALE.
2237 3915 7 11 '

1891 3991 7 3 -
1971 3976 139 31 CHEAP

1985 4064 81 30 built
2101 4064 105 37 house,
2237 4074 68 20 con^

1825 4103 122 41 taining
1955 4105 21 29 4
1987 4115 102 20 rooms
2102 4106 62 29 and
2173 4105 132 41 scullery

1774 4146 73 29 Iron
1862 4146 69 29 roof
1946 4146 59 29 and
2034 4147 67 30 bow
2123 4147 133 30 window
2275 4152 30 24 to

1770 4185 86 30 front
1869 4196 96 26 room,
1997 4188 39 36 3-J
2051 4198 85 19 acres
2162 4188 32 29 of
2222 4188 83 37 land,

1771 4227 118 38 garden
1917 4228 106 38 neatly
2066 4229 136 39 planted,
2246 4230 59 29 400

1771 4268 104 38 gallon
1900 4268 74 31 iron-
1999 4269 85 37 tank,
2122 4270 99 31 stable
2247 4270 58 30 and

1770 4309 67 30 loft.
1854 4316 3 2 ■
1887 4315 29 10 •■■■
1947 4313 3 8 k
1950 4315 57 21 :^-
2040 4316 23 9 •■•
2176 4311 17 19 •■'
2215 4316 2 2 '
2246 4317 2 8 :
2255 4319 45 34 -p,

1746 4378 1 3 .
1771 4351 72 30 Eor-
1860 4351 122 31 further
1995 4352 188 37 particulars
2213 4354 92 35 apply

1854 4409 322 42 Mr.th:qs^hea

1839 4474 8 8 9
1881 4482 1 1 ■
1930 4471 167 31 'Terniiniis
2091 4473 26 17 v
2119 4473 103 31 'Hotel

1957 4555 7 3 -
1989 4555 26 5 --
2034 4555 3 12 !
2049 4535 106 35 .JWtest
2171 4536 134 33 Oxford.

1283 299 63 30 For
1369 301 43 29 7a.
1437 301 50 30 9d.
1510 311 57 30 p.esr
1589 300 79 45 pair.

1214 368 32 78 2
1270 367 82 40 pairs
1375 368 35 30 of
1427 369 85 39 large
1534 365 152 34 Blankets
1696 369 41 30 for

1290 418 19 19 a
1329 409 113 30 double
1464 411 67 29 bed;
1547 411 50 29 for
1612 409 67 40 20/-

1211 455 203 40 CHfeAPEE,
1435 467 77 29 thaa
1528 477 57 19 can
1610 467 38 30 be
1672 477 54 29 pui
1733 486 4 5 -

1209 516 113 30 chased
1364 518 80 29 from
1490 518 89 31 ANY
1624 518 113 31 Christ-

1208 558 127 29 church:
1346 558 116 31 House.
1511 568 4 3 '

1251 624 88 29 1896.
1400 622 164 32 SPRING.
1598 622 91 33 1896.

1210 700 128 63 NOW
1351 701 111 31 showing
1474 710 15 16 a
1500 703 83 24 choice
1593 704 144 22 assortment

1295 735 25 23 of
1333 735 132 25 SPRING
1479 737 121 28 GOODS,
1622 735 114 31 compris-

1206 765 39 32 ing
1255 765 57 26 New
1325 766 76 26 Dress
1415 768 135 29 Materials,
1566 769 92 27 Prints,
1679 768 58 24 Del-

1204 799 75 28 aines,
1310 801 119 30 Zephyrs,
1463 801 115 31 Crepons,
1613 801 124 30 Galateas,

1203 831 112 25 Norman
1338 833 101 31 Stripes,
1462 834 83 31 Fancy
1569 835 99 29 Striped
1688 836 49 22 and

1204 864 77 24 Chick
1301 865 114 28 Muslins,
1444 866 93 26 Cotton
1560 867 106 30 Pongee,
1689 867 48 24 and

1202 897 118 29 Muslins,
1331 899 47 25 &c.

1200 980 244 47 ISIIFBI
1484 982 37 45 T
1522 980 213 49 Wllßi.

1199 1059 83 21 SUITS
1292 1060 86 20 MADE
1389 1060 37 21 TO
1436 1060 144 21 MEASURE
1595 1060 77 22 FltOM
1691 1063 45 21 50s.

1199 1119 119 79 FULL
1335 1119 141 31 RANGE
1489 1121 35 30 of
1531 1121 62 30 this
1608 1121 118 30 Season
1728 1120 7 13 1

1277 1160 144 31 Patterns
1441 1165 33 26 to
1505 1162 92 29 hand,

1453 1215 26 22 at

1300 1247 104 39 R'.H
1427 1256 197 31 PARISH'S

1343 1318 90 24 EAST
1451 1318 146 25 OXFORD.

1291 1370 207 21 WHOIXTEKDS
1514 1370 37 20 TO
1568 1370 73 21 SELL

1198 1419 175 28 seasonable
1383 1419 95 38 goods
1489 1426 32 22 at
1527 1420 100 38 prices
1637 1420 99 29 below

1197 1469 69 30 that
1285 1470 32 29 of
1333 1480 61 30 any
1418 1469 104 31 Christ
1526 1471 115 30 church
1665 1472 68 29 firm

1245 1979 166 32 ALL
1453 1976 240 33 WOOL

1201 2107 130 39 cheaper
1345 2107 77 29 than
1437 2116 57 20 can
1514 2106 38 30 be
1564 2108 172 38 purchased

1201 2162 31 27 at
1262 2159 124 30 auction
1415 2169 33 19 or
1467 2158 83 30 from
1587 2159 150 30 itinerant

1384 2207 136 40 drapers:

1301 2276 341 67 parTsh'S

1376 2436 4 5 •
1493 2405 173 45 BOYS'

1221 2616 28 23 w
1251 2601 132 38 W#tr
1458 2612 26 21 jl
1496 2601 39 30 U'
1542 2601 27 30 U
1584 2601 24 30 ±
1617 2607 79 24 no

1242 2658 140 93 «|||
1477 2685 66 35 All
1573 2685 105 36 Wool
1736 2698 2 16 i

1237 2746 19 55 j
1409 2770 178 25 COLONIAL
1611 2771 126 24 TWEED

1208 2817 135 68 siMm
1455 2843 217 34 suits

1244 2934 126 32 From
1395 2930 89 41 12/6
1506 2937 72 32 per
1601 2931 94 38 suit.

1272 2998 78 33 (three
1360 2997 136 33 garments,
1515 2994 80 25 worth
1608 2995 64 33 255.)

1206 3045 92 24 Cannot
1310 3045 25 23 be
1343 3044 136 30 purchased
1491 3046 24 20 at
1532 3042 170 24 Christcliurch
1714 3050 23 15 or

1319 3087 122 23 elsewhere
1453 3091 25 18 at
1486 3085 35 23 the
1529 3085 77 30 price.

1211 3147 21 30 h
1244 3146 132 47 J|Men's
1391 3146 100 30 Black
1502 3144 68 31 S.B.
1582 3145 57 31 Sac
1649 3144 88 32 Coats

1204 3178 71 49 TEyl
1302 3189 50 29 for
1375 3188 127 38 Sunday
1517 3186 62 30 and
1602 3186 135 39 Holiday

1204 3240 81 19 wear
1294 3229 146 30 Reduced
1448 3229 83 28 from
1543 3226 66 40 25/-
1623 3231 32 26 to
1665 3226 72 40 15/6

1248 3364 39 37 R
1289 3390 13 11 s
1329 3364 56 37 H,
1420 3361 279 39 PARISH'S

1203 3416 216 32 BARGAINS
1458 3417 47 29 for
1546 3414 63 30 this
1632 3416 105 30 month

1214 3512 79 68 jllj
1366 3536 174 26 COLONIAL
1570 3536 141 30 TWEED.

1399 3601 184 26 TROUSERS
1622 3602 34 23 6s.

1200 3678 2 2 •
1216 3646 96 65 ||fc
1354 3694 1 2 .
1415 3668 69 24 ALL
1531 3667 106 25 WOOL.

1205 3722 65 30 Fur
1284 3721 81 30 lined
1375 3721 103 29 cloaks
1490 3720 134 30 reduced
1634 3719 56 31 17s
1702 3720 35 29 6d

1227 3795 2 2 .
1241 3770 219 30 Christchurch
1475 3769 85 39 price
1573 3769 63 28 275.
1656 3767 49 30 6d.

1207 3926 120 30 Double
1341 3924 100 31 width
1458 3923 104 31 Check
1578 3922 159 31 Costumes

1366 3972 111 30 Tweed
1508 3972 68 38 6Jd.

1206 4021 118 31 Melton
1347 4020 134 36 Tweeds,
1505 4020 49 30 6d.
1577 4030 56 30 per
1654 4021 83 39 yard.

1205 4108 103 31 White
1340 4108 153 31 Blankets
1528 4108 50 30 75..
1600 4108 49 30 6d.
1661 4138 3 8 f
1686 4119 51 29 pey

1207 4157 76 38 pair.
1341 4157 102 38 Large
1481 4157 68 29 Size
1580 4156 157 36 Blankets,

1287 4221 6 6 -
1310 4204 63 28 10s.
1399 4203 49 29 6d.
1482 4211 68 29 per.
1559 4202 77 39 pair.
1647 4225 3 5 ,

1206 4250 68 40 Bpy
1310 4249 82 31 Pilot
1407 4249 128 30 Jackets
1551 4249 34 30 6s
1601 4249 49 30 6d.
1667 4249 70 30 each

1215 4387 2 7 ,
1247 4353 51 34 All
1319 4357 86 30 these
1428 4357 95 38 goods
1546 4367 52 19 are
1613 4355 124 41 cheaper

1205 4406 77 29 than
1305 4416 58 19 can
1383 4406 39 29 be
1444 4404 174 40 purchased
1625 4409 40 25 iat
1681 4415 56 30 any

1208 4452 229 32 Christchurch
1463 4452 117 40 Selling
1590 4467 2 5 •
1613 4453 43 29 off
1682 4453 55 31 Es-

1207 4499 201 31 tablishment
1430 4509 35 20 or
1486 4499 79 30 from
1594 4499 143 31 itinerant

1209 4549 139 34 drapers.

783 223 268 45 NOTICE.

646 318 24 62 I
687 319 54 33 Beg
742 333 3 16 :
759 321 25 24 to
806 320 90 25 inform
918 321 43 24 the
988 321 154 26 inhabitants
1148 322 31 25 -of

682 354 96 24 Oxford
787 354 48 24 and
847 354 42 24 the
901 354 82 31 public
991 355 124 32 generally
1127 355 52 25 that

634 385 32 25 'I'
671 386 60 27 have
743 384 73 27 taken
837 395 58 16 over
907 387 43 24 the
974 387 115 27 Business
1107 387 72 32 lately

644 420 94 24 carried
758 427 32 17 on
814 420 31 30 by
871 420 58 28 MR,
950 420 28 24 C.
1000 421 30 23 A.
1056 420 123 28 TYLER,

644 451 106 27 General
773 452 102 29 Carrier,
896 452 49 24 and
967 457 65 21 trust
1056 454 29 30 by
1110 454 69 24 strict

643 486 124 24 attention
782 488 24 22 to
820 485 113 25 business
952 490 25 20 to
989 486 72 25 merit
1081 493 15 18 a
1108 484 71 27 share

643 518 26 25 of
677 518 84 32 public
772 521 109 28 support.

642 584 108 25 Covered
762 584 67 25 Vans
842 584 48 26 will
903 592 46 16 run
962 584 64 25 from
1039 584 139 25 OXFORD

752 629 24 21 to
795 624 271 26 CHRISTCHURCH

640 674 93 28 every
762 664 188 37 MONDAY,
980 664 196 29 WEDNES-

701 709 88 31 DAY
814 709 86 30 AND
937 709 174 31 FBIDAY.

837 771 141 30 Returning

641 814 208 36 TUESDAY,
879 814 233 30 THURSDAY
1148 815 27 29 &

788 862 240 30 SATURDAY.

637 935 130 24 Furniture
781 935 48 24 and
850 935 74 31 goods
938 935 26 24 of
982 943 71 23 every
1067 935 104 31 descrip-

636 970 51 23 tion
701 968 92 32 packed
818 970 47 22 and
886 968 115 25 removed
1019 974 25 18 at
1065 969 106 24 shortest

858 1003 89 23 notice.

734 1045 133 32 Receiving
880 1045 77 25 Order
981 1046 53 23 Box
1046 1047 26 22 at
1099 1061 5 5 -

637 1078 38 24 M>-
691 1078 141 25 Earnshaw
983 1079 68 24 West
1070 1078 99 25 Oxford.

635 1112 23 24 J.
672 1112 24 23 J.
712 1111 101 25 Weeber
987 1113 64 23 East
1070 1112 98 24 Oxford.

635 1144 33 24 H.
688 1144 126 24 Davidson
899 1145 121 25 Bennetts
1041 1145 127 24 Junction.

635 1178 27 24 C.
682 1179 30 22 A.
731 1178 73 30 Tyler
1035 1177 133 32 Rurigiora.

632 1211 33 23 11.
686 1210 32 24 H.
737 1211 119 31 Hodgson
1100 1211 68 25 Oust.

651 1254 52 24 The
715 1255 75 23 above
802 1262 99 23 waggon
920 1262 47 16 run
989 1255 24 23 m
1035 1256 117 29 conjunc-

699 1287 53 24 tion
764 1287 60 24 with
843 1287 143 25 TYLER'S
999 1295 102 23 wagcon

678 1319 81 24 which
771 1320 81 24 leaves
875 1320 178 24 RANGIORA
1074 1320 49 24 and
1158 1321 6 5 *

634 1352 273 25 CHRISTCHURCH
917 1361 70 22 every
1006 1354 54 28 day,
1085 1353 83 24 orders

633 1386 45 22 left
691 1388 25 20 at
734 1385 40 23 the
787 1385 123 31 following
922 1387 82 28 places
1024 1387 27 22 m
1072 1386 95 24 Christ-

633 1418 93 24 church
740 1419 51 23 will
812 1419 93 23 receive
921 1424 96 25 prompt
1037 1419 130 24 attention.

634 1462 31 23 E.
679 1462 78 24 Recce
771 1462 17 23 &
802 1462 59 25 Son.
997 1462 119 25 Colombo
1130 1462 37 25 St.

634 1495 153 25 Rotherfield
805 1495 77 25 Hotel
966 1495 88 25 Caskel
1076 1495 90 25 Street.

634 1528 24 23 J.
677 1528 29 23 B.
727 1528 103 24 Watson
915 1528 132 25 Cathedral
1065 1529 102 30 Square.

635 1562 46 22 130
700 1560 108 25 liihnore
828 1562 87 24 Street.
947 1561 140 31 Telephone
1111 1562 57 24 727.

635 1678 54 31 TO
713 1678 194 31 FARMERS
944 1678 25 31 &
993 1678 174 30 OTHERS'.

635 1730 64 30 The
714 1731 208 39 undersigned
934 1732 26 28 is
971 1730 151 40 prepared
1141 1741 28 19 co

654 1774 68 26 cart
747 1772 88 35 wool,
859 1772 86 29 hides
975 1772 61 28 and
1056 1772 92 39 sheep

696 1812 85 29 skius
797 1815 33 26 at
853 1812 108 29 lenvest
983 1819 124 23 current

861 1859 82 24 rates

760 1913 33 30 J.
820 1912 31 30 T.
877 1911 164 32 CARTER

866 1965 139 28 Fernhill

922 2014 87 32 West
1040 2015 129 31 Oxford.

746 2154 310 46 WANTED.

634 2256 52 55 TO
703 2254 120 31 purchase
842 2262 14 15 a
881 2254 63 23 farm
970 2254 26 23 m
1015 2254 43 23 the
1077 2254 94 24 Oxford
1178 2253 2 24 I

682 2287 111 24 District.
829 2287 113 24 Forward
959 2286 67 31 price
1046 2287 50 23 and
1115 2294 55 23 par-

637 2325 99 25 ticulars
753 2327 26 22 to
808 2325 43 24 the

637 2381 164 31 OFFICE
819 2381 51 30 OF
885 2381 102 30 THIS
1004 2381 147 30 PAPER

760 2527 53 31 TO
833 2527 211 30 FARMERS.

636 2610 44 58 IF
698 2618 47 23 you
764 2611 64 23 want
847 2610 25 24 to
903 2609 45 24 sell
976 2616 61 24 your
1056 2608 114 31 produce.

662 2663 3 2 .
676 2643 120 24 advertise
807 2644 28 22 m
847 2643 43 24 the
1158 2650 15 16 a

636 2685 55 16 sure
717 2677 49 24 sale
783 2677 47 23 will
847 2675 32 25 be
896 2675 43 24 the
956 2677 84 22 result.

669 2741 160 26 TERMS.—
830 2743 37 24 2s.
890 2750 42 19 per
960 2741 60 24 inch
1048 2741 38 24 for
1114 2741 57 24 first

635 2776 131 25 insertion.

670 2816 40 25 All
728 2816 74 24 small
820 2815 203 24 advertisements
1041 2817 26 22 to
1081 2816 26 22 be
1116 2814 58 31 paid

637 2865 17 15 n
680 2856 119 24 advance.

720 3152 53 24 The
790 3151 195 32 Thoroughbred
1010 3152 82 24 Horse

783 3197 241 31 FAIRCHILD

637 3249 60 27 T)Y
713 3248 80 25 Black
813 3249 64 23 Rose
880 3262 31 3 —
913 3249 43 23 out
980 3248 27 24 of
1026 3247 130 25 Hinemoa.

670 3315 92 24 WILL
783 3315 76 24 travel
878 3314 51 24 this
953 3321 88 17 season
1061 3313 112 26 between

636 3349 124 32 ilangiora
773 3348 50 24 and
836 3347 159 32 Springfield.

670 3411 49 24 For
731 3409 96 26 further
842 3409 148 32 particulars
1001 3409 73 31 apply

802 3471 26 23 to
840 3470 42 24 the
895 3477 83 17 owner

874 3531 41 25 W.
934 3530 34 25 H.

1007 3591 70 24 View
1096 3591 66 24 Hill.

635 3702 55 30 TO
702 3701 170 31 TRAVEL
886 3700 100 32 THIS
995 3700 179 36 SEASON,

738 3769 99 30 Oxford,
858 3769 141 31 Courtenay
1018 3769 56 24 and

771 3813 97 24 Greend
872 3814 37 23 ale
922 3812 119 25 districts.

665 3879 71 24 THE
760 3879 241 24 WELL-KNOWN
1014 3879 126 24 HORSE.
1173 3896 2 4 .

759 3931 297 47 MAJOR

632 4042 129 59 MAJOR
773 4042 20 24 is
806 4049 15 16 a
838 4041 121 24 beautiful
971 4040 60 24 dark
1049 4040 127 27 chestnut,

698 4075 118 31 standing
830 4076 30 23 16
873 4074 84 24 hands
969 4073 70 31 high,
1049 4073 61 24 with
1119 4081 57 22 very

632 4109 109 31 superior
753 4108 86 27 action,
859 4115 15 16 a
884 4107 64 32 good
968 4109 101 29 temper,
1089 4106 51 23 and
1152 4106 21 23 is

632 4150 15 16 a
664 4141 117 32 splendid
793 4141 102 25 worker.
1027 4162 3 2 .
1111 4162 2 1 .
1130 4162 1 1 .
1150 4150 4 3 •

853 4225 97 24 Terms.

666 4268 58 25 Full
737 4267 187 26 Guarantee.—
926 4268 44 23 £3.
985 4265 106 33 payable
1112 4265 62 31 Sept

635 4302 76 26 1897.
757 4301 63 26 Half
838 4301 175 25 Guarantee—
1015 4300 35 23 £l
1072 4298 104 32 payable
1178 4307 2 6 1

633 4334 137 26 December
787 4335 73 25 1896.
888 4356 3 5 ,
1044 4357 3 4 .
1147 4347 2 12 ;

664 4375 34 24 £1
712 4375 56 24 10s.
780 4374 108 32 payable-
901 4371 72 27 when
994 4380 67 17 mare
1087 4379 88 25 proves

631 4409 26 23 m
670 4408 59 26 foal,
747 4432 3 3 .
782 4406 92 26 Season
876 4422 32 3 —
910 4408 47 23 £2.
977 4405 107 32 Payable
1113 4404 63 30 Dec?-

632 4441 91 26 ember
727 4440 73 25 1896.

713 4494 41 26 W.
767 4494 24 25 J.
804 4494 151 25 JENKINS
967 4495 74 25 Junr.

892 4547 179 33 Waddington.
1166 4550 2 3 '

83 230 125 41 KAIAPQI
219 227 154 40 (SASHLEY
386 227 232 39 ELECTORATES

134 310 28 29 A
181 280 376 58 PUBLIC*MEETING

72 379 37 29 of
136 380 181 36 supporters
348 376 35 29 of
409 376 51 30 the
490 380 126 35 present

72 425 214 31 Government
379 425 37 28 be
432 424 73 29 held
518 424 34 29 m
564 421 50 33 the

73 476 134 38 Library
223 486 40 19 on
279 475 169 40 Thursday,
465 474 78 32 Nov.
574 477 40 28 26

74 530 34 26 at
130 527 28 29 8.
172 535 72 30 p.m.

285 610 15 17 ■'
324 605 32 31 C.
380 605 125 35 Lugak,
523 605 67 31 Sec.

73 726 61 32 ST.
157 723 205 33 ANDREWS
390 723 219 31 FESTIVAL.

72 808 175 38 SATURDAY
265 806 174 39 NOVEMBER
463 806 37 37 28
522 806 84 37 1898.

232 881 36 25 To
280 881 28 24 be
319 879 57 25 held
387 880 25 23 m
423 879 42 25 the

135 932 171 38 TOWN
372 930 172 38 HALL,

174 991 107 30 EAST
324 989 178 31 OXFORD.

156 1037 176 30 Commencing
343 1041 26 19 at
382 1036 30 30 3,2
424 1035 98 25 o'clock.

70 1081 115 25 FANCY
203 1080 143 29 BAZAAR,

138 1121 80 24 GIFT
248 1119 158 28 AUCTION,

188 1160 151 25 OUTSIDE
356 1158 248 26 AMUSEMENTS.

70 1201 69 24 Aunt
160 1201 75 32 Sally,
261 1200 95 29 Quoits,
377 1199 138 25 Children's
527 1198 79 26 Kaces

270 1235 48 26 &c,
341 1260 3 2 .
354 1235 52 26 &c,

129 1280 261 65 PUBLIC^
419 1299 129 45 TEA

69 1387 34 26 at
119 1384 28 29 5.
169 1394 72 28 p.m.
269 1384 123 29 Tickets
408 1394 56 18 one
480 1383 126 38 shilling

112 1425 83 29 each.
233 1425 144 30 Children
394 1424 169 40 half-price.

254 1516 32 24 At
305 1518 14 22 8
334 1516 89 24 o'clock

326 1562 32 16 AN

174 1671 210 38 commencing
426 1671 77 30 with

71 1717 29 30 A
115 1718 144 30 GRAND
283 1718 140 31 FANCY
447 1718 156 30 DANCE.

105 1803 108 25 FEAST
244 1803 43 25 OF
316 1803 111 25 FLORA
451 1803 120 25 MARCH

139 1881 72 25 Glees
240 1883 31 30 by
291 1881 123 32 Rangiora
433 1880 105 25 visitors.

204 1920 36 24 To
260 1920 29 24 be
312 1920 110 24 followed
443 1920 32 31 by

173 1958 53 24 The
254 1958 127 31 sparkling
398 1957 108 31 Comedy

117 2008 188 38 MILKY
346 2007 218 38 WHITE,

89 2066 31 30 by
138 2065 69 31 Lady
219 2066 49 23 and
281 2065 148 24 Gentlemen
449 2065 138 24 Amateurs.

72 2106 149 28 Admission,
235 2106 78 24 Front
324 2105 71 25 Seats
408 2106 36 23 2s.
456 2104 66 25 Back
534 2104 71 25 Seats

322 2146 35 23 Is.

136 2247 199 30 FUNERAL
375 2246 167 30 NOTICE.

72 2320 81 36 ipHE
164 2321 92 24 friends
270 2320 26 24 of
306 2321 42 23 the
362 2321 45 23 late
416 2319 86 25 Josiah
511 2319 95 24 Hawke

77 2346 23 33 A
121 2362 41 17 are
185 2355 156 30 respectfully
353 2354 120 23 informed
494 2353 55 24 that
567 2353 39 23 his

72 2387 95 25 funeral
185 2387 49 24 will
247 2387 68 25 leave
327 2386 43 25 the
387 2386 127 24 residence
526 2386 25 24 of
569 2386 38 24 bis

73 2420 99 25 brother
184 2421 111 28 David's,
317 2420 70 23 West
400 2419 91 24 Oxford
504 2422 26 20 at
553 2420 14 23 2
579 2427 25 22 p.

73 2462 35 17 m.
121 2463 31 17 on
167 2453 101 32 Sunday
281 2453 75 29 22nd,
376 2454 59 23 inst.
447 2452 38 25 for
503 2454 40 22 the
557 2452 49 24 Ox-

70 2488 54 24 ford
135 2488 133 30 Cemetery.

272 2536 28 23 A.
319 2534 146 30 BLUETT,

407 2583 164 26 Undertaker.

70 2798 81 25 riIHE
182 2798 55 24 Ann
237 2818 5 6 v
242 2790 51 43 ijf^;''.'
299 2804 3 10 :
309 2797 107 24 General
444 2796 112 31 Meeting
584 2796 27 24 of

74 2821 22 35 JL
120 2826 177 42 Share^jd'ers
320 2830 26 24 m
364 2830 42 24 the
428 2830 91 24 Oxford
531 2830 76 23 Town

70 2863 63 26 Hall
146 2856 125 41 Ccnjjfa-ny
295 2863 130 32 (Limited)
439 2863 50 24 will
510 2863 29 24 be
549 2862 59 25 held

58 2903 37 24 •m
108 2903 43 24 the
164 2903 69 28 Hjm>
252 2902 63 24 East
330 2902 93 24 Oxford
435 2910 29 14 on
478 2901 129 30 Thursday

70 2929 119 41 Nov..j2&
202 2935 66 25 IS9G
279 2938 26 22 at
315 2937 23 22 7.
352 2936 40 23 30.
404 2943 59 22 p.m.

103 2975 127 25 Business.
284 2973 116 25 Election
429 2973 25 24 of
475 2972 131 28 Directors,

70 3009 144 39 Inspection
227 3015 27 25 of
264 3016 117 23 accounts
404 3015 39 23 &c.

203 3075 34 24 H.
249 3075 23 23 J.
285 3073 144 29 LAMING,
443 3073 68 23 Hon.
526 3071 53 25 Sec.

270 3207 136 25 COMING

90 3275 217 31 PROBOSCO
338 3274 26 31 &
394 3272 192 32 FINLATS

101 3327 72 25 GRE
236 3325 182 26 COMBINED
442 3324 130 26 SHOWS.

66 3370 236 39 CIRCUS,
365 3367 234 45 CIRCUS,

316 3430 48 16 AND

160 3464 351 47 EQUESCURRICULLUM

185 3528 73 30 And
273 3528 63 30 will
359 3539 79 28 <jpen
454 3533 32 24 at

89 3589 170 30 OXFORD
286 3597 40 21 on
352 3588 226 31 SATURDAY

169 3640 115 30 NEXT
308 3640 89 31 NOY
423 3642 78 28 21st,

67 3726 34 22 40
118 3724 126 24 Beautiful
259 3724 97 24 trained
385 3725 49 23 and
454 3724 151 31 performing

70 3758 92 23 Horses
174 3757 49 24 and
235 3757 96 24 Ponies,

103 3790 143 24 Horseback
259 3790 82 28 riders,
361 3790 65 24 Male
439 3791 48 23 and
500 3790 102 26 Female

69 3823 126 28 Acrobats,
214 3823 134 29 Tumblers,
369 3825 140 26 Tumblers,
525 3825 75 31 Gym-

68 3863 77 23 nasts,
164 3856 48 24 and
233 3856 189 25 Contortionists
435 3865 40 16 are
488 3858 58 24 with
560 3857 43 25 the

70 3890 77 25 Great
161 3889 81 24 Show.

136 3933 69 24 Dont
226 3933 79 31 forget
334 3933 123 31 Saturday
477 3934 60 23 nest

228 3974 46 16 one
285 3966 74 30 night
371 3966 65 31 only.

249 4088 175 46 LOST.

69 4179 41 56 A
127 4178 120 25 WHITE
266 4178 49 24 and
328 4178 68 24 black
408 4177 74 31 sheep
495 4177 59 31 dog,,
570 4185 32 16 on

127 4211 108 31 Monday
252 4212 56 27 last,
321 4211 64 23 from
397 4211 51 28 the.
458 4211 68 23 Bock
538 4210 65 24 Ford

68 4244 85 26 Water
165 4245 73 24 Race.
273 4244 105 31 Anyone
386 4244 85 31 giving
493 4243 60 25 such
566 4243 36 24 in-

67 4278 131 25 formation
211 4279 55 22 that
290 4278 51 23 will
358 4277 56 24 lead
431 4279 26 22 to
479 4277 44 24 the
535 4284 69 17 same

68 4311 80 32 being,
162 4310 118 27 returned
292 4313 23 23 to
335 4318 49 22 me,
403 4310 51 25 will
477 4310 28 25 be
515 4317 87 18 rewar-

68 4344 54 30 ded,

62 4427 58 25 -.-.■/
178 4415 271 31 .-A.-..VALLANCE-,:
517 4433 2 1 -

296 4491 141 30 Woodside,

124 4529 106 10 o''
338 4531 2 2 '
501 4529 2 3 '

378 4562 70 26 West
467 4560 100 28 Oxford.
