3510 4660
82 217 41 25 the
140 215 81 25 Mines
243 213 170 32 Department.
461 212 50 26 The
535 214 79 31 aspir-

78 260 81 25 ations
170 259 26 25 of
207 264 77 25 many
295 257 27 25 m
334 257 43 25 the
389 254 96 28 district
497 256 49 26 had
558 257 56 25 that

78 304 47 30 day
135 303 63 24 been
215 301 112 25 fulfilled.
372 300 80 25 There
475 300 50 24 had
549 302 63 23 been

77 345 221 33 disappointments
310 343 50 26 and
383 343 142 26 difficulties
537 344 34 24 all
590 344 24 24 of

76 390 75 24 which
162 389 59 28 had,
240 388 118 29 however,
371 386 60 26 been
447 388 165 24 surmounted

75 434 61 25 with
170 435 55 22 true
268 431 176 32 Anglo-Saxon
485 431 125 25 fortitude.

78 478 83 34 (Hear,
180 476 80 32 hear,)
307 475 82 24 While
400 475 44 24 the
465 475 70 32 day's
548 483 62 18 cere-

75 531 76 23 mony
171 529 50 17 was
234 529 15 16 a
266 520 110 32 pleasing
388 527 55 23 one,'
461 519 69 25 there
543 521 67 23 must

75 568 30 23 he
118 574 14 16 a
144 566 99 24 shadow
255 564 27 24 of
302 564 101 24 sadness
414 563 26 23 m
460 562 44 24 the
523 563 51 23 fact
586 562 26 25 of

76 618 46 17 one
132 609 53 24 face
196 608 73 31 being
280 607 111 30 missing.
418 605 119 32 Through
546 605 64 32 good

75 653 48 25 and
135 652 48 26 evil
195 654 80 30 report
283 659 44 17 one
336 649 49 26 who
391 649 49 25 had
450 650 71 24 stuck
530 651 26 22 to
568 649 41 24 the

76 699 114 24 Brown's
202 696 68 25 Eock
283 696 98 24 scheme
393 694 26 24 m
432 694 140 31 opposition
584 696 24 22 to

76 750 44 17 one
133 741 27 24 of
169 749 14 15 a
195 739 57 25 wild
264 741 94 24 nature,
377 738 49 24 and
439 738 39 24 his
496 745 113 22 memory

75 785 80 26 would
178 792 54 17 ever
243 783 95 24 remain
353 790 75 24 green
440 782 27 23 m
485 781 42 24 the
540 781 67 24 dist-

74 830 54 24 rict.
180 828 39 24 He
242 826 106 25 referred
372 828 33 25 to.
424 825 43 24 the
490 825 51 24 late
565 825 41 23 Mr

75 871 162 27 Marmaduke
249 870 88 24 Dixon.
372 869 51 23 The
440 868 56 24 first
508 868 99 24 scheme

75 915 158 33 propounded
251 922 45 17 was
308 923 14 15 a
334 912 115 26 wild.and
473 912 132 30 expensive

76 967 53 22 one,
148 959 48 24 and
209 959 29 24 he
247 958 44 24 felt
303 964 54 18 sure
370 955 79 24 would
458 962 74 17 never
544 955 63 24 have

75 1004 60 25 been
152 1003 152 31 satisfactory
316 1003 26 23 to
348 1000 47 29 .the
416 1000 97 25 settlers
523 999 20 24 if
555 1007 51 17 car-

75 1048 52 24 ried
139 1049 49 22 out.
235 1046 51 24 The
297 1045 99 32 present
405 1064 2 2 .
418 1044 100 24 scheme
529 1051 51 16 was
593 1051 14 15 a

75 1091 117 32 practical
212 1097 54 20 one,
285 1089 49 23 and
354 1087 81 25 would
455 1087 30 23 he
496 1086 45 24 felt
554 1094 53 16 sure

74 1134 30 26 be
122 1134 127 25 beneficial
272 1134 25 23 to
321 1133 40 24 the
383 1131 104 24 district.
523 1129 84 25 Under

76 1181 69 23 those
158 1180 191 23 circumstances
361 1176 33 24 he
406 1184 49 16 was
473 1174 97 33 pleased
582 1178 25 21 to

75 1223 64 25 have
151 1223 39 24 Mr
203 1221 154 26 O'Halloran
370 1220 49 24 and
431 1220 42 24 the
485 1218 122 25 members

76 1268 26 25 of
112 1267 41 24 the
170 1266 79 25 Board
261 1265 83 24 beside
363 1264 54 24 him
426 1272 5 21 ;
451 1263 49 24 and
520 1262 31 25 he
563 1262 44 25 felt

78 1319 55 17 sure
145 1311 41 23 the
198 1309 97 25 settlers
315 1309 26 24 m
353 1308 40 24 the
410 1307 95 25 district
527 1305 80 26 would

69 1363 55 17 ever
153 1355 63 23 have
238 1360 73 16 caas9
335 1355 25 22 to
379 1352 63 23 bless
466 1350 69 25 them
561 1350 37 24 for

76 1398 64 25 their
158 1397 82 25 efforts
262 1397 27 24 m
317 1395 130 32 providing
466 1394 43 25 the
532 1395 73 23 water

76 1442 96 31 supply.
191 1441 33 24 As
233 1440 29 24 he
273 1439 53 25 said
339 1439 80 24 before
431 1438 42 25 the
485 1437 121 24 members

75 1487 26 24 ©f
111 1486 41 24 the
166 1485 80 25 Board
258 1484 50 24 had
320 1484 49 24 had
381 1482 64 25 their
457 1481 147 27 difficulties,

74 1531 45 23 but
130 1529 59 32 they
207 1527 50 26 had
268 1527 62 25 been
351 1526 103 25 assisted
466 1525 31 31 by
509 1525 95 31 legisla-

74 1574 60 27 tion,
148 1573 47 24 aud
209 1573 26 24 m
247 1572 62 24 their
321 1571 116 27 finances,
451 1569 50 25 and
512 1569 32 24 he
556 1576 50 17 was

73 1617 99 28 pleased
184 1616 54 24 that
250 1615 32 24 he
294 1614 71 25 could
373 1621 55 17 now
436 1613 169 31 congratulate

73 1661 69 23 them
155 1667 66 23 upon
233 1658 106 30 opening
351 1657 42 24 the
405 1657 55 23 first
472 1656 93 24 section
582 1664 23 16 oi

73 1705 66 23 what
151 1703 31 24 he
194 1701 80 26 would
286 1701 91 24 believe
386 1701 81 23 would
480 1700 28 23 be
520 1708 12 14 a
541 1703 65 20 most

73 1747 108 25 effective
193 1751 96 27 system.
336 1745 39 24 He
386 1744 52 25 had
460 1752 56 17 now
529 1744 76 24 much

72 1794 110 29 pleasure
205 1791 26 24 m
252 1789 123 31 declaring
395 1789 40 24 the
456 1796 55 17 race
532 1795 71 24 open,

73 1835 49 25 and
134 1835 31 24 he
182 1833 94 25 wished
288 1832 34 25 all
331 1832 135 25 concerned
482 1831 122 32 the'high-

73 1882 37 22 est
123 1879 101 24 benefits
236 1877 48 24 and
296 1877 33 24 all
340 1877 42 24 the
390 1876 150 31 advantages
550 1875 55 25 that

73 1925 65 22 must
150 1922 64 25 arise
233 1922 64 25 from
309 1921 41 25 the
372 1928 66 17 races
459 1928 56 16 now
539 1926 65 18 com-

71 1966 91 31 pleted.
198 1966 53 24 Tke
274 1965 109 23 Premier
405 1964 60 24 then
478 1963 77 24 called
567 1963 38 24 for

72 2011 70 23 three
165 2009 82 24 cheers
276 2008 36 24 for
337 2009 40 23 the
404 2007 131 24 Chairman
556 2005 49 25 and

34 2070 4 5 -
72 2053 121 26 members
205 2052 27 25 of
247 2053 40 23 the
308 2051 87 28 Board,
414 2050 43 25 the
480 2049 125 32 Engineer

71 2097 49 24 and
133 2096 42 24 the
193 2095 110 31 working
323 2103 55 16 men
390 2095 62 29 who,
475 2094 78 23 under
565 2102 39 15 ex-

71 2140 156 30 traordinary
240 2138 139 24 difficulties
397 2138 48 23 and
456 2137 26 23 m
500 2139 41 21 ti:e
554 2136 52 24 lace

71 2183 26 25 of
108 2191 14 17 a
134 2182 114 31 shortage
260 2180 27 26 of
307 2188 105 23 money,,
429 2179 49 25 had
489 2178 62 25 done
563 2179 43 24 the

70 2227 67 25 work
151 2235 26 16 so
189 2226 63 25 well.
273 2225 80 24 Three
362 2225 85 24 cheers
461 2232 59 16 were
535 2224 70 24 hear-

71 2272 46 31 tily
129 2271 73 32 given
216 2270 48 25 and
273 2270 42 23 the
333 2277 121 23 company
471 2267 135 31 adjourned

70 2317 27 22 to
110 2323 14 16 a
136 2322 115 23 marquee
263 2313 37 24 for
311 2312 124 24 luncheon
447 2310 116 33 provided
575 2310 30 32 by

72 2359 38 24 W.
132 2359 87 30 Paget,
240 2357 26 24 of
276 2357 51 24 the-
341 2355 165 26 Commercial
519 2355 84 28 Hotel,

72 2402 100 25 Oxford.
208 2425 2 3 .

106 2446 69 24 Alter
188 2446 43 24 the
242 2444 123 25 luncheon
376 2443 46 28 JMr
443 2443 162 28 O'Halloran,

71 2490 55 25 who
139 2488 117 33 occupied
268 2488 41 24 the
322 2487 74 29 chair,
415 2487 58 25 read
483 2486 124 32 apologies

71 2536 63 22 from
148 2534 44 24 the
205 2533 78 24 Hons.
297 2532 32 24 E.
342 2531 163 28 Richardson,
525 2530 40 24 W.
579 2530 27 24 C.

72 2577 107 27 Walker,
210 2577 30 23 A.
268 2576 23 23 J.
322 2575 113 24 Cadman
463 2574 45 24 and
541 2573 66 24 John

72 2620 145 28 Molvenzie,
228 2619 90 24 Messrs
332 2619 24 24 J.
367 2618 84 32 Joyce,
465 2617 31 26 G.
510 2617 97 29 Harris,

72 2666 30 24 R.
117 2665 130 26 Meredith,
266 2664 35 23 M.
311 2662 160 28 Macfarlane,
485 2662 39 24 W.
534 2661 74 29 Buss,

72 2709 31 23 G.
120 2707 37 24 W.
183 2706 106 29 Russell,
314 2707 29 23 A.
369 2705 114 29 Parsons,
508 2704 34 24 H.
567 2704 40 24 W.

72 2751 102 31 Bishop,
197 2750 31 24 E.
252 2749 129 29 Feldwick,
412 2748 34 25 H.
471 2748 29 25 F.
522 2747 85 30 Recce,

73 2797 31 23 G.
124 2797 21 23 A
170 2795 92 26 White,
290 2794 50 24 and
353 2794 7 19 '■■■
368 2794 43 24 the
430 2794 62 24 Eev.
518 2792 92 25 Father

73 2839 138 26 O'Connor,
247 2838 34 24 all
309 2837 27 25 of
362 2837 80 25 whom
478 2836 131 32 expressed

71 2883 88 31 haarty
177 2881 210 33 congratulations
407 2882 25 23 at
445 2880 42 25 the
504 2879 106 32 comple-

72 2930 53 23 tion
139 2928 24 24 of
184 2927 42 24 the
251 2926 53 25 first
317 2926 93 25 section
423 2926 24 24 of
469 2925 42 25 the
536 2927 74 22 water

73 2971 89 30 supply
185 2970 88 24 works.
309 2970 53 24 The
386 2969 136 23 Chairman
548 2968 59 24 then

73 3014 111 25 thanked
200 3014 40 24 the
253 3013 97 25 visitors
362 3012 36 26 for
410 3013 64 24 their
486 3020 122 23 presence,

75 3059 50 25 and
155 3057 118 33 proposed
301 3058 43 24 the
377 3060 77 22 toasts
478 3056 26 25 of

73 3102 92 30 Queen'
170 3102 5 10 5
188 3101 50 24 and
496 3099 41 24 He
548 3100 61 23 next

72 3145 123 33 proposed
206 3145 44 25 the
262 3144 84 25 health
358 3144 26 24 of

72 3190 106 32 coupled
190 3189 60 25 with
262 3189 43 24 the
318 3196 72 17 name
399 3188 27 25 of
435 3189 42 24 the
489 3187 118 25 Premier.

73 3236 55 24 The
141 3236 66 23 toast
218 3241 51 16 was
288 3232 81 25 drunk
386 3232 222 30 enthusiastically,

73 3279 59 24 with
151 3277 104 24 musical
279 3276 109 24 honours
408 3276 50 23 and
463 3282 3 5 v
475 3275 85 25 cheers
572 3276 38 23 for

75 3323 42 24 the
132 3321 110 24 Premier
254 3319 49 25 and
315 3319 52 24 Mrs
386 3319 106 25 Seddon.

108 3365 54 26 The
171 3365 66 24 Hon.
252 3363 30 25 R.
296 3363 24 31 J,
335 3363 106 30 Seddon,
454 3363 27 24 m
493 3363 116 31 respond-

73 3411 52 30 ing,
147 3408 100 25 assured
259 3408 43 24 the
321 3415 120 24 company
452 3408 27 24 of
489 3407 42 24 the
541 3408 69 30 great

73 3453 113 32 pleasure
198 3452 19 24 it
229 3459 61 24 gave
302 3451 54 24 him
365 3453 26 22 to
403 3452 28 23 be
440 3452 107 30 present,
561 3450 50 24 and

74 3499 32 22 he
119 3504 50 16 was
188 3503 55 16 sure
255 3495 56 24 that
322 3495 34 24 all
379 3495 44 24 the
440 3498 86 28 guests
549 3502 61 16 were

73 3539 125 31 tJelighted
223 3538 60 25 with
296 3539 41 23 the
357 3538 146 31 hospitality
526 3538 82 23 shown

73 3584 79 27 them,
188 3582 25 24 It
225 3589 50 17 was
288 3583 45 23 not
343 3581 105 32 thought
457 3589 15 17 a
483 3581 46 25 few
540 3589 70 17 mon-

75 3627 41 25 ths
129 3634 47 24 ago
186 3626 56 24 that
253 3626 59 31 they
323 3626 82 24 would
419 3626 30 24 be
460 3626 110 31 meeting
579 3634 31 16 on

75 3673 41 22 the
129 3671 80 23 banks
233 3669 26 24 of
277 3669 43 24 the
339 3669 174 24 Waimakariri
533 3670 79 23 under

75 3713 60 25 suVri
148 3713 82 31 haopy
248 3711 203 26 circumstances.
470 3712 53 24 The
540 3713 70 29 gath-

75 3759 69 30 ering
156 3756 26 26 of
189 3755 98 26 settlers
301 3756 91 31 proved
410 3753 55 29 that
475 3756 43 26 the
530 3756 82 26 Board

74 3809 51 18 was
137 3802 26 22 m
186 3801 65 24 close
270 3801 77 23 touch
367 3801 61 24 with
450 3801 43 23 the
516 3802 94 29 people,

75 3844 49 25 and
135 3845 21 22 it
167 3852 51 16 was
227 3843 110 32 pleasing
347 3845 26 23 to
386 3851 40 17 see
437 3845 43 23 the
501 3852 110 23 prosper-

74 3889 37 30 ity
122 3887 78 24 which
213 3887 95 26 existed
319 3887 27 24 m
364 3887 41 24 the
414 3887 97 25 district
513 3902 31 3 —
546 3895 66 23 pros-

74 3931 80 32 perity
164 3931 78 23 which
254 3930 82 25 would
346 3930 30 24 be
387 3930 128 24 enhanced
528 3932 30 30 by
571 3933 41 22 the

75 3974 64 33 good
151 3975 68 23 work
238 3982 28 16 so
287 3974 165 24 commenced.
497 3974 40 24 He
564 3982 48 16 was

75 4017 100 33 pleased
200 4019 26 23 to
238 4026 40 17 see
290 4026 32 15 an
344 4018 40 25 old
395 4017 79 25 friend
496 4019 64 24 from
572 4019 40 24 the

75 4061 71 24 West
163 4061 84 29 Coast,
269 4061 49 23 and
339 4061 92 24 friends
450 4061 65 25 from
542 4062 71 23 other

34 4112 8 7 v
53 4117 3 3 •
75 4106 77 28 parts,
170 4104 49 24 and
241 4104 31 24 he
283 4112 51 16 was
358 4112 56 17 sure
436 4104 44 25 the
503 4105 109 31 opening

75 4154 129 25 seremony
228 4146 82 26 would
322 4147 29 25 be
370 4147 60 34 long
442 4148 170 26 remembered

76 4200 28 17 as
116 4199 15 17 a
142 4193 65 23 most
218 4192 81 32 happy
311 4192 138 32 gathering.

109 4234 54 25 The
191 4234 108 26 Premier
328 4235 60 26 then
421 4236 121 32 proposed
570 4236 43 25 the

75 4277 86 27 heath
182 4278 28 25 of
240 4278 43 30 the
309 4278 187 35 Water-supply
521 4280 90 29 Board,

76 4323 104 32 coupled
191 4323 62 26 with
273 4324 41 25 the
333 4332 76 17 name
428 4325 29 24 of
477 4324 44 25 the
532 4325 80 24 chair-

75 4375 69 20 man,
158 4367 40 24 Mr
216 4367 165 26 O'Halloran.
426 4368 41 25 He
494 4368 119 25 reviewed

75 4410 43 25 the
135 4409 68 25 work
224 4410 152 26 undertaken
402 4411 34 32 by
459 4411 44 25 the
523 4410 89 30 Board,

75 4454 48 24 anil
136 4453 43 25 the
196 4454 138 26 difficulties
344 4455 20 25 it
376 4454 50 25 h<td
443 4455 170 25 surmounted.

74 4497 42 25 He
127 4497 104 25 referred
243 4497 44 26 the
295 4501 76 29 great'
377 4499 105 24 service's
493 4497 121 26 rendered

73 4542 35 29 by
133 4541 42 25 the
200 4541 49 26 late
272 4541 41 26 Mr
332 4542 165 26 Marmaduke
520 4541 92 26 Dixon.

645 226 127 33 Speaking
783 228 64 25 from
859 228 151 31 experience,
1022 227 33 25 he
1066 226 45 25 felt
1129 228 50 24 sat-

642 268 72 26 isfied
724 271 56 25 that
800 271 44 26 the
856 271 68 25 work
936 270 94 26 carried
1052 271 46 25 out
1109 270 72 25 could

642 315 45 22 not
698 313 28 24 m
737 322 49 24 any
798 317 96 28 respect
914 315 30 22 be
956 313 128 31 improved
1101 321 78 23 upon.

642 355 40 25 He
694 357 106 24 referred
809 357 62 25 with
879 358 83 30 regret
974 358 26 23 to
1012 357 44 24 the
1067 357 50 24 fact
1125 357 55 24 that

642 406 68 18 some
722 400 27 23 of
760 400 43 24 the
815 398 109 32 working
946 407 59 16 men
1018 399 54 24 who
1084 399 41 24 did
1137 400 42 24 the

641 442 67 24 work
721 442 42 24 did
780 447 43 20 not
834 442 91 24 receive
949 442 62 24 their
1022 449 89 24 wages,
1136 442 43 25 the

640 488 140 23 contractor
796 485 95 32 having
908 485 111 25 received
1038 485 44 25 the
1094 494 85 24 money

640 530 49 24 and
700 531 44 22 not
757 529 57 31 paid
826 529 38 24 his
877 537 67 16 men.
965 528 31 25 A.t
1008 529 170 26 considerable

639 572 86 32 length
738 573 32 24 he
791 572 106 25 detailed
918 573 41 24 the
979 574 65 29 steps
1068 572 72 25 taken
1153 576 25 21 to

638 624 103 23 procure
753 616 140 31 legislation
911 618 26 22 to
949 616 74 24 assist
1040 616 43 24 the
1095 616 81 24 Board

638 660 49 24 and
698 661 26 23 to
744 659 42 25 the
797 659 117 25 financial
935 661 104 30 support
1062 659 71 33 given
1146 662 31 30 by

638 703 43 24 the
706 703 171 24 Government
890 705 25 22 to
939 704 42 24 the
1002 704 89 24 Board.
1137 705 41 24 He

637 746 76 32 urged
732 746 42 24 ths
786 746 97 25 settlers
896 748 25 23 to
934 747 89 24 extend
1044 748 47 24 and
1110 756 64 16 com-

637 791 65 30 plete
720 789 42 25 the
789 795 100 26 system,
908 791 49 24 and
979 792 103 24 assured
1108 792 67 24 them

636 833 56 25 that
704 833 21 23 if
732 833 50 23 this
802 841 50 16 was
865 833 62 24 done
939 835 26 22 m
980 842 13 14 &,
1006 842 89 23 proper
1106 842 69 16 man-

636 885 44 16 ner
703 876 42 25 the
770 877 169 24 Government
969 878 81 24 would
1078 880 45 22 not
1146 879 30 24 be

637 920 159 25 behindhand
807 920 61 25 with
880 922 144 24 assistance.
1061 921 40 25 He
1118 929 56 17 con-

636 964 88 25 cluded
736 964 31 31 by
780 964 120 32 speaking
920 966 26 23 m
958 966 87 30 hearty
1066 966 110 31 appreci-

635 1009 66 24 ation
715 1008 27 24 of
764 1009 41 24 the
818 1009 105 24 Board's
936 1009 105 25 services
1053 1009 49 24 and
1120 1009 54 24 ask-

635 1053 44 31 ing
691 1053 43 24 the
757 1060 122 23 company
900 1054 25 23 to
938 1053 104 31 heartily
1061 1053 71 24 drink
1143 1054 32 23 its

635 1095 97 25 health.

669 1139 53 23 The
746 1140 66 22 toast
825 1146 51 17 was
899 1138 83 26 drunk
1009 1139 58 25 with
1087 1139 87 32 hearty

637 1183 164 24 enthusiasm.

670 1227 39 24 Mr
723 1226 25 25 J.
762 1226 153 25 O'Halloran
933 1226 132 30 responded
1079 1228 26 23 at
1117 1234 55 17 con-

636 1270 119 25 siderable
776 1269 96 32 length,
892 1270 113 31 entering
1024 1270 54 24 into
1097 1278 14 16 a
1123 1270 49 24 his-

636 1319 51 26 tory
700 1313 26 25 of
736 1313 43 24 the
792 1313 83 25 Board
887 1313 50 24 and
950 1313 43 25 the
1004 1315 67 23 work
1081 1313 91 25 carried

635 1360 51 22 out.
734 1357 39 24 He
786 1357 109 31 strongly
908 1357 75 31 urged
995 1365 15 16 a
1022 1357 70 24 cl&iui
1106 1365 67 23 upon

635 1402 42 24 the
708 1400 173 25 Government
915 1400 38 25 for
982 1401 189 29 consideration,

635 1446 85 30 seeing
741 1446 54 23 that
807 1444 77 25 about
896 1446 94 27 £8,000
1012 1453 51 16 was
1081 1446 91 23 wasted

635 1488 108 32 through
772 1489 117 24 defective
918 1488 148 31 legislation.
1120 1488 52 24 The

635 1533 170 24 Government
821 1532 52 24 had
885 1532 72 24 voted
971 1531 105 30 £1,500,
1100 1532 73 24 £300

635 1576 26 25 of
682 1576 79 25 which
773 1576 48 25 had
833 1576 59 24 been
911 1575 126 32 expended
1057 1584 32 16 on
1112 1575 60 25 Coo-

624 1623 74 28 vper's
729 1620 77 24 Creek
829 1621 155 23 water-races
1005 1622 25 22 to
1048 1620 123 29 complete

635 1665 73 23 them.
753 1663 24 23 It
790 1671 50 16 was
852 1663 118 24 intended
990 1665 26 21 to
1028 1662 77 31 spend
1129 1670 42 16 an-

635 1707 70 24 other
718 1707 72 23 £250
803 1708 23 23 to
838 1706 90 24 extend
941 1705 50 25 this
1009 1705 96 31 supply,
1124 1705 47 24 and

634 1751 58 30 they
705 1758 53 16 now
767 1750 49 24 had
827 1750 97 28 £2,000
934 1750 24 23 m
969 1749 76 29 hand,
1059 1748 112 31 together

634 1794 60 24 with
707 1794 69 24 £050
788 1793 116 31 expected
922 1793 64 24 from
998 1792 43 24 the
1061 1792 109 24 Govern-

634 1842 75 24 ment,
729 1839 25 23 to
767 1845 70 23 carry
850 1842 43 19 out
905 1836 43 25 the
960 1835 134 32 subsidiary
1102 1844 69 16 races

635 1889 82 17 across
730 1881 42 24 the
785 1885 112 27 country.
942 1880 40 24 He
994 1880 74 24 could
1087 1888 39 15 see
1138 1888 32 16 no

633 1933 89 17 reason
734 1924 56 31 why
813 1924 43 24 the
876 1919 191 35 Water-Supply
1088 1922 82 25 Board

634 1968 90 25 should
735 1971 42 21 not
789 1968 29 23 be
830 1967 87 32 placed
936 1968 28 22 m
976 1974 14 16 a
1002 1967 96 23 similar
1115 1974 54 23 pos-

632 2011 61 25 ition
706 2013 26 22 to
744 2011 69 24 other
825 2009 62 25 local
899 2010 83 24 bodies
998 2009 61 25 with
1083 2009 96 32 regard,

634 2058 25 22 to
672 2055 121 24 subsidies
806 2054 48 25 and
866 2062 117 17 reserves.
993 2070 5 3 -
1002 2053 90 27 Either,
1102 2053 67 25 abol-

633 2100 40 23 ish
685 2107 108 16 reserves
812 2098 48 24 and
880 2098 121 24 subsidies
1021 2106 28 16 or
1061 2100 64 21 treat
1137 2098 33 23 all

635 2143 62 23 local
720 2141 84 24 bodies
824 2140 71 25 alike.
931 2140 40 24 He
984 2141 52 23 also
1063 2140 75 31 urged
1156 2148 15 16 a

635 2185 74 24 claim
720 2184 26 24 m
758 2186 101 29 respect,
866 2186 25 22 to
903 2184 43 25 the
969 2184 78 24 thirds
1060 2184 43 25 the
1114 2192 54 23 pro-

635 2229 70 25 ceeds
717 2228 64 25 from
798 2229 115 24 the'sales
925 2229 26 24 of
962 2228 87 25 Crown
1061 2228 71 25 lands
1144 2229 25 23 m

635 2272 42 24 the
706 2275 111 28 country.
878 2272 40 23 He
941 2272 118 24 returned
1084 2272 85 31 hearty

633 2316 92 24 thanks
738 2323 32 16 on
789 2314 84 26 behalf
883 2316 25 24 of
920 2315 42 25 the
974 2315 83 25 Board
1077 2315 38 27 for
1127 2316 42 24 tfce

634 2368 51 22 way
707 2359 27 23 m
746 2359 82 23 which
846 2359 41 23 the
901 2361 64 22 toast
986 2358 50 24 had
1059 2359 61 24 been
1132 2367 37 16 re-

635 2401 117 25 ceceived.

668 2446 40 24 Mr
720 2444 31 25 D.
765 2445 88 24 Buddo
870 2444 121 32 proposed
1012 2444 40 25 the
1065 2447 64 23 toast
1146 2444 27 25 of

722 2489 167 31 Agricultural
901 2490 47 23 and
966 2489 113 25 Pastoral
1091 2488 76 25 Inter-

637 2541 55 17 ests.
719 2533 40 24 He
770 2533 108 24 referred
887 2537 25 20 to
924 2535 43 22 the
980 2533 125 31 improved
1117 2535 53 22 out-

636 2576 56 24 look
704 2576 37 24 for
753 2576 42 24 the
805 2576 188 31 agriculturists.
1018 2576 107 28 ,Wheat,
1139 2576 32 23 he

638 2620 115 30 believed,
777 2620 80 24 would
868 2628 64 23 open
950 2622 26 22 at
988 2622 36 22 Bs.
1042 2620 41 24 9d.
1096 2627 26 17 or
1134 2621 37 23 4s.

638 2672 41 23 per
693 2664 93 28 bushel,
805 2664 50 24 and
877 2664 27 24 m
927 2664 80 24 North
1019 2664 80 31 Otago
1124 2664 48 24 and

638 2706 152 32 Canterbury
814 2707 70 24 there
906 2715 47 16 was
978 2714 33 16 an
1021 2707 109 24 increase
1148 2707 27 24 of

637 2752 109 26 285,000
769 2758 66 17 acres
860 2751 77 24 under
960 2751 81 24 wheat
1064 2759 27 16 as
1105 2758 66 17 com-

638 2795 75 31 pared
731 2794 62 24 with
810 2795 48 23 last
869 2803 65 21 year.
981 2794 40 24 Ho
1033 2794 141 25 considered

638 2838 56 25 that
705 2838 20 24 it
739 2837 79 25 would
830 2837 30 25 be
879 2846 32 16 an
922 2837 138 32 advantage
1073 2841 25 21 to

638 2890 15 16 a
664 2883 92 30 county
779 2881 93 25 formed
891 2888 42 18 out
954 2881 27 26 of
1003 2881 43 26 the
1071 2884 102 30 country

639 2927 109 24 between
758 2926 42 25 the
813 2926 177 25 Waimakariri
1002 2926 50 25 and
1072 2926 100 32 Ashley.

638 2970 40 24 He
690 2970 105 29 coupled
818 2970 43 23 the
874 2971 65 23 toast
951 2970 61 24 with
1035 2970 40 24 the
1087 2977 87 17 names

638 3016 25 22 ot
675 3014 90 24 Messrs
777 3014 30 24 F.
827 3013 160 32 Waymouth,
1005 3014 31 24 E.
1058 3014 115 24 Blunden

638 3060 49 23 and
699 3058 24 25 J.
736 3058 108 32 Ingram,
864 3058 56 25 who
928 3058 145 31 responded.

671 3103 42 23 Mr
725 3101 33 25 Gr.
780 3101 127 25 Johnston
925 3101 110 25 Webster
1054 3101 121 31 proposed

638 3148 41 23 the
691 3149 65 23 toast
777 3145 25 25 oi
1125 3146 50 24 and

638 3191 75 31 spoke
737 3190 28 24 m
784 3190 63 32 high
873 3191 77 24 terms
969 3189 27 25 of
1017 3190 42 25 the
1071 3198 54 23 way
1148 3190 26 24 m

638 3236 77 23 which
728 3235 41 23 the
780 3234 69 25 work
861 3242 49 16 was
924 3234 92 24 carried
1028 3237 50 22 out.
1115 3234 54 24 The

638 3283 66 20 toast
720 3285 50 17 was
792 3277 105 32 coupled
908 3278 61 23 with
991 3278 43 24 the
1052 3285 87 16 names
1151 3279 27 23 of

639 3323 90 24 Messrs
743 3321 111 32 Gundry,
880 3321 96 28 Askew,
1005 3322 107 24 Scanlan
1126 3322 50 23 and

638 3367 29 24 J.
688 3366 116 25 Thomas.

673 3410 40 24 Mr
732 3409 117 30 Thomas,
868 3410 25 24 m
913 3410 157 31 responding,
1096 3409 80 24 stated

638 3457 57 22 that
706 3456 38 27 he,
755 3454 26 24 m
793 3455 158 31 conjunction
965 3455 60 23 with
1039 3462 15 16 a
1066 3456 109 29 partner,

638 3498 50 24 had
702 3497 63 25 built
786 3498 78 28 15,222
864 3498 40 28 ft.
929 3498 27 24 of
973 3497 114 31 bridging
1098 3506 5 20 ;
1128 3498 49 23 and

638 3541 155 32 contracting
805 3549 32 16 on
847 3541 39 24 his
896 3549 56 16 own
960 3545 112 24 account,
1086 3541 32 24 he
1127 3540 50 25 had

639 3586 156 25 constructed
822 3585 80 30 19,787
902 3585 40 30 ft,
965 3585 86 25 twelve
1080 3584 97 32 bridges

641 3629 73 33 being
725 3637 58 16 over
797 3629 102 30 I,oooft.
910 3629 24 23 m
947 3629 95 31 length.
1078 3628 40 25 He
1127 3629 49 24 had

640 3674 92 30 always
755 3673 122 31 managed
906 3676 25 21 to
954 3680 48 24 pay
1031 3673 40 23 his
1099 3673 78 22 men's

642 3724 85 24 wages,
747 3716 48 24 and
807 3716 31 24 he
852 3716 90 24 wished
954 3719 25 22 to
1000 3715 176 32 emphatically

641 3760 63 33 deny
719 3760 54 25 that
791 3768 15 17 a
818 3768 57 18 man
892 3760 49 26 had
954 3760 62 26 been
1035 3760 143 33 discharged

640 3804 61 23 from
722 3803 43 24 the
788 3804 88 24 tunnel
902 3809 111 20 contract
1028 3805 101 24 because
1146 3804 32 24 he

641 3847 49 23 had
703 3846 107 31 agitated
821 3847 42 24 the
873 3847 118 25 interests
1004 3848 26 23 of
1040 3848 41 24 the
1101 3847 76 24 work-

640 3890 44 31 ing
696 3897 58 17 men
766 3890 53 24 who
842 3890 49 24 had
903 3894 43 20 not
960 3891 59 24 been
1043 3891 58 31 paid
1114 3891 64 24 their

641 3940 88 24 wages.
765 3932 40 24 He
817 3934 53 23 also
887 3934 107 24 referred
1006 3937 26 22 to
1045 3942 70 17 some
1127 3935 50 31 leg-

641 3976 97 25 islative
758 3979 103 22 matters
881 3977 88 30 which,
989 3979 29 24 he
1039 3979 62 28 said,
1120 3987 58 16 were

642 4019 162 26 detrimental
815 4022 25 23 to
851 4021 88 25 honest
950 4026 160 21 contractors.

675 4065 40 24 Mr
740 4066 98 23 Seddon
851 4066 25 22 m
894 4066 120 31 euligistic
1026 4070 77 20 terms
1123 4074 54 23 pro-

641 4109 76 31 posed
728 4108 43 25 the
791 4109 97 26 health,
889 4109 26 24 of
932 4109 49 26 the.
987 4109 133 31 Engineer,
1140 4109 39 24 Mr

642 4153 30 25 G.
680 4153 124 26 Johnston
821 4153 124 26 Webster.
990 4173 5 2 -

675 4197 40 25 Mr
738 4197 114 25 Webster
876 4198 142 31 responded,
1036 4198 50 24 and
1109 4205 67 17 men-

642 4241 85 25 tioned
739 4241 54 24 that
802 4241 31 25 he
843 4241 115 31 expected
967 4244 26 21 to
1001 4241 62 24 have
1071 4249 14 16 a
1092 4243 86 21 water-

641 4293 56 18 race
710 4290 24 20 to
747 4285 124 32 Rangiora
883 4285 27 25 m
922 4285 55 25 four
984 4285 113 25 month's
1109 4285 69 27 time..

675 4330 54 25 The
741 4330 66 24 toast
818 4330 27 24 of
854 4329 42 25 the
906 4329 73 26 Press
990 4337 50 17 was
1050 4328 58 32 duly
1118 4329 61 24 hon-

642 4374 82 28 oured,
738 4373 48 23 and
798 4373 44 24 the
853 4373 165 31 proceedings'
1026 4372 82 26 closed
1120 4374 59 23 with

642 4416 43 25 the
695 4415 100 32 singing
806 4415 27 25 of
936 4416 73 31 Laiig

664 4452 64 38 .',-{*•
743 4461 5 25 j
777 4452 64 36 r**.
904 4450 11 37 ■!
931 4457 4 18 l
934 4452 21 35 .\
960 4450 16 18 J
972 4453 80 33 )'l0
1073 4445 26 39 ■'.
1125 4450 29 33 .'/

1210 211 190 61 LOCAL
1421 211 34 59 an
1474 211 38 59 d
1512 211 225 59 GENERAL

1243 296 55 24 The
1315 296 106 24 Donkey
1438 295 121 25 Again.—
1562 295 43 24 We
1622 303 41 17 are
1675 303 62 23 sorry

1209 339 26 24 to
1245 338 61 26 hear
1325 339 54 24 that
1397 338 43 25 the
1451 338 41 24 old
1509 338 178 31 Poundkeeper
1698 338 39 24 has

1208 381 60 25 been
1280 382 75 31 lately
1369 382 87 24 kicked
1468 382 31 31 by
1519 390 15 15 a
1545 381 113 32 Donkey.
1693 381 44 24 But

1208 426 62 23 after
1291 426 73 31 being
1383 425 97 25 treated
1502 424 38 25 for
1573 426 71 23 three
1667 425 70 24 hours

1207 468 51 25 and
1282 477 14 17 a
1308 473 97 28 quarter
1423 468 33 33 by
1468 468 45 24 Dr.
1537 468 99 26 Seddon
1653 469 27 24 m
1701 468 36 25 the

1207 517 64 20 most
1294 512 121 26 scientific
1426 520 112 22 manner,
1557 513 45 25 has
1613 513 124 25 recovered

1207 557 192 24 consciousness.
1426 555 61 24 This
1500 556 88 23 should
1597 556 29 24 be
1638 564 15 16 a
1665 564 72 16 warn-

1205 598 44 32 ing
1261 601 24 22 to
1298 599 54 24 him
1371 601 43 23 not
1435 603 25 20 to
1477 598 97 25 meddle
1597 599 61 24 with
1679 598 58 26 Con-

1207 644 117 24 servative
1336 643 107 24 ahimab
1454 642 25 24 m
1492 643 44 24 the
1551 643 91 25 future.

1240 693 54 24 The
1303 693 121 24 Genekal
1434 692 136 25 Election.
1572 706 33 4 —
1606 692 40 24 Mr
1656 692 81 25 Buddo

1205 736 131 24 addressed
1349 745 15 15 a
1376 736 109 30 meeting
1497 736 25 24 of
1545 737 104 23 electors
1661 738 26 22 at
1699 736 38 24 the

1205 773 84 25 Plains
1314 774 91 25 School
1428 781 32 17 on
1480 774 130 31 Thursday
1636 774 101 31 evening

1204 812 57 25 last.
1297 813 41 24 Mr
1350 812 33 25 H.
1397 812 82 25 Ffitch
1491 813 26 23 m
1529 812 43 25 the
1585 812 76 24 chair.
1688 812 49 25 The

1204 851 99 24 address
1323 859 50 16 was
1397 851 145 31 attentively
1577 850 105 25 listened
1705 852 32 27 to,

1204 894 64 23 after
1278 894 81 24 which
1372 901 14 16 a
1393 893 105 24 number
1511 893 26 24 of
1544 893 124 31 questions
1677 901 60 16 were

1204 937 127 25 answered
1342 937 27 23 m
1379 946 14 15 a
1404 936 155 31 satisfactory
1569 945 113 17 manner.
1701 936 36 25 Mr

1203 979 87 26 Buddo
1308 980 109 25 received
1430 989 22 16 &■
1466 980 150 25 unanimous
1637 985 56 21 vote
1717 981 20 26 of

1203 1025 100 24 thanks.
1347 1026 42 23 Mr
1406 1025 88 24 Buddo
1506 1025 51 24 also
1576 1032 60 23 gave
1649 1032 31 17 an
1694 1025 43 24 ad-

1203 1065 70 24 dress
1292 1067 25 22 at
1337 1065 145 24 Oddfellows
1494 1065 63 24 Hall
1571 1065 69 24 West
1650 1065 87 24 Oxford

1202 1102 49 24 last
1260 1103 82 31 night,
1353 1102 146 31 particulars
1509 1103 27 24 of
1543 1102 80 25 which
1632 1111 37 16 we
1677 1103 60 31 hope

1203 1143 25 22 to
1240 1140 98 32 publish
1350 1141 26 23 m
1388 1150 45 16 our
1454 1143 61 22 next
1527 1140 89 26 week's
1632 1141 74 25 issue.

1236 1190 128 23 Meeting.
1367 1205 32 2 —
1402 1190 19 23 A
1433 1189 85 32 public
1528 1190 108 31 meeting
1648 1190 27 24 of
1682 1197 55 24 sup-

1202 1235 93 30 porters
1318 1233 27 25 of
1371 1233 43 24 the
1438 1235 101 30 present
1569 1233 168 24 Government

1202 1277 52 24 will
1266 1277 30 24 be
1308 1277 57 24 held
1383 1277 26 24 m
1421 1277 42 24 the
1475 1277 105 31 Library
1600 1284 34 17 on
1646 1276 91 25 Thurs-

1202 1317 47 31 day
1270 1316 104 32 evening
1397 1319 68 27 next,
1487 1317 172 30 commencing
1668 1318 26 23 at
1714 1318 23 23 8.

1235 1371 116 24 Cricket.
1359 1386 27 2 —
1388 1371 21 24 A
1428 1371 83 24 match
1534 1379 49 16 was
1602 1370 85 32 played
1713 1372 24 23 at

1202 1409 120 25 Bennetts
1352 1409 108 25 between
1491 1409 157 25 Swannanoa
1690 1409 47 24 and

1331 1447 76 25 Clubs
1419 1456 32 16 on
1465 1447 67 25 18th.
1545 1447 121 33 resulting
1677 1447 27 25 m
1724 1455 13 17 a

1202 1486 43 24 win
1258 1486 38 24 for
1310 1487 156 24 Swannauoa
1479 1486 31 31 by
1529 1487 30 22 G3
1572 1494 67 16 runs.
1651 1486 86 24 Swan-

1201 1531 81 17 annoa
1293 1526 32 22 44
1349 1524 50 24 and
1411 1525 31 23 84
1466 1524 40 31 (A.
1529 1524 97 24 Winter
1647 1526 30 21 11
1698 1525 39 23 51.

1201 1562 120 32 McHugh
1346 1562 49 24 and
1427 1562 137 32 McGregor
1594 1563 31 23 10
1654 1561 82 33 each.)

1202 1602 115 25 Carleton
1341 1603 31 24 25
1394 1602 50 25 and
1467 1604 41 28 41,
1529 1602 132 33 (Garrigan
1686 1602 50 33 10).

1200 1643 31 24 In
1240 1642 108 32 bowling
1360 1644 38 23 for
1412 1644 164 26 Swannanoa,
1596 1642 30 24 A.
1640 1642 97 25 Winter

1199 1685 43 28 got
1255 1684 13 22 5
1281 1682 37 25 for
1332 1684 39 26 19,
1391 1682 137 30 McGregor
1550 1682 31 23 12
1593 1682 38 23 lor
1643 1682 32 23 22
1688 1682 49 24 and

1200 1722 95 25 Verrall
1307 1724 15 23 2
1334 1722 36 25 for
1381 1724 24 24 9.
1440 1722 32 25 In
1484 1722 108 32 bowling
1602 1722 38 25 for
1653 1722 81 25 Carle-

1199 1765 52 28 ton,
1265 1764 102 24 Cowens
1380 1765 42 30 got
1435 1766 13 22 7
1462 1763 36 24 for
1519 1765 41 27 35,
1574 1763 132 32 Gingavon
1719 1764 15 24 8

1198 1801 39 24 for
1247 1803 41 27 48,
1308 1801 49 25 and
1369 1802 103 24 Lewton
1486 1803 14 22 4
1518 1801 37 25 for
1567 1802 40 23 21.
1657 1802 80 25 Sweet

1198 1839 174 26 refreshments
1385 1848 63 17 were
1464 1840 86 32 kindly
1567 1840 117 32 provided
1706 1839 31 32 by_

1199 1881 74 24 ladies
1287 1881 25 24 of
1323 1881 41 24 the
1377 1881 105 24 district.

1193 1928 82 25 .■Mr
1292 1928 30 24 F.
1341 1928 30 24 B.
1390 1928 79 24 Lane.
1472 1943 33 3 —
1506 1928 179 25 Watchmaker
1702 1927 27 24 of

1189 1972 140 31 ■Rangiora,
1348 1971 99 25 notifies
1482 1979 30 16 us
1542 1972 57 24 that
1632 1971 33 24 he
1682 1971 55 24 will

1197 2016 57 23 visit
1266 2015 93 24 Oxford
1369 2023 32 16 on
1414 2015 90 28 Tburs,
1517 2015 91 31 Friday
1620 2015 50 24 and
1683 2016 54 24 Sat.

1198 2056 84 32 urday.
1296 2056 144 30 November,
1452 2057 40 23 2G.
1506 2057 39 28 27,
1564 2056 49 24 and
1625 2056 40 28 28,
1699 2055 38 24 Mi-

1197 2101 69 23 Lane
1279 2101 50 23 will
1342 2108 70 22 carry
1431 2108 14 16 a
1459 2108 59 23 very
1539 2101 118 29 complete
1670 2100 67 24 stock

1198 2144 26 24 of
1240 2144 108 24 watches
1361 2143 50 24 and
1423 2143 116 31 jewellry,
1553 2143 25 23 of
1589 2142 148 31 guaranteed

1198 2188 102 31 quality,
1336 2187 130 31 including
1501 2187 94 24 several
1630 2187 65 24 lines
1713 2187 24 22 of

1198 2232 106 24 watches
1330 2232 51 30 just
1414 2236 25 20 to
1476 2230 77 28 hand,
1587 2230 150 32 Comprising

1198 2272 185 28 Rotherham's,
1427 2272 162 28 Ehrhardt's,
1623 2272 114 23 Baume's

1198 2312 50 24 and
1266 2321 14 15 a
1298 2312 97 32 youth's
1424 2312 79 24 watch
1529 2312 28 24 m
1583 2312 62 24 solid
1664 2312 73 24 silver

1197 2364 76 21 cases,
1293 2365 15 15 a
1325 2356 96 24 marvel
1439 2356 27 24 of
1489 2356 146 31 cheapness.

1232 2400 103 30 Repairs
1348 2401 117 22 executed
1486 2399 26 24 m
1526 2408 15 15 a
1557 2399 180 24 workmanlike

1198 2446 105 19 manner
1315 2441 25 21 at
1359 2446 57 23 very
1434 2438 48 25 low
1494 2441 77 21 rates.

1233 2488 41 24 St.
1294 2488 124 24 Anlbews
1436 2488 63 24 Day.
1503 2502 31 3 —
1536 2488 25 24 A
1574 2487 89 32 Fancy-
1673 2487 63 24 Baz-

1200 2535 49 19 aar,
1263 2526 150 25 Public-Tea
1426 2528 51 27 &c,
1487 2526 51 24 will
1550 2528 28 22 be
1590 2526 54 24 held
1659 2526 24 23 m
1696 2526 41 23 the

1200 2565 62 24 East
1281 2557 266 35 Oxford'Tdwn^Hatf,
1569 2571 33 16 on
1616 2563 121 30 Saturday

1200 2604 61 25 Nov.
1272 2604 50 29 28.,
1322 2608 8 20 \
1336 2603 49 25 and
1397 2612 33 16 an
1440 2603 206 25 Entertainment
1658 2603 28 25 m
1695 2602 42 26 the

1200 2646 112 30 evening.

1235 2695 35 24 To
1282 2702 50 15 the
1345 2694 139 24 Electors.
1487 2708 32 3 —
1520 2694 25 23 It
1557 2702 58 22 may
1636 2694 101 23 interest

1201 2738 43 25 the
1256 2740 103 23 electors
1385 2738 26 24 of
1433 2737 93 26 Oxford
1549 2740 26 23 to
1600 2737 68 25 know
1684 2737 53 26 that

1202 2782 59 31 they
1278 2790 46 16 can
1348 2782 71 31 study
1444 2789 116 24 economy
1586 2780 33 33 by
1643 2780 94 32 buying

1202 2827 64 23 their
1287 2826 110 30 Drapery
1418 2825 50 24 and
1480 2825 120 31 Clothing
1613 2827 26 22 at
1652 2825 30 24 R.
1702 2825 34 24 H.

1202 2871 118 27 Parish's,
1333 2867 69 34 High
1416 2870 89 30 Street,
1519 2869 80 26 where
1615 2869 60 32 they
1687 2870 50 25 will

1202 2918 40 29 get
1255 2915 117 23 Tronsevs
1385 2914 62 24 from
1470 2916 35 22 6s.
1524 2923 43 22 per
1586 2914 55 31 pair
1651 2921 8 22 %
1677 2914 60 24 Col-

1202 2958 67 26 onial
1281 2958 89 24 Tweed
1383 2957 69 25 Suits
1464 2957 62 24 from
1540 2959 43 23 25s
1591 2958 52 24 also
1656 2958 81 30 splen-

1202 3001 42 25 did
1261 3001 73 24 value
1352 3001 27 23 m
1392 3001 75 31 Boy's
1488 3001 110 24 Knicker
1612 3001 70 24 Suits
1701 3002 36 23 ss.

1235 3058 148 24 Influenza.
1386 3072 28 3 —
1419 3057 61 25 Now
1499 3057 51 24 ibis
1579 3057 119 31 epidemic
1717 3057 20 25 is

1202 3101 129 31 becoming
1342 3099 128 31 prevalent
1478 3107 36 17 we
1527 3099 112 31 strongly
1649 3108 80 17 recom
1731 3104 6 14 :

1202 3145 72 24 mend
1287 3145 42 23 the
1340 3144 50 24 free
1401 3151 44 17 use
1457 3143 27 24 of
1494 3144 122 31 Platypus
1623 3144 84 24 Brand
1716 3144 21 24 of

1202 3189 153 31 Eucalyptus
1371 3188 123 25 Globulus
1523 3188 111 27 Extract,
1664 3189 73 24 taken

1204 3241 66 23 upon
1292 3240 74 24 sugar
1395 3240 27 16 or
1441 3232 27 23 m
1492 3231 71 24 milk.
1599 3231 53 24 The
1674 3233 63 22 most

1202 3267 115 31 pleasant
1328 3273 54 23 way
1393 3268 25 21 to
1428 3264 56 25 tako
1496 3264 155 31 Eucalyptus
1674 3264 21 24 is
1714 3265 23 23 m

1204 3309 42 26 the
1279 3309 115 31 Platypus
1423 3308 87 25 Brand
1538 3308 26 25 of
1587 3308 150 32 Eucalyptus

1205 3354 114 32 Jujubes.
1355 3353 69 32 They
1436 3361 42 17 are
1489 3354 26 23 m
1531 3353 62 25 such
1605 3361 16 17 a
1631 3352 106 33 portable

1204 3395 70 27 form,
1287 3394 114 32 pleasant
1414 3396 24 23 to
1451 3396 73 26 taste,
1543 3394 50 25 and
1611 3394 126 32 antiseptic

1205 3433 140 25 stimulant.

1249 3495 230 31 POLITICAL
1495 3496 205 35 ADDRESS,

1254 3569 51 24 MR
1322 3568 145 25 EENN^E
1486 3558 44 34 AT'
1543 3568 147 26 OXFOED.

1239 3614 41 24 Mr
1297 3614 100 23 Banner
1414 3612 130 25 addressed
1557 3621 15 16 a
1584 3613 84 24 rather
1686 3613 51 24 thin

1205 3652 108 30 meeting
1325 3652 23 23 m
1362 3650 44 25 the
1418 3652 61 23 East
1490 3651 92 24 Oxford
1595 3651 77 24 Town
1681 3652 56 23 Hall

1205 3698 32 17 on
1250 3689 113 31 Tuesday
1375 3689 110 31 evening,
1506 3689 39 23 Mr
1557 3689 31 24 E.
1607 3688 34 25 L..
1654 3689 83 24 Parish

1206 3729 136 30 occupying
1354 3727 43 24 the
1410 3727 83 27 Chair.

1239 3774 41 24 Mr
1293 3774 100 24 Renner
1404 3772 114 33 prefaced
1536 3774 40 24 his
1588 3770 110 28 remarks
1710 3782 27 16 on

1205 3814 110 32 political
1336 3814 127 31 questions
1468 3814 39 31 'by
1526 3814 99 31 making
1636 3822 15 17 a
1664 3816 73 30 vigor-!

1206 3861 44 17 ous
1271 3851 83 26 attack
1375 3860 31 17 on
1425 3860 154 24 anonymous
1600 3852 95 26 writers
1716 3853 21 24 m

1206 3891 43 26 the
1541 3891 57 24 who
1609 3889 50 26 Had
1672 3891 65 24 made

1205 3931 60 24 false
1278 3932 148 23 statements
1434 3948 3 2 •
1446 3931 132 31 regarding
1597 3930 40 24 his
1660 3931 77 24 candi-

1206 3969 94 28 dature,
1319 3968 81 24 which
1405 3988 3 13 ,
1414 3969 45 29 jiie
1484 3969 103 31 warmly
1615 3967 122 26 defended;

1206 4007 40 25 Mr
1251 4006 103 28 -B^ijner
1361 4005 124 32 ifeherifisatid
1496 4007 54 24 chat
1567 4007 32 24 he
1605 4006 53 25 -had
1671 4009 66 28 great

1205 4045 114 26 nle^ffie
1334 4063 1 2 •
1347 4045 141 33 int*epjnilng
1510 4046 101 32 to.thej
1632 4047 105 24 classida]

1196 4082 128 29 iTow'riW
1333 4073 162 58 ib^d^pt^Jle
1500 4085 73 35 :^aid
1582 4085 58 26 lilaat
1664 4085 73 31 objec-

1197 4126 150 29 .tion*iwe're
1359 4118 77 37 uigM
1449 4127 28 25 to*
1486 4124 38 26 liis
1540 4125 142 30 coutesting
1693 4125 44 25 :tlie

1206 4164 115 40 elect|pn>
1339 4164 227 40 as.^his^aoin^
1588 4172 28 17 so
1627 4165 43 24 tne
1681 4165 56 29 .seat

1206 4204 90 34 mighty
1296 4205 40 24 'be
1340 4203 125 30 '.iost^taV
1474 4206 43 23 wie
1517 4211 2 4 :
1538 4200 148 29 DibVrais.^^
1695 4205 42 25 His

1206 4245 67 32 reply
1285 4252 49 17 was
1355 4247 54 22 that
1421 4240 32 30 hfe
1465 4247 51 21 wds
1528 4244 26 24 m
1566 4244 43 24 the
1629 4244 60 26 field
1698 4245 39 25 'for

1207 4284 70 26 three
1288 4291 102 24 years—
1392 4283 64 25 after
1467 4282 105 32 retiring
1576 4282 161 33 -..honourably

1206 4325 28 24 m
1246 4325 66 23 1893
1321 4331 6 22 ;
1346 4324 22 23 A
1377 4316 81 39 .*]*>!«
1466 4320 107 28 nrimtfer
1594 4318 64 30 h'ad^
1668 4324 69 31 urged

1207 4364 54 24 him
1273 4366 27 22 to
1312 4363 83 25 stand.
1430 4364 40 24 He
1488 4362 127 37 reniajk^d
1629 4372 4 4 •
1637 4361 100 35 th^frjMi.

1199 4392 96 39 JBeec'e,
1308 4400 50 25 and
1369 4403 45 23 not
1422 4402 41 27 he,
1481 4408 50 17 was
1540 4400 43 25 the
1601 4402 55 26 vo.te
1664 4397 73 35 Split-

1207 4444 47 23 ter.
1289 4440 41 26 He
1343 4440 51 33 (Mr
1407 4440 109 33 Renner)
1529 4440 51 25 had
1591 4447 34 18 no
1645 4440 62 25 wish
1719 4442 18 24 tc

1207 4480 73 26 retire
1292 4480 64 25 from
1380 4480 43 25 the
1434 4482 98 24 contest
1554 4480 27 25 m
1601 4480 43 25 the
1660 4480 77 25 earliei

1200 4522 61 32 •part
1273 4520 27 25 of
1310 4520 43 25 the
1365 4528 64 24 year,
1448 4520 45 24 but
1504 4519 32 25 oh
1556 4520 43 23 the
1618 4527 119 24 represan-

1201 4559 99 26 ■aatione
1313 4559 53 26 that
1377 4566 62 18 were
1450 4557 73 27 made
1543 4557 31 26 he
1585 4557 81 27 would
1683 4557 54 27 have

1773 218 90 26 retired
1874 219 49 25 had
1931 219 43 26 the
1986 218 112 26 Liberals
2106 218 27 25 m
2152 219 41 25 the
2210 218 97 26 various

1774 258 96 24 centres
1889 259 27 24 m
1933 257 99 32 Ashley,
2046 258 57 27 met,
2126 265 28 17 or
2173 257 133 29 conferred,

1772 296 50 24 and
1833 296 164 25 madechoice
2008 296 28 24 of
2044 303 16 17 a
2071 295 135 25 candidate.
2235 296 72 24 Even

1745 346 2 15 i
1773 344 31 23 up
1816 337 26 23 to
1854 344 14 16 a
1878 337 63 24 week
1952 335 141 33 previously
2101 336 33 24 he
2145 335 82 25 would
2243 336 64 24 have

1772 374 101 24 retired-
1878 374 111 32 -though
1998 374 152 31 reluctantly
2150 388 33 5 —
2183 374 51 24 had
2242 374 64 31 just-

1771 412 35 25 ice
1818 413 59 24 been
1890 414 63 24 done
1962 418 26 19 to
1998 421 15 16 a
2021 412 86 25 widow
2117 412 50 25 and
2175 412 137 28 fatherless,

1773 452 117 31 children.
1925 453 62 25 Now
1999 452 32 25 he
2050 459 49 18 was
2117 452 75 32 going
2204 455 26 22 to
2242 452 65 32 fight

1772 499 25 18 to
1806 492 42 25 the
1860 495 54 27 end,
1933 493 50 25 and
1994 501 52 16 was
2058 492 125 25 confident
2196 492 55 25 that
2263 492 42 25 the

1771 531 112 26 Liberals
1897 532 79 25 would
1987 532 57 24 win.
2080 531 41 24 He
2133 531 100 25 showed
2249 531 56 25 that

1771 569 27 24 m
1821 569 106 25 thirteen
1948 569 71 25 other
2042 569 144 24 electorates
2211 572 27 21 m
2261 570 44 24 the

1771 610 86 30 colony
1877 610 70 25 there
1959 617 50 17 was
2025 617 66 16 more
2111 609 62 25 than
2185 617 47 17 one
2247 609 58 25 Lib-

1771 647 52 26 eral
1833 649 27 24 m
1870 649 42 24 the
1924 648 57 25 field
1999 649 38 24 for
2049 655 14 17 a
2077 648 80 31 single
2170 649 60 24 seat.
2265 649 40 24 He

1771 688 137 24 contended
1928 688 56 24 that
1996 687 41 24 the
2056 687 103 24 electors
2171 686 89 26 should
2276 687 29 25 be

1771 727 102 25 allowed
1886 729 24 23 to
1922 727 72 25 make
2006 727 63 24 their
2084 734 56 17 own
2157 727 85 24 choice
2254 727 27 25 of
2290 735 15 16 a

1770 767 197 29 representative,
1987 765 49 24 and
2061 766 44 23 not
2128 765 44 24 the
2196 764 107 25 Govern-

1771 807 75 27 ment,
1865 806 50 24 and
1934 805 93 31 argued
2039 804 55 25 that
2114 812 63 17 were
2188 804 44 25 the
2252 807 53 23 seat

1769 847 51 23 lost
1840 847 25 23 to
1885 845 43 25 the
1955 845 114 24 Liberals
2093 844 88 33 (which
2201 845 30 24 he
2253 852 51 18 was

1769 886 109 24 satisfied
1889 886 21 24 it
1920 886 79 24 would
2017 885 29 24 be
2060 885 105 31 through
2188 884 43 25 the
2249 885 53 25 fail-

1770 933 43 17 ure
1837 926 27 24 of
1882 926 43 25 the
1947 926 169 24 Government
2139 927 25 23 to
2182 924 62 26 alter
2262 925 42 25 the

1745 981 2 5 ■
1771 967 123 24 Electoral
1905 964 47 27 law
1964 974 27 17 so
2005 974 27 16 as
2044 968 25 22 to
2084 966 101 31 provide
2201 966 38 24 for
2261 966 43 24 the

1769 1008 194 30 representation
1975 1009 25 23 of
2008 1006 144 33 majorities.
2171 1006 52 25 Thp
2235 1007 66 24 Gov-

1770 1049 112 23 ernment
1893 1048 50 24 had
1952 1047 88 31 passed
2053 1054 14 17 a
2084 1047 72 23 Bank
2167 1046 52 25 Bill
2237 1047 66 25 thro-

1770 1086 50 30 ugh
1833 1085 59 25 both
1901 1086 98 24 Houses
2008 1085 27 24 m
2047 1085 47 24 less
2105 1084 61 26 than
2177 1085 32 24 24
2218 1084 84 31 hours,

1769 1123 51 25 and
1830 1126 39 28 yet
1887 1124 42 25 the
1942 1122 179 33 opportunities
2132 1122 108 26 afforded
2247 1124 56 24 dur-

1769 1164 42 31 ing
1823 1164 40 24 the
1873 1166 57 29 past
1941 1164 70 24 three
2023 1171 71 24 years
2105 1165 27 23 to
2153 1163 91 25 amend
2261 1164 43 24 the

1769 1204 45 24 law
1833 1212 27 16 so
1872 1212 28 16 as
1912 1207 24 21 to
1949 1212 85 16 assure
2055 1203 112 25 absolute
2191 1203 113 32 majority

1767 1244 194 29 representation
1983 1242 50 25 had
2054 1242 62 25 been
2139 1243 57 24 lost.
2251 1242 53 25 The

1768 1284 97 30 Ashley
1888 1287 52 21 seat
1959 1291 51 16 was
2021 1284 44 23 not
2085 1282 43 25 the
2145 1284 113 30 property
2281 1282 25 24 of

1768 1331 47 23 any
1828 1325 67 27 man,
1908 1324 45 24 but
1971 1324 54 23 that
2037 1322 25 25 of
2072 1323 43 24 the
2124 1323 111 28 electors,
2251 1322 50 25 and

1768 1363 58 32 they
1847 1364 71 24 could
1941 1363 84 24 confer
2040 1362 43 25 the
2101 1362 46 32 gift
2167 1370 32 17 on
2223 1362 79 25 whom

1767 1402 56 30 they
1837 1402 99 30 pleased
1947 1402 27 31 (a
1988 1401 69 25 voice
2069 1409 5 16 :
2093 1409 34 16 no
2138 1400 88 32 pocket
2249 1400 54 25 bor-

1746 1451 3 4 •
1767 1440 99 32 oughs).
1894 1440 40 25 Mr
1943 1440 99 25 Renner
2053 1440 133 32 proceeded
2195 1441 25 23 to
2230 1439 73 32 speak

1767 1489 32 16 on
1811 1481 43 24 the
1877 1482 99 23 various
1994 1480 111 32 political
2128 1480 126 30 questions
2278 1479 27 24 of

1766 1519 43 25 the
1829 1519 56 31 day-
1906 1519 147 31 advocating
2073 1526 128 17 measures
2213 1517 28 25 of
2259 1517 43 25 the

1766 1557 158 32 Progressive
1934 1557 101 25 Liberal
2047 1556 79 26 order.
2174 1555 40 26 He
2227 1556 76 32 urged

1766 1598 100 25 reforms
1901 1598 27 24 m
1956 1597 147 25 connection
2142 1596 61 25 with
2241 1596 61 25 both

1766 1639 99 23 Houses
1888 1638 27 24 of
1934 1637 160 28 Parliament,
2119 1637 50 24 and
2192 1636 108 25 curtail-

1766 1680 70 22 ment
1856 1677 27 24 of
1906 1677 136 31 privileges.
2095 1676 141 25 Advocated
2259 1677 42 24 the

1766 1717 165 26 Referendum
1960 1717 119 32 strongly,
2109 1717 52 24 also
2190 1716 111 25 Elective

1766 1759 143 27 Executive,
1929 1759 48 23 and
2000 1758 112 23 Elective
2130 1757 81 25 Land.
2235 1757 65 24 Hos-

1766 1796 62 32 pital
1840 1796 49 24 and
1901 1795 142 26 Charitable
2056 1795 47 25 Aid
2121 1795 102 25 Boards.
2242 1795 59 24 Pro-

1768 1836 76 24 vision
1856 1835 38 25 for
1914 1842 57 18 area
1983 1834 193 32 representation
2188 1841 33 17 on
2234 1833 67 25 Edu-

1766 1875 81 24 cation
1859 1874 94 24 Boards
1964 1881 5 22 ;
1990 1874 42 24 the
2041 1873 128 24 Northern
2188 1874 69 29 parts
2277 1872 27 24 of

1767 1914 82 26 North
1861 1914 152 31 Canterbury
2025 1921 55 17 now
2100 1912 75 33 being
2187 1920 114 23 unrepre-

1767 1953 94 26 sented.
1881 1954 206 25 Nationalisation
2100 1953 26 25 of
2136 1952 60 26 Coal
2209 1953 79 24 Mines
2295 1961 5 21 ;

1767 1995 169 30 Co-operafive
1956 1994 98 24 Labour
2063 2001 5 21 ;
2099 1993 161 24 amendment
2278 1992 27 25 of

1767 2035 100 25 Labour
1887 2035 73 24 Laws
1970 2044 6 19 ;
2003 2034 144 25 Protection
2167 2033 27 25 of
2214 2033 87 25 Work-

1766 2077 80 24 men's
1856 2084 80 23 wages
1948 2075 49 25 and
2006 2075 41 25 the
2058 2074 79 31 Eight
2149 2074 83 25 Hours
2244 2075 57 30 Sys-

1767 2117 59 21 tem.
1868 2114 41 24 He
1929 2114 103 29 warmly
2045 2113 133 23 advocated
2191 2112 44 24 Old
2249 2113 53 30 Age

1767 2152 120 24 Pensions
1896 2151 49 24 and
1957 2151 119 24 abolition
2089 2150 26 24 of
2124 2150 43 25 the
2177 2150 126 25 Custom's

1767 2192 79 24 duties
1858 2199 31 17 on
1901 2190 45 26 the
1958 2190 150 25 necessaries
2121 2197 24 17 or
2156 2189 50 25 life.
2225 2189 76 25 Grea-

1767 2234 35 22 ter
1825 2239 118 24 economy
1960 2231 28 24 m
2014 2230 200 25 administration
2227 2239 5 21 ;
2260 2238 41 23 ap-

1766 2273 116 30 plication
1908 2273 27 23 of
1953 2272 42 23 the
2013 2271 168 24 Referendum
2209 2274 26 21 to
2259 2270 43 25 the

1766 2312 94 32 Liquor
1889 2312 124 30 Question,
2044 2310 49 26 and
2116 2312 132 24 assistance
2276 2314 26 22 to

1766 2350 109 25 scholars
1889 2350 147 30 sufSciently
2056 2349 124 24 advanced
2192 2351 24 22 to
2234 2350 68 23 enter

1766 2391 43 24 the
1821 2391 132 30 secondary
1976 2390 96 24 schools
2092 2389 49 24 and
2161 2389 140 32 eventually

1766 2432 43 24 the
1821 2431 116 31 Colleges.
1979 2430 40 24 Hp
2037 2429 112 32 strongly
2167 2429 134 25 advocated

1766 2470 42 25 the
1826 2469 189 26 establishment
2035 2467 26 26 of
2083 2476 15 16 a
2122 2469 73 24 State
2219 2468 80 30 Bank,

1766 2509 149 31 controlling
1927 2508 42 25 the
1993 2509 65 24 Note
2067 2508 67 24 Issue
2149 2507 27 25 of
2185 2507 43 24 the
2246 2507 54 25 Col-

1767 2557 55 22 ony,
1847 2547 131 31 supplying
2003 2547 72 29 cheap
2100 2554 80 24 money
2204 2547 24 23 to
2254 2548 46 22 set-

1838 2588 25 22 at
1875 2586 16 23 2
1903 2592 43 25 per
1966 2587 63 21 cent,
2049 2583 49 25 and
2118 2584 90 31 paying
2220 2583 37 25 for
2268 2583 38 25 all.

1766 2626 81 32 public
1860 2626 103 25 services
1966 2640 29 3 —
1999 2624 108 29 salaries,
2120 2624 83 31 public
2212 2624 88 27 works,

1767 2666 49 24 and
1841 2665 60 24 land
1920 2665 119 31 purchase
2042 2678 28 4 —
2072 2663 33 30 by
2125 2664 70 23 State
2213 2662 88 24 Notes.

1767 2705 53 24 The
1844 2704 73 24 Bank
1941 2704 26 23 of
1994 2704 60 23 New
2077 2702 131 24 Zealand's
2230 2704 71 22 notes

1767 2745 79 25 would
1859 2747 59 23 have
1931 2745 59 24 been
2001 2744 124 24 valueless
2138 2744 45 24 but
2202 2742 39 25 for
2261 2743 41 24 the

1767 2785 115 31 Colony's
1906 2785 142 30 guarantee,
2079 2782 49 24 and
2148 2782 44 24 the
2215 2782 87 31 colony

1767 2823 80 28 could,
1875 2822 124 28 therefore,
2029 2814 119 31 establish
2182 2829 13 14 a
2232 2821 71 23 State

1766 2863 73 25 Bank
1849 2865 32 22 oh
1896 2864 33 23 its
1947 2862 76 24 credit
2042 2860 51 28 n,nd
2110 2859 43 27 -the
2169 2861 87 31 people
2279 2862 26 24 of

1767 2905 61 24 New
1840 2902 110 26 Zealand
2060 2902 85 24 benefit
2157 2902 144 24 immeasur-

1767 2945 58 32 ably
1832 2944 109 31 thereby,
1955 2934 201 46 an^eventually
2164 2942 139 30 extinguish

1767 2983 44 25 the
1832 2982 84 32 public
1943 2980 80 25 debt.?
2054 2980 72 24 Land
2155 2980 149 25 Settlement

1768 3022 90 26 should
1880 3022 30 25 be
1933 3020 134 28 furthered,
2103 3020 50 25 and
2173 3020 43 25 the
2244 3021 61 25 Fair

1767 3062 68 25 Rent
1858 3060 98 31 applied
1978 3060 54 25 first
2060 3061 31 23 to'
2107 3067 2 7 !
2110 3059 91 28 .<3rown
2223 3060 80 25 lands.

1768 3102 81 24 There
1869 3099 90 26 should
1981 3099 30 25 be
2035 3098 162 32 equalisation
2215 3099 27 24 of
2263 3100 42 24 the

1768 3140 59 25 laws
1839 3139 38 25 for
1889 3147 56 16 men
1957 3138 49 24 and
2018 3145 94 18 women
2122 3145 5 21 ;
2147 3133 43 29 the
2201 3137 52 31 poll
2264 3141 41 21 tax

1769 3189 32 16 on
1820 3180 107 25 Asiatics
1938 3178 133 27 increased,
2091 3186 26 17 so
2129 3186 28 17 as
2168 3177 136 33 absolutely

1769 3218 101 25 exclude
1882 3218 112 24 Chinese.
2028 3217 87 24 Forest
2133 3217 170 23 conservation

1769 3255 114 33 required
1911 3255 142 24 immediate
2075 3255 130 23 attention.
2252 3255 53 24 The

1769 3295 74 26 Local
1856 3295 171 28 Government
2040 3294 51 25 Bill
2108 3295 131 26 contained
2250 3303 55 23 pro-

1769 3337 92 24 visions
1874 3337 53 24 thai
1939 3335 81 25 would
2029 3335 44 25 kill
2093 3339 176 28 management
2281 3336 27 25 cif

1770 3378 64 24 local
1857 3377 91 24 affairs.
1984 3377 51 24 The
2054 3376 82 31 Usury
2159 3377 146 24 Prevention

1770 3418 50 24 Bill
1832 3425 50 17 was
1891 3417 74 24 kilkd
1976 3417 24 24 m
2014 3417 41 24 the
2064 3416 150 31 Legislative
2223 3417 82 27 Coun-

1770 3457 32 24 cil
1823 3457 106 31 through
1943 3459 45 22 two
2007 3455 100 26 Liberal
2119 3457 122 24 members
2253 3459 52 22 vot-

1770 3499 44 29 ing
1825 3497 99 31 against
1934 3497 28 29 it,
1982 3497 50 24 and
2044 3499 14 22 5
2079 3497 70 24 other
2160 3495 113 26 Liberals
2275 3512 32 3 —

1771 3536 34 23 all
1817 3538 15 23 7
1846 3535 74 31 being
1938 3537 141 28 supporters
2094 3559 5 7 f
2100 3534 27 29 pf
2143 3534 43 25 the
2208 3538 99 28 present

1771 3573 169 25 Government
1941 3587 32 4 —
1976 3572 71 32 being
2070 3572 89 25 absent
2182 3572 70 26 when
2265 3573 42 25 the

1745 3622 2 8 :
1771 3612 124 24 diversion
1912 3619 49 16 was
1986 3612 84 23 taken.
2115 3611 39 24 He
2176 3611 131 26 advocated

1771 3652 129 24 reduction
1927 3650 26 24 of
1969 3653 105 28 postage
2098 3651 27 23 m
2145 3651 47 23 th«.
2210 3652 98 24 various

1771 3688 87 26 Postal
1870 3688 116 24 districts.
2014 3687 41 24 Mr
2064 3688 122 25 Renner's
2197 3689 111 24 remarks

1771 3729 53 23 met
1835 3726 62 25 with
1921 3726 112 30 frequent
2054 3726 153 30 expressions
2225 3726 28 25 of
2267 3736 41 23 ap-

1772 3767 92 31 proval,
1883 3765 50 25 and
1959 3763 33 26 he
2014 3763 137 26 concluded
2176 3765 68 25 amid
2267 3774 41 24 ap-

1750 3812 4 16 ;
1771 3805 95 32 plause.

1767 3856 33 17 •v.
1806 3844 51 26 The
1869 3842 126 32 following
2002 3842 127 32 questions
2142 3845 46 29 put
2199 3843 33 32 by
2243 3843 65 26 Mes-

1746 3886 9 25 ;;
1772 3878 150 41 srs^tugar,
1950 3881 108 26 Thomas
2077 3883 50 24 and
2147 3883 82 25 others
2248 3892 62 17 were

1745 3945 2 3 .
1772 3921 128 26 answered
1907 3920 177 31 ■satisfactorily
2087 3938 6 6 .

1829 3968 72 27 '■'••-'■•""
1929 3972 38 32 X,.
1975 3975 141 21 QUESTIONS.

1783 4007 3 9 :
1807 4008 48 25 Are
1866 4008 76 32 you#L
1953 4005 56 35 kqte
2021 4007 98 32 splitter
2126 4010 10 23 ?

1750 4060 2 1 ■
1777 4057 2 3 •
1808 4040 56 28 No.{
1880 4034 4 40 j
1900 4033 83 45 \&j£k
1983 4036 17 21 J
2000 4047 41 29 '-.;i
2070 4052 2 4 •
2124 4061 3 2 -

1795 4072 59 27 /Are
1867 4067 193 40 youljnvs»your
2071 4073 27 24 of
2115 4081 15 15 a
2143 4073 70 25 State
2236 4073 74 26 Bank

1748 4123 2 2 •
1766 4097 224 39 I^NoH-Issfe#
2001 4110 16 17 r
2025 4126 2 3 .

1746 4177 9 21 'I.
1768 4170 132 31 -i^lWould
1907 4167 65 38 >youf
1972 4170 103 35 supp'o'rt
2096 4180 15 16 a
2133 4180 82 25 penny
2238 4172 72 27 Pbst-

1746 4250 9 19 .j
1806 4238 59 28 Yes,
1970 4243 30 19 as
2011 4239 84 24 canbe
2107 4239 64 25 done
2182 4238 128 26 withsafe-

1745 4291 2 6 r
1774 4274 26 33 ty
1807 4275 32 26 »to
1850 4271 44 26 the
1898 4277 122 19 /revenue.

1807 4308 39 27 He
1858 4309 54 26 said
1923 4310 57 33 that,
1980 4310 50 26 4he
2043 4311 86 26 Water
2141 4312 67 25 Race
2221 4311 91 26 should

1746 4354 7 24 ,'■'
1774 4350 30 25 be
1816 4350 59 32 paid
1886 4346 83 28 out.6f
1990 4351 96 24 monies
2098 4351 106 31 granted
2224 4351 33 32 by
2269 4351 43 26 the

1746 4382 11 17 •
1780 4389 173 34 jrpyevnni.ent.
1979 4408 1 2 .
2012 4408 9 6 ..
2037 4402 21 12 ,■,
2090 4407 6 6 ,
2134 4408 21 6 .....
2180 4394 36 21 _..,:
2232 4408 9 5 
2255 4402 48 10 ..->.

1745 4449 2 16 (
1780 4423 3 16 ;
1808 4428 41 24 Mr
1878 4427 87 24 Parish
1988 4428 54 25 said
2070 4428 56 26 that
2152 4430 44 24 the
2215 4429 97 26 Liberal

1746 4488 1 7 .
1776 4467 170 25 Associations
1957 4468 115 31 objected
2094 4471 26 22 to
2132 4469 39 25 his
2189 4469 123 27 candidatT

1775 4513 43 17 ure
1829 4513 34 17 on
1873 4505 44 25 the
1929 4506 97 30 ground
2037 4507 28 25 of
2082 4506 44 26 the
2138 4507 101 26 Liberal
2258 4511 54 33 yqte

1745 4566 2 17 s
1776 4546 72 32 being
1860 4545 67 32 split,
1947 4545 50 26 and
2006 4546 121 34 resulting
2149 4548 44 26 tho
2206 4556 68 18 6ame
2286 4556 26 19 as

2340 219 26 25 at
2375 219 42 25 the
2426 218 175 26 Christchurch
2610 218 161 33 By-election,
2779 219 96 23 return-

2339 256 43 33 ing
2390 265 16 17 a
2418 257 177 25 Conservative
2607 256 138 26 candidate.
2780 255 40 25 He
2832 264 43 17 re-

2338 295 97 31 gretted
2446 291 56 29 that
2512 296 69 24 there
2593 303 63 17 were
2668 296 49 23 two
2727 294 112 25 Liberals
2848 295 26 23 m

2339 334 43 25 the
2393 335 58 25 field
2461 336 40 24 for
2509 335 101 32 Ashley,
2629 334 45 25 but
2687 333 119 26 admitted
2819 334 55 25 that

2338 383 60 17 were
2409 376 42 24 Mr
2460 376 101 25 Eenner
2572 378 42 22 the
2623 375 58 31 only
2691 383 47 16 one
2749 374 32 25 he
2792 374 82 25 would

2338 413 30 25 be
2385 414 56 25 well
2449 416 11 30 |
2468 415 140 31 supported,
2628 414 145 32 (applause.)
2791 413 44 24 but
2846 421 27 16 as

2338 453 86 33 things
2432 463 53 16 now
2496 463 63 17 were
2567 454 33 26 he
2612 454 100 25 advised
2723 453 43 26 the
2774 453 99 26 liberals

2337 496 44 23 not
2392 499 26 20 to
2429 495 58 31 split
2498 496 42 24 the
2549 499 76 21 votes.
2759 514 1 2 .
2785 493 8 7 *
2808 517 3 10 (

2370 533 41 24 Mr
2421 533 84 32 Lugar
2514 534 89 25 moved
2614 543 15 16 a
2641 535 57 24 vote
2710 534 25 24 o*
2748 532 91 25 thanks
2847 534 25 23 to

2338 571 41 25 Mr
2390 573 99 24 Eennev
2500 574 38 24 for
2549 573 41 24 his
2599 573 108 24 address.
2745 572 126 25 Seconded

2337 613 31 31 by
2380 613 39 24 Mr
2430 613 100 32 Ingram
2544 613 49 24 and
2604 613 94 24 carried
2710 612 161 25 unanimous-

2336 649 32 33 ly.
2404 652 21 23 A
2437 654 56 23 vote
2505 653 25 24 oH
2542 651 92 26 thanks
2646 653 25 24 to
2683 651 41 26 thy
2734 651 137 26 Chairman

2337 691 51 23 met
2399 690 60 24 with
2471 698 77 16 warm
2560 691 125 30 applause.

2468 748 98 25 WEST
2592 748 144 24 OXFORD.

2370 813 39 24 Mr
2435 814 100 25 Benner
2558 814 131 25 addressed
2718 813 76 25 about
2817 813 51 31 fifty

2336 852 101 26 electors
2449 853 28 24 m
2489 854 42 24 the
2543 853 70 26 West
2626 853 91 25 Oxford
2731 852 88 27 School
2839 860 29 17 on

2336 893 155 32 Wednesday
2504 894 112 31 evening,
2635 894 41 23 Mr
2691 893 70 24 Dean
2773 893 95 31 presid-

2335 933 50 31 ing.
2395 943 4 5 •
2438 933 41 24 Mr
2491 933 100 25 Eenner
2603 933 74 31 spoke
2696 933 37 25 for
2745 933 75 25 about
2840 941 28 16 an

2335 971 64 25 hour
2411 972 49 25 and
2479 980 15 16 a
2515 971 57 31 half,
2601 971 39 26 his
2666 971 122 32 advocacy
2809 971 25 25 of
2857 980 11 16 a

2337 1011 69 24 State
2426 1011 80 28 Bank,
2526 1010 118 25 abolition
2654 1011 27 24 of
2690 1011 40 24 the
2742 1011 81 24 duties
2836 1019 31 16 on

2335 1049 44 25 the
2390 1051 148 24 necessaries
2562 1051 27 24 of
2609 1051 42 24 life
2675 1051 48 24 and
2750 1051 46 24 Old
2820 1049 48 33 Age

2337 1088 122 25 Pensions
2482 1089 111 31 meeting
2621 1089 59 25 with
2707 1089 99 31 general
2828 1097 40 23 ap-

2335 1128 91 29 proval.
2463 1126 134 30 Questions
2616 1135 61 16 were
2700 1129 48 29 put
2767 1127 32 32 by
2818 1127 50 25 Mrs

2336 1164 80 29 Dean,
2435 1164 92 25 Messrs
2540 1164 80 30 Dean,
2633 1165 84 29 Bunn,
2730 1165 85 25 White
2823 1166 45 23 and

2336 1204 83 25 others
2432 1204 49 24 and
2493 1205 125 25 answered
2630 1204 105 31 frankly.
2771 1205 37 25 On
2829 1206 39 24 the

2335 1246 95 24 motion
2442 1245 27 25 of
2489 1246 40 23 Mr
2541 1245 83 30 Bunn,
2645 1246 120 24 seconded
2785 1246 31 31 by
2830 1246 38 24 Mr

2336 1285 115 29 Hawker,
2470 1286 41 24 Mr
2527 1286 100 24 Renner
2647 1294 50 16 was
2710 1286 112 24 thanked
2834 1286 34 24 for

2335 1325 40 25 his
2385 1326 208 31 straightforward
2606 1326 107 24 address.
2749 1327 22 23 A
2780 1326 88 31 hearty

2334 1367 56 22 vote
2402 1364 27 25 of
2444 1364 92 25 thanks
2560 1366 26 23 to
2598 1365 43 24 the
2665 1364 134 30 Chapman
2820 1373 48 16 was

2334 1404 98 30 warmly
2452 1402 145 32 applauded.

2417 1494 70 23 THE
2507 1494 148 25 MILLION
2687 1495 99 25 LOAN.

2366 1543 131 24 Published
2501 1544 46 31 for
2566 1544 36 23 the
2620 1545 153 28 information
2792 1546 31 30 of
2828 1546 40 23 Mr

2333 1577 72 24 Bunn
2416 1578 50 23 and
2476 1578 83 24 others.

2366 1627 22 24 A
2397 1627 118 31 telegram
2527 1628 64 24 from
2604 1628 153 31 Wellington
2770 1636 98 23 says:—

2333 1665 109 24 Tenders
2463 1674 41 15 are
2524 1665 74 31 being
2615 1666 95 24 invited
2727 1666 91 31 locally
2830 1667 38 24 for

2333 1704 43 25 the
2388 1706 54 23 first
2450 1705 53 24 half
2513 1705 93 25 million
2614 1705 26 25 of
2647 1705 44 25 the
2698 1705 58 25 loan
2767 1706 101 25 author-

2332 1743 53 25 ised
2393 1745 49 24 last
2458 1744 101 24 session.
2595 1744 52 25 The
2659 1744 65 32 price
2747 1745 46 24 has
2804 1745 59 24 been

2333 1781 64 25 fked
2410 1787 24 19 at
2446 1784 34 27 3-^-
2501 1790 44 23 per
2556 1784 64 23 cent.
2663 1783 32 24 In
2707 1783 60 25 view
2791 1783 25 24 of
2828 1783 40 25 the

2332 1820 130 31 pleothora
2473 1820 27 25 of
2516 1828 86 25 money
2614 1821 37 25 for
2672 1821 152 25 investment
2840 1823 28 24 at

2332 1862 105 29 present,
2466 1861 21 25 it
2498 1861 22 25 is
2543 1861 151 32 anticipated
2714 1863 55 23 that
2798 1862 69 25 there

2334 1899 51 25 will
2395 1898 31 26 be
2447 1907 31 17 no
2499 1900 119 32 difficulty
2629 1901 27 23 m
2681 1899 129 33 obtaining
2827 1900 41 25 the

2334 1941 104 23 amount
2449 1940 120 31 required.
2601 1940 111 24 Tenders
2724 1948 42 16 are
2776 1940 92 25 limited

2336 1988 24 18 ,o
2377 1980 43 25 the
2438 1980 70 25 colon
2512 1989 22 20 v,

2368 2071 69 25 THE
2456 2071 155 26 HISTORY
2621 2072 44 25 OF
2684 2071 151 26 NATURE.

2367 2136 25 24 It
2404 2137 22 24 is
2440 2137 57 30 only
2508 2137 64 24 from
2585 2138 42 23 the
2646 2145 88 23 preson
2757 2137 50 24 and
2830 2137 40 24 the

2333 2175 111 31 recently
2456 2177 55 29 past
2530 2175 55 25 tbat
2597 2183 35 17 we
2644 2184 45 17 can
2709 2177 70 24 learn
2802 2175 67 25 what

2334 2224 50 17 was
2396 2216 43 24 the
2461 2218 63 23 state
2537 2216 26 25 of
2587 2216 93 25 Nature
2699 2225 75 23 many
2797 2217 71 24 thou-

2334 2254 77 25 sands
2422 2262 27 16 or
2461 2254 109 25 millions
2581 2254 26 24 of
2617 2263 69 23 years

2368 2292 43 25 We
2423 2292 64 25 have
2498 2301 33 16 no
2548 2293 99 24 written
2658 2293 97 24 records
2767 2293 100 24 extend-

2333 2331 45 32 ing
2389 2331 64 25 back
2464 2333 25 23 to
2502 2340 15 16 a
2529 2332 56 24 date
2606 2333 71 23 when
2691 2332 85 31 things
2793 2331 75 25 defer-

2333 2371 42 25 red
2386 2371 77 25 much
2486 2371 64 25 from
2569 2371 68 25 what
2658 2371 59 32 they
2742 2379 57 17 now
2818 2379 50 17 are.

2333 2411 61 25 Man
2423 2419 49 17 was
2496 2412 134 31 extremely
2658 2411 42 25 old
2734 2411 81 25 before
2837 2411 32 25 he

2332 2450 101 24 learned
2444 2451 26 23 to
2487 2451 77 28 write,
2584 2452 25 22 to
2623 2450 92 25 .record
2726 2451 40 24 his
2778 2451 90 31 experi-

2333 2496 80 17 ences.
2457 2488 50 25 The
2528 2489 119 32 semi-ape
2665 2497 57 17 men
2741 2497 75 17 never
2827 2489 41 24 felt

2333 2535 49 23 any
2394 2528 60 23 such
2466 2528 79 24 desire
2556 2537 5 20 ;
2581 2528 42 24 the
2635 2535 89 24 savage
2736 2535 75 17 never
2823 2530 45 29 put

2332 2575 47 22 pen
2401 2569 24 22 to
2555 2567 27 23 m
2603 2575 48 23 any
2672 2575 67 17 sense
2762 2568 26 24 of
2798 2568 70 24 those

2333 2608 78 25 words
2421 2616 5 20 ;
2446 2608 31 24 be
2495 2607 93 32 merely
2609 2607 77 32 began
2699 2609 26 23 to
2744 2608 63 24 draw
2819 2608 48 31 pic-

2325 2648 84 25 ■tures,
2431 2646 48 24 and
2494 2646 63 24 .thus
2578 2646 50 24 laid
2640 2646 42 24 the
2705 2646 66 24 basis
2783 2647 24 24 of
2825 2647 43 23 the

2334 2683 133 31 Alphabet.
2493 2683 59 25 The.
2557 2683 132 24 barbarian
2701 2683 49 25 had
2762 2684 108 32 nothing

2333 2726 26 23 to
2379 2723 85 26 record
2473 2733 6 19 ;
2500 2723 47 25 and
2567 2724 58 31 only
2637 2723 70 25 when
2724 2723 144 26 civilisation

2334 2773 51 16 was
2407 2764 37 25 far
2455 2764 131 32 developed
2610 2764 41 25 did
2663 2764 140 32 antiquities
2820 2766 49 24 and

2332 2804 117 24 histories
2466 2803 82 31 begin.

2350 2859 2 3 •
2367 2843 25 25 It
2404 2844 78 30 might
2502 2843 31 24 be
2544 2851 58 24 very
2622 2843 154 30 instructive,
2798 2843 72 25 could

2334 2891 36 16 we
2382 2883 58 24 read
2451 2883 64 24 from
2525 2883 36 24 his
2574 2889 54 18 own
2640 2890 47 24 pen
2700 2883 55 24 how
2764 2883 44 24 the
2817 2883 53 24 first

2334 2923 124 24 half-man
2486 2923 47 24 felt
2559 2923 50 24 and
2646 2923 118 31 regarded
2787 2923 83 31 things

2334 2962 72 24 when
2418 2961 55 24 first
2486 2961 124 31 emerging
2621 2961 63 24 from
2697 2961 42 24 the
2748 2969 45 23 ape
2802 2963 68 28 stage

2334 3000 54 25 into
2398 3000 55 24 that
2465 2999 27 25 of
2501 2999 140 30 manhood,'
2649 2999 51 32 just
2712 3007 28 17 as
2758 3000 20 24 it
2790 2999 81 27 would

2335 3039 30 25 be
2383 3039 148 32 interesting
2559 3038 21 24 if
2600 3046 57 17 our.
2664 3038 112 25 children
2799 3038 72 24 could

2335 3081 84 26 record
2447 3079 65 23 their
2540 3078 155 31 experiences
2721 3079 50 22 and
2800 3078 70 23 views

2335 3119 62 25 from
2410 3119 86 24 within
2507 3126 19 20 a.
2542 3118 46 24 few
2608 3121 60 26 days
2680 3117 27 25 of
2714 3118 62 24 their
2787 3117 85 30 begin-

2335 3156 130 35 nings-life.
2500 3158 51 25 But
2560 3158 25 24 m
2595 3158 61 24 both
2668 3165 68 17 cases
2748 3158 44 24 the
2800 3157 72 33 thing

2335 3198 25 24 is,
2369 3198 50 24 and
2431 3205 48 16 was
2495 3196 156 31 impossible..

2369 3236 57 24 And
2437 3236 19 22 if
2468 3243 59 15 man
2536 3235 47 23 has
2602 3234 44 24 left
2661 3241 30 17 us
2702 3241 34 17 no
2753 3234 84 24 record
2849 3234 25 24 of

2336 3273 26 26 of
2372 3273 40 24 his
2425 3281 52 16 own
2491 3272 65 31 early
2566 3271 110 32 infancy,
2689 3271 27 25 of
2723 3279 94 21 course,
2831 3272 42 24 the

2336 3314 75 25 lower
2428 3311 101 26 animal'
2524 3320 10 11 3
2546 3319 2 4 '
2558 3312 73 24 could
2642 3313 44 24 not
2707 3312 29 24 be
2756 3313 115 31 expected

2336 3356 27 22 to
2371 3361 6 21 ;
2395 3359 47 18 nor
2454 3354 40 30 yet
2515 3351 44 25 tho
2576 3351 85 31 plants
2679 3350 26 25 cf
2715 3351 34 25 all
2771 3351 101 31 descrip-

2337 3394 67 24 tions
2415 3401 5 21 ;
2439 3399 47 18 nor
2497 3394 44 29 yet.
2560 3391 43 24 the
2617 3392 94 27 .waters,
2720 3391 49 24 and
2781 3392 91 28 stones,

2337 3432 42 25 the
2391 3430 70 26 earth
2477 3430 69 24 itself
2546 3444 32 3 —
2580 3429 73 28 their,
2656 3429 87 24 record
2766 3432 66 21 must
2844 3429 30 25 be

2338 3470 91 31 sought
2440 3469 27 24 m
2480 3469 70 24 other
2561 3467 141 25 directions:

2372 3510 52 24 The
2436 3508 77 25 books
2533 3507 48 25 and
2593 3508 63 24 tales
2674 3507 50 25 and
2734 3507 102 32 legends
2848 3515 27 16 so

2339 3553 128 32 prevalent
2487 3552 27 24 m
2539 3551 98 26 ancient
2649 3551 71 24 times
2738 3550 137 32 respecting

2339 3596 44 26 the
2406 3596 80 32 origin
2498 3596 26 24 of
2545 3595 43 25 the
2600 3595 75 25 world
2698 3594 47 25 and
2758 3602 59 17 man
2837 3602 38 16 are

2331 3641 43 25 .all
2386 3643 44 26 too,
2447 3639 91 25 absurd
2562 3638 49 25 and
2623 3638 106 24 childish
2743 3642 26 20 to
2792 3638 83 24 detain

2339 3691 38 16 us.
2404 3690 34 17 no
2466 3685 93 21 matter
2590 3681 100 25 whence
2715 3681 59 31 they
2797 3687 77 17 came.

2340 3726 77 25 Their
2443 3728 102 22 authors
2568 3733 73 16 never
2661 3723 146 26 understood
2837 3724 38 24 the

2340 3771 78 24 world
2430 3770 58 31 they
2507 3769 137 25 undertook
2656 3772 26 22 to
2692 3768 117 28 describe,
2827 3768 48 24 and

2340 3813 137 25 blundered
2489 3817 25 20 at
2534 3820 72 24 every
2627 3815 61 29 step.
2723 3812 31 24 In
2766 3812 49 25 this
2827 3819 48 17 res-

2341 3860 54 28 pect
2419 3857 41 24 the
2472 3857 71 24 Bible
2555 3856 21 24 is
2602 3864 27 16 as
2642 3856 89 24 absurd
2743 3863 28 17 as
2794 3862 48 24 any
2853 3855 22 23 of

2341 3900 75 25 them.
2469 3900 105 24 Ancient
2586 3899 74 24 tribes
2673 3899 72 24 knew
2764 3906 33 17 no
2809 3905 66 17 more

2341 3943 27 25 of
2377 3943 66 25 their
2465 3943 79 31 origin
2557 3942 49 25 and
2618 3942 75 32 early,
2708 3942 96 31 history
2815 3940 60 25 than

2340 3986 32 26 do
2393 3986 105 25 modern
2510 3984 83 26 babies
2616 3986 28 24 of
2660 3985 94 30 theirs;
2778 3984 50 25 and
2850 3984 25 24 m

2341 4038 72 23 every
2433 4027 89 27 known
2534 4037 53 17 case
2609 4029 82 24 where
2703 4036 33 16 an
2748 4027 68 32 early
2835 4036 40 16 au-

2341 4072 58 24 thor
2411 4071 55 25 tells
2486 4072 43 23 the
2542 4071 50 24 tale
2604 4071 27 24 of
2646 4072 41 23 the
2698 4071 78 30 origin
2789 4069 27 25 of
2836 4069 39 25 his

2341 4114 64 25 tribe
2417 4122 28 17 or
2456 4114 87 32 family
2562 4114 32 23 he
2606 4114 88 24 relates
2705 4113 74 29 fable,
2797 4113 78 32 myth,

2341 4155 89 33 legend
2442 4163 28 17 or
2479 4154 71 25 sheer
2562 4154 138 25 invention.
2719 4153 156 30 Justas.Gojd

2341 4195 87 25 makes
2451 4196 42 23 the
2504 4194 105 25 modern
2627 4193 85 25 babies
2738 4194 51 25 and
2807 4195 68 25 sends

2343 4236 68 28 them
2423 4234 61 25 frou
2496 4234 104 29 heaven,'
2618 4241 27 18 so
2656 4233 44 26 did
2711 4233 79 27 God's
2808 4229 67 32 tribk

2343 4274 63 25 This
2418 4273 75 26 belief
2511 4280 48 19 was
2573 4272 123 26 uriivereal
2730 4273 51 26 and
2801 4274 74 30 fulers

2343 4312 51 25 and
2405 4312 89 32 priests
2506 4311 58 33 kept
2576 4320 33 23 up
2620 4311 43 26 the
2672 4312 203 34 falsehoodi^fhefl

2345 4351 60 33 :fchey
2421 4350 79 25 found
2515 4351 20 24 it
2547 4356 25 19 t»o
2584 4351 149 31 strengthen

2344 4384 70 47 ijtion,
2433 4390 113 25 enhance
2568 4383 240 47 their;i^po^|afi<jQ
2834 4392 41 25 arid

2334 4450 3 12 ,
2346 4436 86 18 secure
2443 4428 51 25 and
2505 4427 106 33 enlarge*
2616 4428 66 26 their
2692 4429 107 26 income.

2351 4454 6 42 |
2379 4467 47 25 We
2434 4466 64 25 have
2505 4473 34 18 no
2550 4466 68 30 right
2627 4466 121 27 to.blime
2759 4468 116 32 primitivf

2322 4530 3 2 .
2347 4513 59 17 men
2414 4505 37 25 for
2463 4505 42 25 the
2514 4504 88 26 stories
2619 4506 63 32 they.
2690 4506 53 29 tell.
2746 4506 27 26 of
2783 4506 92 34 origins

2323 4569 4 6 ,
2347 4533 38 37 ior
2392 4542 61 35 they
2459 4534 75 36 iinew
2545 4551 34 19 no
2590 4543 90 30 better.
2715 4544 52 29 But;
2778 4551 38 23 we
2822 4545 53 27 h«iv(

2903 208 64 32 good
2994 217 87 17 reason
3109 212 26 23 to
3162 210 82 25 blame
3272 209 41 26 the
3332 210 103 25 modern

2902 247 97 31 priests,
3018 247 49 31 &c,
3088 249 55 24 who
3153 247 49 27 live
3221 248 33 33 by
3264 242 175 39 perpetuating

2902 285 45 25 lies
2959 286 48 23 and
3019 285 74 25 fables
3106 287 79 24 which
3208 287 59 31 they
3278 287 75 24 know
3370 289 26 22 to
3408 286 28 25 be
3446 284 23 17 x

2902 322 70 26 such.
3016 323 80 25 There
3115 324 22 24 is
3148 324 39 24 for
3208 325 70 25 them
3295 333 33 17 no
3349 332 88 19 excuse

2903 362 44 26 but
2967 363 68 25 what
3041 364 86 27 .would
3145 364 99 32 equally
3256 365 54 25 well
3331 373 67 17 serve
3410 369 26 21 to

2902 411 87 16 excuse
3001 404 83 30 nearly
3095 404 34 24 all
3141 404 43 24 the
3192 404 51 25 vice
3255 405 49 24 arid
3320 405 75 25 crime
3408 406 26 24 of

2902 441 43 24 the

2935 474 35 25 To
2982 475 45 24 ask
3050 474 26 25 of
3093 475 98 24 ancient
3213 484 61 16 man
3285 484 28 17 or
3335 477 100 25 ancient

2900 512 77 26 books
2999 513 57 25 bow
3078 513 82 32 things
3184 513 101 26 became
3313 515 65 25 what
3401 522 34 19 we

2901 553 70 23 know
2982 553 77 29 them,
3074 553 80 25 would
3165 553 31 25 be
3208 562 26 16 as
3255 553 91 25 absurd
3366 563 27 16 as
3409 558 26 22 to

2900 591 94 31 inquire
3018 591 27 26 of
3065 591 91 25 babies.
3191 591 42 25 All
3255 600 36 17 we
3314 600 46 16 can
3380 602 56 16 ever

2901 630 71 24 know
2992 630 74 25 about
3076 631 21 25 it
3118 633 64 22 must
3195 630 30 26 be
3237 631 82 25 learnt
3336 631 32 32 by
3386 631 49 25 and

2900 668 27 24 m
2939 669 43 25 the
2994 670 72 30 study
3090 670 26 25 of
3126 670 92 29 Natui.e
3236 679 28 16 or
3283 671 99 24 natural
3394 671 40 25 ob-

2898 708 70 31 jects.
3012 710 39 24 No
3071 711 99 23 ancient
3182 718 56 16 man
3260 710 73 24 could
3351 710 43 25 tell
3406 719 28 16 us

2900 749 53 23 how
2966 757 14 15 a
2992 750 73 30 given
3083 750 64 24 river
3159 758 68 16 came
3239 753 25 21 to
3281 750 30 24 be
3321 750 80 25 where
3413 751 21 24 it

2899 788 22 24 is
2933 788 49 24 and
2995 790 62 24 what
3068 789 20 25 it
3100 790 28 24 is.
3175 790 40 24 He
3231 790 81 32 might
3328 791 45 24 tell
3384 799 49 24 you

2900 828 55 24 God
2967 830 72 23 made
3050 830 28 28 it,
3092 838 27 16 or
3130 830 57 24 that
3198 830 43 24 the
3250 832 64 23 tears
3326 832 27 23 of
3365 839 68 17 some

2901 866 111 26 Goddess
3025 869 91 24 started
3128 869 21 23 it
3161 869 51 23 iuto
3222 868 71 31 being
3304 877 5 21 ;
3328 869 44 24 but
3390 869 42 24 tho

2900 905 64 24 river
2976 906 49 25 and
3036 906 34 25 its
3083 906 78 25 banks
3173 907 50 24 and
3234 904 46 27 bed
3292 907 50 24 and
3360 907 73 25 basin

2900 943 47 24 and
2961 944 66 25 delta
3041 945 30 31 (if
3080 946 20 24 it
3112 946 45 24 ha
3158 946 21 24 3
3170 945 76 34 one),'
3257 945 97 32 explain
3365 946 68 25 itself

2898 982 27 24 m
2944 982 82 25 detail.

2933 1023 45 24 We
2990 1023 69 26 know
3077 1025 67 24 what
3156 1026 72 23 water
3248 1025 30 29 is,
3297 1024 92 25 thanks
3406 1026 27 23 to

2900 1060 125 31 cheinistrj
3025 1071 6 7 r
3033 1080 6 11 ,
3069 1066 42 21 not
3132 1066 25 21 to
3180 1063 83 24 divine
3285 1063 144 24 revelation.

2899 1099 39 25 No
2945 1101 110 30 prophet,
3069 1102 75 30 priest
3156 1109 27 16 or
3193 1102 158 29 saviourjever
3360 1101 71 24 knew

2898 1139 97 23 rnoreof
3015 1139 19 24 it
3057 1140 61 24 than
3140 1140 39 24 his
3191 1139 158 32 neighbours,
3376 1139 49 25 and

2899 1176 110 24 oftennot
3029 1185 27 15 so
3079 1178 83 24 much.

2933 1216 46 24 We
3003 1216 73 24 know
3104 1217 79 24 where
3206 1217 43 25 the
3272 1217 63 24 river
3355 1218 76 24 water

2909 1263 78 17 comes
3015 1257 66 23 from
3107 1257 49 24 and
3184 1257 56 25 how
3263 1258 20 23 it
3300 1260 43 29 got
3372 1258 53 24 into

2899 1295 43 25 the
2954 1296 113 30 channel,
3088 1297 49 23 and
3149 1297 71 24 made
3237 1298 40 24 the
3290 1298 64 24 river
3365 1298 70 24 what

2898 1343 37 16 we
2942 1344 40 16 see
2992 1345 6 20 ;
3017 1345 50 21 yes.
3081 1345 33 15 we
3126 1337 72 24 know
3210 1338 42 24 the
3262 1338 77 24 forces
3351 1338 80 24 which

2898 1374 79 24 raised
3000 1375 42 24 the
3059 1377 74 22 water
3154 1378 25 21 to
3203 1375 41 25 the
3263 1376 93 28 clouds,
3387 1376 46 25 the

2898 1414 66 25 forje
2975 1415 55 24 that
3055 1415 107 32 brought
3173 1416 20 24 it
3215 1416 80 28 down,
3321 1416 49 24 and
3388 1416 44 25 the

2898 1453 65 24 force
2975 1453 77 24 which
3073 1453 22 24 is
3107 1453 148 32 compelling
3277 1454 20 24 it
3309 1456 25 22 to
3346 1458 84 21 return

2898 1494 26 22 to
2936 1493 43 24 the
2987 1501 75 16 ocean
3074 1503 5 20 ;
3098 1493 44 24 but
3154 1494 107 30 inspired
3279 1501 60 18 ones
3358 1494 71 25 knew

2899 1531 105 31 nothing
3021 1531 25 24 of
3056 1532 29 23 it.
3094 1530 71 27 VVVe
3176 1532 74 29 know,
3271 1532 55 24 how
3339 1533 48 23 and
3398 1532 34 32 by

2897 1570 68 25 what
2987 1579 86 17 means
3099 1572 40 25 the
3162 1572 64 25 river
3248 1572 106 25 channel
3380 1567 68 31 was*

2898 1610 105 30 scooped
3013 1612 43 22 out
3058 1625 29 3 —
3089 1611 21 23 is
3123 1611 50 24 still
3181 1634 2 3 .
3191 1611 73 31 being
3276 1611 108 31 scooped,
3403 1612 28 23 m

2897 1649 66 29 fact;
2978 1649 47 24 and
3038 1658 33 16 we
3083 1650 71 24 know
3166 1651 103 24 whither
3278 1651 43 24 the
3328 1651 104 24 rubbish

2897 1694 50 16 was
2969 1687 99 28 carried.
3091 1700 7 8 •
3195 1709 3 4 .
3258 1696 3 4 .
3305 1698 3 3 .
3413 1698 2 3 .

2930 1725 41 25 He
2982 1726 56 24 who
3049 1726 109 26 watches
3170 1726 42 26 the
3225 1727 83 25 effects
3318 1726 26 26 of
3354 1732 77 20 water
3445 1734 3 4 ■

2897 1764 25 24 m
2936 1772 15 16 a
2963 1764 64 32 dirty
3039 1767 74 22 street
3133 1773 26 17 or
3171 1765 60 24 road
3245 1766 62 24 after
3325 1774 15 15 a
3350 1766 81 31 heavy

2898 1802 135 32 downpour
3053 1802 26 25 of
3089 1804 60 28 rain,
3168 1804 56 24 who
3243 1811 52 17 sees
3305 1803 56 25 how
3372 1804 58 24 dust

2898 1841 46 24 has
2956 1841 62 24 been
3032 1842 89 24 turned
3140 1844 26 23 to
3179 1842 65 28 mud,
3263 1842 69 28 sand,
3344 1842 85 32 gravel

2897 1880 58 23 how
2973 1881 42 23 the
3027 1879 64 25 little
3113 1882 95 23 torrent
3219 1881 60 24 rolls
3300 1881 32 24 it-
3347 1881 83 31 along,

2898 1928 85 22 scoops
3007 1921 43 23 out
3061 1920 57 25 here
3139 1921 49 24 and
3205 1921 70 24 there
3287 1929 14 16 a
3324 1921 107 25 channel

2897 1960 38 23 for
2957 1960 72 28 itself,
3057 1960 87 32 always
3167 1960 85 32 taking
3275 1961 41 24 the
3340 1961 88 24 easiest

2897 1999 103 31 possible
3027 2001 99 27 route;,
3147 2001 53 24 how
3233 2001 20 24 it
3281 2000 75 25 bsnds
3378 2001 51 24 and

2898 2037 100 26 doubles
3010 2037 62 26 back
3094 2047 67 23 upon
3172 2038 76 30 itself,
3267 2039 56 24 how
3335 2039 20 25 it
3379 2047 51 17 car-

2898 2077 47 23 ries
2958 2077 34 24 off
3009 2078 66 22 mud.
3081 2077 48 24 and
3152 2078 84 30 gravel
3255 2081 26 21 at
3293 2086 52 20 pne
3365 2079 64 30 spot,

2898 2117 107 30 deposits
3018 2116 69 24 them
3100 2119 25 21 at
3138 2117 110 28 another,
3267 2118 55 23 how
3340 2118 21 24 it
3377 2118 54 30 lays
3444 2115 6 13 '

2898 2156 72 24 down
2990 2165 13 15 a
3017 2156 63 24 delta
3099 2157 26 24 m
3137 2158 41 23 the
3200 2157 57 31 pool
3269 2157 30 24 to'
3318 2157 82 25 which
3412 2154 21 27 it

2897 2196 68 25 flows
2968 2212 30 3 —
3000 2197 42 25 the
3071 2205 60 17 man
3159 2197 56 25 who
3244 2199 102 23 masters
3379 2198 54 24 that

2897 2234 119 33 problem,
3046 2236 83 24 learns
3157 2237 53 23 that
3234 2237 79 31 object
3340 2237 91 28 lesson,

2898 2274 85 24 knows
3008 2274 33 24 all
3067 2274 43 24 the
3133 2275 118 23 essential
3269 2274 63 24 facts
3336 2291 2 10 ;
3358 2274 74 25 about

2898 2320 72 24 every
2990 2312 63 24 river
3064 2312 26 24 m
3114 2310 42 26 the
3173 2312 83 26 world.
3302 2313 68 24 Time
3382 2313 49 24 and

2898 2355 72 21 water
2982 2352 99 31 explain
3096 2352 66 24 them
3175 2352 41 24 all.
3228 2372 2 5 ,
3284 2355 2 3 '
3368 2363 2 14 ;
3410 2377 2 2 .

2932 2390 52 25 The
2996 2398 57 16 man
3065 2390 56 25 who
3133 2391 68 24 takes
3213 2399 15 16 a
3245 2391 65 31 piece
3322 2392 29 22 of
3360 2393 72 22 stone

2897 2428 48 25 and
2957 2428 124 25 hammers
3093 2429 21 24 it
3126 2430 25 23 to
3159 2428 89 31 pieces,
3267 2428 49 25 and
3335 2428 64 25 finis
3410 2429 21 24 it

2898 2470 24 22 to
2934 2467 93 24 consist
3043 2467 27 24 of
3088 2467 59 24 sand
3164 2467 36 24 for
3219 2467 42 25 the
3281 2469 63 22 most
3351 2492 3 2 .
3365 2469 65 30 part,

2897 2509 80 24 learns
2990 2508 53 24 that
3067 2507 42 24 the
3121 2508 62 23 sand
3194 2508 22 24 is
3235 2508 69 24 older
3315 2507 61 24 thsaii
3387 2507 43 24 the

2897 2549 84 25 stone-;
3012 2546 47 24 and
3084 2546 122 24 reflection
3226 2546 55 24 tells
3291 2559 2 6 <
3303 2545 56 24 him
3378 2547 55 22 that

2897 2585 61 26 sand
2970 2588 66 22 must
3048 2585 63 25 have
3125 2585 61 25 been
3202 2584 76 26 railed
3288 2585 49 24 and
3336 2588 4 13 5
3349 2585 82 25 temb-

2889 2623 55 30 -Iftd,
2964 2623 114 32 ponnded
3100 2623 49 25 and
3334 2623 98 25 washed

2897 2663 47 23 and
2958 2662 95 31 ground
3079 2663 26 22 m
3118 2663 64 22 river
3201 2670 28 15 or
3241 2670 32 15 on
3296 2662 74 23 shore
3391 2663 42 23 fo?

2897 2703 38 23 for
2958 2701 139 27 thoiisards.
3116 2701 29 25 of
3159 2708 68 23 years
3227 2709 2 14 ;
3252 2700 80 28 before
3342 2701 23 24 ifc
3382 2709 50 17 was

2898 2740 134 31 congealed
3042 2740 54 24 into
3108 2740 57 24 that
3181 2742 78 22 stone.
3295 2740 57 23 And;
3360 2740 73 24 when

2897 2787 31 24 he
2951 2786 95 25 reflects
3069 2786 51 24 how
3151 2785 62 25 sand
3236 2785 22 25 is
3262 2785 77 25 ./laid
3361 2785 72 25 down

2898 2829 25 23 at
2935 2827 43 24 the
2999 2826 97 25 bottom'
3116 2826 27 24 of
3161 2834 14 16 a
3186 2826 57 31 pool
3254 2833 34 20 or;
3294 2825 74 32 along
3380 2835 4 14 ;
3389 2825 43 25 the

2900 2867 79 28 shore,
2998 2876 27 15 or
3042 2866 27 25 m
3088 2866 42 25 the
3154 2866 121 25 sheltered
3290 2865 85 32 places;
3382 2864 26 26 of
3419 2874 14 15 a

2900 2907 63 24 river
2975 2906 32 24 he
3019 2905 85 25 knows
3113 2905 57 25 how
3182 2905 56 25 that
3250 2905 124 25 sand-was
3381 2904 52 25 Mcl
3452 2910 3 4 '

2898 2945 72 23 down
2982 2944 26 23 m
3018 2944 43 24 the
3073 2950 40 17 sea
3126 2944 80 24 before
3217 2945 20 21 it
3247 2944 191 23 became-stoae*

2899 2985 96 31 though
3006 2985 32 24 he
3061 2992 58 24 may
3141 2986 45 22 not
3208 2986 41 29 yet
3271 2991 114 24 perceive-
3404 2982 32 26 ori

2899 3025 72 25 know
2982 3025 68 25 what
3062 3027 99 23 cement
3172 3032 50 17 was
3241 3024 61 25 used
3313 3029 32 19 to-
3351 3024 82 25 Jastea

2899 3067 43 23 the
2955 3067 69 23 sand-
3029 3067 84 30 grains
3126 3065 126 32 together;.

2933 3106 139 31 Kefjecting
3083 3114 69 23 upon
3168 3105 44 24 the
3224 3112 136 17 enormous
3366 3112 68 16 mas-

2901 3154 38 17 ses
2951 3147 26 24 of
2984 3145 134 25 sandstone
3126 3145 25 25 m
3164 3145 34 24 all
3209 3144 128 26 countries-
3342 3144 90 32 i«eanrly,

2900 3194 44 18 one
2968 3185 123 32 perceives
3116 3185 54 24 that
3196 3184 42 24 the
3262 3184 173 31 sandi-iaaflkißg

2900 3234 124 23 processes
3045 3227 65 22 must
3121 3225 61 23 have
3203 3224 62 24 been
3277 3225 90 23 akoost
3378 3224 56 23 uni-

2900 3264 80 24 versal
2991 3264 27 23 m
3031 3270 43 16 our
3086 3264 85 29 planet
3180 3269 7 21 ;
3205 3262 47 23 and
3264 3262 41 24 the
3317 3262 79 23 saibds
3410 3261 27 25 of

2902 3312 61 23 your
2992 3304 75 31 giant,
3083 3302 92 24 deserts
3196 3301 49 24 and
3267 3309 42 17 sea
3330 3302 106 24 beaeb.es

2900 3349 58 24 hint
2980 3353 26 20 at
3026 3349 63 24 least
3099 3349 27 23 at
3148 3347 48 28 the.
3208 3347 157 25 niilleniu<m&
3380 3347 58 26 that

2902 3390 65 22 must
2978 3387 73 33 j|have
3075 3386 91 31 passed,
3194 3385 74 25 while
3286 3386 63 31 they
3372 3394 64 18 werft

2903 3425 129 31 aforming.
3077 3424 55 23 And
3154 3423 73 25 then;
3241 3432 34 23 up
3297 3427 74 22 sftairtis
3394 3424 44 26 the

2902 3464 122 32 question,
3042 3462 101 24 whence
3165 3460 70 26 canie
3257 3463 49 23 the-
3318 3464 118 24 material
3436 3464 20 23 ..

2903 3502 27 24 of
2949 3501 80 24 which
3051 3500 64 24 sand
3135 3500 22 25 is
3177 3500 97 24 formed
3283 3499 17 25 £
3315 3501 65 24 And-
3393 3509 48 16 our*

2904 3539 175 26 answer-stakes
3099 3546 28 16 us
3140 3538 62 24 back
3215 3541 39 22 'to
3263 3538 72 25 roe&s
3357 3538 81 26 which

2902 3587 62 18 were
2977 3581 42 22 not
3031 3578 141 30 sandstone,
3191 3577 45 26 but
3256 3579 62 24 hard
3330 3578 71 26 rocks
3413 3579 28 26 of

2904 3621 69 24 other
2985 3619 169 31 descriptions,
3173 3619 72 25 rocks
3257 3620 115 25 soihaird
3382 3620 58 25 that

2904 3658 64 24 their
2991 3657 112 24 material
3135 3664 80 17 seems
3238 3658 185 25 iniestiriiietible
3433 3666 30 21 j.

2885 3707 1 2 ■
2904 3695 69 25 rocks
2985 3694 84 24 which
3080 3697 83 26 water,
3185 3695 51 30 iefy
3245 3704 68 16 saaw
3316 3715 8 10 r
3327 3710 3 4 -
3341 3696 50 25 and
3401 3697 43 24 in-

2904 3735 98 24 cessant
3022 3733 84 32 splash
3119 3733 27 25 of
3155 3733 63 31 rainy
3229 3733 28 26 o£
3269 3734 123 31 breakers,
3416 3734 32 26 of
3464 3753 11 12 .-

2905 3772 119 32 abrading
3034 3772 102 31 pebbles
3147 3773 52 24 und
3212 3773 123 30 boulders,,
3360 3775 26 23 of
3396 3773 45 26 the

2905 3810 84 33 gravel
3001 3810 51 24 and
3075 3810 98 32 shingle
3185 3810 98 33 already
3295 3812 95 24 formed
3412 3812 29 33 by
3462 3812 3 17 ;

2906 3853 60 28 long
2979 3850 124 25 laborious
3114 3859 129 23 processes-
3260 3852 183 31 continuedfpr

2906 3890 89 25 untold
3006 3891 141 25 thousands
3159 3899 28 17 or
3199 3892 110 25 millions
3326 3893 28 24 of
3358 3899 83 24 years*

2906 3933 27 22 at
2944 3930 88 32 length
3045 3939 62 17 wore
3131 3932 74 24 down
3214 3932 56 25 into
3288 3933 83 30 gravel
3393 3932 49 24 and

2907 3971 62 25 sand
2980 3971 49 25 and
3042 3971 69 29 mud,
3121 3972 48 24 and
3182 3972 70 31 then,
3263 3972 180 29 business-like,

2907 4009 49 25 laid
2977 4010 68 24 aside
3056 4010 44 24 the
3118 4010 115 26 material
3243 4011 38 25 for
3300 4011 42 24 the
3356 4018 85 17 manu-

2907 4048 95 23 facture
3014 4048 27 24 of
3052 4055 55 17 new
3130 4048 82 25 rocks.
3257 4049 68 24 Time
3346 4049 41 23 did
3412 4048 29 25 it.

2908 4085 80 25 There
3001 4093 51 16 was
3074 4093 34 17 no
3119 4086 87 32 hurry,
3223 4094 34 17 no
3279 4086 68 24 time-
3351 4088 82 30 Jceepey
3434 4103 7 12 t

2907 4130 35 18 no
2954 4123 161 26 task-master
3166 4124 54 25 The
3229 4124 67 25 work
3318 4131 50 18 was
3379 4124 64 26 done

2908 4164 27 25 m
2958 4165 95 31 perfect
3075 4164 98 29 leisure,
3202 4174 28 16 as
3247 4166 34 24 all
3300 4168 67 29 great

2910 4205 125 31 thorough
3051 4206 68 23 work
3131 4208 69 22 must
3211 4213 56 16 ever
3278 4205 29 24 be
3309 4219 31 4 —
3340 4212 36 17 no
3386 4205 59 24 time

2910 4241 58 31 lost,
2995 4251 38 17 no.
3039 4245 113 24 moment
3174 4250 59 18 over
3252 4243 111 25 crowded
3387 4241 58 28 with

2883 4283 2 16 1
2911 4283 69 26 work
2981 4299 32 3 —
3013 4292 34 17 no
3055 4287 162 29 government
3226 4283 89 30 stroke,
3323 4290 48 19 nor

2883 4323 2 15 1
2912 4323 82 25 stroke
3005 4323 88 26 either.
3127 4322 197 32 World-making
3339 4331 50 16 was
3400 4325 47 24 not

2911 4363 101 25 hurried
3022 4370 7 22 ;
3046 4366 45 21 not
3102 4362 27 24 m
3146 4361 38 24 six
3203 4360 60 33 days
3274 4368 54 18 was
3342 4360 20 26 it
3373 4360 72 31 done,

2884 4393 1 24 1
2912 4410 47 18 nor
2979 4403 26 24 m
3029 4401 140 36 6,000,000,,
3180 4400 26 25 of
3227 4400 119 26 millions.
3393 4400 55 28 The

2913 4442 62 26 time
2995 4449 51 18 was
3074 4448 73 18 never
3317 4440 131 33 reckoned,

2884 4476 3 18 *
2914 4482 137 26 measured.
3085 4482 49 23 Ars
3141 4471 246 51 Jo^^^^i^brevis,
3400 4488 50 20 was

2884 4526 2 11 '
2914 4524 45 27 npt
2970 4527 24 20 to
3006 4522 30 25 be
3046 4520 97 26 written
3156 4521 40 27 for
3205 4510 243 46 raul^is'ofcyears,

2884 4555 3 18 3
2916 4560 148 28 Art'audits,
3081 4548 372 48 eiecutive^^|iV|%olrkan^

1064 70 173 34 OXFORD
1280 71 230 33 OBSERVER
1553 70 237 37 SATURDAY,
1839 71 244 32 NOVEMBER
2141 72 51 35 21,
2237 71 89 32 1896.

675 4512 54 24 The
740 4513 110 28 greatest
873 4510 95 26 burden
980 4519 33 17 on
1034 4512 43 24 the
1087 4512 60 24 land
1159 4512 17 24 is

642 4544 42 26 the
696 4543 111 27 landlord
810 4536 19 33 A

626 4577 9 9 '"
727 4584 9 11 ''
744 4588 2 2 '
774 4590 2 3 •
826 4572 19 28 \
956 4578 94 14 /■•''''
1065 4578 10 19 '._.
1086 4585 5 12 ;
