3510 4660
54 239 69 26 time,
150 241 63 17 were
234 228 117 35 perfectly
380 224 122 33 adjusted.
538 223 53 25 The

54 277 49 26 old,
123 274 59 25 hard
194 270 71 26 rocks
277 275 63 18 were
352 265 123 29 attacked,
489 264 101 28 broken,

56 313 143 35 splintered,
211 308 105 27 abraded
333 306 36 25 bit
381 306 33 32 by
425 305 38 25 bit
482 303 41 26 till
534 303 58 31 they

54 363 65 18 ■were
138 361 34 17 no
192 358 66 18 wore
280 348 79 27 rocks,
387 346 47 25 but
456 345 68 28 mud,
543 343 50 25 and

56 395 63 26 sand
137 392 49 24 and
196 389 91 34 gravel.
322 387 58 25 And
391 386 59 25 thus
462 385 43 24 the
517 385 75 23 mate-

56 437 61 23 rials
140 440 63 16 were-
225 428 75 27 found
324 428 39 23 for
374 427 44 23 the
441 424 149 25 sandstones

55 474 81 26 which
160 470 53 26 still
234 467 102 29 remain,
363 463 140 27 materials'
515 461 77 25 which

57 514 65 24 have
137 509 86 34 passed
236 505 107 32 through
354 510 76 25 many
441 500 153 26 vicissitudes

58 552 50 24 and
134 551 117 28 changes,
273 545 49 24 aud
341 542 79 25 which
446 542 66 22 must
536 546 57 23 pass

57 588 109 31 through
178 594 26 16 as
216 591 77 24 many
305 589 76 17 more.

91 627 62 24 Now
164 624 34 25 let
210 631 29 16 us
250 628 83 26 pause.
361 618 64 24 How
436 616 60 30 long
505 614 89 26 should

58 675 38 16 we
117 664 97 31 require
237 664 26 22 to
282 658 60 26 read
365 656 117 32 religious
506 654 86 28 books,

57 705 77 24 listen
148 708 24 19 to
184 700 72 33 godly
268 703 121 21 sermons,
413 702 70 23 pray,
496 693 58 28 fast,
568 699 27 16 or

56 745 33 22 do
117 749 47 22 any
187 739 70 25 other
282 734 115 32 religious
420 735 61 24 acts,
500 738 40 16 ere
557 736 37 17 we

176 780 68 23 learn
267 784 15 15 a
304 769 155 30 thousandth
486 771 57 28 part
567 773 27 17 as

58 820 78 26 much
152 818 76 25 about
247 815 95 25 Nature
362 819 27 17 as
406 817 46 18 our
463 810 64 22 river
545 806 49 24 and

57 868 48 18 our
126 860 67 28 lump
214 853 170 26 ofsard*tone
409 849 65 23 have
495 844 99 30 already

58 900 90 31 taught
166 897 50 25 us?
236 896 43 23 An
301 891 83 26 hour's
403 888 71 31 study
494 884 101 27 teaches

58 949 69 17 more
137 939 26 24 cf
173 938 103 25 Nature,
289 934 56 23 that
355 931 31 26 is,
404 936 68 17 more
484 927 26 23 of
518 926 75 28 truth,

60 982 63 24 than
134 979 34 24 all
180 979 43 24 the
234 974 118 31 religiors
364 971 26 25 of
400 969 44 25 the
452 967 74 25 world
540 974 56 16 ever

61 1022 89 32 taught
162 1027 26 17 or
200 1025 46 18 can
254 1010 75 30 tetch!
355 1009 145 27 Ecvelation
512 1006 82 25 teach-

52 1050 37 40 es
100 1060 135 31 nothing—
238 1058 85 28 except
335 1053 43 25 the
390 1050 139 31 emptiness,
555 1048 41 23 the

63 1102 94 29 vanity,
187 1100 40 22 the
253 1094 82 25 mania
363 1092 27 24 of
416 1089 44 24 the
482 1085 113 33 prophet.

61 1142 80 26 Truth
162 1138 50 25 and
223 1134 134 26 revelation
373 1137 73 18 never
457 1127 79 27 unite,
555 1126 41 23 but

61 1191 56 18 ever
128 1182 34 31 fly
174 1184 26 20 at
212 1177 61 26 each
284 1173 92 26 other's
389 1171 104 25 throats.
540 1164 57 26 And

61 1221 75 25 while
145 1225 59 18 men
221 1223 41 16 are
277 1211 104 26 busided
392 1209 62 25 with
465 1207 41 24 the
521 1204 75 32 fudge

63 1264 28 23 of
106 1258 141 27 revelation,
276 1253 43 25 the
343 1250 70 26 truth
441 1255 27 17 as
491 1246 20 24 it
531 1245 21 24 is
570 1245 27 24 m

65 1299 127 28 iNatureis
211 1297 39 23 for
268 1301 54 17 ever
339 1290 93 25 hidden
451 1288 66 23 from
534 1284 63 24 then-

63 1349 64 17 eves.
184 1357 3 4 •
533 1351 8 6 v

77 1364 9 8 *
157 1371 93 24 Joseph
263 1366 82 25 Symes
356 1371 25 16 m
394 1369 48 16 the
454 1359 131 25 Liberator.

201 1426 261 39 ELECTORAL.

81 1511 88 35 THE
190 1503 192 38 PREMIER
399 1502 55 32 AT
478 1501 107 30 EAST

166 1578 5 5 .
239 1553 179 35 OXFORD.

95 1645 36 20 On
140 1641 99 25 Monday
248 1638 97 25 evening
361 1635 45 21 last
421 1634 40 20 the
471 1633 53 20 Hon
533 1632 27 20 B.
580 1632 21 20 J.

66 1672 93 22 Seddon
167 1665 120 26 addressed
305 1672 14 13 a
328 1661 102 23 crowded
439 1661 46 20 and
496 1660 106 20 enthusi-

68 1700 58 21 astic
136 1697 102 25 meeting
255 1695 25 19 at
298 1692 41 21 the
356 1691 56 19 East
431 1688 84 21 Oxford
533 1687 69 20 Town

66 1727 57 21 Hall
157 1725 35 20 On
201 1722 104 24 entering
320 1719 41 20 the
374 1723 63 15 room
444 1715 42 21 ihe
495 1715 106 23 Premier,

69 1754 50 20 who
129 1758 46 14 was
185 1746 157 28 accompanied
350 1745 31 24 by
390 1744 48 20 Mrs
448 1742 95 23 Seddon,
557 1748 45 13 was

70 1779 92 26 greeted
184 1776 56 21 with
258 1774 82 24 hearty
362 1772 83 20 •heers.
483 1769 37 19 Mr
541 1768 61 20 John

69 1807 75 25 Weld,
160 1804 115 24 chairman
284 1801 23 20 of
316 1800 41 21 the
376 1797 64 22 Koad
453 1796 81 20 Board,
548 1802 56 20 pre-

66 1844 22 13 -81
98 1863 48 21 The
155 1859 106 25 Premier,
275 1856 74 21 whose
362 1853 93 22 address
468 1858 46 13 was
529 1850 25 20 m
563 1851 40 19 the

70 1892 63 20 main
141 1890 39 20 the
190 1893 61 15 same
260 1892 25 15 as
300 1884 54 21 that
371 1878 114 25 delivered
494 1879 25 20 at
532 1877 72 24 Kaia-

70 1919 45 24 poi,
130 1917 54 21 said,
199 1915 24 21 m
232 1912 105 29 opening,
350 1910 52 20 that
421 1908 28 19 he
459 1908 47 18 met
514 1906 41 19 the
565 1912 39 13 au.

70 1946 79 19 dience
163 1941 57 23 with
237 1945 55 20 very
310 1936 67 28 great
394 1935 109 26 pleasure.
543 1932 61 25 They

70 1971 81 24 would,
166 1968 121 24 doubtless,
296 1966 29 20 be
333 1964 50 21 told
391 1962 53 21 that
453 1961 36 20 his
498 1965 105 21 presence

70 2005 46 15 was
126 1998 40 21 not
175 1998 36 20 for
223 1993 61 25 their
294 1991 58 28 good
370 1997 25 14 or
403 1988 41 21 the
454 1988 59 26 good
531 1987 23 19 ot
564 1986 40 20 the

70 2027 103 24 country,
187 2024 43 22 but
238 2023 26 20 m
272 2021 40 21 the
322 2018 96 22 interest
427 2016 24 21 of
459 2014 91 21 himself
559 2014 45 20 and

70 2054 66 22 those
144 2054 51 21 who
204 2049 104 23 followed
313 2047 54 21 him.
397 2044 36 21 He
444 2042 38 22 did
491 2044 39 19 not
540 2042 64 19 know

70 2083 62 20 what
140 2077 153 24 construction
298 2076 41 20 the
348 2073 109 21 audience
465 2070 139 26 wouldplace

70 2116 62 16 upon
146 2108 36 19 his
190 2110 113 22 presence,
317 2103 40 19 but
375 2101 30 20 he
423 2105 45 14 was
477 2098 64 21 there
559 2098 45 19 and

69 2134 109 22 intended
187 2135 25 18 to
227 2132 43 27 put
282 2130 77 20 before
376 2127 65 20 them
458 2125 40 20 the
506 2125 98 25 position

68 2163 26 20 of
102 2162 41 21 the
152 2161 84 24 colony,
255 2154 135 29 (applause).
404 2153 24 19 It
437 2158 45 13 was
491 2152 51 19 true
551 2150 53 20 that

69 2190 41 21 the
120 2187 101 22 Liberals
231 2186 34 20 far
272 2179 163 25 outnumbered
442 2179 41 20 the
492 2178 112 21 Conserv-

70 2218 80 20 atives,
164 2215 43 22 but
218 2213 40 22 the
267 2212 76 22 latter,
357 2207 89 26 though
454 2206 44 22 few
507 2211 25 14 m
540 2211 64 14 num-

67 2246 49 22 ber,
130 2241 95 23 weilded
234 2247 14 14 a
255 2245 83 21 power,
351 2235 96 26 namely,
461 2239 87 20 money,

69 2272 65 23 They
143 2270 44 21 had
198 2264 156 25 endeavoured
361 2265 25 19 to
395 2268 75 15 coerce
484 2261 40 20 the
534 2261 69 19 work-

70 2299 102 20 ing-men
190 2295 46 22 and
254 2294 40 21 the
312 2291 104 22 business
434 2288 95 27 people;
547 2287 56 26 they

69 2326 47 21 had
124 2324 88 26 bought
229 2328 32 21 up
270 2327 15 14 a
301 2320 64 25 large
382 2316 130 28 proportion
521 2315 24 19 of
562 2315 40 20 the

69 2355 67 20 Press
154 2353 24 20 of
195 2351 40 22 the
250 2348 91 26 Colony,
354 2345 47 22 and
417 2344 37 21 for
465 2348 64 22 years
547 2343 56 25 they

68 2381 47 20 had
124 2376 157 30 misgoverned
289 2376 40 21 the
339 2374 102 24 country.
458 2371 143 26 (Applause).

68 2409 30 19 In
107 2407 109 26 exposing
238 2409 61 15 «ome
317 2401 24 21 of
362 2400 41 20 the
421 2399 86 20 actions
526 2398 24 19 of
562 2398 40 19 the

68 2433 173 23 Conservatives
251 2431 28 20 he
297 2426 119 23 instanced
427 2426 41 20 the
486 2430 50 14 case
546 2426 22 18 ot
587 2430 15 14 a

68 2461 92 23 Liberal
178 2458 118 24 candidate
323 2456 25 19 m
366 2454 40 21 the
427 2451 103 21 Hawkes
553 2451 48 25 Bay

68 2489 91 22 district
181 2487 86 26 having
288 2485 58 20 been
370 2480 91 23 refused
480 2485 14 15 a
515 2480 86 25 nights

68 2517 92 24 lodging
169 2516 31 25 by
219 2520 15 14 a
245 2513 86 20 station
349 2514 85 19 owuer;
449 2507 45 20 and
512 2507 89 19 retused

66 2543 135 26 permission
223 2542 25 20 to
254 2539 100 21 -address
371 2536 41 21 the
434 2540 52 15 men
510 2540 28 13 on
560 2534 41 19 the

68 2572 72 24 place.
168 2570 62 22 Also,
258 2567 54 21 that
320 2565 60 25 only
388 2563 40 20 the
437 2562 65 21 other
511 2561 44 26 day
564 2560 37 21 Mr

67 2597 113 23 Meredith
202 2595 47 21 had
260 2595 58 20 been
326 2590 92 23 refused
435 2593 133 22 permission
576 2588 25 19 to

67 2625 71 26 speak
147 2628 22 17 to
179 2623 40 21 the
228 2627 52 15 men
297 2626 30 15 on
336 2625 14 14 a
367 2617 85 21 station
461 2622 24 13 m
494 2615 40 20 the
543 2615 58 19 Ash-

66 2654 39 25 ley
121 2651 128 23 electorate.
286 2647 92 21 Actions
388 2644 23 21 of
428 2644 49 21 this
491 2643 61 23 kmd,
571 2643 30 20 he

66 2681 58 24 said,
138 2680 61 20 must
207 2676 70 22 recoil
289 2680 62 22 upon
368 2673 40 21 the
423 2670 177 23 Conservative!.

67 2706 144 27 (-Applause.)
235 2705 30 20 In
287 2702 47 22 this
350 2705 76 22 young
440 2699 48 20 free
507 2698 94 26 country

69 2735 56 20 such
154 2733 99 21 conduct
270 2736 47 14 was
340 2727 78 21 unfair
444 2726 47 20 and
499 2726 59 19 most
566 2731 34 14 re-

66 2761 141 27 prehensive.
247 2757 72 24 Then,
331 2754 74 27 again,
422 2759 53 14 men
489 2752 51 20 who
556 2752 46 19 had

66 2789 69 22 voted
145 2795 26 15 as
188 2787 62 22 their
268 2783 139 24 consciences
425 2779 101 23 directed
538 2779 64 20 them

65 2818 48 21 had
131 2818 59 21 been
198 2814 50 22 told
265 2813 31 26 by
314 2811 61 22 their
393 2809 124 26 employers
534 2807 25 21 to
573 2813 28 21 go

66 2846 71 20 about
146 2844 60 21 their
214 2840 111 23 business.
350 2837 90 28 (Voices
444 2845 5 11 :
509 2841 20 14 is
538 2838 64 23 quite

164 2871 49 20 The
222 2866 178 24 Conservatives,
409 2865 20 19 if
437 2863 56 24 they
501 2863 101 25 thought

66 2900 56 25 they
132 2898 67 21 could
207 2896 62 21 force
289 2899 52 15 men
349 2891 46 21 and
408 2896 86 14 women
512 2889 24 19 to
550 2889 52 20 vote

65 2928 93 22 against
176 2923 59 22 their
254 2920 147 23 consciences,
423 2916 74 22 would
514 2917 66 19 make
588 2922 14 14 a

67 2955 66 23 great
160 2951 102 22 mistake.
306 2946 74 29 (Loud
402 2943 124 28 applause.)
554 2943 48 21 The

66 2975 243 31 Anglo-Saxon-Celtic
327 2981 51 14 race
395 2971 106 23 believed
519 2977 24 14 m
557 2971 45 20 fair

66 3009 61 25 play,
145 3008 45 20 and
198 3006 56 25 they
268 3002 75 22 would
352 3002 58 20 have
425 3000 27 20 it.
480 2998 48 21 The
548 3004 55 19 very

67 3036 76 20 action
153 3035 25 20 of
195 3033 40 21 the
255 3028 172 24 Conservatives
444 3027 24 19 m
486 3026 48 20 this
552 3032 50 14 con-

66 3063 91 21 nection
167 3061 37 21 led
221 3062 25 19 to
255 3059 41 21 the
308 3056 76 22 'belief
397 3055 52 20 that
466 3053 62 21 their
536 3058 66 16 cause

68 3097 46 13 was
132 3090 84 22 rotten,
234 3086 46 22 and
298 3082 117 23 altenated
434 3081 93 26 support
545 3081 58 19 from

68 3119 71 21 them.
169 3115 141 28 (Applause.)
337 3111 43 20 His
389 3114 105 22 presence
504 3113 46 15 was
559 3107 44 21 due

68 3147 25 20 to
102 3152 30 14 an
141 3141 159 28 arrangement
312 3140 54 21 that
374 3138 66 20 when
449 3143 25 13 m
484 3136 87 20 Oxford
578 3136 25 19 to

69 3180 58 17 open
136 3172 40 21 the
185 3168 151 24 water-works
345 3166 29 21 he
388 3163 82 22 should
479 3162 85 21 deliver
573 3168 30 15 an

69 3201 100 21 address.
211 3199 24 20 It
252 3195 75 23 would
341 3194 28 21 be
387 3192 50 22 said
444 3192 54 20 that
507 3190 29 21 he
546 3196 57 20 gave

70 3228 40 21 the
120 3227 91 21 address
224 3227 25 19 to
259 3223 38 21 aid
305 3223 41 20 the
364 3219 92 23 Liberal
465 3218 137 21 candidates.

72 3256 30 24 (A
112 3255 61 19 voice
180 3262 6 11 :
259 3250 67 21 much
341 3249 41 19 the
505 3246 47 19 and
566 3251 36 19 ap-

70 3281 97 26 plause.)
211 3279 36 21 He
270 3276 73 22 would
361 3274 73 22 admit
450 3272 41 22 the
505 3272 45 21 soft
562 3272 39 20 im-

70 3309 146 27 peachment;
230 3307 44 21 but
283 3311 44 15 was
341 3304 21 20 it
374 3303 25 21 to
408 3302 29 20 be
456 3300 49 21 said
513 3300 53 20 that
574 3300 30 20 he

73 3343 49 14 was
146 3337 43 20 not
211 3337 24 18 to
258 3333 61 21 meet
340 3331 41 21 the
407 3328 81 28 people
515 3328 25 19 m
562 3327 41 21 the

72 3364 90 20 various
180 3362 87 21 centres
277 3362 22 19 ot
316 3359 40 21 the
371 3358 90 25 colony;
477 3355 45 21 and
545 3361 59 14 were

71 3391 55 25 they
154 3391 41 19 not
213 3390 24 19 to
246 3389 28 20 be
293 3387 43 21 left
344 3387 24 20 to
387 3385 69 27 judge
470 3383 47 20 him
545 3383 59 19 from

71 3418 63 20 what
142 3417 55 25 they
206 3416 54 20 read
268 3415 26 20 m
310 3415 41 19 the
360 3412 96 27 papers?
472 3411 66 20 Were
548 3410 56 25 they

72 3446 26 19 to
117 3444 54 21 take
179 3443 61 21 their
257 3441 90 28 politics
356 3441 59 19 from
433 3437 84 22 should
525 3437 29 20 he
563 3443 41 20 say

71 3472 41 21 the
145 3469 160 22 Christchurch
334 3466 105 23 'Press"?
469 3463 133 28 (Laughter)

70 3498 98 25 Though
178 3499 27 19 90
222 3503 41 20 per
272 3496 57 20 cent,
348 3495 24 20 of
381 3495 40 19 the
431 3499 81 20 papers
522 3492 24 20 of
562 3492 41 20 the

70 3526 81 25 colony
159 3530 58 15 were
235 3523 90 27 against
334 3522 47 20 him
390 3521 30 20 he
438 3520 40 20 did
486 3521 41 19 not
545 3525 58 15 com-

70 3552 71 27 plain.
177 3551 23 20 If
218 3551 56 25 they
287 3550 68 20 wrote
369 3549 36 20 for
423 3554 14 14 a
460 3547 71 20 whole
550 3552 54 20 year

70 3579 92 28 against
171 3579 54 23 him,
239 3576 45 23 and
293 3577 29 20 he
331 3575 67 22 could
404 3575 61 20 meet
474 3575 40 19 the
523 3570 80 29 people

70 3607 50 22 face
129 3608 25 20 to
163 3607 50 20 face
222 3605 45 22 and
277 3605 50 26 give
337 3603 64 21 them
415 3603 67 22 facts,
491 3601 29 21 he
529 3601 74 21 would

69 3635 53 21 beat
136 3634 68 21 them.
219 3631 137 28 (Applause.)
384 3630 24 19 If
427 3630 37 19 the
482 3630 119 19 Conserva.

68 3662 61 20 tives
143 3660 50 21 said
211 3660 63 20 there
292 3665 45 14 was
347 3663 30 15 no
397 3656 154 27 organisation
569 3656 32 25 by

69 3688 65 21 them
142 3688 25 20 m
175 3687 40 20 the
225 3686 90 26 preseut
324 3684 96 21 election
428 3684 56 25 they
493 3689 58 14 were
560 3683 42 20 not

68 3717 25 19 to
103 3716 28 20 be
150 3714 108 21 believed.
285 3712 32 21 To
336 3718 26 20 sp
369 3712 37 19 *ak
423 3710 175 27 paradoxically,

68 3743 66 21 there
143 3748 46 15 was
198 3747 30 14 an
244 3739 152 27 organisation
407 3739 63 20 when
478 3738 65 21 there
554 3743 46 15 was

68 3776 30 15 no
107 3768 161 28 organisation.
295 3768 24 20 It
327 3765 75 23 would
411 3765 27 22 be
447 3764 92 22 noticed
547 3764 54 21 that

68 3799 26 19 m
117 3797 54 26 only
193 3796 69 21 about
284 3794 45 21 five
352 3793 174 22 constituencies
545 3798 57 15 were

69 3825 62 21 there
141 3830 59 14 more
219 3823 58 21 than
296 3828 44 15 one
359 3821 160 21 Conservative
528 3820 74 21 candi-

68 3852 60 24 date,
142 3851 46 22 and
195 3851 77 21 before
281 3850 40 20 the
340 3848 95 21 election
444 3848 40 20 the
503 3847 99 27 surplus-

67 3879 76 22 would
164 3879 59 20 have
245 3879 25 20 to
294 3876 68 22 stand
371 3875 64 20 down
441 3876 25 19 m
474 3875 81 20 favour
579 3875 24 20 of

66 3914 44 15 one
126 3906 119 22 candidate
268 3906 25 19 to
310 3903 63 21 each.
410 3902 73 21 There
502 3908 45 15 was
565 3903 38 20 too

65 3940 70 20 many
144 3933 131 21 candidates
294 3932 25 20 m
337 3930 42 20 the
388 3929 91 21 Liberal
496 3930 103 20 interest.

66 3963 25 19 It
100 3968 46 14 was
155 3961 59 25 part,
216 3960 24 20 of
258 3959 41 21 the
308 3957 162 22 Conservative
486 3956 82 21 tactics
577 3957 25 20 to

65 3987 97 28 pretend
181 3987 26 21 to
225 3986 94 27 support
328 3990 60 16 Borne
407 3984 24 20 of
447 3983 66 21 these
522 3984 80 20 candi-

65 4017 65 20 dates
148 4014 47 22 and
204 4014 58 27 keep
280 4019 25 15 as
324 4017 66 19 many
399 4011 26 20 m
444 4010 40 21 the
503 4010 55 21 field
576 4017 26 14 as

51 4060 2 4 .
64 4042 111 29 possible.,
188 4041 46 21 and
251 4041 26 21 m
285 4046 69 19 maty
369 4044 62 16 cases
449 4037 40 21 the
510 4037 92 21 liberals

65 4078 58 15 were
133 4069 83 27 simply
234 4069 69 26 being
312 4066 57 22 used
383 4067 26 19 to
419 4065 39 28 get
470 4065 26 21 m
504 4065 41 21 the
563 4072 39 20 op-

65 4098 99 27 position
174 4103 58 14 men.
253 4096 37 22 He
298 4093 101 23 referred
408 4094 25 20 to
442 4093 40 20 the
491 4093 49 20 fact
548 4093 54 20 that

65 4126 85 25 during
160 4124 38 21 the
207 4124 64 20 thre?
286 4128 64 21 years
359 4121 24 21 of
392 4120 40 22 the
441 4120 113 20 Atkinson
562 4120 39 20 ad-

65 4151 155 24 ministration
235 4151 41 20 the
291 4148 132 29 population
443 4147 119 21 decreased
571 4147 30 26 by

65 4182 82 23 14.000,
161 4178 67 22 while
248 4178 85 26 during
340 4176 40 21 the
395 4175 56 21 time
460 4175 40 21 the
509 4175 92 26 present

65 4207 155 24 Government
234 4206 52 22 had.
298 4205 59 20 been
366 4204 24 20 m
398 4210 74 19 power
480 4203 40 21 the
530 4202 71 21 incre-

63 4243 40 14 ase
121 4236 46 20 had
185 4234 58 21 been
256 4232 85 26 75,000.
355 4238 15 13 a
388 4231 72 19 result
479 4227 73 23 which
571 4230 30 20 he

61 4264 55 21 took
126 4269 60 14 some
196 4260 73 22 credit
286 4260 43 20 for.
357 4258 37 20 He
407 4257 94 28 pointed
510 4257 42 21 out
560 4257 41 21 the

63 4289 120 28 hypocrisy
206 4288 24 20 of
253 4293 61 15 Home
337 4286 25 20 of
380 4285 39 20 the
441 4284 160 20 Conservative

61 4318 67 20 Press
138 4316 25 21 m
174 4315 94 26 holding
285 4320 32 20 up
327 4312 41 21 the
387 4311 106 20 Balance
503 4311 97 20 Admin-

63 4345 106 21 istration
178 4344 25 19 to
212 4343 41 20 the
266 4341 93 27 present
377 4338 155 23 Government
541 4344 25 14 as
585 4345 15 14 a

62 4371 81 24 model,
157 4370 66 21 while
232 4369 41 21 the
288 4366 144 27 Wellington
441 4365 69 20 'Post'
519 4371 45 15 was
574 4372 25 15 ao

61 4399 71 21 bitter
153 4398 25 20 m
187 4398 31 20 its
228 4395 91 22 attacks
334 4401 30 14 on
372 4394 41 21 the
431 4392 61 22 Hon.
508 4392 24 21 J-
543 4392 56 21 Bal-

61 4427 65 21 lance
135 4426 65 20 when
209 4431 30 14 on
250 4424 36 20 his
293 4420 128 24 death-bed
428 4421 54 21 that
490 4427 15 14 a
514 4420 84 26 special

61 4454 92 25 request
169 4452 48 20 had
237 4452 57 20 been
302 4450 66 21 made
387 4450 24 20 to
430 4448 41 22 the
481 4448 74 21 editor
573 4448 25 21 to

61 4481 53 25 give
206 4484 74 20 peace.
322 4476 59 24 And,
404 4476 76 26 again,
500 4475 30 20 he
550 4475 47 24 (Mr

62 4507 98 24 Seddon)
178 4504 46 22 had
233 4503 84 27 during
333 4503 37 21 Mr
387 4502 127 22 Ballance's
530 4500 67 28 reign

60 4535 59 20 been
140 4532 98 22 referred
260 4532 25 20 to
315 4531 32 25 by
368 4531 39 20 the
434 4528 163 24 Christchurch.

53 4561 98 21 vPreV
166 4566 25 14 as
200 4559 40 21 the
254 4559 79 25 strong
344 4563 51 15 man
404 4558 24 21 of
436 4558 40 21 the
486 4558 101 21 Govern-

618 219 64 20 ment
691 218 24 20 to
726 218 71 20 whom
812 215 180 22 administrative
1001 214 77 21 affairs
1088 213 66 22 could

619 246 29 21 be
666 245 43 21 left
726 245 56 20 with
795 245 81 24 safety.
915 242 55 20 This
984 249 52 17 was,
1051 242 103 19 however

620 273 54 26 only
682 274 26 19 to
719 279 43 14 sow
775 271 91 21 discord
876 270 24 21 m
910 270 40 20 the
970 269 96 20 Cabinet
1077 269 54 20 with
1140 275 14 14 a

620 300 59 27 hope
687 301 53 20 that
748 300 20 20 it
787 298 73 21 would
868 298 28 20 be
910 296 83 21 turned
1011 297 49 20 into
1078 302 13 14 a
1100 296 55 21 bear

621 328 84 26 garden
750 328 47 19 But
814 326 41 19 the
874 325 97 25 attempt
990 330 44 13 was
1043 330 15 13 a
1066 323 88 20 failure.

621 355 48 21 The
688 354 153 22 Government
858 352 47 20 had
923 357 14 14 a
961 351 73 25 grand
1051 357 65 14 cause
1131 352 23 18 to

621 383 73 26 flght,.
701 381 46 21 and
756 387 68 19 every
842 379 99 20 member
951 384 44 13 was
1010 377 111 27 prepared
1129 378 26 20 to

621 409 28 21 do
658 409 38 21 h.ia
705 409 51 20 best
765 409 37 19 for
811 408 53 19 that
874 411 73 15 cause.
975 404 47 21 The
1033 405 121 20 Conserva-

620 437 48 21 tive
678 437 66 20 Press
754 435 46 21 had
808 440 69 14 never
886 433 57 20 been
954 432 50 20 able
1015 433 24 19 to
1057 437 45 15 sow
1110 431 44 20 dis-

621 465 118 20 sensn&ion
749 463 24 20 m
783 462 61 20 their
853 461 69 20 ranks
939 459 46 20 and
995 465 68 15 never
1072 458 82 21 would.

621 492 28 21 In
659 491 131 25 instancing
808 489 40 20 the
858 487 122 21 Glenniark
994 487 74 20 estate
1091 493 25 14 as
1126 492 29 15 an

623 520 101 26 exampie
734 519 23 19 of
766 518 40 20 the
815 523 49 19 way
873 516 25 20 m
907 514 73 21 which
993 514 108 26 property
1109 514 46 20 had

621 547 58 21 been
688 545 115 22 enhanced
809 545 25 19 m
842 543 68 21 value
919 543 30 25 by
959 542 38 19 the
1008 541 147 26 expenditure

623 575 23 20 of
663 574 76 27 public
757 578 81 19 maney
848 571 27 19 he
896 576 45 14 was
960 569 70 19 asked
1037 568 59 20 from
1115 568 41 20 the

623 602 58 25 body
691 601 24 20 of
724 600 40 20 the
773 599 49 20 hall
837 598 51 25 why
897 597 39 20 the
947 596 154 20 Government
1116 595 40 20 did

622 630 41 19 not
672 628 48 26 buy
729 627 40 21 the
779 627 78 19 estate.
895 624 28 20 In
932 623 63 26 reply
1008 623 24 19 to
1041 622 40 20 the
1091 628 64 20 ques-

622 658 50 19 tion
681 656 29 19 he
723 655 50 20 said
782 654 52 20 that
843 652 47 20 this
909 657 46 14 was
965 657 14 13 a
994 649 95 21 Cabinet
1099 650 57 19 mat-

622 685 36 20 ter
668 683 45 20 and
721 682 41 20 not
780 687 42 15 one
832 681 24 19 to
866 680 27 20 be
904 677 114 21 discussed
1028 683 25 13 or
1062 676 93 21 decided

623 712 25 19 at
658 717 12 14 a
679 710 76 26 public
767 703 104 30 meeting.
891 706 49 20 The
950 705 151 20 Government
1109 703 47 21 had

621 738 61 20 their
691 743 51 19 eyes
751 737 30 19 oh
790 735 129 21 Gleamars,
934 732 45 20 and
997 737 60 13 were
1066 731 89 19 attend-

622 766 41 25 ing
672 766 24 18 to
705 764 41 19 the
764 763 84 19 matter
857 761 24 19 m
900 759 61 21 their
978 764 49 14 own
1042 764 56 19 way.
1127 757 28 19 In

622 792 92 24 leading
731 796 31 19 up
780 792 24 17 to
824 788 40 21 the
882 787 90 26 subject
982 785 23 20 of
1027 785 40 20 the
1086 785 70 30 cheap

623 824 79 20 money
712 817 88 21 scheme
813 811 29 25 lie
857 813 92 24 pointed
962 813 41 20 out
1020 812 52 20 that
1081 811 46 20 had
1136 811 20 20 it

623 849 40 18 not
670 845 57 21 been
736 844 36 21 for
780 844 40 20 the
828 838 152 25 Government
989 839 88 26 coming
1082 839 25 20 to
1116 837 39 21 the

622 879 78 16 rescue
709 872 24 20 of
751 872 40 20 the
809 868 169 22 Wainiakariri-
980 866 83 25 Ashley
1077 866 79 20 Water

625 900 85 27 Supply
719 898 76 21 Board
816 898 25 20 m
858 895 118 28 providing
990 894 37 20 for
1044 893 21 20 it
1073 893 25 21 to
1117 893 39 26 get

623 928 75 21 funds,
714 927 40 20 the
773 926 91 20 settlers
882 922 74 21 would
975 923 41 19 not
1033 921 58 19 have
1110 920 45 20 had

623 956 61 20 their
702 955 136 21 water-race,
852 958 24 13 as
893 951 39 20 the
950 949 74 21 Board
1032 947 47 21 had
1088 947 69 21 failed

623 985 25 18 to
658 984 39 25 get
706 982 123 20 assistance
838 980 58 19 from
905 978 41 20 the
955 976 72 21 banks
1037 982 25 14 or
1069 981 85 19 money-

623 1010 95 20 lenders.
747 1008 47 20 The
804 1006 70 26 cheap
884 1011 79 19 money
974 1003 87 22 scheme
1070 1002 47 21 had
1132 1008 24 13 so

625 1036 96 22 reduced
730 1036 83 20 interes
822 1034 69 21 tthat.
902 1032 98 21 whereas
1010 1032 25 19 at
1038 1053 3 9 (
1045 1036 42 15 one
1096 1030 57 20 time

623 1065 40 21 the
672 1064 96 20 farmers
777 1062 46 21 and
837 1061 103 21 business
958 1065 52 15 men
1023 1058 44 21 had
1085 1058 25 20 t->
1119 1063 37 20 ap-

624 1091 83 27 proach
716 1091 61 19 their
795 1089 97 21 bankers
910 1088 36 19 for
961 1085 106 22 financial
1076 1084 81 21 assist-

624 1124 54 15 ance
688 1117 57 20 with
754 1117 123 24 trembling
886 1114 46 21 and
940 1114 56 22 fear,
1010 1113 40 20 the
1059 1112 97 19 bankers

625 1151 56 15 were
690 1150 49 15 now
753 1143 69 26 ready
841 1144 24 19 to
886 1147 44 15 run
940 1141 60 20 after
1018 1140 64 20 them
1100 1138 57 20 with

624 1178 86 21 money.
753 1171 32 21 To
802 1176 66 21 prove
887 1169 39 21 the
949 1167 112 25 necessity
1074 1166 35 20 for
1116 1165 41 21 the

625 1201 75 24 Usury
710 1199 53 24 Bill,
777 1197 74 21 which
859 1197 46 20 had
913 1196 57 20 been
980 1195 88 20 thrown
1077 1194 40 20 out
1126 1193 31 26 by

624 1227 40 21 the
675 1226 138 27 Legislative
827 1224 100 22 Council,
936 1223 30 20 he
975 1222 113 20 instances
1097 1227 37 14 cas
1146 1227 10 14 s

625 1255 23 20 of
658 1253 144 21 exhorbitant
812 1253 60 19 rates
881 1251 24 20 of
913 1249 96 21 interest
1017 1248 69 26 being
1095 1247 62 20 char-

626 1282 48 20 ged.
702 1281 43 19 His
754 1279 100 21 remarks
863 1284 30 14 on
899 1277 47 20 this
952 1276 94 24 subject,
1055 1275 46 20 and
1110 1274 47 21 also

625 1316 29 14 on
663 1307 52 21 that
726 1306 24 21 of
766 1307 39 20 the
825 1305 97 20 Masters
946 1303 46 21 and
1009 1302 148 26 Apprentices

627 1335 45 22 Bill
681 1342 45 14 was
735 1333 97 26 heartily
841 1331 134 28 applauded.
1003 1330 36 20 He
1047 1328 111 21 defended

625 1364 36 20 his
670 1363 98 25 position
781 1368 29 14 on
819 1361 41 20 the
877 1359 112 25 Advisory
999 1356 75 21 Board
1087 1356 22 20 of
1117 1356 42 20 the

627 1390 89 26 Mining
735 1388 127 27 Syndicate,
875 1385 106 28 pointing
999 1385 39 19 out
1056 1383 53 21 that
1129 1382 29 21 he

626 1424 46 15 was
686 1417 52 27 only
756 1415 116 27 following
889 1414 36 20 his
943 1412 130 28 profession,
1086 1410 74 21 -which

626 1447 36 19 his
674 1446 60 19 office
743 1445 25 20 m
776 1444 40 20 the
826 1441 153 23 Government
989 1440 40 20 did
1037 1440 40 20 not
1090 1438 70 21 debar

627 1473 47 20 him
683 1472 59 19 from
751 1471 75 26 doiug.
853 1470 48 20 The
919 1468 88 20 minute
1016 1467 36 19 his
1061 1465 98 26 position

627 1507 29 14 on
665 1499 54 22 that
736 1498 75 21 Board
829 1496 92 22 clashed
933 1495 56 21 with
1003 1494 41 20 the
1053 1492 106 21 interests

628 1527 23 21 of
660 1526 40 21 the
719 1526 94 25 country
834 1524 30 21 he
879 1523 75 21 would
966 1523 28 20 be
1007 1523 52 19 true
1072 1521 26 21 to
1119 1519 40 21 the

628 1556 101 24 country.
757 1553 67 21 After
842 1551 110 27 speaking
961 1556 29 15 on
1011 1549 40 21 the
1062 1548 38 21 old
1118 1553 42 21 age

628 1582 94 27 pension
740 1581 95 23 scheme,
849 1580 37 19 Mr
905 1578 90 21 Seddon
1011 1575 123 23 concluded
1147 1582 14 13 a

628 1610 65 20 three
701 1608 73 21 hours'
783 1606 82 27 speech
874 1605 45 21 and
928 1604 102 21 resumed
1035 1604 36 20 his
1081 1602 80 27 speech

628 1636 84 21 amidst
721 1635 55 20 loud
783 1634 47 20 and
839 1634 55 25 long
903 1631 121 21 continued
1033 1631 114 24 applause.

656 1664 19 19 A
692 1662 43 21 few
748 1662 116 26 questions
883 1665 56 15 were
954 1659 43 26 put
1010 1657 47 22 and
1074 1655 88 28 replied

629 1691 31 24 to,
681 1690 43 21 but
743 1689 84 25 during
844 1688 41 20 the
904 1686 86 26 closing
1008 1685 53 26 part
1081 1684 23 21 of
1121 1683 41 21 the

628 1718 146 26 proceedings
784 1717 44 19 two
837 1721 92 20 persons
940 1713 49 20 who
1001 1712 46 21 had
1058 1711 104 26 frequen-

630 1745 35 26 tly
674 1743 135 27 interjected
818 1742 99 21 remarks
937 1740 83 26 during
1028 1739 41 20 the
1082 1738 79 27 speech

630 1771 82 21 caused
721 1769 153 22 considerable
892 1766 161 26 interouption.

657 1798 37 21 Mr
703 1798 26 20 B.
738 1798 30 20 H.
778 1796 80 21 Parish
868 1794 80 22 moved
957 1801 14 14 a
983 1794 81 24 hearty
1077 1792 53 21 vote
1140 1792 23 20 of

630 1826 84 22 thanks
723 1826 24 20 to
763 1825 40 21 the
813 1824 99 21 Premier
921 1822 35 21 for
964 1821 37 21 his
1010 1820 99 25 address,
1119 1819 45 21 and

631 1853 126 22 confidence
770 1853 25 19 m
804 1852 40 20 the
860 1850 159 21 Government.
1046 1847 56 21 This
1117 1853 46 14 was

631 1881 111 22 seronded
763 1880 31 27 by
803 1879 38 21 Mr
849 1879 27 20 A.
895 1877 94 28 Wright
998 1876 46 21 aud
1062 1881 45 14 was
1117 1881 47 14 car-

631 1909 50 21 ried
688 1909 32 25 by
728 1914 15 14 a
752 1909 62 24 large
823 1907 113 25 majority.

658 1935 38 21 Mr
715 1935 89 19 Seddon
827 1932 121 27 expressed
970 1931 36 20 his
1025 1930 85 21 thanks
1129 1929 36 20 for

630 1963 40 21 the
680 1961 86 22 ccidial
775 1967 94 14 manner
886 1960 24 20 m
920 1959 73 20 which
1011 1958 30 21 he
1053 1957 46 20 had
1107 1956 58 21 been

630 1989 105 22 received
742 1989 31 25 by
781 1989 40 19 the
831 1985 86 23 Oxford
926 1985 85 27 people.
1048 1984 66 21 With
1131 1990 33 15 re-

631 2016 57 29 gard
696 2017 25 20 to
730 2015 40 21 the
788 2014 166 27 interruptions
971 2014 25 20 to
1005 2012 41 22 the
1065 2010 101 28 meeting

630 2046 30 20 he
669 2044 49 21 said
735 2043 53 21 that
798 2042 39 21 the
856 2041 61 21 chief
931 2039 110 25 offender,
1060 2039 50 20 who
1119 2044 46 15 was

631 2074 31 26 by
666 2072 36 21 his
724 2072 62 20 dress
795 2069 146 28 respectable,
955 2068 46 21 had
1009 2066 87 29 proved
1109 2066 57 20 him-

631 2100 44 21 self
683 2107 14 13 a
707 2099 102 26 disgrace
820 2100 24 19 to
854 2104 41 14 our
904 2096 146 22 civilisation.
1073 2095 36 20 He
1120 2093 46 21 had

631 2128 40 19 not
685 2126 107 20 reflected
815 2125 70 20 credit
908 2130 30 14 on
961 2122 93 24 Oxford,
1069 2121 43 20 but
1125 2121 41 19 the

630 2153 80 27 people
720 2158 56 14 were
787 2153 40 19 not
845 2152 25 18 to
879 2151 28 20 be
917 2149 86 27 judged
1011 2149 32 25 by
1054 2148 41 20 the
1105 2148 61 20 stan-

631 2180 57 21 dard
703 2179 24 20 of
745 2185 42 14 one
802 2179 49 19 who
874 2177 40 21 did
922 2177 41 21 not
985 2176 66 20 know
1069 2174 50 21 how
1142 2175 24 19 to

630 2208 87 21 behave
725 2206 98 21 himself.

657 2235 73 20 Three
740 2234 92 26 ringing
851 2233 77 20 cheers
938 2237 58 15 were
1006 2231 68 27 given
1083 2229 38 21 for
1130 2229 38 21 Mr

637 2262 89 21 Seddon
735 2262 76 20 before
821 2260 41 21 the
872 2259 108 21 audience
990 2257 117 28 dispersed

692 2458 404 37 CORRESPONDENCE.
1162 2470 8 18 .

630 2517 67 21 While
707 2522 38 14 our
754 2516 88 20 columns
856 2520 35 14 are
907 2519 50 20 open
967 2516 20 17 to
997 2513 38 23 all,
1048 2518 29 13 we
1088 2512 25 19 do
1145 2517 26 14 no

655 2554 90 24 identify
764 2553 100 20 ourselves
881 2552 51 19 xoith
950 2550 94 26 opinions
1060 2549 108 26 expressed

656 2592 87 19 therein.

664 2629 33 24 To
709 2629 36 23 the
764 2629 87 23 Editor
871 2627 32 31 of
919 2626 37 24 the
978 2625 145 25 'Observer.'

630 2701 112 29 Madam,

663 2743 92 32 Kindly
780 2742 73 25 allow
877 2749 37 16 me
943 2743 26 22 to
988 2740 74 24 make
1084 2747 15 16 a
1123 2739 47 23 few

630 2787 112 28 remarks
752 2794 67 25 upon
830 2787 40 23 the
881 2784 146 27 scandalous
1036 2782 135 26 behaviour

630 2834 26 24 of
667 2840 14 17 a
692 2833 46 24 few
749 2830 149 26 individuals
911 2829 53 25 who
976 2837 41 17 are
1029 2829 49 24 fast
1100 2827 69 27 drift,

629 2878 44 29 ing
683 2876 54 23 into
749 2873 160 32 pronounced
921 2872 130 25 larrakins.

663 2918 33 25 At
708 2917 43 26 the
773 2916 132 26 Premier's
924 2914 111 33 meeting
1048 2923 31 17 on
1098 2914 71 26 Mon.

630 2964 47 30 day
695 2962 73 32 nigbt
787 2961 69 25 these
876 2960 56 25 four
951 2968 28 16 or
1002 2959 48 24 five
1067 2966 102 24 persons

630 3006 121 31 seriously
771 3004 114 32 annoyed
905 3003 43 25 the
968 3003 80 25 whole
1062 3002 109 31 meeting

630 3050 28 26 of
667 3049 69 26 three
759 3056 28 18 or
808 3049 57 24 four
888 3046 115 25 hundred
1023 3053 110 25 persons,
1156 3054 14 15 a

630 3096 66 30 large
707 3092 144 33 proportion
863 3092 27 24 of
907 3091 83 25 whom
1010 3098 63 17 were
1084 3090 85 25 ladies.

631 3137 53 26 The
696 3135 138 33 ringleader
856 3143 51 17 was
919 3142 16 17 a
945 3141 90 25 person
1056 3133 56 25 who
1124 3133 46 25 has

630 3185 45 22 not
686 3189 16 17 a
720 3180 79 32 single
816 3178 60 26 inch
887 3178 26 26 of
922 3178 60 25 land
1003 3178 27 25 m
1042 3177 43 26 the
1102 3177 68 25 Dist-

631 3225 55 30 rict,
705 3224 49 25 and
764 3223 84 26 whose
860 3223 67 25 chief
936 3222 155 32 possessions
1102 3229 68 17 seem

631 3271 26 23 to
669 3267 30 25 be
711 3275 32 16 an
755 3267 129 25 abundant
904 3267 87 30 supply
1004 3265 27 25 of
1038 3264 132 33 impuden-

631 3321 35 21 ce,
696 3314 66 22 most
790 3311 30 24 of
848 3310 43 25 the
905 3309 73 26 other
994 3310 51 24 'are
1065 3316 107 25 persons

632 3363 93 25 sprung
752 3355 63 25 from
837 3354 42 25 the
896 3354 77 24 ranks
985 3353 26 25 of
1032 3353 42 25 the
1098 3352 75 25 lower

639 3399 71 26 order
749 3400 69 23 must
845 3404 66 18 seem
945 3401 26 21 to
997 3396 74 26 think
1107 3396 64 32 they

632 3445 63 23 have
705 3441 111 26 attained
836 3441 42 25 the
900 3441 109 31 position
1020 3441 27 23 of
1069 3440 103 24 Gentle-

631 3494 59 18 men
712 3488 45 23 not
784 3485 158 31 recognising
971 3484 56 25 that
1053 3491 119 17 manners

631 3529 73 25 make
732 3528 75 25 make
841 3528 43 25 the
912 3535 67 22 man,
1008 3528 47 24 but
1083 3526 87 32 really,

633 3573 110 29 Madam,
774 3572 44 25 the
836 3572 67 25 chief
926 3571 64 25 fault
1006 3571 47 25 lies
1085 3571 28 23 m
1130 3570 43 25 the

630 3618 59 24 kind
709 3617 26 24 of
752 3617 136 25 Chairmen
900 3615 57 26 who
975 3623 40 17 are
1027 3614 104 26 allowed
1149 3617 26 22 to

630 3661 94 32 preside
749 3663 26 22 at
799 3660 69 25 these
894 3660 130 30 meetings,
1055 3667 69 17 pome
1149 3667 29 23 of

631 3705 68 25 them
715 3704 33 24 do
765 3707 44 21 not
826 3711 66 17 seem
911 3707 25 21 to
954 3703 75 25 know
1045 3702 57 26 that
1122 3710 33 16 on
1162 3710 13 16 c

630 3748 28 26 of
684 3747 66 26 their
772 3747 67 25 chief
860 3747 127 25 functions
1009 3747 23 25 is
1056 3747 27 25 to
1110 3745 62 32 keep

630 3792 80 30 order,
737 3792 51 25 this
811 3792 65 32 push
898 3791 28 25 of
953 3791 137 24 nuisances
1112 3798 65 17 were

630 3836 103 25 allowed
750 3838 26 23 to
788 3835 65 25 work
870 3835 66 25 their
954 3843 55 17 own
1027 3836 74 24 sweet
1121 3834 50 26 will

630 3879 80 26 under
744 3887 45 18 our
819 3879 91 25 former
941 3878 142 29 Constable,
1131 3878 47 25 but

630 3931 37 19 we.
679 3930 57 18 now
758 3922 65 25 have
836 3930 46 17 one
899 3921 57 26 that
976 3922 87 25 knows
1079 3922 99 24 neither

631 3966 51 25 fear
693 3973 47 17 nor
750 3965 96 29 favour,
865 3972 27 21 so.
905 3965 56 24 that
982 3965 21 24 if
1023 3965 44 24 the
1088 3964 88 25 Chair-

630 4017 61 18 man
702 4009 59 32 only
773 4008 72 25 knew
857 4008 41 25 his
910 4007 62 33 duty
984 4007 50 25 and
1045 4006 83 27 would
1140 4007 35 25 do

628 4055 32 27 it,
678 4053 71 26 these
769 4052 172 26 disturbances
954 4051 28 25 of
999 4050 84 33 public
1096 4052 79 24 meet-

629 4097 58 31 ings
698 4097 82 25 would
793 4104 62 18 soon
876 4096 31 25 be
918 4095 124 26 favoured
1063 4095 61 25 with
1144 4102 33 18 an

631 4140 98 25 outside
749 4139 88 26 ticket.
884 4139 28 25 If
930 4139 73 25 order
1022 4139 22 24 is
1063 4142 45 21 not
1119 4137 59 33 kept

633 4183 42 27 the
687 4183 58 33 lady
757 4184 103 26 electors
872 4184 50 25 will
941 4183 32 26 be
992 4182 139 33 compelled
1152 4184 26 23 to

634 4227 92 25 remain
738 4229 28 23 at
785 4227 73 25 homo
869 4227 48 25 and
937 4228 59 24 thus
1014 4227 30 25 to
1054 4226 123 26 debarred

635 4270 67 25 from
713 4269 116 33 learning
850 4270 76 26 about
936 4270 120 32 practical
1067 4269 108 32 politics,

635 4322 15 15 a
662 4314 200 24 consummation
880 4314 15 25 I
910 4321 41 17 am
963 4320 56 19 sure
1037 4320 35 17 no
1089 4313 88 24 decent

639 4363 58 18 man
708 4356 83 26 would
802 4356 63 26 wish
877 4359 26 23 to
915 4357 58 25 take
983 4358 79 31 place.

737 4409 15 27 I
762 4417 50 23 am.
832 4410 110 31 Madam,

837 4470 82 25 Yours
936 4473 52 27 &c,

782 4517 10 13 ■'
800 4520 200 38 DECENCY&
1018 4530 128 27 OSDEB

1314 218 71 24 THE
1415 214 165 27 PREMIER.

1183 288 49 29 Sir,

1215 329 13 23 I
1248 328 45 32 beg
1307 331 26 22 to
1352 329 92 23 inform
1462 334 61 24 your
1539 325 105 29 readers,
1669 326 48 24 and

1182 366 43 24 the
1236 366 100 25 Liberal
1356 371 69 26 party
1449 365 25 23 ia
1496 363 142 32 particular,
1663 364 54 23 that

1182 404 43 24 the
1237 404 105 24 conduct
1359 402 136 26 attributed
1516 404 25 21 to
1557 409 47 20 me,
1627 403 26 22 at
1676 402 41 23 the

1182 442 132 25 Premier's
1327 441 107 31 meeting
1457 440 31 32 by
1508 438 42 25 the
1568 438 80 24 Times
1668 438 49 24 and

1183 481 42 24 the
1237 481 73 24 Press
1332 480 22 25 is
1373 478 136 29 absolutely
1535 479 126 23 incorrect.
1704 477 13 23 I

1182 519 62 24 have
1254 519 67 24 since
1333 527 57 16 seen
1403 519 43 23 the
1457 517 73 24 Press
1538 517 115 30 reporter,
1667 514 49 26 and

1183 559 31 24 he
1227 560 43 23 baa
1284 560 75 24 taken
1383 559 42 24 the
1443 557 95 25 earliest
1558 557 158 30 opportunity

1183 597 26 24 of
1220 598 139 31 correcting
1371 598 43 23 the
1425 603 75 17 error.

1218 636 47 29 Sir,
1284 635 13 25 I
1309 635 74 25 claim
1397 637 25 22 to
1441 635 29 23 be
1483 640 43 17 one
1542 631 27 25 of
1584 631 43 24 the
1639 630 78 25 oldest

1183 672 99 26 Liberal
1295 674 131 24 advocates
1437 672 26 24 m
1488 670 42 26 the
1543 669 92 25 Oxford
1658 669 58 24 dist-

1183 714 53 28 rict,
1256 714 49 23 and
1317 713 62 24 have
1391 712 61 24 been
1473 719 15 16 a
1500 711 115 24 constant
1627 708 90 25 contri-

1184 751 83 24 bution
1286 754 25 21 to
1332 752 43 23 tbe
1399 749 110 26 Colonial
1528 747 73 24 Press
1627 754 32 16 on
1677 754 40 16 ex-

1182 790 67 29 actly,
1256 789 42 24 the
1307 796 69 16 same
1387 787 130 32 principles
1523 793 26 16 as
1559 785 40 24 the
1607 784 112 24 Premier

1183 832 129 24 advocates
1325 831 38 25 for
1381 839 58 17 over
1462 831 31 23 40
1506 836 79 24 years,
1605 827 50 24 and
1665 827 23 24 is
1698 827 21 24 it

1183 873 73 30 likely
1279 872 14 24 I
1319 871 89 25 should
1432 869 139 31 knowingly
1592 870 64 21 treat
1677 874 41 23 my

1185 910 70 25 Chief
1267 918 28 17 or
1306 910 39 25 his
1358 910 133 24 Ciiairman
1503 906 61 25 with
1571 905 148 31 disrespect?

1216 950 14 23 I
1241 957 50 16 was
1309 954 99 26 present
1421 954 25 17 at
1467 946 43 25 the
1530 945 114 24 Ballarat
1660 943 60 25 Riot

1185 990 47 23 •md
1244 989 96 25 worked
1353 989 69 24 heart
1432 988 50 23 and
1502 986 52 24 soul
1565 985 60 24 with
1641 985 78 31 agita-

1184 1033 51 22 tors
1249 1029 51 24 who
1310 1029 75 25 broke
1401 1029 43 24 the
1453 1028 117 30 Squatter
1580 1024 140 33 oppression

1184 1069 48 24 and
1250 1067 128 26 abolished
1401 1067 43 24 the
1472 1065 136 31 iniquitous
1632 1065 55 23 30s.
1706 1070 15 16 a

1184 1107 89 24 month
1292 1106 93 24 miners
1411 1105 112 26 licenses,
1549 1102 48 24 and
1619 1100 99 26 secured

1183 1146 193 32 representation
1398 1145 36 24 foi
1448 1143 43 25 the
1512 1142 130 32 aggrieved
1667 1141 53 30 dig-

1184 1193 63 24 gers.

1218 1225 54 24 The
1288 1225 50 23 late
1350 1223 108 25 Vincent
1476 1222 68 31 Pyke
1562 1229 51 17 was
1624 1228 47 17 one
1696 1217 28 27 of

1185 1266 40 24 the
1235 1265 55 24 first
1298 1264 132 27 members,
1450 1264 47 22 and
1507 1262 20 24 it
1544 1261 22 24 is
1575 1268 47 17 one
1633 1260 27 24 of
1676 1260 45 24 the

1187 1304 150 31 pleasantest
1360 1300 197 26 remembrances
1578 1299 26 24 of
1620 1306 42 24 my
1679 1297 42 25 life

1186 1342 55 24 that
1259 1342 13 23 I
1290 1340 99 26 worked
1405 1340 25 24 m
1448 1340 99 24 concert
1570 1337 61 25 witL
1652 1337 70 24 those

1187 1381 52 24 who
1257 1380 74 24 asked
1349 1379 52 24 him
1429 1380 25 22 to
1472 1384 68 17 come
1564 1375 106 24 forward
1694 1382 28 17 as

1187 1420 42 26 the
1246 1420 55 24 first
1318 1417 97 26 Liberal
1440 1415 110 26 member
1575 1413 37 26 for
1630 1413 91 26 Castle-

1187 1461 101 27 maine,.
1296 1458 108 25 Vincent
1411 1455 69 32 Pyke
1492 1454 50 25 and
1553 1461 76 23 maay
1646 1452 28 24 of
1683 1451 40 25 his

1187 1498 40 25 old
1244 1497 137 29 colleagues
1398 1493 64 25 have
1479 1491 88 33 passed
1582 1498 78 23 away,
1677 1490 46 24 but

1188 1536 65 26 their
1269 1542 87 17 names
1374 1532 52 27 and,
1439 1531 74 25 deeds
1530 1529 49 25 will
1587 1537 56 17 ever
1654 1527 70 26 dwell

1187 1573 84 32 fondly
1300 1574 26 22 m
1343 1572 42 24 the
1410 1570 133 25 memories
1568 1567 28 26 of
1618 1568 34 24 all
1669 1568 55 24 who

1189 1613 72 24 know
1278 1611 78 25 them.

1388 1684 15 25 I
1420 1691 49 21 am,
1500 1683 50 28 &c,

1488 1755 29 24 C.
1535 1754 36 24 M.
1599 1752 127 26 LUGAE.

1383 1989 159 26 RECIPES.

1351 2060 107 26 Summer
1482 2058 93 25 Desert.

1227 2100 85 26 Fruits
1324 2098 27 25 of
1360 2097 34 26 all
1403 2096 73 25 kinds
1483 2094 89 27 should
1583 2093 30 26 be
1624 2091 64 27 used
1704 2098 29 21 as

1194 2140 94 25 deserts
1310 2140 26 22 m
1359 2144 117 20 summer,
1494 2136 50 23 and
1560 2134 58 31 they
1637 2140 49 16 can
1697 2131 32 24 be

1194 2177 87 26 served
1302 2176 28 25 m
1350 2183 16 16 a
1385 2174 93 31 variety
1497 2173 27 24 of
1533 2178 68 25 ways
1613 2170 57 24 that
1683 2168 50 25 will

1195 2218 88 26 render
1295 2217 70 25 them
1389 2215 90 31 always
1491 2210 142 34 acceptable
1653 2211 26 25 to
1690 2208 43 26 the

1196 2258 94 32 family.
1324 2256 124 25 Bavarian
1460 2261 90 20 cream,
1563 2251 105 25 delicate
1678 2257 54 17 cus-

1196 2297 75 29 tards,
1283 2295 186 29 blanc-mange,
1481 2290 50 26 and
1542 2289 55 26 cold
1608 2287 125 34 puddings

1197 2343 40 17 are
1249 2334 35 25 all
1291 2331 151 34 appetizing,
1451 2329 51 25 and
1512 2335 48 18 can
1570 2326 32 26 be
1613 2324 120 34 prepared

1197 2377 44 24 the
1251 2375 47 32 day
1310 2373 93 28 before,
1427 2378 28 17 or
1467 2370 68 31 early
1545 2369 29 24 m
1590 2367 42 26 the
1651 2373 82 18 morn-

1197 2415 44 30 ing
1249 2422 6 20 ;
1275 2413 57 24 thus
1345 2410 87 31 saving
1443 2408 44 25 the
1499 2405 91 27 retired
1599 2403 135 27 housewife

1197 2454 44 24 the
1251 2452 94 31 fatigue
1367 2450 27 25 of
1405 2448 107 31 bending
1531 2453 57 19 over
1599 2446 44 24 the
1665 2446 54 23 stov
1721 2443 13 17 c

1198 2500 33 18 an
1244 2493 70 24 extra
1323 2488 55 26 half
1379 2487 74 26 -hour
1463 2487 27 25 at
1499 2485 87 25 dinner
1597 2483 68 26 time.

1320 2530 137 31 Raspberry
1492 2526 119 31 Pyramid.

1232 2571 81 26 Crush
1326 2578 15 17 a
1352 2571 74 30 quart
1437 2567 27 25 of
1484 2564 150 34 raspberries
1646 2562 63 25 with
1719 2570 16 16 a

1198 2613 74 30 quart
1284 2608 26 26 of
1331 2615 81 23 sugar,
1430 2606 58 24 beat
1500 2605 41 24 the
1561 2603 76 24 white
1659 2601 27 25 of
1696 2600 39 25 six

1199 2656 59 26 eggs
1267 2655 59 24 very
1337 2645 59 30 stiff,
1415 2643 53 26 mix
1480 2642 60 26 witn
1561 2640 43 26 the
1624 2638 112 33 raspber-

1198 2690 56 28 ries,
1267 2686 50 26 and
1335 2685 50 32 pile
1407 2682 63 32 high
1481 2689 33 18 on
1538 2689 15 16 a
1577 2681 68 30 glass
1668 2677 66 26 dish.

1200 2728 76 24 Serve
1287 2724 59 25 with
1357 2721 112 32 whipped
1480 2726 92 19 cream.

1347 2759 85 26 Peach
1458 2757 125 31 Pyramid.

1233 2796 50 26 Cut
1293 2803 16 18 a
1316 2794 80 26 dozen
1407 2791 50 26 and
1468 2799 15 18 a
1491 2790 54 25 half
1563 2789 53 33 ripe
1630 2786 107 34 peaches

1199 2840 26 24 m
1247 2838 95 28 halves,
1368 2834 49 25 and
1445 2839 100 19 remove
1573 2830 43 25 the
1642 2831 91 26 stones,

1200 2876 73 25 Make
1285 2884 14 15 a
1312 2881 74 24 syrup
1406 2871 28 26 of
1441 2878 74 24 sugar
1534 2868 48 26 and
1590 2869 85 27 water,
1688 2867 50 25 dis-

1201 2914 67 26 solve
1279 2919 34 18 an
1322 2918 79 18 ounce
1413 2909 27 24 of
1449 2907 114 32 isinglass
1579 2906 50 24 and
1644 2906 45 24 stir
1695 2904 25 24 m
1730 2919 7 6 .

1197 2954 40 26 fill
1259 2961 15 18 a
1284 2951 86 27 mould
1387 2949 50 27 and
1460 2956 15 18 a
1497 2947 55 25 half
1575 2946 49 26 full
1643 2946 27 25 of
1690 2945 45 25 the

1199 2999 81 25 syrup,
1299 2989 72 26 when
1396 2987 97 26 formed
1520 2987 60 24 turn
1611 2986 53 27 out,
1690 2983 48 24 and

1199 3039 68 19 serve
1276 3031 61 25 with
1349 3029 68 25 cake.

1378 3062 81 34 Apple
1474 3060 79 26 Snow.

1232 3104 73 28 Pare,
1323 3109 64 22 core,
1406 3099 49 26 and
1477 3100 82 23 steam
1582 3096 69 32 eight
1673 3094 64 32 good

1198 3144 68 26 sized
1288 3142 85 33 apples
1386 3140 62 26 until
1467 3138 96 26 tender,
1580 3144 70 25 press
1668 3135 68 26 thro-

1199 3183 50 32 ugh
1260 3190 15 17 a
1282 3182 64 25 sieve
1358 3180 51 25 and
1418 3180 38 24 set
1468 3177 68 26 aside
1543 3172 27 29 io
1578 3175 52 26 cool
1643 3182 6 22 ;
1661 3174 74 26 when

1199 3223 56 26 cold
1274 3222 49 25 add
1340 3230 14 16 a
1359 3217 54 35 'cup
1425 3220 25 25 of
1473 3225 74 25 sugar
1559 3217 49 24 and
1627 3215 66 33 juice
1713 3214 27 26 of

1199 3271 47 17 one
1257 3262 93 25 lemon.
1369 3260 63 24 Beat
1444 3259 43 24 the
1498 3257 89 24 whites
1594 3258 28 23 of
1633 3257 37 23 six
1677 3262 60 24 eggs

1199 3310 59 25 very
1281 3302 59 30 stiff,
1359 3300 51 25 and
1432 3300 60 28 mix,
1510 3306 16 16 a
1543 3295 117 35 spoonful
1683 3299 27 21 at
1723 3302 15 17 a

1199 3345 69 29 time,
1286 3344 27 24 to
1324 3343 43 25 the
1378 3340 94 34 apples.
1509 3338 73 27 Serve
1593 3338 27 25 m
1637 3337 101 32 glasses.

1366 3380 80 32 Apple
1455 3379 119 29 Meringe.

1236 3422 77 26 Cover
1324 3421 44 24 the
1391 3420 95 25 bottom
1497 3417 27 25 of
1542 3425 15 16 a
1569 3416 93 32 baking
1684 3415 54 25 dish

1201 3461 62 26 with
1286 3459 71 26 slices
1370 3458 27 25 of
1418 3458 62 24 stale
1504 3455 74 25 bread
1597 3454 91 31 dipped
1712 3453 28 25 m

1201 3499 69 24 milk.
1305 3498 72 28 Pare,
1396 3503 54 17 core
1470 3494 49 25 and
1539 3493 58 25 slice
1617 3492 71 25 three
1712 3499 28 17 or

1201 3540 56 24 four
1276 3538 69 30 large
1356 3539 52 22 tart
1430 3535 84 31 apples
1524 3542 7 21 ;
1561 3532 87 32 spread
1668 3531 71 25 them

1201 3584 59 19 over
1270 3577 44 24 the
1337 3574 85 29 bread,
1449 3570 110 34 sprinkle
1582 3569 68 27 thick
1678 3569 62 25 with

1190 3626 1 29 j
1203 3625 83 24 sugar,
1307 3617 69 31 grate
1395 3621 58 19 over
1476 3620 47 18 one
1546 3614 112 29 nutmeg,
1690 3609 51 25 and

1203 3655 63 26 bake
1277 3655 28 24 m
1316 3662 15 16 a
1346 3653 124 24 moderate
1490 3659 60 17 oven
1562 3650 67 24 until
1641 3650 43 24 the
1696 3656 44 24 ap-

1202 3694 54 33 ples
1267 3701 42 17 are
1321 3691 95 26 tender.

1237 3731 75 26 Make
1320 3729 128 34 meringue
1460 3727 27 26 of
1495 3727 41 26 the
1549 3726 87 26 whites
1648 3725 25 26 of
1685 3725 57 24 four

1204 3779 58 25 eggs
1274 3770 50 26 and
1343 3770 56 24 four
1410 3766 193 33 tablespoonsful
1625 3764 28 25 of
1673 3772 66 24 pow-

1204 3810 75 26 dered
1298 3815 76 25 sugar
1396 3807 90 25 beaten
1510 3809 28 21 to
1556 3812 15 17 a
1594 3803 53 26 stiff
1664 3803 68 25 froth
1736 3818 8 18 ,-

1204 3850 65 31 heap
1288 3848 21 25 it
1321 3854 57 19 over
1403 3845 44 25 the
1470 3847 51 29 top,
1540 3842 49 26 and
1611 3843 39 25 set
1671 3841 72 25 man

1205 3897 64 18 oven
1291 3890 26 24 to
1340 3887 68 25 color
1427 3885 43 25 the
1496 3883 135 32 meringue.
1668 3882 76 26 Serve

1206 3928 62 30 cold,
1287 3926 62 26 with
1362 3922 139 28 sweetened
1512 3929 90 19 cream.

1389 3963 80 32 Apple
1486 3962 74 32 Sago.

1239 4004 78 25 Cover
1333 4009 47 18 one
1403 4007 47 24 cup
1469 3999 26 25 of
1523 4006 59 24 sago
1608 3997 61 25 with
1690 3996 55 26 cold

1207 4044 74 24 water
1293 4040 51 25 and
1363 4039 60 26 soak
1435 4037 56 25 half
1500 4045 30 16 an
1550 4036 66 26 hour
1625 4044 7 21 ;
1650 4039 46 28 put
1716 4035 28 24 m

1206 4090 16 17 a
1233 4087 133 24 saucepan,
1387 4077 49 26 add
1446 4084 47 18 one
1516 4078 73 30 quart
1600 4076 27 25 of
1650 4074 95 32 boiling

1208 4123 83 26 water;
1309 4119 51 25 and
1368 4118 68 25 soak.
1454 4117 63 25 Pare
1530 4116 50 25 and
1591 4123 55 18 core
1658 4115 84 32 apples

1206 4167 26 21 to
1241 4168 71 19 cover
1324 4160 42 25 the
1378 4158 97 25 bottom
1487 4156 27 26 of
1523 4164 15 17 a
1559 4156 91 32 baking
1671 4155 57 24 dish
1738 4163 6 21 ;

1206 4203 38 25 fill
1255 4202 41 26 the
1317 4202 96 24 centres
1436 4198 61 26 with
1521 4205 82 24 sugar,
1621 4204 62 25 pour
1702 4196 44 26 the

1206 4250 61 25 sago
1286 4249 67 20 over,
1371 4240 51 24 and
1445 4238 60 26 bake
1528 4238 28 25 m
1579 4247 15 16 a
1617 4237 129 26 moderate

1206 4290 65 19 oven
1281 4282 37 24 for
1330 4280 53 25 half
1393 4287 34 17 an
1438 4280 71 23 hour.
1538 4279 75 25 Serve
1624 4278 53 26 cold
1688 4276 59 27 with

1206 4322 97 20 cream.
1321 4334 40 5 .....

1391 4351 73 26 Snow
1484 4350 80 25 Balls.

1240 4395 51 24 Put
1302 4401 15 17 a
1328 4400 48 24 cup
1388 4391 27 26 of
1423 4390 49 29 rice,
1484 4390 26 25 m
1522 4398 15 17 a
1549 4398 122 25 saucepan
1685 4388 60 28 with

1207 4435 69 27 milk.
1312 4433 56 26 Boil
1378 4431 68 26 until
1456 4431 95 32 tender,
1570 4432 48 25 add
1636 4431 49 26 salt
1697 4431 50 27 and

1206 4478 47 31 put
1263 4476 28 24 m
1303 4482 61 24 cups
1386 4476 25 23 to
1422 4472 64 25 cool.
1529 4471 82 26 When
1634 4471 115 26 moulded

1207 4519 61 25 turn
1279 4517 45 24 out
1345 4513 28 26 m
1394 4520 15 19 a
1432 4511 65 32 dish,
1526 4511 57 27 and.
1597 4518 69 21 serve
1687 4512 60 26 with

1215 4555 64 28 resh
1290 4552 102 31 berries,
1410 4560 27 17 or
1448 4551 62 26 fruit
1524 4550 63 34 jam.
1757 4555 2 25 j

1777 222 54 24 The
1841 221 88 25 labour
1950 219 122 27 members
2085 218 27 24 m
2137 223 72 24 every
2221 214 36 24 An
2260 222 12 19 9

1746 260 90 26 tralian
1858 258 154 24 Parliament
2034 254 143 33 possessing
2194 252 58 25 such
2265 261 14 15 a

1746 300 69 30 party
1827 305 41 17 are
1879 296 162 32 conspicuous
2052 294 38 24 for
2109 292 65 24 their
2191 290 86 25 hostil-

1746 339 34 30 ity
1808 342 26 20 to
1857 336 43 26 the
1928 335 196 28 Parliamentary
2152 325 126 37 grog-bar.

1746 378 69 30 They
1838 384 41 17 are
1891 376 53 25 also
1962 375 32 31 by
2015 376 31 23 50
2067 380 44 24 per
2122 375 65 21 cent,
2212 378 67 16 more

1746 416 97 31 regular
1865 415 27 24 m
1914 414 63 24 their
1989 411 155 28 attendance,
2168 408 50 25 and
2237 409 32 23 sit
2271 427 7 15 ?

1746 461 31 17 on
1789 461 31 16 an
1841 460 110 22 average,
1970 450 67 25 three
2048 449 77 25 hours
2137 447 85 31 longer
2236 453 44 24 per

1746 494 46 32 day
1812 493 60 24 than
1885 493 70 23 othar
1966 488 197 27 non-Ministers.

1954 638 117 25 ITEMS.

1937 673 52 27 (The
2004 673 81 24 People.
2097 692 3 3 .

1779 713 53 25 The
1853 716 84 21 extent
1960 718 25 18 to
1997 710 81 25 -which
2098 707 184 31 labour-saving

1748 753 139 30 machinery
1899 752 21 23 is
1936 752 99 29 coming
2045 749 54 24 into
2113 756 42 16 use
2168 750 26 22 at
2206 755 43 17 sea
2259 748 22 23 is

1748 795 82 22 shown
1854 792 31 31 by
1903 795 41 20 the
1969 791 52 23 fact
2047 789 54 24 that
2129 787 42 25 the
2199 786 83 24 Union

1749 829 143 32 Steamship
1921 828 149 31 Company's
2096 833 54 17 new
2176 827 108 23 steamer

1748 865 117 22 liaKauoa
1877 862 57 32 only
1958 862 103 30 requires
2083 859 42 24 the
2139 859 106 24 services
2258 859 27 24 of

1749 904 67 25 three
1845 904 103 27 stokers,
1978 899 120 33 although
2126 899 45 24 she
2193 898 91 25 carries

1748 950 57 17 over
1817 942 73 28 3,000
1900 945 65 20 tons.
1984 941 53 23 One
2046 938 83 25 stoker
2138 937 27 24 m
2178 944 14 16 a
2204 937 81 24 watch

1748 981 21 24 is
1790 980 123 25 sufficient
1925 986 25 24 $o
1972 978 61 31 keep
2054 978 41 24 the
2108 982 78 19 \esse.
2207 974 78 25 under

1749 1021 87 26 steam,
1866 1017 49 25 aud
1938 1017 70 24 three
2031 1015 103 28 stokers,
2162 1012 60 26 with
2241 1013 44 24 iive

1750 1057 85 25 sailors
1855 1065 33 16 on
1906 1055 70 28 deck,
2000 1054 49 24 and
2069 1054 41 24 the
2131 1052 94 25 officers
2237 1051 48 25 and

1750 1096 128 31 engineers
1890 1094 108 31 brought
2016 1092 42 25 the
2071 1090 79 26 vessel
2169 1096 43 18 out
2223 1089 63 25 from

1750 1134 87 23 Home.
1889 1132 87 24 Under
1996 1130 130 30 rationally
2157 1127 130 32 organised

1748 1173 115 31 industry
1874 1172 62 25 such
1958 1170 142 25 inventions
2117 1168 83 25 would
2273 1175 16 16 a

1750 1214 109 31 blessing
1870 1216 26 22 to
1917 1213 43 24 the
1972 1210 94 32 people,
2085 1208 100 26 instead
2201 1209 97 30 taking,

1750 1253 42 24 the
1805 1252 72 24 bread
1890 1250 27 26 of
1927 1252 42 23 the
1988 1249 104 25 workers
2106 1247 112 25 mouths.

1783 1332 67 24 Does
1860 1332 20 23 it
1893 1331 76 31 speak
1981 1334 54 24 well
2052 1332 38 24 for
2101 1335 46 17 our
2164 1334 46 17 our
2221 1325 69 25 nine-

1750 1370 87 29 teenth
1849 1371 103 31 century
1968 1370 148 27 civilisation
2128 1365 73 26 when
2219 1368 54 23 ther
2279 1377 14 16 e

1751 1423 42 20 are
1804 1422 55 17 over
1871 1414 136 30 2,000,000
2023 1411 111 27 children
2146 1410 26 21 at
2179 1408 76 26 work
2266 1407 26 24 m

1750 1459 42 23 the
1812 1457 95 25 United
1928 1456 91 26 States,
2038 1453 108 27 211,800
2159 1451 27 24 of
2205 1449 87 26 whom

1752 1504 42 18 are
1805 1496 80 25 under
1896 1494 44 26 the
1952 1501 45 24 age
2009 1492 27 25 of
2047 1493 49 23 15?

1095 72 180 36 OXFORD
1319 73 224 35 OBSERVER
1559 74 240 35 SATURDAY,
1836 70 241 35 NOVEMBER,
2135 68 50 34 21,
2225 67 90 30 1898.

2928 4321 103 26 Printed
3064 4321 50 26 and
3141 4319 135 33 published
3318 4319 31 33 by
3400 4320 69 25 Axsx

2959 4366 123 29 BkliUnd,
3107 4364 39 26 for
3156 4383 2 4 :
3167 4364 92 25 Lauba
3278 4364 71 24 Anxe
3367 4364 102 28 Pabibh,

2963 4411 35 26 at.
3007 4409 45 27 her
3075 4408 145 34 Registered
3242 4407 119 34 Printing
3384 4408 84 28 Office,

2977 4454 73 34 High
3061 4453 90 30 Street,
3167 4453 78 26 East;
3252 4453 108 30 Oxford,.
3368 4450 102 29 Oautiff-

2935 4498 4 36 '.
2967 4503 85 32 bury.-
3072 4510 4 17 ;
3101 4498 21 35 ;;.',
3174 4524 1 4 :
3181 4509 21 21 .~.
3221 4509 83 20 ■•;•■■■
3341 4509 3 5 '

2972 4547 130 29 &AtvmDAT
3125 4542 142 27 November
3295 4540 42 26 21.
3365 4540 76 34 189^

2875 205 26 40 0
2930 205 52 38 «T
2982 199 207 57 ANMINSf
3190 204 29 37 n
3224 200 154 42 OMFAN
3381 200 30 42 Y

3072 288 149 25 LIMITED/
3471 305 4 4 .

2904 351 271 26 CHRISTCHURCH
3196 349 185 26 BREWERY,

3104 412 63 21 THE

3024 454 173 32 ALE
3213 453 38 30 ft

3007 495 130 21 BREWED
3148 495 40 21 BY
3202 495 72 21 THIS

2965 537 369 36 COMPANY

3066 592 83 21 FROM
3159 592 62 20 THE

2876 621 548 56 C4tO!C£STM)tlTs''#O?S'
3462 640 13 12 •

2990 687 46 21 Are
3045 687 176 27 acknowledged
3230 689 24 20 to
3263 688 29 21 be

2875 725 153 28 SUPERIOR'
3033 725 383 30 I>7"QX7ALITY"TO"aNYI'RGU

2943 772 102 21 DTJCED
3058 773 36 20 IN
3108 774 74 19 NEW
3196 774 148 21 ZEALAND.
3465 776 9 10 »

2904 810 108 25 Supplied
3017 811 25 20 to
3046 810 81 21 Hotels
3134 811 45 20 and
3187 810 93 21 Private
3286 812 128 20 Custoinerß
3443 823 29 10 ,-—
3472 822 3 7 >

2877 836 24 21 m
2910 836 142 26 Hogsheads,
3064 838 99 24 Barrels,
3174 837 141 24 Kilderkins,
3325 839 44 19 and
3380 840 35 18 1U-
3442 836 5 9 '
3461 855 14 7 ....

2878 864 87 26 gallons
2976 864 62 26 Kegs
3048 864 61 26 only.
3440 868 35 19 -*•

2879 916 117 42 PALE
3019 915 91 43 ALE
3134 918 94 42 AKD
3259 918 156 42 EXTRA

3072 970 135 43 STOUT

2938 1042 3 2 .
2964 1022 92 21 Bottled
3079 1022 25 21 m
3113 1023 84 26 Quarts
3207 1023 47 21 and
3262 1024 72 20 Pints.

2883 1443 251 49 JOSEPH
3177 1440 242 48 LOUGH.
3473 1461 2 3 •

3027 1520 246 28 UNDERTAKEE.

2996 1570 108 33 EAST
3129 1564 186 36 OXFORD.

2918 1625 102 31 Having
3027 1623 52 32 just
3087 1618 125 33 imported
3219 1618 65 24 from
3290 1614 129 33 England,

2885 1677 54 17 new
2961 1666 117 33 Designs;
3112 1670 55 18 new
3195 1659 152 30 Trimmings
3370 1657 60 25 andi

2886 1713 88 29 Robes,
2985 1711 23 25 is
3016 1706 118 36 prepared
3145 1708 27 23 to
3180 1704 108 27 conduct
3296 1701 137 26 Funeralfl,-

2887 1752 95 29 Adults,
3001 1753 26 22 at
3040 1750 46 24 £5.
3099 1747 51 26 and
3161 1744 124 33 upwards,
3308 1740 114 34 polished

2886 1797 81 27 coffin,
2990 1794 49 25 and
3069 1787 195 30 silvermounted
3286 1785 135 26 Furniture

2887 1842 76 24 From
2975 1838 47 26 £8.
3039 1834 131 32 according
3182 1834 27 24 to
3230 1830 117 33 Designs.
3347 1826 74 42 -gN©

2887 1887 69 24 extra
2967 1884 88 30 charge
3066 1881 38 24 for
3116 1879 97 24 Hearse
3236 1883 28 17 or
3283 1880 64 27 open
3363 1870 58 27 Car-

2885 1930 76 30 riage.

2919 1972 32 24 N.
2961 1979 2 2 ■
2980 1969 31 26 B.
3041 1967 92 26 Coffins
3156 1964 59 31 kept
3236 1963 28 24 m
3293 1959 82 26 stock,
3385 1958 51 30 fox,

2888 2032 87 31 urgent
2995 2034 76 19 cases.
3467 2030 8 25 ]

2898 2077 23 5 ~
2939 2103 45 54 S.
3016 2101 50 45 B.
3089 2091 308 52 SEYMOUR,

3019 2156 7 12 '
3087 2162 138 27 DENTIST,

2930 2214 42 23 215
2986 2209 105 24 Colombo
3106 2207 82 23 Street,
3210 2200 168 26 Christchurch.

3057 2280 179 25 CHARGES:—
3238 2287 54 11 ■•-•■:■.
3330 2279 6 4 '
3459 2291 16 17 <

2957 2327 93 26 Filling,
3065 2324 24 22 ss
3097 2332 7 16 ;
3138 2319 134 24 Extraction
3281 2319 34 19 2s-
3319 2315 37 22 6d.

2917 2396 96 21 Nitrous
3022 2390 61 23 Oxid
3092 2390 46 20 Gaa
3148 2382 170 26 Administered
3322 2381 38 22 for
3366 2379 59 23 Pain

2891 2441 46 20 less
2946 2435 133 23 Extraction
3089 2432 23 21 of
3120 2428 82 23 Teeth.
3235 2427 48 27 Fee.
3290 2426 37 20 for
3335 2423 93 21 Admin?-
3463 2423 6 9 '

2892 2477 110 24 istration
3012 2473 31 21 ss.
3196 2474 5 6 v

2998 2703 212 31 Established
3234 2691 81 31 1862

2944 2766 192 31 FLOUR/best
3144 2760 82 28 brand
3226 2757 71 33 -only

2897 2813 143 34 SHARPS,
3076 2802 208 34 OATMEAL,
3320 2794 110 29 BJiAN

2987 2847 293 39 CHICKESWHEAT,
3297 2846 43 26 &o.

2925 2905 40 21 AT
2998 2900 127 23 LOWEST
3154 2892 143 25 CIIRREIsT
3335 2886 96 23 RATES

3130 3107 69 22 AND

3003 3270 123 23 TIMBER
3151 3265 195 25 MERCHANTS

2972 3319 204 35 COOPER'S
3226 3314 155 33 CREEK.

3013 3378 143 37 VIEW
3200 3375 139 38 HILL,

2912 3455 84 60 BEG
3019 3458 26 20 to
3064 3453 114 24 intimate
3198 3452 26 22 to
3252 3448 44 24 the
3318 3446 82 31 public
3422 3444 30 25 of

2963 3487 93 27 Oxford
3071 3485 49 25 and
3137 3481 167 31 surrounding
3321 3479 124 28 Districts,

2913 3522 54 25 that
2980 3529 35 16 we
3035 3520 64 23 have
3122 3514 157 28 commenced
3290 3513 119 25 Business
3422 3519 27 16 as

2913 3553 165 27 saw-millers,
3103 3550 52 25 and
3174 3549 64 30 hop?
3261 3547 33 31 by
3319 3545 72 25 strict
3409 3545 37 23 at-

2914 3587 95 26 tention
3019 3590 26 21 to
3057 3584 117 25 Business
3188 3585 26 21 to
3227 3581 29 23 be
3266 3578 116 26 favoured
3390 3578 60 24 with

2914 3622 63 24 their
3005 3620 110 31 support.
3160 3615 85 26 White
3268 3614 67 31 pine,
3353 3611 96 30 .Rimu,

2914 3655 74 24 Birch
3000 3653 50 24 and
3062 3651 60 25 Coal
3143 3649 39 33 pit
3193 3656 73 24 props
3278 3648 27 23 m
3315 3654 48 23 any
3376 3653 76 24 quan-

2915 3688 57 31 tity.

2923 3868 4 20 :
3012 3839 119 42 FRED
3174 3836 189 43 FULLER.
3434 3815 24 41 '*■

3108 3897 166 22 SOMCITOIi.

2960 3940 14 20 9
2984 3937 125 23 Cathedral
3118 3937 93 27 Square,
3225 3937 195 19 Ciihistchurch.

2923 3974 117 27 (Between
3048 3971 112 22 Morten's
3168 3971 117 24 buildings
3296 3969 18 19 &
3324 3968 57 21 Post
3388 3967 74 22 Office-

2964 4050 188 55 Money
3180 4048 55 43 to
3273 4044 144 46 Lend

2927 4125 31 15 on
2967 4117 34 23 all
3008 4116 58 22 kind
3075 4115 27 22 o^
3109 4115 114 26 Security,
3230 4116 26 19 at
3275 4114 56 20 Low
3346 4114 78 20 Rates
3438 4111 29 22 -of

2951 4161 109 23 Interest.
3089 4156 97 32 Special'
3191 4160 79 20 Terms
3282 4159 34 20 for
3325 4159 113 20 farmers.

2950 4201 32 8 ■-.-.,
3007 4199 8 7 v,

2365 207 425 47 EUCALYPTUS

2569 278 55 15 4—
2624 283 37 3 —

2363 307 60 20 THE
2439 307 73 20 BEST
2526 306 88 21 HOME
2630 304 139 22 REMEIIE

2334 355 2 3 .
2353 355 2 3 .
2421 346 37 14 ara
2472 339 36 21 the
2517 338 136 29 preparation
2663 338 26 22 of
2696 337 35 21 the

2307 375 170 22 TASMANIAN
2495 375 186 22 EUCALYPTUS
2696 375 47 20 OIL
2757 374 82 22 COMP.

2313 432 3 2 .
2336 414 137 24 Universally
2481 414 104 19 admitted
2593 413 37 20 the
2639 413 79 23 BEST,
2729 412 114 21 PUREST

2308 450 43 21 and
2360 454 58 16 most
2428 450 94 20 effective
2532 450 134 25 Eucalyptus
2689 448 104 21 Globulus
2809 448 33 21 Oil

2307 481 33 21 for
2360 481 172 26 INFLUENZA,
2553 481 92 26 Coughs,
2664 481 65 21 Colds
2753 480 44 21 and
2813 481 30 20 all

2308 514 64 21 Chest
2389 513 43 21 and
2441 514 63 25 Lung
2520 513 113 22 affections
2647 513 76 27 speedy
2733 513 59 21 relief
2802 513 42 21 and

2308 546 56 21 Cure
2381 548 34 19 for
2430 546 157 24 Rheumatism,
2608 546 122 25 Neuralgia,
2745 546 99 26 Sprains-

2308 572 71 22 Burns
2400 574 33 20 &c.

2334 607 133 24 Eucalyptus
2485 607 105 20 Globulus
2607 607 93 20 Extract
2709 607 90 25 sprayed
2813 607 31 19 in-

2308 638 64 21 haled
2387 638 43 21 and
2445 640 65 19 taken
2519 639 116 25 internally
2653 639 34 20 for
2701 639 37 20 the
2755 638 88 26 Throat,

2309 676 98 25 Catarrh,
2423 675 59 26 Hay,
2495 689 5 3 -
2506 675 98 26 Typhoid
2621 676 43 20 and
2678 676 82 21 Scarlet
2769 677 77 20 Fevers

2311 707 129 21 MEASLES
2451 708 36 20 the
2493 710 55 18 most
2558 708 136 26 satisfactory
2703 709 144 25 preventative

2310 739 43 19 and
2367 739 61 20 Cure.
2455 740 57 20 Send
2525 740 51 20 Post
2592 741 55 19 Card
2658 742 22 18 to
2691 740 35 20 the
2736 740 64 20 Offlce
2813 741 34 19 for

2310 769 97 21 Circular
2419 770 120 26 describing
2558 773 122 18 treatment.
2707 772 140 26 Eucalyptus,

2310 803 112 21 Ointment
2432 805 36 19 the
2477 805 70 25 Magic
2557 805 79 20 Healer
2649 805 23 19 of
2686 805 70 23 Sores,
2769 806 78 23 Burns,

2312 835 102 24 Wounds,
2431 835 59 21 Eoiis
2508 838 45 21 &c.
2576 836 134 26 Eucalyptus
2730 836 57 26 Soap
2802 836 42 21 Fra

2311 868 62 23 grant
2383 867 43 20 and
2436 868 123 25 refreshing.
2585 869 132 25 Eucalyptus
2726 868 89 26 Jujubes
2825 875 24 14 or

2312 897 102 21 Pastilles
2423 899 33 19 for
2466 899 36 20 the
2527 900 81 20 Throat
2618 900 43 20 and
2670 899 64 21 Voice
2751 906 28 14 an
2793 900 56 20 anti-

2314 930 67 25 septic
2391 930 42 20 and
2444 932 120 19 stimulant.

2313 963 126 26 Veterinary
2456 965 36 19 Oil
2501 965 43 20 and
2554 965 111 21 Ointment
2675 966 32 20 for
2718 966 36 20 the
2763 966 86 21 stables.
2868 970 3 5 '

2341 999 30 19 Be
2381 1004 48 14 sure
2439 1004 43 19 you
2491 999 108 20 Purchase
2613 1000 39 19 the
2662 1000 104 26 Platypus
2783 1000 68 20 brand

2315 1030 49 25 only
2374 1031 23 19 of
2404 1030 29 20 all
2442 1031 114 25 Chemists,
2561 1031 88 21 Grocers
2656 1031 42 21 and
2705 1032 146 26 Storekeepers

2315 1062 43 20 and
2371 1064 23 19 at
2408 1062 36 20 the
2455 1063 64 20 Office
2528 1064 13 20 9
2550 1063 115 21 Cathedral
2674 1069 76 20 square
2759 1064 92 21 between

2315 1095 101 20 Morten's
2430 1095 112 26 Buildings
2550 1097 42 19 and
2603 1096 36 20 the
2648 1097 51 19 Post
2710 1096 69 22 Office.

2480 1129 88 20 Oxford
2579 1131 78 25 Agent

2371 1164 26 22 It.
2407 1165 30 21 H.
2451 1165 119 26 PARISH,
2593 1167 77 21 EAST
2683 1167 119 21 OXFORD

2397 1204 142 27 Eucalyptus
2549 1205 37 21 Oil
2600 1205 30 27 1/-
2644 1212 40 21 per
2693 1207 78 21 bottle.

2340 1273 117 41 HELP
2473 1273 83 41 FOR
2572 1274 86 42 THE
2682 1275 149 41 WEAK.

2321 1381 178 26 YTERVOUS
2520 1382 71 24 AND
2608 1383 246 29 DEBILITATED,

2322 1407 31 33 1\
2379 1416 63 27 who,
2454 1415 112 32 through
2576 1415 61 32 folly
2655 1416 50 24 and
2715 1417 139 31 ignorance,

2321 1449 64 24 have
2397 1449 80 25 trifled
2488 1457 69 24 away
2569 1450 62 24 their
2641 1450 86 31 vigour
2747 1450 27 25 of
2783 1450 71 32 body,

2322 1482 78 28 mind,
2412 1482 51 24 and
2473 1482 135 28 manhood,
2621 1483 101 31 causing
2739 1483 116 25 exhaust-

2321 1515 45 31 ing
2382 1515 83 24 drains
2477 1523 66 23 upon
2555 1515 44 24 the
2620 1515 128 26 fountains
2769 1517 26 24 of
2804 1515 50 30 life,

2323 1548 63 25 Loss
2393 1548 26 24 of
2428 1548 102 33 Energy
2539 1548 49 25 and
2598 1549 126 32 Strength,
2737 1548 119 34 Timidity
2864 1558 3 7 '

2322 1582 164 25 Bashfuiness
2520 1583 28 24 m
2583 1583 106 31 Society,
2713 1583 141 30 Headache,

2322 1614 136 31 Backache,
2477 1615 179 29 Nervousness,
2679 1616 135 24 Weakness
2832 1616 27 25 of

2324 1648 120 31 Memory,
2457 1648 110 25 Restless
2577 1648 81 32 Sleep,
2668 1649 115 28 Dreams,
2792 1649 64 24 Loss

2323 1681 75 25 Flesh
2411 1681 50 24 and
2472 1681 69 25 Vital
2560 1681 92 29 Powef,
2675 1682 137 31 Eruptions
2823 1689 33 17 on

2323 1715 42 24 the
2375 1715 63 24 Face
2449 1715 50 24 and
2510 1715 79 31 Body,
2603 1715 75 24 Want
2701 1716 27 24 of
2736 1715 120 33 Develop-

2323 1751 78 25 ment,
2421 1748 117 24 Varicose
2553 1748 84 28 Veins,
2656 1748 146 31 Incapacity
2820 1748 38 25 for

2323 1779 112 26 business
2446 1789 28 16 or
2484 1781 121 31 pleasure,
2619 1780 103 32 Urinary
2731 1781 125 30 Diseases,

2324 1813 50 25 and
2392 1813 34 25 all
2449 1814 43 24 the
2515 1813 84 25 effects
2621 1813 100 32 leading
2741 1818 26 20 to
2790 1814 66 32 early

2324 1847 83 31 decay,
2431 1847 106 32 perhaps
2559 1847 182 31 Consumption
2765 1856 28 17 or
2814 1847 42 25 In-

2324 1880 90 31 sanity,
2427 1888 47 17 can
2498 1880 29 26 be
2538 1880 116 26 obtained
2665 1880 32 31 by
2717 1880 142 33 consulting

2324 1914 138 32 personally
2479 1923 29 16 or
2515 1914 31 31 by
2557 1915 64 30 post,
2657 1914 92 25 FREE
2759 1914 83 25 PRO*
2850 1924 6 6 •

2325 1947 176 29 NOTMANN,
2532 1947 201 29 M.E..E.M.G.,
2785 1948 71 24 Cam-

2325 1980 84 32 bridge
2421 1980 110 30 Terrace,
2554 1981 111 31 opposite
2688 1980 117 25 Colombo
2818 1980 38 25 St.

2325 2014 100 32 Bridge,
2454 2013 188 25 Christchurch.
2703 2013 54 25 The
2799 2013 59 31 only

2325 2046 226 26 Electrobotanical
2579 2047 96 31 Expert
2708 2047 151 31 advertising

2325 2080 55 26 who
2392 2080 50 25 will
2453 2082 136 30 guarantee
2607 2089 15 16 a
2638 2080 125 32 thorough
2792 2088 66 17 cure.

2327 2115 58 25 Sole
2399 2115 136 30 proprieior
2563 2114 50 24 and
2630 2117 113 28 patentee
2771 2114 28 24 of
2816 2114 44 24 the

2326 2147 59 31 only
2406 2146 150 32 guaranteed
2579 2146 109 25 Electric
2710 2146 71 24 Belts
2811 2146 50 23 and

2326 2180 71 24 other
2409 2179 89 31 special
2521 2179 125 25 electrical
2669 2178 141 31 appliances
2833 2179 28 23 m

2325 2213 42 25 the
2376 2212 115 26 colonies.
2526 2211 99 25 Ladies'
2638 2212 96 24 French
2745 2211 115 26 herbace-

2325 2254 43 18 ous
2379 2246 59 32 pills
2458 2246 38 24 for
2524 2245 176 32 irregularities
2723 2245 65 24 from
2811 2252 49 25 any

2325 2287 81 21 cause,
2431 2280 43 23 10s
2496 2279 96 29 posted.
2626 2278 145 32 Pamphlets
2799 2278 66 26 free..

2325 2312 170 25 Testimonial:
2497 2326 34 3 —
2531 2311 99 31 Napier,
2640 2311 97 31 August
2744 2311 46 25 7th
2796 2312 64 23 1895

2325 2345 66 26 Prof.
2402 2345 132 25 Notmann.
2536 2359 33 3 —
2569 2345 68 24 Dear
2647 2343 47 30 Sir,
2698 2358 31 4 —
2731 2343 14 24 I
2753 2344 108 24 received

2326 2388 60 23 your
2392 2379 74 25 letter
2474 2379 49 25 iast
2535 2378 76 28 week,
2630 2378 50 24 and
2691 2378 14 24 I
2721 2385 41 17 am
2771 2378 95 24 thank-

2325 2413 38 24 ful
2386 2416 26 21 to
2433 2412 54 25 find
2510 2419 49 24 you
2570 2419 42 17 are
2623 2411 105 25 anxious
2745 2413 27 23 to
2792 2410 69 25 know

2329 2446 43 24 the
2383 2445 106 25 benefits
2507 2445 13 23 I
2532 2444 63 24 have
2607 2443 99 25 derived
2724 2443 62 24 from
2803 2451 61 24 your

2331 2480 141 25 treatmeut.
2508 2477 49 30 bir,
2584 2477 21 25 it
2632 2477 68 32 gives
2727 2484 41 17 me
2795 2478 70 31 great

2331 2512 113 33 pleasure
2456 2515 26 21 to
2492 2511 92 25 inform
2595 2519 49 24 you
2652 2510 56 26 that
2717 2518 16 17 a
2744 2511 121 31 complete

2331 2545 50 25 and
2392 2546 92 31 perfept
2495 2552 58 17 cure
2564 2544 46 25 has
2629 2543 62 26 been
2713 2543 103 25 effected
2840 2546 25 22 oi'

2332 2579 43 24 the
2386 2578 116 24 maladies
2513 2578 14 24 I
2545 2576 158 33 complained
2722 2577 25 24 of
2758 2579 27 23 to
2807 2585 57 23 you.

2331 2612 14 24 I
2357 2619 40 17 am
2409 2611 115 32 enjoying
2534 2610 63 32 good
2614 2609 92 29 health,
2719 2611 49 22 and
2779 2617 42 17 am
2828 2618 37 17 re-

2333 2644 82 26 stored
2434 2646 26 23 to
2480 2644 86 31 manly
2586 2643 96 32 vigour.
2717 2642 58 25 P.S.
2776 2656 33 5 —
2810 2642 56 33 Any

2332 2679 102 25 sufferer
2441 2677 112 26 desirous
2559 2677 27 25 of
2591 2675 210 33 communicating
2804 2677 62 26 with

2328 2720 40 17 me
2376 2720 49 24 you
2437 2720 42 16 are
2491 2713 27 23 at
2534 2710 89 32 liberty
2646 2713 26 22 to
2692 2711 54 30 give
2768 2718 42 23 my
2823 2711 41 24 ad-

2327 2747 77 27 dress,
2416 2745 38 24 for
2465 2745 14 22 I
2495 2745 48 24 like
2554 2752 60 22 your
2631 2744 119 30 practical
2764 2743 101 25 method

2329 2779 25 25 of
2365 2779 143 25 treatment.
2511 2791 32 4 —
2544 2776 29 25 T.
2588 2776 28 25 C.
2630 2777 117 24 Simpson.

2421 2895 54 43 F.
2506 2893 51 44 B.
2579 2890 189 55 LANE.

2440 2968 91 43 (Late
2545 2967 39 31 E.
2604 2965 160 39 Butcher.)

2336 3030 252 33 Watchmaker,
2617 3027 183 33 Jeweller,
2818 3023 52 32 &c.

2336 3081 124 31 Importer
2494 3080 27 24 of
2560 3076 108 27 Musical
2703 3074 170 26 Instruments

2437 3117 112 26 Victoria
2570 3116 39 27 St.
2639 3114 134 33 Rangiora.

2341 3198 99 33 Special
2451 3198 70 25 value
2543 3196 29 25 m
2594 3195 81 25 Extra
2698 3195 87 29 strong
2796 3189 81 27 Cased

2339 3242 89 33 highly
2436 3241 109 26 finished
2558 3239 110 31 English
2685 3238 81 24 Lever
2774 3234 103 28 Watch-

2341 3293 35 19 es.
2422 3282 192 28 Manufactured
2630 3284 27 23 to
2679 3289 43 23 my
2751 3280 72 25 order
2844 3278 34 30 by

2342 3326 55 26 best
2409 3326 104 25 London
2532 3322 107 26 makers.
2674 3319 159 33 Unequalled
2840 3319 40 24 for

2343 3370 123 26 excellent
2479 3367 179 32 Timekeeping
2673 3365 51 25 and
2734 3362 146 33 durability.

2376 3415 31 24 F.
2424 3414 32 24 B.
2468 3411 97 26 LANE
2577 3409 141 34 personally
2739 3409 73 25 visits
2832 3408 49 24 Ox-

2345 3458 55 27 ford
2419 3456 126 32 monthly,
2569 3455 115 32 carrying
2703 3462 16 16 a
2741 3452 69 32 large
2832 3451 51 24 and

2346 3502 85 25 choice
2465 3500 76 26 stock'
2564 3499 28 25 of
2622 3497 128 28 Watches,
2778 3495 104 27 Chains,

2346 3544 135 27 Brooches,
2491 3543 88 32 Rings,
2590 3542 87 26 Studs,
2694 3539 129 25 Pendants
2835 3539 47 26 etc,

2349 3588 142 32 Spectacles
2512 3585 124 34 (Pebbles,
2654 3583 168 30 Pantoscop&c
2833 3580 51 25 and

2349 3632 109 33 Crystal)
2471 3630 97 29 Clocks,
2587 3627 108 35 (Marble
2715 3625 51 26 and
2783 3624 102 32 Wood,)

2449 3674 157 25 Accordeons
2618 3670 50 26 and
2679 3670 107 25 Violins.

2384 3752 82 25 Exact
2478 3750 58 25 date
2548 3749 26 25 of
2584 3747 63 26 each
2657 3746 60 25 visit
2739 3745 23 25 is
2773 3743 107 27 notified

2369 3801 10 24 ;
2501 3795 28 25 m

2352 3841 150 24 Repairs.—
2503 3837 42 26 AH
2555 3836 96 33 repairs
2668 3843 42 17 are
2727 3832 119 27 executed
2856 3831 31 32 by

2352 3884 92 33 myself
2465 3891 28 18 or
2509 3881 83 26 under
2605 3888 43 24 my
2668 3877 222 34 superintendence

2353 3936 28 18 so
2402 3928 57 26 that
2478 3929 103 29 patrons
2592 3932 48 17 can
2663 3925 52 30 rely
2737 3930 33 17 on
2793 3921 98 32 getting

2353 3970 156 27 satisfaction
2518 3971 27 23 at
2556 3968 44 26 the
2611 3975 59 23 very
2682 3966 87 25 lowest
2777 3964 114 32 charges.

2387 4013 105 33 Repairs
2504 4020 28 17 or
2541 4011 84 26 orders
2634 4017 59 24 may
2703 4010 35 28 be,
2743 4008 45 26 left
2799 4009 61 25 at—

2354 4063 27 27 J.
2399 4062 135 29 Weeber's,
2569 4060 66 25 East
2658 4058 101 26 Oxford,

2353 4109 27 24 at
2403 4106 41 25 W.
2468 4105 37 26 M.
2529 4104 38 29 C,
2590 4104 66 25 East
2680 4102 101 26 Oxford.

2356 4151 25 24 J.
2397 4150 102 28 Brown,
2511 4146 161 30 Bootmaker,
2697 4145 71 25 West
2792 4143 101 26 Oxford.

2355 4194 42 26 W:
2409 4192 26 26 J.
2447 4192 120 26 Crothers
2576 4192 19 24 &
2608 4190 45 26 Co.
2661 4208 6 7 .
2689 4189 71 26 Cust.

2388 4237 51 25 and
2455 4236 53 26 will
2513 4236 32 25 be
2556 4234 128 33 promptly
2694 4233 120 25 attended
2825 4235 36 23 to.

2357 4280 55 32 All
2422 4280 101 31 Work
2534 4278 78 37 done
2623 4289 42 20 on
2678 4278 55 31 the
2743 4277 155 32 Premises

2480 4331 64 33 and
2559 4328 203 43 guaranteed.
2841 4350 4 11 :

2581 4494 10 4 ..
2649 4490 5 5 -
2725 4451 30 60 \
2773 4501 1 3 .
2801 4496 2 2 ■
2844 4467 32 32 ..'

2465 4509 118 21 TIMBER
2607 4501 188 34 M^ftCiUtßgT/
2818 4526 5 4 .

1757 1658 125 39 EVENTS
1897 1657 39 38 OF
1958 1656 70 38 THE
2045 1652 129 41 COMING
2187 1651 106 40 WEEK.

1756 1748 121 31 Tuesday,
1894 1746 104 32 Library
2017 1752 65 24 open
2093 1743 64 25 from
2171 1743 14 23 6
2204 1743 40 22 15.
2268 1742 27 23 to

1823 1788 78 30 B.pm.

1757 1824 135 33 Thursday,
1927 1821 73 26 Bank
2031 1828 71 25 open.
2138 1818 111 31 Meeting
2271 1816 27 25 of

1824 1862 101 26 Liberal
1943 1859 168 26 Association.

1760 1901 130 33 Saturday,
1908 1899 107 32 Library
2037 1905 63 24 open
2118 1896 66 25 from
2197 1897 23 23 6.
2235 1901 53 25 p.m

1824 1942 26 23 to
1875 1940 23 24 8.
1920 1945 64 25 p.m.
2052 1935 113 30 Meeting
2192 1933 27 25 of
2235 1933 52 24 Eas

1826 1976 94 26 Oxford
1940 1974 158 26 Oddfellows.
2166 1971 88 31 Finlay
2277 1971 19 23 &

1824 2015 145 27 Probosco's
1981 2014 87 24 Circus
2080 2013 25 23 at
2118 2009 101 26 Oxford.

1842 2159 73 26 THE
1934 2155 177 27 NATIONAL
2139 2153 75 25 ASS-

1795 2226 113 27 Ociation
1918 2225 47 26 has
1977 2223 63 26 been
2052 2223 61 29 busy
2132 2228 16 16 a
2165 2218 61 32 long
2237 2218 61 26 time

1760 2262 26 24 m
1798 2260 130 32 preparing
1939 2263 77 25 traps,
2035 2255 50 25 and
2104 2261 55 17 now
2170 2252 73 25 when
2253 2251 45 25 the

1761 2292 175 31 Election-day
1954 2296 91 20 comes,
2055 2308 9 5 ,
2080 2287 14 24 I
2117 2292 104 24 suppose
2240 2284 58 31 they

1762 2326 82 26 would
1863 2325 55 32 give
1930 2331 28 17 us
1981 2322 33 25 all
2029 2329 14 16 a
2054 2319 61 28 ride,
2132 2319 22 24 if
2169 2318 60 31 they
2249 2324 48 17 can

1761 2360 54 26 find
1825 2366 68 19 asses
1905 2355 99 33 enough
2011 2354 28 25 m
2048 2353 42 26 the
2099 2353 113 31 country.
2248 2349 48 26 We

1762 2402 47 17 can
1821 2392 110 31 scarcely
1951 2390 94 24 believe
2057 2388 56 25 that
2135 2386 22 24 it
2167 2383 84 26 would
2266 2383 30 25 be

1762 2435 15 16 a
1789 2428 76 29 cheap
1876 2426 53 23 fare
1949 2421 138 28 excursion,
2105 2419 38 25 for
2164 2418 19 24 it
2200 2418 22 23 is
2238 2425 56 23 pos-

1763 2459 60 26 sible
1834 2466 36 17 we
1882 2456 35 26 all
1926 2454 81 33 might
2017 2453 31 26 be
2058 2453 72 25 stuck
2140 2451 28 24 m
2176 2453 44 22 the
2226 2449 70 25 mud.

1762 2493 31 26 In
1804 2492 74 27 olden
1895 2490 75 26 times
1991 2489 59 30 they
2067 2486 73 25 drove
2151 2484 60 25 with
2229 2490 68 18 asses

1763 2527 46 25 but
1826 2526 58 24 that
1902 2524 62 25 time
1974 2522 23 25 is
2016 2522 65 31 past,
2099 2527 36 17 we
2155 2526 56 17 now
2228 2519 68 22 want

1762 2559 75 33 quick
1847 2557 102 26 Liberal
1959 2556 94 27 horses,
2074 2552 50 26 and
2135 2553 27 24 to
2179 2559 32 24 go
2236 2549 62 25 back

1763 2599 25 19 to
1799 2592 56 24 that
1865 2591 62 25 time
1936 2589 73 31 again
2018 2586 51 26 and
2076 2585 126 31 exchange
2211 2583 87 24 horses

1762 2626 39 24 for
1815 2632 65 17 »sses
1892 2621 84 26 would
1986 2621 31 24 be
2028 2627 16 17 a
2054 2621 68 30 great
2132 2618 70 29 folly.
2239 2615 59 25 Lib-

1764 2658 52 26 eral
1831 2658 87 26 horses
1929 2656 46 24 has
1987 2652 94 27 carried
2093 2660 29 17 us
2135 2658 58 17 over
2204 2658 14 15 a
2229 2649 70 32 great

1763 2700 77 24 many
1863 2696 108 25 swampy
1993 2687 90 32 places,
2101 2684 110 26 wherein
2233 2690 66 18 asses

1763 2724 82 27 would
1856 2726 62 23 have
1937 2729 76 19 never
2024 2718 95 27 carried
2141 2726 29 16 us
2182 2716 117 31 through.

1764 2759 53 24 The
1828 2757 56 25 Aas.
1896 2763 46 18 can
1953 2754 74 25 make
2039 2760 15 17 a
2071 2753 70 31 great
2151 2750 79 28 noise,
2250 2748 51 25 and

1766 2791 57 27 kick
1834 2799 15 17 a
1860 2789 64 34 good
1936 2788 54 25 deal
2002 2794 68 18 more
2081 2787 50 24 too.

1876 2947 316 48 WANTED.

1767 3048 184 62 WANTED,
1969 3049 48 23 two
2033 3054 29 18 or
2078 3046 73 25 three
2163 3043 62 33 good
2240 3042 68 26 Saw-

1840 3082 57 25 mill
1915 3081 99 27 Hands,

1799 3126 83 33 Apply
1897 3125 34 34 by
1946 3124 75 26 letter
2038 3125 26 24 to
2076 3122 44 26 the
2131 3120 152 32 underrtgne
2295 3117 16 26 d

1866 3197 106 26 LOUIS
1990 3194 192 27 LAUGiSSON
2200 3194 19 24 &
2239 3192 60 26 Son.

2099 3248 135 25 Kaikoura.

1905 3322 118 30 Copies
2045 3328 40 22 of
2106 3326 62 22 the
2324 3324 1 29 ;

1819 3383 176 33 OXFORD
2029 3379 226 34 OBSERVER
2325 3408 2 11 ,

1876 3433 48 17 can
1946 3424 32 25 be
2002 3422 120 26 obtained
2143 3423 28 23 at

1769 3470 178 28 CARGILL'S
1959 3476 88 19 corner
2069 3467 28 26 of
2111 3465 140 27 CASHEL
2263 3463 54 26 and

1870 3509 166 26 COLOMBO
2056 3506 157 27 STREETS

1947 3548 190 26 Christchurch,

1801 3611 244 48 CANCER
2077 3607 207 48 CURED

1953 3677 151 23 WITHOUT

1770 3725 28 30 A
1821 3721 212 33 SURGICAL
2064 3716 244 35 OPERATION

1804 3778 51 25 For
1865 3776 102 32 further
1980 3775 153 32 particulars
2149 3773 74 31 apply
2242 3776 23 20 to
2278 3770 25 25 th
2311 3778 11 17 c

1821 3826 126 27 OFFICE
1969 3825 44 26 OF
2037 3823 86 27 THIS
2140 3822 126 26 PAPER.

1861 3924 180 33 OXFORD
2066 3923 140 31 SPORS.

1802 4020 80 44 W.
1912 4018 67 46 H.
2008 4016 279 47 ALEORD

1774 4115 245 45 WATCHMAKER:
2054 4114 176 43 JEWELLER
2258 4115 66 32 &c.

1852 4189 89 26 MAIN
1956 4187 136 28 STREET
2110 4187 140 26 OXFORD

1856 4251 3 3 ■
2338 4241 1 17 i

1876 4276 136 47 FOR
2041 4275 177 48 SALE.

1793 4361 12 19 A
1836 4359 79 26 FEW
1941 4358 115 26 hundred
2076 4356 105 27 bushels
2205 4358 28 26 of
2261 4358 68 33 good

1784 4398 36 22 Ol
1854 4393 64 25 oats.
1995 4406 6 12 ■.•
2256 4413 4 3 .

1763 4457 2 14 i
1910 4439 82 34 Apply
2009 4441 27 24 to

1980 4493 100 26 THOS.
2098 4484 133 34 MAHO€
2231 4491 33 35 ;„,
