3541 4297
69 251 2387 46 THE

69 297 377 55 NEW
572 297 879 55 ZEALAND
1577 297 879 55 GAZETTE

69 352 2387 54 AND

69 406 955 55 WELLINGTON
1119 406 287 55 AND
1501 406 955 55 SPECTATOR.

586 491 216 36 PUBLISHED
847 492 129 37 EVERY
1018 493 256 38 WEDNESDAY
1317 494 87 37 AND
1449 496 221 38 SATURDAY
1714 498 203 36 MORNING.

102 605 63 30 No.
189 603 88 38 259.]

673 605 111 30 PORT
805 606 250 31 NICHOLSON.
1079 609 224 31 SATURDAY
1323 611 210 35 MORNING,
1554 613 101 30 JULY
1679 618 28 31 1,
1732 616 87 30 1843.

2231 616 92 38 [Vol.
2345 619 52 30 IV.

2757 2938 5 33 I

3090 235 5 28 I

181 698 54 20 For
256 696 117 21 London
398 695 94 26 direct,

213 731 29 20 To
251 731 41 20 sail
302 731 23 19 in
334 731 31 19 all
372 731 90 25 August,

85 761 79 36 *^3§_
210 768 92 20 rriHE
330 767 46 21 fine
405 767 44 21 fast
471 767 82 27 sailing
579 768 49 27 brig

74 788 128 40 J^^_^
217 788 30 28 X
353 795 176 24 NELSON,

71 816 126 39 jujrassßg
199 821 3 6 1
224 821 87 26 George
334 821 116 21 Maclaren
475 824 86 24 master,
583 821 45 22 will

222 848 41 22 sail
271 848 25 21 in
306 847 30 22 all
347 848 95 26 August.

49 868 158 32 TTwSrßSff
250 874 42 22 For
308 874 83 27 freight
405 881 25 15 or
447 881 98 20 passage,
569 874 59 27 early

221 900 136 28 application
366 901 20 21 is
398 908 117 20 necessary
524 904 23 18 to

358 933 84 22 Waitt
457 933 45 22 and
515 935 85 21 Tyser.

73 964 143 26 Wellington,
228 964 57 22 June
296 966 34 25 15,
342 966 60 21 1843.

145 1017 54 20 For
213 1015 107 20 Hobart
334 1016 86 19 Town
434 1016 97 21 Direct.

54 1045 104 33 >o<2s*.
216 1048 42 21 HP
263 1046 44 22 HE
331 1047 29 21 A.
371 1046 19 22 I.
417 1046 106 23 schooner
546 1049 86 19 LADY

77 1068 95 39 4bP_5L
223 1068 28 27 J-
289 1074 106 24 LEIGH,
407 1073 44 22 will
465 1074 41 21 sail
516 1075 52 21 with
579 1075 48 21 des-

47 1095 148 38 /4ran_P_|^
213 1100 66 27 patch
289 1100 36 21 for
338 1100 38 21 the
392 1100 69 21 above
474 1103 55 24 port,
548 1101 79 21 should

44 1121 152 38 mHs||BK
215 1126 110 22 sufficient
332 1126 147 22 inducement
489 1126 58 23 offer.
578 1128 48 21 Has

44 1148 152 30 fIHSSS
214 1154 99 26 superior
322 1153 197 22 accommodation.

240 1180 44 21 For
292 1187 94 20 passage
395 1180 67 26 apply
472 1183 24 18 to

364 1211 49 22 Mr.
428 1211 170 23 Fitzherbert.

70 1237 142 28 Wellington,
225 1239 59 21 June
293 1240 34 25 30,
339 1239 61 21 1843.

164 1284 118 20 Wanted
296 1284 29 19 to
342 1284 157 26 Exchange,

45 1317 48 47 A
108 1315 145 21 COUNTRY
275 1315 140 26 SECTION,
431 1314 43 22 No.
493 1315 27 21 37
538 1322 29 14 on
586 1314 39 22 the

98 1346 3 4 '
122 1342 127 26 Surveyor's
268 1341 63 27 Plan,
350 1341 79 22 chosen
448 1341 31 27 by
496 1342 43 21 Mr.
560 1341 65 22 Child

44 1372 22 19 at
82 1369 36 21 the
132 1368 137 26 Manawatu,
284 1368 36 21 for
334 1375 29 14 an
382 1368 128 21 unselected
524 1368 101 26 Country

44 1396 87 22 Section
139 1395 25 21 in
174 1395 38 21 the
223 1395 58 21 First
291 1395 139 21 Settlement.
459 1394 75 28 Apply
543 1397 24 18 to

326 1427 35 22 W.
378 1427 27 21 V.
422 1427 105 27 Brewer,
544 1428 52 27 Esq.

70 1455 114 26 February
195 1455 32 26 17,
239 1455 60 21 1843.

47 1505 86 51 FOR
148 1505 84 26 SALE,
249 1512 27 14 ex
289 1505 116 26 Margaret,
418 1505 47 26 &c,

117 1532 26 21 25
157 1532 76 21 tierces
243 1531 56 27 beef,

71 1557 21 23 3*
98 1561 48 19 tons
157 1558 94 23 colonial
261 1558 51 27 hay,

71 1587 14 20 3
98 1587 50 19 tons
158 1585 60 21 Siam
228 1592 72 19 sugar,

71 1613 28 21 30
111 1611 84 22 barrels
204 1611 84 22 bottled
298 1611 41 27 ale,

71 1639 27 21 50
111 1638 68 22 boxes
188 1641 43 19 tea.

70 1666 28 21 50
111 1665 39 21 ash
163 1672 57 19 oars,

71 1693 27 20 30
111 1694 49 19 tons
169 1691 56 27 coal,

72 1719 57 26 Port,
139 1718 84 27 sherry,
235 1718 43 22 and
293 1718 103 22 Madiera
404 1718 25 22 in
442 1717 75 27 bottle,
527 1717 96 22 Ruther-

47 1745 46 23 ford
103 1745 43 22 and
155 1745 94 26 Drury's
257 1745 79 26 brand,

71 1772 99 27 Liquers,
180 1772 24 20 in
214 1772 71 22 dozen
295 1779 68 19 cases,

71 1799 149 26 Champagne,

71 1825 95 26 Brandy,
177 1832 56 19 rum,
245 1825 42 21 and
297 1825 39 27 gin
345 1825 24 21 in
379 1824 72 27 hhds.,

70 1853 26 20 30
110 1855 48 19 tons
165 1851 52 22 best
226 1851 91 28 Sydney
328 1851 64 27 flour,

72 1879 27 21 50
113 1881 49 19 tons
172 1878 86 22 Chilian
269 1879 64 26 flour,
346 1886 28 14 ex
385 1879 104 24 Cheerful.

355 1913 83 22 Waitt
452 1914 45 21 and
509 1914 84 21 Tyser.

45 1963 65 48 TO
119 1980 3 3 .
127 1963 40 21 BE
187 1963 87 25 SOLD,~
287 1963 24 22 in
325 1963 44 22 lols
383 1966 22 19 to
426 1964 44 21 suit
487 1963 136 28 purchasers

108 1988 37 22 the
160 1989 70 21 whole
248 1989 25 21 of
282 1992 61 19 town
358 1998 49 13 acre
423 1991 44 21 No.
479 1992 45 25 134,
540 1998 27 14 on
585 1991 37 21 the

43 2015 49 28 plan
103 2015 26 21 of
132 2015 36 21 the
173 2015 67 22 Town
247 2015 24 21 of
275 2015 143 28 Wellington,
423 2017 83 26 having
510 2017 112 27 frontages

43 2047 20 17 to
72 2042 188 22 Taranaki-street
271 2041 44 23 and
326 2043 192 26 Ingestne-street.
546 2045 76 21 Terms

43 2068 80 22 liberal.
153 2069 73 27 Appty
237 2072 22 17 to

376 2096 35 22 W.
423 2097 26 21 V.
462 2097 106 28 Brewer,

432 2128 190 24 Manners-street.

287 2182 91 20 Seeds.

46 2217 67 48 ON
125 2217 84 26 SALE,
219 2219 23 19 at
252 2216 35 22 the
298 2217 86 20 Gazette
389 2217 77 27 Office,
475 2217 23 22 in
503 2218 119 27 quantities

120 2246 20 19 to
147 2243 45 22 suit
200 2243 137 28 purchasers,
348 2243 37 22 the
395 2243 111 28 following
515 2245 64 22 seeds
587 2253 5 14 :
594 2257 28 3 —

70 2277 71 21 Sword
151 2276 107 28 long-pod
268 2276 64 28 bean,

70 2309 117 26 Long-pod
196 2309 63 26 bean,

71 2342 106 28 Speckled
188 2342 70 21 dwarf
265 2341 85 29 kidney
358 2342 65 27 bean,

71 2373 70 23 Broad
150 2374 66 27 bean,

71 2406 70 21 Horse
150 2406 67 26 bean,

70 2432 82 22 Scarlet
161 2439 90 18 runner,

70 2459 64 27 Early
143 2459 110 22 Warwick
263 2466 48 20 pea,

70 2486 65 26 Early
145 2486 114 21 Mazarine
269 2493 49 20 pea,

70 2512 102 22 Prussian
183 2512 50 22 blue
243 2519 48 20 pea,

70 2539 106 22 Nonsuch
184 2547 49 19 pea,

70 2565 54 22 Blue
132 2566 100 27 imperial
242 2573 49 20 pea,

71 2592 89 27 Spanish
169 2593 72 21 dwarf
247 2599 48 21 pea,

71 2619 67 26 Large
148 2620 97 26 cabbage
254 2620 91 26 lettuce,

70 2645 128 22 Drumhead
207 2646 98 27 cabbage
313 2646 91 27 lettuce,

70 2672 99 27 Cabbage
179 2673 89 26 lettuce,

70 2698 71 22 White
151 2699 79 22 selesia
237 2700 89 26 lettuce.

70 2724 77 23 Brown
155 2726 45 21 and
210 2726 65 21 white
283 2733 51 20 goss
343 2726 89 27 lettuce,

70 2751 110 22 Battcrsea
191 2753 104 26 cabbage,

70 2777 127 23 Drumhead
206 2780 105 26 cabbage,

70 2804 47 22 Red
125 2805 76 22 Dutch
211 2806 105 27 cabbage,

70 2830 89 23 Puller's
167 2833 61 27 early
237 2833 104 27 cabbage,

70 2856 69 24 Vanal
148 2859 104 27 cabbage,

69 2883 102 24 Prussian
179 2886 66 21 white
256 2887 80 27 turnip,

68 2909 83 24 Yellow
160 2913 77 21 Swede
247 2914 80 27 turnip,

68 2936 77 33 Purple
153 2942 38 24 top
202 2939 76 22 Swede
287 2940 81 27 turnip,

67 2963 72 23 White
149 2968 62 18 stone
222 2967 81 26 turnip,

68 2989 71 24 White
148 2991 57 22 horn
214 2992 82 27 turnip,

66 3017 70 21 Silver
143 3015 80 25 leaved
233 3019 58 26 beet,

66 3043 52 22 Red
123 3043 58 27 beet,

64 3068 75 23 White
148 3069 59 27 beet,

65 3095 108 28 Mangold
181 3096 98 27 wurtzel,

64 3121 141 28 Altringham
216 3126 78 23 carrot,

65 3149 66 28 Early
139 3149 58 22 horn
206 3152 78 25 carrot,

64 3175 63 27 Long
136 3182 82 21 orange
228 3179 78 25 carrot,

64 3201 74 23 White
147 3203 105 27 mustard,

66 3228 78 23 Curled
153 3236 65 20 cress,

64 3255 63 28 Long
135 3256 80 22 scarlet
223 3256 82 27 radish,

64 3280 71 24 White
144 3283 75 28 turnip
228 3283 80 28 radish,

64 3308 48 22 Red
119 3309 75 27 turnip
202 3309 82 28 radish,

64 3334 131 29 Strasburgh
204 3335 74 28 onion,

63 3360 77 24 Brown
151 3362 96 28 Spanish
256 3363 73 27 onion,

64 3387 95 28 Parsnip,

64 3411 82 26 Curledf
151 3415 95 28 parsley,

66 3440 69 23 Green
146 3441 77 23 curled
235 3441 78 24 endive

64 3466 103 24 Batavian
178 3468 87 28 endive,

66 3492 63 30 Leek,

65 3520 129 29 Asparagus,

64 3545 40 23 Sea
113 3547 51 28 kail,

65 3572 67 23 Globe
142 3581 86 22 savoys.

66 3598 75 24 Curled
150 3602 91 28 brocoli,

64 3623 47 24 Red
118 3627 56 22 solid
183 3629 73 27 celery
266 3629 45 23 and
321 3630 67 23 white
397 3631 80 29 celery,

66 3657 95 18 summer
170 3661 85 22 savory,

66 3678 78 23 Winter
153 3687 85 21 savory,

64 3728 87 31 Thyme,

65 3754 95 27 Brussels
168 3764 90 24 sprouts,

64 3781 87 31 Borage,

64 3807 110 31 Angelica,-
331 3814 6 4 '
444 3816 4 6 '

52 3838 4 4 •
64 3833 84 30 Salsafy,
341 3843 3 4 •
372 3843 4 4 ■
504 3844 2 5 •
552 3843 3 5 -
576 3844 3 4 •

63 3859 71 30 Sorell,

63 3885 115 32 LaremUr,
325 3894 4 4 '

691 696 64 21 Just
776 698 115 25 opened,
907 700 55 19 and
975 699 39 21 for
1036 700 60 21 Sale
1116 701 38 26 by
1167 702 45 20 the

858 725 189 27 undersigned,

664 756 250 34 /^.ENTLEMEN'S
934 758 139 28 Wellington,
1093 760 62 27 drab,
1175 760 63 22 black

665 781 52 23 vJ
743 782 87 27 button,
842 783 44 22 and
896 784 101 22 Clarence
1006 786 71 27 boots,

689 808 103 27 Bluoher,
805 809 112 28 Oxonian,
928 811 43 21 and
982 811 57 28 light
1053 813 96 27 walking
1165 813 73 26 shoes,,

688 835 109 27 Working
806 836 155 22 men's.nailed
971 837 47 23 lialf
1024 839 70 26 boots,

689 861 66 27 Boys'
766 862 65 22 shoes
840 863 44 21 and
894 867 60 18 stout
963 864 44 22 half
1014 865 68 27 boots,

689 888 67 22 Girls'
772 889 44 21 and
830 889 120 23 children's
966 891 61 22 shoes
1037 892 45 22 and
1092 892 60 22 cloth
1160 893 78 21 button

661 914 70 27 boots,

687 941 89 22 Ladies'
783 952 2 9 i
805 942 60 22 cloth
893 943 71 27 boots,
987 943 155 23 double-soled
1165 945 70 26 shoes,

661 968 112 26 Morocco,
784 968 88 27 lasting,
881 970 45 21 and
935 970 82 22 French
1028 975 73 24 carpet
1110 971 98 28 slippers,

686 994 48 21 The
753 996 70 20 above
840 996 88 22 articles
943 1003 33 15 are
994 997 27 21 of
1035 1004 13 15 a
1067 1005 53 20 very
1140 998 97 27 superior

660 1020 140 28 description.

687 1047 37 20 An
733 1050 132 20 assortment
875 1049 25 21 of
907 1049 126 27 Stationery,
1045 1051 120 26 consisting
1175 1050 32 22 of:
1209 1062 27 3 —

687 1073 57 26 Post,
756 1073 59 22 bank
825 1075 44 21 and
879 1075 95 27 foolscap
980 1083 74 20 paper,

686 1099 80 27 Demy,
777 1100 102 27 blotting,
890 1102 44 21 and
947 1102 95 27 imperial
1053 1110 47 19 cap,

686 1126 171 22 Memorandum
868 1128 75 26 books,
955 1129 99 26 assorted,

687 1151 90 27 Oblong
786 1152 90 28 clasped
884 1154 74 26 pencil
967 1154 70 28 looks,

686 1178 90 21 Collins'
786 1178 113 28 indelible,
911 1181 102 27 assorted,

685 1204 104 22 Account
798 1205 76 28 books,
885 1208 58 20 from
954 1215 38 14 one
1001 1208 64 27 quhre
1074 1209 108 27 upwards,

686 1230 92 28 Wafers,
791 1232 85 27 sealing
886 1241 55 18 wax,
954 1234 40 21 and
1003 1234 39 21 ink
1052 1235 105 27 powders,

685 1256 90 23 Artist's
785 1259 92 27 pencils,
884 1260 59 26 good
952 1260 87 27 writing,
1047 1261 45 21 and
1102 1263 133 26 carpenter's

658 1282 68 28 leads,

686 1310 58 22 Steel
755 1318 54 20 pens
819 1312 46 21 and
873 1319 44 20 pen
928 1312 90 26 holders,

686 1338 24 19 11
722 1336 49 23 doz.
783 1338 90 21 Smith's
884 1346 56 20 copy
950 1339 55 32 slips,

686 1363 182 23 Gillott'sschool
879 1373 59 19 pens,
951 1365 67 28 quills,
1237 1363 2 19 '<

684 1389 132 28 Envelopes,
827 1392 100 21 national
937 1392 70 22 school
1017 1392 72 28 slates,

685 1416 80 27 Coffee,
776 1420 43 23 tea,
830 1418 43 21 and
883 1418 84 22 refined
975 1426 69 20 sugar,

685 1443 74 22 Prime
769 1444 56 21 Cork
835 1444 75 23 butter
919 1446 22 21 in
952 1445 77 27 firkins,
1041 1453 24 14 or
1074 1447 31 27 by
1114 1446 38 23 the
1162 1447 71 23 dozen

657 1469 93 27 pounds,

683 1496 28 21 40
724 1496 83 21 barrels
816 1497 108 27 superfine
934 1498 116 23 American
1062 1499 63 27 flour,

684 1523 120 21 American
814 1523 110 28 chopping
933 1532 55 20 axes,
1000 1526 47 21 iron
1058 1529 37 18 tea
1103 1526 86 28 kettles,

684 1549 12 20 5
711 1552 49 19 cwt.
780 1550 123 22 Rodway's
922 1556 74 22 patent
1018 1552 64 22 horse
1106 1552 63 23 shoes
1188 1553 44 22 and

656 1575 62 27 nails,

684 1601 75 22 Hall's
767 1603 59 26 glass
835 1604 140 27 gunpowder,
981 1605 87 27 powder
1077 1605 74 28 flasks,

684 1628 66 34 Ivory
773 1629 97 22 Handled
896 1637 80 21 razors,
999 1632 129 22 Cowovan's
1147 1633 85 22 Canton

656 1661 62 15 razor
726 1657 137 26 sharpeners,

684 1681 117 28 Crockery,
816 1683 115 27 including
950 1684 80 28 dinner,
1049 1685 119 28 breakfast,
1186 1686 45 22 and

657 1710 35 19 tea
703 1709 101 26 services,

683 1735 54 21 Fine
748 1738 37 19 cut
794 1735 106 22 tumblers
910 1737 45 22 and
964 1738 53 21 wine
1026 1738 89 28 glasses,

684 1761 92 27 Pickles,
786 1763 94 26 vinegar
893 1764 24 20 in
932 1764 61 27 pints,
1003 1764 74 23 lemon
1090 1766 67 26 juice,
1169 1766 60 22 salad

656 1787 36 27 oil,
703 1795 82 20 capers,
797 1796 83 19 sauces,
889 1790 102 28 mustard,
1002 1792 62 26 pearl
1075 1792 83 28 barley,
1170 1799 58 20 sago,

656 1815 102 26 oatmeal,
770 1815 44 22 and
824 1817 93 26 tapioca,

682 1841 69 22 Fresh
761 1841 86 23 salmon
857 1843 44 21 and
911 1850 63 21 soups
980 1844 24 21 in
1013 1844 111 28 canisters,

642 1864 2 15 1
683 1867 109 23 Hockins'
803 1872 76 23 patent
888 1870 86 21 scidlitz
979 1871 23 20 in
1015 1872 105 27 powders,

680 1894 59 22 Soda
748 1895 47 21 and
802 1895 79 28 ginger
889 1897 56 21 beer
952 1897 100 27 powders,

681 1921 168 28 Raspberryade
859 1923 45 21 and
914 1923 141 22 Cheltenham
1065 1924 60 27 salts,

654 1966 3 3 .
682 1947 79 21 Steer's
781 1949 124 26 opodildoc,
922 1949 92 22 Jamcs'a
1030 1951 97 26 powder*
1137 1951 95 27 Dolby's.
1237 1949 2 29 \

654 1972 144 28 cafminitive,

682 1999 78 22 Brown
770 2001 111 26 Windsor,
891 2001 75 28 fancy,
975 2002 41 22 and
1025 2002 91 27 shaving
1126 2010 69 21 soaps,

681 2026 96 22 Essence
792 2027 26 21 of
827 2028 86 26 ginger,
929 2028 82 27 brandy
1023 2029 85 28 bitters,
1124 2031 106 20 aromatic

655 2051 97 28 vinegar,
762 2053 164 23 inexhaustible
936 2055 55 26 salts,

682 2079 136 22 Permanent
825 2080 47 27 ink,
884 2081 99 28 scouring
992 2082 71 27 drops,
1073 2083 95 27 pastiles,
1237 2098 2 16 ,

682 2105 47 21 Salt
738 2105 27 21 of
770 2106 90 27 lemons,
873 2111 62 18 court
944 2108 92 27 plaister,
1237 2103 2 15 '

682 2132 118 22 Lavender
809 2137 68 19 water
886 2134 48 22 Eau
945 2135 26 21 de
978 2135 102 28 Cologne,

682 2159 67 21 Bears
758 2167 82 19 grease,
852 2160 51 22 cold
913 2168 76 20 cream,
1001 2169 107 15 macassar
1119 2163 36 26 oil,
1167 2163 63 21 tooth

654 2185 94 27 powder,
760 2187 48 26 &c,

682 2211 87 22 Ladies'
785 2213 88 21 tortoise
888 2213 57 22 shell
960 2215 42 21 side
1019 2216 82 26 combs,
1122 2215 107 28 dressing,

655 2238 44 22 and
708 2239 65 21 small
783 2240 61 21 tooth
855 2241 83 21 combs.

682 2265 64 27 Hair,
776 2267 68 26 tooth,
876 2267 51 26 nail,
957 2267 94 28 sliaving,
1077 2269 44 21 and
1148 2269 83 21 clothes

654 2292 98 26 brushes,

682 2318 78 27 Slates,
771 2319 56 22 slate
835 2320 87 27 cistern,
933 2321 93 26 hearths,
1038 2321 103 28 chimney
1152 2322 78 27 pieces,

683 2345 78 21 Hones
771 2346 44 22 and
825 2346 102 28 chimney
937 2351 51 23 pots,

682 2372 53 21 And
750 2379 120 16 numerous
885 2377 64 19 other
963 2374 90 27 articles,
1065 2375 71 22 which
1147 2375 42 23 will
1204 2375 27 22 be

655 2398 47 22 sold
712 2406 53 20 very
774 2399 49 28 low,
834 2400 35 22 for
879 2401 53 21 cash
942 2401 55 28 only,
1007 2401 30 28 by

878 2434 20 22 J.
914 2435 156 26 BODDINGTON,

747 2460 110 22 Lambton
868 2462 72 26 Quay,
951 2469 49 14 near
1009 2462 38 21 the
1057 2463 53 21 Post
1120 2463 76 26 Office,
1207 2470 25 15 or

877 2499 75 22 James
966 2500 106 26 Jackson,

1006 2533 109 22 Lambton
1133 2533 70 28 Quay.

682 2559 59 21 June
751 2561 20 26 2,
784 2561 60 20 1843.

839 2614 43 20 Ex

656 2650 102 36 fiOO
788 2652 99 22 BAGS
916 2653 95 26 RICE,

690 2674 68 25 W
786 2679 42 21 350
841 2679 55 27 bags
906 2679 46 21 fine
960 2679 63 22 white
1033 2687 71 20 sugar,

787 2707 41 20 900
842 2706 54 26 bags
905 2706 73 22 brown
987 2713 72 20 sugar,

683 2732 39 21 150
735 2732 54 26 bags
799 2732 77 27 coffee,

682 2758 89 25 150,000
785 2758 96 22 Manilla
890 2759 77 27 cigars,
977 2760 41 21 No.
1028 2761 20 25 3,

680 2786 28 20 50
722 2792 62 14 cases
792 2784 47 28 gin,

680 2812 26 21 25
722 2811 64 22 casks
795 2819 57 20 rum,

681 2838 55 22 Teas
747 2838 26 21 of
785 2838 48 22 first
848 2838 93 28 quality,
953 2839 39 22 viz.
993 2850 27 5 —
1021 2847 79 20 congo,
1111 2841 119 27 souchong,

654 2864 124 28 pouchong,
789 2865 78 27 pekoe,
877 2866 45 21 and
931 2867 139 26 gunpowder,

681 2891 95 22 Manilla
786 2899 60 20 rope,
858 2892 99 22 assorted
966 2893 59 27 sizes,

681 2918 93 28 Pepper,
786 2918 126 28 cinnamon,
923 2920 41 21 &c.
974 2920 36 22 &c.

832 2953 131 27 Ridqways,
978 2954 104 27 Guyton,
1098 2955 19 21 &
1133 2955 71 22 Earp.

680 2985 140 28 Wellington,
830 2986 56 28 May
896 2986 33 27 17,
941 2988 56 20 1843.

706 3038 40 19 To
762 3038 83 21 stand
859 3039 29 19 to
904 3043 76 16 cover
1000 3039 54 20 this
1069 3045 108 20 season,

811 3071 31 20 At
851 3072 136 25 Berhampore
999 3074 70 25 Fatm,

654 3104 91 34 rpHE
772 3104 51 22 well
849 3105 80 22 known
958 3106 105 28 thorough
1086 3108 55 22 bred
1167 3109 62 22 horse

661 3129 29 22 JL
717 3130 97 27 Figaro,
825 3130 38 22 the
872 3135 104 25 property
982 3134 25 20 of
1015 3134 77 22 James
1101 3135 68 27 Watt,
1178 3136 50 27 Esq.

680 3156 80 26 Figaro
769 3163 44 15 was
822 3157 75 22 foaled
906 3158 25 22 in
940 3159 127 28 December,
1083 3161 60 28 1837,
1154 3166 39 23 got
1202 3163 28 27 by

654 3183 114 27 Operator,
781 3183 51 22 dam
844 3184 109 23 Adelaide
962 3185 26 27 by
997 3186 103 23 Teorum.

680 3209 111 27 Operator
799 3217 45 15 was
853 3210 76 23 foaled
937 3211 24 22 in
974 3214 56 26 1832,
1040 3217 40 23 got
1089 3214 30 27 by
1129 3215 99 28 Emilius,

653 3235 51 22 dam
713 3236 124 23 Worthless
846 3237 31 27 by
886 3238 94 28 Walton,
990 3242 40 19 out
1038 3240 25 22 of
1070 3241 123 23 Altisidora
1202 3243 28 26 by

653 3262 59 21 Dick
722 3263 116 22 Andrews.

680 3294 73 27 Every
760 3295 106 22 attention
877 3295 45 23 will
936 3297 28 21 be
976 3297 51 28 paid
1037 3301 22 19 to
1067 3306 74 15 mares
1150 3303 49 20 sent
1208 3304 21 18 to

652 3320 54 22 him.

680 3347 103 27 Charges,
809 3348 54 22 with
884 3353 123 25 guarantee,
1034 3359 67 15 seven
1124 3353 104 27 guineas;

652 3373 96 23 without'
759 3378 127 25 guarantee,
904 3376 45 22 five
964 3377 94 28 guineas,
1069 3386 119 21 groomage
1197 3380 30 21 in-

652 3400 87 23 cluded.

679 3434 143 28 Wellington.
834 3436 97 23 October
940 3438 33 26 25,
980 3439 60 20 1832.

842 3488 26 20 J.
883 3488 38 21 M.
936 3489 104 26 Taylor,

665 3519 151 23 LICENSED
841 3522 235 24 CUSTOM-HOUSE
1099 3525 115 27 AGENT,
1237 3530 2 31 j

793 3572 4 5 ,
896 3561 28 14 TE
938 3562 48 14 ARO.

651 3596 72 48 ON
738 3596 85 27 SALE,
832 3600 23 18 at
863 3598 37 21 the
912 3598 69 23 Stores
990 3600 26 21 of
1022 3600 37 22 the
1070 3600 155 28 undersigned,

727 3630 29 15 ex
766 3624 73 20 Scotia
839 3635 27 4 —

757 3654 75 28 Flour,

757 3681 63 27 Rice,

756 3708 77 27 Sugar,

755 3734 98 28 Brandy,

755 3760 90 23 Bottled
854 3762 34 23 aJe
898 3762 45 22 and
953 3764 79 25 porter,
1042 3763 101 27 Dunbar,

887 3795 95 22 Thomas
997 3795 38 22 M.
1046 3796 150 23 Machattie,

673 3824 63 28 April
746 3826 20 26 7,
778 3828 61 21 1843.
1136 3842 6 7 
1167 3842 4 4 .
1183 3851 2 5 _

652 3874 84 25 TUST
750 3875 134 27 OPENED,
890 3876 45 21 and
945 3883 29 15 on
980 3876 51 23 Sale
1040 3880 23 19 at
1072 3877 38 22 the
1120 3878 70 23 Offica
1200 3879 27 22 of

644 3899 27 24 0
707 3901 45 24 this,
760 3901 79 29 Paper,
848 3903 39 21 ink
897 3903 77 22 stands
980 3904 26 21 of
1011 3904 89 23 various
1109 3905 63 22 sizes.

1343 703 106 21 Nelson
1463 703 174 28 Preliminary
1651 705 115 23 Section.

1271 735 91 47 MR.
1386 736 218 22 FITZHERBERT
1625 736 40 23 has
1687 738 100 21 received
1809 739 34 21 in-

1350 763 118 22 structions
1479 766 22 18 to
1512 762 53 23 offer
1572 763 33 22 for
1613 763 70 28 public
1693 764 147 28 competition,

1444 797 61 20 ISO
1534 797 128 23 ACRES

1269 820 27 22 of
1307 821 69 22 Rural
1386 822 65 22 Land
1461 823 23 21 in
1495 823 37 22 the
1542 823 81 24 Nelson
1634 825 130 28 settlement,
1775 826 65 27 being

1268 848 51 20 No.
1334 849 17 19 3
1361 848 23 22 in
1395 849 73 22 Order
1477 850 24 20 of
1508 850 89 22 Choice.

1296 874 23 21 It
1326 874 19 21 is
1366 875 111 22 sufficient
1493 879 22 19 to
1529 884 40 19 say
1578 877 44 23 that
1637 879 44 21 Mr.
1691 878 99 27 Tuckett,
1802 879 38 22 the

1268 900 117 28 Surveyor,
1395 902 20 21 is
1431 902 126 23 authorised
1571 907 23 18 to
1609 904 64 22 select
1682 905 43 21 this
1740 905 99 23 valuable

1366 935 224 24 PRELIMINARY
1612 938 133 28 SECTION,

1321 959 73 23 which
1412 961 44 22 will
1472 963 104 28 probably
1593 964 25 22 be
1633 965 63 22 made
1710 966 24 21 in
1749 966 36 21 the

1267 992 82 23 COAL
1371 994 145 23 DISTRICT
1530 997 39 21 OF
1590 997 159 23 MASSACRE
1768 999 69 22 BAY.

1293 1020 47 21 The
1351 1020 50 22 Sale
1412 1021 44 21 will
1466 1022 49 22 take
1524 1022 63 27 place
1597 1031 25 14 on

1347 1050 24 18 at
1380 1055 42 13 one
1432 1048 92 27 o'clock,
1531 1052 23 18 at
1562 1049 37 21 the
1606 1050 148 22 Auctioneer's
1758 1059 79 20 rooms,

1259 1072 34 21 •of
1299 1072 72 23 whom
1381 1074 86 22 further
1475 1075 129 27 particulars
1612 1083 48 20 may
1668 1077 28 21 be
1706 1077 109 23 obtained.

1459 1114 74 14 TERMS
1548 1114 28 15 AT
1591 1115 58 14 SALE.

1293 1136 55 27 May
1357 1138 36 23 26.
1404 1138 60 21 1843.

1264 1181 184 48 WANTED,
1473 1190 13 14 a
1506 1183 93 22 Servant
1618 1184 25 21 of
1662 1185 114 28 All-work,
1800 1190 39 18 not

1361 1208 72 22 under
1444 1210 33 20 20.
1507 1209 20 21 A
1537 1210 59 27 good
1606 1210 110 23 character
1726 1213 112 26 requisite.

1267 1234 73 27 Apply
1350 1237 23 19 to

1670 1265 44 21 Mr.
1729 1265 81 22 Wade.

1265 1304 92 48 THE
1374 1306 198 23 ADVERTISER
1581 1308 57 22 takes
1647 1309 42 21 this
1700 1310 138 27 opportunity

1340 1332 25 20 of
1373 1333 143 27 acquainting
1525 1333 62 23 those
1597 1335 119 26 gentlemen
1727 1336 70 22 whom
1811 1337 28 21 he

1265 1356 39 22 has
1313 1361 39 18 not
1362 1358 47 22 had
1417 1359 37 21 the
1467 1359 99 28 pleasure
1582 1362 26 20 of
1617 1363 85 26 waiting
1717 1371 65 19 upon,
1794 1364 45 21 and

1264 1383 37 21 the
1321 1384 134 23 inhabitants
1480 1387 26 21 of
1524 1387 135 28 Wellington,
1679 1389 49 21 that
1749 1392 27 19 he
1799 1390 40 21 has

1264 1411 145 22 commenced
1423 1413 38 21 the
1477 1413 98 23 business
1592 1416 23 20 of
1628 1415 147 22 Blacksmith
1794 1417 45 21 and

1265 1436 105 23 Farrier
1387 1439 24 21 in
1426 1439 76 22 Dixon
1517 1441 78 26 Street,
1604 1448 50 15 near
1667 1444 22 19 to
1705 1443 43 20 Mr.
1759 1443 79 21 Catch-

1263 1463 77 27 pool's,
1352 1465 46 21 and
1414 1465 82 28 having
1510 1466 46 22 had
1571 1467 63 22 much
1644 1469 129 26 experience
1783 1470 26 21 of
1820 1470 18 21 it

1263 1496 24 14 m
1298 1490 29 21 all
1342 1491 29 21 its
1386 1491 116 28 branches,
1514 1493 43 21 and
1571 1494 73 22 united
1658 1495 51 22 with
1726 1496 111 21 moderate

1263 1516 98 28 charges,
1380 1517 29 23 he
1424 1518 69 28 hopes
1508 1523 22 18 to
1549 1520 57 22 have
1618 1528 13 14 a
1644 1521 64 22 share
1724 1522 25 21 of
1762 1523 75 26 public

1263 1547 97 23 support.

1290 1575 57 22 N.B.
1348 1587 29 4 —
1378 1576 73 23 Horse
1467 1578 92 27 shoeing
1575 1578 53 23 done
1637 1580 23 21 in
1670 1579 38 22 the
1719 1580 64 22 safest
1794 1581 43 22 and

1263 1604 86 19 neatest
1358 1610 101 16 manner.

1693 1633 33 22 M.
1742 1634 67 24 Quin.

1290 1655 31 22 Te
1331 1656 54 27 Aro,
1397 1657 61 22 June
1469 1658 32 26 17,
1513 1660 60 20 1843.

1487 1703 53 20 For
1554 1703 66 24 Sale,

1263 1734 91 48 THE
1370 1735 143 22 COTTAGE
1528 1736 90 23 situated
1627 1737 24 22 in
1667 1738 97 22 Oriental
1782 1739 53 27 Bay,

1336 1761 45 21 and
1395 1761 69 28 lately
1472 1763 106 27 occupied
1593 1764 26 26 by
1627 1764 37 21 the
1681 1765 154 27 undersigned.

1261 1787 22 21 A
1297 1787 53 27 long
1368 1788 59 22 lease
1446 1789 25 21 of
1487 1789 38 21 the
1539 1790 80 22 section
1633 1797 56 21 upon
1710 1792 68 21 which
1799 1793 37 21 the

1260 1813 69 22 house
1339 1814 76 22 stands
1424 1815 44 22 will
1477 1816 28 21 be
1514 1817 100 26 granted.

1286 1840 69 22 Town
1364 1841 56 22 land
1428 1842 45 21 will
1482 1843 26 21 be
1518 1843 67 21 taken
1594 1843 22 22 in
1623 1844 120 28 exchange.

1287 1867 44 22 For
1338 1867 85 23 further
1432 1869 134 27 particulars,
1578 1869 61 28 apply
1648 1873 22 19 to

1580 1897 90 22 George
1684 1898 87 26 Dutpa,
1786 1906 25 14 or

1578 1930 35 22 W.
1626 1930 28 22 V.
1668 1931 100 22 Brewer

1260 1973 121 25 Country
1395 1973 124 20 Sections
1538 1973 43 21 for
1600 1974 55 21 Sale
1675 1980 36 16 on
1730 1976 105 22 Liberal

1503 1999 100 21 Terms.

1262 2024 163 48 SEVERAL
1460 2025 100 22 Sections
1587 2027 24 21 of
1639 2028 99 27 Country
1764 2029 70 27 Land,

1324 2051 91 27 already
1426 2051 81 22 chosen
1516 2052 23 21 in
1550 2052 37 22 the
1601 2053 87 23 Porirua
1702 2055 88 27 district,
1801 2056 35 21 for

1261 2077 58 27 Sale,
1329 2084 75 15 terms
1414 2085 105 15 liberal.
1547 2079 72 28 Apply
1627 2083 22 19 to

1355 2111 25 22 F.
1395 2112 29 21 A.
1439 2112 169 28 Molesworth,
1621 2114 179 28 Murphy-stu-ct,
1812 2124 20 13 oi

1357 2138 34 21 W.
1408 2138 26 21 V.
1449 2138 106 27 Brewer,
1566 2140 186 23 Manners-street.

1423 2191 58 21 Oil!
1502 2191 68 22 Oil!!
1595 2192 80 22 Oil!?!
1821 2180 14 4 ~

1263 2224 92 48 THE
1371 2224 74 21 BEST
1459 2224 89 22 LAMP
1562 2225 51 21 OIL
1620 2225 22 22 in
1654 2226 138 28 Wellington,
1802 2229 32 21 3s.

1336 2257 40 20 per
1390 2250 70 27 single
1474 2251 81 27 gallon,
1566 2252 43 22 and
1620 2254 30 20 2s.
1668 2253 35 22 9d.
1722 2254 30 27 by
1761 2255 75 26 taking

1263 2277 42 21 five
1315 2277 93 27 gallons,
1416 2281 23 17 at
1449 2278 36 21 the
1496 2279 73 21 Stores
1579 2279 25 21 of

1559 2311 34 21 M.
1607 2311 83 26 Asher,

1621 2342 107 23 Lambtor.
1740 2344 68 24 Quay.

1291 2367 54 26 May
1354 2368 34 25 23,
1401 2368 60 21 1843.

1448 2413 34 21 W.
1499 2413 33 22 M.
1548 2414 101 27 SMITH,

1263 2453 56 14 LATE
1331 2453 235 15 SURVEYOR-GENERAL
1576 2454 28 14 TO
1614 2454 42 15 THE
1671 2455 49 14 NEW
1735 2456 102 13 ZEALAND

1497 2480 112 20 COMPANY,

1290 2504 142 26 Surveyor,
1447 2504 204 27 Draughtsman,
1667 2507 53 19 and
1735 2507 74 20 Land

1505 2532 99 26 Agent.

1263 2561 176 28 Tinakori-road,
1450 2562 100 27 January
1562 2565 19 24 4,
1595 2565 55 20 1843.

1475 2608 21 21 J.
1526 2608 102 26 BIRD,

1263 2640 231 26 Cabinet-maker,
1510 2641 178 26 Upholsterer,
1708 2643 21 21 &
1752 2644 85 26 Paper

1496 2669 117 26 Hanger,

1446 2709 34 14 TE
1504 2709 55 14 ARO
1583 2709 75 20 FLAT,

1265 2735 41 33 ~p
1316 2733 217 23 ESPECTFULLY
1548 2735 77 21 solicits
1640 2743 13 14 a
1667 2735 85 27 portion
1763 2737 26 21 of
1800 2737 37 22 the

1264 2757 51 25 XV
1341 2760 89 22 favours
1441 2761 26 21 of
1474 2761 36 21 the
1525 2765 78 23 gentry
1611 2762 42 22 and
1667 2763 134 23 inhabitants
1816 2765 26 21 of

1265 2786 135 27 Wellington
1411 2787 23 21 in
1449 2788 38 21 the
1501 2788 70 21 above
1588 2789 111 26 branches,
1710 2790 44 21 and
1764 2794 72 23 trusts,

1263 2813 27 27 by
1308 2813 34 21 his
1362 2814 138 22 economical
1519 2815 90 26 charges
1623 2816 44 21 and
1683 2817 114 26 attention,
1815 2820 22 19 to

1263 2840 65 21 merit
1338 2847 13 15 a
1361 2841 148 21 continuance
1520 2841 24 21 of
1552 2841 37 21 the
1599 2849 63 15 same.

1290 2866 50 22 Has
1358 2874 14 14 a
1390 2866 77 22 choice
1486 2867 116 22 collection
1618 2869 23 21 of
1660 2868 55 22 New
1738 2869 99 22 Zealand

1263 2893 79 27 woods,
1373 2893 51 21 well
1453 2894 105 21 seasoned
1569 2902 5 19 ;
1600 2902 12 14 a
1632 2895 41 21 few
1696 2895 41 22 low
1761 2896 76 27 priced

1262 2922 134 19 mattresses.

1289 2946 105 22 Families
1403 2946 83 28 having
1495 2947 58 21 their
1561 2954 47 15 own
1614 2948 108 22 materials
1729 2956 40 14 can
1779 2949 56 21 have

1263 2972 61 22 them
1333 2973 67 22 made
1409 2980 39 20 up.

1288 3006 32 21 Te
1329 3006 47 22 Aro
1387 3007 57 26 Flat,
1455 3007 56 26 May
1521 3008 34 25 12,
1567 3008 56 21 1843.

1431 3052 77 20 Meat
1528 3052 142 26 Company.

1262 3083 91 49 THE
1374 3084 234 28 UNDERSIGNED,
1623 3085 82 28 having
1724 3087 54 21 been
1799 3094 37 20 ap-

1335 3111 90 27 pointed
1441 3111 109 28 Manager
1559 3112 25 21 of
1598 3111 32 23 the
1643 3113 63 21 Meat
1715 3113 120 28 Company,

1261 3136 53 27 begs
1324 3140 22 18 to
1356 3145 118 15 announce
1484 3138 47 22 that
1546 3146 13 14 a
1568 3139 83 26 regular
1659 3140 77 27 supply
1746 3141 24 20 of
1779 3141 56 26 beef,

1261 3166 93 25 mutton,
1376 3165 44 21 and
1437 3165 56 28 pork
1509 3172 52 20 may
1580 3165 76 28 always
1674 3167 28 20 be
1722 3167 115 27 depended

1261 3197 60 20 upon
1332 3194 23 17 at
1365 3191 44 21 this
1418 3191 172 23 establishment.

1251 3238 5 5 ,
1287 3217 34 21 As
1343 3217 45 21 this
1412 3219 114 27 Company
1545 3226 101 24 purposes
1663 3219 79 27 selling
1759 3223 23 18 at
1799 3221 36 20 the

1260 3243 77 22 lowest
1345 3244 72 27 prices
1427 3248 23 18 at
1464 3245 72 21 which
1545 3248 19 18 it
1576 3245 19 22 is
1604 3245 66 22 found
1678 3246 37 21 the
1724 3249 58 19 meat
1795 3254 41 15 can

1260 3269 29 22 be
1299 3269 106 29 afforded,
1416 3271 38 22 the
1463 3271 148 28 undersigned
1618 3272 16 22 is
1648 3273 52 26 only
1709 3273 125 22 authorized

1261 3299 22 18 to
1294 3296 49 27 give
1348 3304 56 20 very
1409 3298 86 22 limited
1505 3299 75 26 credit,
1588 3298 41 22 and
1636 3298 38 22 has
1679 3299 56 21 been
1744 3300 92 21 ordered

1260 3325 23 19 to
1300 3326 47 24 stop
1362 3323 31 23 all
1407 3327 103 19 accounts
1524 3324 73 22 which
1610 3332 33 14 are
1658 3328 47 18 not'
1711 3325 51 27 paid
1776 3334 59 20 upon

1261 3349 101 22 demand.

1287 3375 47 22 The
1343 3377 102 22 business
1454 3377 27 21 of
1488 3377 36 21 the
1535 3377 135 27 Company-is
1679 3378 83 22 carried
1773 3386 28 15 on
1811 3380 23 21 in

1261 3401 57 22 their
1332 3410 49 15 new
1397 3403 107 27 building,
1516 3404 86 23 erected
1617 3404 97 22 between
1733 3405 102 23 France's

1261 3428 68 22 Hotel
1347 3430 45 22 and
1411 3430 37 22 the
1467 3429 57 23 head
1541 3429 25 22 of
1580 3430 35 22 the
1628 3431 54 27 Bay,
1701 3431 44 22 and
1758 3433 77 28 nearly

1261 3455 97 28 opposite
1369 3460 23 18 to
1402 3457 44 22 Mr.
1457 3456 83 28 Lyon's
1550 3457 66 21 Store.

1530 3489 36 22 W.
1580 3490 95 27 Flyger,
1691 3492 115 27 Manager.

1286 3521 130 23 November
1424 3523 34 25 23,
1471 3523 58 20 1842.

1448 3574 83 20 Fresh
1546 3574 98 25 Butter,

1257 3606 162 48 ALWAYS
1435 3614 30 14 on
1479 3607 49 21 Sale
1544 3609 24 19 at
1583 3607 35 22 the
1627 3608 62 22 Meat
1702 3609 130 27 Company's

1335 3633 117 27 premises.

1526 3659 36 23 W.
1577 3660 96 27 Flyger,
1689 3662 113 28 Manager.

1282 3692 160 28 Willis-street,
1453 3694 56 21 Dec.
1520 3695 20 25 2,
1553 3695 58 21 1842.

1494 3739 108 21 Cheese.

1271 3770 19 22 A
1315 3770 119 23 SUPPLY
1442 3771 102 22 received
1551 3772 81 26 weekly
1639 3773 25 21 of
1670 3772 56 22 New
1731 3773 99 23 Zealand

1254 3793 51 25 _tx.
1332 3796 67 23 made
1410 3796 90 28 Cheese,
1507 3797 57 22 from
1573 3798 37 21 the
1616 3799 136 27 Cowpasture
1759 3800 68 28 dairy,

1253 3822 46 22 and
1307 3822 34 22 for
1349 3822 47 23 sale
1406 3826 23 19 at
1444 3823 38 24 the
1491 3824 106 26 premises
1606 3824 21 23 of
1640 3824 36 22 the
1692 3826 63 21 Meat
1764 3827 65 22 Com-

1252 3856 67 20 pany.
1532 3853 4 8 '

1531 3876 35 21 W.
1577 3876 96 28 Flyger,
1684 3877 115 28 Manager.

1279 3901 160 28 Willis-street,
1450 3902 125 22 December
1583 3904 32 26 20,
1625 3904 59 21 1842.

2100 708 124 22 Caution.

1873 740 95 47 THE
1980 741 150 27 undersigned
2145 741 84 28 hereby
2242 743 51 26 give
2308 743 80 27 notice,
2404 743 50 24 that

1949 774 45 20 any
2003 768 84 22 Person
2098 775 25 15 or
2136 768 93 22 Persons
2243 769 70 22 found
2328 770 85 27 cutting
2428 778 26 14 or

1871 793 118 28 removing
2005 801 45 19 any
2067 795 89 21 Timber
2168 795 57 21 from
2243 796 87 22 Section
2349 796 41 22 No.
2399 799 14 19 3
2429 801 24 18 at

1872 818 45 23 Kai
1933 820 79 22 Warra
2026 821 86 27 Warra,
2127 821 55 21 from
2199 821 44 22 and
2262 823 57 21 after
2335 823 43 21 this
2394 823 57 26 date,

1870 845 45 22 will
1925 846 28 21 be
1964 847 135 22 Prosecuted
2115 848 117 27 according
2248 856 24 14 as
2288 849 36 21 the
2338 849 52 22 Law
2399 857 54 20 may

1871 872 79 22 direct.

2242 901 63 21 John
2321 901 101 23 Salmon.

1898 925 60 21 June
1970 926 34 26 23,
2016 926 60 21 1843.

1988 976 43 20 Ex
2046 976 138 24 schooner.

1870 1009 51 47 A
1942 1009 67 21 FEW
2028 1009 80 22 TONS
2130 1010 38 21 OF
2191 1010 189 23 MANAWATU
2401 1013 51 21 PO-

1947 1035 129 27 TATOES,
2091 1036 34 21 for
2139 1036 50 22 Sale
2203 1040 24 18 at

2192 1068 116 22 Wallace
2323 1069 46 21 and
2384 1070 40 21 Co.

1896 1092 60 22 June
1967 1094 34 25 24,
2015 1095 61 20 1843.

2001 1145 183 21 Freemasons'
2201 1147 113 20 Tavern.

1870 1176 68 47 TO
1953 1176 65 27 LET,
2033 1177 54 22 with
2102 1178 127 23 immediate
2244 1180 131 27 possession,
2387 1180 63 22 those

1945 1203 141 22 well-known
2102 1205 44 21 and
2165 1206 151 21 commodious
2335 1207 115 27 premises,

1870 1228 80 21 known
1969 1237 25 13 as
2010 1230 38 21 the
2065 1231 152 22 Freemasons'
2228 1232 93 26 Tavern,
2340 1232 79 23 situate
2428 1234 25 21 in

1869 1255 38 21 the
1917 1259 58 18 most
1984 1256 100 27 thriving
2098 1261 48 23 part
2157 1258 25 21 of
2194 1258 142 27 Wellington,
2348 1260 44 21 and
2401 1267 52 15 now

1870 1281 23 21 in
1913 1282 42 21 full
1973 1282 109 23 husiness.
2117 1284 54 21 This
2189 1284 81 22 affords
2290 1292 26 14 an
2340 1286 112 22 excellent

1870 1309 143 26 opportunity
2023 1312 22 18 to
2055 1317 45 19 any
2109 1317 78 19 person
2200 1311 98 22 desirous
2312 1312 26 21 of
2350 1313 103 27 entering

1869 1334 47 21 into
1932 1342 13 14 a
1962 1335 109 22 lucrative
2092 1336 104 22 business.
2224 1337 48 22 The
2290 1338 104 27 premises
2413 1346 38 15 are

1870 1360 63 22 fitted
1944 1368 29 20 up
1984 1362 53 21 with
2054 1369 66 20 every
2134 1364 108 21 attention
2257 1367 22 18 to
2298 1365 92 22 comfort
2403 1366 48 21 and

1870 1389 157 26 convenience,
2040 1389 46 21 and
2095 1390 36 21 tbe
2146 1390 60 21 stock
2220 1390 46 21 -and
2281 1390 106 23 furniture
2396 1399 54 20 may

1869 1413 29 21 bo
1917 1414 68 22 taken
2006 1418 23 18 at
2044 1423 14 14 a
2075 1416 119 22 valuation.
2221 1417 48 21 The
2288 1417 59 22 lease
2363 1418 44 22 will
2421 1419 29 21 be

1869 1441 95 25 granted
1980 1441 35 22 for
2030 1448 46 21 any
2087 1443 74 26 length
2176 1443 25 22 of
2215 1444 59 26 time,
2290 1444 43 21 and
2349 1444 37 22 the
2399 1448 52 19 rent

1869 1467 124 22 moderate.
2022 1468 75 27 Apply
2107 1472 23 18 to

1893 1498 45 21 Mr.
1950 1498 80 28 Wade,
2042 1507 25 14 or
2077 1500 36 21 the
2121 1500 124 28 Proprietor
2253 1508 28 15 on
2291 1501 37 22 the
2337 1502 113 27 premises.

1869 1529 60 21 June
1943 1531 32 25 16,
1988 1532 60 20 1843.

1869 1579 43 20 Ex
1925 1580 63 26 brig
2190 1582 70 21 from
2275 1583 176 27 Valparaiso.

1877 1615 14 32 1
1905 1614 69 33 O(\
2003 1617 106 23 TONS
2138 1619 146 27 FLOUR,

1863 1650 4 4 •
1874 1643 24 18 •*-
1904 1639 33 22 -S
1940 1639 34 24 V
2003 1644 38 21 131
2056 1644 56 27 bags
2121 1645 85 27 biscuit,

2004 1671 28 20 30
2045 1670 72 23 barrel
2127 1672 56 26 beef,

1950 1697 27 19 10
1992 1703 61 15 cases
2063 1697 87 22 French
2159 1698 59 28 fruit,

1950 1723 27 20 10
1991 1723 43 21 tins
2045 1723 57 23 Chili
2238 1726 60 27 fruit,

1949 1749 14 21 2
1977 1749 54 27 bags
2042 1750 58 22 Chili
2110 1751 74 22 clover
2193 1752 58 27 seed,

1949 1775 28 21 50
1991 1776 69 22 boxes
2070 1777 103 23 Sardinas
2184 1778 37 22 oil.

2018 1810 132 28 Ridgways,
2167 1812 105 27 Guyton,
2289 1813 44 22 and
2349 1814 73 22 Earp.

1896 1839 55 28 May
1961 1842 34 25 30,
2007 1843 61 21 1843.

2035 1892 89 21 Beach
2142 1894 143 27 Frontage.

1870 1924 67 47 TO
1952 1924 40 22 BE
2006 1924 66 28 LET,
2088 1926 69 21 beach
2166 1926 100 30 frontage
2281 1928 42 22 lots
2332 1929 24 22 in
2367 1933 86 19 section

1942 1952 41 19 490
1993 1958 30 14 on
2039 1951 38 22 the
2088 1952 54 21 Plan
2152 1953 26 21 of
2185 1953 37 22 the
2232 1954 67 23 Town
2312 1956 26 21 of
2344 1956 108 28 Welling-

1868 1979 45 22 ton,
1925 1976 116 27 adjoining
2051 1977 43 22 Mr.
2101 1978 88 22 Taine's
2196 1983 67 23 store;
2278 1981 45 21 and
2330 1982 26 20 in
2364 1983 86 21 section

1867 2003 47 26 616,
1922 2003 101 21 between
2031 2004 75 27 Major
2113 2004 90 22 Baker's
2213 2006 44 21 and
2264 2007 44 21 Mr.
2316 2007 134 24 Swainson's

1867 2027 88 23 houses.

1894 2055 56 21 Also
1960 2055 38 21 the
2006 2055 114 29 following
2128 2057 95 22 sections
2233 2065 29 15 on
2270 2058 39 23 the
2316 2060 55 23 Plan
2380 2061 26 21 of
2412 2061 38 22 the

1870 2095 11 7 *
1887 2088 58 20 own,
1955 2082 36 21 viz
1996 2090 5 13 :
2003 2093 28 5 —

1971 2109 27 20 55
2132 2111 41 20 319
2319 2114 41 20 922

1957 2136 42 20 240
2133 2137 40 21 718
2307 2139 54 22 1079

1895 2161 76 27 Apply
1985 2165 23 18 to

2044 2189 26 22 E.
2086 2189 22 22 J.
2123 2190 147 28 Wakefield,
2286 2199 24 14 or

2044 2216 36 20 W.
2095 2216 28 22 V.
2137 2217 106 28 Brewer,
2257 2219 194 23 Manners-street.

1981 2265 43 20 Ex

1870 2297 137 47 CANE
2036 2299 163 22 SEATED
2227 2300 168 28 CHAIRS,

1941 2324 77 27 Fancy
2028 2328 39 24 top
2077 2326 77 26 chairs,

1896 2351 105 27 Rocking
2010 2352 79 27 chairs,

1852 2376 2 26 |
1895 2377 104 22 Whalers
2008 2379 72 26 shoes,

1896 2403 76 22 White
1982 2405 74 21 clover
2065 2405 58 27 seed,

1897 2430 73 22 Hams
1977 2431 46 22 and
2031 2431 120 28 shoulders,

1897 2458 26 20 13
1938 2457 63 22 casks
2011 2465 54 20 very
2075 2460 96 26 superior
2185 2467 78 20 square
2273 2461 31 26 fig
2312 2462 95 27 tobacco,
2422 2464 28 21 20

1869 2483 42 27 figs
1921 2486 22 19 to
1954 2484 38 22 the
2001 2485 84 26 pound.

1896 2517 75 28 Apply
1981 2521 23 18 at
2062 2519 74 21 Stores
2147 2519 25 21 of
2178 2519 37 23 the
2225 2520 156 29 undersigned,

2100 2552 34 23 W.
2150 2554 26 21 B.
2191 2554 95 22 Rhodes
2301 2555 20 21 &
2335 2556 47 26 Co.,
2397 2563 27 15 or

2099 2580 103 22 Johnson
2217 2582 21 20 &
2251 2582 93 21 Moore.

1897 2605 55 26 May
1961 2605 35 26 27,
2008 2606 60 21 1843.

1869 2649 134 21 Valuable
2040 2651 131 20 Freehold
2208 2652 55 21 and
2300 2653 150 21 Leasehold

1922 2676 143 27 Property,
2093 2678 68 20 with
2187 2678 141 22 extensive
2357 2680 94 21 Water

1923 2703 161 27 Frontages,
2099 2704 29 21 in
2142 2705 177 27 Wellington.

1870 2736 68 48 TO
1953 2737 41 21 BE
2008 2737 65 27 LET,
2086 2746 23 14 or
2119 2738 100 27 disposed
2227 2739 24 21 of
2258 2739 33 27 by
2297 2739 86 22 Private
2393 2740 58 28 Sale,

1945 2763 37 21 the
1993 2765 122 26 unexpired
2130 2768 54 19 term
2194 2765 26 21 of
2232 2765 37 22 the
2290 2766 67 22 Lease
2368 2767 25 21 of
2405 2767 49 22 half

1869 2789 26 21 of
1902 2789 69 22 Town
1982 2791 59 21 Acre
2055 2791 43 21 No.
2109 2793 46 25 208,
2166 2791 53 22 with
2234 2792 38 22 the
2288 2793 99 27 splendid
2402 2801 50 19 pro-

1869 2819 63 24 perty
1954 2817 90 21 erected
2074 2817 98 26 thereon,
2196 2818 82 27 having
2307 2819 54 28 deep
2385 2823 68 19 water

1867 2842 103 27 frontage
1990 2846 22 18 to
2030 2843 33 22 Te
2083 2845 46 21 Aro
2149 2845 81 21 Beach.
2258 2845 54 22 This
2330 2847 121 26 important

1869 2869 69 21 Town
1949 2870 126 21 water-side
2091 2873 106 24 property,
2210 2874 22 18 to
2241 2872 45 21 suit
2296 2872 35 21 the
2347 2874 105 21 conveni-

1869 2902 55 14 ence
1935 2896 26 20 of
1968 2896 88 26 parties,
2067 2897 45 21 will
2121 2897 28 21 be
2159 2897 88 21 divided
2257 2905 24 14 as
2290 2899 83 21 follows
2382 2906 4 14 :—:
2388 2911 27 3 —

1896 2923 40 19 Ist.
1951 2921 48 22 The
2011 2922 103 27 building
2127 2923 77 22 known
2221 2931 23 14 as
2260 2924 38 22 the
2311 2925 72 27 Bank,
2397 2926 54 22 with

1869 2947 27 21 its
1907 2947 117 23 inclosure.

1894 2975 53 21 2nd.
1962 2975 48 21 The
2020 2975 61 26 large
2091 2975 152 28 substantially
2251 2977 58 22 built
2316 2978 134 28 warehouse,

1868 3001 92 26 capable
1976 3002 25 20 of
2015 3002 94 27 stowing
2122 3004 41 20 600
2178 3006 50 18 tons
2238 3003 26 21 of
2269 3004 75 27 goods,
2356 3005 43 21 and
2409 3006 41 21 ad-

1869 3028 95 27 mirably
1973 3027 97 28 adapted
2084 3028 33 22 for
2135 3029 28 21 its
2182 3030 156 27 commanding
2354 3032 95 27 position

1867 3054 36 21 for
1917 3062 14 13 a
1946 3055 60 26 large
2022 3055 127 22 mercantile
2165 3056 170 28 establishment,
2346 3058 44 22 and
2399 3066 51 20 par-

1868 3081 103 26 ticularly
1980 3082 35 20 for
2024 3081 38 21 the
2072 3082 84 27 storing
2165 3083 43 21 and
2218 3083 96 28 packing
2324 3085 26 21 of
2356 3085 52 22 flax.

1893 3107 50 22 3rd.
1957 3108 49 22 The
2012 3107 181 28 dwelling-house
2199 3109 45 22 and
2250 3110 73 22 offices
2330 3114 24 18 at
2363 3115 88 24 present

1867 3134 24 21 in
1902 3135 37 21 the
1956 3135 132 26 occupation
2098 3135 26 21 of
2137 3135 60 22 John
2206 3136 78 27 Wade,
2296 3137 60 28 Esq.,
2367 3138 49 22 who
2429 3139 21 21 is

1868 3161 73 21 under
1949 3161 73 21 notice
2032 3165 23 17 to
2065 3161 53 28 quit.
2146 3161 71 23 These
2232 3163 105 27 premises
2352 3172 38 14 are
2398 3165 52 22 well

1868 3187 96 27 adapted
1973 3187 35 21 for
2018 3194 29 15 an
2064 3188 98 22 Auction
2181 3189 73 22 Room
2272 3197 25 15 or
2312 3192 136 26 respectable

1868 3214 76 26 Hotel,
1954 3214 58 21 from
2022 3214 58 22 their
2094 3215 122 28 contiguity
2231 3219 22 19 to
2268 3217 38 21 the
2316 3217 70 26 Bank,
2404 3219 45 21 Ex-

1868 3240 93 27 change,
1968 3240 290 28 andprincipalmercantile
2263 3244 186 27 establishments,

1867 3266 38 22 the
1924 3268 159 26 thoroughfare
2105 3268 89 27 leading
2216 3272 24 18 to
2263 3270 62 22 these
2349 3271 101 22 enviable

1867 3294 106 26 premises
1982 3294 19 20 is
2010 3294 59 27 truly
2079 3295 80 21 named
2171 3295 37 22 the
2226 3295 111 23 Lombard
2347 3298 71 22 Street
2427 3298 26 21 of

1867 3327 41 14 our
1916 3319 71 28 rising
1996 3320 52 28 city.

2129 3356 62 19 ALSO,

1893 3379 49 22 The
1959 3380 78 22 House
2053 3381 46 21 and
2117 3381 114 28 Premises,
2243 3382 105 27 freehold,
2366 3382 82 23 known

1866 3412 24 16 as
1901 3406 44 22 Mr.
1956 3407 72 21 Jabez
2037 3407 87 22 Allen's
2135 3409 68 26 Store,
2216 3416 28 14 on
2259 3410 187 26 Lambton-quay.

1893 3432 53 22 Two
1962 3433 103 28 building
2083 3435 63 27 plots,
2163 3436 11 24 i
2190 3436 26 21 of
2229 3443 28 14 an
2272 3443 49 14 acre
2337 3435 61 27 each,
2417 3443 29 15 on

1865 3458 123 23 Thorndon
1994 3461 57 26 Flat,
2059 3461 100 27 together
2164 3461 52 22 with
2225 3462 67 21 about
2300 3462 26 21 50
2333 3462 112 22 suburban

1865 3485 129 23 allotments
2008 3487 123 22 iniWade's
2147 3488 73 27 Town,
2232 3489 26 20 10
2267 3495 59 14 acres
2335 3490 23 19 at
2368 3488 76 28 Ohiro,

1864 3512 50 32 and;
1919 3513 87 22 several
2022 3514 98 27 Country
2135 3514 99 21 Sections
2242 3515 23 20 in
2281 3514 36 21 the
2330 3514 113 28 Harbour,

1864 3538 99 28 Wainui,
1975 3540 137 27 Manawatu,
2123 3541 43 21 and
2175 3541 126 26 Wanganui
2310 3540 101 23 districts.

1891 3565 45 23 For
1945 3566 85 22 further
2044 3567 132 27 particulars,
2194 3566 66 27 apply
2276 3570 23 18 to
2313 3566 37 22 the
2364 3568 82 22 under-

1863 3591 79 28 signed

2192 3619 26 21 B.
2234 3619 94 22 Rhodes
2342 3620 22 22 &
2378 3621 38 22 Co.

1852 3664 3 8 ,
1889 3645 58 27 May
1956 3648 20 23 9,
1989 3647 60 21 1843.
2204 3643 3 4 '

2011 3691 40 20 To
2065 3691 33 20 be
2112 3690 64 20 Sold
2196 3695 29 15 or
2238 3690 59 21 Let.

1860 3722 94 21 nnWO
1968 3721 101 22 Wooden
2079 3720 93 26 Houses,
2183 3726 28 15 on
2218 3718 38 23 the
2261 3719 183 29 Tinakore-road,

1869 3742 25 27 J.
1937 3748 38 22 the
1994 3747 83 23 second
2095 3753 51 15 acre
2164 3746 57 21 from
2241 3746 92 28 Captain
2352 3747 94 23 Smith's

1904 3774 131 26 containing
2048 3773 50 21 four
2105 3779 73 15 rooms
2188 3771 46 23 and
2246 3780 15 15 a
2272 3780 100 22 passage;
2389 3775 56 22 each

1860 3800 52 22 with
1931 3800 51 22 zinc
1999 3799 67 24 roofs,
2092 3798 44 22 and
2157 3798 25 22 in
2204 3805 69 22 every
2281 3805 96 23 .respect
2394 3802 52 22 well

1858 3827 103 25 finished.
1989 3826 106 21 Terms—
2095 3825 24 22 lf
2126 3824 54 28 sold,
2190 3825 60 23 £150
2260 3826 37 23 for
2299 3828 57 21 each
2360 3828 79 26 house,

1857 3853 20 22 if
1888 3853 39 26 let,
1938 3853 31 22 £1
1980 3859 40 20 per
2029 3851 64 23 week
2100 3852 39 22 for.
2144 3851 56 23 each
2207 3852 82 23 house;-
2297 3875 3 3 .
2312 3853 82 32 Apply,
2398 3857 24 19 to
2448 3873 4 4 .

2248 3887 75 22 James
2337 3888 81 22 Watt.

1869 3912 146 26 Wellington,
2024 3909 59 26 Nov.
2093 3912 33 26 27,
2136 3913 59 21 1841.
