2540 3989
1322 1115 49 23 The
1383 1114 100 24 creation
1498 1113 24 23 of
1538 1120 29 16 an
1586 1112 152 31 independent
1755 1117 76 24 power
1850 1111 23 21 in

1287 1155 45 23 this
1345 1160 66 21 town,
1423 1153 36 23 for
1478 1153 30 23 all
1527 1157 95 18 matters
1642 1152 23 22 of
1682 1159 14 15 a
1715 1150 81 31 purely
1815 1149 58 23 local

1287 1196 122 26 character,
1434 1194 20 22 is
1477 1193 26 23 of
1522 1192 39 24 the
1583 1192 51 22 first
1655 1192 146 30 importance.
1838 1190 35 22 To

1287 1235 56 23 have
1367 1232 123 25 submitted
1510 1240 29 15 us
1562 1232 22 22 in
1604 1231 56 23 such
1677 1236 95 18 matters
1791 1235 22 17 to
1837 1229 38 23 the

1289 1274 64 31 tardy
1364 1273 45 23 and
1428 1273 111 23 reluctant
1557 1271 127 30 legislation
1696 1270 26 23 of
1731 1279 13 13 a
1756 1270 67 29 body,
1837 1269 38 23 ill-

1289 1313 110 24 informed
1417 1313 25 22 of
1458 1320 41 15 our
1517 1317 79 22 wants,
1614 1311 45 23 and
1677 1310 101 31 possibly
1790 1309 85 30 feeling

1287 1354 59 23 little
1364 1353 120 31 sympathy
1497 1352 54 22 with
1564 1359 40 15 our
1619 1351 93 27 desires,
1726 1350 72 23 would
1818 1350 57 22 have

1289 1393 99 31 exposed
1411 1393 38 23 the
1468 1392 130 23 settlement
1621 1397 23 16 to
1664 1389 156 24 innumerable
1840 1390 35 21 in-

1289 1434 170 22 conveniences.
1497 1432 34 23 To
1553 1432 61 22 Lord
1637 1430 59 24 John
1721 1430 95 23 Russell
1834 1437 41 14 our

1290 1479 103 17 warmest
1409 1472 85 23 thanks
1510 1480 37 14 are
1560 1472 42 22 due
1614 1471 35 23 for
1668 1471 37 22 the
1723 1469 153 31 promptitude

1290 1513 53 23 with
1361 1513 73 22 which
1454 1513 28 21 he
1500 1512 41 22 has
1559 1511 118 23 furnished
1701 1510 37 23 the
1757 1517 78 16 means
1854 1510 24 21 of

1290 1552 107 31 avoiding
1416 1553 63 22 these
1498 1552 194 26 inconveniences,
1713 1550 44 23 aud
1780 1552 35 21 lor
1840 1549 37 23 the

1290 1593 111 30 liberality
1415 1592 117 31 displayed
1544 1592 24 22 in
1586 1592 97 30 placing,
1696 1591 20 22 if
1725 1595 40 18 not
1778 1590 64 29 fully,
1854 1594 24 17 at

1291 1633 58 23 least
1371 1637 22 18 to
1412 1640 14 14 a
1449 1633 61 29 large
1531 1637 84 22 extent,
1635 1630 36 23 the
1690 1630 87 23 control
1795 1631 25 20 of
1837 1637 40 14 our

1292 1673 87 30 destiny
1401 1673 24 21 in
1445 1679 42 15 our
1504 1679 51 14 own
1578 1670 79 23 hands.
1694 1670 30 28 If,
1745 1677 25 15 as
1788 1677 33 15 we
1840 1677 37 14 are

1292 1713 75 23 bound
1385 1718 22 17 to
1428 1712 92 28 believe,
1539 1711 37 23 the
1595 1711 146 22 instructions
1759 1710 119 23 furnished

1292 1754 30 29 by
1334 1754 35 22 his
1380 1752 102 30 lordship
1491 1756 21 18 to
1526 1752 97 29 Captain
1637 1750 95 23 Hobson
1741 1757 38 15 are
1792 1750 86 22 carriod

1940 1703 51 23 The
2014 1701 112 23 schooner
2145 1701 111 30 Lapwing
2275 1701 91 23 arrived
2383 1701 56 23 from
2453 1701 33 25 the

1906 1742 48 17 east
1966 1741 63 18 coast
2041 1743 27 14 on
2083 1734 142 30 Wednesday
2239 1739 52 18 last.
2335 1734 76 24 While
2430 1736 56 22 there

1907 1769 40 23 she
1960 1769 38 23 101
2001 1769 33 23 lin
2047 1768 52 22 with
2113 1767 38 23 the
2160 1768 108 22 schooner
2276 1766 67 31 Sally
2349 1767 60 29 Ann,
2418 1768 68 24 which

1908 1802 100 30 recently
2032 1801 40 22 left
2096 1800 38 23 the
2159 1800 47 30 Bay
2231 1800 24 23 of
2282 1800 100 29 Islands,
2406 1808 24 16 or
2452 1801 34 23 the

1908 1835 109 26 Thames!,
2034 1835 45 21 aud
2099 1841 25 15 as
2144 1834 40 22 she
2204 1841 44 15 was
2266 1838 40 18 not
2322 1834 89 31 coming
2428 1834 57 28 here,

1908 1868 88 23 handed
2010 1874 51 15 over
2078 1875 14 14 a
2110 1867 53 22 mail
2185 1867 40 22 she
2249 1867 44 22 had
2314 1874 29 15 on
2367 1867 67 23 board
2456 1869 30 22 ior

1910 1901 55 23 Port
1980 1901 132 23 Nicholson.
2159 1900 40 22 We
2218 1900 89 22 confess
2326 1907 33 15 we
2376 1900 41 23 feel
2430 1900 57 24 there

1908 1940 61 17 must
1983 1935 26 22 be
2023 1941 54 23 very
2087 1938 65 26 great
2164 1933 144 22 iudiii'erence
2321 1940 28 15 on
2361 1933 38 22 the
2408 1939 49 25 part
2468 1934 21 23 of

1909 1968 37 22 the
1959 1971 51 26 post
2023 1967 64 22 oflice
2099 1974 25 14 as
2138 1971 22 17 to
2173 1967 36 21 the
2221 1967 46 21 fate
2286 1966 27 22 of
2329 1966 37 22 the
2384 1966 71 28 mails,
2473 1967 16 23 if

1909 2005 51 25 they
1973 2001 52 22 thus
2038 1999 51 31 ship
2103 2000 61 22 them
2176 2000 23 21 in
2212 1999 86 22 vessels
2308 1998 37 24 the
2359 1999 128 24 destination

1909 2035 25 21 of
1949 2032 73 24 which
2035 2034 19 20 is
2066 2034 61 28 quite
2140 2034 125 21 uncertain.

1944 2066 91 23 Letteis
2049 2065 27 29 by
2092 2065 44 23 this
2150 2066 51 21 mail
2220 2072 118 16 announce
2358 2065 38 23 the
2411 2066 76 23 arrival

1910 2105 23 17 at
1946 2100 37 21 the
1996 2097 49 31 Biiy
2058 2099 24 20 of
2099 2098 91 22 Islands
2202 2105 24 15 or
2239 2103 22 17 at
2279 2097 125 24 Auckland
2416 2099 24 21 of
2453 2098 34 23 the

1910 2131 64 24 Earl
1990 2131 30 30 of
2032 2129 122 29 Lonsdale,
2173 2136 55 17 irom
2243 2131 100 30 Sydney,
2364 2131 52 23 with
2433 2131 54 30 sixty

1910 2171 144 24 passengers.
2097 2163 51 23 The
2159 2162 131 30 Elizabeth,
2305 2164 57 22 from
2374 2164 43 23 this
2435 2170 52 25 port,

1911 2199 42 21 lia<l
1965 2196 89 24 arrived
2066 2202 24 17 at
2101 2196 130 27 Auckland,
2251 2197 46 22 and
2316 2197 37 23 the
2365 2197 58 30 good
2433 2197 56 23 lolks

1911 2231 64 23 there
1988 2237 56 15 were
2057 2231 23 21 in
2097 2230 56 30 high
2170 2230 76 30 spirits
2265 2234 24 19 at
2307 2229 93 31 hearing
2418 2230 24 23 of
2456 2230 33 23 the

1911 2270 121 17 severance
2052 2263 25 23 of
2099 2263 38 23 the
2160 2263 133 22 connection
2317 2263 98 23 between
2437 2263 51 23 New

1912 2298 73 23 South
1998 2295 78 24 Wales
2094 2296 46 23 and
2159 2296 62 23 these
2242 2296 98 23 Islands.
2388 2296 40 23 We
2446 2296 41 23 also

1911 2331 54 22 hear
1979 2330 47 23 that
2039 2329 37 23 the
2088 2329 58 23 Port
2160 2329 125 23 Nicholson
2303 2329 80 30 people
2400 2336 37 16 are
2454 2329 33 23 de-

1911 2362 103 24 nounced
2025 2362 24 23 in
2061 2362 62 31 right
2134 2362 59 30 good
2204 2368 98 17 earnest.
2339 2362 50 23 The
2396 2362 93 31 hostility

1911 2397 73 23 which
1999 2402 43 16 was
2055 2403 25 15 so
2094 2397 54 29 long
2164 2402 75 16 covert
2254 2396 46 22 aud
2316 2395 146 23 mischievous
2473 2397 16 21 is

1911 2437 49 16 now
1981 2436 65 24 open,
2067 2429 72 22 under
2158 2429 36 22 the
2213 2429 50 22 idea
2280 2429 49 22 that
2341 2428 37 23 the
2390 2436 71 23 power
2471 2433 18 18 to

1911 2463 75 31 injure
2009 2469 20 15 is
2051 2462 129 30 possessed.
2217 2462 51 22 The
2287 2462 120 23 cowardice
2424 2461 65 23 which

1912 2497 36 22 led
1960 2502 23 17 to
1995 2503 90 22 secresy
2099 2496 53 26 will,
2171 2502 30 15 we
2221 2495 69 22 doubt
2310 2502 46 20 not,
2374 2502 49 15 now
2440 2495 17 22 it
2472 2495 17 22 is

1912 2528 103 32 replaced
2029 2529 27 29 by
2070 2536 14 14 a
2099 2528 155 30 questionable
2273 2528 56 22 kind
2349 2528 25 23 of
2393 2535 94 22 courage,

1912 2564 50 22 lead
1976 2569 22 17 to
2011 2568 47 16 acts
2078 2563 24 21 of
2124 2561 106 23 rashness
2248 2562 107 30 carrying
2373 2561 57 23 their
2447 2568 42 15 own

1913 2596 108 22 antidote.

1946 2629 52 23 The
2013 2627 109 31 Lapwing
2134 2628 70 30 spoke
2218 2627 37 24 the
2273 2627 123 24 American
2415 2625 76 24 whaler

1913 2662 89 23 Triton.
2039 2662 50 22 The
2101 2669 90 22 greater
2202 2667 51 25 part
2264 2662 27 22 of
2311 2661 37 22 the
2367 2668 56 16 crew
2440 2667 51 16 were

1913 2694 101 25 disabled
2023 2695 27 29 by
2059 2702 91 23 scurvy,
2159 2695 42 22 and
2213 2694 47 23 Mr.
2269 2694 142 28 M'Farlane,
2418 2699 71 24 super-

1913 2736 68 23 cargo
1995 2730 24 21 of
2034 2728 38 22 the
2084 2728 117 27 schooner,
2214 2727 117 23 remained
2345 2735 28 15 on
2388 2726 68 23 board
2471 2730 18 18 to

1914 2768 69 17 assi&t
1995 2761 38 23 the
2046 2761 99 30 Captain
2155 2761 24 22 in
2192 2761 106 30 bringing
2310 2760 35 23 his
2362 2759 70 24 vessel
2449 2759 40 23 into

1915 2796 57 22 Port
1981 2794 133 24 Nicholson.
2152 2794 49 22 The
2211 2794 85 22 vessels
2305 2793 78 30 parted
2390 2799 100 24 company

1914 2836 28 15 on
1962 2828 108 30 Tuesday
2088 2828 117 22 afternoon
2224 2831 23 19 at
2272 2827 50 23 four
2341 2826 92 27 o'clock,
2451 2825 38 23 and

1914 2862 38 23 the
1966 2860 80 24 Triton,
2062 2860 89 23 arrived
2169 2860 81 30 during
2262 2860 38 23 the
2313 2861 94 29 evening
2419 2859 23 22 of
2456 2857 31 24 the

1913 2895 117 28 following
2044 2893 50 30 day.

1292 1798 40 18 out
1343 1794 24 22 in
1379 1793 38 22 the
1428 1792 67 31 spirit
1513 1792 23 22 in
1550 1791 72 22 which
1635 1791 51 30 they
1699 1797 37 16 are
1748 1789 130 29 conceived,

1293 1834 18 22 it
1322 1833 45 22 will
1385 1832 27 22 be
1431 1832 39 22 the
1489 1831 156 23 Government
1663 1830 76 23 rather
1757 1830 55 22 than
1826 1837 52 15 our-

1293 1873 72 23 selves
1384 1872 49 22 that
1451 1877 62 17 must
1535 1877 69 17 suiter
1629 1870 27 31 by
1675 1870 37 23 the
1732 1870 147 23 unfortunate

1293 1913 106 23 selection
1412 1912 65 22 made
1485 1912 25 22 of
1520 1911 37 23 the
1566 1915 51 26 spot
1623 1910 69 23 which
1703 1910 26 23 he
1738 1910 41 23 has
1787 1910 92 30 design-

1293 1952 27 23 ed
1333 1958 20 16 to
1369 1953 26 21 be
1407 1951 37 23 the
1463 1950 84 32 capital
1565 1951 25 22 of
1607 1950 55 23 New
1682 1950 109 23 Zealand.
1829 1950 51 22 The

1294 1993 54 22 evils
1368 1997 22 17 to
1409 1999 27 15 us
1459 1992 47 22 will
1525 1992 26 22 be
1570 1990 177 23 inconsiderable
1757 1999 7 19 ;
1785 1990 40 23 but
1844 1990 36 23 the

1295 2032 156 22 Government
1468 2036 63 18 must
1548 2031 47 22 lose
1616 2037 51 23 very
1688 2030 67 22 much
1778 2030 57 23 both
1857 2030 24 22 in

1294 2072 85 29 dignity
1394 2071 44 22 aud
1450 2072 123 28 efficiency,
1587 2071 57 22 from
1659 2071 66 29 being
1741 2070 109 29 deprived
1859 2071 22 22 of

1295 2112 37 22 the
1355 2110 155 31 cy-operatiou
1535 2110 44 22 and
1602 2115 95 25 support
1718 2110 25 21 of
1765 2110 37 22 the
1822 2114 59 18 most

1294 2158 122 16 numerous
1430 2149 43 23 aud
1490 2150 96 30 wealthy
1598 2155 138 24 community
1754 2150 24 21 of
1794 2149 87 23 British

1294 2190 100 31 subjects
1407 2189 137 24 established
1557 2191 21 20 in
1592 2189 62 23 these
1666 2189 101 23 Islands.

1329 2231 50 22 The
1398 2230 62 23 chief
1475 2237 98 23 purpose
1592 2230 26 22 of
1635 2230 36 22 the
1691 2230 100 29 meeting
1809 2230 21 21 is
1850 2237 32 15 we

1295 2278 104 24 presume
1413 2275 21 18 to
1446 2270 80 23 collect
1539 2270 36 22 the
1588 2270 104 30 opinions
1705 2270 24 22 of
1740 2270 37 21 the
1789 2269 93 23 settlers

1296 2319 24 14 as
1336 2316 21 17 to
1377 2310 37 23 the
1433 2310 127 31 provisions
1572 2310 25 22 of
1614 2310 37 22 the
1671 2309 104 28 Charter,
1789 2317 26 15 so
1835 2308 47 23 that

1297 2350 37 23 the
1344 2350 60 22 draft
1415 2350 121 30 presented
1549 2354 20 19 to
1583 2350 38 22 the
1635 2349 137 31 Legislative
1786 2349 96 23 Council

1296 2398 48 23 may
1359 2395 117 25 represent
1487 2390 56 30 fully
1557 2390 36 23 the
1613 2390 84 23 desires
1709 2390 25 22 of
1751 2390 66 22 tho*e
1834 2389 48 23 who

1296 2440 38 15 are
1347 2437 20 17 to
1382 2432 26 21 be
1419 2430 75 23 bound
1507 2430 29 30 by
1549 2430 28 22 its
1595 2430 123 30 operation,
1733 2429 45 23 and
1797 2430 86 22 instru-

1297 2472 83 23 mental
1391 2472 24 21 in
1434 2471 105 29 carrying
1551 2470 17 23 it
1586 2470 47 23 into
1652 2472 72 21 etiect.
1768 2469 35 23 Of
1819 2470 64 23 these

1298 2512 125 31 provisions
1442 2511 55 22 such
1510 2518 25 15 as
1547 2510 58 23 refer
1622 2516 22 17 to
1656 2510 38 23 the
1712 2517 61 16 mere
1786 2510 97 23 internal

1299 2552 136 31 regulations
1453 2552 25 22 of
1496 2550 38 23 the
1553 2555 67 23 town,
1633 2555 22 18 to
1668 2550 38 23 the
1725 2556 160 25 management

1298 2596 19 20 oi
1337 2593 38 22 the
1391 2592 82 30 police,
1485 2590 45 23 and
1543 2596 21 17 to
1584 2591 39 22 the
1641 2591 106 30 lighting,
1762 2591 121 30 watching,

1298 2640 89 23 paving,
1407 2632 52 28 &c,
1475 2630 44 23 will
1531 2630 26 23 be
1578 2630 85 23 similar
1683 2636 22 17 to
1727 2630 65 23 those
1811 2631 71 22 which

1297 2674 56 21 have
1367 2673 55 22 been
1440 2670 97 32 adopted
1550 2671 21 22 in
1591 2670 38 23 the
1642 2670 97 31 English
1757 2670 127 31 Municipal

1299 2713 148 30 Corporation
1466 2713 54 26 Act,
1540 2711 44 22 and
1603 2710 72 24 which
1696 2719 57 15 were
1771 2712 114 30 proposed

1300 2754 27 28 by
1357 2753 38 22 tUr
1426 2752 91 30 George
1543 2752 74 30 Gipps
1645 2751 37 23 for
1710 2751 39 23 the
1779 2757 59 18 town
1863 2752 24 23 of

1299 2794 99 29 Sydney.
1436 2792 47 23 But
1494 2791 63 24 these
1568 2793 83 29 points,
1658 2792 88 30 though
1757 2799 127 25 necessary,

1299 2841 35 15 are
1348 2832 46 23 still
1406 2832 147 23 insufficient.
1588 2832 52 23 The
1658 2832 108 22 situation
1786 2832 26 23 of
1830 2832 56 23 Port

1300 2872 123 23 Nicholson
1444 2879 24 16 as
1481 2871 38 23 the
1538 2875 48 19 seat
1605 2871 22 23 oi
1645 2879 30 15 an
1693 2872 117 23 extensive
1824 2880 61 15 com-

1947 2945 36 23 At
2000 2950 13 16 a
2025 2944 101 30 meeting
2145 2943 50 24 held
2214 2949 23 17 at
2253 2944 39 23 the
2312 2942 123 31 Exchange
2452 2940 36 24 and

1914 2977 107 29 Library,
2034 2977 23 22 ot
2069 2978 86 21 certain
2166 2978 24 22 of
2207 2977 37 23 the
2256 2977 137 22 inhabitants
2406 2975 24 22 of
2440 2974 48 23 Port

1915 3010 134 27 Nicholson,
2068 3011 37 21 lor
2124 3010 38 22 the
2185 3018 97 23 purpose
2306 3010 25 22 of
2352 3009 77 30 taking
2448 3008 40 21 into

1915 3043 165 24 consideration
2101 3043 38 22 the
2157 3044 140 30 expediency
2311 3043 25 23 of
2350 3042 114 31 preparing
2478 3047 10 14 a

1915 3077 59 23 draft
1992 3076 25 22 of
2033 3084 13 14 a
2066 3076 97 22 Charter
2180 3077 26 22 of
2221 3076 170 31 Incorporation
2409 3075 31 22 for
2457 3072 30 23 the

1915 3110 89 23 district
2016 3109 24 22 of
2051 3109 57 22 Port
2122 3109 132 28 Nicholson,
2262 3109 45 23 and
2319 3108 130 30 submitting
2458 3105 30 23 the

1915 3151 63 15 same
1990 3147 22 17 to
2026 3142 37 22 the
2077 3142 118 22 Governor
2209 3144 23 20 in
2246 3142 104 23 Council.

1950 3176 24 23 It
1985 3182 45 15 was
2042 3175 110 30 proposed
2165 3175 27 29 by
2203 3175 95 23 Colonel
2308 3172 129 29 Wakefield,
2449 3171 39 23 that

1915 3209 45 23 Dr.
1974 3208 80 23 Evans
2073 3207 53 24 take
2145 3208 36 23 the
2194 3208 71 23 chair.
2281 3222 5 5 -
2302 3208 44 23 Dr.
2357 3207 75 23 Evans
2444 3204 43 23 then

1915 3241 74 24 stated
2008 3240 39 24 the
2066 3240 87 32 objects
2173 3241 26 23 of
2216 3241 38 23 the
2266 3241 108 30 meeting,
2386 3239 42 23 and
2447 3236 39 24 Mr.

1917 3275 97 23 Hanson
2023 3274 53 22 read
2087 3281 63 16 some
2162 3275 146 30 suggestions
2319 3274 35 23 for
2365 3281 13 15 a
2390 3273 98 29 Corpora-

1917 3309 55 22 tion.
2009 3306 71 31 Upon
2103 3306 64 25 these
2185 3315 14 15 a
2219 3307 137 31 lengthened
2378 3303 112 25 discussion

1917 3338 92 30 ensued,
2023 3340 45 23 and
2086 3340 19 23 it
2117 3347 45 16 was
2173 3340 111 28 resolved,
2297 3347 60 24 upon
2369 3338 36 23 the
2416 3336 74 24 motion

1917 3375 24 21 of
1964 3373 48 24 Mr.
2026 3373 103 29 Revans,
2148 3373 112 23 seconded
2280 3374 28 29 by
2328 3372 75 31 Major
2423 3370 66 23 Horn-

1915 3406 83 28 brook,
2017 3406 51 23 that
2089 3406 40 23 the
2150 3406 116 31 following
2289 3406 134 30 gentlemen,
2444 3401 43 26 viz.,

1917 3440 45 23 Dr.
1982 3439 88 28 Evans,
2094 3439 48 24 Mr.
2164 3439 106 28 Hanson,
2295 3439 48 23 Mr.
2362 3438 68 29 Earp,
2450 3434 38 23 Mr.

1918 3472 141 28 Wicksteed,
2073 3471 44 24 and
2137 3472 47 24 Mr.
2197 3472 60 23 John
2277 3471 83 29 Smith,
2373 3471 27 22 do
2414 3469 51 23 form
2480 3473 10 14 a

1918 3505 137 24 Committee
2067 3510 23 18 to
2101 3512 95 24 prepare
2209 3505 37 23 the
2258 3505 60 23 draft
2325 3505 26 22 of
2364 3512 13 14 a
2390 3503 99 29 Corpora-

1919 3540 46 22 tion
1976 3538 36 23 for
2024 3538 39 23 the
2073 3542 61 19 town
2146 3538 43 23 and
2201 3538 89 23 district
2301 3537 25 23 of
2336 3537 56 23 Port
2408 3532 82 26 Nichol-

1917 3579 50 21 son,
1981 3575 22 19 to
2014 3571 29 23 be
2055 3572 123 22 submitted
2191 3575 22 19 to
2225 3578 14 16 a
2249 3570 94 31 general
2353 3569 101 29 meeting.

737 1775 168 24 SHIPPING
927 1773 273 24 INTELLIGENCE.

899 1823 142 21 ARRIVED.

703 1853 60 26 April
781 1853 33 22 28,
825 1853 104 19 schooner
939 1851 107 25 Lapwing.
1061 1851 85 22 Barker,
1157 1849 55 20 from
1229 1849 35 20 the

676 1881 52 19 East
744 1880 65 20 Coast
817 1887 4 16 ;
844 1885 70 20 cargo,
932 1884 73 17 maize,
1023 1878 52 25 pigs,
1097 1877 40 19 and
1157 1880 106 22 potatoes.

677 1908 124 24 Passengers
831 1907 87 19 Messrs.
930 1905 104 20 Plattand
1042 1905 109 19 Cameron.

702 1935 61 26 April
779 1935 35 22 29,
831 1934 47 25 ship
897 1934 81 21 Triton,
996 1933 112 19 American
1123 1931 82 23 whaler,
1224 1931 40 19 3<iO

676 1965 55 20 tons,
744 1962 83 19 Boweu.
840 1964 77 16 master
925 1968 5 16 ;
947 1962 37 24 put
995 1960 21 18 in
1028 1959 33 19 for
1071 1959 56 19 tre.-b.
1138 1959 126 25 provisions,

676 1992 47 20 &c,
735 1995 53 14 crew
807 1988 31 20 ill.
941 1987 79 19 barrels
1038 1987 68 22 black,
1124 1987 41 19 225
1188 1986 77 20 barrels

675 2023 67 19 sperm
755 2016 36 23 oil,
800 2016 40 19 and
853 2016 23 19 10
887 2019 49 15 tons
943 2014 62 20 bone.

705 2045 60 18 Same
776 2043 45 26 day,
834 2042 46 26 brig
890 2042 109 22 Porteuia,
1012 2041 54 19 from
1077 2042 36 18 tfie
1123 2040 97 20 Thames.

914 2085 115 20 SAILED.

704 2114 60 26 April
775 2114 33 23 25,
819 2114 106 19 schooner
929 2114 20 18 A
953 2114 47 19 rzel,
1010 2112 87 22 Morris,
1106 2111 32 19 for
1148 2110 116 20 Auckland.

902 2158 32 20 IN
951 2157 85 20 PORT.

734 2187 80 26 Barque
824 2187 61 23 Lady
896 2186 93 23 Nugent,
1003 2186 83 23 Santry.

825 2213 128 25 Brougham,
965 2212 127 20 Kettlewell.

733 2242 107 20 Schooner
852 2242 69 22 Eliza,
934 2240 101 20 bhendan

843 2269 73 23 Bailey
936 2267 95 20 Si-iclair.

844 2296 93 20 Success*
950 2294 126 20 M'Farlane.

845 2322 58 21 Sand
917 2322 44 25 Fly.

733 2352 81 25 Barque
826 2351 104 24 Olympus,
945 2349 76 19 White.

733 2380 107 19 Schooner
850 2378 109 24 Lapwing,
973 2375 85 20 Barker.

734 2406 50 25 Ship
799 2406 81 21 Triton,
890 2404 84 19 ttowen.

734 2434 50 24 Brig
796 2432 108 21 Portenia.

704 2488 45 19 The
762 2488 74 19 Triton
854 2486 65 24 spoke
930 2491 13 13 a
959 2484 135 19 Launce^ton
1111 2482 77 20 whaler
1198 2482 23 20 in
1231 2482 37 20 the

679 2516 83 22 Straits,
776 2519 38 15 two
825 2514 85 19 months
919 2515 44 20 out,
976 2512 40 19 200
1026 2510 78 20 barrels
1118 2510 36 19 oil.

704 2542 68 20 Three
782 2542 77 19 vessels
871 2547 51 13 were
934 2538 96 27 reported
1045 2539 30 18 off
1094 2538 34 19 the
1144 2538 62 19 heads
1221 2543 46 20 yes-

678 2569 73 23 terday
761 2569 119 20 afternoon.

774 2616 278 19 METEOROLOGICAL
1067 2615 103 20 TABLE.

692 2648 44 19 For
744 2647 35 20 the
789 2647 55 19 week
854 2646 74 24 endiwj
941 2644 116 25 Thursday,
1069 2644 64 25 April
1144 2644 35 21 29,
1193 2644 61 19 1841.

1019 3245 124 17 111-.MAK.KS.

683 3268 82 20 Fiiday...
803 3267 11 15 8
883 3266 16 17 L
946 3265 26 17 air
979 3265 36 17 and
1022 3266 35 16 line
1065 3266 85 17 weather.

805 3287 53 20 Ip.m.
886 3287 50 16 Calm
944 3288 14 14 &
967 3287 41 15 line.

804 3309 10 14 5
886 3307 50 17 Calm
944 3308 35 15 and
989 3311 42 16 very
1038 3307 41 16 fine.

683 3330 30 17 Sat
805 3329 11 15 8
886 3328 51 17 Calm
945 3328 36 16 and
990 3331 41 17 very
1040 3328 36 16 fine
1083 3328 84 17 weather.

804 3349 55 21 Ip.m.
887 3349 92 17 Moderate
987 3348 26 17 air
1020 3349 36 16 and
1064 3352 42 16 very
1113 3349 43 16 fine.

805 3371 10 14 5
930 3368 32 17 Do.
1006 3368 32 17 Do.
1085 3369 29 16 Do.

683 3391 83 20 Sunday..
805 3391 11 15 8
929 3389 33 16 Do.
1006 3389 33 16 Do.
1083 3389 32 17 Do.

806 3411 53 20 Ip.m.
930 3410 32 16 Do.
1007 3409 32 17 Do.
1083 3410 32 18 D_o.

805 3432 11 16 5
929 3429 33 17 Do.
1007 3430 32 16 Do.
1083 3431 32 15 Do.

683 3453 83 20 Monday.
805 3453 11 15 8
887 3451 49 17 Mod.
944 3452 67 16 breeze,
1017 3450 69 21 cloudy,
1093 3450 90 22 inclining
1191 3453 19 16 to
1217 3453 46 17 rain.

806 3473 53 20 Ip.m.
930 3471 33 17 Do.
1006 3471 33 17 Do.
1103 3472 32 16 but
1144 3472 42 16 fine.

805 3494 10 15 5
930 3492 33 17 Do.
1007 3492 33 16 Do.
1103 3492 86 22 showery.

684 3514 82 21 Tuesday
805 3514 11 16 8
886 3512 55 21 Light
948 3512 26 17 air
981 3513 36 16 and
1024 3512 47 16 rain.
1092 3512 48 18 Rain
1148 3515 18 15 at
1172 3513 60 21 night.

806 3535 52 19 Ip.m.
882 3533 54 23 jCalni
944 3533 35 16 and
988 3533 88 21 showery.

805 3556 11 14 5
882 3549 3 24 !
929 3554 33 17 Dj.
1006 3553 33 17 Do.

684 3575 43 17 Wed
805 3575 11 16 8
882 3575 55 19 .Calm
946 3575 35 16 and
990 3573 41 18 fine.

806 3596 53 20 Ip.m.
887 3595 54 20 Light
948 3594 27 17 air
981 3595 35 16 and
1023 3594 57 21 misty
1087 3594 36 17 fall.

805 3617 11 15 5
882 3612 3 22 I
930 3615 33 17 Do.
1007 3615 33 16 Do.
1084 3615 73 21 Cloudy.

683 3636 60 17 Thurs
749 3648 17 5 ...
806 3637 10 15 8
888 3636 65 20 Strong
960 3636 40 19 gale
1005 3635 23 17 all
1036 3635 56 20 night,
1102 3636 41 16 rain
1156 3636 13 16 &
1176 3636 97 21 lightning.

806 3657 53 20 Ip.m.
930 3656 33 16 Do.
1007 3655 33 17 Do.
1062 3656 23 15 vri
1094 3657 12 15 h
1113 3657 74 20 beating
1195 3658 78 16 showeis

805 3678 11 15 5
930 3676 33 17 Do.
1007 3676 33 17 Do.
1084 3676 33 16 Do.

859 3714 119 22 LATEST
991 3714 110 21 DATES.

1951 3613 45 26 We
2012 3614 141 24 understand
2172 3615 37 23 the
2228 3615 89 22 natives
2334 3621 29 15 on
2385 3612 36 23 the
2439 3610 52 22 coast

1917 3648 59 23 have
1997 3646 59 25 been
2077 3647 113 31 behaving
2211 3655 55 23 very
2289 3646 33 25 ill.
2371 3645 63 29 They
2453 3639 36 25 bad

1917 3679 125 33 plundered
2061 3679 38 24 the
2110 3679 87 25 Jeieess
2214 3681 25 22 of
2254 3688 15 14 a
2280 3677 150 26 considerable
2445 3680 43 25 por-

1917 3714 48 23 tion
1978 3712 25 23 of
2011 3712 42 23 her
2064 3712 104 24 valuable
2179 3720 76 24 cargo,
2268 3712 45 24 and
2330 3712 55 23 have
2402 3713 36 20 cut
2453 3704 36 26 and

1917 3746 120 29 destroyed
2049 3753 15 15 a
2073 3746 61 30 good
2150 3750 51 27 part
2213 3746 24 23 of
2253 3746 40 22 the
2310 3744 85 24 vessels
2413 3740 77 32 rigging

1917 3779 45 23 and
1990 3778 65 23 sails.
2101 3778 51 23 The
2178 3779 59 23 Rev.
2262 3778 48 23 Mr.
2336 3775 100 25 Hatfield
2455 3778 33 17 en-

1917 3810 129 25 deavoured
2056 3815 23 18 to
2092 3810 71 24 check
2175 3812 61 22 them
2248 3812 25 22 in
2291 3810 57 24 their
2366 3815 81 19 course,
2457 3805 32 22 but

1918 3844 54 23 with
1992 3842 60 24 little
2075 3851 99 22 success,
2199 3844 88 30 though
2310 3843 39 24 the
2371 3841 81 24 natives
2471 3836 18 22 in

1917 3876 106 31 question
2035 3875 44 24 call
2091 3876 136 24 themselves
2239 3876 162 24 missionaries.
2431 3871 34 29 Up
2467 3875 21 16 on

1917 3910 39 23 the
1977 3908 83 24 arrival
2079 3909 26 23 of
2120 3908 47 25 this
2183 3909 157 28 information,
2358 3904 131 33 twenty-four

1299 2919 80 21 merce,
1393 2912 43 23 and
1449 2911 37 23 the
1506 2917 75 17 ceutiv
1593 2911 26 22 of
1630 2919 14 15 a
1660 2910 64 31 large
1736 2912 149 30 agricultural

1300 2952 93 28 district,
1406 2952 100 30 requires
1518 2951 49 23 that
1579 2951 63 23 other
1652 2958 89 23 powers
1753 2951 55 23 than
1821 2952 65 23 those

1300 2992 113 23 conferred
1429 2999 60 23 upon
1503 2990 105 32 ordinary
1621 2991 169 31 Corporations,
1804 2991 82 24 should

1299 3032 27 22 be
1349 3031 112 23 intrusted
1484 3037 22 16 to
1534 3030 38 23 the
1595 3030 72 23 Town
1692 3030 96 24 Council
1811 3036 23 18 to
1858 3032 27 22 be

1299 3071 119 31 appointed
1431 3071 35 22 for
1484 3070 47 23 this
1548 3070 73 31 place.
1656 3070 50 24 The
1725 3077 162 24 management

1299 3112 26 22 of
1332 3111 39 23 the
1384 3111 104 28 harbour,
1504 3111 51 23 both
1567 3119 24 15 as
1610 3111 93 31 regards
1716 3111 37 24 the
1765 3117 54 25 port
1830 3112 56 23 dues

1301 3157 21 16 to
1343 3151 28 22 be
1381 3151 73 22 levied
1471 3158 61 23 upon
1551 3151 84 22 vessels
1653 3152 105 30 entering
1777 3151 39 23 the
1828 3157 57 25 port,

1299 3191 44 22 anil
1357 3191 38 22 the
1417 3191 138 29 regulations
1574 3194 23 19 to
1610 3190 72 23 which
1694 3190 30 23 all
1742 3191 87 23 vessels
1848 3199 39 15 are

1299 3238 23 17 to
1353 3231 28 24 be
1411 3231 96 30 subject,
1532 3230 51 23 falls
1607 3230 113 31 naturally
1748 3230 78 24 within
1849 3232 38 23 the

1299 3271 115 23 functions
1433 3271 25 22 of
1472 3270 39 23 the
1531 3269 157 31 Corporation.
1724 3269 24 24 It
1765 3271 75 22 would
1859 3272 28 22 be

1301 3312 47 23 also
1360 3311 111 22 desirable
1490 3310 50 23 that
1558 3311 63 22 there
1637 3310 82 24 should
1738 3312 28 23 be
1787 3320 14 15 a
1812 3320 75 24 power

1301 3352 24 22 of
1335 3351 101 29 erecting
1447 3350 142 30 lighthouses
1609 3351 87 31 beyond
1716 3351 39 24 the
1772 3352 73 24 limits
1865 3354 26 23 of

1302 3391 36 22 the
1350 3396 59 25 port,
1427 3391 24 22 in
1468 3389 65 24 order
1551 3390 50 23 that
1612 3390 37 23 the
1668 3392 132 30 navigation
1812 3392 25 23 of
1850 3393 37 23 the

1302 3430 82 23 Straits
1397 3429 80 23 should
1489 3429 28 23 be
1529 3429 108 24 rendered
1647 3431 110 31 perfectly
1765 3432 56 23 safe.
1858 3432 31 24 In

1301 3470 106 30 granting
1429 3469 63 23 these
1515 3477 96 23 powers,
1633 3470 38 23 the
1691 3471 157 24 Government
1866 3473 25 23 of

1303 3511 55 22 New
1381 3509 102 24 Zealand
1505 3510 73 23 would
1605 3511 28 23 be
1662 3511 88 31 strictly
1772 3512 117 32 following

1301 3551 132 31 precedents
1445 3551 118 22 furnished
1575 3551 23 22 in
1611 3551 37 23 the
1661 3559 51 16 case
1731 3551 23 24 of
1772 3552 40 23 the
1829 3558 61 18 most

1301 3591 123 30 important
1459 3591 123 31 Corporate
1613 3594 72 20 towns
1707 3591 26 23 of
1764 3591 123 31 England.;

1303 3630 105 29 London,
1421 3630 130 30 Liverpool,
1564 3631 95 28 Bristol,
1670 3631 68 29 Hull,
1746 3632 46 23 and
1803 3632 85 29 others,

1302 3670 73 23 where
1388 3669 37 24 the
1438 3671 72 22 entire
1522 3674 160 26 management
1692 3671 25 23 of
1731 3671 39 23 the
1781 3676 53 26 port
1845 3671 45 24 and

1302 3710 25 23 of
1336 3709 38 23 the
1391 3709 168 31 neighbouring
1575 3714 82 19 waters
1675 3711 21 22 is
1713 3711 82 31 placed
1812 3712 24 23 in
1851 3712 38 23 the

1301 3749 73 23 hands
1387 3748 24 24 of
1427 3749 65 23 those
1512 3749 169 31 Corporations,
1699 3758 26 16 as
1743 3751 71 30 being
1829 3755 60 20 most

1302 3787 121 25 interested
1435 3789 25 22 in
1471 3788 60 24 their
1541 3789 210 31 superintendence.
1788 3791 56 23 And
1851 3791 38 23 the

1302 3827 140 31 Legislative
1461 3827 97 25 Council
1578 3833 64 19 must
1659 3829 48 23 also
1725 3829 46 24 feel
1793 3829 51 24 that
1865 3831 24 22 in

1301 3867 130 30 delegating
1445 3866 60 24 their
1524 3867 113 32 authority
1652 3869 26 23 in
1695 3868 47 24 this
1755 3869 132 31 particular,

1301 3907 53 31 they
1366 3914 39 16 are
1422 3906 112 32 relieving
1551 3907 136 25 themselves
1705 3908 60 25 from
1783 3916 14 16 a
1814 3909 73 30 heavy

507 70 100 30 THE
626 67 110 32 NEW
755 64 228 33 ZEALAND
1003 60 225 34 GAZETTE
1249 58 101 32 AND
1370 53 326 34 WELLINGTON
1718 49 292 34 SPECTATOR.

1271 132 89 63 New
1389 132 207 63 Zealand
1626 132 237 63 Gazette.

1324 200 66 23 AND
1405 196 211 25 WELLINGTON
1631 195 184 22 SPECTATOR.

1408 252 131 24 Saturday,
1556 250 55 21 May
1628 250 19 25 1,
1663 249 61 21 1841.

1889 131 176 32 responsibility,
2078 129 46 22 and
2135 135 41 16 are
2193 126 119 32 providing
2324 125 35 23 for
2376 124 39 24 the
2433 123 42 25 due

1890 171 118 29 discharge
2027 169 26 23 of
2075 167 75 23 duties
2179 165 72 23 which
2268 165 19 23 it
2305 165 22 22 is
2346 163 130 31 impossible

1891 210 54 31 they
1955 209 67 24 could
2032 205 134 32 adequately
2179 205 66 23 fulfil.

1924 249 106 25 Another
2042 247 59 31 topic
2113 245 25 24 of
2154 252 56 16 even
2229 252 62 15 more
2308 243 108 31 pressing
2427 250 48 16 mo-

1892 294 69 23 ment,
1974 288 44 23 and
2030 287 36 23 the
2080 285 53 30 only
2153 285 59 30 topic
2230 289 23 18 to
2273 282 73 24 which
2366 290 33 15 we
2420 282 54 24 have

1892 336 50 16 now
1951 336 67 23 space
2031 331 21 18 to
2065 325 85 28 advert,
2172 325 20 21 is
2211 323 37 23 the
2267 322 174 24 ad.nitistratioii
2454 323 24 23 of

1889 368 92 32 justice.
2025 365 50 24 The
2093 369 67 26 grant
2179 363 26 23 of
2219 370 13 16 a
2245 362 96 23 Charter
2353 361 25 23 of
2396 361 79 24 Incor-

1894 408 101 30 poration
2007 411 23 19 to
2042 404 45 23 this
2106 409 58 17 town
2178 402 81 23 affords
2277 409 29 15 an
2326 402 151 30 opportunity,

1894 447 73 23 winch
1978 447 19 22 it
2007 443 75 25 would
2093 443 27 23 be
2134 443 23 23 in
2176 442 37 23 the
2232 442 91 29 highest
2342 441 82 30 degree
2436 448 41 16 un-

1897 487 53 22 wise
1974 490 22 19 to
2025 484 62 27 omit,
2112 482 34 23 for
2162 480 120 32 providing
2298 480 40 23 the
2361 487 78 16 means
2458 482 24 22 of

1894 526 108 29 bringing
2012 525 65 22 home
2092 522 86 31 justice
2195 525 23 18 to
2235 527 68 22 every
2322 520 73 22 man's
2416 519 61 25 door.

1896 565 23 23 It
1930 572 45 15 was
1988 562 49 25 said
2048 562 31 31 by
2091 560 63 24 Lord
2175 559 107 28 Erskine,
2296 558 50 23 that
2360 558 39 23 the
2411 558 68 24 whole

1895 604 131 29 machinery
2034 602 25 22 of
2064 602 38 22 the
2110 600 99 31 English
2217 599 156 23 Government
2380 597 99 32 King,

1888 633 2 46 |
1897 644 83 27 Lords,
1993 642 45 24 and
2051 642 134 26 Commons,
2197 638 89 24 existed
2297 638 36 23 for
2341 638 37 23 the
2387 645 94 23 purpose

1897 684 25 22 of
1943 683 108 29 bringing
2074 680 79 23 twelve
2176 687 52 16 men
2246 678 48 23 into
2317 685 15 15 a
2351 677 55 31 jury
2428 677 51 24 box.

1898 722 120 29 Although
2041 720 24 22 in
2087 719 45 23 this
2153 718 83 32 phrase
2259 717 61 23 their
2343 718 19 21 is
2385 717 96 31 perhaps

1898 762 130 29 something
2036 760 23 23 of
2070 760 169 30 exaggeration,
2247 758 19 23 it
2278 762 83 18 cannot
2369 757 27 23 be
2404 757 78 24 denied

1899 802 47 22 that
1959 807 20 17 to
2002 804 87 27 protect
2108 806 84 24 person
2209 797 44 23 and
2268 804 116 23 property,
2404 801 21 18 to
2444 797 38 23 ad-

1899 841 102 24 minister
2020 838 115 32 impartial
2155 838 84 30 justice
2251 837 101 22 between
2371 844 52 15 man
2442 838 42 22 and

1898 889 61 21 man,
1971 886 23 18 to
2006 878 92 33 provide
2112 878 36 23 the
2162 885 76 16 means
2257 877 24 22 of
2301 876 131 30 redressing
2450 877 33 22 in-

1895 921 73 31 juries
1986 919 46 24 and
2050 918 119 30 enforcing
2187 917 82 31 rights,
2289 924 40 15 are
2347 923 83 22 among
2449 917 33 22 the

1899 968 54 23 very
1964 960 95 30 highest
2066 958 25 23 of
2107 958 31 23 all
2146 958 63 22 those
2218 957 74 22 duties
2299 955 75 24 which
2383 955 101 24 Govern-

1899 1004 63 19 ment
1985 1005 47 17 owe
2054 1002 23 18 to
2102 998 29 21 its
2154 997 110 30 subjects.
2323 995 117 28 Hitherto,
2462 997 22 22 in

1900 1040 81 22 almost
2004 1044 68 22 every
2095 1044 43 15 one
2157 1036 26 23 of
2208 1035 63 23 these
2294 1035 143 31 particulars,
2455 1043 30 16 we

1900 1078 57 23 have
1976 1078 57 23 been
2053 1075 106 31 virtually
2179 1075 93 23 without
2290 1082 14 16 a
2324 1074 160 30 Government,

1901 1118 45 23 and
1957 1118 19 23 if
1999 1125 33 15 we
2051 1115 82 24 should
2152 1116 28 22 be
2199 1114 64 24 made
2280 1119 23 19 to
2322 1114 89 31 depend
2428 1122 58 24 upon

1901 1159 38 22 the
1959 1162 76 19 courts
2054 1157 25 22 of
2100 1157 42 22 law
2161 1154 137 24 established
2317 1159 24 18 at
2359 1154 127 30 Auckland',

1904 1206 31 15 we
1946 1198 59 23 shall
2018 1196 45 23 still
2082 1196 29 23 be
2131 1195 106 31 deprived
2255 1195 22 23 of
2302 1194 65 24 these
2386 1195 99 30 benefits,

1903 1238 42 23 and
1959 1238 58 23 shall
2030 1237 42 22 feel
2086 1235 96 31 nothing
2194 1235 25 23 of
2235 1235 158 23 Government
2408 1235 39 22 but
2460 1236 26 22 its

1902 1279 120 22 restraints
2039 1277 45 24 ami
2113 1275 118 24 burthens.
2283 1275 53 23 The
2353 1274 96 24 Charter
2467 1277 22 22 of

1904 1318 171 30 Incorporation
2093 1316 114 31 promised
2228 1320 21 18 to
2263 1315 45 23 this
2320 1315 129 23 settlement
2460 1316 25 30 by

1889 1357 2 5 1
1903 1359 39 22 Sir
1965 1358 93 28 George
2075 1357 74 29 Gripps
2163 1355 72 23 would
2256 1355 57 23 have
2332 1355 105 30 provUud
2456 1356 30 23 for

1904 1398 62 23 these
1979 1397 93 31 objects,
2087 1397 44 22 and
2145 1396 62 23 there
2219 1403 42 15 can
2272 1395 30 23 be
2316 1402 31 16 no
2359 1394 70 24 doubt
2442 1397 42 22 that

1904 1439 17 22 it
1933 1439 19 22 is
1965 1439 37 22 the
2016 1437 112 22 intention
2147 1437 26 22 of
2189 1435 62 24 Lord
2268 1435 63 23 John
2351 1435 95 24 Russell
2464 1441 19 18 to

1904 1486 79 15 secure
1996 1479 60 22 them
2068 1483 22 17 to
2104 1486 34 15 us.
2177 1477 27 23 In
2218 1477 37 23 the
2267 1475 61 24 draft
2336 1476 24 23 of
2370 1484 14 15 a
2394 1475 90 25 Charter

1905 1524 21 17 to
1937 1519 25 22 be
1971 1517 124 24 submitted
2108 1522 21 18 to
2138 1517 37 23 the
2189 1517 98 29 meeting
2301 1515 26 23 of
2337 1515 147 33 Wednesday,

1906 1566 32 15 we
1951 1559 56 22 have
2016 1565 28 15 no
2058 1557 70 23 doubt
2143 1557 47 23 that
2202 1556 110 30 adequate
2323 1556 114 30 provision
2447 1557 39 24 will

1906 1599 26 22 be
1946 1599 64 22 made
2023 1602 21 18 to
2057 1604 79 16 secure
2150 1602 21 17 to
2190 1596 37 23 the
2247 1596 131 23 settlement
2392 1596 44 23 this
2447 1597 38 23 all-

1890 1635 3 7 '
1905 1640 123 30 important
2035 1644 84 24 power.

1313 323 24 23 It
1354 322 46 23 will
1417 322 28 22 be
1464 327 61 21 seen,
1533 320 43 30 -by
1593 326 29 15 an
1643 318 174 23 advertisement
1840 318 24 22 in

1279 362 98 31 to-day's
1389 367 77 24 paper,
1479 359 49 23 that
1539 367 14 14 a
1564 358 76 30 public
1654 358 98 29 meeting
1765 358 18 21 is
1797 362 22 17 to
1837 357 29 22 be

1281 402 52 24 held
1344 409 27 16 on
1383 400 146 30 Wednesday
1540 403 63 23 next,
1618 398 36 22 for
1671 397 38 23 the
1726 405 98 23 purpose
1843 397 25 23 of

1281 442 79 29 taking
1377 442 48 22 into
1447 438 165 24 consideration
1631 437 37 22 the
1686 436 139 31 expediency
1844 437 26 22 of

1281 482 134 28 submitting
1427 484 21 18 to
1462 478 37 23 the
1518 477 119 23 Governor
1649 476 43 23 and
1711 475 98 24 Council
1828 475 38 23 the

1282 521 59 23 draft
1358 520 25 23 of
1398 527 14 16 a
1431 518 96 24 Charter
1545 517 27 23 of
1587 516 170 30 Incorporation
1776 515 35 23 for
1829 515 37 23 the

1281 565 60 18 town
1365 559 25 24 of
1411 558 142 30 Wellington
1574 555 45 24 and
1647 555 37 23 the
1713 555 155 30 surrounding

1282 600 102 27 district,-
1395 598 45 23 and
1454 597 26 23 of
1498 596 104 29 deciding
1617 602 63 23 upon
1689 594 39 23 the
1739 594 129 30 provisions

1283 640 24 22 of
1327 638 55 23 such
1407 637 104 24 Charter.
1558 635 58 23 This
1640 639 48 26 step
1711 635 20 21 is
1758 633 110 23 rendered

1282 685 118 23 necessary
1423 677 31 30 by
1475 675 38 23 the
1530 674 101 32 peculiar
1654 674 98 30 position
1775 673 26 23 of
1823 672 45 24 this

1283 718 128 23 settlement
1421 717 24 22 in
1457 715 114 24 reference
1583 718 23 20 to
1619 713 37 24 the
1675 718 92 25 present
1786 717 49 19 seat
1846 713 26 22 of

1284 757 161 27 Government,
1459 755 45 24 and
1515 755 19 23 is
1547 755 24 22 in
1583 754 44 22 fact
1640 753 37 23 the
1689 752 53 31 only
1755 759 78 16 means
1847 752 25 23 of

1284 797 122 29 informing
1428 795 73 28 those,
1520 798 24 19 to
1562 793 71 23 whom
1657 793 20 22 is
1699 791 112 23 intrusted
1832 791 36 23 the

1285 837 73 22 duties
1376 836 25 22 of
1415 835 130 30 legislating
1563 833 34 23 for
1616 832 59 24 Port
1694 831 133 28 Nicholson,
1847 831 26 21 of

1285 876 38 23 the
1335 880 70 18 wants
1417 874 42 24 and
1472 874 82 22 wishes
1567 873 24 23 of
1600 872 38 24 the
1651 872 147 29 community.
1826 870 44 22 We

1285 919 59 19 trust
1362 915 49 23 that
1434 913 36 25 the
1489 913 100 31 meeting
1607 911 45 24 will
1671 911 27 23 be
1717 910 105 24 attended
1842 910 29 31 by

1285 962 94 23 persons
1398 955 25 23 of
1438 961 68 23 every
1517 953 67 28 class,
1597 951 45 24 and
1659 951 56 28 that,
1729 951 23 22 in
1763 958 14 15 a
1789 955 83 18 matter

1286 994 106 29 affecting
1403 994 24 22 in
1444 1000 31 15 an
1486 992 67 30 equal
1573 992 80 29 degree
1671 991 38 21 the
1728 991 106 21 interests
1849 989 24 22 of

1286 1033 38 28 all,
1343 1040 29 16 no
1395 1037 125 25 symptoms
1541 1030 26 24 of
1582 1030 143 23 indifference
1745 1037 25 14 or
1788 1028 84 30 apathy

1287 1076 45 23 will
1343 1076 28 22 be
1383 1074 115 24 exhibited
1510 1073 29 30 by
1551 1081 53 22 any.

700 2727 46 16 1841.

785 2705 50 16 Time
844 2704 19 16 of

782 2726 86 15 Observa-

802 2748 44 14 tion.

898 2714 53 16 Baro-

893 2737 63 14 meter.

974 2713 84 16 Thermo-

986 2737 62 13 meter.

1112 2716 10 9 =
1133 2713 10 10 3

1091 2727 11 10 c
1112 2729 10 10 =
1133 2726 11 15 2

1088 2756 56 22 5~?;

1187 2722 61 17 Wind.

681 2804 19 18 P.
705 2805 52 19 itlay..

681 2867 31 16 Sal

681 2929 72 19 Sunday
761 2941 3 3 .

682 2990 84 20 Monday.

804 2804 11 15 8

806 2825 52 19 Ip.m.

804 2846 9 14 5

804 2866 11 15 3

806 2887 46 19 lp.m

804 2908 10 14 5

804 2928 11 15 8

806 2948 53 19 Ip.m.

805 2969 10 15 5

806 2990 10 15 8

807 3010 52 20 lp.m.

805 3031 10 14 5

806 3051 10 15 8

806 3071 52 20 lp.m.

805 3093 10 15 5

806 3113 10 15 8

806 3134 54 19 lp.m.

806 3155 10 15 5

806 3175 11 15 8

808 3195 52 19 lp.m.

807 3216 9 15 5

899 2802 57 17 30.074

899 2823 56 16 30.171

899 2843 56 17 30.181

900 2866 19 14 30
927 2865 30 15 333

900 2885 57 16 30.2U0

900 2906 57 16 30.270

900 2927 55 16 30.231

901 2946 58 17 30.202

900 2968 58 15 30.1C0

896 2986 63 17 '30.012

900 3009 58 15 29.932

901 3030 58 15 29.U00

900 3050 59 16 20.882

901 3071 58 15 29.532

901 3091 56 16 29-811

900 3111 59 17 29.812

901 3132 58 17 29.753

902 3153 57 16 29.675

901 3174 20 15 29
931 3174 30 14 853

902 3194 59 16 29.044

902 3214 58 16 29.906

1000 2802 27 16 48.

1000 2824 26 14 faj.

1001 2843 36 16 62.5

1001 2865 36 15 53.5

1001 2885 26 16 64.

1001 2906 8 16 C
1009 2906 18 16 3.

1001 2927 26 15 Hi.

1002 2947 25 15 57.

1001 2968 37 15 0G.5

1002 2988 26 16 60.

1002 3009 25 15 62.

1002 3030 27 15 58.

1002 3050 26 15 59.

1002 3071 27 14 t>2.

1002 3091 37 15 61.5

1003 3112 26 15 US.

1004 3133 26 15 58.

1003 3154 26 14 53.

1002 3174 27 15 45.

1002 3193 27 16 47.

1003 3215 26 15 43.

1097 2824 36 16 0.02

1084 2885 56 16 None.

1084 2948 58 15 None.

1085 3009 57 16 None.

1161 2858 2 20 !

1162 2800 68 17 INoith.

1167 2819 100 24 Nonherly.

1167 2840 91 22 Westeily.

1162 2856 55 22 In.w.

1162 2882 56 17 iN.W.

1166 2903 51 17 A.W.

1168 2923 50 17 N.W.

1168 2944 50 16 W.W.

1167 2965 51 16 N.W.

1168 2986 52 17 N.W.

1169 3007 47 16 West
1228 3009 32 20 rly.

1168 3026 63 19 North.

1169 3048 62 18 Noun.

1171 3069 52 17 West.

1169 3089 51 18 N.W.

1169 3111 63 17 North.

1169 3131 91 22 Westerly.

1169 3153 61 16 South.

1169 3174 61 17 South.

1169 3194 62 17 South.

1169 3215 62 16 South.

682 3051 80 17 Tueida\

1098 3070 37 18 0.47

682 3113 43 17 Wed

1098 3133 37 16 0.10

682 3176 60 15 Thurs
748 3186 18 5 ...

1098 3194 38 16 0.43

685 3744 99 23 London
1050 3742 59 24 Dec.
1131 3745 41 26 20,

685 3777 94 30 Sydney
1051 3776 62 23 Mar.
1150 3778 24 26 4,

684 3810 50 30 Bay
748 3810 24 23 of
787 3809 93 24 Islands
904 3826 6 6 .
920 3810 7 22 '.
1052 3807 57 25 Feb.
1132 3810 41 27 27,

684 3842 54 24 Van
750 3842 120 24 Dieman's
882 3842 68 23 Land
971 3857 57 8 ....
1051 3840 62 24 Mar.
1134 3842 39 28 19,

684 3875 59 24 Port
754 3875 88 30 Phillip
1051 3874 52 23 Jan.
1148 3876 23 27 8,

684 3908 111 24 Adelaide
802 3925 5 6 .
818 3924 5 8 ,
1051 3906 53 25 Jan.
1133 3908 39 29 19,

1199 3746 73 22 1840.

1200 3779 72 21 1841.

1200 3812 72 21 1841.

1200 3844 72 22 1841.

1199 3877 72 22 1841.

1199 3910 73 22 1841.

663 147 164 48 SEVERAL
840 146 70 21 Town
924 144 109 25 Sections,
1050 143 46 21 and
1111 141 147 28 portions^of-

727 174 108 24 Sections,
843 172 35 28 itij
883 174 62 22 .most
960 169 109 22 desirable
1085 169 124 26 situations,
1226 172 22 16 to

664 201 26 20 be
700 200 31 21 let
740 207 29 14 on
779 199 66 21 lease.
1038 217 3 4 .
1110 197 26 25 ,-A
1174 196 5 23 !
1216 208 15 16 y

690 226 44 22 For
742 225 65 27 plans
816 224 46 21 and
871 222 138 29 particulars,
1019 221 67 28 apply
1096 223 39 20 to
1154 223 19 20 3
1176 238 3 9 ,
1205 224 24 12 ''--

810 259 6 5 -
1029 254 6 7 *
1086 247 135 28 RI36TORES'.

806 294 87 21 Town
907 293 86 20 Acres
1007 293 29 18 to
1052 283 101 30 Let^u
1174 301 12 4 ~

664 327 178 49 NUMBERS
856 333 31 15 on
896 325 37 23 the
943 323 238 28 Surveyor-General's
1192 330 57 20 map,

800 355 39 19 199
932 353 44 20 470
1069 351 42 20 288

800 381 40 20 163
934 379 42 19 559
1070 378 42 19 314

800 407 40 19 156
936 405 41 20 196
1071 404 41 20 310

799 433 41 20 423
934 431 43 20 306
1071 430 42 20 424

812 459 28 19 47
935 457 41 21 305
1072 456 40 21 723

799 485 39 20 SGI
937 484 39 20 167
1071 483 41 20 343

692 511 54 22 And
756 518 67 20 many
835 510 74 21 others
918 510 23 20 in
953 509 37 21 the
1000 511 59 18 most
1071 507 108 22 desirable
1195 510 50 24 part

666 537 25 23 of
702 537 37 22 the
751 541 65 18 town.
845 537 45 21 For
899 534 132 29 particulars
1046 534 67 31 apply
1123 537 21 18 to

907 576 19 5 -.
948 576 9 4 -
1064 560 22 22 J.
1097 557 36 24 W.
1143 560 82 22 Child.

694 590 85 27 Petoni,
791 590 58 21 Nov.
859 590 35 25 30,
906 590 61 20 1840.

808 635 87 19 Town
909 634 86 22 Acres
1009 633 29 19 to
1053 633 57 19 Let.

720 666 125 23 UMBERS
856 674 30 14 on
896 666 37 21 the
944 664 240 28 Surveyor-General's
1194 672 58 20 map,

668 687 42 28 1M
782 695 42 20 438
906 694 41 19 553
1030 692 39 21 627
1151 691 40 22 775

694 720 45 23 For
748 719 137 28 particulars,
897 719 66 26 apply
975 722 22 17 to

824 745 35 22 W.
873 744 23 23 B.
909 741 33 26 Br
953 752 62 17 :wer,
1027 744 199 22 barrister-at-law.

853 791 40 20 To
908 791 45 20 the
969 790 104 21 Public.

670 824 118 49 TOWN
806 823 104 26 ACRES,
922 831 24 13 or
955 823 100 27 portions
1069 823 26 21 of
1107 823 68 21 Town
1188 830 66 19 acres,

730 854 23 18 to
762 851 27 20 be
799 850 36 26 let,
852 850 35 21 for
896 850 54 25 long
967 857 24 13 or
1000 849 62 22 short
1071 853 67 18 terms
1148 849 26 22 of
1184 857 70 20 years,

669 878 22 21 in
709 884 67 19 every
786 880 50 23 part
852 876 27 21 of
892 876 146 26 Wellington.

696 904 44 21 For
756 903 129 28 particulars
899 903 67 26 apply
977 906 22 18 to

828 929 34 21 W.
876 929 27 21 V.
914 930 107 25 Brewer,
1031 928 198 23 barrister-at-law.

810 975 87 19 Town
911 975 87 19 Acres
1012 975 30 19 to
1057 974 58 20 Let.

671 1006 178 48 NUMBERS
861 1013 29 14 on
901 1005 37 22 the
948 1005 241 27 Surveyor-General's
1198 1012 58 21 map,

810 1033 40 21 510
960 1033 40 20 263
1110 1033 26 19 98

698 1059 44 21 For
750 1059 131 26 particulars
890 1059 66 26 apply
967 1063 22 16 to
1001 1058 105 26 Wallace,
1118 1058 81 27 White,
1214 1058 45 22 and

672 1086 105 21 Wallace.

725 1131 132 26 Building
871 1130 169 20 Allotments
1054 1131 29 19 to
1099 1130 32 20 be
1146 1131 57 19 Let.

673 1165 50 47 A
739 1164 132 21 NUMBER
890 1163 26 21 of
930 1163 70 21 Town
1019 1163 69 21 Acres
1106 1163 21 20 in
1146 1162 38 21 the
1202 1165 57 19 most

751 1190 109 21 desirable
871 1190 117 21 situations
1005 1189 23 21 in
1042 1188 142 26 Wellington,
1197 1193 20 16 to
1232 1190 27 20 be

674 1218 30 21 let
721 1224 27 13 on
766 1217 59 20 lease
845 1223 26 14 or
890 1216 124 24 otherwise,
1035 1216 44 21 and
1099 1215 42 21 will
1163 1216 26 21 be
1209 1216 50 21 sub-

673 1242 89 23 divided
770 1247 23 17 to
809 1243 44 21 suit
863 1247 97 17 tenants.
990 1242 66 21 Plans
1071 1242 45 21 and
1129 1242 130 26 particulars

673 1277 47 16 ma,
737 1271 25 19 be
772 1270 73 21 learnt
855 1277 28 13 on
894 1269 134 27 application
1041 1273 21 16 to

1021 1295 84 20 Hckiiy
1117 1295 33 21 St.
1165 1294 67 23 HiLr,.

676 1341 110 47 C\PT.
804 1339 124 21 RHODKS
945 1339 135 26 proceeding
1094 1343 23 17 to
1132 1339 90 27 Sydney
1236 1339 23 21 in

732 1367 37 21 the
776 1367 109 25 Lapwing,
894 1366 42 21 will
948 1366 26 21 be
983 1366 72 26 happy
1065 1371 21 15 to
1092 1367 87 20 receive
1186 1367 75 20 orders

675 1394 33 21 for
719 1394 77 25 Cattle,
809 1400 22 14 or
842 1398 22 16 to
875 1398 93 16 execute
976 1400 44 19 any
1029 1393 102 25 agencies
1139 1393 34 20 for
1180 1393 81 26 parties

675 1420 59 21 here.

676 1465 87 47 FOR
777 1464 85 26 SALE,
881 1472 13 13 a
907 1465 47 20 fine
969 1464 45 25 Gig
1029 1464 61 25 Boat,
1112 1465 24 19 16
1150 1464 46 20 feet
1209 1463 54 26 long

749 1493 27 25 by
788 1493 26 23 4J
825 1491 45 21 feet
880 1491 63 21 wide.
973 1491 74 26 Aply
1059 1494 23 17 to

988 1517 98 21 Waters
1097 1516 44 22 and
1152 1517 81 21 Smith.

852 1563 52 20 For
920 1562 164 26 Wanganxii.

724 1597 53 16 AT*..
789 1589 91 31 npHE
891 1589 109 21 sehooiKM-
1011 1589 105 25 Surprise,
1130 1588 25 21 T.
1174 1587 87 27 Luntly,

692 1609 92 39 jZf&iSfo
797 1623 27 14 -*-
850 1620 88 20 master,
951 1615 42 21 will
1003 1620 106 16 continue
1118 1622 24 13 as
1152 1622 13 13 a
1177 1614 87 26 regular

790 1642 74 22 trader
882 1643 99 20 between
1003 1642 132 26 Waugaiuii,
1155 1640 45 21 and
1223 1640 41 22 snil
1270 1650 3 6 -

676 1673 57 20 fiom
742 1670 143 26 Wellington,
894 1669 50 21 Port
953 1668 129 26 Nicholson,
1092 1668 75 21 within
1179 1675 13 13 a
1203 1667 60 21 week

676 1701 22 18 oi
715 1698 38 21 her
763 1697 81 22 arrival
856 1696 53 22 each
922 1696 59 21 time.

988 1721 100 22 Wate'js
1099 1720 41 21 find
1153 1721 82 20 Smith.

285 151 237 28 Surveyor-General's
531 150 77 26 Office,

376 179 64 29 April
448 179 34 24 24,
495 178 59 20 1841.

121 219 39 21 To
175 216 196 23 Laud-owners
386 212 55 21 and
454 212 113 25 Agents.

53 250 144 49 NOTICE
213 250 26 21 IS
253 245 127 25 HEREBY
394 243 107 23 GIVEN,
508 242 48 22 that
565 249 24 14 as
598 241 49 29 the.

133 276 96 22 sections
238 282 29 15 on
278 273 36 22 the
323 271 55 23 road
388 274 22 18 to
418 270 91 22 Porirua
518 272 83 18 cannot
609 269 27 20 be

52 303 45 21 laid
107 306 40 17 out
156 301 56 23 until
222 299 37 23 the
269 300 45 21 line
324 297 26 21 of
360 297 54 21 road
422 297 19 21 is
452 296 129 26 completed,
600 296 35 19 the

52 329 106 21 selection
168 327 26 22 of
203 326 54 23 land
265 326 20 22 is
294 322 147 28 unavoidably
452 321 121 28 posponed
580 321 56 21 until

51 354 123 27 Thursday,
188 353 40 22 3rd
238 352 27 22 of
274 352 67 21 June.

222 379 33 21 W.
272 379 34 21 M.
320 375 107 27 SMITH,
442 375 62 26 Capt.
515 374 66 24 R.A.,

384 398 225 29 Surveyor-General.

52 450 97 21 Public
162 449 167 22 Auction.
330 446 135 21 Schooner

54 482 92 48 THE
160 482 62 26 Hull,
231 482 73 26 Spars,
311 478 104 27 Rigging,
424 477 43 21 and
475 477 72 20 Stores
558 476 26 20 of
595 475 41 21 this

129 508 77 26 vesssl,
217 515 23 14 as
250 507 52 26 they
313 512 50 19 may
375 504 25 21 be
410 503 77 26 found,
495 503 104 21 stranded
608 508 27 14 on

54 536 38 21 the
102 534 75 22 Beach
186 539 23 16 at
219 532 115 23 Pakarikn,
346 530 97 27 opposite
452 529 82 26 Kapiti,
543 529 25 20 12
576 527 62 21 miles

54 561 66 22 north
131 561 26 20 of
168 560 97 26 Porirua,
282 557 43 23 will
335 557 26 21 be
372 556 48 21 sold
429 557 29 25 by
468 555 73 27 public
551 555 52 24 sale,
615 557 23 17 at

54 587 38 22 the
104 588 73 20 Stores
193 586 26 21 of
229 586 37 21 the
281 582 156 27 undersigned,
453 582 23 20 in
495 581 140 26 Wellington,

54 616 23 18 at
88 614 26 20 12
123 612 85 23 o'clock
218 619 29 14 on
257 609 116 27 Saturday,
391 609 37 21 the
439 607 49 22 15th
499 607 54 27 May
560 615 5 17 ;
584 607 52 25 also,

54 639 38 22 the
102 639 64 25 Long
177 638 55 21 Boat
242 637 45 22 and
297 637 165 23 Chronometer,
479 633 121 26 belonging
615 635 23 18 to

55 666 38 21 the
112 665 48 22 said
175 664 79 27 vessel,
272 661 72 24 which
361 668 53 20 may
430 661 27 21 be
473 666 54 16 seen
545 662 23 18 at
588 659 51 21 Port

55 689 129 24 Nicholson.

219 717 110 22 Bethuke
339 713 45 23 and
396 713 106 26 Hunter,

300 741 145 23 Auctioneers
454 739 45 21 and
508 738 102 22 Brokers.

83 771 54 21 Port
146 769 129 26 Nicholson,
287 767 62 28 April
360 768 33 25 29,
405 767 59 21 1841.

58 814 88 49 FOR
174 813 85 26 SALE,
285 820 14 14 a
321 809 154 23 well-finished
499 807 141 23 native-built

132 844 91 23 cottage,
232 840 86 26 having
327 837 72 26 floors,
407 837 57 25 glass
471 834 111 26 windows,
592 834 46 25 &c,

55 866 131 27 beautifully
205 865 96 22 situated
319 867 22 17 at
364 863 37 21 the
419 866 36 23 top
474 861 25 21 of
519 861 121 26 Margaret-

56 896 75 23 street,
144 893 237 25 Wellington-terrace,
398 888 122 25 consisting
532 887 25 21 of
572 894 10 14 1
593 893 48 20 par-

56 920 57 26 lour,
125 919 60 22 three
196 919 125 21 bed-rooms
331 916 44 21 and
384 915 98 25 kitchen,
499 913 52 22 with
565 920 13 14 a
593 920 49 19 gar-

59 946 43 21 den
120 946 26 21 of
155 945 50 22 half
221 952 27 14 an
264 952 49 14 acre
331 941 79 23 fenced
428 941 43 21 and
488 939 71 23 under
575 946 51 20 crop
635 946 4 19 ;

58 973 38 27 pig
112 972 52 21 sties
180 971 44 22 and
240 971 87 27 poultry
346 969 78 21 houses
439 966 110 22 enclosed.
579 966 61 26 Also,

58 998 37 22 the
106 998 59 26 right
174 998 26 21 of
210 998 107 27 cropping
325 994 60 22 three
394 1001 60 14 acres
461 993 25 21 of
493 992 52 22 land
552 992 90 26 already

59 1024 94 23 cleared.
433 1045 5 6 .
456 1045 5 5 .
495 1033 10 7 *

84 1053 20 20 2.
136 1051 20 21 A
172 1050 89 22 smaller
276 1051 87 23 cottage
380 1046 114 27 adjoining
510 1046 37 20 the
563 1046 77 23 above,

58 1077 121 26 consisting
189 1077 26 21 of
226 1077 61 21 three
297 1077 142 24 apartments,
452 1072 51 21 with
513 1078 13 14 a
542 1071 61 27 piece
621 1070 25 21 of

59 1103 87 23 cleared
154 1103 83 26 garden
247 1101 88 28 ground
344 1099 109 22 attached.

83 1132 22 20 3.
138 1131 74 21 About
221 1131 26 19 10
257 1129 46 26 logs
314 1127 44 21 fine
368 1125 105 22 seasoned
484 1125 85 20 timber.

84 1159 21 20 4.
135 1158 27 20 20
172 1157 47 26 pigs
228 1156 23 20 in
262 1155 44 21 fine
317 1152 123 22 condition.

85 1185 52 19 5.
140 1183 17 21 A
169 1182 102 27 quantity
281 1181 26 21 of
318 1178 96 27 poultry.

84 1211 72 21 These
172 1208 99 27 grounds
287 1204 45 24 and
348 1204 104 28 premises
468 1204 121 26 (presently
607 1209 36 14 oc-

59 1237 80 26 cupied
148 1237 29 25 by
190 1235 41 21 Mr.
243 1235 29 21 A.
285 1232 82 26 Millar;
377 1231 57 28 Jwho
444 1231 18 21 is
472 1230 67 21 about
549 1233 23 17 to
582 1230 62 20 leave

60 1263 37 21 the
114 1263 127 21 settlement
257 1260 35 22 for
308 1266 13 14 a
339 1258 61 26 time)
417 1258 68 25 being
505 1256 95 21 situated
615 1262 28 13 on

59 1289 38 22 the
114 1296 88 15 reserve
219 1287 86 21 outside'
321 1285 39 21 the
370 1287 66 22 town,
448 1291 42 19 any
508 1283 101 25 occupier
626 1282 19 20 is

59 1319 40 19 not
107 1315 68 26 likely
186 1319 22 17 to
218 1314 28 21 be
261 1310 113 24 disturbed
383 1312 23 20 in
424 1310 36 21 the
478 1309 122 27 possession
610 1308 36 21 for

59 1350 62 14 some
132 1343 59 19 time.

88 1367 150 29 Agricultural
243 1366 148 27 implements,
397 1364 123 21 household
527 1364 117 23 furniture,

60 1395 48 26 &c,
121 1400 21 16 to
151 1395 28 21 be
189 1393 47 22 sold
248 1394 26 25 by
286 1390 74 29 public
370 1391 88 20 auction
468 1390 22 20 in
502 1397 13 12 a
526 1390 42 19 few
584 1388 60 26 days,

60 1422 27 21 of
97 1421 71 22 which
180 1420 72 22 notice
264 1419 42 21 will
316 1418 26 20 br
351 1417 72 26 given.
454 1415 73 27 Apply
538 1419 22 16 to

331 1444 110 21 Bistiiune
455 1442 44 21 and
511 1442 106 21 Hunter.

87 1474 143 26 Wellington,
243 1472 63 27 April
316 1472 33 24 28,
363 1471 58 20 1841.

60 1520 51 46 A
123 1517 108 22 PUBLIC
247 1514 144 24 MEETING
401 1514 25 20 of
437 1513 36 21 the
483 1512 134 22 inhabitants
624 1512 26 20 of

141 1544 42 21 this
192 1543 128 21 settlement
330 1541 17 21 is
356 1540 117 27 requested
485 1543 23 17 at
522 1541 22 19 11
561 1538 84 21 o'clock

60 1578 29 14 on
103 1570 138 27 Wednesday
257 1571 60 22 next,
334 1571 22 17 at
370 1566 106 22 Barrett's
493 1565 73 25 Hotel,
583 1564 62 21 when

61 1598 38 21 the
109 1595 149 28 undersigned
269 1594 130 22 Committee
411 1593 41 21 will
469 1593 26 20 be
508 1591 105 27 prepared
624 1595 23 16 to

60 1624 83 21 6ubmit
153 1628 21 16 to
186 1623 59 21 them
259 1622 35 21 the
310 1620 65 21 Draft
392 1620 25 20 of
433 1627 14 13 a
464 1619 49 22 Bill,
530 1623 21 16 to
570 1619 25 20 be
613 1625 34 14 re-

60 1649 147 22 commended
217 1653 23 17 to
250 1649 35 21 his
296 1646 135 26 Excellency
442 1646 36 21 the
495 1645 115 21 Governor
626 1644 25 21 of

60 1676 56 22 New
127 1675 98 22 Zealand
240 1676 23 20 in
280 1672 99 25 Council,
398 1680 23 13 as
439 1672 37 21 the
494 1672 56 20 basis
567 1671 24 20 of
610 1670 37 21 the

60 1702 126 26 Municipal
196 1703 37 21 Coi
240 1700 99 28 poration
351 1699 25 21 of
389 1698 42 22 this
441 1698 96 21 District.

334 1726 26 21 G.
377 1727 21 20 S.
434 1733 62 17 vans,
513 1724 90 25 D.C.L.,

334 1753 20 20 J.
370 1753 25 21 B.
412 1752 80 26 Smith,

332 1779 27 21 R.
375 1780 28 20 D.
422 1779 101 23 Hanson,

332 1806 22 21 J.
370 1806 26 21 T.
412 1805 143 24 Wicksteed,

334 1832 27 21 G.
378 1832 25 21 B.
421 1832 68 21 Earp.

87 1861 144 25 Wellington,
245 1859 63 28 April
318 1860 33 23 29,
365 1860 59 19 1841.

238 1903 142 23 Pickwick
393 1902 77 20 Club.

59 1941 52 46 A
122 1938 149 22 GENERAL
287 1935 144 23 MEETING
445 1934 26 21 of
487 1934 35 21 the
535 1933 112 22 Members

139 1965 43 22 will
194 1966 25 20 be
231 1964 52 21 held
293 1969 28 14 on
333 1962 99 26 Tuesday
445 1961 95 26 evening
551 1964 59 23 next,
625 1965 20 15 ,-it

60 1992 13 22 7
83 1992 85 21 o'clock
180 1991 112 27 precisely,
304 1992 24 17 at
334 1989 105 21 Barrett's
448 1988 72 24 Hotel,
530 1992 21 16 to
562 1994 85 14 receive

60 2018 39 23 the
109 2019 47 21 first
164 2017 93 22 Annual
267 2020 81 22 heport
358 2016 25 20 of
395 2015 36 21 the
441 2014 132 22 Committee
581 2021 5 18 ;
603 2013 44 21 and

60 2045 48 22 also
125 2048 21 18 to
160 2044 50 21 take
226 2044 48 21 into
291 2041 161 22 consideration
471 2040 36 21 the
525 2040 62 27 plans
603 2040 45 21 and

61 2072 113 20 estimates
184 2070 25 21 of
221 2070 37 20 (he
269 2070 54 19 New
335 2068 55 20 Club
401 2068 78 20 Room.

88 2096 145 26 Wellington,
246 2094 60 27 April
318 2094 33 25 30,
365 2094 58 20 1841.

84 2140 188 26 Anniversary
287 2137 29 22 of
334 2138 43 20 the
393 2136 141 21 Pick-wick
547 2136 76 21 Club.

62 2173 91 49 THE
174 2173 87 21 FIRST
282 2169 223 24 ANNIVERSARY
525 2169 122 21 DINNER

124 2200 25 21 of
156 2199 36 21 the
200 2199 70 21 above
276 2197 55 23 Club
341 2197 41 21 will
392 2197 49 21 take
450 2197 61 26 place
520 2204 28 12 on
561 2196 85 25 Fridaj,

61 2227 39 22 7th
111 2227 24 21 of
149 2227 59 26 May,
220 2229 23 18 at
254 2225 105 22 Barrett's
370 2223 66 22 Hotel
475 2223 47 21 The
534 2223 112 21 Presiden;

60 2254 25 21 in
96 2254 37 20 the
144 2253 66 21 chair.

89 2279 88 23 Tickets
188 2284 21 16 to
218 2279 29 21 be
256 2277 45 23 had
314 2277 25 21 of
355 2275 38 23 the
406 2276 125 22 Treasurer.
562 2275 86 21 Dinner

62 2314 30 14 on
103 2306 57 21 table
171 2310 22 16 at
201 2307 12 19 5
224 2304 93 23 o'clock.

90 2332 144 27 Wellington,
247 2331 62 27 April
320 2332 33 23 30,
365 2331 59 20 1841.

62 2376 159 49 LONDON
241 2374 162 23 AGENCY.
410 2374 40 21 The
462 2373 35 22 old
515 2373 134 22 established

127 2403 47 21 firm
192 2403 25 20 of
231 2402 35 22 W.
284 2401 101 22 Hickson
403 2401 43 21 and
463 2401 62 24 Sous,
536 2401 33 24 20,
589 2399 60 21 West

62 2430 132 26 Smithfield,
208 2429 100 25 London,
317 2428 136 26 transacting
464 2434 12 14 a
487 2428 59 25 large
557 2431 92 17 amount

63 2457 27 21 of
96 2456 94 26 Foreign
207 2456 108 25 business,
330 2454 42 21 will
389 2454 84 21 receive
483 2453 167 26 consignments

62 2483 27 22 of
106 2483 54 21 New
179 2482 100 22 Zealand
297 2481 105 27 produce,
423 2480 45 22 and
486 2479 122 22 undertake
627 2482 22 18 to

62 2510 67 21 effect
137 2509 57 21 sales
204 2516 60 19 upon
276 2507 37 23 the
329 2512 58 17 most
403 2507 164 26 advantageous
582 2510 68 17 terms

62 2536 50 22 that
121 2543 41 14 can
179 2536 27 21 be
224 2534 104 23 obtained
339 2535 21 20 in
379 2533 100 26 London,
492 2533 118 26 according
628 2536 22 17 to

62 2563 39 20 the
119 2566 55 17 state
192 2562 23 21 of
231 2562 37 22 the
285 2561 93 21 market.
409 2561 32 21 As
459 2560 150 21 land-owners
626 2559 21 21 in

63 2583 55 28 P\>rt
127 2589 128 26 Nicholson,
268 2589 52 25 they
329 2587 57 21 have
403 2594 28 14 an
450 2587 92 20 interest
559 2586 22 20 in
599 2593 51 19 pro-

62 2616 87 27 moting
163 2615 36 22 the
215 2615 123 27 prosperity
349 2614 25 21 of
387 2613 36 21 the
441 2613 92 26 Colony,
545 2612 44 21 and
607 2612 43 21 will

62 2643 59 20 have
129 2647 62 22 great
201 2643 101 26 pleasure
312 2641 23 21 in
346 2640 142 26 discharging
498 2639 36 21 the
546 2639 71 21 duties
629 2639 24 21 of

64 2669 143 26 Consignees.

90 2695 62 27 They
163 2695 58 22 refer
230 2695 24 22 in
272 2693 55 23 New
345 2693 99 22 Zealand
461 2696 22 17 to
499 2692 42 22 Mr.
562 2692 88 20 Revans

64 2723 46 20 and
122 2723 41 20 Mr.
175 2725 30 17 St.
217 2722 56 21 Hill.
307 2721 27 21 In
346 2720 93 21 London
448 2723 23 17 to
482 2719 56 21 their
547 2718 103 26 bankers,

65 2749 90 21 Messrs.
168 2749 105 24 Prescott,
285 2747 76 24 Grote,
373 2747 44 21 and
428 2746 38 21 Co.

64 2794 45 46 1>
149 2792 85 26 SEID,
248 2792 56 22 Boot
311 2791 43 22 and
367 2790 57 22 Shoe
431 2790 87 25 Maker,
539 2796 14 14 n
565 2794 75 16 return
643 2801 8 3 -

95 2818 37 22 V
177 2820 38 25 ing
239 2818 81 22 thanks
344 2822 22 16 to
387 2817 36 21 the
448 2816 134 22 Gentlemen
607 2816 45 21 and

65 2846 78 22 Public
154 2845 35 22 for
199 2845 58 22 their
266 2848 122 24 patronage
402 2843 45 22 and
458 2847 97 22 support,
567 2844 52 25 begs
631 2847 20 16 to

64 2872 82 22 infoim
158 2872 61 21 them
230 2872 47 21 that
293 2871 28 21 he
332 2871 40 21 has
386 2870 47 27 just
448 2869 103 22 received
566 2877 13 13 a
592 2869 59 21 fresh

64 2898 81 28 supply
156 2899 26 20 of
189 2898 103 22 Leather.

103 2926 67 20 Boots
181 2925 45 21 and
236 2925 68 21 Shoes
313 2924 76 26 neatly
398 2923 102 26 repaired
508 2930 24 13 as
542 2922 72 21 usual.

95 2952 187 26 Lambton-quay,
294 2950 65 27 April
368 2952 33 23 30,
416 2951 59 20 1841.

280 2994 40 20 To
335 2994 33 21 be
384 2995 57 23 Let,

83 3024 17 19 A
127 3022 158 22 Commodious
294 3020 165 22 three-roomed
466 3020 91 21 wooden
568 3019 84 26 House,

65 3052 52 19 Xx
144 3049 23 21 in
184 3056 28 14 an
230 3047 88 28 eligible
335 3047 111 25 situation,
458 3046 99 26 fronting
570 3046 82 21 Willis-

65 3079 74 23 street,
156 3074 159 26 commanding
334 3081 28 14 an
382 3073 110 22 excellent
508 3074 54 20 view
579 3074 26 19 of
615 3072 37 22 the

64 3102 105 22 liarbour.
198 3102 34 21 To
248 3103 27 21 be
293 3100 69 22 taken
378 3100 51 21 with
446 3107 24 14 or
483 3100 94 21 without
591 3099 61 22 land.

67 3129 77 28 Apply
154 3133 23 17 to

254 3155 27 22 R.
297 3154 66 26 Seed,
374 3154 58 21 Boot
441 3153 44 21 and
495 3152 58 22 Shoe
563 3152 89 22 Maker.

95 3188 188 27 Lambton-quay,
295 3187 65 26 April
369 3188 34 25 30,
415 3188 7 19 1
428 3187 37 20 841
471 3201 4 5 .

143 3233 131 27 Building
288 3231 169 21 Allotments
472 3232 29 20 to
516 3232 59 20 Let.

67 3259 92 48 THl<:
178 3258 199 23 ADVERTISER
391 3259 65 20 otters
473 3265 58 19 upon
549 3257 105 26 Building

143 3286 89 25 Leases,
243 3293 14 14 a
266 3284 95 23 number
370 3284 26 21 of
405 3284 70 21 Town
485 3283 136 22 Allotments
631 3284 23 21 in

67 3312 39 21 the
116 3316 58 18 most
182 3312 108 21 desirable
300 3314 60 23 parts
370 3311 25 21 of
406 3310 44 22 this
461 3310 137 22 Settlement.

95 3338 47 22 The
161 3338 109 22 attention
287 3338 26 20 of
330 3337 38 21 the
386 3337 73 27 public
477 3337 17 21 is
511 3337 143 27 particularly

68 3365 71 22 called
160 3368 22 17 to
201 3365 38 20 the
257 3363 124 28 advantage
400 3363 26 21 of
443 3363 106 27 Building
564 3363 90 27 Leases,

67 3391 73 22 which
151 3391 36 21 the
197 3390 151 27 undersigned
357 3392 18 19 is
386 3389 95 22 enabled
490 3395 22 16 to
522 3394 72 22 grant,
603 3391 50 26 viz.,

66 3418 60 21 from
136 3425 67 14 seven
214 3421 23 17 to
254 3420 137 23 twenty-one
407 3424 71 19 years,
496 3416 121 27 according
633 3420 21 18 to

67 3445 40 22 the
125 3445 65 21 value
209 3443 27 22 of
255 3444 37 21 the
314 3443 114 26 buildings
450 3443 108 28 proposed
581 3447 22 17 to
628 3443 27 22 be

69 3471 96 22 erected.
194 3471 75 27 Apply
279 3472 23 19 to

151 3504 24 21 F.
191 3504 28 21 A.
236 3504 171 26 Molesworth,
422 3502 105 28 Murphy-
532 3505 73 25 street,
617 3510 25 15 or

151 3531 34 21 W.
201 3530 29 21 V.
245 3531 106 24 Brewer,
368 3530 184 21 Manners-street

82 3575 85 21 Small
181 3575 67 20 Lots
262 3573 42 21 fox
318 3573 109 21 Houses
442 3575 29 18 to
483 3574 50 19 Let
548 3573 92 27 gratis.

70 3601 119 49 TOWN
205 3599 82 23 ACRE
302 3599 95 21 number
404 3600 47 25 480,
471 3606 27 14 on
518 3599 136 26 Wellington

145 3627 102 26 Terrace,
264 3625 153 27 immediately
432 3625 23 21 in
467 3625 37 21 the
515 3632 48 14 rear
581 3627 25 19 of
618 3626 37 20 the

69 3654 73 22 mauri
152 3654 70 21 house
231 3652 68 26 lately
309 3650 105 28 occupied
424 3651 30 27 by
465 3651 43 21 Mr.
521 3652 81 26 Minet,
612 3652 43 21 will

69 3682 29 20 be
108 3681 31 21 let
148 3681 22 21 in
181 3679 66 22 small
255 3679 43 21 lots
308 3678 34 21 for
357 3677 102 27 building
468 3677 34 22 for
511 3677 63 22 three
583 3679 72 26 year's

69 3709 46 21 free
127 3707 26 21 of
163 3710 58 18 rent.
251 3704 74 27 Apply
336 3707 22 18 to

152 3740 24 21 F.
192 3740 30 21 A.
237 3739 170 24 Molesworth,
423 3737 184 27 Murphy-street,
619 3744 24 15 or

152 3766 35 21 W.
201 3766 30 21 V.
247 3766 106 24 Brewer,
368 3764 192 20 Manners-street.

247 3810 120 24 Country
381 3808 99 21 Lands.

72 3838 164 50 SEVERAL
247 3838 99 23 Country
356 3834 100 22 Sections
464 3838 21 17 to
494 3834 43 22 Let
546 3834 23 22 in
578 3834 78 23 Farms

123 3866 26 20 of
156 3867 38 19 100
210 3870 70 18 acres,
292 3869 24 14 or
328 3864 51 24 part
388 3860 41 23 will
440 3861 28 20 be
481 3861 49 20 sub-
534 3860 90 23 divided
633 3865 22 18 to

71 3893 46 21 Buit
125 3892 129 22 Gardeners
262 3888 46 23 and
318 3887 80 22 others.
429 3887 73 27 Apply
512 3890 23 18 to

412 3913 85 22 Henry
507 3914 37 21 St.
555 3913 71 22 Hill.
