2540 3989
64 116 46 23 and
127 117 24 22 in
170 117 84 24 central
272 118 112 32 authority
400 119 121 31 regarding
536 119 112 24 whatever

65 149 95 23 extends
171 154 22 19 to
205 157 104 17 common
318 152 113 22 interests.
468 152 47 23 But
525 152 38 23 the
575 152 73 31 appli-

64 182 75 22 cation
150 182 25 22 of
183 182 64 23 these
265 183 91 30 general
372 183 120 32 principles
504 189 23 18 to
545 185 102 30 the.par-

63 214 81 23 ticular
156 221 49 16 case
218 222 48 16 now
285 216 70 23 under
367 216 161 24 consideration
546 217 101 23 involves

64 246 99 30 political
174 248 116 29 questions
305 248 73 24 which
396 249 26 23 do
433 254 42 18 not
491 250 106 31 properly
609 249 38 24 fall

64 279 77 22 within
154 287 40 15 our
205 281 113 29 province,
331 281 44 23 and
387 289 31 16 we
428 289 40 16 are
485 282 112 23 therefore
609 287 39 18 not

62 312 108 29 prepared
190 316 21 19 to
231 313 55 23 offer
301 321 44 23 any
357 314 89 30 opinion
463 322 25 16 as
506 319 23 19 to
549 314 99 24 whether

62 343 63 24 there
144 344 20 23 is
181 345 111 30 anything
308 347 23 22 in
350 347 38 22 the
405 347 69 23 social
496 347 108 23 relations
623 355 24 15 or

61 377 158 30 geographical
238 378 95 24 division
352 379 26 23 of
397 379 56 23 New
476 380 72 23 South
569 380 78 23 Wales

61 408 73 23 which
145 409 74 23 would
230 410 80 24 render
320 412 19 22 it
350 411 120 31 expedient
487 417 23 18 to
527 413 66 30 place
609 413 38 23 the

61 446 102 25 separate
193 442 99 24 districts
315 443 25 24 of
363 444 55 23 Port
441 444 86 31 Phillip
550 446 24 22 in
604 453 42 16 one

61 473 116 29 direction,
190 475 25 22 of
231 475 107 24 Moreton
352 475 49 32 Bay
413 484 25 16 or
456 477 37 23 the
513 477 45 31 Big
575 477 71 24 River

59 507 24 21 in
95 505 37 24 the
144 507 72 28 other,
228 508 43 23 and
284 509 25 22 of
324 509 58 23 Port
398 509 134 31 Essington,
544 510 20 23 if
573 517 15 16 a
599 514 46 20 set-

58 538 95 24 tlement
163 540 28 22 be
203 540 89 24 created
303 541 71 28 there,
385 542 71 24 under
467 543 38 23 the
523 543 89 23 control
623 543 25 24 of

59 578 14 16 a
85 572 84 23 central
179 572 131 31 legislature
321 574 98 23 resident
430 580 24 18 at
466 575 101 31 Sydney.

91 604 100 31 Though
202 613 33 16 we
252 606 54 23 thus
317 606 89 24 abstain
422 608 58 23 from
500 608 99 31 offering
616 616 29 16 an

58 637 91 30 opinion
167 645 61 23 upon
244 646 14 15 a
275 640 104 30 question
396 641 78 30 purely
486 641 108 30 political,
607 646 39 26 yet

57 676 34 16 we
110 676 81 17 cannot
209 670 95 25 hesitate
324 676 21 19 to
366 674 144 22 recommend
528 674 37 23 the
589 675 55 23 total

57 704 127 28 separation
197 704 26 22 of
231 703 38 24 the
281 704 67 24 funds
360 705 104 24 obtained
475 706 59 23 from
545 707 40 22 the
597 707 47 23 sale

57 735 27 22 of
97 735 76 30 public
191 736 61 29 land,
266 737 44 23 and
327 737 39 24 the
385 739 64 22 strict
467 739 45 23 and
529 740 115 23 exclusive

57 767 136 30 application
205 769 26 23 of
245 769 54 23 each
310 771 90 30 portion
411 771 26 23 of
443 771 49 23 that
502 771 57 24 fund
571 776 23 19 to
606 772 38 24 the

57 807 53 15 uses
122 800 26 23 of
164 801 36 23 the
219 802 121 30 particular
358 803 87 24 district
463 804 59 24 from
538 804 76 25 which
625 806 19 23 it

57 839 51 22 may
121 833 27 23 be
160 833 99 25 derived.

91 865 38 23 On
142 867 37 23 the
197 868 122 30 important
336 869 110 32 principle
458 870 26 23 of
499 871 144 32 considering

57 898 133 30 emigration
203 900 37 23 the
252 902 50 22 first
319 902 44 23 and
376 907 58 19 most
444 911 81 22 proper
538 904 24 22 of
579 904 64 24 those

56 938 61 21 uses,
130 938 32 16 we
174 932 57 23 have
251 933 95 31 nothing
358 939 23 18 to
395 935 42 22 add
449 940 21 17 to
483 936 38 22 the
536 936 106 23 observa-

56 963 61 23 tions
134 964 124 24 submitted
268 966 35 23 for
320 974 58 23 your
393 967 121 32 lordship's
527 969 115 23 consider-

55 997 62 22 ation
129 997 24 23 in
165 1005 40 15 our
218 998 65 24 letter
301 999 24 23 of
339 999 40 23 the
397 1001 57 22 26th
473 1001 26 23 of
514 1001 126 31 February.

56 1028 59 24 This
132 1030 117 31 principle,
267 1039 25 16 as
309 1039 33 16 we
353 1032 70 31 freely
442 1033 167 32 acknowledge,
621 1036 20 22 is

54 1060 69 25 liable
134 1069 23 17 to
168 1062 121 26 limitation
298 1065 22 23 in
333 1065 64 24 those
407 1073 64 16 cases
482 1067 24 23 in
518 1067 74 23 which
604 1067 37 24 the

54 1101 98 18 revenue
163 1097 112 30 resulting
285 1097 58 24 from
355 1098 37 23 the
404 1098 47 24 sale
462 1099 25 23 of
499 1100 79 30 public
588 1100 52 24 land

54 1127 71 24 forms
145 1128 37 24 the
204 1130 52 29 only
267 1131 109 23 available
394 1139 78 17 source
490 1133 58 23 from
567 1133 73 23 which

54 1159 38 24 the
115 1168 119 24 necessary
254 1163 144 31 expenditure
419 1165 106 31 required
546 1166 37 23 for
604 1166 36 23 the

54 1194 157 23 maintenance
223 1195 25 23 of
263 1196 37 23 the
318 1196 53 24 civil
388 1204 146 23 government
552 1206 43 16 can
612 1199 28 23 be

54 1226 112 31 supplied.
210 1228 53 29 But,
277 1234 22 18 to
315 1229 82 31 justify
407 1230 39 23 the
465 1232 127 31 exception,
603 1232 37 23 the

53 1258 111 32 difficulty
183 1260 26 23 of
222 1261 117 24 otherwise
359 1263 118 31 providing
494 1264 35 23 for
548 1265 39 23 the
600 1273 39 15 ex-

54 1291 118 30 penditure
190 1293 26 23 of
232 1293 38 24 the
290 1295 51 22 civil
359 1302 146 23 government
524 1298 71 30 ought
617 1291 26 30 to'

52 1324 28 23 be
93 1330 107 19 extreme.
237 1326 29 23 In
284 1327 29 24 all
325 1335 63 16 cases
405 1328 25 24 in
443 1330 72 23 which
535 1331 46 23 this
600 1338 39 16 ex-

53 1358 119 29 penditure
192 1366 42 16 can
253 1360 27 23 be
298 1366 47 18 met
362 1361 30 30 by
406 1361 39 24 the
465 1363 131 31 imposition
618 1366 20 21 ol

54 1394 71 24 taxes,
140 1391 37 24 the
194 1392 71 23 whole
285 1393 25 23 of
326 1394 38 23 the
382 1394 52 23 land
449 1395 56 23 fund
524 1397 78 30 ought,
614 1405 25 15 as

54 1429 32 16 we
99 1425 112 28 conceive,
224 1430 22 18 to
264 1425 28 23 be
310 1427 88 31 applied
417 1432 23 19 to
452 1429 29 22 its
494 1435 59 17 most
564 1430 75 31 legiti-

52 1460 61 18 mate
130 1464 105 24 purpose,
249 1458 47 23 that
314 1460 25 23 of
353 1460 121 31 supplying
492 1462 37 23 the
547 1468 93 18 amount

52 1489 26 22 of
93 1488 79 24 labour
185 1490 72 24 which
272 1492 36 22 the
327 1493 80 31 capital
420 1494 25 24 of
460 1495 39 23 the
512 1495 80 31 colony
604 1504 35 15 re-

52 1521 84 30 quires.

86 1554 45 23 We
148 1556 80 23 should
240 1556 28 24 be
287 1557 105 32 disposed
408 1564 24 18 to
449 1562 144 23 recommend
607 1562 30 23 11.

51 1594 41 23 per
104 1596 49 15 acre
166 1597 24 15 as
210 1590 37 23 the
259 1591 98 24 uniform
374 1592 61 30 price
454 1598 23 18 to
496 1594 27 23 be
542 1594 96 31 charged

51 1620 34 22 for
104 1621 75 29 public
200 1622 52 23 land
277 1623 134 32 throughout
435 1625 47 24 that
505 1629 88 28 portion
617 1632 20 19 o!

51 1652 38 23 the
102 1655 103 30 territory
218 1655 24 23 of
258 1655 55 24 New
327 1657 71 24 South
409 1658 79 24 Wales
507 1660 72 23 which
597 1661 41 24 lies

50 1688 97 21 exterior
167 1693 21 17 to
208 1688 37 23 the
269 1691 28 21 19
316 1690 136 24 established
473 1694 110 28 counties,
595 1695 43 23 and

51 1725 31 16 we
96 1720 71 22 would
180 1726 94 25 suggest
285 1723 37 22 the
343 1724 136 31 expediency
493 1725 24 23 of
533 1726 105 32 allowing

51 1751 37 23 the
111 1752 133 30 purchasers
272 1759 22 18 to
321 1756 69 23 select
414 1757 58 23 their
495 1758 97 25 location
614 1761 23 23 iv

50 1785 110 23 whatever
179 1786 99 24 districts
298 1787 52 32 they
361 1796 50 24 may
431 1790 135 25 themselves
587 1801 50 23 pre-

49 1817 41 24 fer.
136 1819 40 22 We
196 1822 142 22 recommend
356 1822 43 23 this
418 1823 69 31 price,
499 1824 97 26 because
614 1827 21 22 in

49 1850 73 23 South
136 1852 116 24 Australia
265 1853 17 23 it
294 1853 40 24 has
346 1855 55 23 been
420 1856 69 23 found
509 1862 22 19 to
551 1866 85 16 answer

50 1884 56 27 well,
120 1890 38 17 not
177 1885 160 32 discouraging
349 1887 36 24 the
402 1888 48 23 sale
468 1890 26 22 of
510 1890 73 26 lands,
597 1899 36 16 noi

47 1921 40 25 yet
105 1918 93 30 causing
218 1918 59 24 them
298 1925 21 17 to
343 1920 28 23 be
388 1921 111 25 alienated
520 1925 54 22 with
593 1933 42 23 any

48 1951 116 22 excessive
176 1951 97 31 rapidity
282 1961 5 18 ;
307 1953 45 23 and
364 1961 30 16 we
406 1954 83 25 should
501 1957 64 27 infer,
579 1958 56 23 from

48 1981 38 23 the
109 1983 122 30 analajous
261 1986 173 24 circumstances
463 1989 25 21 of
513 1989 37 23 the
574 1991 63 22 other

47 2014 149 29 settlements,
211 2016 47 23 that
270 2017 36 22 the
321 2026 62 15 same
393 2019 78 24 effects
491 2029 51 23 may
557 2022 27 23 be
595 2031 41 14 an-

45 2047 107 29 ticipated
164 2048 71 24 there.

80 2080 24 22 It
123 2081 51 30 only
194 2083 97 23 remains
307 2083 35 24 for
354 2092 25 15 us
390 2090 24 18 to
426 2086 86 24 submit
522 2087 36 24 for
581 2097 55 22 your

45 2113 121 31 lordship's
196 2115 171 31 consideration,
406 2119 24 23 in
458 2120 137 30 conclusion,
625 2131 10 15 a

45 2153 115 24 summary
181 2148 26 22 of
222 2147 37 24 the
271 2150 107 29 practical
388 2159 115 16 measures
518 2154 81 29 which,
612 2163 24 15 as

45 2186 32 15 we
89 2181 112 26 conceive,
214 2182 18 21 it
249 2182 72 23 would
333 2183 27 23 be
376 2185 120 30 expedient
514 2192 22 17 to
560 2187 75 32 adopt.

44 2210 51 25 The
107 2214 147 29 suggestions
277 2215 72 23 which
360 2223 32 17 we
404 2219 74 22 would
490 2219 55 23 offer
557 2228 44 21 are,

113 2247 44 22 Ist.
194 2247 61 23 That
267 2248 36 23 the
315 2249 112 32 authority
440 2252 24 22 of
473 2252 39 26 t,he
531 2252 105 25 Goverri-

75 2286 43 14 nor
141 2278 25 23 of
182 2279 56 23 New
256 2280 73 24 South
342 2281 83 30 Wales,
443 2292 25 15 as
481 2292 100 24 respects
597 2287 39 23 the

75 2311 99 30 disposal
198 2313 25 22 of
237 2313 76 31 public
331 2314 58 30 land,
409 2317 44 23 and
472 2318 29 22 its
519 2320 116 29 proceeds,

75 2344 28 23 be
127 2344 113 25 forthwith
254 2346 85 24 limited
358 2352 21 19 to
398 2349 39 23 the
455 2351 106 31 territory
574 2360 61 17 com-

75 2377 76 30 prised
163 2378 77 23 within
253 2379 36 23 the
299 2382 56 22 31st
372 2382 44 24 and
424 2382 37 24 the
470 2384 59 23 36th
538 2384 96 31 degrees

75 2410 27 23 of
117 2411 66 22 south
193 2411 100 24 latitude.

109 2443 55 23 2nd.
202 2444 61 23 That
292 2446 138 32 throughout
452 2449 37 24 the
508 2452 128 31 remaining

75 2475 109 24 divisions
196 2478 25 23 of
237 2478 36 24 the
296 2486 99 24 present.,
405 2483 106 30 territory
529 2485 27 22 of
579 2485 56 23 New

75 2509 73 23 South
160 2509 86 30 Wales,
267 2512 37 23 the
320 2513 76 31 public
412 2514 67 25 lands
490 2516 27 24 be
541 2525 58 23 open
612 2523 23 18 to

75 2542 47 23 sale
134 2547 23 18 at
169 2542 37 24 the
218 2544 96 24 uniform
327 2547 60 29 price
400 2547 26 23 of
438 2549 37 23 1
488 2557 41 22 per
540 2558 60 17 acre.

109 2575 38 24 3d.
184 2576 62 24 That
256 2577 35 24 for
303 2578 37 23 the
362 2588 92 16 reasons
466 2583 102 31 recently
579 2584 55 23 sub-

73 2609 80 22 mitted
176 2614 22 18 to
210 2618 27 15 us
257 2610 29 31 by
304 2620 57 22 your
378 2614 109 31 lordship,
507 2616 38 23 the
564 2618 70 29 privi-

73 2641 65 31 leges
162 2643 24 22 of
207 2643 98 31 military
329 2645 43 23 and
405 2648 66 23 naval
492 2649 92 24 settlers
606 2650 29 23 be

73 2674 156 25 discontinued
259 2677 137 31 throughout
433 2680 39 24 the
501 2682 134 25 Australian

74 2708 107 28 colonies,
199 2709 44 23 and
259 2717 28 16 no
317 2711 130 25 distinction
465 2713 29 24 be
513 2717 122 29 preserved

73 2740 102 24 between
197 2742 62 23 them
270 2744 44 23 and
331 2744 29 24 all
377 2745 65 24 other
456 2748 137 29 purchasers
612 2749 25 25 of

73 2772 61 23 land.

108 2806 49 23 4th.
194 2807 62 24 That
271 2809 134 31 purchasers
414 2812 28 23 be
449 2812 96 25 allowed
556 2819 23 19 to
590 2823 44 24 pay

73 2838 59 24 their
155 2841 205 33 purchase-money
377 2848 25 20 at
421 2845 37 24 the
478 2847 61 23 fixed
550 2852 48 19 rate
610 2849 23 22 in

73 2871 46 24 this
142 2879 102 25 country,
258 2875 43 23 and
312 2881 23 18 to
347 2877 52 24 take
411 2886 28 15 an
457 2879 66 24 order
542 2881 36 23 for
595 2881 39 24 the

74 2906 104 31 quantity
190 2907 26 23 of
229 2907 52 23 land
303 2909 72 25 which
395 2918 51 23 may
466 2912 27 23 be
510 2914 55 30 paid
580 2915 35 22 for
626 2923 6 19 ;

73 2938 74 23 which
171 2939 63 24 order
254 2941 57 23 shall
331 2943 76 24 entitle
425 2944 38 24 the
481 2945 79 25 holder
579 2951 22 19 to
621 2955 13 15 a

73 2977 67 24 grant
162 2972 26 23 of
202 2981 45 22 any
265 2974 52 23 land
334 2975 24 23 in
374 2984 14 16 a
406 2979 111 30 surveyed
536 2979 96 30 district,

73 3004 80 29 which,
178 3013 27 16 on
223 3007 108 31 applying
348 3012 23 19 at
388 3009 38 24 the
444 3010 105 26 Colonial
568 3013 65 24 Land

73 3036 81 30 Office,
168 3038 29 23 he
218 3047 52 23 may
281 3040 48 24 find
346 3046 39 20 not
401 3045 131 31 previously
550 3054 83 22 appro-

71 3071 96 28 priated.

106 3103 49 24 sth.
193 3104 61 24 That
281 3106 56 24 such
374 3109 144 30 purchasers,
548 3113 87 29 paying

71 3142 82 24 money
165 3141 23 18 at
205 3137 73 30 home,
291 3139 58 24 shall
360 3140 58 25 have
439 3142 38 23 the
489 3144 109 32 privilege
609 3146 27 23 of

71 3170 93 30 naming
177 3177 13 15 a
201 3172 174 33 corresponding
386 3176 96 23 number
499 3177 27 23 of
539 3177 93 25 labour-

71 3208 38 16 ers
127 3206 22 18 to
171 3202 26 24 be
221 3205 113 30 conveyed
352 3210 20 19 to
392 3207 38 23 the
448 3209 88 31 colony,
561 3211 72 24 under

71 3234 56 23 such
146 3236 138 29 regulations
296 3247 25 14 as
333 3247 50 23 may
394 3240 59 24 from
465 3242 54 24 time
543 3248 23 18 to
577 3245 55 23 time

70 3266 30 23 be
112 3268 136 24 established
258 3270 34 23 for
304 3271 39 24 the
354 3280 106 24 purpose.

106 3301 49 22 6th.
192 3301 62 24 That
275 3303 38 24 the
332 3304 66 25 deeds
427 3308 26 22 of
480 3313 68 24 grant
572 3309 60 25 shall

71 3339 85 24 convey
169 3338 22 18 to
214 3334 37 24 the
268 3337 123 30 purchaser
408 3341 135 31 everything
561 3342 70 25 above

70 3366 46 22 and
127 3367 133 31 everything
271 3369 70 23 below
353 3370 37 25 the
402 3373 97 24 surface.

105 3398 48 26 7th.
191 3400 61 23 That
269 3401 37 24 the
318 3402 56 26 local
397 3405 132 26 authorities
540 3408 29 23 be
581 3416 49 16 em-

68 3432 104 30 powered
200 3438 22 18 to
245 3434 66 24 mark
334 3441 37 18 out
392 3438 45 23 and
459 3447 91 17 reserve
571 3442 58 24 from

69 3465 121 23 alienation
214 3466 30 23 all
277 3467 64 24 lands
362 3471 106 30 required
489 3473 36 24 for
553 3475 75 29 roads,

68 3502 90 23 streets,
171 3499 76 30 public
258 3499 123 33 buildings,
393 3504 45 23 and
444 3505 78 31 public
539 3515 89 16 recrea-

70 3530 55 22 tion.

103 3563 48 23 Bth.
190 3563 60 24 That
268 3565 38 24 the
318 3565 54 25 local
385 3569 132 25 authorities
539 3572 29 23 be
578 3573 50 24 fur-

69 3595 49 24 ther
130 3598 138 29 empowered
280 3603 23 19 to
315 3607 87 17 reserve
417 3602 58 24 from
497 3604 131 31 alienation,

68 3634 24 18 at
115 3629 37 23 the
174 3630 60 23 fixed
257 3631 96 24 uniform
374 3635 70 29 price,
465 3635 37 24 the
520 3638 56 23 sites
606 3640 25 23 of

69 3663 109 30 principal
196 3668 78 23 towns,
292 3664 122 25 calculated
431 3672 24 18 to
474 3668 92 26 become
588 3671 40 25 the

68 3695 99 30 political
181 3696 92 30 capitals
285 3697 26 22 of
338 3706 13 14 a
360 3700 106 29 province
479 3709 25 15 or
515 3704 114 31 principal

68 3734 59 17 seats
140 3729 25 22 of
181 3736 124 16 commerce
317 3737 28 16 on
357 3731 38 24 the
405 3740 40 15 sea
456 3739 70 18 coast.

101 3762 83 22 9th.
188 3762 68 27 That,
275 3762 55 24 with
348 3763 37 24 the
405 3765 119 32 foregoing
546 3776 83 24 excep-

66 3795 68 24 tions,
159 3802 27 15 no
211 3795 63 23 lands
298 3796 27 22 be
346 3798 105 23 reserved
479 3807 26 15 as
523 3801 56 23 sites
606 3802 25 24 of

67 3831 78 23 towns,
169 3828 42 23 iiiitl
225 3829 46 22 that
284 3828 23 23 in
320 3828 30 23 all
360 3837 66 16 cases
449 3831 24 23 in
485 3833 74 23 which
570 3835 58 24 such

67 3866 100 16 reserves
181 3868 50 23 muy
251 3861 55 23 have
324 3861 55 24 been
402 3863 90 32 already
504 3866 73 30 made,
590 3868 38 23 the

66 3892 65 25 lands
155 3894 126 30 comprised
303 3895 25 23 in
350 3895 61 25 them
433 3896 60 25 shall
525 3898 30 25 be
577 3900 52 24 sold

1898 708 221 21 WHOLESALE
2148 708 126 22 PRICES
2309 710 173 20 CURRENT.

1909 3397 35 16 Ihe
1958 3398 47 16 Mew
2017 3400 99 17 Zealand
2126 3402 94 17 Gazette
2231 3403 41 20 will,
2285 3404 27 17 for
2323 3406 30 16 the
2365 3406 73 18 present,
2447 3404 18 15 be

1886 3418 94 18 published
1989 3420 73 20 weekly,
2070 3426 54 16 every
2131 3424 88 20 Saturday
2227 3429 90 17 morning.
2339 3426 67 16 Sosoon
2413 3423 51 18 asitii

1886 3438 108 22 sulliciently
2001 3443 103 18 .supported,
2115 3443 15 16 it
2138 3444 35 16 will
2186 3445 20 16 be
2214 3445 61 17 issued
2282 3447 124 18 semi-weekly.
2426 3445 38 17 Sub-

1884 3461 61 17 joined
1952 3464 31 12 arc
1991 3461 30 16 the
2029 3464 56 15 terms
2090 3468 4 10 :

1907 3480 62 16 I'jura
1977 3485 25 12 of
2008 3486 42 12 the
2057 3483 97 17 Paper.
2155 3485 54 21 Forty
2215 3486 84 21 shillings
2306 3492 31 16 per
2347 3491 71 15 annum,
2429 3489 35 18 pay-

1886 3502 39 14 able
1932 3505 18 11 in
1958 3502 81 16 advance
2045 3508 3 14 ;
2060 3508 19 12 or
2086 3509 35 12 one
2128 3505 77 21 shilling
2212 3507 26 15 for
2245 3508 58 19 single
2311 3509 87 16 numbers.

1906 3522 211 19 Advektisemjsnts.
2119 3526 32 16 Six
2161 3527 47 15 lives.
2219 3527 36 16 and
2267 3529 62 19 under,
2340 3530 26 15 3s.
2374 3526 88 19 6d.fortho

1879 3544 46 13 -urst
1935 3546 95 17 insertion,
2042 3545 36 16 and
2089 3549 35 13 one
2135 3546 76 21 shilling
2218 3548 26 15 for
2251 3549 43 16 each
2301 3550 107 19 subsequent
2414 3548 50 16 inser-

1885 3564 38 14 tion
1928 3567 4 14 ;
1944 3563 48 17 from
1999 3565 28 15 six
2036 3567 18 14 to
2062 3567 29 14 ten
2100 3566 53 20 lines,
2161 3567 35 17 five
2203 3568 85 21 shillings
2300 3570 27 16 for
2337 3570 32 16 the
2380 3570 40 18 first,
2431 3567 30 17 and

1885 3586 34 12 one
1929 3583 77 21 shilling
2016 3586 36 16 and
2063 3586 87 21 sixpence
2160 3588 29 16 for
2199 3589 44 16 each
2254 3591 112 19 subsequent
2376 3589 86 17 insertion;

1885 3604 55 15 above
1952 3607 30 14 ten
1995 3605 52 20 lines,
2059 3607 34 15 five
2105 3608 85 20 shillings
2201 3609 28 16 for
2240 3610 30 16 ths
2281 3611 38 15 first
2331 3614 30 13 ten
2373 3611 47 17 lines,
2432 3608 29 16 and

1886 3624 95 19 (ourpem-e
1989 3630 31 15 per
2027 3626 37 17 line
2072 3628 26 15 for
2105 3629 32 15 the
2144 3633 64 12 excess
2215 3631 69 16 oMhat
2292 3632 83 19 number;
2386 3631 33 16 and
2426 3632 35 13 two-

1885 3649 55 15 pence
1947 3649 32 15 per
1987 3646 37 16 line
2032 3647 26 16 for
2065 3649 43 15 each
2117 3650 112 19 subsequent
2234 3650 96 18 insertion.

1906 3666 156 17 Advertisements
2070 3669 36 16 will
2114 3671 32 14 not
2152 3674 67 16 appear
2228 3671 19 16 in
2259 3673 31 14 the
2301 3672 78 20 ensuing
2388 3671 72 17 number,

1885 3687 12 13 11
1910 3687 82 16 received
1999 3687 46 16 later
2052 3689 43 16 than
2107 3689 72 22 IJnday,
2192 3692 20 15 10
2222 3691 73 20 o'clock,
2306 3697 42 12 a.m.
2370 3690 91 19 Advertise-

1885 3708 59 14 ments
1952 3708 36 15 will
1997 3708 20 15 be
2025 3709 98 17 continueu
2130 3712 36 15 and
2173 3712 77 20 charged
2255 3710 204 20 untilcounter-ordered;

1885 3728 43 14 such
1936 3727 53 16 order
1995 3730 51 15 must
2053 3730 20 16 be
2080 3734 43 12 sent
2129 3732 19 15 to
2154 3732 32 16 the
2191 3732 55 17 Office
2249 3734 55 16 three
2311 3734 43 19 days
2362 3734 55 16 before
2424 3732 36 20 pub-

1884 3747 79 18 lication,
1972 3749 35 15 and
2015 3751 51 14 must
2074 3751 20 15 be
2101 3751 20 16 in
2128 3753 80 19 writing.
2228 3753 154 18 Advertisements
2389 3750 69 20 received

1884 3769 51 19 after
1942 3769 21 15 10
1971 3773 9 11 o
1987 3769 51 16 clock
2046 3774 23 12 on
2079 3770 67 22 Friday
2155 3773 85 22 morning
2252 3774 36 17 will
2299 3776 21 15 be
2332 3774 73 20 charged
2415 3772 43 17 twice

1885 3789 29 14 tuo
1923 3788 52 16 usual
1982 3791 54 14 rates.

1905 3807 28 17 All
1940 3809 67 17 orilcrh,
2020 3810 157 21 advertisements,
2187 3814 38 16 and
2236 3816 160 15 communications
2406 3815 19 15 to
2434 3812 25 17 th

1885 3831 66 15 fccutoi,
1958 3834 33 11 are
1997 3832 95 18 requested
2099 3834 18 15 to
2125 3833 22 16 be
2152 3834 99 17 addressed
2258 3837 18 14 to
2284 3836 35 16 this
2326 3836 60 16 Office.

1885 3878 71 16 Printed
1961 3880 37 16 and
2003 3881 96 19 published
2105 3887 55 17 every
2166 3884 89 21 Saturday
2262 3886 89 20 morning,
2359 3887 21 19 by
2387 3886 71 16 Samcbi

1905 3899 88 17 Kevavs,
2005 3904 18 12 at
2036 3902 30 16 the
2077 3903 56 16 Office
2145 3904 20 16 of
2176 3905 32 16 the
2219 3906 49 16 Nuw
2275 3906 97 17 Zealand
2379 3906 78 16 Gazeim

1905 3922 183 17 ajujWeihsoton
2097 3923 120 21 Spkctator,
2225 3926 153 19 Taranaki-place,
2386 3925 66 19 Wellini

1905 3941 36 17 ton.
1949 3940 45 18 Port
2001 3943 105 21 NicioUoii,
2114 3944 45 18 Wew
2166 3945 87 19 Zealand.

709 120 31 30 by
752 121 90 23 auction
860 125 22 19 to
901 121 39 24 the
961 122 93 31 highest
1072 122 87 30 bidder,
1179 123 81 24 should

710 160 45 22 any
765 154 90 29 portion
868 154 27 23 of
909 154 62 24 them
982 154 57 24 have
1051 155 57 24 been
1120 155 106 32 disposed
1237 157 26 23 of

710 192 26 16 as
747 190 59 18 town
818 185 135 30 allotments,
967 187 48 29 but,
1028 187 22 24 if
1063 195 59 16 none
1133 188 58 23 have
1203 189 56 23 been

710 225 25 16 so
748 218 104 31 disposed
863 219 31 29 of,
908 219 58 23 shall
978 227 64 16 cease
1051 225 22 18 to
1085 220 28 24 be
1122 221 103 24 reserved
1234 229 25 16 as

710 254 60 19 town
792 251 54 28 lots,
868 251 47 24 and
931 251 60 24 shall
1009 253 28 23 be
1056 261 59 23 open
1133 258 23 19 to
1173 254 47 23 sale
1237 261 23 17 at

710 282 38 24 the
759 284 91 29 general
861 284 98 24 uniform
971 286 70 29 price.

745 316 63 23 10th.
846 316 62 24 That
915 318 23 22 in
946 317 30 23 all
984 326 70 21 cases,
1065 319 121 31 excepting
1195 319 64 24 those

708 348 25 23 in
745 348 72 24 which
828 349 19 23 it
858 357 52 23 may
921 350 39 23 be,
967 350 71 24 found
1055 352 168 30 impracticable
1236 357 22 19 to

708 382 93 29 provide
812 382 30 30 by
853 383 101 22 taxation
971 383 35 23 for
1023 383 39 23 the
1079 392 122 23 necessary
1217 392 41 17 ex-

707 420 83 24 penses
802 415 25 22 of
841 416 125 29 protection
983 415 45 24 and
1045 416 162 30 Government,
1220 418 38 23 the

708 446 71 23 whole
792 448 26 22 of
833 447 37 23 the
881 448 109 31 proceeds
1003 449 104 23 obtained
1119 449 30 32 by
1160 450 39 23 the
1211 451 46 23 sale

708 478 26 24 of
741 479 77 31 public
825 479 53 24 land
886 481 59 22 shall
955 481 29 23 be
995 481 118 31 employed
1125 490 25 15 as
1162 491 28 15 an
1201 485 57 22 emi-

708 512 89 29 gration
807 513 57 23 fund
875 513 25 23 in
912 515 128 30 conveying
1046 514 79 24 labour
1133 519 23 19 to
1168 515 38 25 the
1219 524 38 16 co-

707 543 55 32 lony
773 552 25 16 or
809 545 169 24 adminstrative
991 547 95 29 district,
1099 549 24 22 in
1134 548 74 23 which
1219 549 39 24 the

706 576 55 24 land
771 585 52 24 may
835 578 28 23 be
873 579 58 23 sold.

743 611 64 23 11th.
844 611 63 24 That
922 620 15 15 a
953 613 117 30 provision
1084 613 30 24 be
1125 614 133 24 introduced

706 642 48 23 into
761 642 37 24 the
806 643 57 24 New
872 644 73 24 South
952 644 80 25 Wales
1043 646 49 29 bill,
1105 648 153 31 empowering

706 675 39 23 the
757 676 52 23 land
821 677 46 23 and
886 678 134 30 emigration
1040 680 181 23 commissioners
1233 686 23 18 to

706 708 59 23 raise
776 716 82 24 money
870 717 30 16 on
911 710 37 23 the
960 712 100 30 security
1068 712 25 23 of
1101 712 39 24 the
1148 714 108 29 proceeds

706 740 26 24 of
752 741 38 23 the
800 742 76 24 future
889 743 59 23 sales
960 743 27 24 of
1000 745 79 30 public
1091 745 61 28 land,
1171 746 35 23 for
1218 746 38 23 the

705 781 98 24 purpose
816 775 26 22 of
855 777 130 30 promoting
996 778 135 30 emigration
1143 783 22 18 to
1178 787 42 22 any
1234 780 25 23 of

706 806 39 24 the
755 812 92 25 present
859 816 25 16 or
896 809 75 23 future
983 809 98 25 colonies
1094 812 24 22 in
1129 811 125 30 Australia,

706 847 54 16 save
770 840 45 24 and
827 847 81 25 except
919 842 73 23 South
1004 843 126 30 Australia,
1139 844 35 23 for
1182 845 73 24 which

705 873 116 30 provision
832 875 19 22 is
861 874 65 24 made
938 876 24 22 in
969 875 38 24 the
1015 876 58 24 Acts
1080 877 27 23 of
1116 876 140 26 Parliament

705 905 91 31 already
807 907 107 30 existing.
1005 909 65 29 have,
1084 910 44 23 &c.

839 938 111 32 (Signed)
1018 941 30 23 T.
1062 942 29 22 F.
1104 942 106 24 Elliot.

1025 973 33 24 It.
1072 973 132 26 ToRRENS.

1023 1005 33 25 E.
1068 1006 32 24 E.
1120 1007 134 25 VILLIERS.

705 1070 38 23 Sir
766 1070 90 32 George
880 1071 71 29 Rose,
974 1081 51 16 now
1048 1082 13 15 a
1079 1074 73 32 Judge
1171 1076 24 23 in
1217 1076 38 24 the

672 1102 71 24 Court
755 1104 24 22 of
788 1104 102 29 Review,
903 1105 18 23 is
934 1109 23 19 to
975 1106 28 24 be
1016 1106 38 24 the
1066 1115 49 16 new
1133 1108 87 24 Master
1231 1111 23 22 in

671 1135 126 32 Chancery,
811 1138 23 21 in
846 1137 38 24 the
895 1145 64 16 room
971 1139 24 23 of
1011 1139 62 24 Lord
1093 1140 99 32 Henley,
1205 1144 49 22 who

670 1170 87 22 retires.
792 1170 59 23 This
870 1171 21 22 is
909 1171 39 23 the
966 1171 62 24 third
1047 1173 110 29 instance,
1170 1176 86 31 arising

670 1206 39 18 out
721 1203 25 22 of
756 1202 36 23 the
806 1203 71 23 Court
889 1203 24 23 of
923 1204 157 32 Bankruptcy,
1096 1208 23 21 in
1133 1207 71 24 which
1216 1210 38 22 the

671 1234 62 23 Lord
747 1235 135 24 Chancellor
902 1236 41 23 has
962 1237 111 25 refrained
1086 1239 57 24 from
1157 1241 98 32 availing

670 1267 93 24 himself
782 1268 26 23 of
826 1269 35 22 his
884 1274 132 28 patronage.
1060 1272 71 30 First,
1154 1274 64 23 when
1242 1283 14 15 a

669 1308 97 23 vacancy
789 1302 108 23 occurred
921 1303 25 23 in
971 1304 37 22 the
1037 1304 110 25 Common
1178 1307 75 30 Pleas,

670 1333 71 24 which
763 1341 45 16 was
832 1335 62 23 filled
916 1336 30 30 ly
970 1337 38 22 the
1033 1337 148 26 Honourable
1204 1341 48 23 Mr.

670 1366 108 30 Erskine,
791 1367 48 23 who
853 1375 45 16 was
910 1370 104 22 removed
1028 1370 58 24 from
1099 1371 37 23 the
1149 1373 71 23 Court
1232 1375 25 22 of

670 1399 99 28 Review,
783 1401 43 22 and
838 1400 36 24 his
894 1401 63 31 place
967 1408 40 17 not
1018 1403 62 24 filled
1101 1412 35 23 up,
1150 1406 104 32 whereby

670 1440 12 15 a
693 1434 81 30 saving
791 1434 27 22 of
831 1434 98 27 3,000
946 1443 40 23 per
997 1443 84 17 annum
1095 1445 43 15 was
1151 1439 101 25 effected.

672 1465 67 29 Next,
758 1474 27 15 on
805 1467 39 23 the
861 1467 93 24 decease
971 1469 25 22 of
1012 1469 46 24 Mr.
1074 1469 86 33 Gregg,
1174 1480 13 15 a
1204 1472 49 25 Re-

668 1499 83 29 gistrar
762 1499 23 23 in
806 1499 36 23 the
861 1508 63 16 same
936 1506 71 24 court,
1027 1509 29 16 no
1073 1511 118 17 successor
1209 1514 44 15 was

669 1532 135 30 appointed;
825 1532 47 24 Mr.
893 1534 96 31 Ayrton,
1009 1536 95 23 another
1126 1538 125 30 Registrar,

670 1565 151 31 undertaking
832 1570 22 19 to
868 1566 27 23 do
907 1567 36 23 his
955 1568 74 23 duties
1043 1569 32 22 till
1093 1569 38 24 the
1143 1573 110 29 proposed

670 1597 97 31 changes
790 1598 53 24 take
866 1600 72 31 place,
962 1600 29 31 by
1018 1601 71 24 which
1114 1604 70 23 t)0l)
1214 1613 35 23 pei

668 1638 84 15 annum
767 1632 19 21 is
799 1632 76 23 saved.
911 1632 54 24 And
983 1634 73 30 lastly,
1070 1636 30 30 by
1113 1636 37 22 the
1162 1645 91 22 present

668 1664 155 30 appointment
834 1665 26 23 of
876 1665 37 23 Sir
933 1666 91 31 George
1044 1668 70 27 Rose,
1127 1677 13 15 a
1154 1671 97 22 diminu-

670 1697 45 22 tion
728 1696 24 23 of
761 1698 96 27 2,000
870 1706 40 23 per
922 1707 44 15 ami
969 1707 37 16 urn
1024 1708 20 15 in
1058 1702 37 23 the
1108 1711 110 21 expenses
1231 1707 19 19 oi

669 1729 36 23 the
730 1730 70 22 Court
823 1731 25 23 of
869 1731 93 23 Review
986 1740 87 21 occurs,
1093 1742 25 15 as
1136 1737 19 21 it
1173 1737 18 22 is
1214 1745 36 15 noi

667 1762 105 23 intended
785 1768 22 17 to
819 1765 92 29 appoint
923 1766 116 30 anyoth'T
1050 1766 74 32 Judge
1136 1774 23 18 to
1171 1772 79 29 supply

668 1795 37 23 the
716 1803 98 23 vacancy
826 1798 133 22 occasioned
971 1798 28 30 by
1013 1799 34 23 his
1061 1802 106 22 removal.
1187 1803 64 23 Tiro.-.

667 1829 95 27 5,600
774 1836 40 23 per
826 1837 83 16 annum
923 1831 19 22 is
953 1832 70 23 saved
1041 1833 22 22 in
1077 1841 42 15 one
1133 1835 85 23 branch
1230 1844 19 15 0;

667 1868 41 16 one
719 1861 148 31 department.
902 1863 112 32 Morning
1025 1864 125 26 Chronicle.

701 1894 159 24 Character
880 1903 30 16 of
929 1904 51 16 the
999 1898 145 25 American
1170 1901 79 24 Colo-

668 1933 77 18 nists.
783 1928 50 23 The
846 1929 106 30 political,
966 1931 59 27 civil,
1045 1932 44 22 and
1107 1933 88 32 literary
1216 1936 33 22 in-

666 1960 124 29 stitutions,
804 1961 71 23 which
888 1970 32 15 we
928 1962 55 24 have
997 1963 51 24 thus
1061 1965 80 31 briefly
1152 1968 44 22 and
1209 1976 38 15 im-

668 1993 106 30 uerfectly
794 1995 95 27 noticed,
910 1996 137 23 established
1067 1999 135 30 principally
1223 2002 26 29 liy

668 2025 37 23 the
717 2026 106 22 colonists
837 2026 143 29 themselves,
995 2029 96 30 partook
1105 2037 38 16 not
1156 2039 13 15 a
1180 2032 66 28 little,

666 2066 25 14 ris
713 2057 36 24 the
770 2059 78 22 reader
869 2065 60 18 must
952 2060 57 23 have
1033 2062 117 30 obverved,
1167 2066 25 21 of
1214 2066 36 22 the

666 2090 115 24 character
794 2092 24 22 of
833 2092 58 23 their
903 2093 93 24 authors
1006 2103 5 19 ;
1025 2103 15 14 a
1051 2095 115 25 character
1177 2106 25 15 as
1211 2099 38 23 has

668 2125 54 22 been
737 2124 59 23 often
809 2125 127 29 remarked,
956 2128 100 28 peculiar
1075 2134 23 18 to
1111 2130 37 22 the
1161 2132 88 23 settlers

666 2158 22 21 in
702 2156 37 23 the
750 2165 50 15 new
813 2158 76 28 world,
901 2160 44 22 and
966 2160 21 22 in
1008 2168 67 24 many
1087 2168 100 25 respects
1206 2165 43 22 dif-

666 2190 73 23 ferent
756 2190 58 23 from
842 2191 48 23 that
911 2191 25 23 of
952 2192 36 23 the
1007 2199 63 25 great
1089 2203 61 16 mass
1169 2197 25 23 of
1212 2198 37 24 the

665 2224 79 29 people
758 2224 22 22 in
793 2224 100 31 Europe.
938 2225 73 24 Great
1022 2227 90 24 Britain
1123 2229 90 29 herself,
1227 2236 22 18 at

665 2255 38 23 the
727 2262 192 19 commencement
941 2258 26 23 of
993 2259 38 23 the
1054 2261 132 30 revolution,
1204 2271 44 16 was

666 2289 104 29 ignorant
783 2290 25 23 of
823 2290 38 23 the
881 2290 116 24 character
1016 2293 25 22 of
1068 2293 40 24 her
1128 2302 119 18 numerous

665 2321 101 31 subjects
795 2324 22 22 in
847 2323 124 29 America;
1009 2326 51 28 and,
1093 2328 88 28 indeed,
1211 2331 36 22 the

665 2354 123 24 American
800 2355 124 30 character,
938 2365 54 15 even
1007 2364 23 17 at
1047 2360 46 22 this
1108 2361 50 30 day,
1179 2363 18 23 is
1210 2368 38 18 not

665 2387 109 32 perfectly
786 2389 136 24 understood
936 2391 21 22 in
970 2391 102 31 Europe.
1110 2394 49 23 The
1171 2396 76 23 differ-

665 2428 54 15 ence
731 2422 22 22 in
774 2421 37 24 the
831 2423 176 24 circumstances
1031 2426 43 22 and
1093 2427 113 25 condition
1226 2430 24 22 of

665 2453 37 24 the
714 2459 64 25 great
789 2462 62 16 mass
864 2456 25 23 of
904 2456 37 23 the
954 2457 139 24 inhabitants
1109 2460 25 23 of
1149 2461 37 23 the
1199 2470 47 15 new

664 2487 42 22 and
721 2487 36 24 the
771 2487 37 24 old
827 2488 77 29 world,
923 2497 74 16 seems
1010 2495 23 19 to
1045 2491 56 24 have
1115 2494 55 22 been
1183 2503 63 15 over-

663 2520 82 24 looked
753 2520 29 31 by
790 2527 59 17 most
858 2522 24 23 of
891 2522 38 23 the
941 2522 144 32 Europeans.
1106 2525 22 23 It
1136 2528 64 22 could
1209 2534 38 17 not

663 2553 58 23 have
733 2554 102 31 escaped,
848 2563 42 15 one
896 2556 71 23 would
977 2564 106 24 suppose,
1093 2558 37 24 the
1137 2562 108 22 attention

663 2586 26 22 of
705 2586 36 24 the
753 2592 59 18 most
824 2589 129 30 superficial
966 2589 113 30 observer,
1093 2591 47 24 that
1150 2601 28 14 no
1187 2595 59 22 ordi-

663 2626 56 24 nary
739 2620 103 28 motives,
863 2629 28 14 no
909 2629 103 16 common
1031 2631 83 23 e7iergy
1136 2626 26 22 of
1176 2628 69 27 mint),

664 2652 65 24 could
737 2653 56 23 have
805 2654 96 23 induced
909 2654 38 24 the
952 2655 51 23 first
1009 2662 32 16 set
1046 2657 54 23 tiers
1108 2658 25 22 of
1141 2660 104 24 America

664 2690 22 18 to
698 2685 62 24 leave
773 2686 58 23 their
842 2688 76 22 native
931 2688 78 24 homes
1023 2688 33 25 for
1068 2698 14 15 a
1100 2691 129 25 wilderness
1238 2703 6 19 ;

663 2719 68 22 much
741 2718 47 24 less
800 2724 22 18 to
835 2725 122 19 encounter
977 2721 39 23 the
1031 2722 97 31 dangers
1140 2729 22 19 to
1174 2726 71 23 which

665 2751 53 31 chey
729 2759 57 16 were
799 2753 105 30 exposed,
924 2753 43 23 and
988 2759 22 18 to
1027 2755 83 24 endure
1130 2757 37 24 the
1179 2758 67 25 hard-

664 2784 63 31 ships
738 2786 139 31 necessarily
888 2787 101 23 incident
1002 2793 22 17 to
1037 2789 58 23 their
1107 2798 48 15 new
1175 2793 71 23 situa-

663 2818 56 22 tion.
766 2817 100 32 Though
889 2819 38 23 the
948 2821 96 22 motives
1067 2822 45 23 and
1133 2824 68 24 views
1224 2827 26 22 of

663 2849 64 24 those
751 2851 49 23 who
818 2852 83 23 settled
917 2853 23 23 in
962 2853 38 23 the
1021 2854 105 25 different
1149 2858 97 24 colonies

663 2890 58 16 were
732 2883 112 29 different,
856 2890 39 26 yet
905 2885 58 23 their
974 2887 107 28 situaion,
1094 2889 22 22 in
1129 2890 58 23 their
1198 2899 48 16 new

663 2916 74 30 places
746 2916 25 23 of
786 2917 79 29 abode,
874 2918 68 31 being
953 2920 23 22 in
988 2927 68 24 many
1068 2929 25 15 re
1100 2928 68 25 <pects
1181 2925 65 23 simi-

663 2949 40 28 lar,
722 2950 110 30 naturally
853 2951 112 31 produced
985 2953 22 22 in
1027 2954 31 22 all
1076 2962 29 15 an
1124 2963 83 24 energy
1224 2958 25 24 of

663 2981 122 29 character,
798 2983 43 23 and
853 2991 15 16 a
878 2985 66 30 spirit
962 2985 26 24 of
1009 2986 174 32 independence,
1202 2998 44 16 un-

663 3014 82 24 known
756 3017 23 21 in
791 3015 36 24 the
839 3022 64 25 great
914 3025 62 16 mass
993 3019 27 23 of
1038 3020 38 23 the
1094 3022 80 30 people
1192 3024 54 30 they

662 3047 44 24 had
718 3049 39 23 Jeft
769 3050 23 22 in
804 3049 101 31 Europe.
943 3050 29 24 In
982 3057 60 18 most
1054 3053 26 23 of
1089 3054 38 22 the
1139 3055 105 30 colonies,

662 3081 37 23 the
712 3082 138 24 inhabitants
863 3083 51 23 held
927 3083 58 25 their
997 3085 64 23 lands
1074 3087 24 22 in
1108 3087 36 23 fee
1156 3089 88 31 simple,

660 3113 48 24 free
720 3115 57 22 from
797 3120 70 19 rents.
910 3116 89 24 Feudal
1018 3122 89 20 tenures
1126 3127 57 17 were
1201 3130 43 16 un-

663 3146 81 24 known
755 3148 25 22 in
792 3148 115 24 America.
944 3149 79 32 Every
1035 3159 51 15 man
1101 3160 44 16 was
1161 3162 13 15 a
1186 3155 58 24 free-

660 3179 86 30 holder,
769 3181 44 22 and
838 3181 35 23 his
896 3182 103 24 freehold
1018 3191 44 16 was
1086 3189 23 20 at
1138 3186 34 23 his
1195 3196 49 16 own

661 3212 106 31 disposal.
814 3214 116 24 Attached
942 3220 22 18 to
978 3216 38 23 the
1027 3217 56 23 farm
1097 3226 27 16 on
1138 3219 71 24 which
1218 3222 27 23 he

661 3245 65 28 lived,
741 3245 44 24 and
795 3247 59 22 from
873 3247 73 24 which
964 3249 31 22 he
1013 3252 123 29 supported
1155 3252 92 26 himself

660 3278 45 23 and
715 3278 87 31 family,
814 3279 30 24 he
851 3280 44 23 had
902 3289 67 22 every
977 3282 144 26 inducement
1133 3289 21 19 to
1166 3293 78 18 secure

660 3311 45 23 and
722 3312 81 23 defend
822 3313 26 23 it.
889 3313 59 24 This
967 3315 152 31 independant
1136 3319 108 24 situation

659 3351 46 16 was
717 3345 153 32 immediately
880 3346 42 24 felt
933 3347 29 30 by
975 3348 38 23 the
1023 3349 52 23 first
1086 3351 123 30 emigrants
1221 3358 23 18 to

660 3377 75 24 North
747 3378 116 24 America.
887 3402 5 6 ,
906 3379 112 32 Alluding
1030 3386 21 18 to
1065 3383 43 22 this
1128 3384 114 30 situation,

659 3417 25 16 so
697 3410 103 24 different
818 3412 59 23 from
889 3412 50 23 that
950 3413 25 23 of
991 3421 68 24 many
1071 3415 28 23 he
1111 3416 44 23 had
1167 3417 42 25 left
1220 3419 22 23 in

658 3442 116 32 England,
788 3452 41 16 one
842 3445 24 23 of
876 3444 96 25 tlie-first
978 3447 90 23 settlers
1079 3449 22 22 in
1112 3449 130 31 Plymouth,

658 3476 22 22 in
694 3485 14 14 a
718 3477 67 23 letter
795 3482 23 19 to
831 3478 35 23 his
877 3477 74 24 friend
962 3479 71 29 there,
1047 3482 113 28 observes,
1185 3483 57 25 We

658 3517 38 15 are
708 3510 28 22 all
748 3510 147 29 freeholders,
916 3511 43 23 and
971 3511 38 24 the
1021 3518 51 18 rent
1082 3513 44 32 day
1139 3515 53 24 does
1204 3522 39 19 not

658 3542 87 23 trouble
759 3543 44 24 us.'
839 3543 57 24 This
916 3544 152 32 independent
1087 3548 113 24 condition
1220 3550 25 24 of

658 3574 38 24 the
714 3575 116 29 colonists,
853 3577 52 23 with
917 3583 90 26 respect
1023 3584 23 18 to
1067 3579 36 23 the
1122 3585 79 20 tenure
1220 3584 25 22 of

657 3607 58 24 their
728 3608 74 30 lands,
812 3609 119 24 combined
943 3610 54 24 with
1009 3611 38 24 the
1059 3612 74 32 equali
1143 3622 16 23 y
1169 3616 72 23 which

657 3640 88 24 existed
757 3649 84 24 among
860 3642 69 29 them,
948 3644 87 31 arising
1051 3645 59 24 from
1129 3654 28 16 an
1176 3649 65 30 equal

657 3673 145 24 distribution
814 3673 33 25 'of
861 3680 114 26 property,
993 3685 15 15 a
1024 3678 93 30 general
1135 3680 107 24 diffusion

657 3706 26 23 of
698 3706 140 31 knowledge,
858 3708 44 24 and
920 3717 14 15 a
950 3710 68 23 share
1037 3710 72 24 which
1122 3712 29 23 all
1162 3712 43 25 had
1218 3715 23 22 in

656 3737 39 25 the
713 3739 163 28 Government,
898 3743 114 30 naturally
1028 3744 115 30 produced
1161 3753 13 16 a
1191 3746 51 25 love

657 3772 26 22 of
696 3771 90 31 liberty,
796 3781 29 15 an
838 3774 169 31 Independence
1018 3776 26 23 of
1060 3777 122 30 character,
1197 3781 44 22 and

656 3811 15 15 a
684 3804 105 31 jealousy
804 3806 30 23 .of
855 3814 83 24 power,
957 3807 74 24 which
1050 3810 127 32 ultimately
1195 3812 45 30 led,

657 3837 70 22 under
739 3837 75 24 divine
829 3838 149 31 Providence,
998 3845 22 19 to
1040 3842 49 23 that
1107 3845 133 30 revolution,

656 3869 74 23 which
740 3870 80 31 placed
833 3871 61 25 them
907 3880 83 24 among
1002 3874 38 24 the
1051 3876 89 23 nations
1158 3877 25 23 of
1204 3878 37 24 the

656 3901 72 26 earth.
763 3902 102 25 Pitkin's
873 3904 101 32 History
982 3906 30 31 of
1015 3906 39 25 the
1063 3907 84 25 United
1153 3907 86 27 States.

515 34 101 34 THE
633 35 113 33 NEW
763 34 229 36 ZEALAND
1009 38 226 34 GAZETTE
1253 39 102 33 AND
1373 39 329 35 WELLINGTON
1726 42 293 33 SPECTATOR.

1970 744 133 15 CORRECTED
2118 745 28 14 UP
2160 745 30 15 TO
2205 747 84 14 FRIDAY
2304 748 110 15 EVENING.

1908 782 5 3 .
1978 782 10 9 T
2015 783 7 8 ,
2064 784 7 7 ,
2163 785 7 6 ,
2278 771 14 12 S.
2318 768 19 16 d.
2430 773 15 12 8.
2470 770 17 15 d.

1899 784 63 20 Ale:
1978 784 27 20 In
2015 784 79 26 bottle,
2108 785 114 27 perdoz..
2241 789 14 19 0
2271 788 25 20 12
2324 790 14 19 6
2355 803 18 5 ..
2393 791 14 19 0
2421 790 26 21 14
2473 792 14 19 0

1977 810 103 27 Taylor's
2237 813 13 21 7
2278 816 14 19 0
2320 816 14 20 0
2351 829 6 6 .
2364 829 6 6 .
2389 815 13 22 7
2430 817 13 20 0
2470 818 14 20 0

1899 836 111 22 Arrack:
2027 837 43 21 Per
2078 838 75 26 gallon
2243 841 14 20 0
2283 842 14 19 3
2325 842 14 20 6
2357 855 18 6 ..
2393 843 14 20 0
2434 843 13 21 0
2473 848 14 19 0

1899 863 77 21 Bread
1985 871 5 13 :
2007 864 43 21 Per
2058 864 45 22 21b.
2116 865 49 21 loaf
2243 868 14 20 0
2285 869 13 19 0
2325 869 14 19 9
2357 882 5 6 .
2369 882 6 6 .
2393 870 15 20 0
2434 871 14 19 0
2474 871 13 20 0

1898 889 73 22 Beef:
1986 889 78 28 Fresh,
2084 898 89 15 carcase
2190 900 40 19 per

2014 916 25 22 lb
2240 921 14 20 0
2282 921 10 20 1
2324 922 13 20 0
2355 935 18 6 ..
2392 923 14 19 0
2434 922 10 21 1
2473 924 12 20 3

1898 942 93 22 Butter
1998 950 5 13 :
2021 943 64 27 Irish,
2096 951 39 20 per
2143 945 31 21 lb.
2206 959 6 7 .
2219 960 6 5 .
2243 948 14 19 0
2285 947 11 20 1
2326 948 13 20 9
2357 961 5 6 .
2370 961 5 6 .
2394 949 15 20 0
2435 949 14 20 2
2475 951 14 19 0

2021 968 68 23 Fresh
2243 974 15 19 0
2284 973 13 20 5
2325 974 51 20 0..
2394 976 14 20 0
2435 976 13 20 0
2475 977 13 19 0

1899 994 96 23 Brandy
2002 1003 5 14 :
2023 995 59 22 First
2089 996 93 28 quality,
2190 1005 40 20 per

2047 1022 75 26 gallon
2242 1027 14 19 0
2271 1026 26 21 10
2325 1027 14 20 0
2355 1041 20 6 ..
2393 1029 14 19 0
2422 1027 26 22 14
2475 1029 12 20 0

1899 1047 84 22 Brown
2003 1048 89 23 Stout:
2116 1049 113 23 Trueman

2134 1077 46 21 and
2188 1078 38 21 Co.
2242 1079 14 21 6
2270 1079 26 20 15
2324 1081 13 19 0
2355 1093 19 6 ..
2392 1080 13 21 7
2432 1082 14 20 0
2473 1083 12 19 0

1899 1100 85 23 Cigars
1992 1108 5 14 :
2009 1101 104 29 Manilla,
2120 1110 40 20 per
2168 1105 59 26 1000,
2242 1106 55 20 310
2324 1107 83 20 0..4
2433 1108 14 20 0
2473 1109 14 19 0

2006 1128 98 22 Inferior
2241 1132 15 20 2
2283 1133 13 20 0
2325 1133 13 20 0
2355 1147 19 5 ..
2392 1135 15 19 0
2433 1135 13 19 0
2473 1135 13 20 0

2008 1154 136 29 Havannah,
2150 1164 40 20 per
2197 1157 30 22 lb.
2242 1160 14 19 0
2271 1159 26 20 14
2324 1160 13 20 0
2355 1173 18 6 ..
2393 1161 14 19 0
2433 1161 13 20 0
2473 1163 12 18 0

2006 1181 126 23 Chinsurah
2242 1186 14 19 2
2271 1186 25 20 10
2325 1187 49 19 0..
2392 1187 15 20 0
2433 1188 12 20 0
2473 1189 12 19 0

2005 1208 155 23 Alexandrian
2242 1212 52 20 110
2323 1213 13 19 0
2353 1226 19 6 ..
2391 1214 14 20 0
2432 1214 13 20 0
2473 1216 12 19 0

1899 1234 85 22 Coffee
1991 1241 5 14 :
2008 1234 65 28 Java,
2086 1243 38 19 per
2132 1236 24 22 lb
2242 1239 14 20 0
2284 1239 8 20 1
2325 1240 13 19 0
2355 1253 5 6 .
2368 1253 6 6 .
2393 1241 14 19 0
2434 1241 10 19 1
2473 1241 12 21 3

1898 1261 89 21 Cheese
1994 1269 5 13 :
2016 1261 106 24 Cheshire
2242 1267 13 19 0
2283 1266 10 20 1
2324 1266 83 20 3..0
2435 1267 51 21 110

2016 1288 54 22 Pine
2082 1290 73 26 Apple
2242 1293 13 19 0
2283 1293 10 19 1
2324 1293 83 20 4..0
2435 1293 9 21 1
2473 1295 12 19 6

2014 1314 75 22 Dutch
2242 1320 14 19 0
2284 1319 9 20 1
2324 1319 13 20 0
2355 1333 18 6 ..
2391 1321 15 19 0
2434 1321 10 19 1
2472 1321 13 20 3

1898 1340 104 22 Candles
2010 1348 5 13 :
2023 1341 93 27 English
2125 1350 56 20 wax,
2190 1351 39 19 per

2042 1368 22 21 lb
2242 1373 14 19 0
2282 1372 14 20 2
2311 1373 26 19 10
2355 1386 18 6 ..
2393 1374 14 19 0
2433 1373 12 20 3
2473 1375 12 20 0

2028 1394 80 23 Mould
2240 1399 14 20 0
2283 1399 9 20 1
2324 1399 82 21 0..0
2433 1401 10 19 1
2471 1402 14 20 4

2028 1421 57 27 Dips
2240 1426 13 20 0
2280 1427 14 19 0
2310 1426 25 20 10
2353 1439 18 6 ..
2390 1427 14 20 0
2432 1427 10 21 1
2471 1429 13 19 0

1899 1446 90 22 Flour:
1999 1448 131 28 lstquality,
2143 1453 83 23 perton

2020 1474 134 23 of2ooolbs
2224 1478 28 20 30
2280 1479 13 20 0
2322 1479 12 20 0
2353 1480 51 20 ..35
2430 1481 13 19 0
2470 1482 13 19 0

1995 1501 46 21 2nd
2052 1501 56 22 ditto
2227 1506 27 19 26
2281 1507 14 19 0
2323 1506 82 21 0..30
2431 1507 13 19 0
2470 1509 13 19 0

1898 1526 45 22 Gin
1952 1534 4 13 :
1979 1526 52 23 Pale
2240 1533 14 19 0
2280 1532 13 20 5
2323 1533 48 19 6..
2391 1535 13 18 0
2430 1533 13 20 9
2470 1536 12 19 0

1977 1553 63 27 Case,
2055 1557 13 19 3
2083 1555 87 26 gallons
2179 1558 45 20 4-5.
2242 1559 8 20 1
2281 1560 14 19 3
2324 1560 13 19 0
2354 1573 18 5 ..
2393 1561 10 19 1
2431 1560 13 20 8
2471 1563 13 18 0

1898 1579 67 22 Hams
1973 1587 5 14 :
1995 1580 128 28 Yorkshire,
2139 1590 40 19 per
2189 1583 22 22 lb
2219 1600 5 5 .
2241 1586 13 19 0
2283 1586 9 20 1
2324 1586 13 20 0
2355 1600 4 5 .
2367 1600 5 5 .
2392 1588 13 19 0
2433 1587 9 19 1
2470 1589 13 20 2

1897 1606 126 22 Mustard:
2042 1608 41 21 Per
2092 1609 70 22 dozen
2243 1613 9 20 1
2282 1613 13 20 8
2324 1613 81 21 0..0
2431 1614 14 20 0
2471 1617 12 18 0

1898 1633 112 22 Mutton:
2033 1634 92 23 Carcase
2137 1644 39 19 per
2186 1637 22 22 lb
2219 1640 35 19 .
2282 1640 9 19 1
2323 1640 13 19 0
2354 1653 18 6 ..
2391 1641 13 19 0
2432 1641 10 19 1
2470 1642 12 20 2

1897 1660 121 22 Muskets:
2036 1661 92 22 Walnut
2134 1664 93 21 stocked
2241 1667 13 19 0
2270 1666 26 21 14
2323 1667 13 19 0
2353 1680 19 6 ..
2393 1667 10 20 1
2431 1667 13 20 8
2470 1670 12 19 0

1897 1687 77 20 Mjlk.
1991 1688 43 20 Per
2040 1688 49 26 pint
2240 1693 14 20 0
2281 1694 14 19 0
2322 1693 14 20 7
2353 1706 19 7 ..
2392 1695 13 19 0
2431 1695 13 19 0
2470 1697 14 18 0

1897 1713 55 21 Oil:
1969 1713 104 28 Linseed,
2084 1723 38 19 per
2132 1716 76 26 gallon
2219 1734 5 5 .
2240 1720 13 19 0
2280 1720 14 19 6
2323 1720 13 19 0
2353 1733 19 6 ..
2391 1722 14 19 0
2431 1721 12 19 8
2469 1722 13 20 6

1969 1740 285 30 Bkck,incask,perton2o
2281 1747 14 20 0
2323 1747 13 19 0
2353 1760 19 6 ..
2391 1749 13 19 0
2431 1748 13 19 0
2469 1749 13 20 0

1899 1766 59 21 Pork
1966 1774 5 13 :
1988 1767 76 27 Fresh,
2082 1776 88 15 carcase
2187 1778 39 19 per

2013 1794 22 21 N>
2240 1800 13 19 0
2280 1801 14 19 0
2321 1800 50 20 4..
2390 1802 14 19 0
2430 1801 13 19 0
2468 1802 14 20 0

1899 1821 59 19 Pork
1966 1827 5 13 :
1989 1821 65 26 Irish,
2066 1829 39 19 per
2115 1822 71 23 barrel
2201 1826 93 21 ..410
2321 1827 16 20 0
2353 1840 5 7 .
2365 1840 6 6 .
2391 1829 13 19 0
2430 1828 13 19 0
2469 1829 12 20 0

1899 1846 127 22 Potatoes.
2047 1848 56 21 New
2117 1850 108 28 Zealand,

2073 1883 38 18 per
2120 1881 37 16 ton
2237 1880 14 19 2
2279 1881 14 19 0
2321 1881 81 19 0..5
2429 1881 13 19 0
2468 1882 12 20 0

1899 1900 89 21 Porter
1996 1907 7 14 :
2035 1901 51 21 Dun
2090 1902 44 28 bar,
2147 1904 23 21 in
2181 1904 43 22 but.

2063 1929 91 26 perdoz
2239 1934 14 19 0
2268 1933 26 20 12
2322 1934 13 19 0
2353 1947 17 6 ..
2390 1935 14 20 0
2418 1934 25 20 14
2468 1935 13 20 0

1898 1953 93 21 Pickles
2003 1961 6 13 :
2043 1954 114 28 Assorted,
2188 1965 40 19 per

2066 1982 58 25 doz.,
2150 1989 74 19 quarts
2242 1986 7 20 1
2280 1987 14 19 6
2322 1987 14 20 0
2353 2000 19 6 ..
2393 1988 7 20 1
2419 1988 25 20 10
2468 1989 13 19 0

1898 2007 67 20 Pitch
1980 2014 6 12 :
2019 2007 137 28 Stockholm,
2188 2018 39 18 per

2044 2034 69 21 barrel
2242 2039 53 20 110
2322 2040 36 19 0.
2366 2053 6 6 .
2404 2041 12 19 2
2430 2041 13 19 0
2468 2042 12 19 0

1899 2059 89 20 Plank:
2019 2059 51 22 Port
2094 2061 130 28 Nicholson,

2045 2094 37 19 per
2096 2090 36 19 100
2143 2089 44 21 feet
2202 2092 48 19 ..I
2280 2092 13 20 2
2321 2094 13 19 0
2352 2106 18 6 ..
2392 2094 6 19 1
2428 2093 12 20 5
2467 2095 12 19 0

2017 2112 118 29 Hokianga
2239 2119 13 20 ?
2279 2120 13 18 .5
2320 2121 14 18 0
2351 2133 6 6 .
2365 2134 5 5 .
2390 2120 51 20 210
2466 2122 14 19 0

1897 2139 66 21 Rice:
1976 2139 109 22 Common
2096 2149 40 19 pcr
2141 2148 49 15 cwt.
2203 2158 18 5 ..
2240 2148 12 17 0
2269 2146 25 19 14
2322 2147 13 19 0
2353 2160 17 5 ..
2392 2148 8 19 1
2429 2148 12 19 0
2468 2148 11 20 0

1976 2165 66 22 Good
2242 2172 5 19 1
2278 2173 15 19 4
2321 2174 13 18 o
2351 2187 19 5 ..
2391 2175 7 19 1
2416 2174 24 19 10
2466 2175 12 19 0

1897 2192 63 20 Rum:
1980 2192 22 21 P.
2017 2193 22 21 B.
2053 2194 30 25 P.,
2101 2202 38 20 per
2148 2196 75 26 gallon
2240 2200 12 17 0
2279 2200 13 19 5
2321 2201 13 18 (i
2352 2214 18 5 ..
2390 2203 12 18 0
2417 2201 23 19 13
2467 2201 12 20 0

1894 2220 87 20 Sukak:
1999 2219 117 23 Mauritius
2128 2229 39 19 per
2175 2229 48 15 cwf.
2239 2226 13 19 2
2280 2227 13 18 0
2321 2228 13 18 0
2352 2240 18 5 ..
2389 2228 13 19 2
2417 2228 23 19 10
2466 2230 12 17 0

2003 2246 79 22 Brown
2239 2254 12 17 0
2280 2254 12 19 o
2320 2255 14 18 0
2351 2267 18 6 ..
2391 2255 6 19 J
2416 2255 24 19 It)
2466 2255 12 20 0

2003 2273 94 22 Refined
2117 2276 51 25 loaf,
2186 2284 38 20 per

2029 2300 21 20 Il>
2238 2307 13 18 0
2279 2308 13 17 0
2321 2306 12 21 7
2351 2320 18 6 ..
2389 2308 12 19 0
2426 2308 14 19 0
2466 2308 11 19 9

2002 2326 95 23 Manilla
2240 2332 7 19 1
2267 2333 23 20 13
2319 2334 13 19 0
2350 2347 19 6 ..
2390 2335 8 19 1
2415 2334 23 20 18
2464 2335 13 20 0

1894 2353 70 20 Salt:
1982 2353 124 28 Liverpool,
2118 2363 40 19 per
2169 2362 36 16 ton
2216 2374 5 4 .
2237 2359 13 19 4
2278 2361 14 18 0
2319 2361 13 19 0
2350 2374 19 5 ..
2388 2362 12 19 6
2426 2362 13 19 0
2464 2362 13 19 0

1894 2379 57 21 Soap
1960 2387 5 13 :
1996 2379 100 23 Hawes's
2119 2382 104 28 London,

2020 2412 83 21 perton
2221 2412 28 21 42
2277 2414 13 19 0
2318 2414 14 19 0
2350 2414 50 21 ..50
2426 2415 12 19 0
2464 2415 12 20 0

1893 2432 102 21 Starch:
2014 2433 41 21 Per
2066 2434 21 21 lb
2238 2440 12 19 0
2281 2440 8 19 1
2320 2442 48 18 0..
2388 2442 12 19 0
2428 2441 8 20 1
2464 2442 11 19 3

1893 2459 142 22 Scantlino:
2054 2461 40 22 Per
2102 2463 40 21 100
2151 2464 66 21 feet..
2240 2466 8 19 1
2278 2467 14 19 2
2320 2468 14 19 0
2351 2481 18 5 ..
2389 2468 9 20 1
2425 2468 13 19 5
2464 2469 12 20 0

1894 2485 125 23 Siiincsl.es:
2037 2487 42 22 Per
2088 2490 53 21 1000
2239 2493 8 19 1
2267 2493 24 20 15
2320 2495 13 19 0
2351 2508 18 5 ..
2388 2495 12 20 2
2425 2494 13 21 5
2464 2496 12 19 0

1899 2512 53 21 L'au.
1969 2513 54 22 Coal
2238 2520 9 19 1
2266 2520 24 20 15
2320 2522 13 19 o
2350 2534 19 7 ..
2388 2522 13 19 0
2426 2522 13 19 0
2464 2523 12 19 0

1973 2540 128 23 Stockholm
2240 2547 53 20 110
2320 2548 49 19 0..
2388 2548 12 20 2
2426 2549 14 20 0
2464 2549 12 20 0

1898 2565 54 22 Tea:
1972 2567 89 27 Hyson,
2072 2576 39 19 per
2120 2570 64 23 chest
2200 2574 50 19 ..8
2279 2574 14 20 0
2320 2575 14 19 0
2351 2576 47 19 ..11
2415 2576 22 19 11
2464 2576 12 20 0

1897 2593 112 21 lomcco:
2024 2595 143 29 Negrohead,
2184 2605 40 19 per

2051 2622 21 21 lb
2238 2628 12 19 0
2280 2628 7 19 1
2319 2629 13 19 0
2350 2642 17 5 ..
2387 2629 13 20 0
2426 2629 10 20 1
2463 2629 12 20 3

1897 2647 157 22 luiu'entine:
2071 2649 42 22 Per
2118 2650 99 26 gallon..
2237 2655 12 19 0
2265 2655 26 20 10
2319 2656 13 19 6
2350 2668 17 6 ..
2386 2656 14 19 0
2424 2656 13 20 0
2462 2656 12 20 0

1896 2676 156 20 Whalebone:
2070 2676 42 21 Per
2122 2683 38 16 ton
2223 2681 26 20 90
2277 2682 13 19 0
2318 2682 92 21 0..100
2424 2683 13 20 0
2461 2683 12 20 0

1894 2702 77 19 Wine:
1988 2701 89 28 Sherry,
2089 2710 39 20 per
2137 2711 80 21 pipe..
2223 2708 26 19 28
2277 2709 14 19 0
2318 2709 81 20 0..40
2424 2710 13 19 0
2461 2709 12 20 0

1999 2728 71 27 Ditto,
2086 2737 39 19 per
2141 2730 79 23 dozen.
2237 2734 8 20 1
2275 2735 15 20 4
2318 2736 13 19 0
2348 2749 19 6 ..
2384 2736 13 20 2
2424 2737 13 19 0
2461 2737 12 19 0

1894 2779 118 23 loultry:
2028 2782 79 28 Fowls,
2116 2791 39 19 per
2162 2786 48 26 pair
2217 2802 5 5 .
2237 2788 13 19 0
2266 2789 26 19 10
2319 2789 14 20 0
2350 2802 18 6 ..
2386 2789 12 20 0
2413 2789 24 20 18
2461 2789 12 20 0

2027 2809 84 27 Ducks,
2122 2811 56 22 ditto
2199 2827 4 6 .
2212 2827 5 5 .
2237 2815 53 20 015
2318 2816 14 20 0
2349 2829 5 6 .
2362 2829 5 6 .
2387 2816 9 20 1
2423 2816 13 20 5
2461 2816 12 19 0

2028 2836 80 27 Geese,
2120 2838 55 21 ditto
2200 2854 5 5 .
2212 2854 5 5 .
2238 2842 9 20 1
2277 2842 13 19 5
2318 2843 14 20 0
2349 2856 5 5 .
2362 2856 5 5 .
2386 2843 12 20 0
2424 2843 12 20 0
2461 2843 11 20 0

2025 2862 103 28 Turkeys
2237 2874 60 15 none
2306 2868 23 21 in
2339 2868 38 21 the
2387 2868 84 22 market.

2028 2889 102 29 Pigeons,
2141 2892 79 27 (wild,)

2054 2923 38 20 per
2101 2918 50 26 pair
2237 2922 13 19 0
2277 2922 14 20 3
2318 2923 14 20 0
2350 2936 17 7 ..
2386 2923 13 20 0
2423 2923 14 20 0
2460 2922 12 20 0

2026 2943 84 27 Ducks,
2120 2945 35 21 do.
2167 2946 51 21 do..
2237 2949 13 20 0
2278 2948 13 21 5
2319 2950 13 19 0
2350 2963 18 6 ..
2386 2951 12 19 0
2423 2950 14 20 0
2460 2949 11 20 0

1892 2967 58 21 Eocs
1958 2974 5 14 :
1980 2968 43 22 Per
2033 2969 71 22 dozen
2237 2976 13 19 0
2278 2976 14 20 6
2319 2979 79 17 0..0
2423 2977 13 19 0
2459 2976 12 19 0

1890 3019 75 23 Cows:
1982 3021 72 22 Milch
2223 3028 25 21 25
2277 3030 14 19 0
2318 3031 13 18 0
2348 3031 49 19 ..30
2422 3030 13 19 0
2458 3029 12 19 0

1891 3047 93 22 Mares:
2003 3049 73 21 Brood
2221 3055 27 21 50
2275 3057 14 19 0
2317 3057 13 20 0
2346 3058 50 19 ..90
2421 3057 13 19 0
2457 3056 12 19 0

1893 3075 112 21 Working
2023 3076 133 24 Bullocks:
2180 3080 43 21 Per

1890 3108 38 28 _,P
1930 3101 32 21 air
2221 3109 28 20 50
2277 3110 13 19 0
2317 3110 13 20 0
2348 3110 49 20 ..60
2421 3110 14 19 0
2457 3108 11 20 0

1891 3129 60 19 Hire
1962 3135 27 13 of
2002 3136 79 14 ditto:
2099 3130 41 22 Per
2148 3132 50 27 day,
2208 3140 14 14 a

1915 3158 59 17 team
1984 3155 46 21 and
2037 3155 74 23 driver
2236 3162 54 21 110
2317 3163 78 20 0..2
2421 3163 14 19 0
2457 3161 11 20 0

1889 3180 85 22 Sheef:
1991 3181 62 22 Each
2231 3188 14 20 2
2274 3190 14 19 0
2315 3190 14 19 0
2346 3204 18 5 ..
2382 3190 11 19 2
2419 3189 12 20 5
2456 3188 10 19 0

1890 3207 59 21 Boat
1961 3207 74 23 Hike:
2052 3209 41 22 Per
2099 3211 51 27 day,
2156 3212 65 22 with-

2078 3241 40 17 out
2129 3238 71 23 hands
2210 3256 6 5 .
2231 3243 14 19 0
2263 3243 24 20 10
2315 3244 13 20 0
2345 3257 19 6 ..
2383 3244 7 19 1
2419 3243 12 20 0
2455 3241 11 20 0

1889 3286 83 23 Wages
1979 3295 5 14 :
2014 3289 141 29 Mechanics,
2181 3300 39 20 per

2042 3317 60 21 week
2233 3322 13 19 2
2262 3323 27 20 14
2315 3324 14 19 0
2346 3337 5 6 .
2358 3337 6 6 .
2381 3324 12 19 3
2419 3322 13 20 6
2455 3321 10 20 0

2025 3342 125 24 Labourers
2233 3349 9 20 I
2261 3350 26 20 10
2314 3350 79 20 0..2
2418 3349 13 20 2
2454 3348 11 20 0

1972 125 40 21 To
2025 125 188 22 Landowners
2227 128 56 21 and
2297 128 116 27 Agents.

1898 151 176 48 WANTED
2090 153 30 26 by
2130 151 38 23 the
2186 153 63 22 Land
2266 155 148 27 Association,
2429 160 58 19 town

1980 185 61 14 acres
2051 179 23 20 in
2086 178 130 22 favourable
2227 181 126 27 situations,
2363 182 45 21 and
2419 184 67 21 terms

1897 203 19 23 if
1924 203 129 23 reasonable
2064 205 44 21 will
2116 210 61 16 meet
2186 205 128 24 immediate
2333 208 116 23 attention.

2005 231 28 21 R.
2046 230 75 27 Davis,

2004 257 29 21 G.
2053 257 70 26 Scott,
2193 253 13 34 )-
2223 258 112 24 Trustees.

2004 282 73 23 W.A.
2088 283 93 28 Cooper.
2187 280 11 31 J

2094 309 36 22 W.
2141 311 31 21 H.
2184 313 147 27 Bottomlev,
2340 313 120 28 Secretary.
2480 316 5 3 '

2139 355 107 22 Notice.

1899 378 93 48 ANY
2010 386 82 21 person
2109 381 101 22 desirous
2226 382 26 21 of
2269 382 103 29 building
2388 391 31 15 on
2434 384 54 23 land

1976 405 117 28 adjoining
2103 407 36 21 the
2149 410 67 25 town,
2235 416 42 14 can
2287 417 93 20 procure
2389 411 55 22 land
2453 412 35 21 for

1900 431 37 21 the
1946 439 94 20 purpose
2048 432 47 22 free
2105 433 27 22 of
2140 438 59 23 rent,
2215 435 31 27 by
2262 436 106 28 applying
2378 440 23 18 to
2410 437 77 22 James

1902 457 66 26 Watt,
1980 457 52 28 Esq.

1900 501 87 47 FOR
2005 502 86 26 SALE,
2112 510 13 14 a
2143 504 66 21 small
2226 506 104 26 quantity
2346 508 27 19 of
2389 508 99 24 superior

1972 528 78 22 SEED
2065 529 124 24 WHEAT.
2217 532 77 28 Apply
2309 536 24 18 to
2350 533 46 22 Mr.
2412 532 76 24 James

1900 553 68 26 Watt,
1977 554 147 27 Wellington.

2081 600 81 21 Bank
2177 602 132 26 Cheques.

1902 624 70 47 ON
1983 624 80 23 SA.LE
2074 630 23 17 at
2106 627 38 21 the
2161 628 64 22 office
2243 629 26 21 of
2281 629 44 21 this
2335 636 77 20 paper.
2440 630 45 22 Ga-

1964 656 58 17 zette
2032 652 72 25 office,
2117 654 65 24 April
2191 656 20 22 9,
2224 656 61 20 1841.

1363 123 127 22 Barrett's
1505 123 94 26 Hotel,
1613 124 180 27 Wellington.

1289 155 167 49 UHUNT
1479 156 55 26 begs
1543 159 23 18 to
1576 162 119 16 announce
1704 159 24 19 to
1743 155 35 23 his
1786 157 83 22 friends

1387 181 44 22 and
1441 181 38 22 the
1488 181 83 28 public,
1589 182 49 22 that
1648 181 29 23 he
1690 182 41 22 has
1747 183 122 22 succeeded

1288 209 43 21 Mr.
1343 209 28 21 R.
1382 209 86 21 Barrett
1477 208 23 22 in
1511 208 37 22 the
1559 208 69 22 above
1639 209 176 25 establishment,
1826 210 43 22 and

1287 237 67 19 trusts
1364 234 48 22 that
1419 234 30 27 by
1458 235 109 21 attention
1577 237 23 19 to
1609 242 76 14 secure
1695 242 14 14 a
1719 235 77 22 liberal
1806 235 63 23 share

1287 261 27 21 of
1322 264 92 24 support
1422 261 57 21 from
1488 260 64 22 those
1559 260 49 22 who
1615 268 53 20 may
1675 261 79 23 favour
1761 261 47 23 him
1816 261 53 23 with

1287 287 57 22 their
1352 291 127 24 patronage.

1313 314 85 26 Wines,
1417 314 79 26 spirits,
1514 313 42 27 ale,
1567 313 46 22 and
1620 317 83 25 porter,
1724 314 26 22 of
1764 314 40 22 the
1820 314 50 23 best

1286 340 109 27 qualities.

1312 367 38 21 An
1362 366 101 28 ordinary
1474 369 22 18 at
1505 366 14 21 2
1528 365 86 23 o'clock
1630 366 68 28 daily.
1736 367 54 22 Cold
1802 367 67 22 colla-

1287 392 57 23 tions
1354 392 80 28 always
1448 392 76 24 ready.
1554 392 77 22 Public
1648 393 92 22 dinners
1755 394 113 27 provided.

1314 418 64 23 Good
1392 418 59 27 beds,
1466 420 46 20 and
1526 418 86 28 private
1628 422 138 24 apartments
1783 420 35 22 for
1831 422 39 20 the

1286 453 38 14 use
1334 446 27 21 of
1370 445 102 22 families.

1314 471 141 27 Wellington,
1467 470 54 23 Feb.
1533 472 32 26 19,
1578 472 60 21 1841.

1382 515 178 21 Commercial
1575 515 62 26 Inn,
1652 516 37 20 Te
1704 517 66 21 Aro.

1286 548 172 49 RICHARD
1482 548 114 23 BROWN
1618 549 56 27 begs
1694 553 24 18 to
1736 550 82 21 inform
1835 550 36 23 his

1363 575 83 22 friends
1455 575 45 21 and
1510 575 37 21 the
1557 575 74 27 public
1642 576 27 21 of
1679 576 54 22 Port
1740 576 129 28 Nicholson,

1285 602 48 21 that
1341 602 30 21 he
1381 602 38 21 has
1428 601 87 28 opened
1526 601 36 22 the
1572 602 70 21 above
1652 602 77 28 house,
1745 603 44 21 and
1802 603 69 27 hopes

1284 629 30 26 by
1323 629 63 20 strict
1395 628 107 21 attention
1519 631 22 18 to
1555 628 111 28 business,
1683 630 119 21 combined
1818 630 52 21 with

1285 655 130 27 superiority
1424 655 25 21 of
1460 655 76 21 article
1547 655 44 21 and
1601 655 113 22 moderate
1731 656 98 27 charges,
1848 660 22 19 to

1284 681 66 22 merit
1359 688 14 14 a
1381 681 63 21 share
1454 681 27 21 of
1491 680 57 22 their
1558 685 98 24 support.

1298 726 187 21 Freemason's
1495 726 114 24 Tavern,
1625 728 137 21 liambton
1772 729 84 26 Quay,

1286 758 106 49 GD.
1408 757 167 23 MONTEITH
1584 759 54 28 begs
1649 764 23 18 to
1688 760 43 22 call
1745 761 37 21 the
1799 765 71 18 atten-

1370 785 46 21 tion
1426 785 26 21 of
1463 785 38 21 the
1514 785 106 22 Colonists
1629 790 23 18 to
1663 787 33 21 his
1707 794 54 21 very
1771 789 101 26 superior

1284 811 63 22 stock
1357 812 26 21 of
1394 812 72 25 wines,
1477 811 80 28 spirits,
1576 812 44 22 and
1637 813 85 23 bottled
1738 815 43 25 ale,
1799 815 71 22 which

1284 845 37 15 are
1332 838 122 22 unrivalled
1465 842 23 18 at
1498 845 44 20 any
1553 838 64 22 other
1626 841 176 22 establishment.

1311 865 66 21 Good
1387 865 199 23 accommodation.
1615 867 38 21 An
1665 867 104 28 ordinary
1777 867 60 29 daily
1848 872 21 18 at

1284 895 43 18 two
1337 891 92 22 o'clock.

1296 935 57 21 The
1368 936 78 25 Hope
1461 936 90 21 Coffee
1568 938 54 20 and
1637 939 103 26 Eating
1752 940 103 20 House.

1285 967 34 48 S
1352 968 173 21 MARSHALL
1540 968 53 28 begs
1609 970 65 22 leave
1693 975 23 17 to
1734 971 82 21 inform
1835 971 36 23 his

1366 993 82 22 friends
1458 994 47 21 and
1514 994 36 21 the
1561 996 74 26 public
1646 997 23 21 in
1679 998 99 25 general,
1787 998 47 21 that
1842 998 28 22 he

1284 1020 38 21 has
1333 1020 85 27 opened
1428 1020 36 21 the
1474 1021 71 21 above
1554 1021 76 27 house,
1639 1023 45 21 and
1691 1023 69 27 hopes
1769 1024 30 26 by
1808 1025 63 21 strict

1284 1047 109 21 attention
1403 1050 22 17 to
1435 1054 109 20 economy
1554 1048 45 21 and
1608 1049 93 28 quality,
1719 1050 48 21 that
1782 1051 29 21 he
1825 1051 45 22 will

1284 1074 86 21 receive
1380 1081 14 14 a
1402 1073 63 22 share
1475 1073 27 22 of
1513 1074 57 21 their
1580 1079 98 23 support.

1310 1100 49 21 Hot
1369 1100 69 27 joints
1449 1100 70 28 ready
1531 1100 59 23 from
1605 1103 26 20 12
1641 1102 34 22 till
1684 1104 21 20 2.
1734 1103 56 22 Cold
1800 1104 62 27 joint

1283 1126 82 27 always
1374 1126 74 27 ready.

1295 1171 129 20 Barrett's
1439 1170 83 22 Hotel
1538 1173 55 19 and
1607 1173 86 26 Store,
1710 1175 143 21 Taranaki.

1284 1204 172 47 RICHARD
1471 1204 145 23 BARRETT
1632 1206 54 27 begs
1701 1210 23 19 to
1738 1208 80 22 inform
1831 1209 38 22 the

1362 1231 136 20 inhabitants
1510 1231 27 21 of
1553 1232 52 21 Port
1621 1232 131 28 Nicholson,
1770 1235 45 21 and
1832 1236 37 22 the

1283 1257 115 27 adjoining
1407 1257 149 27 Settlements,
1568 1258 47 23 that
1623 1259 30 22 he
1667 1260 89 23 intends
1773 1262 97 28 opening

1283 1290 29 14 on
1323 1283 36 21 the
1371 1286 33 19 Ist
1412 1283 25 21 of
1449 1284 80 21 March
1540 1289 60 22 next,
1616 1286 38 21 the
1665 1287 70 22 above
1745 1288 69 21 Hotel
1824 1290 45 21 and

1284 1309 96 22 General
1392 1311 67 25 Store,
1472 1311 50 20 with
1534 1317 13 14 a
1558 1312 157 23 well-selei-ted
1732 1314 44 21 and
1792 1315 77 23 choice

1282 1337 65 21 stock
1364 1337 27 21 of
1406 1337 73 26 wines,
1502 1338 80 26 spirits,
1602 1340 35 20 ale
1661 1340 44 21 and
1725 1345 80 23 porter,
1823 1343 46 21 and

1282 1363 91 26 general
1383 1368 132 17 assortment
1522 1364 25 21 of
1553 1365 69 26 goods
1631 1367 95 21 suitable
1733 1367 34 22 for
1775 1368 92 28 settlers,

1282 1394 23 16 at
1315 1397 53 19 very
1378 1389 111 22 moderate
1505 1391 71 26 prices
1584 1400 5 17 ;
1608 1393 45 20 and
1668 1397 68 18 trusts
1752 1396 28 25 by
1797 1399 71 18 atten-

1283 1416 44 21 tion
1348 1420 22 18 to
1390 1417 35 20 the
1444 1417 151 22 convenience
1615 1420 45 21 and
1679 1420 93 22 comfort
1789 1422 25 21 of
1835 1422 34 22 his

1281 1446 74 23 guests
1367 1447 21 17 to
1399 1443 62 21 merit
1472 1451 13 13 a
1495 1444 64 21 share
1571 1444 24 22 of
1608 1446 57 21 their
1674 1448 79 21 favors.

1309 1476 85 22 N.B.
1396 1476 62 21 Good
1482 1477 54 21 beds
1560 1478 44 21 and
1623 1481 190 21 accommodation
1835 1482 34 22 for

1283 1503 118 25 travellers,
1413 1503 43 21 and
1466 1504 85 26 private
1561 1510 136 21 apartments
1710 1508 33 20 for
1754 1509 100 21 families.

1283 1548 140 47 LAND
1448 1548 194 23 AGENCIE
1653 1552 53 20 S.
1707 1552 39 21 TO
1771 1552 96 23 LAND-

1360 1575 179 23 HOLDERS.
1539 1576 47 21 The
1607 1577 154 28 Undersigned
1780 1580 42 26 beg
1845 1585 23 17 to

1282 1605 54 17 oiler
1346 1601 131 22 themselves
1488 1605 22 17 to
1520 1602 57 21 their
1587 1603 84 22 friends
1681 1606 45 20 ami
1741 1606 37 21 the
1795 1606 74 27 public

1282 1635 22 13 :ts
1316 1628 85 25 Agents
1411 1628 33 21 for
1454 1627 42 22 the'
1501 1628 94 27 disposal
1604 1631 26 19 of
1637 1631 68 21 Town
1717 1632 43 21 and
1769 1632 98 29 Country

1284 1653 79 28 Lands,
1376 1655 41 21 and
1428 1658 56 18 trust
1496 1655 56 21 their
1562 1656 94 22 colonial
1668 1658 133 27 experience
1816 1667 52 21 may

1282 1681 77 21 entitle
1370 1681 58 21 them
1439 1686 21 16 to
1472 1690 12 11 a
1496 1681 65 22 share
1571 1683 26 19 of
1608 1683 36 21 the
1655 1685 74 25 public
1738 1690 129 23 patronage.

1307 1715 64 27 They
1382 1715 40 21 will
1433 1715 27 21 be
1471 1716 72 26 happy
1555 1721 21 16 to
1587 1724 93 20 arrange
1695 1719 34 21 for
1737 1719 44 21 and
1792 1728 77 19 super-

1281 1742 78 21 intend
1370 1742 34 21 the
1414 1749 93 19 surveys
1514 1743 45 20 and
1566 1744 158 23 sub-divisions
1732 1746 25 20 of
1764 1746 36 22 the
1807 1747 60 22 land.

1284 1768 85 21 Liberal
1381 1768 109 21 advances
1500 1768 43 22 will
1559 1770 25 20 be
1601 1771 64 21 made
1676 1779 28 13 on
1715 1772 65 22 hinds
1790 1773 76 26 placed

1281 1803 21 12 in
1314 1795 57 21 their
1381 1794 68 22 hands
1458 1795 34 20 for
1498 1795 54 22 sale.
1581 1796 63 28 They
1653 1798 42 21 will
1703 1799 46 21 also
1758 1799 26 21 be
1794 1800 73 29 happy

1282 1827 21 15 to
1314 1822 64 21 assist
1387 1821 133 27 proprietors
1530 1822 22 21 in
1564 1822 86 28 leasing
1660 1824 58 22 their
1728 1825 69 23 lands.

1560 1855 62 23 John
1634 1857 43 22 and
1689 1859 58 21 Geo.
1759 1859 78 23 Wade.

1309 1881 141 27 Wellington,
1463 1882 49 21 Oct.
1524 1883 20 24 7,
1556 1885 59 19 ISK).

1424 1926 191 26 Immigration
1632 1930 87 19 Office.

1282 1959 110 47 lISTS
1402 1959 25 20 of
1434 1958 71 27 newly
1517 1960 85 21 arrived
1616 1961 143 28 Immigrants
1769 1971 36 15 ;ire
1814 1966 49 24 kept

1302 1987 25 19 Jk
1357 1991 23 15 at
1399 1985 41 21 tin*
1461 1986 77 26 Oiiice,
1561 1987 71 21 where
1653 1991 80 24 parties
1753 1992 111 26 requiring

1282 2012 109 20 workmen
1403 2019 24 12 or
1443 2017 100 15 servants
1553 2020 41 13 can
1613 2021 85 15 receive

1279 2037 44 21 and
1343 2037 60 21 those
1420 2041 37 17 <mt
1472 2038 26 19 of
1509 2038 152 28 employment
1675 2048 41 14 can
1733 2041 57 23 have
1808 2043 53 22 theii

1281 2071 76 14 names
1369 2064 124 26 registered,
1505 2071 27 14 on
1545 2066 106 27 applying
1661 2071 21 17 to

1454 2097 93 23 DANIKX.
1564 2099 137 28 RIDRirORD,

1607 2126 153 28 Immigration
1782 2130 81 26 Agent.

1305 2157 119 22 Thorndon
1437 2158 71 27 Quay,
1522 2158 143 28 Wellington,

1374 2184 122 22 December
1509 2187 34 21 :JO,
1562 2187 6 19 I
1574 2189 11 16 H
1592 2189 27 18 IO.

1488 2230 162 23 Education.

1282 2262 103 47 MRS.
1405 2262 43 21 and
1470 2262 70 22 MISS
1566 2264 188 24 WAKEFIKLD
1779 2269 85 21 receive

1369 2288 71 28 pupils
1449 2296 29 13 on
1490 2289 37 21 the
1539 2290 112 29 following
1660 2295 79 19 terms:

1305 2321 43 21 For
1368 2321 72 26 board,
1461 2323 52 21 with
1534 2324 98 27 washing
1648 2326 44 21 and
1710 2327 32 20 in-

1331 2348 104 22 struction
1435 2356 28 14 ;!ii
1470 2350 91 25 general
1570 2346 90 31 English
1669 2353 73 21 litera-

1331 2379 55 22 ture,
1403 2375 93 26 writing,
1512 2377 43 21 and
1569 2378 117 27 aritmetic,
1704 2387 39 20 per

1331 2406 88 22 quarter
1446 2417 3 4 .
1458 2417 5 5 .
1472 2408 6 13 :
1742 2409 12 20 8
1783 2410 12 19 S
1823 2412 14 19 0

1303 2427 77 23 Under
1389 2430 12 20 7
1410 2436 64 19 years
1485 2429 26 21 of
1522 2437 40 19 age
1742 2436 12 19 7
1783 2435 12 22 7
1823 2438 14 18 0

1303 2455 51 26 D<iy
1366 2455 101 21 boarders
1740 2463 14 19 4
1782 2463 13 20 4
1823 2465 14 18 q

1305 2481 49 27 Day
1365 2482 70 26 pupils
1742 2489 13 19 2
1782 2490 13 19 2
1823 2491 14 20 0

1303 2508 80 22 Junior
1392 2508 54 21 ditto
1743 2516 9 19 \
1771 2516 7 19 \
1785 2517 6 19 j
1823 2518 13 18 q

1276 2541 95 27 French,
1385 2541 89 27 Italian,
1489 2544 44 20 and
1552 2544 111 28 Drawing,
1674 2546 31 22 1
1722 2549 45 20 Us.
1778 2549 35 21 6d.
1824 2558 38 19 per

1519 2577 96 20 quarter.

1303 2601 86 21 Private
1400 2601 84 22 lessons
1494 2603 21 21 in
1529 2605 75 26 music,
1618 2613 24 13 or
1653 2614 45 20 any
1708 2607 27 22 of
1745 2608 37 22 the
1792 2610 70 22 above

1275 2628 108 22 branches
1393 2629 26 20 of
1430 2629 125 26 education,
1571 2638 44 14 one
1632 2633 73 21 hour's
1721 2634 139 28 instruction,

1275 2654 50 22 four
1334 2655 82 21 lessons
1434 2655 36 21 for
1480 2664 42 13 one
1532 2658 89 25 guinea.

1302 2688 133 21 References
1444 2692 23 17 to
1479 2688 35 22 the
1524 2690 115 29 following
1644 2694 128 26 gentlemen
1783 2695 73 23 kindh

1274 2715 118 26 permitted
1400 2722 5 13 :

1302 2748 64 27 Capt.
1378 2748 32 22 W.
1423 2749 31 21 M.
1467 2749 79 28 Smith,
1560 2751 65 28 R.A.,
1635 2753 224 28 Surveyor-General

1306 2774 11 22 11.I
1317 2775 5 7 1
1322 2791 5 5 .
1342 2775 22 21 M
1384 2775 120 28 Partridge,
1517 2777 52 27 Esq.

1303 2801 21 21 S.
1336 2801 94 27 Itevans,
1442 2803 52 27 JEsq.

1274 2834 184 27 Tinakore-road,
1474 2837 79 21 March
1567 2840 30 24 10,
1612 2840 58 21 1841.

1396 2880 170 28 Wellington
1581 2884 157 28 Exchange.

1275 2906 92 47 THE
1381 2906 110 22 PUBLIC
1508 2916 38 14 are
1562 2909 111 23 informed
1691 2915 47 19 that
1754 2913 35 22 the
1806 2918 50 18 tem-

1349 2940 78 20 porary
1443 2933 85 23 Rooms
1541 2935 25 21 of
1582 2936 37 22 the
1641 2937 128 23 Institution
1787 2948 36 15 are
1839 2947 21 16 at

1275 2959 39 21 the
1329 2960 73 21 Stores
1418 2960 26 21 of
1457 2961 43 21 Mr.
1517 2962 92 22 Robert
1629 2964 87 27 Waitt,
1736 2966 72 23 where
1822 2968 38 21 the

1274 2984 65 23 latest
1349 2986 98 26 English,
1458 2988 134 27 Australian,
1599 2991 45 21 and
1653 2992 120 23 American
1783 2994 77 21 News-

1274 3019 80 28 papers
1372 3012 42 21 and
1434 3014 131 26 Magazines
1585 3016 44 22 will
1651 3018 28 22 be
1698 3019 77 22 found.
1813 3021 46 22 The

1274 3038 150 28 Subscription
1434 3040 19 21 is
1517 3042 31 21 2s.
1559 3050 40 19 per
1613 3050 93 21 annum,
1728 3053 38 19 pax
1773 3047 49 22 able
1837 3049 21 20 in

1276 3066 107 21 advance.

1463 3094 28 21 G.
1508 3094 25 22 B.
1550 3095 71 28 Earp,

1508 3121 119 23 Chairman
1637 3123 28 21 of
1671 3124 37 22 the
1718 3125 140 25 Committee.

1507 3165 40 21 To
1562 3167 58 24 Let,

1277 3196 179 47 BUILDING
1474 3198 207 25 ALLOTMENTS
1689 3205 47 19 :-7
1757 3204 98 28 building

1350 3224 132 26 allotments,
1494 3232 28 14 on
1535 3226 125 28 improving
1669 3229 77 28 leases
1758 3231 22 22 in
1790 3231 67 23 Well-

1272 3249 79 27 ington
1361 3250 100 22 Terrace.
1489 3251 86 26 Terms,
1587 3261 53 21 very
1651 3255 85 23 liberal.

1300 3282 62 27 Also,
1381 3283 63 21 small
1461 3284 74 27 farms,
1553 3287 13 20 3
1581 3288 96 22 sections
1688 3290 25 21 of
1724 3290 54 23 land
1787 3292 23 21 in
1820 3292 36 22 the

1272 3316 24 14 m
1315 3309 38 21 the
1370 3310 83 22 second
1470 3311 74 27 series,
1562 3316 22 18 to
1600 3314 27 21 be
1643 3315 31 22 let
1684 3316 21 21 in
1718 3318 97 25 portions
1832 3327 26 14 oj

1272 3339 40 18 not
1322 3337 41 20 less
1368 3337 56 23 .than
1434 3338 27 19 25
1471 3344 69 21 acres,
1552 3346 28 14 on
1596 3340 127 29 improving
1740 3344 78 25 leases,
1834 3353 24 14 as

1272 3369 55 14 soon
1340 3370 24 14 as
1372 3363 104 22 selected.

1300 3395 120 22 Particular
1429 3398 109 21 attention
1548 3398 19 23 is
1577 3400 72 23 called
1658 3405 23 18 to
1688 3403 37 21 the
1733 3403 123 26 advantage

1272 3423 27 20 of
1309 3429 124 20 improving
1444 3423 77 22 leases.

1434 3456 75 28 Apply
1520 3462 21 17 to
1552 3459 63 23 John
1626 3462 45 21 and
1682 3463 56 22 Geo.
1749 3464 80 24 Wade.

1480 3503 40 20 To
1535 3504 33 21 be
1583 3505 58 25 Let,

1274 3534 42 20 HP
1321 3532 41 22 HE
1369 3529 65 26 'town
1453 3542 50 15 acre
1522 3536 41 22 No.
1581 3539 41 21 680
1636 3546 29 15 on
1682 3540 36 23 the
1735 3542 121 27 Surveyor-

1280 3560 25 20 JL
1347 3560 115 22 General's
1471 3562 60 26 plan,
1542 3563 121 30 belonging
1674 3570 22 18 to
1713 3567 38 23 the
1768 3569 88 22 Church

1270 3588 23 18 ot
1308 3588 111 20 Scotland,
1449 3589 44 20 for
1503 3592 72 24 terms,
1587 3593 67 26 apply
1665 3599 23 15 to

1304 3638 10 12 a
1348 3638 47 12 mi.
1416 3641 22 9 lij
1441 3645 4 5 ,
1445 3641 17 9 <1
1461 3614 123 24 Robertll
1586 3633 4 5 -
1602 3619 100 28 Strang,
1718 3621 109 23 Solicitor.

1299 3638 62 28 April
1372 3640 31 22 14.
1415 3641 59 20 1841.

1270 3682 91 21 HPHE
1385 3682 155 29 Undersigned
1557 3687 58 22 have
1634 3689 68 22 Town
1722 3691 72 22 Acres
1811 3693 45 21 and

1271 3734 26 11 w
1312 3734 23 11 11-
1345 3712 84 24 portlon
1427 3736 26 9 .m
1461 3711 23 20 of
1504 3718 62 16 acres
1583 3718 22 17 t0
1621 3715 31 21 let
1666 3717 23 20 in
1708 3724 13 14 a
1722 3717 16 22 U
1755 3725 27 20 P
1783 3725 12 14 r
1797 3724 19 16 ts
1834 3722 21 19 oJ

1271 3735 142 26 Wellington.
1431 3736 45 22 The
1486 3741 67 19 terms
1561 3740 43 22 will
1609 3741 27 21 be
1642 3743 68 26 given
1719 3750 58 19 upon
1787 3745 70 24 appli-

1270 3765 82 18 cation.
1801 3760 29 13 rr

1319 3793 3 4 '
1543 3792 94 23 Hanson
1650 3795 45 22 and
1710 3797 116 22 Alzporf.

1415 3833 40 21 To
1470 3834 33 20 be
1519 3836 64 21 Sold
1599 3844 29 15 or
1644 3840 58 24 Let,

1270 3864 162 49 SEVERAL
1451 3866 69 23 Town
1537 3870 45 21 and
1599 3871 99 28 Country
1717 3873 101 23 Sections
1834 3876 26 21 of

1334 3892 70 21 Land.
1434 3892 76 29 Apply
1521 3899 22 17 to

1583 3922 96 24 Robert
1689 3925 27 23 R.
1727 3926 101 24 Sthang.
