4176 5981
776 319 243 15 Lyell
1068 319 292 15 Times.

777 399 206 29 SATURDAY,
1004 400 204 28 FEBRUARY
1232 402 42 26 27,
1295 401 65 26 1886.

763 497 28 28 It
816 498 21 26 is
861 507 62 18 now
941 507 65 19 over
1025 508 12 17 a
1064 501 110 34 quarter
1192 499 29 26 of
1240 509 13 18 a
1275 503 113 24 ppntivv
1406 497 3 45 j

759 546 73 26 sincp
858 546 112 35 payable
996 546 60 29 rrold
1084 556 53 18 was
1163 547 56 27 first
1244 548 92 26 struck
1362 551 26 23 at

760 593 86 28 Lvell,
872 593 53 27 and
951 593 72 27 sincp
1049 593 75 30 then.
1155 594 130 29 although
1312 594 76 28 there

759 640 69 28 Im*e
842 642 64 26 been
922 642 78 27 ti'oo«
1014 642 78 28 when
1108 642 45 28 the
1166 643 80 28 poruil
1267 643 55 27 t''on
1340 643 48 27 has

760 689 65 26 been
852 690 114 26 limited,
985 690 76 26 there
1081 690 49 26 110<=;
1155 690 101 26 alwov*
1280 690 67 26 been
1374 701 12 15 a

760 736 116 26 number
900 737 29 25 of
950 736 101 27 miners
1076 737 91 28 v!in=e
1195 737 66 28 f-ith
1292 738 25 27 in
1345 738 45 26 tlip

761 783 96 27 wealth
884 783 31 26 of
936 784 46 26 the

761 831 104 32 against
879 831 45 26 the
938 831 142 28 attraction
1096 832 28 27 of
1139 840 89 19 newer
1241 831 54 28 and
1314 841 75 19 more

762 879 100 28 •list-int
875 880 78 28 fields
965 880 38 26 for
1013 881 155 34 enterprise.
1207 880 34 27 At
1249 880 54 26 last,
1314 881 76 28 there

762 927 21 25 is
797 937 15 16 a
825 930 125 32 prospect
969 927 30 28 of
1017 936 49 18 onr
1084 927 92 27 inland
1199 927 135 33 township
1347 928 41 27 he-

891 984 15 17 a
928 974 76 34 plao
1023 973 30 28 of
1073 983 75 18 some
1173 975 168 29 importance
1364 974 25 27 in

762 1021 45 27 'he
821 1021 82 28 Colon
908 1030 25 18 v.
947 1020 53 29 and
1014 1030 49 19 onr
1076 1020 107 29 renders
1204 1021 54 28 will
1279 1025 55 27 not,
1348 1031 39 17 we

764 1069 77 30 hope,
862 1069 124 28 consider
1006 1075 30 20 ns
1050 1073 27 23 to
1096 1068 132 33 sanguine
1249 1069 77 28 when
1350 1079 40 18 we

764 1127 106 24 express
883 1128 48 17 onr
945 1117 108 33 opi'ron
1069 1117 59 27 tint
1141 1122 53 22 two
1207 1127 79 17 veirs
1299 1121 28 22 at.
1345 1117 44 27 the

764 1163 103 28 outside
888 1164 52 26 will
963 1172 42 18 see
1020 1162 78 28 Lvell
1112 1172 50 18 ooe
1176 1163 29 27 of
1223 1163 46 27 the
1294 1163 97 27 largest

765 1212 92 26 inland
888 1216 87 22 towns
1006 1211 27 27 in
1067 1211 67 26 Yew
1170 1211 127 27 Zealand.
1334 1212 58 25 The

766 1266 106 19 reasons
884 1258 40 26 for
936 1258 52 26 this
1000 1257 109 32 opinion
1122 1266 45 18 are
1176 1257 59 27 well
1246 1257 145 32 grounded.

767 1306 31 27 Tn
813 1306 45 27 the
881 1306 57 26 first
960 1306 84 32 place.
1058 1306 26 26 in
1107 1306 45 26 the
1176 1306 98 27 United
1296 1306 98 26 Alnine

766 1353 51 27 •ind
832 1353 45 26 the
893 1351 53 28 rich
962 1351 101 28 lenders
1078 1353 29 25 of
1117 1352 45 27 the
1173 1352 171 32 Eight-mile.
1357 1362 37 17 wp

765 1400 69 27 hive
859 1400 46 26 the
924 1399 58 27 hest
1007 1398 244 37 dividend-paying
1366 1401 26 27 in

766 1448 44 28 the
835 1447 113 37 Colony,
978 1446 29 29 of
1035 1447 58 28 that
1119 1448 74 28 there
1226 1459 49 17 cm
1301 1449 32 28 he
1358 1459 35 18 no

766 1494 133 31 question,
922 1493 54 25 and
999 1493 87 25 where
1100 1494 75 24 these
1196 1503 44 15 nre
1261 1494 75 26 there
1351 1504 44 16 nre

767 1540 92 36 plenty
880 1549 75 18 more
968 1538 65 29 onlv
1047 1538 96 34 asking
1160 1538 42 29 for
1220 1538 98 38 capita!
1341 1539 53 30 and

767 1589 190 28 well-directed
989 1588 95 28 labour
1113 1592 27 24 to
1171 1589 59 32 give
1258 1599 37 26 np
1326 1590 71 28 their
1410 1588 1 44 j

767 1636 143 27 boundless
935 1639 133 23 treasures
1093 1635 30 26 of
1145 1636 122 34 precious
1291 1637 83 26 metal
1390 1645 5 22 ;
1410 1632 1 38 !

767 1680 52 31 and
846 1685 27 25 to
899 1680 51 30 add
978 1686 27 24 to
1030 1680 46 30 the
1101 1681 133 38 certainty
1263 1681 28 29 of
1319 1682 77 29 those

769 1731 128 28 desirable
917 1731 54 28 and
992 1731 363 36 necessary.requirements
1369 1732 30 28 of

767 1782 93 33 quartz
882 1778 102 35 reefing
1002 1778 82 35 being
1105 1778 182 33 forthcoming
1312 1783 27 24 at
1363 1789 34 18 no

769 1827 100 26 distant
889 1826 62 33 day,
974 1826 75 27 there
1072 1826 22 26 is
1106 1826 46 27 the
1173 1835 59 18 new
1254 1827 143 33 departure

769 1872 80 30 taken
872 1872 36 38 by
927 1872 47 29 the
995 1875 107 35 present
1123 1872 187 30 Government
1330 1873 65 30 with

769 1926 101 33 respect
883 1927 27 23 to
929 1922 46 27 the
988 1921 169 37 importance
1180 1922 66 35 they
1264 1923 90 27 attach
1371 1927 26 23 to

768 1969 46 27 the
844 1969 108 31 mining
974 1967 155 29 industries.
1167 1969 66 26 This
1263 1970 133 26 attention

769 2016 49 28 has
830 2016 68 28 been
919 2016 27 28 in
961 2025 16 19 a
991 2025 114 19 manner
1117 2015 90 29 forced
1226 2025 74 28 upon
1321 2016 76 29 them

769 2064 35 34 by
816 2065 221 26 circumstances.
1075 2064 35 26 So
1129 2063 65 32 long
1206 2073 29 17 as
1256 2064 46 26 the
1315 2064 82 26 much

769 2109 78 29 taxed
867 2110 88 28 miner
975 2119 55 19 was
1051 2112 110 26 content
1182 2113 28 25 to
1229 2120 54 27 pay
1303 2110 35 37 by
1358 2111 26 28 in-

769 2157 84 30 direct
877 2157 54 30 and
956 2157 86 30 direct
1061 2159 133 31 taxation,
1213 2169 15 18 a
1251 2159 72 35 large
1347 2159 39 29 dis-

769 2206 155 34 proportion
946 2206 30 25 of
993 2206 42 26 his
1055 2206 127 31 earnings
1204 2216 28 16 as
1255 2207 142 33 compared

768 2251 65 26 with
847 2250 77 28 those
948 2250 30 27 of
988 2251 73 27 what
1075 2260 22 17 is
1110 2251 87 27 called
1218 2251 37 36 by
1274 2255 126 32 courtesy

768 2297 46 30 the
873 2298 96 29 settled
1209 2299 47 28 the
1281 2300 102 29 Govern-

769 2350 89 23 ments
872 2346 29 27 of
912 2347 46 26 the
973 2350 60 32 past
1046 2347 69 26 have
1134 2347 68 26 been
1217 2347 74 35 quite
1311 2357 74 24 agree-

767 2392 60 29 able
849 2396 26 24 to
889 2392 61 28 take
976 2392 37 28 all
1027 2393 64 35 they
1105 2393 80 28 could
1204 2404 122 26 squeeze,
1347 2396 54 27 and

767 2441 61 34 give
840 2449 66 27 very
919 2440 69 28 little
1002 2439 108 37 beyond
1123 2441 93 27 liberal
1231 2443 131 34 promises
1372 2444 27 26 in

767 2493 102 24 return.
907 2488 88 34 Large
1015 2497 74 20 sums
1111 2488 70 31 have
1205 2489 94 39 yearly
1323 2500 62 19 orna-

767 2536 111 27 mented
893 2536 45 27 the
960 2537 209 35 Appropriation
1185 2539 64 27 Acts
1261 2539 42 27 for
1313 2539 88 27 works

767 2592 35 18 on
813 2582 43 28 the
865 2583 160 34 Goldfields,
1033 2583 54 28 and
1099 2584 158 28 Goldfields'
1267 2585 135 28 members

767 2629 70 28 have
868 2630 132 37 annually
1030 2630 129 28 returned
1190 2635 28 25 to
1242 2632 73 28 their
1338 2642 45 18 con-

767 2677 127 28 stituents
908 2677 66 27 with
995 2677 112 35 smiling
1119 2678 71 27 faces
1209 2679 54 26 and
1283 2679 119 28 cheerful

768 2734 73 19 news
861 2725 31 28 of
909 2724 81 30 roads
1003 2728 27 26 to
1044 2725 31 29 be
1098 2726 81 28 made
1202 2726 54 29 and
1277 2726 84 29 rivers
1375 2731 27 26 to

767 2773 32 28 be
813 2773 121 35 bridged,
948 2773 66 36 only
1027 2778 27 23 to
1077 2773 57 28 find
1156 2773 61 28 that
1230 2774 71 27 their
1314 2775 88 27 voices

767 2829 72 19 were
861 2823 47 25 not
930 2830 29 18 so
981 2820 107 29 audible
1109 2830 34 19 on
1159 2821 46 29 the
1227 2822 74 27 West
1321 2822 82 27 Coast

769 2877 30 20 as
812 2867 28 29 in
854 2867 179 36 Wellington,
1047 2868 54 29 and
1115 2878 75 20 some
1202 2869 200 29 much-needed

769 2915 81 28 roads
880 2915 90 28 which
1001 2916 70 27 have
1102 2917 104 35 figured
1242 2926 35 18 on
1309 2918 95 27 Public

771 2961 97 30 Works
893 2962 150 30 Estimates
1068 2972 65 25 eyer
1159 2963 74 29 since
1258 2964 46 29 the
1329 2964 75 37 early

771 3009 68 36 days
852 3011 30 27 of
892 3011 154 27 Provincial
1059 3011 128 28 Councils
1205 3012 69 27 have
1287 3016 49 24 not
1350 3013 53 28 had

772 3067 16 19 a
807 3057 93 29 shovel
924 3061 50 34 put
997 3058 59 28 into
1081 3058 76 29 them
1182 3063 54 33 yet.
1274 3059 55 29 But
1352 3061 53 28 evil

773 3105 146 28 davshave
929 3105 82 28 fallen
1022 3107 126 26 imoniho
1161 3110 20 23 11
1190 3107 115 24 rnttVT..
1367 3109 7 14 1

774 3135 57 28 tTon
877 3134 90 29 oTTne
981 3133 106 38 colony.
1126 3135 78 29 Wool
1222 3135 50 28 has
1291 3144 65 27 year
1369 3135 37 37 by

774 3193 12 26 3
787 3192 5 11 T
793 3192 46 19 ear
863 3182 69 29 been
957 3182 137 36 declining
1117 3183 30 27 in
1177 3183 88 32 value,
1289 3182 116 28 without

775 3229 84 28 much
883 3229 70 38 hope
978 3229 30 29 of
1030 3239 16 18 a
1068 3238 139 28 recovery,
1235 3229 92 29 tallow
1358 3229 46 28 the

758 3273 1 45 |
776 3286 85 24 same,
886 3277 55 29 and
960 3277 47 30 the
1026 3281 61 24 vast
1108 3277 89 36 plains
1219 3277 30 29 of
1265 3277 42 28 La
1329 3277 78 29 Plata

759 3324 1 36 ,
776 3324 54 28 and
844 3324 45 28 the
911 3324 148 36 Argentine
1081 3324 132 36 Republic
1239 3324 168 29 foreshadow

776 3375 28 24 to
818 3371 46 28 the
877 3371 195 37 sheep-farmer
1086 3372 29 27 of
1131 3373 66 26 New
1216 3372 118 28 Zealand
1347 3373 61 27 that

777 3419 46 29 the
832 3418 66 38 days
906 3418 30 29 of
943 3418 43 29 his
998 3419 152 38 prosperity
1162 3429 44 19 are
1216 3429 77 24 gone.
1323 3420 84 28 Gram

778 3470 121 34 growing
912 3469 22 26 is
946 3469 116 27 another
1074 3478 81 18 name
1169 3468 41 28 for
1228 3468 180 37 bankruptcy,

760 3514 2 38 !
777 3516 42 28 for
847 3516 126 28 America
1002 3515 55 29 and
1092 3514 81 30 India
1211 3516 66 28 with
1315 3525 96 19 nearer

760 3561 2 38 i
778 3561 130 35 markets,
949 3562 117 37 cheaper
1109 3562 76 34 land,
1227 3563 55 28 and
1328 3563 83 28 lower

778 3610 121 37 freights,
918 3610 69 30 have
1007 3610 146 37 consigned
1173 3610 47 30 the
1240 3610 170 39 Canterbury

778 3658 130 28 cockatoo
932 3662 28 24 to
991 3659 127 28 oblivion.
1155 3659 59 27 The
1239 3661 50 25 few
1314 3668 76 18 manu-

779 3706 134 35 facturing
926 3704 147 30 industries
1087 3705 89 29 which
1195 3715 45 19 are
1260 3706 151 37 struggling

779 3754 66 32 into,
860 3763 30 18 or
910 3754 41 28 for
964 3763 34 18 an
1011 3754 144 32 existence,
1178 3758 75 23 *vant
1265 3763 16 18 a
1299 3755 96 35 popula-

779 3799 57 29 tion
850 3800 40 28 for
903 3805 158 28 customers,
1081 3800 54 28 and
1155 3800 47 28 the
1224 3801 188 27 Government

780 3852 28 24 at
821 3848 70 28 their
903 3849 61 27 wits
977 3847 63 33 end,
1054 3852 28 24 at
1094 3848 52 27 last
1159 3847 139 35 recognise
1316 3857 29 18 in
1364 3849 46 26 the

780 3895 205 37 long-suffering
1004 3895 53 28 and
1079 3895 140 33 neglected
1246 3895 166 34 gold-miner

781 3943 45 29 the
839 3942 151 30 individual
1004 3942 61 28 who
1079 3942 53 28 will
1147 3942 39 28 fill
1200 3942 37 28 all
1251 3943 45 27 the
1321 3953 75 18 neces-

781 4002 62 25 sary
856 3991 153 28 conditions
1030 3997 27 22 to
1079 3990 91 28 revive
1190 3991 47 27 the
1260 3992 155 32 stagnation

781 4038 30 28 of
821 4038 45 28 the
880 4037 106 36 colony.
1023 4037 58 27 The
1105 4037 128 36 Ministry
1260 4038 154 35 appreciate
1431 4031 1 44 j

781 4086 47 30 the
840 4086 56 29 fact
908 4085 60 29 that
977 4096 81 26 every
1068 4094 85 20 ounce
1166 4086 29 27 of
1200 4085 63 37 gold
1273 4096 61 18 won
1346 4086 70 28 from

782 4136 34 27 Hs
829 4134 170 28 rock-bound
1011 4134 90 35 prison
1113 4133 24 28 is
1150 4143 29 18 so
1192 4134 83 29 much
1290 4135 119 32 tangible

782 4181 98 28 wealth
894 4180 87 27 added
995 4184 26 23 to
1035 4180 45 27 the
1094 4184 115 30 country
1221 4188 5 24 ;
1247 4181 54 26 and
1313 4181 102 36 having

783 4233 28 24 at
822 4228 52 29 last
896 4226 83 30 found
991 4227 60 29 that
1073 4227 45 29 the
1138 4228 90 28 miner
1246 4228 24 28 is
1289 4229 87 36 really
1398 4240 15 18 a

783 4277 104 27 human
912 4275 80 36 being
1022 4275 65 29 with
1120 4275 46 29 the
1202 4276 79 28 usual
1313 4276 104 29 human

783 4324 142 27 attributes
938 4323 54 28 and
1005 4323 108 33 desires,
1127 4323 66 36 they
1206 4323 69 28 have
1294 4324 107 28 awaken-

783 4371 34 29 ed
837 4374 28 25 to
889 4371 47 27 the
960 4371 158 36 knowledge
1140 4371 60 27 that
1226 4371 34 27 he
1286 4372 131 37 probably

784 4418 89 29 would
887 4418 117 36 perhaps
1016 4418 31 27 be
1061 4419 30 27 of
1101 4428 74 18 some
1198 4418 105 28 further
1322 4428 47 19 use
1392 4424 26 24 to

785 4466 77 30 them
874 4466 28 28 in
916 4466 79 35 again
1017 4465 151 37 increasing
1188 4466 47 29 the
1257 4477 117 19 revenue
1398 4467 23 29 if

785 4515 34 26 he
832 4515 65 34 only
909 4524 55 17 was
977 4515 118 26 afforded
1108 4524 15 17 a
1137 4515 67 26 tithe
1227 4515 31 26 of
1273 4516 47 25 the
1342 4515 76 27 usual

785 4558 163 30 necessaries
960 4558 29 29 in
1003 4558 46 30 the
1063 4559 83 38 shape
1159 4559 30 29 of
1201 4560 90 33 roads,
1313 4560 55 34 &c.,
1392 4571 28 17 as

786 4609 69 29 have
868 4609 68 28 been
949 4609 114 35 granted
1077 4614 28 23 to
1118 4610 43 27 his
1182 4610 87 28 fellow
1293 4611 127 27 colonists

786 4657 46 28 the
845 4656 206 35 agriculturists,
1069 4656 62 28 who
1153 4656 69 29 have
1244 4658 176 36 consistently

785 4704 97 28 kicked
895 4713 36 28 up
945 4713 15 19 a
974 4713 56 19 row
1051 4704 22 27 if
1090 4704 65 35 they
1176 4703 47 28 did
1244 4708 49 24 not
1315 4705 69 27 have
1406 4715 15 17 a

786 4752 111 36 railway
910 4752 100 29 station
1024 4752 96 28 within
1134 4756 46 25 ten
1202 4753 79 29 miles
1302 4753 29 28 of
1353 4753 69 28 their

787 4799 180 27 homesteads.
1016 4799 89 27 Those
1129 4799 62 27 who
1214 4799 69 27 have
1306 4804 78 31 spent
1406 4809 15 17 a

789 4848 48 27 few
849 4857 77 26 years
939 4848 28 27 in
981 4847 173 36 prospecting
1176 4847 46 28 the
1245 4848 75 27 West
1340 4848 81 27 Coast

787 4894 80 28 know
880 4894 75 28 what
969 4903 33 19 an
1019 4894 118 28 arduous
1150 4894 60 28 task
1223 4895 21 27 it
1256 4894 22 28 is
1296 4894 41 27 for
1359 4903 62 18 men

788 4946 28 25 to
829 4952 77 25 carry
919 4941 71 29 their
1003 4941 78 33 tools,
1102 4941 161 37 provisions,
1288 4941 134 32 blankets,

788 4990 55 32 &c.,
868 4989 119 36 through
1012 4988 47 28 the
1084 4988 99 28 untrod
1209 4988 157 28 wilderness
1397 4989 30 27 of

789 5036 143 29 mountain
957 5035 55 30 and
1037 5035 78 34 bush,
1141 5035 54 28 and
1223 5035 118 36 through
1377 5036 46 29 the

789 5086 81 27 dense
894 5094 73 18 mass
992 5084 29 28 of
1045 5084 166 36 supplejack,
1246 5084 90 27 which
1380 5084 43 27 bid

789 5132 121 28 defiance
932 5136 27 23 to
980 5131 46 28 the
1049 5131 134 28 traveller.
1226 5130 89 27 Those
1334 5130 89 35 hardy

790 5185 169 31 prospectors
972 5188 51 18 can
1037 5178 45 28 tell
1094 5178 30 27 of
1136 5178 44 27 the
1194 5178 106 27 limited
1309 5181 114 24 amount

790 5228 29 30 of
830 5233 114 32 country
957 5225 89 30 which
1057 5225 60 34 has,
1127 5225 68 28 after
1206 5225 35 28 all
1252 5225 75 28 these
1338 5234 87 27 years,

778 5266 1 42 !
790 5277 66 26 been
883 5275 128 27 searched
1037 5275 40 26 for
1101 5273 63 33 gold
1176 5282 6 23 ;
1202 5273 54 27 and
1282 5273 65 35 they
1374 5282 51 18 can

778 5313 1 42 I
790 5322 57 30 also
860 5322 48 28 tell
921 5321 30 29 of
962 5321 44 29 the
1020 5321 99 28 almost
1133 5319 153 29 illimitable
1310 5324 115 31 country

778 5353 1 51 !
791 5370 88 27 which
893 5371 22 24 is
929 5378 30 17 as
971 5373 45 31 yet
1030 5367 153 27 untrodden
1199 5366 36 36 by
1254 5367 45 27 the
1322 5367 57 27 foot
1400 5367 30 27 of

778 5397 1 54 !
792 5427 74 24 man,
880 5415 113 31 because
1005 5414 21 31 it
1040 5415 22 29 is
1075 5425 16 19 a
1105 5416 99 27 matter
1218 5413 29 29 of
1258 5417 104 27 human
1376 5413 33 29 im-

792 5465 163 35 probability
968 5468 28 22 to
1019 5469 126 29 prospect
1167 5463 45 26 the
1232 5463 195 33 unpenetrable

793 5517 115 29 country
933 5510 114 28 without
1072 5518 75 18 some
1172 5507 87 28 better
1283 5517 95 19 means
1402 5509 30 27 of

793 5559 152 35 conveying
957 5556 127 38 supplies.
1129 5556 29 28 If
1176 5555 44 28 the
1242 5556 186 28 Government

794 5606 88 28 would
896 5604 84 37 spend
994 5613 29 18 or
1036 5606 81 31 grant
1131 5607 28 23 to
1172 5603 46 26 the
1237 5602 67 27 local

795 5661 97 27 money
906 5654 26 25 to
946 5650 80 29 make
1040 5660 16 18 a
1068 5648 125 30 hundred
1206 5649 78 28 miles
1300 5649 29 28 of
1349 5649 64 36 pack-

795 5700 99 31 tracks,
916 5698 66 28 such
1008 5708 30 18 as
1061 5697 94 29 horses
1179 5696 80 29 could
1284 5696 85 28 travel
1395 5706 34 18 on

795 5747 63 28 with
878 5746 67 34 liglit
966 5745 84 33 loads,
1073 5750 28 22 at
1122 5755 16 17 a
1162 5748 57 23 cost
1240 5744 30 27 of
1287 5748 48 23 not
1355 5752 75 19 more

795 5795 66 27 than
878 5795 71 27 X'loo
963 5802 46 25 per
1031 5792 73 28 mile,
1129 5792 64 35 they
1216 5791 89 31 would
1329 5794 48 25 not
1397 5791 31 27 be

796 5841 165 27 lonbefore
977 5839 61 27 tliev
1055 5839 88 27 would
1264 5842 27 23 to
1313 5837 48 28 feci
1383 5837 44 28 the

1423 235 52 30 ben
1493 237 70 28 final
1585 238 88 29 efiects
1696 240 27 27 of
1746 240 70 29 their
1844 243 82 28 wovk.
1970 242 85 29 These
2071 235 1 36 >

1425 286 170 35 pack-track>
1610 288 87 25 would
1718 289 95 26 enable
1837 299 63 18 men
1921 299 27 19 to
1968 301 72 25 prose-

1424 338 60 25 cute
1498 333 70 29 their
1582 334 92 29 search
1700 334 40 30 for
1764 345 58 19 new
1844 336 77 30 fields
1943 338 113 29 without

1425 383 80 33 being
1517 383 188 35 handicapped
1722 390 27 21 to
1761 385 44 26 the
1817 390 92 22 extent
1920 387 30 25 of
1957 387 99 30 having

1427 437 24 21 to
1466 439 63 28 spen
1541 430 6 28 l
1564 430 93 36 nearly
1672 430 46 29 the
1733 431 85 28 whole
1833 435 27 24 ot
1872 432 71 29 their
1952 433 65 30 time
2029 435 24 26 in

1425 479 126 34 carrying
1575 479 160 35 provisions.
1784 480 49 26 We
1858 480 69 28 have
1957 482 99 35 always

1426 527 60 28 held
1502 527 45 26 the
1561 526 109 36 opinion
1685 527 60 28 that
1759 528 45 26 the
1818 528 191 36 development
2030 529 29 28 of

1427 574 43 27 the
1493 574 80 28 Coast
1597 574 119 35 depends
1736 574 115 36 entirely
1873 585 34 17 on
1931 576 45 28 the
1998 586 59 18 ease

1426 621 63 28 with
1506 621 87 28 which
1609 621 46 28 the
1669 626 155 32 prospector
1836 632 48 18 can
1901 632 104 27 convey
2015 623 41 29 bis

1427 670 128 35 supplies.
1609 670 88 27 These
1722 670 89 28 tracks
1825 680 44 18 are
1900 672 82 33 really
2013 672 44 27 the

1427 715 137 28 advanced
1578 717 99 32 guards
1690 717 28 26 of
1728 717 47 27 the
1792 717 110 33 railway
1926 718 87 28 which
2035 719 23 27 is

1428 773 27 24 fo
1479 765 19 24 is
1517 769 26 21 to
1566 764 31 26 he
1618 773 74 17 some
1717 764 69 33 day;
1805 764 48 27 but
1878 765 46 26 the
1949 765 60 28 ilea
2034 766 29 26 of

1428 810 112 35 making
1552 811 46 27 the
1613 811 110 34 railway
1738 811 59 28 first
1816 810 53 28 and
1892 811 45 28 the
1959 811 100 28 feeders

1428 858 158 28 afterwards
1607 859 22 27 is
1651 868 139 21 reversing
1809 859 73 29 what
1907 860 96 28 should
2027 861 33 28 be

1430 906 44 27 the
1488 904 78 29 order
1578 915 16 18 o
1599 904 3 32 1
1618 905 91 31 things
1722 916 29 17 as
1771 907 40 26 far
1832 915 30 18 as
1882 907 54 27 this
1958 907 101 29 district

1430 953 20 26 is
1462 952 157 27 concerned.
1658 952 80 28 From
1749 953 45 27 the
1806 953 76 35 Lyell
1891 954 169 28 northwards

1430 998 75 27 there
1530 998 22 27 is
1577 1008 32 17 an
1642 998 136 29 immense
1809 1009 79 26 scope
1917 1001 30 27 of
1975 1002 84 33 virgin

1430 1049 124 33 country,
1568 1046 119 28 believed
1704 1046 35 34 by
1754 1047 127 35 practical
1899 1058 62 19 men
1983 1054 27 23 to
2029 1050 32 28 be

1430 1094 175 36 enormously
1618 1094 56 28 rich
1688 1104 6 20 ;
1714 1095 47 28 but
1772 1106 28 18 so
1811 1096 41 28 far
1860 1107 29 17 as
1899 1097 46 28 the
1953 1105 108 29 present

1431 1148 94 18 means
1538 1140 30 24 of
1578 1148 89 17 access
1688 1148 45 17 are
1756 1141 149 29 concerned
1931 1141 21 25 it
1976 1142 85 31 might

1432 1195 28 19 as
1473 1185 58 29 W'-ll
1547 1185 31 28 be
1592 1188 28 25 at
1635 1185 46 28 the
1704 1185 86 29 South
1813 1185 72 30 Pole.
1931 1187 87 29 There
2041 1188 21 28 is

1431 1239 45 20 not
1492 1234 45 25 the
1557 1233 124 30 slightest
1701 1234 84 25 doubt
1806 1234 61 26 that
1889 1234 26 26 in
1929 1235 68 26 time
2016 1236 44 25 the

1434 1280 76 35 Lyell
1524 1279 67 29 reefs
1606 1284 25 24 to
1646 1279 45 29 the
1705 1279 80 29 south
1802 1279 54 29 will
1883 1282 29 27 he
1935 1281 81 29 found
2036 1288 27 22 to

1433 1333 113 22 connect
1559 1328 28 26 in
1601 1337 14 17 a
1630 1328 53 26 line
1706 1328 63 26 with
1794 1328 118 34 Larry's,
1932 1333 28 22 to
1983 1329 64 28 Boat-

1433 1376 88 26 man's
1535 1374 54 27 and
1611 1383 29 18 so
1658 1384 36 17 on
1707 1379 28 22 to
1759 1374 111 35 Murray
1893 1375 85 27 Creek
1991 1385 6 23 ;
2016 1376 46 27 but

1434 1430 35 28 up
1484 1425 25 24 to
1523 1421 46 28 the
1590 1425 109 33 present
1721 1421 75 34 time,
1818 1422 245 35 notwithstanding

1434 1470 45 26 the
1498 1471 64 29 long
1582 1481 12 15 s
1607 1482 6 13 >
1630 1472 18 24 11
1672 1471 29 25 of
1719 1472 49 31 dry
1789 1472 120 25 weather
1926 1473 81 25 Intelv
2021 1482 28 15 ex-

1433 1513 150 37 perienced,
1604 1514 22 28 it
1648 1514 48 27 has
1718 1514 65 28 been
1807 1524 13 18 a
1844 1519 100 24 matter
1968 1515 29 28 of
2017 1515 31 28 im-

1422 1561 6 39 .
1434 1562 135 38 posibility
1580 1562 42 29 for
1630 1573 15 19 a
1659 1568 79 31 party
1752 1562 30 29 of
1794 1574 63 18 men
1871 1569 26 23 to
1912 1561 94 31 devote
2020 1564 45 29 the

1422 1611 1 41 |
1434 1613 65 26 time
1509 1616 27 23 to
1549 1622 15 16 a
1578 1611 157 35 systematic
1743 1612 93 27 search
1849 1613 25 26 in
1890 1622 29 17 so
1931 1613 68 34 hilly
2011 1613 51 26 and

1434 1657 99 27 broken
1559 1667 15 16 a
1600 1665 124 24 coumrv,
1750 1658 119 27 whereas
1894 1658 23 26 if
1940 1667 15 17 a
1983 1659 82 26 metal

1434 1704 74 30 track
1528 1704 148 30 connected
1696 1705 110 37 Larry's
1829 1705 66 30 with
1917 1706 77 34 Lyell
2021 1706 44 29 the

1434 1753 132 36 difficulty
1580 1754 29 26 of
1619 1762 89 18 access
1721 1754 90 27 would
1822 1754 31 27 he
1865 1754 137 33 removed,
2013 1755 53 27 and

1434 1802 99 35 parties
1558 1801 91 28 would
1676 1801 31 28 be
1736 1801 117 28 induced
1884 1805 28 25 to
1945 1807 123 31 prospect

1435 1848 67 26 lrom
1525 1846 65 28 both
1613 1846 75 28 ends.
1738 1846 49 28 We
1808 1847 102 28 believe
1935 1848 61 28 that
2022 1849 45 27 the

1435 1895 164 35 Inangahua
1632 1895 110 35 County
1768 1896 114 28 Council
1919 1896 54 29 had
2015 1898 53 28 this

1435 1945 109 26 scheme
1558 1944 27 27 in
1609 1944 66 27 view
1690 1953 71 18 ;ome
1775 1945 66 26 time
1854 1954 60 24 ago,
1933 1945 50 28 but
2004 1945 63 35 they

1435 1990 69 28 have
1514 1990 65 37 kept
1588 1990 20 27 it
1616 1990 75 27 there
1700 1999 62 18 ever
1773 1990 80 28 since.
1884 1991 47 27 We
1943 1991 69 37 hope
2023 2001 44 19 ere

1436 2040 62 32 long
1520 2044 27 22 to
1568 2038 68 27 have
1660 2042 26 23 to
1708 2038 92 28 record
1822 2048 15 18 a
1859 2044 160 28 moyement
2041 2040 27 27 in

1436 2085 59 27 that
1522 2084 130 28 direction
1666 2092 6 23 ;
1693 2084 52 27 and
1771 2093 65 19 once
1860 2084 167 29 locomotion
2051 2086 21 28 if

1436 2132 114 39 possible
1565 2142 39 17 we
1622 2131 69 28 have
1713 2142 35 17 no
1769 2133 56 27 fear
1844 2133 42 28 for
1907 2133 44 28 the
1971 2133 98 35 future,

1435 2181 87 29 either
1535 2190 29 18 as
1578 2185 26 23 to
1618 2180 46 28 the
1685 2189 122 26 progress
1829 2182 26 27 of
1877 2182 46 28 the
1943 2182 79 35 Lyell
2042 2193 29 17 or

1436 2228 46 27 the
1496 2225 185 28 construction
1704 2226 30 26 of
1750 2226 46 27 the
1818 2227 122 35 railway,
1964 2229 39 26 for
2024 2229 45 26 the

1436 2274 81 28 latter
1529 2271 119 38 depends
1660 2272 27 28 in
1701 2281 15 19 a
1729 2276 75 33 great
1825 2283 44 21 me
1879 2284 21 19 is
1903 2283 47 21 tire
1964 2284 35 20 on
2020 2275 46 29 the

1437 2323 125 26 former..

1473 2422 58 28 The
1553 2422 103 28 United
1671 2422 96 35 Alpine
1781 2431 44 19 are
1839 2422 90 36 busily
1952 2422 119 34 engaged

1437 2460 132 36 breaking
1581 2465 77 23 stone
1678 2459 53 28 and
1753 2461 104 35 getting
1878 2460 46 28 tha
1946 2462 74 26 mine
2044 2461 27 27 in

1437 2499 78 30 order
1528 2500 39 28 for
1579 2499 139 34 filling-in,
1732 2498 89 30 which
1837 2499 54 29 will
1902 2498 32 30 be
1945 2498 81 30 taken
2042 2499 28 29 in

1438 2539 73 28 hand
1534 2542 63 23 next
1619 2539 76 26 week
1719 2540 79 25 when
1824 2539 46 26 the
1896 2538 175 36 cleaning-np

1437 2576 76 27 takes
1527 2577 84 34 place.
1657 2576 57 26 The
1729 2575 136 36 paddocks
1885 2585 45 17 are
1953 2576 35 26 all
2012 2576 60 27 full.

1438 2614 90 27 There
1541 2615 23 26 is
1586 2623 36 18 no
1643 2613 104 34 change
1767 2615 28 26 in
1816 2615 50 26 No.
1889 2615 16 26 G
1927 2614 79 32 level,
2028 2614 45 27 the

1438 2652 121 27 distance
1572 2661 60 18 now
1650 2652 93 27 driven
1764 2653 22 26 is
1809 2653 50 26 100
1880 2653 62 31 feet,
1965 2652 108 32 leaving

1438 2691 33 26 90
1484 2690 53 26 feet
1550 2698 75 18 more
1638 2692 28 24 to
1681 2690 86 26 arrive
1783 2693 28 23 at
1823 2690 46 26 the
1882 2690 78 36 point
1982 2689 88 28 where

1438 2728 47 29 the
1511 2728 81 29 north
1617 2727 80 29 block
1721 2727 96 29 should
1844 2728 32 28 be
1907 2732 57 25 met
1997 2728 75 29 with.

1440 2768 172 34 Everything
1625 2770 27 23 at
1665 2766 46 28 the
1725 2766 106 35 battery
1844 2768 22 26 is
1879 2768 83 34 going
1983 2777 34 17 on
2040 2777 29 17 as

1439 2804 87 28 usual.
1564 2805 57 27 The
1635 2804 99 37 supply
1747 2805 30 27 of
1789 2808 83 24 W;iter
1883 2806 28 26 in
1931 2806 45 26 the
1997 2805 76 27 creek

1441 2843 23 28 is
1477 2846 47 25 not
1537 2843 74 36 quite
1625 2852 35 27 up
1674 2847 27 24 to
1716 2843 206 36 requirements.

1474 2901 58 28 The
1555 2904 167 25 contractors
1747 2901 28 28 in
1801 2901 46 28 the
1873 2902 103 27 United
2001 2902 74 35 Italy

1440 2949 45 18 are
1511 2948 62 18 now
1595 2940 82 26 down
1699 2948 34 18 on
1748 2940 46 26 the
1807 2938 58 28 reef
1885 2940 33 26 10
1935 2938 61 28 feet.
2033 2940 42 26 On

1441 2978 143 36 Thursday
1600 2977 45 29 the
1658 2977 59 29 reef
1737 2977 118 38 pinched
1877 2982 48 24 out
1947 2982 27 24 to
1999 2977 76 29 three

1440 3017 96 27 inches
1548 3018 29 25 in
1591 3026 186 25 consequence
1800 3017 30 26 of
1839 3026 16 17 a
1868 3017 80 32 bulge
1967 3017 95 32 coming-

1440 3055 58 28 into
1520 3055 46 27 the
1581 3053 206 35 hanging-wall.
1825 3055 37 26 As
1881 3063 66 18 soon
1969 3064 30 17 as
2020 3054 57 36 tlffi

1440 3098 93 40 iitmKe*
1553 3103 105 41 agam/'
1660 3093 6 21 I
1668 3093 97 51 'TLere
1791 3118 45 18 are
1858 3112 104 23 several
1992 3107 65 36 good-

1441 3149 110 35 looking
1576 3147 104 29 leaders
1705 3147 110 34 coming
1840 3147 58 26 into
1926 3145 45 28 the
1997 3149 76 24 stone

1442 3191 28 24 at
1494 3187 47 28 the
1564 3187 77 35 point
1665 3185 90 28 where
1778 3185 64 35 they
1864 3194 69 18 were
1954 3184 122 35 working

1442 3234 12 27 )
1462 3224 136 36 esterday.

1478 3282 79 35 Mary
1571 3280 92 29 Pasini
1675 3290 56 18 was
1749 3280 119 34 brought
1882 3289 36 27 up
1939 3289 35 18 on
1997 3279 58 28 Mon-

1444 3321 52 36 day
1510 3320 53 27 last
1576 3320 89 27 belore
1680 3318 37 29 H.
1732 3319 32 27 G.
1780 3318 195 34 Yoimghman,
1998 3318 77 35 Esq.,

1443 3359 27 28 J.
1494 3359 39 32 P.,
1559 3358 118 33 charged
1701 3357 66 28 with
1801 3357 160 28 drunkness.
2019 3356 57 27 The

1444 3398 85 28 police
1551 3396 89 28 stated
1665 3396 60 27 that
1750 3396 55 27 this
1829 3405 56 18 was
1908 3396 46 26 the
1979 3394 98 27 second

1445 3438 65 26 time
1525 3436 47 28 she
1585 3445 55 18 was
1653 3435 120 27 arrested
1787 3433 94 29 within
1897 3434 45 28 the
1957 3433 52 28 last
2019 3433 60 28 four

1445 3476 77 34 days,
1536 3474 53 27 and
1602 3474 46 26 the
1662 3473 92 28 Bench
1768 3474 69 26 after
1846 3473 207 33 administering
2064 3482 15 16 a

1446 3513 108 29 caution
1568 3512 121 28 inflicted
1704 3522 14 17 a
1732 3512 54 27 line
1799 3511 30 28 of
1836 3513 46 26 10s
1896 3520 30 19 or
1935 3511 27 27 in
1976 3509 103 29 default

1446 3553 53 28 five
1512 3553 84 26 hours
1612 3551 220 35 imprisonment.
1875 3549 57 28 The
1953 3549 54 27 line
2027 3548 52 27 and

1446 3594 71 26 costs
1531 3599 68 20 were
1618 3588 71 38 paid.

1482 3649 58 26 The
1554 3647 103 27 Nelson
1670 3647 65 27 road
1749 3647 121 26 between
1882 3646 79 34 Lyell
1972 3645 53 27 and
2038 3645 44 28 the

1448 3685 87 35 Eight
1552 3685 75 32 mile,
1647 3685 46 28 the
1715 3684 140 36 boundary
1877 3684 30 27 of
1925 3684 45 27 the
1991 3683 93 28 Buller

1449 3725 117 36 County,
1579 3725 24 27 is
1617 3723 124 33 reported
1754 3728 27 24 to
1801 3723 31 28 be
1852 3724 28 27 in
1902 3732 16 19 a
1938 3726 70 25 most
2031 3722 39 29 dis-

1450 3764 118 32 graceful
1584 3762 147 28 condition.
1777 3762 87 26 There
1888 3761 49 27 has
1959 3761 68 27 been
2049 3770 35 18 no

1449 3800 73 29 work
1537 3800 29 28 of
1576 3810 53 25 any
1643 3800 163 35 description
1820 3799 69 27 done
1903 3807 35 18 on
1952 3798 54 28 this
2024 3808 44 25 por-

1451 3840 56 26 tion
1521 3838 29 28 of
1561 3838 44 27 the
1619 3837 66 28 road
1697 3838 41 26 for
1751 3836 45 28 the
1810 3836 53 28 last
1881 3840 61 24 lour
1963 3836 121 32 months,

1452 3878 53 27 and
1514 3882 28 22 at
1552 3876 46 28 the
1608 3880 108 32 present
1726 3876 65 27 time
1803 3875 35 28 ail
1849 3874 45 29 the
1903 3874 182 28 water-tables

1452 3925 45 18 are
1511 3914 104 28 choked
1628 3923 44 27 up,
1686 3913 55 28 and
1754 3914 28 27 ill
1798 3923 51 18 one
1871 3913 76 35 place
1970 3922 16 17 a
2008 3912 26 27 la
2050 3921 31 23 ge

1453 3953 54 30 and
1520 3953 152 34 dangerous
1686 3952 61 28 hole
1761 3952 82 28 exists
1863 3952 29 27 in
1913 3951 45 28 the
1984 3950 101 28 middle

1453 3993 30 27 of
1500 3993 44 26 the
1566 3991 67 28 road
1652 3992 28 26 in
1702 4001 16 18 a
1740 3991 112 28 culvert.
1900 3990 37 27 As
1963 3990 47 27 the
2034 3993 54 23 wet

1453 4031 120 27 weather
1596 4030 23 26 is
1644 4038 61 18 now
1730 4028 186 36 approaching
1940 4028 21 26 it
1987 4028 23 26 is
2040 4030 48 25 not

1455 4069 113 28 difficult
1580 4071 28 25 to
1620 4068 120 34 imagine
1754 4067 73 28 what
1842 4066 45 28 the
1899 4066 66 28 road
1977 4065 56 28 will
2055 4065 31 27 be

1454 4108 53 28 like
1520 4108 76 31 then,
1610 4116 29 18 as
1652 4108 21 26 it
1686 4106 54 28 will
1754 4106 32 28 be
1799 4104 102 37 simply
1914 4104 174 37 impassable,

1455 4146 54 28 and
1523 4146 45 26 the
1582 4144 95 28 Buller
1690 4144 108 35 Couuty
1822 4143 113 28 Council
1957 4143 55 27 will
2032 4143 57 27 find

1456 4184 60 26 that
1537 4183 65 34 they
1626 4183 69 26 have
1721 4181 93 28 struck
1839 4181 105 28 trouble
1970 4181 117 34 through

1456 4221 70 29 their
1551 4221 88 29 action
1667 4220 35 37 by
1728 4219 127 34 allowing
1879 4228 35 19 an
1938 4218 151 38 important

1456 4262 107 36 portion
1576 4261 30 27 of
1616 4259 45 28 the
1674 4259 66 28 road
1757 4262 28 25 to
1805 4258 111 28 become
1939 4257 100 33 closed,
2060 4262 29 24 to

1456 4310 48 25 say
1518 4300 116 34 nothing
1646 4299 30 28 of
1686 4299 46 26 the
1746 4301 74 25 extra
1834 4306 116 28 expense
1964 4297 29 27 of
2007 4306 64 27 open-

1456 4339 46 31 ing
1514 4338 31 27 it.

1491 4386 142 34 Inspector
1652 4384 164 28 Emmerson
1838 4382 106 29 arrived
1964 4385 27 25 at
2013 4382 77 35 Lyell

1457 4433 34 18 on
1514 4423 122 35 Monday
1658 4423 53 27 last
1732 4426 27 23 to
1782 4421 79 28 make
1883 4420 43 28 his
1950 4420 141 36 quarterly

1457 4462 150 38 inspection
1618 4461 30 29 of
1655 4461 45 28 the
1711 4460 108 29 station.
1857 4459 49 29 We
1920 4459 100 28 believe
2030 4459 62 28 that

1457 4502 162 35 everything
1631 4511 55 16 was
1700 4499 84 28 found
1798 4499 180 34 satisfactory.

1492 4546 57 28 The
1562 4546 141 35 Westport
1716 4553 73 19 races
1805 4553 70 18 were
1894 4543 118 36 brought
2030 4546 28 25 to
2077 4553 15 18 a

1457 4586 158 30 conclusion
1646 4584 53 30 last
1730 4582 145 38 Saturday,
1906 4582 54 30 and
1991 4581 22 30 if
2045 4582 47 29 the

1458 4626 126 35 opinions
1601 4625 30 27 of
1637 4624 144 32 returning
1792 4623 107 27 visitors
1917 4631 45 19 are
1980 4627 112 27 correct,

1457 4668 48 23 not
1518 4662 151 36 altogether
1687 4661 29 28 in
1738 4670 15 18 a
1774 4659 172 35 satisfactory
1968 4669 124 18 manner.

1458 4702 57 27 The
1529 4701 120 33 decision
1664 4700 28 26 of
1702 4699 46 28 the
1761 4698 129 28 stewards
1909 4707 35 18 on
1964 4698 46 27 the
2033 4707 44 27 pro-

1458 4743 66 25 tests
1548 4738 111 29 entered
1683 4737 66 28 with
1773 4739 104 33 respect
1901 4739 27 25 to
1959 4736 46 28 the
2038 4736 56 29 i'GO

1459 4778 144 34 Handicap
1618 4786 54 17 was
1685 4775 122 27 received
1821 4775 65 26 with
1907 4778 16 11 44
1933 4774 93 26 cheers
2038 4774 54 26 and

1458 4825 109 27 groans,
1586 4814 55 29 aud
1660 4813 37 29 all
1718 4818 69 24 sorts
1808 4813 28 27 of
1848 4811 61 29 wild
1933 4814 161 26 statements

1460 4859 54 24 and
1538 4855 182 27 insinuations
1746 4862 69 17 were
1844 4852 107 27 thrown

1460 4892 56 28 The
1530 4891 139 33 following
1681 4899 56 18 was
1750 4889 46 27 the
1809 4888 85 28 result
1907 4889 30 26 of
1951 4888 46 27 the
2017 4888 78 35 day's

1460 4928 282 36 runningKeefers
1773 4926 161 36 Handicap:
1980 4925 113 29 Norfolk

1461 4970 74 33 Lass,
1549 4969 32 32 1;
1597 4967 209 34 Waimaagaioa
1816 4966 27 27 H
1853 4965 107 36 ihdicap
1972 4972 6 21 :
2000 4965 95 27 Prince

1461 5017 76 18 came
1550 5007 26 26 in
1591 5006 59 27 first
1668 5005 44 28 51b
1735 5004 85 28 under
1840 5004 110 33 weight,
1973 5004 55 27 aud
2048 5003 46 28 the

1461 5045 130 29 stewards
1604 5042 124 30 awarded
1742 5042 45 28 the
1801 5041 90 29 stakes
1901 5046 28 24 to
1939 5041 47 29 the
1997 5040 98 29 second

1462 5086 78 26 horse
1554 5082 92 32 Natal,
1660 5082 63 32 and,
1737 5091 40 17 we
1796 5081 112 31 believe,
1932 5080 69 28 have
2023 5080 72 27 since

1462 5121 123 28 reversed
1600 5121 71 26 their
1684 5119 129 32 decision,
1824 5119 54 26 and
1888 5119 62 29 how
1961 5118 61 26 that
2034 5126 60 18 race

1462 5162 23 26 is
1497 5159 71 29 fixed
1581 5168 36 27 up
1631 5168 39 18 we
1683 5157 66 28 dont
1762 5156 80 29 know
1853 5165 7 25 ;
1879 5156 46 28 the
1940 5155 152 30 totalisator

1463 5199 62 36 paid
1539 5201 46 24 out
1598 5207 35 18 on
1646 5197 103 26 Prince.
1787 5195 57 27 The
1859 5195 80 26 Hack
1951 5194 146 35 Handicap

1464 5247 55 19 was
1543 5246 62 19 won
1631 5235 35 36 by
1690 5235 149 28 Forrester.
1888 5232 115 29 Norfolk
2029 5232 67 28 Lass

1464 5275 90 36 pulled
1591 5275 30 26 of
1654 5274 46 26 the
1736 5273 154 26 Denniston
1939 5270 156 35 Handicap.

1465 5313 117 36 Svringa
1596 5310 104 31 walked
1715 5319 64 19 over
1791 5310 42 28 for
1853 5308 46 29 the
1921 5308 175 28 Consolation

1464 5352 156 35 Handicap.
1664 5350 57 26 The
1737 5348 151 28 totalisator
1909 5352 49 30 pat
1979 5347 118 33 through

1465 5390 71 29 i;0Gl
1551 5389 47 28 the
1612 5388 44 28 lilt
1669 5387 53 36 day
1737 5386 54 27 and
1803 5386 72 28 £BGO
1885 5394 35 18 on
1933 5385 46 26 the
1989 5383 109 28 second.

1499 5439 57 28 The
1582 5436 132 38 principal
1746 5433 154 37 operations
1932 5442 61 19 now
2018 5432 81 35 being

1466 5476 104 28 carried
1591 5484 35 18 on
1650 5475 26 26 in
1700 5474 45 26 the
1768 5472 106 27 Maruia
1893 5471 23 27 is
1935 5470 124 27 confined
2072 5475 27 22 to

1465 5514 137 36 repairing
1626 5510 139 38 paddocks
1787 5508 53 28 and
1860 5508 106 35 getting
1989 5517 16 18 a
2029 5508 70 36 good

1466 5552 76 28 stock
1555 5553 29 26 of
1593 5550 108 33 mining
1714 5548 99 28 timber
1827 5548 26 26 in
1868 5547 83 27 hand.

1500 5599 58 27 The
1584 5599 64 25 Low
1680 5595 82 28 Level
1793 5594 107 27 Tunnel
1931 5594 70 26 have
2033 5593 66 28 been

1466 5637 98 26 unable
1590 5639 27 24 to
1643 5634 79 27 make
1747 5632 82 27 much
1855 5631 132 36 headway
2007 5632 92 34 lately,

1466 5674 90 33 owing
1565 5679 27 22 to
1603 5683 33 17 an
1648 5670 145 37 unusually
1804 5669 68 28 hard
1883 5668 47 28 bar
1940 5670 29 27 of
1985 5672 113 33 country

1467 5723 58 17 now
1541 5712 80 28 being
1636 5721 68 25 gone
1718 5708 128 35 through.

1501 5760 57 28 The
1572 5768 62 19 men
1648 5757 123 33 working
1789 5756 27 28 in
1840 5754 45 29 the
1906 5754 126 29 Larnach
2056 5764 43 19 are

1467 5808 60 18 now
1539 5799 27 26 in
1577 5797 98 28 harder
1686 5795 115 34 ground,
1813 5794 64 27 with
1890 5804 16 17 a
1916 5794 183 28 considerable

1467 5837 125 34 quantity
1607 5835 29 27 of
1646 5838 83 24 water
1742 5833 110 34 coining
1865 5832 27 27 in
1908 5837 27 22 at
1949 5832 45 26 the
2008 5833 65 26 face.

2129 236 56 27 The
2198 235 75 29 usual
2286 233 102 38 weekly
2401 235 125 35 scraping
2536 239 26 24 at
2571 234 46 29 the
2629 235 96 37 Alpine

2095 277 42 26 hit
2142 282 67 23 tew,
2241 275 22 26 is
2295 274 118 27 deferred
2446 275 70 26 until
2557 275 168 32 Wednesday

2096 319 70 26 next,
2180 313 78 27 when
2274 312 47 27 the
2331 311 124 37 monthly
2469 311 124 37 cleaning
2604 321 35 28 up
2650 313 75 26 takes

2095 353 84 36 place.

2128 400 57 26 Our
2208 399 138 35 Westport
2372 399 120 34 Jottings

2094 437 53 28 will
2162 446 100 26 appear
2274 437 26 28 in
2316 442 62 24 next
2391 437 80 29 issue.

2129 486 56 27 The
2200 486 65 26 time
2279 486 41 27 for
2334 491 71 23 trout
2427 487 101 32 fishing
2547 487 26 28 in
2596 488 46 28 the
2664 489 47 27 Pro-

2095 524 96 28 vincial
2213 524 103 28 district
2336 526 30 27 of
2391 526 97 27 Nelson
2516 526 48 27 has
2591 526 67 28 been
2684 537 28 17 ex-

2094 562 99 28 tended
2214 567 27 23 to
2264 563 45 27 the
2332 565 58 26 81st
2410 564 52 28 div
2483 565 29 26 of
2531 566 93 26 March
2649 571 77 26 next;

2095 600 54 29 and
2161 600 47 28 the
2222 611 94 18 season
2341 602 41 28 for
2404 601 62 29 deer
2486 603 125 32 shooting
2633 604 26 26 in
2683 604 45 27 the

2096 640 128 29 Counties
2237 640 29 28 of
2279 640 131 31 Waiinea,
2431 642 92 28 Duller
2541 643 52 27 and
2609 642 103 31 Coll'ng-

2097 679 85 31 wood,
2206 680 176 27 commenced
2404 691 33 15 on
2458 680 46 28 the
2528 682 63 26 '2oth
2615 682 113 31 instant,

2097 717 52 26 and
2163 717 66 27 ends
2243 727 34 17 on
2298 717 46 27 the
2358 718 63 27 20lh
2443 719 51 34 day
2508 720 29 25 of
2550 719 90 27 March
2685 720 42 25 the

2098 755 97 27 license
2217 757 39 25 fee
2280 756 41 27 for
2334 755 44 28 the
2392 757 80 26 latter
2493 757 23 26 is
2539 757 46 31 £l,
2607 757 53 26 and
2683 757 45 27 the

2099 794 97 26 license
2217 799 26 21 to
2267 793 46 27 sell
2339 804 74 17 same
2437 795 22 25 is
2479 794 69 27 fixed
2571 800 28 21 at
2621 795 46 27 £•■>.
2681 794 47 27 the

2098 830 73 27 chief
2189 835 166 31 postmaster
2379 839 28 21 at
2435 832 100 28 Nelson
2556 833 104 32 issuing
2683 832 45 27 the

2097 869 120 29 licenses.

2135 917 42 26 Mr
2190 917 120 27 William
2330 917 127 28 Hancock
2472 918 122 27 Kuweit
2603 917 50 27 has
2662 917 66 27 been

2098 955 122 26 gazetted
2248 955 139 30 Registrar
2417 966 15 15 o
2474 955 108 27 Brands
2613 956 40 25 for
2683 955 47 27 the

2100 992 90 27 BniJer
2207 992 142 33 Branding
2361 993 123 27 District,
2504 992 167 32 comprising
2685 993 44 26 the

2099 1030 72 35 Grey
2186 1030 51 27 and
2251 1031 92 27 Buller
2352 1032 166 26 subdivision
2532 1032 30 26 of
2571 1032 45 27 the
2629 1032 99 26 Nelson

2100 1069 87 29 Sheen
2220 1069 120 31 District,
2372 1080 29 17 as
2441 1070 164 29 constituted
2644 1070 86 28 under

2127 1108 56 27 The
2198 1108 90 33 Sheep
2302 1110 59 30 Act,
2497 1110 53 26 and
2562 1110 56 27 also
2630 1109 40 27 for
2685 1110 44 26 the

2102 1145 136 26 Westland
2260 1147 141 29 Branding
2420 1147 123 27 District,
2564 1147 167 33 comprising

2098 1181 47 29 the
2159 1181 140 30 Westland
2316 1183 172 30 Subdivision
2504 1185 28 26 of
2552 1184 46 27 the
2620 1184 95 28 Canter-

2099 1221 68 26 bury
2182 1222 88 34 Sheep
2284 1223 131 31 District;
2436 1223 67 26 from
2519 1224 45 25 the
2576 1223 65 26 28th
2655 1223 75 33 July,

2102 1259 73 27 18i5.

2136 1308 105 26 Letters
2270 1308 29 26 of
2321 1306 215 28 Naturalisation
2562 1307 70 27 have
2662 1308 60 26 been-

2100 1344 89 27 issued
2200 1345 86 27 under
2405 1345 92 28 Aliens
2514 1349 58 29 Act,
2588 1347 94 29 1880,"'
2703 1345 27 27 in

2100 1383 77 27 favor
2189 1385 28 25 of
2228 1383 146 28 Dominico
2389 1384 114 31 Rosetti,
2518 1384 95 32 miner,
2627 1383 86 36 Lyell.

2135 1430 58 32 We,
2214 1430 101 30 Nelson
2337 1431 74 34 Mail,
2426 1431 167 30 understand
2615 1431 61 30 that
2691 1432 43 29 Mr

2101 1470 120 27 Jellicoe.
2235 1472 30 24 of
2275 1472 45 24 the
2334 1472 61 24 firm
2410 1474 30 23 of
2455 1472 114 25 Jeilicoe
2589 1472 52 25 and
2659 1472 55 24 Men-

2101 1506 85 29 teatb,
2208 1506 30 25 of
2260 1507 173 32 Wellington,
2448 1508 22 25 is
2486 1512 25 21 to
2526 1512 42 22 act
2587 1516 33 17 on
2642 1506 94 28 behalf

2102 1546 25 25 ot
2150 1544 46 28 the
2220 1544 126 38 plaintiff,
2359 1546 28 28 in
2402 1546 175 29 conjunction
2599 1547 67 28 with
2692 1547 43 27 Mr

2103 1585 63 27 Pitt,
2192 1584 26 27 in
2243 1585 45 27 the
2312 1595 60 18 case
2397 1587 31 26 of
2448 1587 85 26 Black
2556 1595 23 18 v.
2606 1586 127 28 National

2102 1623 88 29 Bank,
2210 1623 41 26 for
2270 1624 101 31 alleged
2392 1625 132 32 wrongful
2546 1624 146 27 dismissal,
2707 1630 27 21 to

2102 1659 32 27 be
2166 1660 82 26 heard
2281 1665 27 23 at
2339 1661 46 27 the
2410 1667 64 22 next
2505 1662 96 34 sitting
2631 1662 30 27 of
2688 1662 47 27 the

2103 1698 131 37 Supreme
2248 1698 83 30 Court
2344 1710 27 19 m
2387 1700 110 30 Nelson.

2235 1788 77 28 THE
2334 1790 109 27 OWEN
2466 1790 129 27 REEFS.

2304 1842 125 14 --—♦

2219 1881 36 20 an
2279 1881 169 22 occasional
2476 1875 255 41 correspondent.]

2140 1927 43 26 Mr
2196 1927 142 27 Brentnall
2354 1928 52 27 and
2423 1929 64 27 staff
2498 1929 68 28 have
2584 1939 60 18 now
2664 1940 54 17 com-

2105 1964 89 34 pleted
2220 1965 46 26 the
2288 1974 98 26 survey
2407 1966 30 26 of
2457 1967 65 26 road
2547 1971 27 23 to
2597 1968 45 26 the
2669 1969 69 25 reefs

2105 2001 84 29 about
2210 2002 60 28 half
2291 2012 69 27 way.
2397 2003 58 29 The
2469 2004 77 37 point
2564 2005 69 29 from
2647 2004 90 30 which

2105 2041 34 27 he
2154 2042 101 27 started
2270 2051 54 18 was
2337 2043 102 33 Grassy
2454 2044 95 32 Patch,
2571 2044 53 26 and
2639 2044 46 27 the
2698 2045 26 25 in-

2106 2078 104 27 tention
2236 2088 55 18 was
2316 2083 28 24 to
2372 2079 125 28 abandon
2526 2080 60 28 that
2611 2085 77 24 route
2720 2081 21 27 if

2105 2117 82 34 going
2209 2127 64 18 over
2292 2117 46 29 the
2361 2117 93 30 saddle
2467 2129 16 17 a
2496 2119 81 33 grade
2598 2120 78 27 could
2690 2123 47 24 not

2106 2155 31 29 be
2150 2155 85 29 found
2255 2157 79 36 equal
2356 2163 27 22 to
2399 2157 55 28 lin
2475 2159 48 33 12;
2546 2158 48 29 but
2608 2159 12 28 I
2635 2158 103 29 believe

2106 2195 34 26 he
2154 2195 49 26 has
2217 2195 67 27 been
2298 2196 153 27 successful,
2458 2196 28 27 in
2500 2197 96 32 taking
2617 2198 47 26 the
2683 2198 54 25 line

2105 2236 29 22 at
2149 2232 12 25 1
2175 2241 28 17 in
2218 2233 40 29 IG,
2274 2232 134 29 however,
2422 2233 21 26 it
2455 2234 23 25 is
2497 2234 128 26 intended
2645 2237 27 23 to
2688 2243 50 17 run

2106 2278 64 19 over
2201 2269 45 28 the
2272 2269 132 29 alternate
2429 2275 77 24 route
2532 2272 116 37 starting
2669 2271 69 29 from

2107 2308 132 28 Trower's
2252 2309 245 29 Accommodation
2512 2310 103 28 House.

2141 2356 58 27 The
2222 2356 63 28 Urio
2298 2356 55 27 and
2514 2357 95 28 claims
2629 2368 45 18 are
2694 2357 45 29 the

2106 2393 60 28 first
2179 2398 54 24 met
2255 2394 65 28 with
2343 2404 35 18 on
2392 2396 130 33 arriving,
2539 2396 54 27 and
2612 2397 28 27 in
2663 2397 75 27 these

2106 2437 130 23 ventures
2262 2433 124 36 vigorous
2411 2436 155 34 operations
2591 2444 45 18 are
2658 2436 83 34 going

2108 2481 44 22 on,
2174 2470 64 29 both
2256 2470 103 39 having
2371 2483 15 17 a
2405 2472 185 30 considerable
2612 2473 128 37 quantity

2109 2510 29 28 of
2155 2515 77 24 stone
2254 2515 28 24 to
2305 2521 85 24 grass.
2427 2512 57 28 The
2508 2513 57 28 reef
2584 2519 27 22 at
2632 2516 108 33 present

2108 2549 80 34 being
2210 2549 93 27 driven
2326 2559 34 17 on
2381 2550 23 27 is
2426 2556 46 21 not
2496 2551 73 35 large
2591 2552 46 26 but
2651 2552 89 26 shows

2108 2595 82 23 every
2203 2586 148 28 indication
2366 2587 29 28 of
2411 2588 124 36 making.,
2569 2589 87 28 These
2675 2589 73 32 will,,

2108 2624 145 34 according
2266 2629 27 23 to
2308 2630 110 30 present
2436 2635 193 27 appearances,
2649 2627 31 28 be
2694 2629 46 25 the

2108 2662 59 27 first
2188 2662 96 28 claims
2306 2669 27 21 to
2347 2669 71 21 erect
2431 2673 15 18 a
2461 2664 115 35 battery,
2596 2665 54 26 and
2669 2666 69 26 from

2107 2700 46 28 the
2167 2700 108 37 opinion
2291 2700 30 28 of
2334 2709 32 19 va
2381 2701 59 28 ious
2459 2706 107 32 experts
2584 2702 62 28 who
2668 2702 69 28 have

2108 2739 129 36 carefully
2260 2739 69 28 tried
2354 2740 46 28 the
2425 2745 87 28 stone,
2538 2741 76 29 there
2640 2751 102 19 cannot

2108 2777 31 27 be
2171 2778 45 27 the
2247 2777 125 34 slightest
2397 2778 83 28 doubt
2509 2780 30 26 of
2560 2781 35 26 its
2627 2780 113 36 payable

2108 2815 149 28 character.
2295 2816 57 27 The
2374 2826 113 27 average
2505 2818 125 28 estimate
2650 2818 91 36 places

2108 2853 22 29 it
2144 2858 26 24 at
2183 2853 122 30 between
2319 2857 54 26 two
2386 2855 54 29 and
2454 2855 75 30 three
2549 2866 86 19 ounce
2654 2861 86 25 stone.

2110 2894 87 27 There
2211 2893 22 28 is
2246 2903 75 19 some
2334 2894 57 28 talk
2404 2900 28 23 at
2445 2895 46 28 the
2509 2901 108 30 present
2635 2897 66 27 time
2715 2897 30 27 of

2109 2931 77 27 these
2217 2935 54 23 two
2301 2932 96 27 claims
2430 2933 225 35 amalgamating,
2687 2934 54 27 and

2110 2969 98 29 should
2240 2970 46 29 the
2317 2970 129 29 directors
2471 2971 93 30 decide
2589 2977 27 24 to
2649 2971 34 30 do
2708 2982 29 18 so

2110 3009 76 27 there
2208 3010 22 26 is
2251 3013 48 23 not
2320 3010 46 26 the
2390 3010 124 35 slightest
2536 3011 85 27 doubt
2644 3011 31 28 of
2696 3011 45 28 the

2106 3046 270 35 sliWßvadyantages
2389 3048 128 33 accruing
2536 3048 70 28 from
2625 3048 67 28 such
2706 3058 35 19 an

2110 3109 84 26 ways,
2218 3100 113 36 battery,
2355 3102 53 33 &c.,
2423 3103 54 28 aud
2491 3104 45 27 the
2556 3109 106 31 greater
2682 3116 44 25 pro-

2110 3137 115 36 bability
2250 3138 29 28 of
2297 3139 45 28 the
2363 3139 107 38 battery
2491 3140 82 37 being
2593 3142 65 37 kept
2678 3153 46 19 con-

2110 3177 103 35 stantly
2235 3177 89 33 going.
2362 3178 35 27 At
2419 3179 46 28 the
2480 3185 110 30 present
2610 3182 67 27 time
2696 3182 46 28 the

2108 3217 55 24 two
2178 3215 156 35 companies
2347 3225 45 18 are
2402 3217 159 34 employing
2575 3218 51 28 five
2640 3229 72 18 men.

2145 3261 58 27 The
2218 3261 113 29 Buhner
2344 3262 85 29 Creek
2447 3274 45 18 are
2506 3267 135 35 supposed
2661 3273 27 22 to
2711 3268 32 29 be

2111 3300 122 33 working
2246 3310 35 17 an
2297 3302 115 36 entirely
2426 3303 112 28 distinct
2551 3307 62 30 reef,
2628 3306 54 27 and
2695 3308 46 26 the

2111 3338 79 29 value
2204 3339 29 28 of
2241 3339 45 28 the
2297 3342 77 25 stone
2385 3340 23 28 is
2417 3341 158 29 considered
2586 3343 68 37 fully
2664 3346 79 35 equal

2111 3381 28 23 to
2165 3377 45 27 the
2235 3377 78 28 other
2334 3382 76 23 stone
2430 3379 116 33 brought
2567 3386 27 22 to
2615 3382 70 34 light
2709 3393 35 19 on

2111 3415 54 28 this
2179 3415 71 28 field.
2287 3415 58 29 The
2359 3422 115 24 ainouui
2488 3419 30 27 of
2527 3424 95 32 quartz
2634 3421 110 38 already

2112 3454 110 28 stacked
2236 3459 73 24 must
2322 3454 31 29 be
2367 3465 65 18 over
2451 3459 50 26 160
2515 3463 71 27 tons,
2606 3460 55 27 and
2679 3461 65 36 they

2113 3502 43 18 are
2178 3492 117 37 actively
2314 3493 145 37 employed
2478 3496 104 36 getting
2600 3503 47 23 out
2661 3508 81 20 more-

2113 3531 56 27 The
2184 3531 73 29 drive
2273 3532 22 27 is
2309 3531 26 28 in
2350 3537 27 23 at
2391 3533 45 28 the
2450 3539 108 30 present
2578 3537 65 27 time
2662 3538 83 28 about

2113 3570 33 27 70
2170 3569 54 28 feet
2248 3570 124 37 showing
2397 3581 15 17 a
2436 3572 52 28 fair
2511 3573 58 28 face
2601 3575 28 27 of
2657 3582 86 22 stone.

2114 3609 176 36 Prospecting
2303 3611 155 36 operations
2471 3612 70 29 have
2555 3612 66 30 been
2640 3616 102 28 carried

2114 3654 48 20 out
2183 3649 28 25 in
2226 3649 108 26 various
2346 3654 75 31 parts
2434 3650 30 26 of
2484 3651 44 27 the
2551 3653 84 30 mine,
2650 3654 52 26 and
2717 3655 27 26 in

2114 3685 98 28 almost
2226 3695 81 28 every
2319 3687 123 28 instance
2455 3687 70 29 have
2545 3688 67 29 been
2626 3699 103 21 success-

2116 3723 35 28 fid
2177 3723 28 29 in
2230 3726 114 35 proving
2368 3726 46 29 the
2439 3727 135 29 existence
2604 3729 55 29 and
2683 3741 44 26 per-

2117 3771 128 20 manence
2258 3765 30 26 of
2297 3763 46 28 the
2356 3767 77 24 stone
2442 3774 62 18 now
2516 3766 80 36 beiug
2609 3768 117 28 worked.

2147 3800 58 28 The
2236 3801 106 27 Golden
2382 3803 95 27 Crown
2510 3803 81 32 lease,
2630 3810 57 23 east
2718 3808 27 26 of

2117 3838 111 35 Byrne's
2241 3838 96 35 Camp,
2352 3838 67 29 have
2433 3845 46 22 cut
2492 3840 45 28 the
2551 3842 65 33 reef,
2631 3843 54 28 and
2699 3844 45 29 the

2114 3885 166 26 appearance
2304 3876 30 28 of
2354 3877 46 27 the
2420 3883 95 31 quartz
2534 3880 23 26 is
2578 3881 165 29 favourable.

2114 3914 56 27 The
2193 3920 76 22 stone
2290 3925 56 18 was
2359 3915 58 28 first
2436 3922 56 22 met
2515 3918 65 27 with
2600 3929 34 17 on
2649 3929 15 18 a
2678 3930 65 27 spur

2120 3953 47 26 md
2192 3962 88 19 seems
2305 3958 26 23 to
2354 3954 32 29 be
2407 3955 82 36 going
2513 3956 58 29 into
2596 3958 46 28 the
2667 3960 76 28 main

2118 4000 76 22 :ange
2207 3992 29 27 in
2249 4002 15 17 a
2277 3993 180 28 well-defined
2467 3995 70 27 lode.

2147 4038 58 28 The
2220 4038 105 28 Golden
2342 4039 88 32 Point,
2444 4041 116 29 situated
2572 4042 83 29 lower
2664 4043 79 30 down

2121 4076 39 28 ihe
2173 4077 81 33 river,
2267 4077 69 29 have
2349 4078 83 28 bared
2446 4089 74 19 some
2541 4085 85 29 stone,
2641 4082 48 28 but
2708 4093 36 27 up

2121 4120 20 23 to
2163 4116 45 27 the
2229 4120 110 31 present
2353 4117 65 28 time
2437 4118 69 28 have
2527 4124 47 23 not
2593 4125 47 28 got
2659 4123 85 27 much

2123 4160 47 21 ait.
2207 4155 57 26 The
2285 4155 118 35 samples
2425 4157 110 35 already
2556 4162 26 24 to
2601 4158 75 29 hand
2698 4170 45 18 are

2123 4191 146 30 considered
2283 4192 196 37 gold-bearing.

2150 4229 85 29 There
2248 4240 46 19 are
2307 4233 103 28 several
2422 4233 79 28 other
2519 4233 95 30 claims
2627 4235 117 30 situated

2123 4278 28 19 on
2167 4268 44 28 the
2222 4270 92 32 Creek,
2328 4271 100 33 which,
2443 4271 14 28 I
2471 4272 110 35 believe,
2595 4284 45 18 are
2653 4285 74 26 carry-

2122 4310 43 33 ing
2177 4317 33 17 on
2225 4310 169 34 prospecting
2407 4311 161 35 operations,
2589 4312 46 28 but
2652 4322 29 19 as
2695 4324 47 25 my

2121 4347 63 28 time
2208 4355 51 19 was
2283 4346 106 30 limited
2414 4348 14 27 I
2450 4349 78 28 could
2553 4355 48 22 not
2626 4351 79 28 make
2727 4362 16 18 a

2121 4384 122 37 personal
2264 4383 160 38 inspection.
2462 4387 48 36 My
2532 4388 162 36 impression
2717 4390 29 27 of

2123 4423 53 27 this
2191 4421 110 38 locality,
2321 4433 30 18 as
2364 4433 15 18 a
2393 4424 141 36 profitable
2553 4426 173 37 gold-produc-

2123 4461 47 35 ing
2194 4459 52 30 reef
2262 4467 125 32 country,
2409 4463 22 28 is
2455 4473 15 19 a
2495 4470 72 23 most
2587 4465 155 31 favourable

2123 4510 61 21 one,
2198 4498 52 28 and
2257 4500 13 27 I
2283 4501 68 27 have
2368 4506 49 23 not
2434 4503 47 27 the
2495 4504 126 32 slightest
2639 4506 84 26 hesita-

2125 4538 56 25 tion
2196 4537 28 24 in
2238 4538 86 34 sai'ing
2342 4538 60 27 that
2415 4539 79 27 when
2514 4540 47 27 the
2580 4541 161 32 machinery

2124 4576 23 28 is
2160 4585 34 18 on
2216 4573 46 29 the
2276 4576 102 37 ground
2392 4576 58 30 that
2474 4577 45 30 the
2538 4579 130 37 crushing
2688 4580 54 30 will

2125 4615 69 35 fully
2217 4613 65 27 bear
2294 4621 46 23 out
2363 4626 49 26 my
2441 4618 203 36 anticipations.
2681 4621 58 26 The

2126 4652 139 29 character
2285 4654 17 26 <f
2320 4653 45 29 the
2386 4659 76 24 stone
2476 4659 26 24 to
2516 4656 62 28 look
2600 4662 28 23 at
2648 4657 23 28 is
2694 4662 48 24 not

2126 4691 67 31 rich,
2207 4690 48 27 but
2267 4688 21 27 it
2299 4701 12 17 s
2320 4691 57 36 just
2389 4692 31 28 of
2430 4693 60 28 that
2508 4694 163 37 description
2683 4696 60 28 that

2127 4727 98 30 carries
2238 4725 158 42 gohUvenly
2410 4731 176 36 throughout,
2596 4734 54 28 aud
2663 4734 78 29 when

2128 4767 46 28 the
2187 4771 126 29 stamper!
2319 4774 44 30 get
2375 4779 35 18 on
2424 4770 22 27 it
2458 4771 64 27 does
2535 4776 47 23 not
2592 4772 150 36 dissapoint

2128 4804 188 26 shareholders

2163 4844 44 26 Mr
2227 4842 39 28 M.
2292 4842 76 35 Bj-ne
2391 4847 24 26 is
2438 4847 115 35 making
2577 4849 164 35 application

2128 4881 55 27 this
2195 4880 74 27 week
2282 4880 42 26 for
2333 4892 40 18 wo
2386 4892 59 18 new
2458 4885 86 27 leases
2555 4893 5 19 :
2581 4887 46 26 the
2645 4887 80 26 Enter-

2128 4920 39 37 pri
2171 4929 37 21 se,
2234 4917 79 28 north
2339 4921 38 29 nd
2400 4922 141 38 adjoiuing
2565 4924 46 28 the
2637 4916 105 37 fcolden

2130 4959 96 31 Point;
2245 4957 46 28 the
2305 4956 92 32 Brlyen
2410 4961 68 34 Hill,
2499 4962 80 29 north
2601 4968 67 24 west
2687 4963 55 29 and

2129 4996 138 36 adjoining
2281 4995 46 28 the
2340 4994 148 39 I^terprise.

2149 5082 215 41 LATEST
2377 5089 350 39 TELEGRAMS.

2226 5195 41 21 BY
2293 5194 128 26 ELECfJc
2450 5200 186 23 TELEGRAPH
2650 5192 12 41 ]

2203 5296 83 37 (FROM
2299 5303 56 19 OUR
2367 5300 304 38 owi^orrespondent.)

2341 5394 116 37 Westp<j
2459 5409 25 28 Ti
2504 5400 140 38 February
2666 5404 40 28 20.

2168 5452 24 26 A
2217 5450 158 35 deputation
2401 5450 75 32 wahj
2501 5465 34 17 ou
2628 5456 112 35 Eugene

2135 5498 132 29 O'Conor,
2293 5495 39 27 M.
2353 5494 36 27 H.
2410 5493 44 33 R.,
2694 5503 46 27 the

2135 5543 129 35 Borough
2278 5542 54 28 aud
2349 5541 109 35 County
2610 5548 64 29 with
2696 5550 44 28 the

2135 5592 87 35 object
2234 5592 30 27 of
2275 5589 153 33 conferring
2440 5587 119 37 witfyrim
2581 5606 35 17 on
2639 5598 100 27 several

2137 5642 113 24 matters
2259 5638 30 27 of
2295 5637 109 33 general
2414 5636 101 36 impoi\
2516 5652 39 19 lce
2559 5663 7 8 .
2597 5644 27 27 jj
2628 5654 13 17 e
2652 5644 88 28 leaves

2137 5687 40 27 for
2203 5686 166 35 Wellington
2395 5683 35 37 by
2455 5682 47 29 the
2513 5689 121 30 Overland
2664 5699 75 21 route

2137 5739 165 21 to-morrow.

2171 5781 56 28 The
2243 5781 48 35 dry
2304 5779 120 29 weather
2447 5778 82 29 contii
2530 5796 37 18 eRt
2614 5787 56 28 The
2693 5787 40 29 bai

2135 5831 21 27 is
2170 5829 27 27 in
2212 5828 49 27 fair
2285 5827 122 33 working
2428 5825 77 27 order
2692 5835 40 25 the

2765 235 50 29 low
2829 239 68 26 state
2911 238 30 28 ->f
2960 238 46 28 the
3022 238 77 34 river,
3111 249 24 17 hi
3138 238 26 28 id
3176 238 44 28 the
3233 238 57 28 coal
3301 244 92 31 export

2764 286 75 26 trade
2855 287 21 25 is
2891 296 63 23 very
2968 287 96 26 active.

2799 331 94 30 At'the
2910 332 142 29 Warden's
3067 334 81 28 Court
3168 343 33 19 on
3224 331 171 37 Wednesday

2767 381 50 27 l.ist
2830 388 33 19 ;ip.
2878 383 150 33 important
3043 392 60 17 case
3116 392 54 21 was
3182 383 14 26 h
3201 383 72 28 eavd,
3285 383 109 26 Hussev

2765 415 53 41 ank
2842 428 150 34 Sieveright
3017 437 24 19 v.
3066 430 81 28 Groat
3172 428 130 37 Republic
3315 428 59 29 Com-

2765 485 81 26 pany.
2872 477 82 27 claim
2980 477 37 27 foi
3047 479 81 29 £7OO,
3157 481 114 24 amount
3295 487 30 17 as
3350 485 46 27 per

2765 524 66 27 deed
2845 524 119 28 between
2981 525 45 27 the
3050 526 108 35 parties.
3197 526 44 27 Mr
3259 526 137 27 Guinness

2765 571 41 26 for
2825 570 20 27 tl
2859 580 13 17 e
2895 571 139 35 plaintiffs,
3055 571 52 27 and
3132 571 43 28 Mr
3197 572 137 28 Haselden
3356 572 40 27 for

2766 617 44 29 the
2836 617 168 29 defendant-!.
3043 619 73 27 Rievf
3123 619 73 34 right
3220 619 122 37 objected
3368 625 27 23 to

2765 666 80 33 being
2859 666 88 35 jo'ned
2961 667 28 27 in
3004 667 45 27 the
3064 667 99 32 action,
3178 669 18 26 it
3210 668 104 32 having
3327 668 66 28 been

2766 712 79 28 taKen
2869 713 115 28 without
3006 713 41 27 his
3070 720 110 22 con-ent
3210 725 30 17 or
3264 719 130 24 sanction.

2766 760 58 27 The
2837 760 27 26 \\
2872 760 83 27 arden
2977 760 76 28 ruled
3067 762 59 26 that
3151 762 33 27 lie
3206 762 82 33 being
3306 772 50 18 one
3370 765 30 24 of

2767 806 46 27 the
2844 807 171 32 contracting
3046 808 100 34 parties
3177 809 76 26 could
3286 814 49 23 not
3364 809 32 27 be

2767 854 139 37 separated
2928 854 70 28 from
3020 855 46 27 the
3085 866 31 17 ca
3119 866 5 10 i
3132 866 22 17 e.
3193 856 32 28 In
3246 858 134 28 considera-

2767 905 55 22 tion
2847 901 29 27 of
2899 903 71 26 £IOO
2982 902 62 27 cash
3066 903 52 28 and
3132 913 14 18 a
3162 905 116 31 promise
3298 909 27 24 to
3344 915 53 26 pay

2769 949 72 26 £'<oo
2856 948 78 27 when
2950 948 34 28 all
2999 950 160 35 machinery
3173 952 52 26 and
3240 952 155 34 appliances
3406 934 1 52 i

2768 1004 68 17 were
2942 996 49 29 for.
3006 997 52 27 and
3079 997 89 28 before
3191 1008 54 23 any
3269 999 126 28 dividend
3406 995 1 36 !

2769 1052 54 17 was
2848 1042 132 34 declared,
3006 1046 199 35 complainants
3236 1047 160 28 transferred
3406 1042 1 42 j

2768 1096 27 23 to
2809 1091 45 28 the
2874 1091 144 38 Company
3032 1094 70 28 their
3121 1095 112 28 interest
3250 1096 28 27 in
3298 1100 99 24 certain
3406 1085 1 44 |

2768 1138 104 29 ground
2898 1138 86 26 under
3007 1140 174 34 appl*cation,
3203 1144 28 23 at
3255 1141 45 26 the
3325 1150 74 18 same

2769 1183 66 30 time
2865 1184 190 35 withdrawing
3085 1185 45 30 the
3161 1188 89 27 action
3281 1187 117 29 directed

2769 1235 107 26 agamst
2900 1232 45 25 the
2968 1242 144 25 company.
3150 1235 22 25 A
3194 1235 110 25 nonsuit
3325 1235 74 33 point

2769 1287 55 18 was
2838 1277 85 29 raised
2938 1277 35 38 by
2986 1279 168 29 defendants'
3168 1280 105 28 council
3285 1280 60 29 that
3354 1281 46 29 the

2773 1325 141 27 Warden's
2945 1327 83 27 Court
3059 1327 52 27 had
3156 1336 35 18 no
3220 1328 170 34 jurisdiction

2770 1371 88 29 which
2881 1382 53 19 was
2959 1374 150 28 overruled.
3147 1375 22 27 A
3194 1374 129 28 dividend
3347 1376 53 27 had

2770 1418 68 30 been
2859 1418 132 36 declared,
3012 1421 53 30 and
3088 1421 118 38 Hu-sey,
3229 1421 173 37 considering

2771 1468 60 27 that
2843 1469 46 26 the
2903 1475 156 25 agreement
3072 1470 54 26 had
3137 1472 17 23 b
3172 1481 31 15 en
3214 1471 112 30 broken,
3337 1472 64 25 sued

2771 1512 41 27 for
2821 1512 46 28 the
2876 1518 122 22 amount.
3027 1513 178 29 Defendants'
3217 1514 75 28 chief
3298 1515 103 33 ground

2772 1561 29 28 of
2811 1561 109 28 defence
2940 1571 55 19 was
3017 1562 61 28 that
3097 1563 101 28 several
3220 1562 88 37 heavy
3321 1564 80 28 items

2772 1609 29 27 of
2817 1609 175 35 expenditure
3014 1610 29 27 of
3062 1620 35 18 an
3119 1621 163 23 emergency
3307 1618 96 21 nature

2772 1655 54 27 had
2850 1655 67 27 been
2944 1656 82 27 borne
3050 1656 35 34 by
3111 1666 94 18 means
3229 1658 30 26 of
3280 1658 66 27 calls
3370 1666 33 19 on

2773 1703 190 30 shareholders
2987 1710 28 24 to
3040 1705 46 29 the
3117 1709 93 26 extent
3240 1707 29 29 of
3297 1708 99 28 £l,lOO

2773 1752 66 28 This
2852 1762 54 18 was
2919 1757 47 24 not
2980 1754 201 36 contemplated
3195 1756 27 26 in
3233 1755 46 28 the
3292 1755 112 35 origiual

2773 1805 166 29 agreement,
2960 1801 53 28 and
3036 1811 29 18 as
3088 1811 16 18 a
3128 1808 101 22 matter
3249 1803 30 27 of
3295 1804 112 35 exquity

2773 1846 189 28 shareholders
2987 1856 70 19 were
3080 1848 112 28 entitled
3214 1852 27 24 to
3263 1859 15 18 a
3299 1849 106 28 refund,

2775 1895 88 28 which
2888 1895 55 29 had
2967 1895 67 29 been
3061 1896 80 29 made
3166 1896 36 34 by
3227 1907 95 19 means
3346 1898 31 29 of
3392 1909 15 18 a

2773 1942 113 33 shilling
2916 1943 138 28 dividend.
3099 1944 153 35 Judgment
3281 1954 57 17 was
3368 1956 26 17 re-

2774 1988 95 28 served
2883 1989 68 27 until
2966 1989 54 28 this
3034 1990 138 35 morning,
3186 1990 78 29 when
3289 1991 118 29 Warden

2775 2036 66 27 Bird
2866 2046 67 24 gave
2958 2046 15 18 a
3005 2037 112 35 lengthy
3147 2040 108 26 written
3280 2039 127 31 decision,

2776 2082 104 34 finding
2893 2092 15 17 a
2924 2082 103 28 verdict
3039 2084 29 27 in
3083 2084 49 27 full
3145 2088 39 23 tor
3197 2084 210 37 complainants.

2777 2130 95 29 Notice
2885 2131 30 28 of
2925 2131 97 36 appeal
3037 2142 55 18 was
3106 2131 89 35 given.

2977 2237 233 28 LATEST

2811 2294 245 41 CABLE
3144 2295 236 41 NEWS.

3041 2408 124 33 London,
3180 2408 139 35 February
3333 2410 41 27 23.

2810 2453 72 30 Lord
2896 2454 146 37 Randolph
3065 2455 141 28 Churchill
3226 2455 145 28 addressed
3394 2465 17 19 n.

2777 2502 90 38 public
2881 2503 120 37 meeting
3013 2507 29 26 at
3055 2503 104 29 Belfast
3172 2503 52 29 last
3237 2503 87 35 night.
3357 2503 53 30 His

2777 2550 135 35 Lordship
2923 2560 56 18 was
2987 2550 129 28 accorded
3127 2560 16 18 a
3154 2554 71 24 most
3232 2552 179 27 enthusiastic

2778 2597 145 37 reception.
2969 2597 33 28 In
3018 2597 46 28 the
3086 2606 95 21 course
3202 2597 30 28 of
3249 2597 44 28 his
3314 2598 97 36 speech

2778 2644 71 27 Lord
2864 2644 143 36 Randolph
3030 2644 117 37 fervidly
3167 2644 130 37 appealed
3318 2651 26 21 to
3366 2646 45 27 the

2778 2699 62 19 men
2854 2690 30 28 of
2904 2690 91 28 Ulster
3018 2695 27 23 to
3066 2691 79 27 resist
3169 2696 26 23 to
3218 2691 71 27 their
3310 2695 101 24 utmost

2778 2748 54 27 any
2857 2742 117 33 attempt
3001 2744 27 24 to
3053 2743 123 33 separate
3206 2739 109 29 Ireland
3342 2739 69 29 from

2778 2785 116 27 Britain.

2813 2834 33 27 In
2870 2834 47 28 the
2938 2834 94 28 House
3055 2834 30 28 of
3101 2834 149 28 Commons
3272 2834 51 28 last
3336 2834 79 35 night

2779 2882 45 29 the
2839 2882 253 37 Under-Secretary
3111 2883 41 28 for
3172 2883 116 33 Foreign
3307 2883 107 34 Affairs,

2778 2930 29 26 in
2832 2930 77 35 reply
2932 2932 28 24 to
2981 2939 17 17 a
3015 2930 136 35 question,
3174 2930 89 28 stated
3284 2930 61 28 that
3370 2930 45 28 the

2780 2977 241 29 Franco-German
3034 2981 158 30 agreement
3213 2977 144 36 regarding
3371 2977 46 29 the

2779 3024 119 36 disposal
2912 3025 30 26 of
2952 3025 46 26 the
3013 3025 67 27 New
3093 3024 146 33 Hebrides,
3251 3025 30 26 in
3301 3034 36 17 no
3357 3034 61 26 way

2798 3071 22 17 a:
2851 3067 3 26 '
2881 3071 11 15 a
3140 3072 71 12 ottuu
3247 3067 168 26 agreement:

2780 3099 44 29 He
2849 3100 88 29 added
2961 3102 62 28 that
3042 3103 47 28 the
3112 3104 157 29 Australian
3291 3105 128 30 Colonies

2780 3145 54 30 had
2848 3146 150 29 forwarded
3010 3149 161 36 despatches
3181 3152 123 37 strongly
3316 3153 85 36 object-

2780 3193 47 34 ing
2840 3198 27 22 to
2881 3205 53 24 any
2948 3195 159 33 abrogation
3122 3198 32 26 of
3163 3198 45 27 the
3228 3199 82 28 latter
3323 3210 77 24 agree-

2781 3245 84 30 ment,
2879 3241 54 28 and
2947 3243 151 29 concluded
3110 3243 36 38 by
3168 3246 176 37 announcing
3356 3246 60 29 that

2780 3288 46 28 the
2841 3290 187 28 Government
3042 3300 54 18 was
3118 3293 213 37 corresponding
3350 3295 64 27 with

2781 3335 45 29 the
2840 3336 108 29 various
2961 3337 125 29 Colonies
3099 3348 73 27 upon
3187 3339 46 29 the
3246 3340 115 36 subject.

3000 3418 201 30 LATEST

2798 3471 372 41 AUSTRALIAN
3223 3475 174 39 NEWS.

3049 3584 121 35 Sydney,
3184 3586 139 37 February
3337 3588 42 28 23.

2818 3631 58 28 Tin
2890 3633 164 33 Legislative
3068 3634 145 35 Assembly
3234 3638 57 24 met
3311 3636 103 35 to-day,

2784 3677 49 29 but
2848 3679 44 27 Sir
2909 3679 109 28 Patrick
3040 3680 135 36 Jennings
3193 3681 55 28 had
3271 3686 49 24 not
3343 3692 54 19 com-

2782 3726 90 36 pleted
2885 3727 43 28 his
2941 3727 59 29 task
3012 3729 30 27 of
3051 3728 122 35 forming
3181 3739 15 17 a
3205 3739 61 19 new
3279 3730 135 38 Ministry.

2782 3774 58 28 The
2854 3775 95 28 House
2963 3776 148 36 adjourned
3126 3777 69 27 until
3214 3781 167 26 to-morrow.

3186 3832 140 35 February
3339 3835 42 26 24.

2817 3875 44 29 Sir
2873 3876 108 29 Patrick
2995 3876 137 38 Jennings
3145 3878 51 29 has
3209 3884 27 24 at
3249 3880 94 36 length
3358 3890 42 19 suc-

2781 3923 99 28 ceeded
2892 3923 29 28 in
2934 3924 120 35 forming
3074 3935 16 18 a
3113 3925 137 38 Ministry,
3273 3929 30 27 in
3325 3929 89 28 which

2781 3970 47 28 the
2842 3969 139 37 following
2993 3972 157 34 gentlemen
3169 3983 45 19 are
3235 3974 127 29 included
3374 3984 40 19 :

2783 4017 43 27 Sir
2847 4018 109 27 Patrick
2977 4019 145 35 Jennings,
3146 4020 44 27 Sir
3207 4021 74 28 John
3305 4023 93 27 Robert-

2782 4074 59 24 son,
2856 4066 101 28 Messrs
2976 4066 99 37 Byrris,
3096 4067 88 36 Lyne,
3207 4068 92 33 Want,
3320 4070 94 29 Dibbs.

2781 4113 149 37 Copeland,
2952 4114 129 33 Garrard,
3103 4115 133 32 Wisdom,
3251 4117 54 27 and
3325 4118 71 35 Simp-

2780 4169 59 18 son.
2876 4160 57 28 The
2946 4161 146 28 allotment
3104 4161 31 28 of
3146 4163 47 27 the
3211 4164 108 27 various
3342 4171 55 28 port-

2779 4206 80 29 folios
2872 4206 50 29 has
2936 4210 47 27 not
2995 4213 47 32 yet
3056 4208 67 30 been
3136 4209 141 37 definitely
3289 4210 107 30 settled.

2883 4297 122 30 NOTES
3024 4299 105 28 FROM
3150 4300 157 28 NELSON.

2840 4384 84 33 (from
2943 4392 56 20 our
3018 4393 62 19 own
3098 4388 252 33 correspondent.)

2997 4470 194 21 LEGISLATORS.

2814 4508 28 28 It
2862 4509 23 26 is
2906 4513 47 22 not
2967 4510 80 31 given
3061 4514 28 22 to
3107 4511 128 35 ordinary
3256 4513 114 26 mortals
3386 4520 26 19 to

2779 4552 168 31 understand
2977 4553 46 30 the
3053 4554 154 31 intricacies
3231 4556 31 29 of
3283 4557 128 38 politics;

2779 4602 60 29 that
2862 4604 24 27 is
2906 4614 16 17 a
2943 4614 92 26 power
3056 4605 89 28 which
3167 4606 23 27 is
3212 4607 139 36 possessed
3377 4607 35 37 by

2782 4651 128 28 M.L.C.'s
2921 4651 55 28 and
2988 4651 139 30 M.H.R.'s
3137 4654 80 35 only;
3238 4654 65 35 they
3311 4654 101 29 imbibe

2779 4698 22 27 it
2823 4698 79 28 wlieu
2924 4698 66 35 they
3010 4699 63 28 take
3094 4699 47 28 the
3166 4701 65 27 oath
3253 4700 90 30 before
3365 4701 45 28 the

2780 4746 127 36 speaker;
2927 4746 54 28 and
3003 4747 21 28 it
3048 4747 23 29 is
3096 4748 66 36 only
3186 4749 64 28 then
3277 4749 60 29 that
3365 4750 46 28 the

2779 4802 144 26 necessary
2936 4793 170 37 inspiration,
3125 4796 128 36 requisite
3267 4800 28 23 to
3308 4805 102 27 govern

2779 4840 56 28 this
2847 4840 203 31 debt-beridden
3064 4844 92 35 colon}
3157 4840 4 40 7
3164 4865 7 10 ,
3185 4844 124 28 becomes
3324 4856 15 16 a
3351 4849 61 31 part

2779 4887 30 27 of
2819 4887 71 28 their
2902 4887 80 28 inner
2993 4893 106 24 nature.
3136 4889 14 27 1
3272 4890 55 28 this
3341 4891 71 28 from

2779 4944 17 18 a
2808 4934 63 36 loug
2884 4938 158 33 experience
3055 4936 29 28 in
3097 4936 46 28 the
3156 4936 125 37 changed
3296 4948 117 18 manner

2781 4983 29 26 of
2826 4992 85 27 many
2933 4983 102 28 friends
3056 4984 31 28 of
3105 4984 75 28 mine
3200 4985 63 28 who
3282 4985 80 34 have,
3376 4986 35 37 by

2781 5030 69 28 their
2876 5030 109 34 talents,
3010 5032 105 28 arrived
3140 5035 29 25 at
3193 5032 47 29 the
3264 5033 96 37 height
3386 5035 28 28 of

2780 5068 71 28 their
2863 5068 132 30 ambition
3011 5079 6 19 :
3038 5074 27 25 to
3079 5070 79 29 make
3178 5071 66 28 laws
3264 5077 26 21 to
3310 5082 100 23 govern

2780 5107 71 26 their
2862 5107 90 27 fellow
2972 5117 73 21 men,
3066 5108 54 28 and
3134 5109 22 26 if
3175 5110 46 26 the
3243 5110 127 36 quantity
3384 5112 30 26 of

2779 5144 66 29 laws
2867 5144 65 37 they
2953 5145 189 29 manufacture
3155 5145 24 29 is
3200 5157 16 18 a
3236 5148 127 29 criterion
3384 5149 28 29 of

2779 5183 71 27 their
2889 5184 115 27 abilities
3042 5185 66 27 then
3139 5185 75 28 there
3233 5196 51 17 can
3310 5186 32 28 be
3374 5197 35 18 no

2779 5222 124 36 question
2924 5221 83 30 about
3019 5232 50 19 our
3082 5225 152 36 possessing
3256 5225 46 29 the
3325 5225 85 30 ablest

2779 5261 153 34 politicians
2953 5263 29 26 in
2996 5263 56 26 this
3071 5263 102 35 planet.
3210 5264 58 27 The
3290 5270 119 28 greatest

2779 5298 132 36 difficulty
2934 5308 59 19 new
3013 5300 137 28 members
3169 5310 157 28 experience
3345 5302 24 29 is
3382 5306 28 26 to

2779 5337 86 33 forget
2878 5337 60 28 that
2949 5338 65 35 they
3026 5348 70 18 were
3109 5340 131 27 endowed
3259 5341 35 35 by
3313 5346 96 24 nature

2780 5374 65 27 with
2857 5384 16 17 a
2886 5374 128 36 thinking
3031 5376 131 37 principle
3179 5377 101 28 known
3299 5388 30 17 as
3348 5389 45 18 con-

2779 5413 113 29 science.
2930 5414 81 29 Some
3024 5413 137 31 members
3174 5414 69 32 have
3263 5416 66 31 been
3343 5417 66 30 born

2778 5453 118 27 without
2918 5463 61 21 one,
2993 5454 49 26 but
3054 5454 129 35 ordinary
3205 5457 113 25 mortals
3340 5458 70 26 have

2779 5494 48 22 not
2840 5489 54 28 had
2906 5490 66 27 such
2986 5490 68 35 good
3077 5491 107 28 fortune
3198 5498 28 21 at
3238 5492 71 28 their
3327 5493 82 29 birth,

2779 5527 54 27 and
2846 5527 46 28 the
2906 5529 181 27 annihilation
3101 5529 29 26 of
3140 5529 61 28 that
3212 5530 197 35 objectionable

2778 5566 112 36 adjunct
2914 5570 28 24 to
2965 5576 16 18 a
3003 5567 138 34 legislator
3165 5569 23 26 is
3212 5571 158 27 sometimes
3395 5581 12 17 n

2780 5610 99 22 matter
2889 5605 90 27 which
2990 5605 125 28 becomes
3124 5606 210 35 embarrassing.
3360 5609 49 35 My

2779 5641 95 30 friend,
2888 5642 46 28 the
2949 5642 142 28 honourab
3103 5652 15 18 e
3141 5644 123 28 member
3277 5646 41 26 for
3337 5646 53 28 Wai-

2779 5689 68 20 mea,
2862 5681 49 28 has
2925 5682 63 35 only
3004 5681 129 29 attended
3152 5691 51 18 one
3223 5682 111 33 session,
3354 5684 53 28 and

2778 5728 28 17 as
2822 5719 33 27 he
2869 5720 23 26 is
2904 5729 16 18 a
2933 5719 128 28 tolerable
3075 5720 69 32 good
3153 5721 83 35 judge
3248 5722 30 26 of
3288 5728 121 30 sporting

2778 5761 121 29 matters,
2922 5768 74 19 more
3017 5759 176 35 particularly
3207 5759 28 28 iu
3255 5759 46 29 the
3323 5761 69 28 direc-

2778 5797 55 26 tion
2860 5797 29 26 of
2908 5797 61 27 that
2989 5797 94 35 highly
3107 5799 164 33 speculative
3293 5799 49 28 but
3363 5800 29 27 de-

2778 5834 105 36 cidedly
2892 5834 117 37 slippery
3019 5835 53 28 and
3082 5837 155 34 precarious
3246 5837 161 34 occupation

3423 232 99 28 known
3549 239 29 18 as
3604 227 45 29 the
3671 225 73 32 turf;
3771 225 34 28 lie
3829 224 86 33 ought
3942 229 27 22 to
3989 225 32 28 lie
4042 235 16 18 a

3424 276 45 22 tun
3492 270 83 36 judge
3596 269 30 26 of
3638 267 45 27 th:*
3697 276 96 24 seamy
3812 264 57 27 hide
3890 264 30 27 of
3938 264 90 35 politic
4037 266 19 26 li

3424 311 52 25 life.
3515 307 53 28 His
3590 304 123 28 remarks
3735 310 26 20 to
3784 312 42 18 me
3845 311 33 17 on
3900 302 42 26 his
3965 309 93 20 return

3424 350 68 26 ai'fpr
3516 347 52 28 last,
3593 344 102 28 session
3723 352 69 18 were
3822 345 76 25 Mjort
3925 340 47 28 but
3996 351 45 26 sug-

3424 394 109 19 gestive.
3600 385 57 25 You
3670 383 79 25 know
3760 387 158 24 scmetumg
3928 384 26 22 ot
3965 381 75 26 horse-

3423 434 13 17 r
3445 424 80 31 icing.
3551 422 96 28 Koran
3712 420 32 26 lie
3769 417 93 29 a.'ked.
3902 418 11 26 I
3939 418 88 27 nodde
4038 418 17 28 I.

3424 472 15 6 ••
3563 462 39 28 sai
3615 462 5 26 1
3633 461 42 32 lie,
3727 459 22 27 It
3760 458 61 27 isn't
3833 468 14 17 a
3859 458 196 27 circumstance

3423 507 26 22 to
3464 503 45 25 the
3524 500 15 26 (1
3542 501 77 34 o'ngs
3633 507 64 19 over
3711 498 94 29 there,'
3834 497 53 26 and
3911 496 33 27 he
3960 495 95 36 jtij'keil

3424 540 42 27 his
3491 538 98 31 t'lUmh
3614 539 26 26 in
3669 537 45 28 the
3735 535 132 28 direction
3887 534 29 27 of
3934 535 44 26 the
4005 535 50 26 law

3425 578 187 33 manufactory
3693 575 176 32 Wellington.
3918 572 57 27 You
4002 583 53 22 sec,

3422 617 65 28 dear
3501 617 116 30 reader?,
3633 614 59 28 that
3705 623 67 18 even
3788 624 15 16 a
3816 612 114 28 turfite'o
3945 612 112 34 feelings

3424 665 63 27 may
3501 656 31 28 be
3546 655 128 28 shocked.

3607 747 125 20 PROTKAN'
3752 745 133 21 POLITICS.

3459 789 31 26 Tn
3514 788 115 32 English
3653 787 104 34 history
3777 786 44 27 the
3843 784 73 28 vicar
3936 784 31 28 of
3985 784 71 35 I'niy

3424 827 48 28 has
3483 826 119 28 h'therto
3614 835 74 18 worn
3700 825 46 27 the
3754 824 55 28 belt
3819 834 29 17 as
3855 824 45 27 the
3909 823 147 37 champion

3424 872 153 22 turn-coat:
3598 865 32 27 he
3645 864 90 28 would
3754 864 70 27 have
3840 868 26 22 to
3883 862 61 28 take
3958 873 15 17 a
3988 862 68 28 hack

3424 909 57 23 seat
3507 904 26 26 in
3558 904 66 26 New
3645 902 118 28 Zealand
3776 910 6 24 ;
3803 911 38 17 we
3864 901 70 27 have
3957 901 99 27 dozens

3426 943 62 26 here
3502 942 61 26 who
3577 951 31 17 co
3622 941 33 27 .Id
3669 941 62 31 give
3751 940 45 26 the
3810 940 73 27 vicar
3907 944 53 22 two
3979 945 77 21 stone

3424 979 54 28 and
3492 989 11 17 a
3521 979 117 32 beating,
3652 978 55 28 and
3721 978 65 27 then
3803 977 70 27 have
3887 986 15 18 a
3913 977 38 26 hit
3963 977 47 28 left
4022 987 35 23 up

3426 1018 70 28 their
3511 1018 110 27 sleeves.
3661 1017 25 26 It
3708 1016 23 27 is
3751 1015 66 28 hard
3833 1015 40 28 for
3892 1025 43 18 me
3951 1020 26 22 to
3997 1015 62 35 pick

3426 1061 47 23 out
3484 1066 35 18 an
3533 1055 134 37 example,
3682 1060 49 23 not
3743 1055 128 28 for'want
3881 1055 29 26 of
3927 1064 75 23 *ases,
4011 1053 49 29 but

3426 1097 40 26 for
3490 1095 47 28 the
3562 1095 161 35 superfluity
3747 1095 30 27 of
3800 1094 125 28 material
3951 1100 28 21 at
4012 1103 47 24 my

3427 1133 95 25 li;iwls.
3561 1133 12 25 I
3589 1133 53 25 will
3662 1133 98 26 choo?e
3773 1141 51 17 one
3841 1137 28 21 at
3888 1132 116 26 random
4021 1133 40 25 for

3427 1170 54 27 this
3501 1170 82 28 week.
3624 1170 85 27 When
3730 1170 43 27 Sir
3785 1168 91 28 Julius
3897 1168 84 36 Yogel
3996 1168 63 29 took

3427 1209 77 27 office
3525 1210 75 25 there
3623 1217 55 18 was
3692 1219 35 15 no
3740 1208 103 34 subject
3864 1218 34 16 on
3920 1208 88 27 which
4026 1209 33 25 lie

3429 1254 54 18 was
3498 1254 72 17 more
3585 1244 173 36 pronounced
3772 1245 66 26 than
3860 1253 73 27 upon
3953 1245 45 26 the
4014 1254 43 17 ne-

3427 1285 98 34 cessity
3547 1283 30 29 of
3596 1284 110 32 organic
3727 1283 114 35 charges
3855 1284 26 27 in
3903 1283 44 29 the
3968 1283 93 37 Upper

3431 1323 102 25 House.
3572 1322 42 26 Du
3705 1322 44 27 the
3775 1332 75 16 same
3871 1323 102 26 session
4003 1323 60 26 that

3431 1360 90 27 House
3535 1359 85 28 threw
3641 1365 47 22 out
3711 1360 45 27 the
3776 1360 152 34 pernicious
3948 1360 111 27 District

3431 1398 135 34 Railways
3592 1398 135 26 Purchase
3753 1398 59 26 Act.
3852 1398 30 26 In
3906 1398 44 26 the
3973 1408 86 17 recess

3431 1436 44 29 tlie
3495 1440 134 24 treasurer
3646 1435 81 30 made
3746 1446 80 19 seven
3840 1445 59 21 new
3913 1436 71 30 lords
4003 1437 28 29 in
4046 1448 16 18 a

3430 1475 91 28 batch,
3534 1476 160 31 apparently
3707 1476 117 24 without
3846 1484 105 19 reason,
3965 1476 55 24 and
4033 1476 30 25 of

3431 1520 15 17 a
3469 1515 70 22 most
3563 1509 196 34 hetrogeneous
3783 1509 163 37 description
3960 1518 6 26 ;
3986 1520 76 19 some

3432 1549 81 33 being
3525 1548 136 29 members
3672 1551 28 26 of
3711 1550 47 27 the
3770 1550 96 27 Lower
3877 1550 101 31 House,
3989 1561 74 18 some

3431 1588 191 33 ex-members,
3641 1589 52 26 and
3709 1599 75 18 some
3807 1589 64 27 with
3888 1598 35 18 no
3941 1590 105 35 explain-

3432 1627 58 27 able
3505 1628 99 25 talents
3624 1631 29 22 to
3665 1628 175 26 recommend
3862 1628 85 27 them,
3970 1629 93 25 unless

3434 1664 58 28 that
3506 1664 29 27 of
3545 1663 187 28 subservience
3752 1664 79 27 could
3845 1664 31 27 be
3895 1664 117 28 counted
4031 1675 30 17 as

3432 1702 75 30 such.
3546 1702 56 29 The
3626 1713 96 19 excuse
3744 1703 43 29 Sir
3808 1703 92 29 Julius
3921 1703 79 29 made
4022 1704 41 29 for

3433 1742 76 27 these
3540 1743 204 34 appointments
3775 1743 78 26 when
3886 1743 79 27 taxed
3996 1744 66 26 with

3433 1781 76 27 them
3523 1790 54 18 was
3591 1781 58 27 that
3664 1782 64 27 thev
3742 1791 70 18 were
3826 1781 128 28 rendered
3968 1791 89 18 neces-

3434 1829 61 17 saw
3502 1819 37 34 l>y
3547 1819 82 26 death
3642 1820 51 25 and
3704 1820 78 26 other
3790 1829 102 17 causes.
3920 1820 89 26 About
4018 1821 47 25 tlio

3434 1856 66 29 time
3513 1856 46 28 the
3570 1857 204 36 appointments
3785 1866 69 18 were
3864 1855 78 29 made
3957 1857 13 27 I
3984 1865 80 29 spent

3434 1906 33 18 an
3481 1897 115 31 evening
3608 1896 66 27 with
3688 1906 34 17 an
3736 1897 143 28 ex-Crown
3899 1896 125 29 Minister
4037 1897 31 28 of

3435 1935 46 27 the
3490 1935 125 35 previous
3625 1935 205 29 Government;
3845 1945 38 16 we
3892 1935 79 27 made
3981 1945 85 24 many

3436 1981 108 23 guesses
3563 1982 30 16 as
3607 1976 26 22 to
3647 1972 46 26 the
3706 1972 86 35 object
3806 1973 28 26 in
3848 1973 77 30 view,
3945 1973 53 27 and
4020 1973 46 27 the

3436 2010 64 36 only
3622 2017 25 20 at
3663 2009 44 28 the
3721 2010 79 28 oilier
3811 2020 95 18 causes
3927 2020 40 19 we
3987 2011 80 28 could

3437 2049 31 26 lit
3492 2050 27 24 in
3546 2058 55 17 was
3626 2048 48 27 Yo«
3686 2049 48 26 el's
3758 2049 110 33 anxiety
3894 2055 27 21 to
3952 2050 69 26 have
4052 2061 16 15 h

3438 2085 127 36 majority
3586 2086 27 26 in
3636 2085 45 27 the
3699 2085 92 37 Upper
3812 2086 92 28 House
3924 2091 28 23 to
3965 2095 103 28 swamp

3438 2125 45 27 the
3507 2130 152 31 opponents
3681 2126 29 25 of
3730 2125 45 28 the
3794 2125 114 28 District
3933 2126 135 36 Railway*

3438 2163 121 29 swindle.
3597 2165 36 26 As
3655 2169 27 22 to
3706 2163 45 28 the
3776 2165 142 35 personnel
3944 2167 30 26 of
3991 2165 47 28 tho
4054 2176 14 17 e

3437 2203 205 33 appointments
3668 2202 12 25 I
3707 2202 54 25 will
3781 2203 81 26 make
3885 2203 136 26 reference
4041 2208 28 21 to
4100 2209 5 7 *

3438 2243 53 23 two
3503 2247 6 20 ;
3529 2243 48 22 not
3597 2238 59 26 that
3680 2238 64 34 they
3765 2248 45 18 are
3828 2239 86 27 better
3934 2249 30 17 or
3987 2247 84 19 worse

3438 2276 66 29 than
3519 2276 46 28 the
3577 2276 92 28 others
3681 2285 7 24 ;
3707 2276 46 28 hut
3767 2276 113 30 because
3895 2277 23 35 (I
3942 2277 79 29 blush
4041 2283 30 23 to

3438 2316 76 28 write
3528 2316 30 28 it)
3573 2315 64 29 both
3653 2325 61 18 men
3730 2326 44 18 are
3787 2317 148 27 connected
3944 2317 65 27 with
4024 2318 45 26 tho

3439 2363 82 26 press.
3558 2354 57 27 The
3649 2354 71 27 lion.
3755 2354 39 27 \Y.
3827 2354 112 32 lieeves,
3970 2355 22 27 is
4022 2355 48 27 tho

3440 2392 132 36 principal
3603 2398 151 30 proprietor
3789 2393 30 27 of
3847 2393 45 28 the
3929 2393 140 35 Lyttelton

3438 2431 102 30 Times,
3581 2441 15 16 a
3634 2440 85 26 paper
3747 2431 100 32 which,
3883 2431 100 34 during
4022 2432 46 27 tho

3439 2468 180 38 premiership
3643 2469 29 27 of
3695 2469 43 27 Sir
3763 2469 104 35 Gorge
3892 2471 82 36 Grey,
4007 2480 46 27 sup-

3440 2508 94 37 ported
3547 2508 58 28 him
3619 2514 28 23 to
3660 2508 46 29 the
3719 2509 69 33 last;
3809 2508 48 29 but
3875 2511 45 26 the
3939 2510 116 27 advertis-

3440 2556 45 21 ing
3511 2551 115 22 account
3648 2556 55 18 was
3721 2557 15 17 a
3759 2547 45 33 big
3823 2557 60 17 one.
3921 2548 79 26 Even
4025 2549 46 26 tho

3440 2584 111 35 railway
3565 2584 162 30 time-table,
3741 2584 88 27 which
3840 2584 128 36 occupied
3977 2586 96 29 nearly

3440 2632 14 18 a
3478 2622 49 27 full
3549 2631 68 26 pa'je
3637 2631 81 23 every
3739 2622 62 36 day,
3826 2631 55 19 was
3902 2623 62 36 paid
3986 2624 38 26 for
4045 2629 29 22 at

3440 2660 49 27 full
3520 2668 79 19 rates.
3646 2660 38 27 Of
3710 2669 93 18 course
3829 2669 35 18 an
3895 2664 179 30 extravagant

3441 2697 91 28 leader
3553 2697 53 28 like
3627 2697 86 33 Vogel
3736 2706 55 19 was
3806 2698 58 35 just
3876 2698 47 27 the
3946 2708 63 18 man
4029 2699 42 28 fur

3441 2737 46 27 the
3676 2741 26 23 to
3727 2741 120 31 support,
3873 2737 54 28 and
3953 2737 35 27 its
4013 2748 44 26 pro-

3442 2777 100 33 prietor
3554 2779 72 23 went
3639 2774 29 28 in
3683 2774 179 28 bald-headed
3876 2775 42 27 for
3929 2775 59 27 him
3999 2784 7 21 ;
4020 2777 55 26 and

3442 2814 69 26 from
3530 2813 43 27 his
3597 2813 98 27 arrival
3716 2814 28 26 in
3763 2814 47 26 the
3829 2814 97 33 colony
3947 2814 40 27 till
4001 2824 70 20 now,

3443 2852 45 28 the
3513 2851 117 38 premier
3650 2852 110 37 journal
3785 2852 30 27 of
3830 2852 46 28 the
3901 2852 99 37 colony
4024 2852 51 29 has

3444 2901 82 17 never
3555 2891 95 27 ceased
3674 2896 28 22 to
3732 2892 77 27 write
3833 2893 28 26 in
3892 2902 14 17 a
3937 2893 78 34 spirit
4045 2893 33 26 of

3444 2929 119 32 fawning
3574 2929 135 34 toadyism
3720 2929 29 26 of
3758 2930 34 25 its
3804 2929 64 31 idol,
3879 2935 94 30 except
3985 2939 19 17 w
4005 2929 4 36 :
4012 2930 62 27 hero

3445 2967 45 28 the
3504 2967 98 36 policy,
3622 2966 28 29 in
3673 2966 2 38 .
3676 2966 4 38 i
3687 2975 61 20 o:ne
3770 2967 91 29 minor
3878 2968 99 36 points,
3997 2968 77 28 could

3445 3012 45 21 not
3514 3005 32 27 be
3569 3005 153 28 swallowed
3742 3006 96 32 entire,
3852 3006 54 27 and
3925 3007 64 26 then
4011 3011 20 22 ;t
4051 3009 23 24 is

3446 3042 100 28 sunken
3553 3043 39 26 _of
3680 3052 19 14 a
3777 3043 33 21 of
3985 3053 74 16 rever-

3445 3080 65 18 ence
3523 3070 90 29 which
3626 3071 112 30 induces
3750 3075 36 26 its
3801 3075 107 27 readers
3927 3082 27 22 to
3973 3078 103 28 believe

3445 3109 61 27 that
3528 3109 75 28 there
3623 3120 46 17 are
3688 3120 76 18 some
3782 3113 94 32 things
3890 3114 87 27 which
4000 3123 75 20 must

3445 3146 32 28 be
3489 3146 81 28 taken
3585 3156 72 27 upon
3671 3148 68 28 faith
3753 3159 29 18 as
3796 3149 81 37 being
3894 3156 47 24 too
3954 3153 67 36 deep
4035 3154 41 28 for

3444 3185 46 27 the
3503 3195 127 18 common
3645 3186 66 28 herd
3724 3195 28 19 to
3766 3188 176 35 understand,
3961 3202 29 15 or
4007 3202 47 17 eve
4065 3203 8 16 »

3444 3226 28 24 to
3496 3223 124 27 criticise.
3659 3224 44 26 Mr
3727 3224 104 29 Reeves
3861 3236 56 19 was
3941 3228 134 29 therefor)

3444 3271 46 18 ma
3500 3260 25 28 le
3538 3261 167 29 honourable
3718 3264 41 28 for
3769 3264 53 28 life.
3861 3266 57 28 Nor
3931 3268 22 27 is
3975 3268 33 28 he
4028 3270 48 27 the

3444 3300 65 34 only
3533 3309 29 17 m
3571 3310 28 16 m
3626 3301 26 26 in
3679 3301 46 27 the
3744 3303 99 36 colony
3861 3305 62 27 who
3942 3306 42 27 for
4000 3308 60 34 jour-

3444 3337 107 28 nalistic
3565 3337 52 28 and
3637 3339 79 28 ot'ier
3736 3342 114 28 services
3870 3344 140 30 rendered,
4025 3344 50 28 has

3445 3376 53 26 had
3521 3376 43 26 his
3584 3377 113 27 reward.
3735 3379 14 26 I
3763 3388 51 18 can
3827 3385 61 31 spot
3909 3391 51 18 one
3982 3392 98 19 nearer

3444 3413 91 29 home.
3572 3414 59 29 One
3651 3415 30 28 of
3698 3416 46 28 the
3758 3416 59 29 first
3831 3419 101 29 lessons
3950 3430 17 19 a
3985 3431 95 26 young

3444 3453 142 34 navigator
3610 3453 50 27 has
3684 3459 27 23 to
3737 3456 74 27 learn
3833 3457 22 27 is
3880 3464 28 21 to
3927 3462 16 11 '•
3954 3459 53 28 box
4030 3461 48 27 the

3635 3491 77 29 Until
3725 3493 35 28 lie
3772 3494 87 29 learns
3869 3496 61 28 that
3941 3496 34 37 by
3990 3498 86 30 heart,

3445 3529 158 28 backwards
3621 3530 54 27 and
3694 3531 139 34 forwards,
3853 3534 34 27 he
3908 3536 22 26 is
3944 3540 47 24 not
4005 3547 71 17 con>-

3445 3574 94 28 pftent
3563 3574 27 21 to
3615 3568 61 27 take
3699 3569 43 27 his
3762 3570 68 28 trick
3857 3577 28 23 at
3909 3573 46 28 the
3981 3576 95 27 wheel.

3444 3605 102 39 Joseph
3572 3606 152 38 Shepherd,
3748 3609 76 37 Esq.,
3852 3611 115 35 M.L.C.,
3989 3615 88 28 learnt

3445 3645 45 26 the
3511 3649 43 23 art
3573 3646 27 25 in
3622 3646 42 26 his
3676 3648 122 33 political
3813 3649 118 35 infancy,
3951 3652 53 26 and
4026 3653 52 27 lnss

3443 3682 155 36 frequently
3611 3684 93 27 scored
3717 3684 121 29 honours
3853 3688 27 27 in
3895 3688 164 30 Parliament-

3444 3731 48 26 ary
3513 3721 44 28 life
3578 3731 29 19 as
3630 3732 36 18 an
3686 3730 93 29 expert
3793 3725 97 35 during
3910 3727 41 28 his
3974 3738 101 19 career.

3444 3760 37 26 As
3495 3769 33 17 an
3543 3760 104 27 elected
3658 3761 138 32 legislator
3808 3764 33 26 he
3855 3764 54 28 had
3920 3765 136 29 discovere
4067 3769 10 26 1

3445 3797 59 27 that
3526 3797 42 27 his
3589 3798 181 28 constituents
3793 3800 46 28 did
3861 3808 48 22 not
3921 3805 155 34 appreciate

3445 3835 42 26 his
3500 3835 122 33 singular
3635 3836 163 37 proficiency
3815 3839 28 27 in
3857 3840 46 26 the
3917 3840 161 30 Janus-like

3444 3877 51 28 art,
3508 3872 54 28 and
3583 3872 34 29 he
3638 3873 82 28 found
3744 3876 21 26 it
3784 3885 144 29 necessary
3946 3884 29 22 to
3998 3880 80 28 sheer

3446 3910 41 28 for
3498 3921 16 17 a
3527 3911 71 28 safer
3610 3911 87 28 haven
3713 3913 67 28 than
3794 3915 61 28 that
3867 3916 39 28 off
3921 3917 47 28 red
3982 3918 35 36 by
4036 3929 37 18 an

3443 3949 144 29 electorate
3608 3950 61 28 who
3691 3951 135 36 perferred
3852 3957 171 36 consistency
4043 3962 29 24 to

3443 3988 120 36 political
3584 3988 184 37 boxhauling;
3787 3993 54 26 and
3862 3995 47 26 the
3928 3995 101 28 advent
4048 3998 32 27 of

3443 4026 85 35 Vogel
3542 4026 52 28 and
3611 4027 40 26 bis
3659 4034 114 31 poverty
3782 4030 32 27 of
3820 4032 165 34 persuasible
3996 4042 79 28 peers

3443 4073 55 18 was
3517 4073 35 19 an
3575 4066 178 35 opportunity
3765 4072 49 24 not
3834 4073 26 24 to
3879 4070 32 28 be
3931 4071 69 34 lost;
4019 4073 56 28 and

3442 4102 46 29 the
3502 4103 153 36 ponderous
3667 4104 105 29 leaders
3786 4106 27 28 in
3833 4108 46 28 the
3899 4109 122 30 Colonist
4034 4112 28 27 fu-

3443 4141 45 28 tile
3502 4147 61 30 past
3576 4151 66 25 year
3654 4152 31 17 or
3697 4147 63 26 two,
3780 4145 141 30 distended
3946 4150 64 26 with
4024 4150 39 27 ful-

3442 4188 75 17 some
3541 4179 109 35 flattery
3674 4181 30 26 of
3726 4181 95 34 Vogel,
3845 4184 43 27 his
3913 4186 97 29 works,
4033 4188 43 26 his

3442 4217 160 32 intentions,
3617 4217 42 28 his
3671 4219 105 33 genius,
3791 4221 43 28 his
3854 4232 65 27 very
3932 4224 142 35 thoughts,

3442 4265 69 19 were
3532 4257 45 28 the
3600 4258 71 35 price
3696 4259 64 36 paid
3784 4261 40 28 fir
3848 4272 16 18 a
3890 4254 45 37 life
3960 4273 116 30 peerage

3441 4296 54 26 and
3509 4296 186 26 honorarium.

3631 4381 17 20 A
3666 4381 119 22 TIIAITOR
3803 4384 82 21 VOTE.

3475 4418 57 29 The
3546 4419 118 37 iniquity
3677 4421 31 27 of
3718 4422 55 27 this
3791 4423 116 30 District
3927 4427 146 38 Railways'

3442 4457 136 29 Purchase
3591 4459 51 29 Act
3656 4459 21 28 is
3692 4464 45 24 not
3747 4463 141 37 generally
3897 4465 176 32 understood.

3442 4497 80 27 Some
3536 4497 52 27 five
3609 4508 30 17 or
3659 4498 40 27 six
3713 4500 118 29 districts
3853 4504 27 25 in
3901 4504 173 36 Canterbury

3440 4533 54 26 and
3508 4535 87 34 Otago
3616 4534 68 27 tried
3706 4536 42 26 for
3766 4545 79 27 years
3868 4544 28 22 to
3915 4540 69 28 have
3998 4542 77 29 these

3440 4571 127 37 railways
3588 4572 94 38 placed
3703 4583 74 29 upon
3791 4575 47 31 the
3857 4577 96 32 Public
3971 4580 101 31 Works

3440 4612 135 31 schedule,
3597 4613 49 27 but
3667 4614 65 36 they
3755 4624 47 19 are
3823 4618 66 27 such
3915 4620 159 29 manifestly

3440 4649 52 29 bad
3505 4659 41 18 m\
3553 4655 133 24 estments
3699 4652 61 29 that
3774 4655 102 28 session
3890 4657 69 28 after
3969 4668 104 20 session

3440 4687 106 27 refused
3577 4692 28 24 to
3630 4690 124 28 sanction
3782 4692 72 28 their
3876 4699 197 26 construction.

3445 4726 53 28 The
3513 4725 62 29 land
3591 4736 26 18 iu
3633 4732 72 24 most
3717 4738 75 20 cases
3805 4740 57 19 was
3881 4732 63 29 held
3958 4735 28 27 in
4001 4735 74 35 large

3442 4765 90 26 blocks
3565 4765 37 34 by
3631 4768 158 33 companies
3820 4779 30 17 or
3883 4772 121 35 wealthy
4035 4776 27 25 in-

3441 4801 143 33 dividuals,
3605 4803 54 28 and
3678 4803 75 29 these
3767 4805 68 29 lines
3854 4817 69 21 were
3937 4810 28 28 in
3980 4820 95 20 course

3440 4841 30 27 of
3481 4842 66 27 time
3560 4844 174 27 constructed
3748 4844 35 35 by
3796 4848 105 33 private
3915 4852 160 33 enterprise,

3442 4885 71 20 most
3531 4879 31 27 of
3580 4879 46 27 the
3649 4881 100 35 capital
3768 4883 42 26 for
3828 4884 46 28 the
3896 4886 74 27 work
3993 4888 81 35 being

3441 4914 138 31 borrowed
3609 4926 35 19 on
3675 4918 171 31 debentures.
3895 4924 58 29 The
3983 4912 90 42 lauds~

3440 4954 100 37 during
3558 4956 47 28 the
3625 4965 108 28 process
3753 4959 30 28 of
3801 4959 147 32 formation
3974 4965 29 27 of
4024 4965 47 28 the

3441 4993 76 33 lines,
3539 5003 70 19 were
3629 5000 46 23 cut
3696 5005 36 28 up
3753 4998 56 28 and
3822 5000 58 27 sold
3899 5005 28 24 to
3948 5002 124 35 farmers,

3441 5031 46 29 the
3507 5032 56 28 bait
3583 5032 61 28 held
3667 5038 48 24 out
3735 5034 81 37 being
3833 5038 47 29 the
3903 5049 90 20 access
4014 5046 27 25 to
4055 5053 16 18 a

3440 5070 105 29 market
3558 5071 35 34 by
3607 5072 46 28 the
3666 5073 136 36 railways,
3824 5076 49 29 but
3886 5080 20 26 it
3920 5088 56 19 was
3988 5090 85 19 never

3440 5109 80 26 made
3539 5110 90 34 public
3650 5115 29 22 at
3697 5111 47 28 the
3765 5113 70 27 sales
3854 5115 61 27 that
3933 5117 46 27 the
3998 5128 54 17 com-

3440 5147 94 35 panies
3555 5147 54 29 had
3629 5158 35 18 an
3689 5149 100 30 almost
3808 5151 155 32 illimitable
3982 5166 92 27 power

3440 5186 29 26 of
3479 5186 121 27 taxation
3619 5196 65 18 over
3696 5188 46 27 the
3756 5189 79 28 lands
3854 5196 28 23 to
3901 5196 104 34 compel
4022 5196 47 26 the

3440 5224 163 37 proprietors
3626 5229 27 25 to
3675 5235 54 29 pay
3749 5227 46 30 the
3808 5229 54 29 loss
3881 5240 35 19 on
3939 5233 133 37 working.

3440 5264 76 26 After
3538 5264 46 26 the
3605 5265 67 27 land
3692 5266 99 28 sharks
3803 5268 55 27 had
3871 5274 47 29 got
3939 5271 42 27 rid
4003 5273 30 26 of
4042 5283 30 16 as

3440 5300 82 29 much
3546 5302 29 27 of
3593 5302 71 29 their
3687 5307 101 26 estates
3807 5315 30 19 as
3856 5307 127 36 possible,
4007 5309 66 38 they

3440 5340 63 27 then
3518 5341 108 27 wanted
3640 5347 28 21 to
3680 5347 45 28 get
3737 5344 75 27 clear
3819 5345 30 27 of
3856 5346 71 27 their
3936 5347 137 29 liabilities

3440 5377 40 27 for
3490 5377 46 28 the
3549 5378 171 34 debentures,
3742 5380 113 30 interest
3873 5384 55 28 and
3948 5385 123 36 working

3440 5415 83 30 losses
3542 5417 89 30 which
3654 5429 70 19 were
3744 5419 150 39 beginning
3916 5428 27 24 to
3960 5435 110 19 assume

3440 5465 64 25 very
3527 5459 104 24 serious
3655 5462 180 31 proportions.
3873 5462 57 26 The
3955 5464 113 26 farmers

3438 5493 78 27 could
3542 5499 48 21 not
3615 5494 63 28 hear
3702 5497 30 26 it.
3758 5497 54 27 and
3831 5497 27 28 in
3885 5507 84 29 many
3995 5509 75 19 cises

3438 5530 161 29 abandoned
3619 5533 70 27 their
3708 5534 127 34 holdings
3855 5537 51 27 and
3930 5539 140 28 sacrificed

3436 5570 163 35 everything
3618 5577 27 22 to
3664 5577 44 29 get
3727 5573 41 27 rid
3787 5574 31 26 of
3827 5574 46 28 the
3887 5575 114 30 incubus
4013 5586 6 24 ;
4040 5588 30 16 so

3438 5608 59 25 that
3512 5608 44 26 the
3570 5609 65 33 only
3657 5619 95 17 means
3776 5612 48 26 left
3843 5621 58 19 was
3919 5619 28 21 to
3965 5620 44 27 get
4024 5615 47 27 the

3438 5644 186 29 Government
3638 5652 27 23 to
3678 5647 141 36 purchase.
3856 5650 38 28 Of
3908 5660 94 20 course
4021 5653 47 28 the

3436 5683 162 28 authorities
3611 5694 69 19 were
3694 5686 59 28 well
3767 5696 87 19 aware
3864 5688 30 28 of
3904 5690 73 28 their
3983 5701 87 19 worse

3437 5720 65 28 than
3517 5721 214 34 wortlilessness,
3745 5725 102 33 having
3859 5737 15 16 a
3889 5727 50 28 fair
3951 5730 75 26 stock
4043 5731 32 27 of

3436 5760 181 36 unprofitable
3630 5761 93 29 article
3736 5767 25 23 of
3776 5763 60 29 that
3853 5765 164 37 description
4031 5779 36 17 on

3436 5798 72 27 hand
3522 5807 6 20 ;
3548 5809 29 15 so
3592 5800 58 26 that
3668 5803 28 25 to
3709 5801 79 27 effect
3800 5812 15 17 a
3828 5803 56 27 sale
3903 5814 55 17 wa>
3972 5815 16 17 a
4001 5815 67 19 verv

3437 5835 106 27 ticklish
3558 5838 150 34 operation,
3721 5848 28 17 as
3763 5840 20 26 it
3798 5849 53 19 was
3875 5842 64 30 only
3962 5852 91 20 reason-

1407 90 117 41 THE
1581 95 183 39 LYELL
1820 96 184 45 TIMES,
2058 91 306 46 SATURDAY,
2422 90 298 41 FEBRUARY
2776 104 56 38 27,
2894 94 101 38 1886.

207 228 233 32 Government
461 229 101 32 Notic
566 236 44 25 cs.

198 348 24 26 v
226 369 5 8 '
339 323 147 96 ffiii

183 438 26 28 M
231 438 23 28 A
275 437 12 28 T
307 436 22 29 L
394 437 65 29 NO
480 438 20 28 T
520 437 118 29 ICE.

98 534 107 29 mai:
228 534 7 26 ]
242 540 75 21 .et-er
334 534 53 26 ilox
404 534 51 26 will
471 533 31 27 l>e
634 533 37 27 for
680 532 43 28 the

187 572 126 33 ilespuicii
340 572 29 25 <it'
393 571 236 34 CoiTespondenee
655 572 68 26 from

97 616 44 21 tin-
159 610 71 27 liVt'll
251 609 51 28 Offi
358 616 25 20 to
406 610 43 26 the
471 610 136 33 following
624 609 99 37 places,

96 649 52 28 aiul
166 647 77 29 Mails
256 650 94 28 arrive,
365 659 30 17 as
414 648 86 28 under
512 656 5 19 :

327 709 150 19 OUT'VAIiDS
487 708 5 19 :

132 750 52 27 Fur
215 749 145 28 We-tnort.
394 749 76 27 Tn:m'
473 759 7 11 r
482 749 68 27 ahini
583 749 141 28 Junction,

96 787 153 28 ('roivtdun.
273 788 40 27 Bo
323 789 119 27 ittnan's,
613 787 53 27 and
687 787 33 27 all

96 826 128 28 southern
244 825 242 37 correspondence:
508 824 122 38 Sunday,
647 825 55 28 Wed-

96 864 103 37 nesday
213 865 53 28 and
282 865 43 28 Fri
335 864 56 36 lav.,
405 872 26 21 at
445 867 16 25 0
475 875 63 17 a.m.

132 903 54 28 For
209 903 116 28 White's
346 903 87 33 Point,
457 904 68 27 Fern
550 903 71 28 Flit.
642 903 82 28 Owen

98 942 91 31 Biver,
211 941 111 29 Nelson,
344 941 53 28 and
419 942 34 27 all
475 942 129 27 northern
627 950 84 19 corres-

97 980 139 35 pondence
246 987 5 19 :
273 980 133 36 Tuesday,
420 979 143 36 Thursday
572 978 52 28 and
635 979 75 27 Satur-

97 1018 65 35 day,
176 1023 24 22 at
219 1018 58 27 1.30
290 1027 63 26 p.m.

136 1056 52 28 For
195 1056 156 28 Melbourne
359 1055 52 29 and
421 1056 152 28 Australian
588 1055 139 29 Colonies:

295 1102 25 22 at
334 1098 16 27 9
363 1105 64 19 a.m.

300 1156 83 17 MAILS
409 1155 101 18 ARRIVE

135 1193 81 29 From
240 1192 146 38 Westport,
408 1192 159 34 lnrm<?ahrta
589 1192 139 30 .Junction.

100 1232 155 28 Cvonadnn,
264 1232 167 30 Boatman's,
441 1232 192 30 Beefton,&e.:
647 1232 68 25 Tr.es-

100 1269 62 35 day.
176 1267 143 38 Thursday
333 1267 51 29 and
401 1268 145 37 Saturday,
559 1274 25 22 at
600 1270 15 25 '2
630 1277 64 28 p.m.

135 1308 81 27 From
239 1307 114 28 White's
375 1309 88 29 Point,
479 1309 67 26 Fern
564 1308 68 29 Flat,
647 1308 80 27 Owen

101 1345 89 29 Biver.
206 1345 109 31 Nelson,
388 1353 5 18 :
414 1345 122 35 Sunday,
548 1345 180 36 Wednesday,

101 1384 51 26 and
169 1383 109 34 Friday,
292 1389 26 21 at
333 1385 61 25 9.30
407 1393 63 17 a.m.

136 1421 81 28 From
232 1420 146 36 Longford,
394 1420 167 32 Murchison,
576 1420 52 30 and-

100 1460 100 28 liitaki:
223 1460 170 35 Wednesday
406 1461 53 27 and
484 1462 121 33 Sunday,
619 1464 28 24 at
670 1462 60 26 9.30

99 1506 66 17 a.m.

326 1533 38 30 11.
385 1533 32 30 G.
437 1532 225 35 YOUNGMAN,

519 1573 177 28 Postmaster.

152 1781 159 29 MISSING
337 1781 168 30 FRIENDS
531 1781 148 30 NOTICE.

101 1875 286 65 INFORMATION
409 1876 151 38 respecting
573 1874 45 31 the
632 1874 84 31 where-

174 1915 97 29 abouts
284 1917 52 27 niul
351 1917 158 34 occupation
524 1916 30 27 of
569 1917 46 26 the
635 1916 80 27 under-

100 1955 157 26 mentioned
273 1964 110 23 persons
403 1955 22 25 is
448 1955 162 26 WANTED
632 1954 35 34 by
686 1954 46 27 the

101 1992 141 36 Secretary
256 1992 30 27 of
296 1992 45 27 the
356 1992 117 28 General
488 1992 64 28 Post
565 1992 82 28 Office
658 1999 5 20 :

133 2040 25 27 J.
175 2041 32 26 A.
227 2041 116 27 Crofts.
381 2040 52 27 His
453 2040 59 27 wife
530 2040 120 35 inquires
665 2040 67 27 from

169 2078 89 26 Grove
296 2077 68 28 Hill,
402 2077 67 27 Woo
480 2077 77 32 Iford,
596 2077 136 32 England.

169 2114 54 29 She
242 2114 53 29 last
316 2114 143 29 addressed
482 2114 57 29 him
562 2119 28 24 at
604 2114 112 35 Welling-

167 2159 57 29 ton,
238 2154 83 28 ahont
340 2154 92 28 March
447 2154 60 29 last.

323 2202 38 26 H.
381 2203 33 25 G.
436 2202 226 31 YOUXGMAN,

520 2239 177 25 Postmaster.

248 2326 340 32 NOTIFICATION.

98 2426 305 54 Now
422 2428 314 63 Open

356 2545 112 19 MESSRS.

99 2581 414 55 IIALLKNSTEIN
568 2581 163 55 BROS.

117 2653 95 26 Desire
226 2658 27 21 to
266 2652 101 27 inform
382 2651 45 28 tlie
442 2652 133 27 residents
590 2652 29 27 of
637 2652 80 36 Lyell

167 2689 54 28 and
235 2689 184 36 surrounding
432 2689 119 28 districts
570 2689 60 28 tliat
649 2699 15 18 a

136 2738 22 28 It
178 2738 24 28 E
222 2738 21 28 T
263 2738 22 28 A
306 2738 12 28 I
339 2737 22 29 L
456 2736 242 31 BRANCH

360 2784 33 13 nr
412 2783 54 14 tuv

238 2813 114 38 NEW
375 2813 222 38 ZEALAND

105 2867 304 76 Clothing
440 2867 297 75 Factory

340 2963 59 22 HAS
421 2963 81 23 BEEN

106 3008 141 50 Opened
265 3007 36 38 in
329 3008 87 37 New
444 3007 189 49 Buildings
653 3020 85 24 near

171 3060 146 53 Empire
346 3060 115 47 Hotel,
490 3060 91 40 West
581 3063 89 50 port.

143 3159 71 24 izsr
301 3149 92 31 Goods
469 3150 117 37 Factory
606 3149 99 29 Prices.

109 3245 44 30 All
167 3247 108 28 Gooods
288 3254 45 20 are
348 3244 111 29 Marked
478 3244 29 28 in
530 3244 78 28 Plain
629 3243 112 37 Figures

407 3284 42 27 for

112 3329 234 45 g£TNETT
388 3328 134 40 CASH
572 3328 171 38 ONLY!

111 3415 61 35 Any
186 3413 93 29 article
299 3411 162 40 purchased,
475 3411 55 29 aud
543 3415 49 26 not
604 3411 138 38 approved

110 3454 35 30 of,
172 3453 54 28 will
250 3451 33 30 be
308 3451 158 34 exchanged
491 3451 66 29 with
590 3451 45 28 the
666 3460 77 19 same

110 3495 128 33 coartesy
253 3490 64 29 with
332 3489 89 28 which
433 3493 23 24 it
468 3498 55 19 was
542 3488 68 35 sold,
623 3498 31 18 or
665 3488 24 29 if
699 3488 30 29 de-

172 3529 69 28 sired
255 3530 44 27 the
314 3538 99 26 money
428 3528 54 28 will
497 3528 30 28 be
541 3527 138 29 returned.

112 3568 59 27 The
185 3578 107 17 success
306 3567 88 27 which
409 3566 50 28 has
472 3566 134 28 attended*
614 3566 46 28 the
678 3566 65 28 New

148 3607 118 29 Zetland
292 3606 129 34 Clothing
446 3606 141 38 Factory's
619 3605 91 30 Retail

181 3646 140 28 Branches
346 3648 26 24 in
405 3645 138 33 Dnnedin,
572 3645 87 27 Christ-

216 3684 113 30 church,
355 3683 175 36 Wellington,
552 3683 69 28 Auck-

251 3723 74 31 land,
339 3722 54 29 and
412 3722 78 29 other
511 3726 96 30 towns,

280 3761 75 29 leads
361 3761 46 27 the
414 3761 164 35 proprietors

320 3804 29 23 to
363 3798 101 28 believe
478 3798 61 28 that

349 3836 76 28 there
432 3836 82 27 exists

424 3883 16 19 a

115 3921 248 40 Praiseworthy
376 3921 110 31 desire
499 3928 45 23 on
553 3920 60 31 the
624 3921 78 38 part
714 3919 37 32 of

163 3968 59 32 the
235 3966 116 40 public
363 3968 36 30 to
412 3970 189 35 encourage
613 3965 86 31 New

246 4012 151 31 Zealand
420 4010 200 31 Industries.

118 4062 155 37 Especially
286 4061 90 28 where
390 4060 122 37 superior
525 4059 164 34 advantages
703 4068 45 18 are

153 4100 109 30 offered,
276 4100 54 28 and
349 4109 68 28 your
429 4103 112 32 support
555 4100 22 26 is
590 4098 123 28 solicited

222 4149 33 18 on
271 4139 53 28 this
342 4138 216 34 understanding
570 4137 74 35 only.

208 4191 37 30 T.
262 4188 438 39 BLENNERHASSETT,

316 4235 131 35 Manager
460 4234 138 37 Westport
612 4233 118 29 Branch.

120 4314 153 28 Wholesale
288 4313 96 28 Stocks
396 4316 28 24 to
438 4311 82 28 select
534 4313 68 26 from
614 4311 28 27 in
656 4311 36 28 all
701 4320 50 18 our

120 4352 148 30 Branches.
306 4351 84 28 NOW
410 4350 109 32 OPEN,
544 4349 54 28 and
619 4349 45 28 the
685 4350 65 35 only

264 4389 111 29 address
388 4389 28 27 in
431 4389 26 27 W
458 4389 5 9 T
466 4391 102 33 estport
581 4388 22 27 is

121 4443 86 38 New
215 4440 180 46 Buildings
406 4451 83 27 near
499 4439 139 47 Empire
648 4438 104 38 Hotel

122 4539 247 31 CALENDAR
386 4538 90 30 FOR
494 4537 92 30 THE
610 4536 136 31 WEEK

294 4626 153 20 FEBRUARY.
449 4626 139 19 —MARCH.

274 5263 22 26 N
335 5263 22 26 0
393 5262 21 26 T
452 5262 157 27 ICE.

127 5352 133 59 IJIHE
308 5352 96 48 yY
340 5352 32 48 |
419 5352 60 26 EL
493 5352 22 26 L
566 5351 50 57 ip
633 5350 55 28 IM
703 5351 23 27 E
739 5352 18 26 S

127 5430 58 30 Can
207 5429 33 30 be
262 5428 128 30 obtained
413 5427 116 36 through
554 5427 45 30 the
620 5426 139 36 following

126 5479 15 17 a
143 5479 50 22 poll
199 5475 22 21 Is
234 5469 61 25 vvlio
310 5468 52 26 will
377 5468 56 26 also
446 5468 102 25 receive
570 5467 53 25 and
642 5467 115 25 forward

126 5506 92 28 orders
230 5506 42 27 for
283 5505 232 28 Advertisements
524 5514 31 17 or
564 5502 184 29 Subscribers:

162 5552 158 29 Murchison
323 5552 79 26 —Mr
418 5552 29 26 R.
464 5550 97 30 M'Xee

161 5592 173 35 Westport—
338 5590 41 27 Mr
392 5590 52 27 Job
460 5590 29 26 L.
503 5589 117 27 Mnnson

162 5629 116 28 ltecflon
280 5628 80 26 —Mr
373 5628 113 27 Ciiarles
498 5627 94 26 Cohen

164 5668 102 28 Nelson
268 5666 79 27 —Mr
363 5665 40 28 \V.
419 5665 36 27 H.

162 5705 255 37 Greyinouth-*—Mr
428 5704 27 28 J.
507 5724 5 7 .
529 5702 151 29 Parkinson

257 5802 96 26 Tekms
367 5808 32 19 of
414 5803 220 24 Subscription:

128 5850 52 29 Per
192 5850 122 27 Annum,
326 5849 26 26 in
366 5846 121 29 advance
620 5846 36 27 .11
694 5846 14 26 6
744 5846 17 26 0
