4176 5981
117 203 59 28 able
191 208 26 23 to
231 212 114 29 suppose
359 205 59 28 that
434 212 5 21 t
445 207 32 27 lie
491 211 54 24 rest
556 208 29 27 of
590 208 46 28 the
647 209 97 31 colony

116 243 90 28 would
228 242 61 29 kick
310 246 106 32 agaimt
439 257 28 16 so
486 248 101 35 utterly
606 249 138 29 one-sided

117 290 12 17 a
152 283 175 26 transaction.
365 284 55 27 hut
441 285 41 26 for
621 288 58 25 that
700 297 44 17 arc

117 319 66 28 d«rk
233 321 75 28 there
334 331 44 18 are
403 323 48 28 few
478 323 61 28 who
564 334 48 17 can
641 331 103 22 muster

117 358 145 35 eflronfery
283 360 51 26 like
348 370 12 16 ii
378 361 62 26 land
461 362 91 29 shark,
566 363 52 26 and
637 363 33 26 ho
689 364 52 25 and

117 395 42 29 his
173 395 55 41 ?:1
235 406 31 20 its
280 407 44 19 are
338 398 64 28 hotli
416 408 145 20 nuim.Tous
575 400 52 28 and
644 410 88 26 power

117 438 36 25 till
168 437 25 26 in
210 437 44 27 the
268 442 59 30 two.
336 438 115 28 Housps.
489 440 35 26 80
535 439 20 27 it
565 448 74 20 came
651 440 91 31 about,

116 479 53 20 two
183 474 116 27 sessions
312 476 133 32 ago,-that
458 477 64 26 with
538 476 81 36 Vogel
628 480 112 24 enlisted

115 522 35 17 on
167 512 68 28 their
249 513 65 31 side,
335 513 63 36 they
416 515 132 33 managed
568 521 28 21 to
614 516 127 34 engineer

115 551 46 25 the
185 552 43 25 bill
254 553 117 31 through
394 554 45 25 the
456 555 94 25 Lower
571 555 102 31 House,
688 556 51 25 and

115 588 21 26 it.
150 597 54 18 was
219 589 64 37 only
297 589 33 33 by
344 600 13 17 a
373 600 104 19 narrow
493 592 123 36 majority
625 592 59 28 that
696 593 45 27 the

119 627 91 34 Lpj.er
233 628 90 27 House
344 630 144 27 succeeded
515 632 26 25 in
568 633 172 34 temporarily

114 664 102 33 stilhng
236 666 46 26 the
305 667 121 27 swindle.
467 668 103 32 ]>uring
590 669 44 26 the
653 678 86 18 recess

114 702 46 28 the
183 713 79 18 seven
286 713 59 19 new
369 714 72 27 peers
462 715 69 20 were
553 707 113 30 cieited,
688 716 49 19 ane

113 742 78 25 imirk
205 742 45 27 tiie
265 743 90 27 result.
394 744 56 26 The
464 744 69 27 issue
548 755 54 17 was
624 746 109 28 adroith

113 783 48 31 put
183 779 35 28 oil
241 779 38 28 till
305 780 111 30 the-last
428 781 66 37 days
517 782 30 28 of
564 782 44 29 the
630 784 98 27 session

113 819 14 25 '1
136 818 33 27 he
187 818 91 36 Upper
291 821 94 27 House
399 822 93 34 passed
507 822 20 27 it
546 822 34 34 by
599 833 50 16 one
670 828 67 22 vote,

112 855 53 27 and
188 855 101 29 where,
310 866 45 24 my
380 858 106 27 readers
506 868 64 24 may
593 860 56 30 ask,
670 869 62 18 wer<

111 894 46 28 the
190 899 52 23 two
274 896 88 38 newly
387 897 104 28 created
519 897 97 30 Nelson
644 898 93 29 lords;'

111 931 58 29 The
200 934 75 27 Hon.
306 936 102 35 Joseph
441 936 149 36 Shepherd,
623 937 113 28 M.L.C..

111 970 79 29 voted
215 972 115 36 straight
355 974 40 28 for
419 973 45 30 the
495 974 140 38 purchase.
681 976 50 27 Th<

112 1010 74 26 Hon.
211 1010 26 27 J.
258 1012 43 26 W.
324 1012 146 28 Uarnicoat
488 1013 92 35 paired
605 1015 65 25 with
691 1015 39 27 tin

110 1046 75 30 Hon.
209 1048 32 28 la.
265 1049 148 38 Campbell,
435 1050 70 35 who,
532 1050 80 36 being
637 1051 94 34 largely

109 1087 147 29 interested
280 1089 28 28 in
334 1090 45 28 the
406 1089 76 34 lines,
513 1101 55 17 was
592 1091 142 36 precluded

109 1126 69 26 from
193 1126 110 34 voting;
324 1137 28 17 so
373 1128 60 27 that
456 1138 38 18 we
514 1129 67 27 have
601 1134 27 22 to
649 1130 86 27 thank

109 1172 50 19 our
181 1164 101 28 Nelson
305 1168 211 34 representative
536 1177 74 26 peers
628 1168 42 28 for
691 1169 40 27 tin

108 1207 75 21 extra
198 1202 131 28 infliction
352 1204 29 26 of
400 1213 72 18 more
492 1206 120 26 taxation
634 1210 27 22 to
683 1207 52 26 free

108 1238 130 30 southern
270 1240 63 29 land
364 1240 96 30 shaiks
482 1243 69 28 hvm
581 1240 86 31 their*
681 1243 50 38 just

106 1277 147 29 liabilities.
286 1280 52 33 Oh,
351 1280 103 28 Judas!
489 1281 51 33 Oh,

141 1353 86 29 There
240 1355 23 28 is
276 1363 65 28 very
351 1355 69 28 little
434 1356 53 28 else
501 1356 91 29 talked
607 1356 81 30 *bout
705 1358 25 28 in

106 1391 101 30 Kelson
227 1397 27 25 at
279 1393 45 29 the
343 1395 66 28 time
424 1395 13 27 1
451 1396 75 28 write
541 1396 47 28 but
606 1397 46 27 the
674 1397 51 28 Nib

105 1435 82 24 street
212 1432 121 36 tragedy,
358 1442 34 18 an
417 1435 108 34 inquest
562 1445 34 17 on
622 1445 50 18 one
707 1438 23 25 oi

105 1469 45 27 the
173 1469 107 28 victims
300 1470 80 36 being
402 1480 59 18 now
475 1473 27 26 in
526 1481 132 27 progress.
696 1475 34 26 So

103 1508 42 27 far
159 1518 28 18 as
199 1509 22 27 it
233 1508 49 29 has
294 1515 46 30 yet
361 1519 68 24 gone
443 1510 19 27 it
477 1511 77 28 tends
568 1517 26 22 to
609 1511 63 28 bear
684 1522 16 18 o
713 1518 14 21 it

103 1555 47 26 my
174 1548 122 26 remarks
321 1549 29 26 of
371 1549 50 26 last
453 1549 90 32 week;
562 1550 55 26 and
641 1550 88 35 public

102 1584 111 36 opinion
238 1585 22 27 is
290 1595 64 26 very
383 1586 214 37 condemnatory
626 1588 30 27 of
684 1589 45 27 the

101 1623 129 28 council's
261 1633 114 26 secrecy.
413 1624 56 28 The
500 1630 153 32 ratepayers
683 1636 45 18 are

101 1661 87 29 wroth
214 1665 27 25 at
267 1663 70 28 their
358 1663 146 36 municipal
524 1664 146 35 guardians
690 1665 39 28 for

101 1699 71 27 their
192 1700 102 33 having
313 1701 86 27 rased
414 1701 44 26 the
481 1702 122 27 needless
623 1703 61 27 loan
699 1703 27 27 in

100 1736 47 27 the
160 1736 60 29 first
233 1738 84 36 place,
330 1738 41 28 for
383 1738 45 27 the
442 1738 157 37 disposition
619 1741 30 26 of
664 1740 22 28 it
698 1741 27 27 in

100 1774 45 28 the
160 1776 107 32 second,
291 1776 54 29 and
367 1777 40 28 for
425 1777 70 28 their
515 1778 211 29 unaccountable

99 1813 100 29 silence
221 1824 28 20 as
272 1819 26 25 to
320 1816 70 28 their
402 1816 54 28 line
469 1817 30 28 of
517 1817 110 29 defence
640 1819 27 26 in
681 1818 45 29 the

99 1851 60 30 last.
197 1854 57 29 The
280 1855 89 37 public
395 1856 75 28 mind
491 1858 22 26 is
532 1857 28 27 in
581 1867 16 18 a
619 1858 107 27 restless

98 1896 69 22 state
190 1902 30 17 as
242 1898 28 22 to
291 1894 45 27 the
350 1894 125 35 probable
489 1901 58 21 cost
565 1900 27 22 to
611 1896 45 27 the
670 1906 41 17 cor-

96 1930 123 33 poration
234 1930 89 32 funds,
339 1932 46 26 but
407 1931 46 27 the
467 1932 104 28 council
591 1932 133 28 maintain

96 1976 17 18 a
137 1966 130 34 dignified
298 1969 115 35 silence;
435 1979 50 19 one
510 1971 148 28 councillor
682 1971 25 29 in-

96 2007 106 26 formed
213 2016 42 19 me
265 2007 59 28 that
336 2009 64 35 they
410 2009 52 27 had
474 2019 35 18 an
520 2011 204 28 unanswerable

96 2043 110 29 defence
220 2049 27 24 to
260 2046 37 27 all
312 2046 44 28 the
370 2047 112 34 charges
505 2047 96 29 hurled
620 2050 104 35 against

95 2082 87 32 them,
202 2083 48 29 but
269 2085 44 27 did
334 2089 47 24 not
395 2085 112 29 disclose
527 2087 44 27 the
591 2091 95 24 nature
699 2089 30 27 of

95 2119 55 27 this
164 2122 134 35 complete
312 2123 175 29 vindication.
525 2125 14 27 I
558 2134 115 28 suppose
686 2136 39 18 we

94 2158 56 27 will
175 2159 80 28 know
277 2171 75 17 so.ne
376 2162 30 27 of
430 2164 73 26 these
531 2163 75 35 d»ys,
628 2164 54 28 and
703 2166 23 27 it

94 2196 65 31 will,
182 2197 13 27 I
218 2198 68 38 fully
308 2203 103 34 expect,
425 2200 31 28 be
470 2210 74 20 some
567 2206 75 33 petty
656 2202 68 35 legal

93 2235 109 37 quibble
224 2237 66 29 born
312 2239 29 27 of
360 2239 45 29 the
427 2240 142 29 combined
589 2242 87 28 talent
698 2242 30 29 of

93 2275 47 25 the
155 2275 148 33 profession
317 2286 30 17 so
366 2279 165 34 extensively
550 2281 174 32 represented

93 2320 36 17 on
143 2311 45 28 the
202 2313 129 28 council's
345 2313 67 28 side.

127 2388 87 36 Many
255 2390 104 36 people,
405 2392 68 26 from
525 2393 196 28 conscientious

91 2426 126 32 motives,
249 2428 180 35 peculiarities
463 2430 29 28 of
512 2430 125 34 religion,
667 2432 54 27 and

91 2463 80 28 other
190 2474 102 24 causes,
307 2467 41 26 for
360 2475 85 28 many
467 2477 79 26 years
560 2467 122 37 objected
694 2472 27 24 to

91 2501 47 29 the
152 2502 69 29 form
235 2503 30 29 of
274 2504 64 29 oath
358 2505 192 30 administered
564 2512 27 23 to
604 2507 74 29 them
694 2509 26 27 in

91 2552 50 17 our
153 2548 91 23 courts
255 2544 30 27 of
287 2545 108 34 justice,
407 2551 27 22 at
445 2548 135 26 coroner's
590 2547 130 36 inquests,

91 2580 55 27 and
168 2583 78 26 other
267 2582 91 37 places
379 2583 89 29 where
481 2583 21 28 it
517 2583 22 29 is
563 2585 157 28 considered

91 2628 144 28 necessary
259 2621 42 28 for
324 2632 16 17 a
360 2632 63 19 man
447 2627 27 24 to
500 2623 31 28 be
553 2634 75 18 moue
653 2625 67 28 than

89 2656 151 37 ordinarily
270 2660 102 26 careful
401 2661 83 27 about
515 2661 42 26 his
588 2663 130 33 veracity.

89 2693 114 32 Thanks
224 2701 27 24 to
275 2696 43 30 Sir
340 2698 103 35 George
468 2698 73 39 Giey
560 2709 15 20 a
597 2698 47 31 bill
665 2709 55 20 was

89 2735 97 34 passed
200 2736 27 27 in
243 2738 65 26 1884
320 2737 141 35 legalising
478 2739 180 28 affirmations
690 2741 26 27 in

89 2767 53 32 Leu
169 2773 29 27 of
219 2774 89 27 oaths.
343 2775 38 27 As
400 2776 20 27 it
444 2776 109 28 became
576 2787 15 17 a
612 2783 61 30 part
693 2780 28 26 of

89 2810 45 27 the
149 2811 51 28 law
214 2813 29 26 of
254 2813 44 27 the
314 2813 63 28 land
391 2813 76 29 those
486 2815 59 28 who
559 2815 160 29 administer

88 2848 46 27 the
148 2849 52 26 law
214 2851 84 31 ought
311 2852 27 25 in
352 2861 123 18 common
497 2852 113 28 fairness
624 2858 27 23 to
670 2855 46 26 the

87 2886 92 35 public
210 2893 28 22 at
263 2888 73 35 large
361 2893 27 22 to
412 2889 69 28 have
508 2895 27 23 at
545 2883 93 35 'hand
669 2892 46 27 the

87 2932 144 27 necessary
251 2926 85 28 forms
359 2927 76 28 when
459 2929 123 36 required
596 2936 6 26 ;
621 2929 47 28 but
682 2938 34 19 on

88 2967 53 25 two
167 2965 139 29 occasions
336 2966 83 36 lately
450 2967 46 29 the
524 2968 66 29 time
620 2969 30 28 of
672 2969 44 28 the

86 3006 76 21 court
176 3002 54 26 and
239 3003 66 33 jury
318 3004 68 26 have
402 3006 64 24 been
487 3006 101 26 wasted
602 3007 113 25 because

85 3037 47 26 the
145 3037 56 27 said
216 3042 76 23 court
306 3039 45 27 did
364 3042 47 24 not
426 3041 68 26 have
509 3042 44 26 the
567 3046 101 23 statute
687 3046 28 23 at

87 3073 80 30 hand.
205 3075 57 29 The
285 3076 208 40 acknowledged
515 3078 59 30 lack
593 3080 31 29 of
644 3079 71 30 work

85 3113 29 27 in
129 3114 44 29 the
184 3114 98 29 H.M.'s
290 3115 173 37 department
476 3118 117 36 perhaps
603 3118 112 29 induces

85 3161 16 17 a
115 3151 85 28 desire
214 3158 26 22 to
253 3153 34 28 do
301 3154 59 28 that
373 3155 68 28 little
464 3156 28 27 in
506 3166 15 17 a
541 3157 174 35 perfunctory

87 3198 134 25 manner;
250 3191 46 28 but
320 3194 21 26 it
366 3192 22 27 is
412 3203 141 27 annoying
578 3199 26 23 to
626 3195 89 35 jurors

84 3227 62 29 who
171 3229 69 28 have
262 3229 71 29 their
355 3241 59 18 own
430 3231 123 29 business
572 3236 27 24 to
619 3234 95 27 attend

85 3270 36 23 to.
562 3272 118 28 Korari.

120 3305 110 34 JSelson,
244 3307 69 29 22nd
328 3307 147 32 February.

107 3376 205 38 [Continuation
327 3380 29 27 of
369 3381 88 31 News,
472 3390 43 19 see
535 3382 47 26 4tli
601 3381 89 38 Page.]

1298 80 116 40 THE
1469 83 186 39 LYELL
1707 84 184 44 TIMES,
1947 80 309 50 SATURDAY,
2313 84 299 46 FEBRUARY
2664 103 56 38 27,
2778 94 102 37 1886.

242 3458 135 40 Mining
404 3460 151 31 Notices.

150 3537 249 29 APPLICATION
420 3540 73 28 FOR
513 3540 130 28 LEASE.

413 3638 81 27 Owen
510 3637 122 29 District.

365 3676 63 28 15th
441 3676 147 38 February,
604 3679 74 28 1880.

115 3727 40 27 To
173 3735 56 19 the
249 3727 127 29 Warden
395 3736 33 19 at
450 3728 204 29 Murchison—

82 3775 37 59 I
138 3775 158 27 HEREBY
319 3775 82 35 apply
424 3775 41 27 for
482 3785 14 18 a
519 3777 193 36 Gold-Mining

156 3813 83 28 Lease
260 3813 29 28 of
308 3813 46 28 the
377 3812 78 30 lands
476 3814 164 29 hereinafter
654 3815 42 29 des-

82 3851 99 34 cribed,
194 3853 28 26 in
237 3852 163 28 accordance
413 3853 64 28 with
498 3853 45 28 the
556 3855 137 28 Gold-Min-

80 3889 49 34 ing
142 3890 98 27 Leases
255 3891 175 34 Regulations
444 3892 29 25 of
490 3892 67 26 New
578 3893 130 32 Zealand,

80 3927 54 27 and
158 3928 13 26 I
193 3937 87 25 agree,
305 3937 72 26 upon
397 3928 47 28 the
465 3930 129 35 approval
616 3931 30 26 of
657 3931 53 27 this

79 3965 175 36 application,
277 3970 26 24 to
317 3972 109 22 execute
442 3976 16 18 a
472 3968 83 27 Lease
576 3977 71 27 upon
664 3970 45 27 the

79 4003 72 27 basis
165 4003 106 28 therein
286 4004 95 32 stated,
397 4005 22 26 if
430 4005 43 27 the
491 4006 139 27 Governor
640 4006 70 28 shall

80 4040 79 29 think
173 4041 31 30 fit
218 4046 27 24 to
258 4048 81 29 grant
353 4042 44 28 the
411 4052 83 19 same.

279 4090 170 28 MATHEW
467 4092 139 32 BYRNE,

522 4131 153 36 Applicant.

113 4226 89 29 Name
225 4226 53 29 find
293 4226 109 30 address
415 4227 27 28 in
457 4227 47 29 full
518 4228 29 29 of
565 4229 145 38 Applicant

148 4266 156 27 —Matliew
317 4267 101 34 Byrne,
433 4267 92 28 Owen.

115 4317 74 37 Style
215 4317 86 28 under
325 4317 89 29 which
438 4318 23 29 it
482 4318 23 28 is
528 4320 130 29 intended
683 4325 27 24 to

147 4357 117 28 conduct
294 4356 45 28 the
376 4356 123 31 business
549 4360 158 36 Enterprise

148 4395 71 27 Gold
233 4396 108 35 Mining
353 4396 146 37 Company.

111 4448 104 28 Extent
244 4448 30 28 of
300 4447 105 37 ground
435 4449 108 36 applied
574 4450 83 28 for—

148 4495 82 18 acres.

112 4539 149 27 Minimum
282 4538 116 29 number
411 4539 30 27 of
450 4549 63 18 men
534 4540 131 35 proposed
681 4546 26 22 to

146 4575 32 28 be
193 4577 141 35 employed
347 4576 35 37 by
396 4576 45 27 the
462 4577 96 28 Lessee
560 4579 89 26 —For
663 4579 44 28 the

145 4616 60 26 first
231 4615 96 27 twelve
353 4614 122 33 months,
501 4617 15 25 2
542 4624 80 25 men;
647 4618 44 27 sub-

146 4652 153 38 sequently,
324 4652 81 29 when
434 4653 28 27 in
494 4653 49 28 full
566 4654 83 35 work,
675 4657 32 26 12

145 4702 74 18 men.

109 4744 124 28 Amount
253 4742 30 29 of
301 4742 99 38 capital
419 4744 132 37 proposed
572 4748 26 25 to
617 4744 32 30 be
663 4745 26 29 in-

144 4783 92 28 vested
238 4784 161 30 —£15,000.

111 4833 133 37 Froposed
268 4833 78 28 mode
367 4833 28 28 of
407 4834 122 35 working
548 4834 45 28 the
607 4836 63 28 land
673 4853 33 3 —

144 4873 155 33 Tunneling
312 4871 53 29 and
379 4872 108 37 sinking
502 4874 41 28 for
555 4878 103 32 quartz.

110 4925 105 29 Precise
229 4923 248 37 Locality—North
497 4926 52 28 and
564 4926 141 38 adjoining

142 4964 47 28 the
203 4963 105 28 Golden
324 4963 80 28 Point
417 4964 71 28 Gold
503 4965 106 35 Mining
623 4967 59 27 Com-

142 5010 83 28 pany,
240 5002 83 26 Owen
339 5001 89 28 River.

106 5054 78 28 Time
205 5053 40 28 for
268 5052 88 28 which
377 5052 70 30 lease
468 5054 22 27 is
509 5054 193 37 required—ls

139 5102 89 23 years.

106 5144 78 27 Time
224 5141 31 29 of
288 5142 188 36 commencing
515 5142 188 36 operations—

141 5181 193 36 Immediately
348 5191 34 18 on
395 5181 128 36 granting
534 5181 30 28 of
574 5181 80 29 lease.

106 5287 57 26 The
186 5285 83 28 above
284 5285 163 35 application
462 5285 53 27 and
537 5295 56 25 any
615 5285 71 36 objec-

71 5327 57 27 tion
142 5324 106 29 thereto
289 5323 27 28 ill
327 5323 31 28 be
369 5323 82 28 heard
460 5327 29 24 at
498 5323 46 29 the
558 5323 143 30 Warden's

70 5365 83 27 Office
167 5368 28 23 at
210 5363 166 33 Murchison,
389 5372 34 18 on
438 5363 184 34 TUESDAY,
637 5363 62 28 13th

68 5404 24 28 A
97 5402 96 33 PHIL,
208 5403 74 27 1886.

104 5456 62 34 Any
187 5463 97 26 person
307 5453 119 32 desiring
448 5456 27 24 to
496 5452 87 37 object
603 5457 28 24 to
654 5454 46 27 the

68 5494 72 28 issuH
160 5492 29 27 of
200 5501 15 18 a
231 5491 106 34 Mining
356 5491 84 27 Lease
455 5500 72 27 upon
551 5492 44 26 the
616 5491 84 28 above

69 5532 163 38 application
260 5534 82 29 must,
363 5530 95 29 within
482 5532 33 27 30
539 5530 71 30 clear
633 5530 68 38 days

67 5572 70 25 from
158 5570 46 26 the
224 5570 62 25 date
300 5570 29 24 of
339 5569 65 26 such
428 5569 174 34 application,
623 5574 78 21 enter

68 5609 42 28 his
131 5607 134 37 objection
288 5609 28 26 at
337 5605 47 29 the
406 5605 143 30 Warden's
562 5603 90 32 'Office
672 5610 28 25 at

68 5649 87 34 Lyell.

204 5695 204 28 ALFRED-A.
428 5695 201 33 CORFIELD,

459 5734 50 30 Pro
528 5734 128 29 Warden.

170 5787 142 29 Warden's
332 5786 92 31 Office,

99 5827 87 35 Lyell,
200 5826 66 28 23rd
280 5825 148 37 February,
445 5826 74 28 1880.

950 206 136 40 Mining
1105 208 149 31 Notices.

846 287 252 31 APPLICATION
1121 293 71 27 FOtt
1212 294 128 27 LEASE.

1114 395 80 29 Owen
1210 396 121 29 District.
1337 399 6 15 !
1344 395 2 30 -.

1059 435 64 28 20th
1138 436 148 34 February,
1302 439 73 26 IBBC.

811 481 38 27 To
869 489 55 19 Tiir.
945 483 126 28 Warden
1091 493 33 19 at
1149 485 205 29 Murchlson—

778 529 34 28 T
834 529 158 30 HEREBY
1015 533 81 35 apply
1119 533 40 27 for
1178 543 16 18 a
1216 534 195 37 Gold-Mining

851 567 84 28 Lease
954 570 29 25 of
1001 570 45 26 the
1069 571 78 26 lands
1167 571 163 28 hereinafter
1350 574 44 26 des-

776 603 98 32 cribed,
889 606 26 28 in
930 607 162 29 accordance
1107 608 64 29 with
1194 609 45 29 the
1256 609 136 30 Gold-Min-

776 644 46 31 ing
836 644 97 27 Leases
948 646 177 33 Regulations
1138 648 30 26 of
1190 649 66 26 New
1279 650 129 29 Zealand,

776 680 50 27 and
846 678 14 29 I
882 691 87 21 agree,
992 692 72 27 upon
1088 684 45 27 the
1157 686 126 35 approval
1309 687 30 27 of
1356 686 54 28 this

775 719 174 36 application,
963 725 27 23 to
1004 726 108 24 execute
1128 733 14 17 a
1163 723 85 29 Lease
1269 734 72 26 upon
1364 725 45 28 the

776 758 68 26 basis
858 758 104 27 therein
978 761 96 29 stated,
1089 761 18 26 if
1122 761 44 26 the
1182 762 139 28 Governor
1337 762 71 28 shall

776 795 76 29 think
867 796 31 29 fit
911 803 27 22 to
953 802 79 32 grant
1047 798 45 29 the
1106 808 84 20 same.

975 850 171 27 MATHEW
1164 851 139 33 BYRNE,

1215 889 156 37 Applicant.

808 977 88 29 Name
910 978 52 29 and
976 978 110 30 address
1099 980 27 28 in
1141 979 47 29 full
1210 980 30 29 of
1260 981 144 38 Applicant

841 1018 157 26 —Matliew
1011 1018 101 34 Byrne,
1127 1020 93 26 Owen.

809 1067 75 39 Style
908 1068 87 30 under
1019 1068 89 30 which
1131 1070 20 29 it
1177 1070 22 29 is
1225 1071 130 30 intended
1378 1075 28 26 to

840 1108 115 27 conduct
969 1109 45 27 the
1028 1109 123 28 business
1214 1112 108 26 Braken
1345 1112 60 27 Hill

842 1146 68 28 Gold
925 1146 108 36 Mining
1046 1147 151 38 Company.

805 1197 102 28 Extent
932 1199 30 26 of
985 1199 104 35 ground
1125 1201 107 34 applied
1267 1201 41 26 for
1320 1202 84 33 —l6£

840 1244 83 19 acres.

805 1287 147 28 Minimum
967 1288 116 28 number
1096 1289 29 27 of
1136 1298 62 19 men
1218 1290 132 35 proposed
1373 1295 27 22 to

837 1326 31 27 be
882 1326 143 35 employed
1040 1326 34 36 by
1089 1328 46 27 the
1150 1327 187 28 Lessee—For
1357 1328 45 28 the

836 1363 58 28 first
925 1363 94 29 twelve
1049 1364 113 28 months
1191 1366 25 29 2.
1240 1374 82 25 men;
1341 1366 45 27 sub-

836 1402 149 37 sequently,
1011 1402 79 29 when
1116 1404 28 27 in
1174 1404 49 28 full
1253 1404 84 34 work,
1370 1406 31 26 15

837 1450 73 18 men.

800 1491 122 28 Amount.
936 1501 14 17 o
955 1491 10 16 r
983 1491 97 35 capital
1105 1492 132 37 proposed
1257 1496 27 25 to
1306 1492 32 30 be
1360 1493 27 29 in-

835 1530 124 28 vested—
963 1531 125 32 £12,000.

799 1581 136 35 Proposed
950 1581 80 28 mode
1043 1581 30 28 of
1088 1581 123 34 working
1232 1582 46 28 the
1299 1582 101 29 land—

832 1619 155 36 Tunneling
1000 1619 54 29 and
1068 1620 108 34 sinking
1188 1620 42 28 for
1242 1627 104 30 quartz.

798 1672 105 28 Precise
929 1672 315 35 locality—North-west
1266 1674 53 28 and
1348 1674 30 29 ad-

827 1710 108 34 joining
948 1710 47 27 the
1016 1711 158 34 Enterprise
1198 1712 71 27 Gold
1290 1712 108 36 Mining

830 1747 151 37 Company,
996 1748 82 28 Owen
1093 1748 93 28 River.

796 1800 79 29 Term
894 1801 41 29 for
955 1801 90 29 which
1068 1801 71 29 lease
1158 1801 24 29 is
1203 1802 192 38 required—ls

829 1849 88 27 years.

795 1892 78 27 Time
903 1892 31 27 of
969 1894 192 35 commencing
1201 1895 191 35 operations—

828 1929 184 37 immediately
1026 1940 35 17 on
1075 1933 126 35 granting
1214 1932 29 27 of
1264 1942 69 17 ease.

795 2032 57 29 The
877 2032 83 30 above
984 2034 163 36 application
1163 2035 54 28 and
1230 2045 55 27 any
1298 2036 72 38 objec-

760 2072 56 27 tion
830 2072 105 28 thereto
948 2073 54 28 will
1024 2072 85 30 heard
1130 2077 28 25 at
1178 2074 47 29 the
1253 2075 140 29 Warden's

760 2110 83 28 Office
865 2115 27 22 at.
915 2111 168 34 Murchison,
1103 2122 36 18 on
1164 2113 135 36 Tuesday,
1328 2115 64 27 13th

760 2148 85 36 April,
859 2149 75 28 1883.

795 2199 62 37 Any
873 2209 98 27 person
993 2200 122 37 desiring
1136 2205 28 25 to
1186 2202 88 37 object
1296 2206 27 25 to
1346 2204 46 28 the

758 2238 70 29 issue
842 2240 30 27 of
882 2250 14 17 a
911 2239 108 36 Mining
1036 2241 86 29 Lease
1142 2251 72 27 upon
1237 2243 46 28 the
1306 2243 85 29 above

758 2277 164 34 application
946 2283 84 26 must,
1054 2279 96 26 within
1172 2281 34 25 30
1228 2281 72 26 clear
1322 2282 67 34 days

757 2313 70 27 from
839 2314 45 26 the
898 2314 62 28 date
983 2315 29 27 of
1030 2316 66 26 such
1120 2317 173 34 application,
1315 2323 77 22 enter

757 2350 43 28 his
819 2351 134 36 objection
972 2357 28 24 at
1021 2353 47 28 the
1089 2353 143 29 Warden's
1254 2355 84 29 Office
1362 2361 29 23 at

758 2389 87 36 Lyell.

894 2441 151 28 ALFRED
1063 2443 33 27 A.
1120 2443 200 34 CORFIELD,

1151 2481 53 28 Pro
1217 2481 129 29 Warden.

892 2531 143 30 Warden's
1045 2531 97 37 Office,

790 2570 88 36 Lyell,
892 2571 65 27 24th
972 2571 148 35 February,
1140 2573 45 28 188
1185 2573 31 28 G.

927 2660 118 29 Public
1063 2661 152 30 Notices.

946 2739 225 29 NOTICE

754 2840 109 58 FOR
881 2841 166 34 SALE—(A
1060 2843 201 35 Bargain.)—A
1273 2845 92 28 VALU-

847 2879 99 27 ABLE
968 2879 182 29 SLUICING
1169 2881 128 32 CLAIM,
1322 2883 52 27 situ-

753 2925 44 17 ate
810 2920 28 23 at
851 2917 46 27 the
906 2916 51 28 Oid
966 2917 140 36 Diggings,
1114 2919 94 27 Bulier
1220 2920 90 33 Kiver,
1322 2930 65 17 near

753 2954 126 30 Berlin's.

788 3003 86 26 There
888 3004 22 25 is
934 3013 16 16 a
971 3004 70 34 gool
1065 3009 85 22 water
1176 3014 71 22 race,
1261 3007 126 33 carrying

751 3037 76 27 three
841 3040 187 26 Government
1044 3040 93 34 heads,
1148 3041 117 35 brought
1278 3042 30 26 in
1317 3043 68 26 from

752 3084 16 20 a
781 3076 191 38 never-failing
984 3086 102 21 source.

787 3123 74 33 Also,
876 3134 15 18 a
911 3125 74 36 large
1007 3126 162 29 substantial
1193 3127 74 34 dam,
1280 3129 107 36 mining

753 3162 76 34 tools,
844 3165 45 25 &e.

788 3252 170 30 Reasonable
972 3259 92 28 terms,
1078 3265 29 18 as
1126 3265 48 27 per
1193 3261 193 32 arrangement

753 3290 35 38 by
802 3292 132 37 applying
946 3296 63 25 to—

978 3346 173 29 WILLIAM
1171 3348 142 34 HANNA,

1233 3400 116 28 Carrier.

947 3479 252 30 NOTICE.

768 3581 24 27 A
813 3581 46 27 LL
895 3582 195 28 ACCOUNTS
1121 3584 129 28 OWING
1281 3590 26 23 to
1338 3587 46 27 the

853 3631 278 31 UNDERSIGNED
1140 3634 102 29 MUST
1253 3635 31 29 be
1295 3636 89 29 PAID

752 3684 146 28 WITHIN
931 3686 76 28 ONE
1045 3687 136 29 MONTH
1210 3688 69 29 from
1312 3690 72 34 date,

750 3735 143 30 otherwise
919 3737 71 36 legal
1010 3739 175 37 proceedings
1210 3741 55 27 will
1286 3741 31 29 be
1342 3743 29 27 in

750 3788 112 27 stituted
874 3787 40 28 for
924 3798 138 27 rocovery.

783 3839 88 29 Those
883 3841 147 30 interested
1043 3842 55 29 will
1116 3843 91 37 please
1220 3848 94 34 accept
1327 3845 55 29 this

749 3900 29 18 as
792 3900 16 18 a
821 3892 65 27 linal
897 3893 98 28 notice.

977 3944 166 29 EDWARD
1162 3946 182 31 CARROLL.

783 3996 56 34 Lye
843 3996 27 33 11,
884 3996 124 34 January
1022 3998 73 31 30th,
1111 3999 74 27 1886.

791 4080 142 29 CATTLE
961 4082 185 29 TIiESPASS
1164 4084 80 32 ACT,

748 4185 180 59 NOTICE
942 4186 23 27 is
977 4187 101 35 hereby
1092 4189 80 31 given
1187 4189 62 27 that
1267 4199 35 18 on
1324 4191 55 26 and

852 4222 67 29 after
932 4223 46 28 the
999 4224 64 27 13th
1087 4225 104 34 Marsh,
1213 4227 66 28 1886
1301 4229 74 32 next,

748 4260 44 28 the
811 4262 151 35 provisions
983 4263 31 27 of
1030 4265 16 14 «■
1059 4264 57 28 The
1136 4265 88 28 Cattle
1246 4266 131 36 Trespass

745 4298 60 32 Act,
821 4301 74 31 1868,
908 4300 54 27 will
985 4300 32 27 be
1040 4302 125 27 enforced
1186 4312 37 18 on
1245 4312 47 26 my
1304 4304 72 31 land,

746 4336 78 37 being
838 4338 181 35 Agricultural
1034 4339 83 30 Lease
1132 4340 99 30 known
1245 4342 116 29 as.Mafca-

746 4377 55 26 taki
827 4378 84 35 Ferry
936 4378 127 33 Reserve,
1085 4380 159 28 Murchison
1271 4382 103 35 Survey

746 4414 120 29 District.

778 4453 63 28 And
866 4453 59 29 that
944 4454 21 28 it
985 4454 24 29 is
1029 4464 47 19 niv
1098 4457 132 28 intention
1251 4461 27 25 to
1292 4457 81 29 claim

744 4490 129 37 damages
886 4492 41 28 for
939 4493 36 27 all
988 4493 89 28 Cattle
1090 4494 176 37 Trespassing
1279 4505 35 18 on
1328 4496 45 28 the

744 4529 56 28 said
825 4530 74 33 land,
923 4531 122 28 whether
1069 4532 46 29 the
1139 4542 76 19 same
1240 4533 71 29 shall
1342 4534 32 29 be

744 4568 93 26 fenced
850 4577 30 18 or
893 4569 174 28 unenclosed.

1040 4622 158 28 ARTHUR
1219 4623 119 29 ROWE.

777 4671 169 35 Murchison,
960 4672 139 39 February
1113 4674 73 33 13th,
1202 4676 74 28 1886.

801 4752 216 40 FORSYTH
1038 4756 28 38 &
1089 4754 229 51 MASTERS,

740 4821 291 59 WHOLESALE
1059 4824 20 25 &
1108 4823 140 28 RETAIL
1267 4825 84 28 IRON-

961 4859 191 35 MONGERS,

889 4913 167 33 Broadway,
1076 4914 143 35 Reefton,

741 4965 78 28 Have
833 4975 35 18 on
882 4965 73 28 hand
974 4966 136 36 imported
1130 4968 84 28 direct
1233 4969 68 28 from
1324 4970 47 28 the

792 5003 90 28 Home
896 5003 129 34 markets,
1038 5013 15 18 a
1066 5005 87 33 Large
1167 5006 54 27 and
1237 5007 64 27 Well-

923 5042 121 29 assorted
1064 5043 82 29 Stock
1160 5045 30 28 of

739 5102 165 37 Builders'
920 5104 217 47 Furnishing,
1153 5106 136 46 Mining
1302 5108 68 35 and

843 5163 146 39 General
1011 5165 255 48 Ironmongery,

738 5238 98 29 Which
860 5239 65 36 they
944 5249 45 19 are
1011 5241 132 35 prepared
1166 5245 28 24 to
1216 5242 49 29 sell
1287 5245 28 26 to
1327 5252 27 20 re-

749 5277 103 27 sidents
864 5278 30 27 of
904 5278 76 35 Lyell
995 5283 28 23 at
1033 5280 150 36 extremely
1196 5280 52 28 low
1261 5282 95 35 prices.

737 5372 152 29 Bickford's
903 5374 80 31 Fuse,
998 5375 90 27 Hall's
1106 5375 124 35 Blasting
1244 5377 122 33 Powder,

737 5411 120 32 Octagon
873 5412 80 33 Steel,
967 5414 91 27 Ames'
1081 5414 124 34 Shovels,
1226 5415 66 28 Pick
1311 5416 54 28 and

737 5450 136 28 Hammer
885 5451 133 31 Handles,
1033 5452 54 32 &c.,
1098 5457 95 30 agents
1206 5454 41 27 for
1257 5454 110 28 Nobel's

970 5489 160 36 Dynamite.

737 5550 157 34 Furniture,
925 5551 133 33 Bedding.
1090 5553 112 33 Lamps,
1245 5554 120 35 Cutlery,

736 5586 171 36 Carpenters'
921 5588 89 30 Tools,
1030 5589 102 30 Paints,
1155 5591 65 31 Oils,
1244 5591 121 32 Colours,

873 5626 92 38 Fancy
979 5626 88 36 Ware,
1080 5628 63 35 &c.;
1162 5629 66 35 also,

739 5676 21 26 A
775 5677 86 32 Large
875 5679 171 26 Assortment
1064 5681 30 25 of
1111 5681 165 27 Galvanised
1290 5681 75 32 Iron,

838 5715 143 29 Bessemer
993 5716 53 29 and
1066 5717 102 38 Plough
1190 5718 73 31 Steel

923 5774 101 27 WIRE
1046 5774 127 29 ROPES.

838 5824 58 29 SSS
927 5825 174 29 OCTAGON
1129 5828 128 27 STEEL.

1613 216 118 34 Public
1755 217 150 33 Notices.

1637 301 247 28 NOTICE.

1446 377 38 26 To
1498 377 45 26 the
1559 377 169 28 inhabitants
1736 380 28 24 of
1776 377 78 35 Lyell
1865 376 53 27 and
1929 375 127 27 surround-

1670 416 47 38 ing
1730 414 112 30 district.

1578 471 364 57 HENRY~YOUNG

1441 548 131 57 BEGS
1586 553 28 23 to
1627 550 125 27 intimate
1772 549 59 28 that
1853 549 33 27 lie
1911 548 108 28 intends
2044 551 27 24 to

1536 591 67 23 start
1616 586 115 36 Baking,
1746 587 53 26 and
1815 587 34 34 by
1872 586 101 35 paying
1996 584 75 28 strict

1439 625 132 27 attention
1586 630 27 23 to
1627 624 41 28 his
1693 625 120 27 business
1834 628 28 24 to
1884 623 81 29 merit
1987 633 14 18 a
2022 623 49 28 fair

1439 661 78 28 share
1534 663 30 26 of
1573 666 122 31 support.
1733 662 56 27 The
1802 664 72 33 price
1887 663 54 26 will
1955 662 32 26 be

1537 724 23 35 4
1564 708 47 40 lb.
1635 708 145 41 LOAF
1841 732 12 7 -
1910 707 61 51 gd.

1471 800 38 30 H.
1529 800 131 30 YOUNG
1673 800 109 30 intends
1796 805 27 25 to
1839 800 98 38 supply
1951 799 46 29 the
2004 808 67 29 very

1436 840 58 27 best
1507 841 104 34 quality
1623 842 30 26 of
1664 841 90 26 bread.
1791 841 22 25 A
1823 841 72 31 large
1906 843 165 23 assortment

1437 877 30 28 of
1488 878 80 27 small
1593 877 83 35 goods
1706 877 80 27 made
1816 885 81 28 every
1923 875 146 36 Saturday.

1437 917 123 35 Nothing
1581 917 50 28 but
1651 917 46 28 the
1722 916 58 28 best
1804 915 167 35 ingredients
1994 914 75 32 used,

1437 955 53 27 and
1505 955 160 35 everytbiug
1679 955 57 27 sold
1751 959 28 22 at
1792 955 139 35 Westport
1944 954 95 35 prices.

1435 1038 197 25 CHRISTENING,
1665 1039 141 23 WEDDING,
1837 1038 55 18 AND
1928 1037 142 19 BIRTHDAY

1519 1077 87 21 CAKES
1624 1077 76 20 MADE
1719 1077 34 21 ON
1773 1077 54 19 THE
1847 1075 139 21 SHORTEST

1625 1117 128 19 possible
1773 1117 109 19 notice.

1469 1185 69 27 Note
1554 1185 45 28 the
1613 1185 152 27 Address—

1433 1234 110 55 ALL
1565 1234 240 53 NATIONS
1835 1233 232 54 BAKERY

1503 1304 138 34 (Opposite
1655 1304 26 27 J.
1698 1303 87 35 Ryan,
1801 1303 195 35 Storekeeper.)

1510 1383 48 38 G.
1608 1383 44 38 C.
1698 1383 289 47 BOWMAN,

1489 1479 232 35 UCTIOXEER,
1740 1479 322 35 QHAREBROKER,

1582 1575 113 28 Mining
1713 1583 56 19 and
1789 1575 119 28 Genual

1444 1630 336 29 COMMISSION
1847 1632 197 30 AGENT.

1562 1694 170 33 Broadway,
1778 1694 145 29 Reefton.

1444 1780 127 40 POST
1614 1782 194 39 OFFICE
1851 1783 188 44 HOTEL,

1629 1843 109 27 LYE
1759 1843 23 29 L
1802 1843 23 29 L
1845 1864 6 8 .

1473 1938 223 39 PETER
1728 1940 281 40 MANGOS

1425 2001 139 70 BEGS
1585 2007 28 23 to
1625 2003 103 28 inform
1749 2003 43 28 his
1811 2004 103 28 triends
1935 2004 55 28 and
2011 2004 46 29 the

1526 2042 92 36 public
1639 2043 63 27 that
1726 2042 43 28 his
1789 2052 61 18 new
1870 2043 187 28 commodious

1592 2081 86 29 Hotel
1690 2082 24 27 is
1728 2091 61 18 now
1803 2091 80 27 open.

1420 2118 151 29 Travellers
1590 2120 54 27 and
1664 2121 109 26 visitors
1792 2124 28 23 to
1840 2120 55 27 this
1914 2121 130 28 establish

1453 2162 78 23 ment
1543 2158 55 27 will
1611 2157 57 29 find
1681 2157 72 30 their
1763 2158 118 29 comfort
1889 2158 54 29 and
1957 2168 47 20 con-

1488 2196 130 28 venience
1628 2197 168 36 thoroughly
1805 2196 131 29 attended
1948 2201 37 24 to.

1419 2234 57 30 The
1490 2234 146 30 bedrooms
1658 2246 45 19 are
1714 2236 78 36 lofty,
1806 2236 56 29 and
1874 2236 64 29 well
1950 2236 104 38 lighted

1620 2276 55 26 and
1695 2276 160 26 ventilated.

1452 2349 206 28 Comfortable
1687 2350 128 27 Parlors
1843 2358 55 19 and
1919 2351 85 27 First-

1635 2396 82 19 class
1735 2388 104 28 Table.

1434 2425 59 29 One
1516 2425 31 28 of
1565 2426 128 28 Alcock's
1707 2427 78 28 Prize
1799 2427 116 28 Billiard
1930 2427 106 29 Tables.

1417 2501 57 29 The
1488 2502 56 28 Bar
1555 2502 25 29 is
1592 2502 113 30 stocked
1715 2502 67 29 with
1796 2502 74 35 Ales,
1881 2502 105 36 Wines,
2000 2504 52 28 and

1469 2542 98 36 Spirits
1580 2544 29 26 of
1625 2542 168 37 guaranteed
1811 2542 103 30 brands
1926 2544 75 36 only.

1449 2580 25 27 A
1491 2580 144 28 first-class
1656 2581 183 28 sixteen-stall
1851 2582 88 28 stable
1952 2583 74 27 iscon-

1416 2618 98 31 nected
1527 2620 67 29 with
1608 2620 56 29 this
1679 2619 85 30 hotel.

1667 2660 125 25 PETER
1816 2660 167 29 MANGOS,

1851 2697 155 34 Proprieor.

1521 2778 174 32 JAMES
1734 2778 210 41 INGLIS,

1420 2851 310 60 gHAREBROKER
1761 2853 21 27 &
1812 2853 234 28 COMMISSION

1630 2929 23 27 A
1673 2930 22 27 G
1716 2930 30 26 E*
1759 2930 24 26 N
1804 2930 31 33 T,

1491 3008 115 26 Cliff
1644 3008 157 31 Street,
1838 3010 140 25 Lyell.

1540 3086 121 33 JOHN
1695 3087 225 41 FENN&LL,

1416 3151 59 59 Q.
1486 3151 91 27 ENE
1588 3151 57 27 RA
1655 3152 22 26 L
1735 3152 311 61 gTOREKEEPER.

1499 3236 84 29 Wine
1601 3246 56 19 and
1677 3238 95 28 Spirit
1796 3238 168 29 Merchant.

1448 3351 102 36 Money
1569 3352 103 35 always
1693 3352 29 27 in
1744 3352 75 28 hand
1840 3352 41 28 for
1899 3353 114 35 cashing

1666 3389 127 37 cheques.

1446 3500 109 29 Liberal
1568 3501 135 29 advances
1717 3502 80 28 made
1814 3512 34 18 on
1863 3504 107 35 parcels
1983 3504 30 28 of

1625 3540 119 29 retorted
1758 3540 72 32 gold.

1555 3633 79 37 Cliff
1651 3633 121 47 Street,
1797 3634 108 47 Lyell.

2281 213 117 31 Public
2422 215 150 31 Notices.

2110 290 207 39 BROWN'S
2338 293 118 37 BOOT
2484 296 256 36 EMPORIUM

2359 351 132 29 LYELL.

2410 410 44 20 -

2110 453 42 62 J
2189 453 47 28 BT
2242 455 85 27 OWN
2342 458 28 25 in
2383 458 136 31 thanking
2532 458 42 27 his
2593 468 147 19 numerous

2157 500 9 10 •
2206 499 148 20 customers
2385 494 40 27 for
2454 500 63 30 past
2545 496 119 31 favours,
2688 496 52 27 and

2110 526 104 39 hoping
2240 529 40 28 for
2302 540 16 19 a
2340 533 181 28 continuance
2542 534 29 28 of
2589 533 47 29 the
2655 544 84 22 same,

2109 567 98 27 wishes
2220 573 45 22 too
2278 570 50 25 call
2344 570 71 27 their
2433 573 134 25 attention
2582 576 28 22 to
2623 573 43 26 his
2680 582 60 17 new

2110 604 75 28 stock
2207 606 27 26 ot
2260 606 108 28 Ladies'
2394 607 96 28 Maids'
2514 609 53 28 and
2587 609 153 28 Children's

2109 643 84 27 Boots
2215 644 27 27 in
2266 652 76 28 great
2364 648 113 35 variety.
2514 648 75 31 Also,
2604 649 42 26 his
2665 649 75 35 large

2109 681 53 26 and
2176 682 94 26 varied
2284 683 77 27 stock
2375 684 30 26 of

2109 731 118 41 Men.s,
2240 733 140 32 Youths'
2394 735 27 31 &
2436 736 98 39 Boys'
2552 736 105 32 Boots
2670 738 69 30 and

2364 771 117 30 Shoes.

2108 867 85 28 Fresh
2208 870 91 26 Goods
2312 872 120 35 arriving
2453 873 134 35 monthly,
2600 874 90 27 which
2704 874 34 27 he

2140 905 22 29 is
2176 907 116 37 offering
2304 912 29 26 at
2345 910 87 38 prices
2446 914 28 26 to
2484 912 53 28 suit
2551 911 46 29 the
2611 912 91 29 times.

2107 945 44 27 All
2175 946 138 37 imported
2346 950 84 32 goods
2460 950 115 28 marked
2606 952 27 26 in
2662 952 75 35 plain

2364 987 111 36 figures.

2140 1059 130 30 N.B.—A
2281 1062 101 38 supply
2394 1063 29 29 of
2444 1064 88 29 North
2547 1064 103 30 British
2665 1066 72 29 Gum

2107 1098 82 30 Boots
2215 1100 55 29 and
2296 1102 68 29 Own
2390 1103 82 29 Make
2492 1103 182 37 Watertights
2698 1106 25 28 al-

2105 1146 73 27 ways
2190 1147 36 18 on
2239 1139 84 28 hand.

2138 1175 116 36 Repairs
2266 1178 141 37 promptly
2418 1180 130 29 executed
2561 1180 54 29 and
2629 1181 107 29 elastics

2105 1213 129 28 inserted.

2129 1289 70 30 Note
2213 1291 47 28 the
2270 1291 272 31 AddressJOHN
2563 1295 147 34 BROWN,

2103 1335 87 32 Boot
2214 1337 28 31 &
2268 1338 210 33 Shoemaker
2499 1341 27 31 &
2556 1342 179 40 Importer,

2165 1382 141 37 (Opposite
2321 1383 80 28 Bank
2413 1385 30 27 of
2454 1385 66 28 New
2535 1386 140 34 Zealand.)

2218 1463 186 39 JAMES
2445 1466 171 42 RYAN,

2103 1550 58 59 Q_
2167 1551 87 28 ENE
2261 1552 55 28 RA
2323 1553 23 28 L
2420 1554 311 61 gTOREKEEPER,

2249 1628 85 29 Cliff
2358 1630 119 34 Street,
2498 1631 85 28 Lyel.

2099 1781 90 30 Goods
2203 1783 133 38 carefully
2348 1784 106 37 packed
2468 1788 26 26 to
2508 1784 37 30 all
2557 1788 76 35 parts
2646 1786 30 30 of
2685 1787 46 30 the

2354 1823 116 31 district.

2111 1973 104 31 BANK
2236 1976 111 29 PRICE
2367 1978 120 29 GIVEN
2508 1979 73 29 FOR
2601 1980 110 29 GOLD.

2111 2057 338 35 CRITERION
2498 2062 196 32 HOTEL

2324 2126 85 21 LTE
2425 2126 17 22 L
2457 2128 18 20 L
2491 2141 5 8 .

2205 2232 188 37 EDWARD
2420 2236 198 35 CARROLL

2247 2305 28 24 to
2294 2303 101 27 inform
2416 2304 43 27 his
2480 2314 150 19 numerous
2654 2309 72 24 town

2188 2338 55 28 and
2269 2344 117 32 country
2409 2341 104 29 frirnds
2537 2342 60 29 that
2622 2343 34 27 he
2679 2344 48 27 has

2091 2377 153 33 purchased
2257 2377 46 28 the
2317 2378 85 28 above
2415 2379 134 34 business,
2563 2381 55 27 and
2642 2382 85 35 hopes

2092 2412 35 36 by
2152 2415 78 28 strict
2253 2417 137 27 attention
2404 2420 28 25 to
2452 2422 47 23 the
2521 2424 88 23 wants
2634 2420 31 27 of
2686 2420 41 28 his

2091 2456 151 25 customers
2263 2454 55 27 and
2340 2456 141 27 travellers
2502 2460 27 24 to
2555 2458 81 27 merit
2649 2468 16 17 a
2677 2458 50 28 fair

2211 2491 79 28 share
2304 2492 30 27 of
2348 2493 91 36 public
2452 2498 159 34 patronage.

2169 2570 126 42 Liquors
2317 2572 32 29 of
2368 2573 50 30 the
2435 2573 71 31 Beat
2525 2574 112 32 Brands

2382 2656 31 29 E.
2440 2657 206 36 CARROLL,

2526 2699 163 37 Proprietor.

2244 2793 318 33 TEMPERANCE

2089 2840 333 56 BOARDING
2489 2844 231 55 HOUSE

2169 2910 78 35 (Late
2261 2911 152 29 Alhambra
2432 2913 93 33 Hotel,
2539 2914 101 36 Lyell.)

2146 3016 143 27 NTONIO
2302 3018 187 26 ACCOLINO
2497 3019 65 33 begs
2577 3023 27 22 to
2617 3020 101 27 inform

2179 3052 47 27 the
2246 3053 173 27 inhabitants
2440 3054 32 26 of
2489 3054 79 36 Lyell
2586 3056 54 26 and
2661 3064 42 19 sur-

2083 3089 139 37 rounding
2247 3090 106 30 district
2378 3091 62 29 that
2463 3092 34 29 he
2523 3092 51 29 has
2597 3103 60 19 now
2678 3104 26 19 re-

2083 3129 105 35 opened
2202 3130 46 27 the
2261 3130 85 29 above
2360 3131 177 29 well-known
2547 3134 133 34 premises
2689 3144 29 17 as

2083 3176 16 18 a
2113 3167 155 28 First-class

2083 3218 174 48 Boarding
2271 3220 119 38 House
2407 3221 69 37 and
2497 3222 220 38 Restaurant.

2153 3329 87 30 Meals
2254 3333 27 27 at
2296 3331 33 29 all
2345 3330 91 31 hours.
2475 3332 78 29 Good
2567 3332 80 30 Beds.

2083 3368 149 29 Extensive
2263 3371 55 26 and
2358 3372 195 28 Commodious
2592 3373 126 35 Stabling

2271 3408 258 28 Accommodation.

2258 3459 170 29 ANTONIO
2447 3461 198 33 ACCOLINO,

2515 3500 166 35 Proprietor.

1644 3726 35 38 [A
1715 3725 97 39 Card.]

1410 3764 39 28 To
1463 3763 45 29 the
1522 3763 100 29 Ladies
1635 3765 29 27 of
1674 3765 87 36 Lyell.
1776 3765 127 34 Keefton,
1916 3765 54 28 and
1984 3775 42 19 sur-

1583 3803 136 35 rounding
1731 3803 137 28 districts:

1478 3839 186 67 Messrs
1693 3841 33 28 e.
1753 3841 26 29 j.
1809 3841 163 29 vvarner

1585 3880 55 27 and
1665 3879 64 32 CO.,
1755 3880 30 27 of
1812 3881 160 32 NELSON,

1477 3916 88 28 desire
1578 3920 27 24 to
1618 3917 127 29 intimate
1758 3918 61 27 that
1838 3918 66 28 with
1925 3918 46 28 the

1477 3954 125 36 splendid
1620 3954 125 29 facilities
1765 3955 66 36 they
1852 3965 117 27 possess,

1477 3993 66 36 they
1564 4003 50 17 can
1641 3997 27 23 at
1690 4003 15 17 a
1727 3994 49 27 few
1791 3994 82 28 hours
1886 3995 83 32 node,

1477 4031 66 27 send
1556 4040 49 28 per
1616 4031 82 28 coach
1713 4034 28 25 to
1754 4041 55 26 any
1830 4032 111 28 address
1953 4043 16 17 a

1476 4070 133 37 complete
1628 4073 122 29 costume
1773 4070 78 29 made
1873 4071 28 28 in
1922 4072 47 28 the

1474 4117 66 27 very
1553 4109 80 27 latest
1643 4109 79 35 style,
1732 4109 66 27 with
1809 4109 46 27 hat
1865 4119 29 18 or
1903 4110 48 27 bon-

1474 4151 47 24 net
1531 4146 52 29 and
1595 4147 93 37 gloves
1696 4151 28 25 to
1735 4147 101 35 match,
1846 4149 123 34 together

1473 4186 68 27 with
1551 4195 80 25 every
1641 4187 128 33 requisite
1782 4187 27 26 in
1824 4187 73 30 hose,
1912 4197 41 17 cor-

1474 4226 64 29 sets,
1566 4222 220 34 underclothing,
1811 4224 54 33 &e.,
1898 4224 71 28 their

1473 4262 86 35 prices
1590 4261 81 34 being
1701 4266 71 24 most
1797 4262 167 29 reasonable.

1473 4300 82 26 Their
1576 4300 77 26 stock
1667 4300 149 35 comprises
1829 4310 80 26 every
1924 4311 27 17 ar-

1471 4338 61 28 ticle
1562 4337 29 29 in
1623 4337 116 29 General
1768 4338 132 38 Drapery,
1925 4339 27 28 in-

1471 4377 110 33 cluding
1593 4387 16 17 a
1622 4377 124 36 splendid
1764 4382 165 24 assortment
1940 4379 31 28 of

1473 4415 88 28 Men's
1586 4415 53 28 and
1666 4415 81 36 Boys'
1774 4415 190 37 Ready-made

1471 4454 138 36 Clothing,
1635 4463 132 27 mercery,
1793 4455 54 32 &c.,
1873 4455 92 28 orders

1470 4492 41 27 for
1524 4492 90 27 which
1622 4492 54 27 will
1685 4494 103 26 receive
1802 4497 110 32 prompt
1924 4497 26 24 at-

1470 4530 114 29 tention.
1621 4530 126 29 Patterns
1756 4530 30 28 of
1795 4535 101 25 newest
1906 4541 38 19 ma-

1469 4568 93 27 terials
1575 4574 60 21 sent
1654 4573 61 30 post
1734 4569 55 27 free
1813 4570 34 35 by
1867 4574 94 23 return

1469 4606 75 32 mail,
1552 4605 54 29 and
1616 4605 85 29 ladies
1707 4607 65 27 send
1785 4616 36 24 ng
1828 4617 117 19 measure-

1468 4649 91 23 ments
1572 4645 27 26 ot
1620 4644 105 27 dresses
1743 4654 50 17 can
1807 4645 107 36 depend
1927 4655 36 18 on

1469 4683 125 36 securing
1607 4692 15 19 a
1645 4683 131 37 perfectly
1793 4683 92 38 fitting
1905 4694 42 19 cos-

1468 4726 85 23 tume.

1504 4798 93 28 Please
1611 4799 66 27 se.ul
1696 4800 81 33 along
1788 4809 70 25 your
1871 4801 91 28 orders

1467 4839 29 25 at
1504 4845 76 23 once,
1591 4840 28 23 to
1630 4837 78 25 avoid
1723 4836 88 35 delay,
1825 4838 54 26 and
1891 4848 56 18 care-

1466 4874 70 36 fully
1550 4880 62 22 note
1628 4874 44 28 the
1686 4874 128 28 address:

1398 4922 38 31 E.
1453 4922 29 32 J.
1499 4922 199 31 WARNER
1716 4922 27 30 &
1764 4922 77 34 CO.,
1997 4924 38 30 of

1767 4958 139 32 Nelson.

1487 5045 77 31 MR.
1583 5045 27 32 J.
1628 5045 28 32 J.
1675 5046 264 41 MOYNIHAN,
1982 5060 15 6 -

1398 5114 55 57 jg
1459 5114 19 25 A
1483 5113 164 27 KRISTER
1677 5114 78 25 AND
1795 5115 233 59 gOLICITOR.

1396 5203 214 28 Commissioner
1631 5203 30 27 of
1677 5203 45 28 the
1743 5205 134 35 Supreme
1896 5205 85 28 Court
2002 5207 29 27 of

1646 5242 130 29 Victoria.

1458 5289 67 36 May
1543 5289 33 27 be
1595 5289 150 27 Consulted
1764 5293 29 24 at
1811 5290 43 27 his
1873 5291 93 32 Office,

1395 5341 127 29 PALME
1527 5340 120 30 RSTGN
1661 5341 154 32 STREET,
1824 5342 203 30 WESTPORT

2101 3577 113 37 NEW
2255 3578 138 37 CHUM
2428 3579 270 46 BUTCHERY,

2291 3639 64 32 LI
2376 3640 131 32 ELL.

2176 3746 204 41 JAMES
2432 3748 183 47 EDGE,

2078 3816 89 62 w
2174 3817 120 30 HOLE
2303 3818 109 29 SALE
2450 3819 79 28 AMD
2574 3821 140 28 RETAIL

2227 3896 338 32 BUTCHER.

2077 4004 98 29 Hotels
2188 4005 55 28 and
2256 4005 132 28 Families
2407 4006 100 28 waited
2529 4017 36 18 on
2580 4009 82 35 Daily
2674 4009 38 28 for

2340 4043 111 29 Orders.

2322 4075 25 14 *.

2127 4139 75 30 Meat
2215 4139 146 29 Delivered
2381 4143 27 25 to
2422 4139 36 29 all
2478 4144 76 35 parts
2566 4143 27 28 of
2614 4142 46 29 the

2333 4180 124 30 District.

2074 4283 118 30 NEW
2237 4284 153 30 CHUM
2434 4285 265 32 RUTfTTEHT

2141 4327 129 35 Opposite
2281 4326 153 29 Alhambra
2445 4327 93 31 Hotel,
2554 4328 87 35 Lyell.

1456 5428 261 28 'ELSONAND
1745 5427 121 30 WEST
1892 5429 134 29 COAST

1476 5622 130 40 YEAR
1626 5622 125 40 BOOK
1771 5623 54 40 for
1845 5624 96 40 1886.

1393 5731 166 35 Containing
1580 5731 125 30 valuable
1727 5731 188 31 information.
1964 5733 59 30 The

1444 5772 66 28 Best
1522 5771 110 29 Garden
1646 5771 136 29 Calendar
1794 5782 64 18 ever
1870 5773 101 28 issued.

1393 5823 52 38 On
1473 5823 79 38 Sale
1580 5825 36 36 at
1642 5822 99 46 Lyell
1769 5823 114 39 Times
1913 5823 110 40 Office.

2090 4417 359 38 WELCOME
2521 4418 166 47 INN,

2333 4476 104 27 Lyell.

2180 4579 154 30 ELLEN
2363 4580 234 32 WILLIAMS

2157 4641 144 30 refcuiiuiig
2321 4637 101 29 thanks
2441 4644 41 22 tor
2503 4645 62 31 past
2587 4640 116 33 favours,

2142 4675 64 35 begs
2224 4679 29 25 to
2274 4677 99 27 inform
2392 4677 50 29 her
2459 4677 104 29 friends
2582 4678 55 29 and
2659 4679 44 29 the

2068 4713 91 36 public
2180 4714 60 28 that
2261 4715 49 27 she
2335 4715 51 28 lias
2407 4716 58 35 just
2487 4717 154 36 completed
2662 4727 28 18 ex-

2071 4753 100 26 tensive
2191 4751 138 29 additions
2353 4753 55 28 and
2426 4753 162 30 alterations
2609 4760 28 23 to
2656 4756 44 27 hei

2070 4791 141 36 premises,
2230 4791 56 28 and
2304 4791 46 29 the
2373 4794 209 28 accomodation
2601 4794 23 29 is
2642 4805 60 18 now

2286 4831 193 34 unsurpassed.

2068 4904 73 35 Ales,
2166 4906 104 32 Wines,
2292 4907 55 27 and
2370 4907 98 36 Spirits
2493 4908 30 28 of
2545 4909 158 29 First-class

2241 4944 111 38 Quality
2366 4946 64 36 only
2444 4945 73 38 kept.

2136 5020 78 29 Good
2232 5020 127 36 Stabling
2377 5022 255 30 Accommodation.

2239 5073 128 28 ELLEN
2391 5074 206 36 WILLIAMS,

2446 5114 219 27 Proprietress.

2068 5193 213 40 WOLF
2347 5194 151 39 AND
2572 5195 123 50 CO.,

2196 5257 179 29 Wholesale
2388 5265 55 21 and
2459 5258 107 29 Retail

2065 5302 630 58 BUTCHERS,

2166 5397 113 28 Dealers
2293 5397 28 28 in
2335 5397 36 28 all
2385 5397 179 38 descriptions
2578 5400 30 28 of

2080 5446 105 27 FARM
2220 5446 79 27 AND
2336 5446 119 28 DAIRY
2491 5447 189 30 PRODUCE.

2063 5521 98 31 Hotels
2169 5521 56 30 and
2237 5521 131 31 Families
2376 5522 100 31 waited
2489 5533 35 20 on
2537 5524 42 29 for
2587 5525 109 30 Orders.

2096 5599 100 27 Orders
2215 5599 138 27 delivered
2373 5602 28 25 to
2422 5600 37 27 all
2481 5604 75 33 parts
2569 5611 15 18 o
2616 5603 46 27 the

2319 5637 124 31 District.

2234 5713 72 28 Note
2321 5713 47 28 the
2382 5713 123 30 Address

2080 5751 112 32 rsnv
2211 5752 65 29 OL
2296 5753 22 27 F
2390 5754 113 29 AND
2586 5756 91 36 CO.,

2112 5791 73 27 Next
2208 5792 47 27 the
2280 5792 190 29 Government
2488 5794 155 37 Buildings,

2206 5830 86 28 Cliff
2312 5831 119 31 Street,
2451 5832 103 28 Lyell.

3277 220 118 30 Public
3425 221 150 30 Notices.

2782 298 15 27 3
2808 300 67 29 C«r~)
2888 298 65 31 &

3241 303 269 63 umm

3860 305 15 26 3
3891 313 9 20 .«
3900 310 53 24 —\>
3968 313 20 21 r

3405 421 66 21 :o:

3041 487 246 60 JOHN
3349 488 449 61 FENNELL

2777 579 59 26 Has
2850 579 84 26 much
2953 579 124 35 pleasure
3097 581 28 25 in
3147 581 176 33 announcing
3342 587 28 19 to
3390 581 45 26 the
3459 582 169 27 inhabitants
3650 585 29 24 of
3701 585 78 26 Lve!l
3805 587 54 25 and

3002 616 119 29 districts
3145 618 45 26 the
3214 618 100 27 arrival
3339 620 29 26 of
3390 619 42 27 his
3458 619 84 28 NEW
3575 621 124 28 GOODS
3732 623 40 27 Ibr
3796 623 46 28 the

2988 691 287 40 CHRISTMAS
3313 693 102 38 AND
3459 695 114 39 NEW
3616 697 132 39 YEAR
3790 700 175 38 TRADE.

3412 799 21 24 o

2776 832 84 40 The
2882 835 114 39 Stock
3016 836 31 38 is
3076 851 81 23 now
3176 839 189 49 complete
3386 839 35 38 in
3442 855 110 35 every
3571 841 127 46 detail,
3721 842 74 38 and
3827 842 63 39 the
3920 846 85 47 qua'
4029 853 30 31 ty

2873 888 30 38 is
2923 888 41 40 of
2987 889 63 39 the
3079 889 82 40 best
3189 891 223 51 procurable
3436 893 92 40 from
3550 894 64 39 the
3636 895 126 38 Home
3782 896 182 40 Markets.

2942 1035 33 25 In
2989 1034 47 28 the
3050 1035 109 27 Ladles'
3174 1036 182 35 Department
3372 1037 45 28 the
3432 1039 139 35 following
3584 1040 94 27 Goods
3691 1051 45 18 are
3750 1042 147 28 shown:—

2772 1088 149 40 DRESS
2936 1089 287 49 MATERIALS,
3433 1094 212 49 CORSETS,

2931 1151 284 48 MILLINERY,
3552 1157 188 45 GLOVES,

3050 1216 239 47 MANTLES,
3670 1222 156 43 LACES,

3168 1277 219 49 HOSIERY,
3749 1282 234 44 FLOWERS,
4007 1286 52 37 C.r.

3212 1382 7 7 •
3406 1376 18 25 0

2872 1438 35 28 In
2921 1438 46 29 the
2982 1440 187 29 Gentlemen's
3184 1441 184 38 Department
3381 1454 16 18 a
3410 1444 87 37 Large
3513 1446 80 28 Stock
3609 1447 49 28 has
3670 1448 68 28 been
3752 1449 55 27 laid
3821 1450 38 31 in,
3873 1449 90 28 which

2771 1497 133 41 WILL
2930 1499 64 39 BE
3025 1500 128 41 SOLD
3180 1503 61 39 AT
3276 1503 177 42 PRICES
3492 1505 63 41 TO
3595 1507 116 40 SUIT
3748 1508 102 39 THE
3878 1509 136 40 iTIMF

2935 1669 105 52 Boys'
3184 1672 72 39 and
3374 1673 140 41 Youths'
3696 1674 167 54 Clothing

2959 1843 94 30 Direct
3067 1844 198 39 Importations
3278 1846 71 28 from
3363 1846 45 28 the
3424 1845 90 29 Home
3529 1845 133 36 Markets,
3676 1847 152 37 consisting
3840 1846 30 29 of

2770 1909 137 45 Prints,
2930 1909 174 47 Sateens,
3121 1911 75 38 and
3213 1911 229 49 Twillettes;
3464 1916 149 38 French
3628 1916 181 44 Merinos,
3825 1917 191 38 Cretonne
4050 1933 6 30 ;

2801 1961 160 40 Curtain
2984 1963 146 48 Laces;
3162 1964 131 39 White
3318 1966 174 49 Calicos;
3522 1968 127 39 Toilet
3668 1968 127 52 Quilts
3811 1969 201 52 Sheetings

3215 2054 25 27 A
3254 2053 131 37 Splendid
3398 2053 175 30 Assortment
3587 2055 30 28 of

2769 2118 131 46 Black,
2940 2118 113 46 Ecru,
3091 2118 75 38 and
3201 2118 133 38 White
3384 2119 152 47 Laces;
3584 2120 199 48 Ribbons;
3829 2123 117 39 Black
3981 2126 75 37 a:ni

3061 2172 189 38 Coloured
3278 2172 80 39 Silk
3389 2173 103 47 Mits,
3515 2174 73 38 and
3609 2175 153 38 Gloves.

2801 2340 244 65 JOHN
3085 2342 467 74 FENNELL,
3594 2346 151 60 CM
3781 2349 236 62 Street.

2766 2504 140 62 The
2944 2504 363 77 Hampden
3351 2506 468 78 Co-operative
3863 2511 191 61 Storj

3061 2601 359 78 Company,
3459 2604 314 63 Limited.

2763 2793 108 61 THE
2885 2793 85 29 above
2981 2794 144 37 Company
3135 2795 23 28 is
3172 2804 60 18 now
3243 2794 149 38 supplying
3405 2795 47 28 the
3466 2796 140 35 following
3622 2797 85 34 goods
3718 2801 28 25 at
3758 2807 15 19 a
3787 2798 83 36 slight
3883 2800 123 27 advance
4021 2810 34 16 <»-t

3233 2834 148 28 NELSON
3397 2834 136 28 PRICES

2961 3067 38 28 Of
3009 3066 60 29 first
3081 3067 70 28 class
3165 3068 114 36 quality.
3316 3068 24 27 A
3353 3068 89 36 Large
3455 3068 55 27 and
3525 3069 100 28 Varied
3638 3071 176 29 Assortment
3826 3073 31 26 of

2758 3125 202 52 Crockery,
2997 3126 171 39 Earthen
3198 3127 75 38 and
3307 3127 227 46 Glassware,
3573 3128 281 53 Ironmongery,
3885 3132 80 46 &c.,
3989 3147 66 23 uv.

2758 3273 123 38 Men's
2916 3273 75 38 and
3029 3273 114 51 Boys'
3182 3272 273 52 Kaipoi-made
3505 3275 205 52 Clothing;
3759 3277 113 47 Hats,
3911 3279 141 46 Shirts,

2857 3328 355 47 Under-Flannels;
3269 3328 174 40 Drawers
3479 3330 72 38 and
3588 3330 144 50 Moles;
3777 3332 174 49 Tweeds,

2953 3382 175 51 Hosiery,
3153 3383 184 37 Blankets
3354 3398 7 31 ;
3392 3384 163 45 Calicos,
3579 3385 139 46 Prints,
3742 3388 91 35 Flan-

3165 3436 91 46 nels,
3278 3438 79 44 &c.,
3380 3428 64 47 &c.
3499 3438 143 37 Also—

2918 3512 155 46 Wheat,
3120 3513 108 43 Oats,
3277 3513 114 45 Bran,
3428 3513 116 38 Chaff
3566 3515 75 37 and
3675 3516 193 39 Potatoes.

2789 3659 98 28 Orders
2900 3657 195 38 accompanied
3114 3657 36 37 by
3163 3657 65 29 cash
3241 3657 174 30 remittances
3433 3660 163 36 punctually
3615 3661 129 28 attended
3759 3666 37 29 to,
3810 3663 55 27 and
3885 3664 85 35 goods
3989 3665 32 27 <>
4031 3676 16 10 ■-

2754 3699 116 37 patched
2885 3703 27 23 at
2925 3709 15 17 a
2954 3704 140 22 moments
3106 3698 98 27 notice.

2789 3737 82 28 Local
2890 3737 127 36 produce,
3036 3736 142 34 including
3197 3736 103 33 Hides,
3321 3736 94 32 Skins,
3442 3736 93 34 Wool,
3556 3738 126 32 Eutter,
3696 3741 56 31 &c.,
3767 3741 54 33 &c.,
3840 3743 153 34 purchased
4008 3746 42 24 i<w

2754 3776 82 27 Cash.

3632 3816 33 26 R.
3687 3816 130 34 M-NEE,
3838 3817 139 36 Manager.

2788 3852 170 32 Mnrchison,
2973 3850 64 30 15tli
3050 3850 85 34 June,
3151 3852 75 28 1885.

3327 4059 130 42 TRY

3625 4208 23 54 J
3676 4209 74 53 O
3863 4212 15 28 3

3562 4532 42 52 4m

3295 4583 84 21 mujisk
3425 4584 34 21 tiil
3466 4579 56 26 JJiJ
3571 4587 23 20 o

3308 4802 151 39 THE
3535 4805 145 41 EES
3708 4807 28 39 T

2817 5033 186 39 GEORGE
3034 5034 42 36 E.
3100 5033 192 46 LEVIEN,

3385 5078 1 17 i

2740 5097 123 28 Member
2872 5098 29 26 of
2908 5096 45 28 the
2961 5096 234 29 Pharmaceutical
3203 5097 106 35 Society
3316 5096 54 28 and
3385 5096 1 36 j

2824 5135 236 27 Pharmaceutical
3080 5136 164 25 Conference
3257 5136 30 25 of
3384 5131 2 41 |

2944 5172 83 28 Great
3045 5172 117 33 Britain,

2740 5229 203 61 SUIIGEON
2982 5229 174 30 DENTIST,
3186 5230 181 34 CHEMIST,
3383 5212 3 78 !

2899 5268 78 28 AND
2996 5267 204 34 DKUGGIST,

2950 5316 205 33 (REGISTERED.)
3384 5313 2 39 j

2736 5401 54 27 For
2803 5402 33 27 20
2848 5410 78 28 years
2945 5401 148 37 practising
3115 5402 28 28 in
3164 5402 204 36 Marlborough,
3384 5395 2 43 |

2735 5440 55 28 and
2803 5440 54 28 late
2871 5439 31 29 of
2921 5440 102 28 Nelson
3042 5440 129 34 districts,
3186 5442 22 27 is
3227 5451 62 19 now
3309 5452 58 27 pre-
3384 5439 2 48 j

2833 5479 82 35 pared
2929 5483 27 23 to
2971 5480 93 26 attend
3078 5481 129 34 patients,
3220 5482 54 26 and

2770 5534 71 31 CAN
2873 5535 50 30 BE
2955 5535 225 31 CONSULTED
3217 5536 116 31 DAILY
3383 5510 3 57 !

2735 5649 97 30 Rooms
2857 5658 29 21 in
2911 5649 186 31 Commercial
3128 5650 110 37 Hotel,
3262 5651 103 31 Lyell.

2768 5743 100 30 Advice
2890 5743 91 30 Gratis
3000 5743 69 30 from
3090 5747 16 26 0
3126 5750 27 24 to
3174 5747 29 27 11
3224 5755 75 25 a.m.,
3313 5745 52 29 and

2733 5783 68 28 from
2817 5785 14 24 3
2845 5788 27 23 to
2886 5785 14 26 5
2920 5792 66 27 p.m.

2946 5836 31 27 G.
2999 5835 33 27 E.
3053 5835 155 32 LEVIEN.
3230 5837 100 27 M.P.S.

3403 5038 319 45 BELFAST
3773 5044 257 47 HOTEL,

3592 5112 113 27 GIBBS
3726 5115 120 27 TOWN*.

3573 5162 185 30 Eight-Milk
3779 5166 87 29 Road.

3403 5237 6 26 I
3423 5243 9 46 j
3446 5237 65 29 iHE
3519 5240 185 38 undersigned
3714 5245 103 35 Having
3825 5247 129 27 removed
3964 5248 66 27 from

3492 5292 66 28 Zala
3575 5294 80 28 Town
3671 5297 53 26 and
3739 5299 106 26 erected
3865 5308 60 18 new
3945 5310 68 26 prem-

3402 5338 52 27 ises
3474 5348 30 19 as
3524 5340 95 34 above,
3639 5342 23 28 is
3686 5353 62 19 now
3768 5346 131 37 prepared
3920 5352 27 24 to
3968 5348 62 28 ofW

3401 5387 134 29 excellent
3576 5392 162 28 aecoininod
3748 5395 67 26 ition
3846 5400 28 22 to
3915 5397 115 27 visitor.-,

3401 5434 137 36 boarders,
3552 5438 54 28 and
3622 5438 45 29 the
3680 5440 92 37 public
3785 5444 150 34 generally.

3400 5531 76 29 Ales
3497 5532 99 30 Winks
3615 5543 56 21 and
3690 5537 90 28 Snrh
3789 5546 71 20 sof
3885 5546 55 21 thk
3964 5547 66 21 m:st

3549 5586 153 30 Qjalitiks
3716 5595 70 17 only
3803 5596 52 17 kmp
3862 5597 18 17 r.

3521 5680 155 48 Charges
3703 5682 189 36 Moderate.

3573 5799 122 27 VLTliii
3715 5801 243 28 ARMSTKONfi.

3829 5849 163 34 Proprietor.
