4176 5981
191 224 349 32 MISCELLANEOUS
564 223 133 33 ITEMS.

261 309 96 30 fourth
387 311 32 27 of
446 310 49 30 the
524 308 171 32 schoolings
724 309 27 30 in

127 352 22 27 C
154 352 168 35 operihagen
362 353 89 29 coffer
487 353 72 30 from
601 351 142 31 headache

126 397 102 30 canned
268 397 34 41 by
339 397 79 33 eight
455 397 88 32 hours
576 397 177 32 continuous

127 447 22 21 st
157 442 34 28 lid
197 452 26 20 V.

167 500 58 29 The
242 511 50 18 nse
317 501 34 27 of
568 501 46 28 for
642 501 58 32 fuel
731 502 23 28 is

127 543 120 33 causing
271 555 14 19 a
314 555 8 17 r
324 555 22 16 ,p
351 555 22 19 r(
373 544 117 30 .pptjh'f»
515 545 112 31 declire
650 545 28 31 in
705 545 49 31 the

126 591 80 34 price
220 600 17 16 o
242 588 7 17 f
263 587 60 31 coal
341 588 27 30 in
383 588 140 32 America.

168 632 117 29 Several
322 632 125 31 wealthy
496 632 182 31 landowners
725 635 27 28 in

129 677 116 30 Austria
262 675 71 32 have
347 676 106 32 form'd
482 689 16 19 a
524 677 158 32 federation
710 679 44 30 for

126 719 50 28 the
201 730 125 27 purposp
357 722 28 26 of
415 721 168 36 restocking
613 721 51 31 the
693 730 58 22 vas'

128 764 107 30 forests
251 765 30 30 of
296 763 96 34 Stvria
409 764 68 33 with
494 766 70 30 elks.

165 808 60 30 The
240 813 119 27 amount
375 809 32 30 of
418 809 87 31 silver
519 823 5 11 »
537 811 119 38 xpor?ed
684 810 69 31 from

128 852 132 32 America
289 852 55 32 la*t
373 864 67 21 ve«r
468 865 56 21 was
564 865 78 20 more
686 854 68 32 than

123 901 109 26 twenty
249 897 85 31 limes
350 898 49 31 the
416 898 70 31 total
500 899 63 32 gold
578 903 138 27 exports.

169 941 39 30 As
236 951 16 20 a
281 952 97 21 means
420 943 32 28 of
491 941 208 32 chastisement
740 955 15 19 a

126 983 172 32 .Tersevman
323 986 24 28 is
375 985 128 31 credited
535 987 68 28 with
635 987 120 34 binding

125 1027 45 31 his
197 1034 57 25 two
279 1040 68 18 sons
376 1029 75 32 hand
491 1035 54 25 and
589 1029 70 35 foot,
698 1031 54 31 and

124 1072 115 32 placing
255 1072 76 29 them
348 1074 140 29 outdoors
510 1075 44 27 for
580 1084 24 19 a*
628 1085 68 29 prey
723 1081 30 22 to

127 1113 187 42 mosquitoes.

164 1157 60 31 The
241 1158 226 34 Commissioner
482 1159 32 31 of
527 1159 102 33 Indian
648 1161 104 32 Affairs

126 1206 115 26 reports
261 1201 63 29 that
350 1202 49 29 the
425 1204 124 30 number
577 1205 32 27 of
632 1204 121 30 Indiana

126 1242 163 36 remaining
302 1242 25 32 in
345 1246 49 28 the
411 1244 109 32 United
537 1244 98 32 States
654 1248 23 28 is
691 1258 62 19 now

125 1287 56 26 200
193 1288 65 33 000,
273 1288 28 26 of
316 1287 90 29 whom
426 1289 104 34 72,000
550 1300 51 18 are
625 1289 126 30 civilised

125 1327 92 31 ti'lers
232 1330 29 29 of
277 1328 49 31 the
338 1329 61 30 soil.

166 1371 26 31 Tt
209 1372 23 30 is
320 1373 64 30 that
400 1374 48 30 th°
463 1374 127 32 heaviest
613 1375 62 39 ship
688 1388 66 19 evpr

121 1415 143 31 launched
302 1416 27 31 in
369 1416 130 38 England
532 1421 24 27 iR
588 1418 50 33 the
672 1430 60 21 man-

124 1460 28 28 of
169 1470 55 19 war
241 1460 220 37 Oampfi'down,
479 1462 73 31 built
568 1463 33 29 of
625 1464 73 29 steel
723 1469 26 24 at

122 1513 17 18 a
155 1505 60 27 co«t
230 1502 33 29 of
272 1503 83 32 £475
366 1504 57 29 000
474 1504 29 31 It
522 1505 54 31 will
591 1505 67 31 take
670 1505 84 33 three

123 1556 84 29 years
224 1557 78 19 more
315 1552 30 24 to
362 1546 33 30 6t
411 1548 51 30 her
480 1550 44 29 for
538 1559 59 21 sea.

163 1589 60 31 The
239 1589 106 33 import
360 1602 17 21 o
381 1593 7 20 f
415 1593 219 30 manu'aelured
664 1594 88 39 goods

123 1633 64 31 irto
204 1633 113 31 Franco
331 1633 50 33 has
398 1636 99 39 nearly
512 1636 124 31 doubled
659 1638 28 30 in
704 1638 48 31 the

124 1676 53 30 last
196 1682 47 24 ton
260 1686 93 23 years.
394 1678 16 31 I
413 1688 16 21 n
458 1678 70 31 1873
555 1679 50 30 the
632 1685 120 26 amount

123 1731 57 18 was
195 1719 135 34 £15.350
339 1721 76 40 680;
440 1720 29 33 in
487 1723 74 32 1883
578 1722 22 31 it
617 1734 58 21 was
688 1723 64 33 £2B

124 1763 53 32 178
187 1767 58 27 000
299 1764 54 32 But
370 1765 51 31 the
434 1771 106 33 export
553 1767 33 31 of
607 1769 134 30 manufac

123 1809 83 29 tured
224 1808 89 34 goods
335 1808 49 32 has
405 1809 143 32 diclined.
615 1810 35 33 In
676 1811 75 32 1875

120 1851 52 29 Hie
188 1856 118 24 Amount
324 1862 55 18 whs
395 1852 220 39 £85,556,280;
631 1854 28 31 in
677 1856 75 29 1883

120 1893 22 27 it
160 1903 55 19 was
232 1892 63 32 £72
306 1895 145 37 550640;
473 1896 56 30 and
555 1896 57 31 last
636 1907 68 27 year
728 1897 24 31 it

122 1948 55 17 was
196 1936 132 32 £08.802
339 1939 59 30 440

160 1978 270 32 Scene—Doctor's
446 1979 92 34 house
588 1982 93 33 L'ttle
695 1984 55 40 boy

120 2028 27 24 at
165 2023 49 29 the
230 2023 79 29 front
323 2024 110 28 door—
436 2027 7 13 4
457 2024 27 30 Is
501 2025 48 31 the
571 2028 103 29 doctor
683 2026 28 31 in
737 2028 14 31 ?

120 2066 112 35 'Cause,
252 2064 26 32 if
289 2066 34 29 he
339 2068 32 37 is,
387 2066 13 32 I
419 2071 76 28 want
510 2073 31 26 to
567 2081 47 21 see
638 2069 57 34 him
721 2076 31 26 at

118 2111 92 30 once'
291 2111 161 30 Servant—
456 2115 7 12 4
489 2112 68 31 He's
602 2121 51 23 not
701 2114 50 32 in.'

122 2153 88 30 Little
227 2153 100 40 Boy—
330 2158 6 11 4
353 2155 84 35 Well,
450 2155 63 39 just
527 2166 31 20 as
570 2167 70 21 soon
656 2168 30 20 as
715 2157 36 31 he

118 2200 64 33 gets
197 2196 94 37 home,
305 2208 58 28 you
380 2198 49 30 tell
445 2197 57 31 him
520 2203 29 26 to
575 2210 82 21 come
683 2212 68 19 over

117 2245 30 22 to
164 2250 53 20 our
234 2239 91 31 house
339 2240 55 30 and
411 2240 69 31 take
495 2242 63 30 that
577 2242 73 42 baby
669 2254 80 31 away

116 2282 34 30 be
168 2283 50 28 Ifft
238 2283 54 29 last
310 2283 88 32 week.
443 2283 55 32 It's
514 2285 29 31 in
560 2284 50 32 the
627 2287 82 38 way.'

156 2326 47 32 An
219 2325 155 36 lri-hman,
392 2326 63 32 who
467 2327 53 32 had
533 2327 89 43 lately
634 2330 114 33 arrived

114 2370 30 30 in
163 2370 143 35 America,
321 2371 55 30 and
394 2371 63 31 who
473 2371 54 31 had
544 2383 89 21 never
648 2385 68 20 seen
733 2387 17 19 a

114 2423 16 20 c
150 2416 100 28 nsscut
278 2423 66 27 saw,
373 2424 56 21 was
459 2414 119 40 passing
611 2416 89 42 along
734 2429 16 20 a

114 2463 124 31 country
251 2457 67 30 road
330 2468 56 20 one
397 2459 54 38 day
467 2458 81 32 when
561 2459 36 32 be
607 2460 142 34 observed

117 2512 16 20 a
151 2511 63 21 man
230 2501 55 31 and
309 2512 15 20 a
351 2501 56 43 boy
431 2501 110 40 sawing
565 2514 17 21 a
607 2504 48 40 log
680 2505 68 32 with

119 2557 55 19 one
189 2550 28 25 ot
233 2544 84 32 those
332 2557 81 20 saws.
470 2546 97 40 Paddy
584 2548 84 33 could
698 2556 51 25 not

121 2589 177 27 understand
328 2590 32 30 it.
386 2590 54 27 and
469 2591 90 35 gazed
589 2601 82 28 upon
700 2594 51 29 the

120 2635 57 24 two
193 2632 41 27 tor
252 2640 15 21 a
283 2630 68 36 long
362 2630 79 37 time,
453 2631 55 31 and
521 2643 56 21 was
588 2633 161 42 impressed

121 2673 66 30 wit'i
204 2674 49 30 the
269 2674 63 30 idea
347 2674 64 31 that
426 2675 49 30 the
490 2685 64 21 man
572 2689 57 19 was
652 2680 100 38 trying

120 2721 32 27 to
167 2716 67 32 take
250 2715 49 33 the
321 2727 56 22 saw
402 2728 79 32 away
508 2720 74 31 from
608 2719 52 34 the
685 2721 65 41 boy.

122 2760 49 30 He
186 2761 126 39 thought
325 2762 51 30 the
401 2764 89 29 latter
515 2765 94 31 wouM
636 2771 51 27 net
716 2767 35 31 be

121 2803 65 32 able
212 2808 30 27 to
268 2805 123 32 succeed
419 2805 28 32 in
476 2807 116 38 getting
619 2808 26 33 it
671 2819 80 30 away

122 2850 74 28 from
212 2848 50 30 the
278 2849 115 37 former,
408 2861 31 18 so
454 2849 36 32 he
504 2861 51 20 ran
581 2863 38 28 up
645 2852 105 33 behind

124 2890 48 32 the
189 2901 64 21 man
268 2891 55 31 and
339 2892 101 32 struck
456 2892 57 32 him
537 2904 37 21 on
600 2894 50 34 the
673 2896 76 33 back

123 2936 31 26 of
167 2935 44 28 his
227 2936 82 35 head,
325 2935 146 39 knocking
492 2938 57 29 him
576 2939 93 37 down,
696 2943 56 29 and

123 2978 30 24 at
168 2974 51 30 the
233 2985 78 20 same
328 2976 71 31 time
414 2977 139 39 shouting
568 2983 30 26 to
614 2981 50 29 thu
687 2983 65 38 boy,

120 3018 17 15 41
150 3016 73 32 Now
241 3018 67 31 take
323 3018 24 31 it
361 3020 54 31 and
434 3030 65 28 run,
509 3032 36 29 ye
558 3021 76 33 little

167 3061 73 29 Patti
257 3061 54 30 and
328 3062 94 41 Jennj
447 3064 71 30 Lind
542 3066 131 42 recently
698 3070 53 30 had

121 3115 16 19 a
154 3103 75 32 lit'le
246 3105 48 31 tiff
304 3110 30 26 at
349 3117 14 21 a
386 3106 110 40 private
524 3113 93 37 party.
674 3111 77 34 Patti

125 3148 52 30 had
194 3148 72 31 been
282 3149 116 36 singing
415 3152 66 29 with
495 3157 83 33 great
591 3154 158 41 brilliancy,

119 3192 56 29 and
205 3199 133 32 amongst
367 3194 85 31 other
474 3195 95 40 pieces
594 3207 35 21 an
654 3198 44 31 air
722 3202 29 28 of

123 3233 149 33 iMozart's.
328 3241 98 38 Jenny
445 3237 84 42 Lind,
551 3242 31 29 at
607 3240 50 33 the
684 3252 55 22 con

121 3280 121 38 elusion,
278 3282 139 31 ventured
456 3288 31 25 to
532 3295 121 29 express
699 3286 52 33 bar

120 3323 118 39 opinion
256 3324 62 31 that
337 3326 75 31 Patti
430 3326 53 32 had
507 3328 100 31 rather
633 3329 116 33 hurred

122 3367 48 28 the
185 3366 70 31 time
273 3378 25 19 in
316 3368 141 32 Mozart's
473 3371 99 36 music,
585 3374 16 14 44
617 3373 56 30 and
695 3374 56 30 lest

118 3421 57 31 you
206 3421 64 33 may
441 3414 51 32 she
523 3415 102 43 added,
628 3418 15 14 44
655 3416 63 34 that
734 3418 16 32 I

119 3466 44 19 am
181 3456 55 30 like
252 3468 14 18 a
284 3458 77 30 blind
380 3468 63 21 man
474 3459 122 39 seaking
610 3461 33 31 of
661 3463 89 37 color,

121 3498 10 28 1
152 3508 61 25 may
229 3499 50 30 tell
297 3510 56 28 you
373 3500 62 30 that
449 3501 16 30 I
480 3512 45 19 am
548 3503 99 40 Jenny
675 3505 73 31 Lind

403 3542 84 40 Patti,
502 3545 157 33 somewhat
673 3552 61 28 nett-

119 3585 54 33 led,
185 3585 22 29 is
221 3587 58 29 said
294 3590 29 26 to
335 3587 71 31 have
419 3588 129 30 retorted
563 3588 71 33 thus
644 3602 7 7 •
674 3594 16 12 41
704 3593 44 30 Oh

118 3639 59 31 ye?,
195 3628 12 32 I
226 3628 82 33 know
323 3640 58 32 you
398 3640 74 23 were
485 3642 17 21 a
516 3630 113 34 famous
652 3632 97 39 singer

158 3684 72 20 once
261 3676 16 29 1
295 3674 70 31 have
380 3674 87 32 heard
487 3686 46 29 my
558 3678 190 39 grandfather

120 3717 87 40 speak
226 3719 29 31 of
270 3729 57 29 yon
340 3717 18 14 *'

160 3761 61 29 The
233 3771 63 19 new
309 3762 185 38 Parliament,
507 3764 81 30 whsn
600 3764 24 30 it
636 3776 94 22 assem-

119 3801 61 34 bles
195 3814 35 21 on
248 3802 129 40 January
398 3805 33 32 12
450 3804 44 34 for
519 3806 50 33 the
592 3809 121 34 swearin
736 3832 12 9 .

119 3849 30 30 in
165 3849 31 29 of
211 3849 48 30 the
275 3849 151 38 members,
443 3851 56 31 will
515 3853 109 31 consist
639 3858 32 28 of
690 3855 58 32 670

120 3893 252 36 representatives,
400 3893 62 32 who
488 3895 56 32 will
569 3894 34 31 be
631 3897 114 34 divided

118 3935 62 31 into
204 3936 55 32 251
285 3937 228 38 Conservatives,
524 3941 57 30 333
608 3941 139 39 Libera's,

117 3978 55 32 and
189 3980 37 30 86
244 3980 147 31 Parnellitc
401 3992 21 19 s.
465 3981 44 32 Of
520 3983 50 31 the
599 3985 67 38 670,
689 3988 57 30 313

116 4033 75 20 were
207 4024 141 31 members
362 4027 29 29 of
407 4024 49 32 the
483 4027 57 31 lae
570 4027 173 34 Parliament

117 4068 55 31 and
189 4068 56 31 355
257 4079 49 20 are
318 4079 62 21 new
400 4074 27 27 to
444 4070 228 45 Parliamentary
685 4073 51 33 life

116 4112 146 35 Amongst
291 4111 49 29 the
370 4114 141 28 members
541 4116 33 28 of
599 4115 49 30 the
681 4127 63 19 new

118 4151 102 32 House
243 4151 54 33 will
324 4153 34 32 be
387 4155 52 32 133
466 4166 16 19 n
495 4157 113 31 embers
637 4158 34 32 of
696 4159 50 31 the

115 4195 74 34 legal
220 4197 168 38 profession.
420 4201 37 29 54
486 4201 112 30 officers
626 4202 28 30 in
695 4202 50 31 the

118 4239 92 42 Army
224 4240 59 30 and
297 4239 93 43 Navy,
405 4241 35 33 71
457 4248 103 35 gentry
577 4245 56 31 and
662 4245 66 32 land

116 4293 120 26 owners,
250 4285 38 28 49
304 4296 66 19 sons
385 4298 25 17 at
424 4286 16 29 d
459 4288 132 30 brothers
607 4289 31 28 of
654 4300 92 26 peers,

114 4326 39 29 69
179 4328 240 37 manufacturers,
443 4328 39 31 42
509 4331 173 35 merchants,
707 4333 38 30 34

116 4379 170 30 newspaper
300 4379 178 30 proprietors
494 4373 54 31 and
561 4376 108 40 journa
683 4375 51 31 ists

121 4413 34 29 12
173 4413 89 38 labor,
277 4415 55 29 and
351 4415 53 30 five
429 4419 105 29 crofter
564 4423 164 35 representa-

118 4456 81 32 fives.
243 4457 27 31 Jr
287 4458 22 30 is
325 4470 13 18 a
355 4462 184 40 noteworthy
555 4463 59 31 fact
631 4462 63 31 that
707 4463 35 31 all

115 4500 51 29 the
180 4507 173 33 supporters
377 4504 32 27 of
432 4503 63 32 Fair
522 4505 94 31 Trade
640 4505 28 30 ir
695 4507 49 29 the

118 4545 54 28 last
172 4544 195 33 Parliament
382 4547 70 31 have
477 4549 85 32 failed
589 4556 30 24 to
645 4549 99 32 obtaiu

114 4598 33 21 re
162 4587 123 32 election

161 4633 45 30 He
233 4633 106 32 drifted
369 4634 64 30 info
461 4647 15 20 a
512 4637 109 38 sample
654 4647 90 28 room,

116 4678 91 35 wiped
226 4677 41 29 hiw
283 4678 144 37 forehead,
445 4680 53 30 felt
519 4682 110 30 around
653 4680 29 30 iu
701 4681 42 31 his

115 4724 115 37 pocket,
264 4722 55 30 and
355 4722 59 31 said
451 4722 68 32 with
553 4734 17 21 a
613 4725 127 38 p'eaaant

275 4764 84 38 Well,
373 4777 31 19 as
418 4766 22 31 it.
453 4777 101 25 seem?,
566 4767 15 32 I
598 4767 69 31 have
679 4767 62 42 just

113 4819 56 21 one
186 4809 35 31 16
235 4811 68 28 cent
319 4808 79 39 piece
414 4811 52 29 left
481 4811 109 38 to-day,
606 4811 17 32 I
636 4814 17 27 II
675 4813 69 30 take

115 4863 17 21 a
141 4853 96 32 drink.
283 4852 93 33 When
393 4853 50 33 the
455 4854 175 42 fourfingeri
645 4857 33 30 of
689 4856 51 33 the

117 4896 127 33 >ntinch
267 4907 89 21 nervo
379 4898 115 39 tangler
519 4899 53 32 had
600 4899 72 34 been
698 4911 45 21 se«

115 4940 99 29 creted
240 4941 30 28 in
296 4940 43 29 his
364 4945 139 26 remotest
529 4952 137 26 recesses,
692 4945 50 31 the

117 4986 147 27 cnstonrer
279 4982 127 32 fumbled
422 4994 105 26 among
543 4984 44 30 his
602 4985 70 41 kty»
686 4997 35 19 an
733 4988 7 28 I

117 5026 54 31 laid
188 5026 132 32 somethir
333 5038 68 25 gon
418 5028 48 30 the
477 5037 124 24 counter
651 5030 42 32 As
707 5030 35 33 he

180 5081 32 19 so
233 5070 35 31 he
292 5071 117 30 said—''
437 5071 93 31 Great
556 5076 81 28 JSeott
653 5072 7 34 !
683 5075 57 41 just

119 5114 64 31 look
209 5118 30 27 at
264 5114 64 30 th;it
353 5125 62 20 now
479 5118 16 14 *•
510 5117 9 29 1
544 5128 52 20 can
619 5129 48 19 pee

115 5157 60 32 said
212 5157 50 31 the
308 5157 158 42 barkeeper
501 5160 159 38 scornfully
697 5173 28 20 re-

115 5202 124 40 garding
267 5202 50 32 the
344 5203 109 37 alleged
483 5203 85 34 dim?.
652 5206 53 31 It's
726 5220 15 19 a

115 5250 162 34 suspender
305 5247 115 28 bunon.
486 5246 88 30 What
607 5251 33 26 of
660 5250 23 29 it
707 5251 15 30 ?
736 5252 5 11 '

151 5289 23 30 V\
188 5288 47 36 hv,
251 5289 14 31 I
280 5288 93 32 didn't
389 5287 65 32 look
471 5293 30 26 at
516 5289 31 33 it,
573 5301 57 30 yen
649 5291 82 31 know

115 5333 12 28 1
147 5334 58 37 just
221 5333 23 29 ft
254 5334 19 29 It
291 5334 19 28 it
329 5336 27 27 in
386 5343 46 30 my
463 5334 111 37 pocket,
602 5336 56 31 and
689 5337 51 30 I'm

115 5376 112 31 blamed
244 5378 21 28 if
283 5376 10 31 I
312 5376 93 31 didn't
421 5377 82 29 think
520 5376 23 31 it
559 5388 56 20 was
629 5390 16 19 a
657 5380 76 31 dime

119 5421 110 30 Ahem!
252 5421 16 31 I
283 5432 125 20 snnnose
424 5420 87 39 you'll
540 5421 70 32 have
635 5428 31 25 to
691 5430 50 33 put

115 5469 24 26 it
154 5475 35 20 on
216 5465 48 30 the
289 5464 42 30 i'*e
359 5464 73 29 until
462 5469 168 26 tomorrow
698 5466 43 31 I'd

115 5510 73 37 drop
206 5508 26 30 in
256 5510 56 30 and
338 5508 33 29 fix
585 5508 31 32 of
640 5520 103 21 course

115 5564 56 29 you
191 5551 53 32 wII
297 5552 78 31 Take
392 5550 55 31 this
464 5551 54 30 and
536 5552 35 30 fix
602 5553 22 31 it
650 5563 62 20 now

116 5597 65 30 And
214 5597 47 30 the
289 5595 69 32 rock
364 5595 48 31 fail
442 5597 151 37 dispenser
631 5597 110 31 handed

114 5651 69 20 over
199 5651 13 19 a
230 5642 101 28 need'e
353 5641 54 29 and
439 5640 107 30 thread.
600 5644 17 12 4<
633 5641 109 30 Whit's

115 5684 61 31 that
195 5686 37 28 'o»
331 5684 84 40 Why,
431 5684 44 30 for
489 5694 57 31 you
563 5686 30 27 to
609 5694 57 21 sew
679 5684 61 31 that

114 5729 105 30 button
249 5742 45 24 op,
324 5728 78 37 rght
432 5740 62 17 now
569 5728 68 31 You
679 5739 57 20 mav

115 5773 84 31 make
228 5773 49 31 the
306 5784 78 19 same
414 5771 124 32 mistake
566 5772 176 31 somewhere

112 5818 59 28 else
185 5830 5 23 ;
212 5828 55 20 sew
286 5819 49 29 her
350 5829 35 19 on
402 5822 102 31 strong

935 218 180 29 GENERAL
1147 219 115 28 NEWS.

815 316 58 28 The
888 316 141 29 Auckland
1043 319 106 27 natives
1168 318 69 28 have
1251 318 160 30 withdrawn

782 363 70 28 their
871 364 88 36 object
962 364 42 28 ion
1027 368 28 24 to
1077 366 171 36 prospecting
1271 366 45 27 the
1339 366 74 34 Kin;;

782 416 125 33 country.

816 469 94 30 Paddy
937 470 87 37 Ryan,
1045 469 119 38 pugilist,
1188 470 22 28 is
1234 468 128 30 matched
1384 472 28 24 to

782 517 69 33 fight
869 518 83 29 John.
977 517 31 29 L.
1025 519 123 28 Sullivan
1160 521 43 26 for
1225 520 68 27 2500
1313 517 99 30 dollars

782 566 95 28 a-sid\

818 616 84 27 Great
922 616 112 29 interest
1058 618 71 34 (snys
1150 617 46 28 the
1217 617 84 37 Spirit
1318 616 29 29 of
1365 616 47 29 the

783 661 100 36 Times)
899 673 55 18 was
967 663 111 30 aroused
1093 664 35 38 by
1142 664 45 29 the
1200 669 92 24 recent
1305 674 90 26 sugges-

784 712 54 26 tion
861 712 59 27 that
942 713 41 27 AY.
999 714 31 26 G.
1052 714 88 32 Gorge
1153 714 52 26 and
1222 714 29 26 L.
1266 715 32 25 E.
1322 714 91 34 Myers

784 768 67 20 were
874 759 82 30 about
977 764 26 25 to
1017 770 113 26 arrange
1154 769 14 20 a
1187 761 81 29 series
1290 761 30 30 of
1337 770 75 20 races

783 812 27 23 at
835 808 145 33 h:ilt-mile,
1006 809 63 34 1000
1069 809 64 34 yds,
1165 811 126 35 l'2ooyds,
1323 811 73 28 three-

783 856 195 37 quarter-mile,
1010 856 52 30 and
1093 866 52 20 ono
1176 856 72 32 wilo.
1285 858 50 30 We
1366 868 45 20 are

783 905 155 28 authorised
953 905 36 37 by
1004 906 42 28 Mr
1060 907 91 36 Myers
1173 910 27 26 to
1215 910 69 26 state
1305 907 59 29 that
1378 907 33 29 he

783 955 21 25 is
819 953 142 33 unwilling
974 959 27 22 to
1017 964 59 26 give
1089 964 36 26 up
1138 955 87 29 either
1237 955 42 29 his
1288 959 125 25 amateur

784 1000 126 33 standing
924 1011 30 17 or
969 1001 39 27 his
1023 1001 183 38 membership
1224 1003 27 28 in
1267 1003 45 29 the
1333 1002 57 30 Man-

783 1048 94 28 ha'ten
902 1048 118 29 Athletic
1043 1049 78 35 Club,
1151 1051 195 36 consequently
1376 1051 34 28 lie

783 1100 98 21 cannot
895 1105 27 16 m
933 1096 41 26 ike
989 1096 45 26 the
1048 1097 132 34 proposed
1194 1098 131 27 matches.

816 1142 112 29 Female
954 1143 206 37 pedestrianism
1185 1143 28 29 in
1239 1143 47 30 the
1311 1143 98 30 United

783 1191 96 30 States,
906 1192 89 26 which
1020 1193 30 26 of
1071 1193 53 27 late
1149 1192 50 28 has
1217 1192 67 28 been
1309 1202 35 18 on
1364 1194 38 27 tin

782 1244 84 24 wane,
891 1237 132 35 promises
1045 1241 27 24 to
1093 1239 31 26 be
1149 1238 109 28 revived
1279 1241 29 26 to
1334 1248 76 19 some

782 1287 90 22 extent
896 1282 37 35 by
954 1284 46 26 the
1020 1289 92 23 recent
1131 1285 140 34 challenge
1291 1284 30 28 of
1344 1285 66 27 Miss

783 1328 68 28 Kate
865 1328 108 34 Brown,
987 1329 30 28 of
1034 1329 151 39 Liverpool,
1208 1329 136 39 England,
1363 1330 47 29 the

781 1378 262 35 seventy-two-hour
1072 1378 98 29 female
1195 1378 65 35 long
1289 1378 121 30 distance

782 1423 151 37 pedestrian
954 1424 29 28 of
1001 1424 47 30 the
1066 1425 83 34 word,
1171 1425 63 28 who
1253 1434 158 20 announces

781 1472 102 27 herself
893 1482 29 17 as
935 1472 80 34 being
1028 1482 80 25 eager
1121 1479 26 22 to
1168 1477 122 32 compete
1302 1474 109 34 against

781 1528 50 19 one
853 1529 30 18 or
902 1519 36 28 all
961 1519 30 28 of
1010 1520 45 28 the
1074 1520 98 29 female
1195 1520 169 37 pedestrians
1384 1521 29 28 of

781 1566 124 28 America
918 1567 27 27 in
960 1576 15 18 a
988 1568 40 27 six
1041 1568 54 36 day
1110 1570 53 33 (ten
1177 1577 30 18 or
1219 1568 97 28 twelve
1326 1568 83 29 hours

781 1622 45 28 per
855 1613 64 37 day)
951 1618 106 25 contest
1086 1616 41 28 for
1157 1616 73 28 £IOO
1267 1625 31 20 or
1337 1617 74 29 £2OO

780 1660 94 27 a-side.

815 1706 37 37 13)
882 1706 47 29 the
954 1707 53 29 last
1029 1708 55 29 San
1105 1710 145 29 Francisco
1276 1711 67 28 mail
1364 1711 46 29 the

781 1755 188 29 Government
993 1757 123 30 received
1138 1770 16 18 a
1172 1760 79 29 letter
1272 1760 70 29 from
1369 1760 43 29 Sir

781 1803 29 27 F.
836 1803 35 27 D.
897 1802 70 35 Bell,
990 1804 47 29 the
1059 1805 219 35 Agent-General
1301 1808 41 28 for
1365 1808 46 28 the

780 1850 114 36 Colony,
913 1850 104 37 stating
1030 1852 61 30 that
1103 1854 34 28 he
1158 1855 55 28 had
1232 1856 131 36 arranged
1383 1861 27 24 to

780 1901 44 29 get
843 1897 71 29 from
934 1897 47 29 the
1002 1899 91 30 Rhine
1117 1901 55 29 and
1197 1902 178 29 Switzerland
1395 1912 14 19 a

779 1944 73 37 large
866 1946 128 36 quantity
1007 1948 30 27 of
1049 1948 113 28 Salmon
1173 1960 59 22 ova,
1245 1949 53 28 and
1310 1950 59 28 that
1377 1951 34 27 he

779 1991 88 36 hoped
881 2001 66 19 soon
961 1996 28 25 to
1012 1994 80 29 make
1115 2005 16 18 a
1153 1996 59 28 first
1233 1996 138 36 shipment
1386 1999 24 25 of

779 2039 95 27 60.000
888 2039 81 28 Swiss
982 2040 107 28 salmon
1099 2050 59 19 ova.
1196 2043 44 27 He
1254 2043 56 27 also
1322 2043 88 36 hoped

778 2089 29 25 to
838 2086 66 29 send
929 2087 116 29 another
1071 2089 139 37 shipment
1234 2095 26 25 ol
1291 2092 119 30 100,000.

779 2134 43 26 He
836 2133 106 28 further
956 2135 88 27 stated
1058 2136 59 28 that
1136 2144 193 28 arrangement
1342 2149 68 18 were

779 2179 172 37 progressing
984 2182 191 39 satisfactorily
1198 2184 42 28 for
1269 2185 143 37 exporting

777 2227 70 27 from
871 2227 45 27 the
941 2228 114 29 Seewise
1080 2231 114 35 Fishery
1214 2232 29 27 in
1265 2233 118 28 Bavaria
1396 2243 15 18 a

778 2273 128 37 quantity
937 2273 31 29 of
995 2276 84 28 Gieat
1109 2277 75 29 Lake
1209 2282 74 26 trout
1315 2280 97 36 (saimo

779 2320 87 37 fario).
904 2321 45 29 Sir
967 2322 31 28 F.
1022 2323 35 28 D.
1072 2323 60 30 Bell
1145 2325 23 28 is
1189 2325 58 30 also
1266 2327 146 36 arranging

778 2368 41 29 for
841 2369 46 28 the
909 2370 184 29 introduction
1115 2372 30 28 of
1155 2372 114 30 lobsters
1288 2374 58 30 into
1365 2375 45 29 the

777 2415 109 37 colony.
923 2416 45 28 He
990 2416 24 28 is
1036 2417 80 35 being
1130 2419 114 28 advised
1266 2430 30 18 as
1317 2424 28 25 to
1365 2422 47 27 the

777 2463 60 29 best
859 2473 96 19 means
975 2468 28 24 to
1025 2464 84 39 adopt
1122 2469 29 25 to
1170 2466 78 38 bring
1266 2468 75 29 them
1364 2472 45 25 out

778 2510 95 38 safely,
895 2511 54 29 and
968 2511 23 29 if
1000 2511 67 38 they
1087 2514 113 29 succeed
1213 2515 21 28 it
1247 2514 23 29 is
1283 2515 127 31 intended

780 2559 58 29 that
862 2570 17 18 a
903 2560 140 37 shipment
1066 2561 31 28 of
1115 2562 77 29 crabs
1217 2563 71 29 shall
1311 2564 99 29 follow.

779 2606 33 25 In
833 2607 115 25 another
969 2611 62 30 part
1052 2607 30 26 of
1101 2608 43 26 his
1164 2609 79 26 letter
1264 2611 44 25 Sir
1329 2611 31 26 F.
1376 2612 34 26 1).

779 2651 59 29 Bell
851 2656 83 24 states
947 2652 61 29 that
1015 2651 35 30 he
1061 2652 50 30 has
1121 2654 140 30 consulted
1275 2656 137 30 Professor

779 2699 97 27 Cossar
898 2700 94 27 Ewart
1015 2701 29 26 in
1065 2701 97 35 regard
1184 2706 29 23 to
1235 2703 142 29 obtaining
1396 2715 14 17 a

778 2746 98 39 supply
890 2746 30 30 of
938 2747 111 39 herring
1061 2758 52 20 ova
1134 2749 71 30 from
1228 2760 15 20 a
1263 2750 149 38 particular

779 2795 52 36 bay
844 2804 35 18 on
893 2795 46 28 the
953 2800 66 24 west
1031 2800 75 25 coast
1119 2798 30 27 of
1160 2798 131 28 Scotland
1311 2799 101 34 during

779 2842 54 29 this
857 2843 98 28 month
981 2854 31 18 or
1036 2844 46 29 the
1106 2849 73 25 next.
1217 2846 44 29 He
1287 2847 56 30 will
1367 2858 43 19 see

780 2889 58 28 that
850 2889 47 28 the
911 2899 51 18 ova
975 2899 44 19 are
1030 2892 131 35 procured
1175 2896 27 25 at
1224 2903 16 19 a
1253 2893 66 29 time
1337 2899 29 25 to
1380 2896 31 28 fit

781 2938 27 27 in
821 2938 66 28 with
901 2938 46 28 the
958 2938 127 37 despatch
1096 2940 30 28 of
1133 2940 46 29 the
1187 2951 82 20 ocean
1280 2946 131 26 steamers

780 2992 30 17 so
831 2992 30 17 as
882 2986 28 25 to
924 2993 79 18 cause
1018 2993 35 18 no
1073 2985 89 35 delay.
1198 2988 45 26 He
1266 2989 63 26 asks
1351 2990 60 26 that

781 3028 136 37 enquiries
939 3030 90 36 might
1047 3030 33 29 be
1094 3031 78 30 made
1186 3042 30 19 as
1239 3037 28 26 to
1289 3033 122 31 whether

782 3077 75 27 there
882 3086 46 18 are
953 3087 54 26 any
1032 3078 154 29 hatcheries
1210 3089 66 19 near
1296 3091 16 18 a
1336 3086 72 32 quiet

780 3123 134 30 sheltered
928 3124 63 37 bay,
1004 3125 90 30 where
1108 3136 15 19 a
1139 3127 136 30 well-boat
1289 3129 77 30 could
1379 3129 31 30 be

781 3171 134 28 stationed
935 3172 118 28 without
1076 3172 80 37 being
1179 3175 83 27 much
1287 3176 121 29 knocked

781 3218 90 33 about,
885 3228 67 19 even
966 3218 36 38 by
1015 3219 242 38 tides.—Evening
1269 3223 89 28 Press.

814 3274 57 30 The
892 3275 56 30 San
967 3275 144 31 Francisco
1130 3278 60 29 Call
1209 3279 31 29 of
1258 3280 151 30 December

779 3324 63 28 loth
868 3324 50 28 has
943 3324 46 29 the
1240 3327 43 29 Mr
1313 3329 43 28 W.
1381 3330 25 29 J.

779 3371 92 34 lunes,
893 3371 30 28 of
939 3371 123 34 London,
1076 3373 49 27 has
1146 3375 122 27 received
1289 3385 17 18 a
1325 3376 79 28 letter

778 3418 69 30 from
872 3419 120 38 Sydney,
1017 3420 122 36 N.S.W.,
1169 3421 150 40 informing
1349 3424 57 29 him

779 3467 59 29 that
853 3468 119 28 William
986 3469 91 29 Beach
1092 3469 49 29 has
1160 3471 112 30 decided
1290 3477 28 24 to
1341 3476 67 25 start

778 3513 68 27 from
872 3513 112 36 Sydney
1008 3515 41 26 for
1066 3515 130 34 England
1214 3520 66 24 next
1301 3519 106 32 March,

777 3560 40 28 for
837 3559 46 30 the
905 3569 116 30 purpose
1034 3560 30 30 of
1079 3561 151 40 upholding
1243 3562 47 31 the
1309 3564 59 29 title
1380 3566 31 28 of

776 3607 144 37 champion
933 3609 98 28 sculler
1043 3609 31 28 of
1083 3609 46 28 the
1147 3611 84 27 world
1250 3612 108 35 against
1370 3614 35 27 all

944 3656 195 38 Commenting
1159 3668 36 19 on
1209 3658 46 29 the
1273 3659 64 34 fact,
1360 3660 47 31 the

777 3703 112 29 London
903 3703 160 38 Sportsman
1077 3714 62 28 saj's
1194 3708 16 13 44
1222 3707 88 30 There
1323 3708 23 28 is
1358 3713 49 25 not

775 3752 46 28 the
834 3753 125 34 slightest
971 3754 163 36 probability
1146 3755 30 28 of
1186 3756 87 29 either
1296 3757 67 28 lloss
1376 3767 31 19 or

775 3797 114 30 Teemer
909 3799 111 36 visiting
1036 3799 112 38 Sydney
1165 3801 42 28 for
1220 3811 16 19 a
1256 3811 70 26 race,
1340 3804 64 28 each

775 3846 102 36 having
906 3848 108 29 written
1052 3851 29 26 to
1111 3849 56 29 this
1203 3854 115 34 country
1351 3853 54 28 and

777 3894 136 28 Australia
927 3898 28 25 to
974 3894 46 29 the
1035 3895 78 29 effect
1127 3896 60 29 that
1205 3897 66 37 they
1283 3898 89 37 prefer
1390 3909 15 19 a

776 3943 90 28 match
882 3953 34 18 on
931 3943 45 29 the
989 3943 120 29 Thames
1122 3945 66 28 with
1199 3946 91 28 Beach
1304 3947 42 27 for
1358 3948 47 28 the

774 3989 211 38 championship
1009 3990 30 28 of
1057 3991 47 28 the
1116 3992 86 28 world
1214 4002 31 19 or
1268 4002 15 19 a
1304 4003 83 27 sweep-

774 4037 76 28 stake
866 4038 78 37 (open
958 4042 29 24 to
1001 4037 46 29 the
1060 4038 96 35 world)
1171 4042 29 25 to
1217 4039 33 28 be
1270 4041 92 28 drawn
1376 4042 27 27 in

774 4095 82 26 pairs.
876 4085 57 29 The
944 4086 80 29 latter
1032 4087 156 35 suggestion
1200 4097 54 20 was
1260 4089 143 38 originally

774 4132 79 27 made
876 4132 37 36 by
959 4133 119 34 Pegasus
1125 4143 16 16 a
1155 4135 63 32 long
1236 4135 67 26 time
1321 4136 82 32 since,

774 4178 54 29 and
849 4179 34 29 he
903 4180 24 28 is
948 4178 54 30 still
1027 4180 157 29 authorised
1208 4185 28 25 to
1261 4191 143 20 announce

774 4226 59 28 that
857 4236 16 18 a
895 4226 163 29 substantial
1077 4237 60 18 sum
1160 4229 31 27 of
1211 4230 72 35 prize
1304 4239 100 28 money

774 4274 53 28 will
843 4274 30 29 be
886 4275 87 29 added
987 4279 27 24 to
1028 4286 15 17 a
1056 4276 167 37 sweepstake
1242 4277 30 29 of
1289 4279 72 28 £'loo
1374 4288 29 19 or

775 4323 72 26 .£3OO
871 4322 77 32 each,
972 4323 23 27 if
1017 4323 103 32 Beach,
1142 4324 123 33 Teemer,
1290 4326 112 27 Hanlan

774 4369 53 28 and
850 4369 68 29 Ross
940 4380 44 19 are
1081 4370 48 29 the
1261 4375 27 26 to
1311 4372 92 30 decide

775 4416 60 27 who
857 4417 23 27 is
901 4416 46 28 the
961 4417 157 37 champion,
1131 4418 28 27 in
1179 4427 15 19 a
1216 4419 58 30 fair,
1297 4429 106 27 square,

773 4464 54 28 and
847 4463 165 38 thoroughly
1031 4466 117 36 genuine
1175 4470 107 26 contest
1300 4477 36 19 on
1356 4468 47 30 the

773 4511 144 35 champion
939 4522 94 18 course
1047 4514 26 26 of
1094 4512 47 29 the
1163 4514 239 38 World—Putney

773 4563 27 23 to

882 4649 25 28 A
926 4649 184 30 BUSINESS
1133 4651 166 29 MELODY.

772 4746 86 28 There
871 4756 55 19 was
939 4755 16 19 a
968 4755 65 19 man
1046 4746 28 28 in
1088 4755 49 19 our
1147 4749 82 29 town,

805 4785 62 28 And
881 4785 33 28 he
928 4795 55 17 was
995 4784 143 28 wondrous
1147 4784 75 32 wise,

773 4823 53 28 For
838 4823 79 29 when
930 4823 34 28 he
978 4823 112 28 marked
1103 4821 44 29 his
1160 4822 86 38 prices
1258 4822 80 30 down

805 4861 44 30 He
863 4863 66 29 then
942 4861 46 30 did
999 4861 143 30 advertise.

771 4939 59 28 And
847 4940 78 27 when
940 4940 33 27 he
986 4948 56 19 saw
1056 4939 43 27 his
1111 4938 76 28 trade
1200 4940 130 33 increase,

804 4976 76 28 With
894 4977 37 27 all
945 4977 42 27 his
1000 4976 89 34 might
1101 4976 54 28 and
1169 4976 75 28 main

771 5014 43 30 He
828 5014 112 30 marked
953 5014 54 29 still
1021 5013 82 30 lower
1114 5023 82 29 every
1206 5014 83 39 price,

804 5054 61 28 And
879 5053 151 29 advertised
1043 5054 89 35 again.

770 5131 61 27 And
845 5132 79 27 when
939 5131 33 28 he
985 5131 153 28 advertised
1150 5131 91 33 again,

804 5169 53 28 His
870 5169 82 28 rivals
966 5169 123 37 stamped
1104 5168 54 29 and
1172 5173 67 27 tore,

769 5208 39 28 To
821 5220 43 17 see
879 5208 68 29 folks
960 5209 65 28 rush
1039 5208 65 29 with
1119 5208 89 37 might
1221 5207 53 31 and
1288 5208 75 31 maiu

804 5248 38 26 To
856 5249 136 33 patronise
1006 5248 43 26 his
1063 5252 80 22 store.

771 5322 59 28 And
846 5322 80 29 while
941 5322 65 36 tliey
1019 5326 41 24 sat
1073 5322 27 28 in
1115 5322 125 35 politude,

804 5361 61 26 And
879 5371 54 17 saw
947 5361 58 27 him
1018 5366 107 22 custom
1138 5361 63 32 win,

770 5398 71 28 That
854 5408 65 19 man
935 5399 98 28 behind
1046 5398 46 29 the
1105 5408 111 19 counter
1229 5400 78 29 stood

805 5437 60 26 And
879 5437 82 27 raked
975 5439 45 26 the
1034 5437 107 28 shekels
1154 5437 38 28 in.

772 5513 58 27 And
846 5514 76 27 when
936 5513 36 27 he
986 5512 81 28 raked
1080 5514 46 27 the
1140 5513 106 28 shekels
1260 5514 38 34 in,

805 5551 60 27 And
879 5560 55 19 saw
949 5551 41 27 his
1004 5552 106 26 fortune
1122 5551 95 36 rising,

771 5590 43 27 He
828 5589 62 28 took
905 5599 16 18 a
933 5589 98 36 goodly
1046 5589 38 28 lot
1096 5590 30 27 of
1136 5590 40 27 tin

804 5628 61 28 And
880 5628 63 36 kept
956 5638 35 17 on
1004 5627 175 36 advertising.

774 5703 72 30 Each
861 5703 54 37 day
928 5714 15 18 a
957 5713 130 24 generous
1101 5712 59 19 sum
1178 5703 61 30 he'd
1253 5705 69 35 sink,

806 5743 60 28 And
881 5743 183 28 demonstrate
1077 5743 49 27 full
1140 5743 73 35 plain

771 5782 58 28 The
844 5792 73 17 more
932 5791 50 18 one
997 5790 66 26 pavs
1077 5780 40 29 for
1131 5780 125 36 printer's
1269 5782 47 29 ink

807 5821 56 27 The
877 5825 104 28 greater
994 5820 22 27 is
1030 5820 42 26 his
1084 5820 73 33 gain.

1322 79 117 41 THE
1493 82 185 43 LYELL
1730 86 185 49 TIMES,
1970 87 304 49 SATURDAY,
2332 87 294 44 FEBRUARY
2681 102 60 38 27,
2799 91 89 40 1886

3413 5710 111 27 Printed
3539 5711 53 26 and
3607 5711 148 36 published
3774 5712 36 36 by
3826 5713 48 28 tbe
3888 5715 161 34 proprietor,

3447 5748 104 29 Walter
3563 5749 96 30 Atkm,
3672 5758 27 20 at
3714 5751 47 28 the
3780 5751 161 35 Hejjistered
3963 5753 85 29 Office

3447 5795 22 19 <>l
3480 5788 45 27 tlie
3539 5793 16 10 '•
3565 5789 387 32 LvellTimes.''CliiTStro.-t,
3961 5793 88 33 Lyell,

3447 5828 87 25 Count
3542 5837 14 17 v
3572 5828 29 26 »>f
3615 5828 99 29 P.ulh-r,
3725 5828 106 28 (OUmv
3848 5832 23 25 oi
3888 5830 66 27 N.Z.

1516 207 172 41 Westport
1705 210 303 37 Advertisements.

1441 285 32 57 g
1493 286 14 56 i
1528 286 31 56 l
1576 259 491 98 miTr'siioteX

1679 388 157 31 westport,

1464 459 146 39 Corner
1636 457 43 41 of
1706 460 239 41 Palmerston
1970 464 75 39 and

1556 513 212 42 Wakefield
1795 516 159 48 Streets,

1443 605 276 61 CONVENIENT
1741 609 28 27 to
1788 606 46 30 the
1848 606 155 39 Telegraph
2015 608 52 30 and

1530 645 64 28 Post
1608 645 108 33 Offices,
1730 644 55 28 and
1797 645 95 36 nearly
1905 647 124 36 opposite
2041 651 27 24 to

1441 684 32 28 he
1488 683 74 29 K.Af.
1578 683 87 30 Court
1679 682 55 31 and
1754 683 81 30 H.M<
1848 683 139 32 Customs.

1441 792 179 41 Gilmer's
1640 790 175 46 Masonic
1840 792 128 48 Hotel,

1955 855 112 22 NELSON.

1441 886 177 41 Gilmer's
1644 886 131 49 Hotel,

1888 950 179 22 OREYMOUTH.

1440 980 178 41 Gilmer's
1638 981 121 52 Royal
1778 979 86 41 Oak
1885 981 129 47 Hotel,

1876 1042 191 22 WELLINGTON.

1472 1148 77 29 Good
1570 1147 238 30 accommodation
1827 1147 42 30 for
1888 1148 178 31 Commercial

1438 1188 159 29 Travellers,
1611 1188 66 28 with
1690 1187 105 37 sample
1808 1197 91 19 rooms
1912 1188 138 36 provided.

1471 1226 24 26 A
1520 1225 88 36 Night
1631 1225 95 27 Porter
1750 1225 103 35 always
1877 1235 36 18 on
1938 1226 46 28 the
2009 1236 44 26 pre-

1437 1263 91 27 mises.

1471 1299 127 32 Booking
1617 1299 85 28 Office
1720 1300 42 27 for
1773 1299 47 28 the
1833 1299 168 33 Charleston,
2015 1301 35 27 Ad-

1437 1335 113 35 dison's,
1564 1337 114 28 Reefton
1691 1336 54 28 and
1765 1337 79 37 Lyell
1857 1337 130 28 Coaches.

1472 1376 78 29 Good
1563 1374 127 36 stabling,
1704 1376 68 29 with
1785 1376 77 38 eight
1881 1376 79 30 horse
1982 1376 85 35 stalls,

1437 1414 129 30 attached
1578 1417 28 25 to
1620 1415 45 28 the
1679 1416 140 35 premises.

1643 1471 121 32 JOHN
1784 1471 190 40 GILMER,

1871 1515 163 37 Proprietor.

1438 1599 90 60 TflT
1627 1599 439 62 gTEUTHEKS

1580 1695 89 32 HAS
1686 1695 64 32 ON
1770 1696 151 32 SALE-

1487 1770 236 52 Ccrrugated
1744 1772 100 47 Iron,

1487 1832 201 54 Crockery,

1489 1896 322 51 Paperhangings,

1487 1958 132 39 White
1640 1959 119 47 Lead,

1487 2022 94 45 Oils,

1486 2082 222 48 Varnishes,

1488 2147 124 39 Doors
1627 2148 74 38 and
1721 2147 153 47 Sashes,

1488 2210 169 52 Cutlery,

1488 2273 463 52 Cutlery-Electroplate;
1980 2274 73 39 and

1488 2335 240 41 Brushware.

1477 2463 319 39 PALMERSTON
1840 2464 193 48 STREET,

1650 2527 214 28 WESTPORT.

1475 2608 288 57 Thomas
1789 2608 246 71 James,

1568 2719 265 47 SADDLER,
1863 2718 66 39 &c.
1934 2750 9 15 y

1438 2804 219 29 TMPORTER
1676 2813 55 19 and
1757 2805 311 29 MANUFACTURER

1737 2865 34 21 OF

1440 2912 59 40 All
1530 2912 253 53 descriptions
1802 2912 41 40 of
1871 2913 195 55 Saddlery,

1489 2977 183 44 Harness,
1692 2978 110 47 Long
1813 2977 75 36 and
1908 2978 114 37 Short

1538 3035 202 53 Leggings,
1812 3036 158 53 Plough,

1584 3102 32 37 &
1636 3100 106 39 Back
1769 3101 153 48 Chains,

1633 3163 156 48 Traces,
1807 3166 66 37 &c.

1441 3292 110 38 Repairs
1563 3292 103 39 Neatly
1678 3293 55 29 and
1753 3292 144 41 Promptly
1920 3293 148 31 Executed.

1437 3404 174 38 Up-country
1624 3404 94 30 orders
1734 3405 141 38 promptly
1887 3406 131 30 attended
2031 3410 37 26 to.

1435 3518 49 27 ON
1505 3518 206 28 SALE—Steel
1741 3519 137 32 Polished,
1909 3520 54 27 and
1995 3521 73 28 Solid

1504 3554 89 30 Silver
1621 3555 70 34 Bits,
1722 3555 132 38 Stirrups,
1886 3556 56 29 and
1973 3557 95 38 Spurs,

1503 3594 103 36 Riding
1628 3594 124 34 Saddles,
1774 3594 73 28 Pack
1870 3595 123 33 Saddles,
2014 3596 54 29 and

1504 3631 99 37 Whips
1614 3632 31 28 of
1658 3632 37 28 all
1707 3632 189 36 descriptions.

1645 3961 208 36 IMPORTER,

1432 4053 314 61 WHOLESALE
1774 4055 128 40 WINE,
1929 4055 110 34 SPIRI

1531 4215 196 38 Provision
1748 4215 216 40 Merchant.

1470 4414 318 38 PALMERSTON
1831 4415 192 47 STREET,

1641 4511 215 26 WESTPORT.

2177 214 144 32 Reefton
2348 215 293 32 Advertisements

2215 295 54 41 W.
2310 295 302 51 HINDMARSH,

2102 416 320 39 OHAREBIIOKEB,
2446 417 180 38 mining,
2650 420 77 29 and

2187 494 166 42 General
2378 497 261 41 Commission

2347 587 137 54 Agent,

2130 717 289 48 BROADWAY,
2447 718 245 50 REEFTON,

2218 828 140 35 (Opposite
2377 827 36 28 So
2425 828 89 29 ltliern
2528 828 81 29 Cross

2361 884 103 31 Hotel.)

2098 968 339 61 Dawson's
2502 971 223 73 Hotel,

2192 1074 223 33 BROADWAY,
2445 1075 184 29 REEFTON.

2098 1185 89 31 ITlhe
2206 1187 236 29 accommodation
2465 1189 125 37 supplied
2611 1190 37 36 by
2674 1190 54 29 this

2186 1225 85 27 house
2285 1232 102 22 cannot
2401 1228 30 26 be
2444 1229 146 32 surpassed
2611 1229 28 27 iu
2662 1230 66 27 New

2096 1260 129 29 Zealand.

2100 1362 172 55 Booking
2307 1365 120 43 Office
2463 1367 56 40 for
2555 1367 171 42 Mitchell

2145 1419 76 37 and
2266 1423 232 50 Campbell's
2556 1425 121 50 Royal

2196 1473 94 42 Mail
2322 1478 96 38 Line
2440 1477 42 39 of
2509 1479 96 38 Grev-

2588 1519 13 10 j

2248 1531 132 39 mouth
2397 1532 188 39 Coaches.

2130 1661 67 28 This
2210 1661 85 29 Hotel
2309 1661 34 29 is'
2354 1662 61 27 well
2437 1661 99 29 known
2561 1662 167 35 throughout

2098 1699 66 28 New
2179 1700 117 28 Zealand
2310 1701 42 27 for
2371 1701 35 26 its
2426 1701 234 28 accommodation
2675 1702 53 27 and

2096 1738 180 29 convenience
2289 1738 42 29 for
2349 1740 111 27 tourists
2480 1738 54 29 and
2554 1739 174 29 commercial

2098 1777 147 30 travellers.

2292 1824 126 38 JOHN
2438 1824 212 47 DAWSON,

2530 1880 163 34 Proprietor.

2256 1961 308 33 STEVENSON'S

2100 2022 364 60 M'G-affin's
2502 2023 225 72 Hotel,

2200 2126 223 35 BROADWAY,
2443 2127 186 28 REEFTON.

2098 2256 121 59 THTS
2235 2256 178 33 Magnificent
2426 2258 84 27 Hotel
2523 2258 55 28 will
2601 2259 32 27 be
2646 2259 84 27 found

2186 2293 102 38 replete
2301 2295 67 29 with

2191 2368 92 21 EVERY
2302 2368 127 21 COMFORT
2446 2368 56 21 AND
2521 2369 116 21 MODERN

2310 2406 206 21 CONVENIENCE.

2130 2512 132 33 Tourists,
2288 2512 175 30 commercial
2493 2512 151 34 travellers,
2676 2514 54 28 and

2097 2551 92 28 others
2199 2551 54 29 will
2268 2551 63 29 here
2345 2551 56 29 find
2416 2561 82 23 every
2511 2552 137 29 attention
2658 2562 54 19 com-

2096 2590 82 28 bined
2192 2590 65 28 with
2272 2590 82 28 home
2367 2591 138 29 comforts.

2096 2700 157 38 Booking
2272 2700 105 32 Office
2389 2701 54 30 for
2454 2701 169 31 Newman
2636 2700 94 33 Bros'

2123 2743 109 42 Royal
2245 2745 86 31 Mail
2343 2744 86 33 Line
2443 2743 40 33 of
2490 2745 132 32 Nelson
2635 2746 70 31 and

2239 2790 174 39 Westport
2426 2790 162 33 Coaches.

2157 2881 160 40 JAMES
2362 2882 305 47 STEVENSON,

2322 2944 180 20 PROPRIETOR.

2099 3015 251 65 City
2373 3015 356 54 Hotel

2128 3096 288 48 BROADWAY,
2449 3097 246 41 REEFTON.

2099 3224 281 61 COMMERCIAL
2400 3226 164 32 Travellers,
2590 3227 138 32 Families,

2186 3264 53 28 awl
2260 3264 47 28 the
2327 3265 91 36 public
2437 3264 140 37 generally
2597 3265 57 27 will
2673 3266 55 27 find

2096 3302 55 30 this
2163 3302 174 30 well-known
2358 3304 84 28 Hotel
2461 3303 76 29 fitted
2558 3304 67 28 with
2647 3314 81 28 eyery

2096 3342 112 28 modern
2222 3351 69 20 conv
2308 3344 97 26 nience
2415 3343 54 27 and
2482 3343 194 37 requirement.

2144 3454 85 41 The
2262 3455 256 53 Proprietress
2549 3457 31 39 is
2605 3457 102 40 deter-

2095 3510 127 38 mined
2250 3518 40 30 to
2309 3524 109 35 spare
2438 3524 48 24 no
2506 3525 163 35 expense
2690 3513 37 37 in

2095 3562 155 52 making
2267 3562 77 39 this
2365 3563 116 39 Hotel
2502 3563 225 54 thoroughly

2094 3617 111 51 equal
2225 3624 39 32 to
2282 3617 50 38 all
2351 3617 286 50 requirements.

2093 3744 92 37 Local,
2204 3745 125 31 Colonial
2353 3746 55 30 and
2435 3746 90 30 Home
2549 3756 98 29 papers
2671 3747 55 30 and

2213 3786 162 34 periodicals
2388 3787 137 34 regularly
2537 3787 73 27 filed.

2259 3839 151 43 ALICE
2436 3839 238 52 NEVILLE,

2532 3906 192 35 Proprietress.

1547 4744 156 38 PETEE
1731 4745 212 46 MULVAY,

1454 4831 221 37 SLUMBER,
1705 4832 237 36 TINSMITH,
1972 4834 87 29 AND

1454 4880 8 17 »
1601 4870 220 36 GASFITTER,
1835 4872 55 29 and

1506 4954 473 47 COPPERWORKER,

1460 5068 214 38 Palmerston
1700 5068 121 47 Street,
1841 5070 185 47 Westport,

1543 5173 141 38 (Opposite
1697 5174 128 28 Gilmer's
1837 5173 106 38 Hotel.)

1431 5324 91 31 Evfrv
1538 5323 179 32 deeerintion
1735 5324 32 31 of
1792 5323 176 35 Holloware,
1983 5324 56 31 Tin-

1465 5367 116 31 smiths'
1598 5369 113 36 Grodn,
1726 5369 55 29 and
1806 5368 210 40 Ironmongery

1624 5411 71 40 kept
1717 5412 29 31 in
1767 5411 95 34 stock-

1556 5546 24 28 A
1594 5546 87 35 Large
1694 5546 200 35 Consignment
1906 5546 30 29 of

1470 5610 187 42 STOVES
1682 5611 102 41 AND
1820 5610 196 42 RANGES

1634 5699 61 20 NOW
1714 5699 33 20 TO
1766 5699 85 20 HAND.

1613 5823 43 28 All
1675 5822 84 29 Work
1773 5822 181 29 Guaranteed.

2926 220 117 30 Public
3063 221 150 30 Notices.

2890 301 127 40 JOHN
3065 301 186 49 MUNUO,

2757 430 234 68 QENKRAL
3022 432 246 30 MERCHANT
3300 432 86 30 ANT)

2971 508 206 35 IMPORTER,

2858 623 237 41 Palmerst'on
3152 628 137 44 Street,

2968 747 103 24 west
3078 747 105 24 port.

2804 844 243 32 JOHNSTON
3076 848 27 29 &
3128 848 214 31 WATKINS

2973 921 106 30 CIVIL
3098 923 79 28 AND

2844 998 73 28 INI
2928 999 22 27 N
2963 999 24 28 G
3131 1001 152 28 NGIXE
3295 1002 58 27 ER
3363 1003 27 31 S,

2944 1085 180 19 AUTHoIMSKI)
3147 1087 56 17 AND

2761 1126 277 40 LICENSED
3065 1129 326 38 SURVEYORS

2759 1218 129 35 Working
2913 1220 83 27 Flans
3018 1222 54 27 and
3099 1222 106 27 Details
3230 1223 30 26 of
3286 1221 106 35 Mining

2791 1257 162 32 Machinery
2966 1260 132 34 prepared
3109 1260 53 26 and
3173 1261 45 25 tlie
3230 1261 128 26 Erection

2843 1296 107 36 Mining
2965 1297 159 37 Machinery
3138 1298 167 35 supervised.

2757 1369 118 37 Surveys
2888 1369 42 30 for
2941 1369 109 37 Mining
3059 1371 166 38 Companies
3235 1373 156 29 contracted

2757 1409 38 28 for
2809 1409 34 37 by
2858 1411 45 28 the
2916 1420 73 26 year.
3027 1411 120 35 Surveys
3157 1414 80 26 made
3250 1413 86 29 under
3346 1413 46 27 the

2929 1449 58 28 Lan
2997 1449 10 27 l
3021 1449 128 29 Transfer
3159 1452 61 26 Act.

3003 1527 137 28 Address:

2757 1563 167 34 Broadway,
2945 1564 132 29 Rekftox
3089 1575 6 22 ;
3124 1575 55 19 axd
3205 1567 187 28 Commercial

2959 1604 110 33 Hotel,
3089 1606 91 27 Lyeli

2790 1679 291 31 N.H.—lnstructions
3095 1683 48 27 left
3156 1689 27 22 at
3197 1684 90 28 Times
3298 1684 93 30 Office,

2756 1724 14 20 I
2780 1719 64 30 yell,
2858 1719 54 26 will
2926 1721 104 26 receive
3039 1721 159 28 immediate
3211 1723 145 26 attention.

2887 1804 65 57 N
2959 1805 309 60 ewman's

2758 1916 206 59 ROYAL
3010 1919 75 58 M
3099 1919 85 26 AIL
3228 1921 58 57 L

2958 2008 48 27 OF
3025 2009 178 28 COACHES

2792 2101 253 30 Thbtck-'Weekly
3071 2104 122 28 Service
3216 2104 142 29 Between

2845 2151 106 31 Lyell,
2965 2151 133 27 Reefton
3111 2160 56 18 and
3181 2152 126 28 Nelson.

2760 2243 90 28 Leave
2872 2243 82 35 Lyell
2972 2243 42 28 for
3032 2244 104 28 Nelson
3153 2255 83 26 every
3258 2246 134 37 Tuesday,

2759 2289 147 37 Thursday
2913 2291 55 27 and
2980 2291 148 35 Saturday,
3138 2297 29 22 at
3177 2295 63 25 2.30
3250 2302 77 27 p.m.,
3339 2295 53 26 and

2759 2337 80 36 Lyell
2852 2337 41 28 for
2906 2337 139 36 Westport
3057 2338 55 28 and
3126 2339 127 33 Reetton,
3273 2351 35 17 on
3323 2342 51 26 Sun-

2759 2383 64 38 day,
2836 2384 174 38 Wednesday
3024 2385 55 29 aud
3094 2385 111 39 Friday,
3214 2392 29 24 at
3255 2387 62 29 0.30
3327 2398 65 19 a.m.

2759 2469 166 35 Passengers
2951 2470 101 28 booked
3085 2471 43 27 for
3157 2471 149 38 Hampden
3339 2475 52 25 and

2879 2516 80 29 other
2972 2518 191 28 intermediate
3177 2518 101 37 places.

2931 2596 131 28 Booking
3083 2597 120 28 Offices
3213 2606 7 19 :

2760 2650 138 36 Westport
3161 2653 132 26 Gilmer's
3307 2654 84 26 Hotel

2759 2697 117 29 Reefton
3119 2699 177 29 Stevenson's
3309 2700 83 28 Hotel

2759 2744 104 28 Nelson
3171 2747 125 28 Masonic
3310 2749 82 26 Hotel

2792 2839 46 28 All
2850 2840 107 38 parcels
2970 2846 76 22 must
3058 2840 32 28 be
3106 2841 123 37 prepaid,
3248 2842 144 29 otherwise

2892 2888 67 36 they
2972 2888 56 29 will
3041 2889 32 28 be
3086 2890 49 27 left
3149 2889 111 29 behind.

3083 2944 38 28 H.
3142 2944 183 34 NEWMAN,

3193 2984 158 33 Proprietor

2822 3070 148 28 LADIES'
2991 3070 49 28 OR
3059 3070 274 30 GENTLEMEN'S

2762 3122 297 61 gADDLE
3128 3124 262 58 JJACKS,

2892 3212 92 36 (Quiet
2996 3212 56 29 and
3065 3213 198 30 Well-broken)

2757 3274 73 28 FOll
2843 3274 98 28 HIRE
2954 3274 50 28 BY
3017 3274 78 28 THE
3111 3274 280 29 UNDERSIGNED

2876 3327 41 28 At
2937 3326 167 29 Inangahua
3121 3326 152 30 Junction.

2791 3427 113 29 Horse's
2916 3430 61 25 sent
2988 3429 37 34 Jto
3038 3426 80 29 Lvell
3131 3430 29 24 at
3179 3435 15 19 a
3208 3429 150 26 moment's

3020 3465 101 30 notice.

2755 3552 198 46 Courtney's
2961 3552 301 37 Accommodation
3271 3552 119 36 House

2754 3610 113 33 Having
2892 3608 85 36 lately
2997 3608 70 29 been
3088 3608 192 36 considerably
3301 3609 88 28 added

2754 3651 28 23 to
2802 3647 55 27 and
2876 3647 153 36 improved,
3043 3647 23 27 is
3086 3656 61 18 now
3161 3656 51 18 one
3225 3647 30 27 of
3271 3647 46 27 the
3330 3647 59 28 best

2754 3685 146 38 appointed
2914 3685 54 29 and
2981 3690 73 24 most
3066 3684 178 30 comfortable
3264 3684 125 30 roadside

2863 3724 111 28 house's
2986 3734 36 18 on
3035 3724 47 28 the
3095 3724 77 27 West
3186 3724 92 28 Coast.

2768 3836 240 36 FRIAiNCIS
3059 3836 312 42 COURTNEY,

2977 3907 191 26 Proprietor.

2425 4024 117 54 THE

2091 4155 325 41 PRINTING
2467 4158 126 38 AND
2642 4158 424 38 PUBLISHING
3118 4158 267 45 OFFICE,

2504 4275 147 31 CLIFF
2687 4277 71 33 ST.,
2796 4277 176 29 LYELL.

2090 4473 246 56 The
2488 4473 353 67 Lyell

2156 4605 37 40 Is
2211 4619 72 27 one
2302 4605 42 40 of
2358 4606 64 39 the
2441 4605 85 42 best
2545 4608 97 40 local
2662 4609 188 41 mediums
2869 4611 56 39 for
2942 4612 248 54 distributing
3208 4629 116 34 news,

2332 4697 339 49 Advertisements,
2694 4701 76 39 and
2789 4701 169 52 subjects
2977 4703 42 38 of
3034 4704 96 39 local

2528 4786 170 49 interest,
2720 4788 233 52 throughout

2318 4875 64 42 the
2419 4876 131 41 Buller
2582 4878 78 40 and
2699 4878 222 54 Inangahua
2957 4881 196 39 Counties.

2135 5090 170 53 Charges
2323 5090 56 39 for
2398 5090 179 53 standing
2594 5091 329 47 advertisements,
2944 5106 90 38 very
3048 5093 236 39 reasonable.

2137 5181 80 47 Job,
2265 5181 120 47 Plain,
2424 5181 75 38 and
2542 5182 49 38 all
2627 5182 110 39 kinds
2777 5183 41 38 of
2848 5183 178 52 printing,
3065 5183 183 38 executed
3293 5182 89 39 with

2086 5250 184 49 despatch
2291 5257 39 32 at
2349 5251 64 38 the
2433 5251 129 38 lowest
2582 5252 136 49 prices.

2133 5334 333 43 Communication
2486 5337 50 53 by
2555 5344 85 44 post
2655 5350 42 27 or
2716 5338 84 39 wire
2821 5338 193 52 promptly
3032 5338 183 40 attended
3236 5345 49 32 to.

2606 5575 252 42 ADDRESS:

2623 5793 221 40 LYELL.

3590 220 118 31 Public
3733 221 151 29 Notices.

3543 300 189 40 SANDER
3754 300 28 37 &
3804 299 125 37 SONS'

3416 373 372 72 Eucalypti

3746 463 308 62 Extract-.

3454 637 19 31 •.!
3483 639 120 24 ion;.-.'!:-.*
3634 636 70 27 x.oi.
3737 636 24 25 vV
3776 645 75 18 /t\.>;it
3933 635 18 28 ft
3981 638 75 30 I"71')

3421 675 108 28 \»o.-i<-r,
3802 682 22 18 ;•„!
3840 675 44 34 !!•♦•
3899 675 18 26 U
3924 677 132 32 river-ay

3418 713 172 29 <i:e;;'-Vv-uj(i,
3629 719 150 31 Ijer.ui.'.-J.y.
3816 713 240 37 oportoThn

3422 754 143 33 i'.'.icaivjui
3586 754 115 25 bxtract
3726 753 102 35 proved
3848 752 208 36 magnificently

3418 790 149 28 successful
3599 799 27 18 in
3659 799 65 28 very
3762 799 94 19 severe
3887 790 169 32 contusions,

3420 830 112 28 hiiii.es.
3541 830 118 37 sprains,
3668 829 123 34 wounds,
3952 830 104 28 broken

3420 868 63 30 ribs,
3492 876 52 19 ami
3556 864 92 31 limbs.
3682 869 25 27 It
3716 869 158 36 effectually
3885 875 75 30 stays
3969 869 37 27 all
4014 870 28 26 in-

3420 906 173 30 llainmation
3607 907 52 28 and
3675 907 134 36 swelling.
3846 908 75 33 Also,
3941 908 46 28 the
4001 917 42 19 ser-

3422 947 71 26 vices
3506 947 110 28 deiweu
3630 947 70 28 from
3710 949 21 26 it
3739 949 28 25 iu
3781 947 36 28 all
3824 947 138 28 disorders
3972 948 30 27 of
4009 948 47 27 the

3421 985 163 37 respiratory
3595 995 108 23 organs,
3714 996 30 17 as
3753 995 92 27 croup,
3856 985 147 36 diptheria,
4014 988 27 26 in-

3421 1022 172 29 flammation
3619 1026 31 25 of
3668 1025 45 26 tlie
3737 1023 143 29 bronchial
3899 1025 78 27 tubes
4000 1025 56 28 and

3423 1061 87 32 lungs,
3525 1063 112 26 chronic
3656 1062 122 33 catarrh,
3791 1063 160 30 bionehitis,
3971 1065 85 31 colds,

3421 1102 55 29 &c.,
3492 1110 44 18 are
3551 1107 46 21 not
3617 1109 28 19 to
3658 1101 32 27 be
3704 1102 126 35 equalled
3850 1102 34 36 by
3903 1111 54 27 any
3976 1102 80 29 other

3423 1137 194 28 niedieainent.

3422 1199 133 31 Sander
3572 1199 27 31 &
3615 1199 88 31 Sons
3716 1199 183 41 Eucalypti
3912 1200 143 32 Extract

3455 1249 97 30 Lister,
3573 1249 87 31 M.1).,
3679 1250 148 31 Professor,
3853 1252 56 29 &c.,
3929 1251 124 32 London,

3422 1286 45 26 the
3482 1286 122 33 Leading
3623 1295 115 26 surgeon
3753 1288 30 26 of
3794 1288 45 26 the
3853 1293 110 31 present
3975 1289 78 32 time,

3428 1324 82 26 ■tiiteil
3523 1329 27 21 sit
3563 1324 47 27 the
3623 1324 52 28 last
3692 1326 123 32 meeting
3826 1328 31 24 of
3872 1326 45 27 the
3937 1326 117 28 Clinical

3423 1360 115 35 Society.
3547 1361 123 31 London,
3678 1371 29 17 as
3719 1362 144 36 published
3869 1363 28 26 in
3906 1363 147 27 Gaillard's

3422 1398 117 29 M.vlit'iil
3557 1399 126 30 Jourii-1.
3696 1400 61 30 thiit
3769 1400 46 29 the
3834 1401 146 37 Eucalypti
3998 1401 36 29 Ex-

3422 1446 69 19 tract
3503 1440 23 25 is
3539 1439 46 26 the
3600 1440 55 26 l)cst
3669 1439 100 28 known
3789 1441 144 35 antiseptic
3948 1449 107 27 (lueans

3420 1478 26 25 ol
3461 1478 161 35 preventing
3634 1479 203 34 putrefaction).

3422 1538 132 30 Sander
3572 1538 27 30 &
3614 1538 88 30 Sons
3716 1539 185 39 Eucalypti
3913 1540 144 30 Extract

3456 1587 154 35 (American
3626 1588 117 28 Medical
3753 1588 125 33 Journal,
3890 1591 164 31 November,

3425 1627 72 34 1.881.1
3511 1627 69 26 —ln
3594 1626 119 29 diseases
3725 1629 30 26 of
3771 1628 46 27 the
3835 1627 112 37 kidney,
3967 1629 88 28 either

3421 1671 86 20 ,u»tive
3520 1666 158 34 congestion
3690 1675 31 18 or
3728 1667 175 35 suppression
3918 1668 134 34 (uremia)

3420 1704 35 25 nil
3469 1703 192 32 albuminuria,
3674 1704 111 35 dropsy,
3799 1704 126 31 lithiasis,
3939 1706 115 33 nothing

3420 1740 54 27 wiil
3488 1742 79 33 equni
3582 1751 26 16 in
3624 1742 34 26 its
3668 1743 89 25 action
3774 1742 147 37 Eucalypti
3932 1744 122 27 Extract.

3423 1780 93 30 Doses,
3543 1780 51 28 live
3619 1785 28 23 to
3672 1781 75 33 eight
3775 1780 83 38 drops
3880 1783 29 27 in
3940 1792 16 18 a
3985 1782 70 29 little

3420 1819 153 27 sweetened
3599 1826 83 21 water
3707 1822 78 26 twice
3812 1831 30 17 or
3866 1822 78 27 three
3974 1822 82 28 times

3420 1857 84 34 daily.
3741 1880 8 4 .

3422 1917 132 28 Sander
3572 1918 27 27 &
3614 1918 88 29 Sons
3715 1919 186 37 Eucalypti
3914 1920 144 30 Extract

3457 1965 92 35 (From
3562 1966 144 28 American
3718 1967 116 28 Medical
3843 1968 126 34 Journal,
3980 1969 75 32 Jan.,

3424 2004 86 31 1882).
3513 2004 135 33 —Pitzer,
3677 2006 86 31 M.D.,
3784 2007 139 27 Professor
3946 2008 110 34 Theory

3422 2041 54 26 and
3492 2041 122 28 Practice
3626 2044 30 25 of
3667 2043 142 29 Medicine,
3821 2045 146 27 American
3979 2046 57 26 Med-

3422 2078 52 27 ical
3487 2078 121 34 College,
3621 2090 64 24 says
3696 2081 71 27 :—lt
3779 2081 23 26 is
3813 2082 47 27 the
3873 2082 57 28 best
3941 2083 114 35 remedy

3423 2115 98 29 known
3541 2116 27 29 in
3590 2118 225 37 typhomalarial,
3834 2120 115 37 typhoid
3969 2121 86 34 fever,

3421 2156 156 35 erysipelas,
3586 2157 165 36 diphtheria,
3761 2159 97 27 scarlet
3869 2161 80 31 fever,
3960 2161 77 26 small-

3422 2203 61 26 pox,
3497 2196 56 30 &c.;
3572 2195 21 27 it
3611 2195 157 36 effectually
3780 2197 105 27 retards
3904 2198 47 27 the
3970 2198 70 27 disin-

3421 2232 134 34 tegration
3586 2233 29 27 of
3636 2233 47 27 the
3707 2235 104 27 animal
3841 2235 90 33 fluids,
3961 2236 92 28 which

3422 2270 88 34 might
3523 2271 83 26 result
3620 2272 26 26 in
3664 2281 16 18 a
3698 2273 108 32 general
3825 2273 183 37 breaking-up
4026 2275 31 27 of

3421 2307 46 28 the
3481 2307 79 28 blood
3574 2308 55 27 and
3642 2309 27 27 in
3683 2309 93 28 death.

3422 2367 132 32 Sander
3571 2368 28 31 &
3613 2369 89 31 Sons
3714 2370 186 40 Eucalypti
3913 2372 144 31 Extract

3456 2418 95 30 (From
3586 2419 40 27 St.
3664 2419 83 28 Louis
3782 2420 119 29 Electric
3919 2430 6 6 *
3937 2422 119 28 Medical

3420 2454 125 33 Journal,
3577 2455 76 31 Dec.,
3685 2458 87 32 1881).
3823 2460 105 26 Cancer
3950 2460 31 26 of
4007 2459 48 28 the

3426 2492 264 36 fongue—Patient,
3706 2495 64 28 Mrs.
3913 2518 7 12 ,
3933 2498 33 26 35
3976 2507 81 25 years

3421 2531 55 27 old.
3524 2531 140 29 Evidence
3688 2533 30 28 of
3739 2533 151 29 scrofulous
3915 2535 141 28 diathesis.

3422 2570 157 28 Prescribed
3598 2572 61 27 four
3681 2572 82 38 drops
3776 2578 29 23 to
3822 2572 33 29 be
3874 2573 82 29 taken
3979 2574 78 28 three

3421 2610 81 27 times
3523 2610 76 35 daily
3613 2619 7 24 ;
3640 2611 67 33 also,
3730 2618 101 27 tongue
3856 2613 100 28 wetted
3980 2614 77 27 three

3421 2647 81 25 times
3544 2647 68 26 with
3652 2648 48 27 the
3740 2649 150 35 Eucalypti
3932 2652 124 24 Extract.

3429 2682 107 29 Treated
3556 2692 30 19 as
3604 2683 86 30 above
3716 2685 42 28 for
3782 2685 61 29 four
3867 2686 100 34 weeks,
3989 2687 69 29 then

3420 2721 162 32 discharged
3595 2723 92 28 cured.

3458 2768 37 37 (.T.
3530 2767 34 29 H.
3596 2768 124 39 Ruttley,
3758 2770 85 32 M.D.,
3881 2771 84 35 Trof.,
4001 2774 57 31 &c.,

3423 2808 341 36 Philadelplria).—Since,
3777 2812 28 26 in
3825 2811 46 28 the
3887 2822 60 18 case
3966 2812 30 28 of
4012 2812 45 28 Mr

3424 2846 113 30 Mercer,
3550 2848 27 25 ol
3594 2847 118 34 Kerang,
3726 2848 62 27 who
3801 2849 54 27 had
3864 2849 68 27 been
3945 2850 112 28 advised

3422 2884 35 29 bv
3480 2885 46 28 the
3554 2885 117 28 Medical
3691 2887 105 28 officers
3817 2888 29 27 of
3861 2888 46 29 the
3933 2888 124 38 Bendigo

3422 2923 128 35 Hospital
3565 2927 28 22 to
3607 2924 70 27 have
3691 2925 43 26 his
3747 2929 100 28 tongue
3856 2928 138 28 removed,
4001 2928 56 26 like

3422 2960 125 36 splendid
3561 2961 99 28 results
3674 2961 69 29 have
3751 2963 120 28 attained
3879 2964 117 37 through
4006 2965 49 29 the

3422 2999 167 34 application
3603 3001 29 26 of
3641 3000 47 27 the
3700 3001 150 35 Eucalypti
3864 3002 123 29 Extract.

3424 3056 133 32 Sander
3574 3056 27 32 &
3617 3057 88 32 Sons
3718 3058 184 41 Eucalypti
3914 3061 145 31 Extract

3457 3107 83 27 From
3559 3107 47 27 the
3626 3108 116 27 Clinical
3762 3109 115 33 Record,
3895 3111 31 26 of
3940 3111 118 33 August,

3424 3144 64 28 1881
3573 3145 124 36 Surgical
3728 3146 89 28 Clinic
3853 3147 31 28 of
3918 3148 142 29 Proiessor

3424 3183 147 35 M'lntyre,
3602 3184 110 35 College
3742 3186 30 26 of
3805 3185 163 37 Physicians
4004 3188 55 27 and

3422 3221 148 35 Surgeons,
3582 3222 40 27 St.
3634 3222 249 29 Louis—Scirrhus
3890 3226 30 25 of
3926 3224 133 28 Breast—

3421 3259 131 28 Excision
3564 3268 6 19 :
3585 3261 149 35 Eucalypti
3746 3262 117 28 Extract
3874 3262 146 37 employed
4028 3273 31 18 as

3421 3306 92 28 spray,
3538 3298 55 29 and
3617 3298 135 37 dressing.
3788 3299 86 36 Eight
3896 3293 79 44 days*
3990 3302 69 28 after

3420 3337 143 36 operation
3578 3337 153 29 Professors
3744 3339 94 28 Bauer
3848 3339 56 29 and
3919 3340 139 37 M'lntyre

3420 3375 82 28 noted
3540 3376 45 27 the
3622 3376 141 32 following
3798 3378 196 29 condition:—
4013 3380 43 27 No

3420 3413 131 32 swelling,
3565 3414 66 26 heat
3643 3423 31 17 or
3686 3414 202 33 discoloration,
3902 3426 67 17 near
3985 3426 31 18 or
4029 3419 28 25 in

3420 3450 46 28 the
3485 3450 111 34 wound,
3615 3450 90 30 which
3725 3452 50 29 has
3789 3453 95 29 united
3903 3454 87 37 fully;
4010 3455 47 29 the

3418 3490 106 36 putient
3536 3490 115 29 allowed
3664 3496 27 24 to
3704 3492 97 28 attend
3810 3498 28 24 to
3847 3493 50 29 her
3904 3493 153 30 household

3418 3529 90 26 duties
3521 3529 92 31 again.

3419 3585 134 32 Sander
3570 3586 28 32 &
3612 3587 90 31 Sons
3716 3588 186 41 Eucalypti
3913 3590 145 33 Extract

3454 3636 126 34 (Clinical
3604 3637 117 32 Record,
3747 3639 76 36 Sept.
3849 3642 91 33 1880).
3954 3642 104 28 —The

3416 3673 147 29 American
3592 3675 118 29 medical
3740 3677 153 36 profession
3924 3687 72 23 uses,
4027 3681 31 27 in

3416 3713 173 35 gonorrhoea,
3609 3724 30 17 as
3651 3724 36 18 an
3705 3715 144 36 injection,
3862 3727 37 18 an
3917 3718 141 28 emulsion

3416 3752 30 27 of
3467 3760 52 19 one
3538 3760 88 21 ounce
3644 3761 67 29 gum
3733 3754 110 34 Arabic,
3864 3756 30 27 in
3916 3757 36 28 30
3974 3765 31 19 or
4022 3759 36 26 40

3415 3799 102 19 ounces
3529 3791 32 27 of
3569 3796 94 26 water,
3677 3793 110 34 applied
3800 3793 62 28 four
3875 3795 83 28 times
3971 3795 85 37 daily.

3416 3827 86 32 Eight
3520 3828 82 34 drops
3619 3829 84 32 given
3716 3831 146 30 inwardly,
3881 3841 69 18 once
3970 3833 86 33 daily,

3416 3869 128 34 prevents
3557 3865 156 40 effectually
3726 3868 221 31 contamination
3961 3870 31 29 of
4008 3870 48 30 the

3416 3905 82 27 blood
3510 3906 30 27 in
3552 3906 59 27 foul
3624 3906 116 27 disease.

3587 4015 292 30 CAUTION.

3417 4066 132 31 Sander
3566 4066 28 31 &
3611 4067 88 32 Sons
3712 4068 185 39 Eucalypti
3909 4071 145 31 Extract

3450 4115 52 36 (St.
3521 4116 75 29 Lous
3613 4117 117 29 Clinical
3744 4118 114 31 Record,
3877 4119 65 30 Jan.
3963 4121 89 29 1882).

3414 4156 158 30 —Hazard,
3592 4156 77 27 M.D.
3688 4158 67 25 Prof
3779 4158 33 26 of
3826 4159 152 34 Pathology
3997 4161 57 26 and

3415 4190 127 28 Diseases
3561 4192 31 26 of
3608 4192 46 28 the
3675 4193 88 31 Mind,
3789 4200 101 22 states:
3912 4187 56 35 We*
3982 4196 71 27 have

3415 4229 146 29 examined
3579 4230 61 29 half
3653 4241 16 19 a
3683 4231 86 29 dozen
3783 4233 154 36 specimens
3949 4233 31 29 of
3995 4234 38 28 Eu-

3415 4267 102 37 calypti
3526 4268 124 28 Extract.
3674 4269 130 28 Sander's
3811 4279 100 28 prepar
3918 4272 69 27 ition
3996 4281 58 18 was

3415 4305 47 28 the
3498 4306 66 36 only
3599 4317 52 18 one
3681 4307 92 30 which
3809 4309 181 38 corresponds
4024 4314 30 26 to

3415 4344 132 27 scientific
3561 4349 75 22 tests.

3449 4383 59 26 Our
3528 4384 176 35 preparation
3728 4384 24 28 is
3775 4384 48 28 the
3847 4384 68 37 only
3934 4386 118 36 existing

3416 4420 109 29 volatile
3544 4426 117 29 extract,
3678 4423 55 28 free
3746 4423 30 28 of
3791 4423 36 28 all
3847 4424 125 28 resinous
3990 4435 45 26 par-

3415 4459 86 26 ticles.
3544 4460 46 27 All
3619 4460 80 27 other
3728 4463 189 34 preparations
3946 4463 31 27 of
4003 4464 48 26 the

3416 4496 180 39 Eucalyptus,
3618 4508 37 19 no
3675 4504 101 25 matter
3801 4508 91 21 wuere
3911 4503 123 27 manufac-

3415 4536 89 33 tured,
3523 4546 47 18 are
3582 4538 94 32 crude,
3690 4539 125 28 resinous
3833 4540 62 31 oils,
3914 4540 138 36 irritating

3415 4574 55 28 and
3490 4574 151 38 blistering,
3661 4576 94 28 rather
3766 4578 115 34 causing
3895 4577 138 30 inflamma-

3415 4617 58 23 tion
3493 4613 67 29 than
3581 4615 111 35 staying
3709 4616 31 31 it,
3753 4615 55 28 and
3827 4616 31 28 of
3873 4616 56 28 real
3948 4617 104 33 danger

3415 4651 24 28 if
3454 4652 161 37 errcnously
3634 4652 110 38 applied
3762 4654 29 28 in
3810 4654 92 29 throat
3922 4654 130 33 diseases,

3415 4691 46 27 &c.

3450 4728 42 27 No
3515 4728 100 28 bottles
3633 4729 120 31 genuine
3767 4734 96 31 except
3882 4731 79 28 those
3982 4731 69 29 with

3414 4765 85 28 labels
3521 4765 114 34 bearing
3656 4776 50 19 our
3727 4767 141 35 signature
3894 4769 54 28 and
3974 4771 76 27 trade

3415 4804 88 33 mark,
3527 4805 56 27 and
3601 4805 114 28 secured
3734 4807 107 27 outside
3860 4807 65 28 with
3946 4818 16 18 a
3984 4808 66 36 pink

3416 4851 122 27 wrapper
3567 4842 55 28 and
3652 4853 82 24 green
3770 4844 84 33 band,
3891 4845 46 29 the
3968 4846 83 29 latter

3414 4880 65 27 bear
3490 4890 37 23 ng
3539 4890 50 18 our
3603 4882 115 28 location
3733 4883 55 28 and
3802 4884 149 34 signature.

3448 4918 156 30 Directions
3617 4925 40 24 tor
3669 4930 47 19 use
3730 4921 66 29 with
3810 4922 67 29 each
3892 4922 94 30 bottle.

3431 5009 240 28 SANDER
3712 5012 115 26 AND
3869 5012 148 28 SONS

3575 5047 164 35 Sandhurst,
3753 5049 132 29 Victoria.

3458 5151 242 30 DUNCAN
3756 5153 240 37 M'LEAN,

3584 5205 99 34 Agent,
3694 5206 181 33 Greymouth.

3476 5299 193 28 HINTING
3707 5303 52 25 OF
3795 5303 131 28 EVERY
3962 5305 63 27 DES-

3641 5338 179 30 CRIPTION

3712 5425 33 19 AT

3533 5493 139 78 Igcll
3692 5493 163 62 ®imcs
3881 5497 165 70 dDffice,

3532 5615 150 41 CLIFF
3718 5616 205 42 STREET.
