4129 5941
775 2226 248 110 Lyell
1072 2226 297 110 Times.

835 2424 207 34 SATURDAY,
1061 2427 97 28 JULY
1176 2429 43 32 31,
1240 2430 74 27 1886.

793 2511 58 27 The
865 2512 127 36 monthly
1007 2512 126 37 cleaning
1146 2522 37 28 up
1197 2519 28 23 at
1238 2515 46 28 the
1294 2516 98 36 Alpine

759 2549 107 37 battery
894 2550 56 28 will
974 2550 63 30 take
1061 2552 75 36 place
1155 2562 36 18 on
1210 2553 181 38 Wednesday.

760 2588 107 35 During
880 2588 46 29 the
939 2589 75 28 week
1027 2593 77 25 stone
1124 2590 49 29 has
1195 2590 68 30 been
1284 2594 110 36 coming

759 2627 70 28 from
861 2627 46 28 the
937 2628 74 28 mine
1042 2637 29 20 as
1102 2629 88 29 usual.
1247 2631 43 28 Mr
1308 2632 30 28 C.
1358 2633 34 27 E.

760 2665 136 35 Watkins,
926 2665 77 35 C.E.,
1035 2667 108 29 arrived
1178 2668 35 37 by
1244 2670 82 28 coach
1358 2681 34 17 on

761 2704 153 34 Thursday,
928 2705 53 26 and
994 2705 23 26 is
1030 2715 61 18 now
1106 2707 122 35 engaged
1244 2708 94 35 layiug
1357 2710 39 26 off

761 2740 46 29 the
826 2740 126 34 bearings
977 2742 41 27 for
1042 2743 51 27 No.
1119 2744 16 27 7
1161 2743 79 34 level,
1260 2745 46 28 the
1331 2756 45 18 con-

761 2782 114 26 tractors
899 2780 42 28 for
966 2789 74 20 same
1059 2781 104 36 having
1182 2783 153 37 completed
1357 2785 34 28 all

762 2818 178 36 preliminary
960 2819 97 32 works,
1076 2821 55 27 and
1155 2830 45 18 are
1224 2830 62 19 now
1310 2823 84 36 ready

762 2856 40 28 for
815 2855 116 37 starting
944 2856 46 28 the
1003 2858 103 28 tunnel.

795 2903 24 28 A
849 2905 212 35 representative
1092 2905 70 29 from
1190 2907 45 28 the
1263 2907 80 29 Bank
1367 2909 29 27 of

763 2941 66 28 New
844 2942 86 28 South
954 2942 100 33 Wales,
1068 2943 148 37 Westport,
1230 2945 54 28 will
1307 2947 87 27 arrive

762 2980 29 27 in
805 2980 77 35 Lyell
900 2983 64 25 next
983 2981 153 37 Thursday,
1150 2983 155 38 remaining
1323 2985 71 28 until

764 3017 46 27 the
824 3018 137 34 following
974 3020 135 35 morning.

797 3063 45 30 Mr
856 3063 21 30 I.
892 3064 98 36 Lewis,
1004 3074 131 29 manager
1147 3067 27 30 of
1196 3067 46 31 the
1264 3069 130 30 National

763 3103 88 34 Bank,
866 3104 123 34 Reefton,
998 3106 55 27 will
1063 3107 63 28 visit
1140 3107 76 36 Lyell
1228 3114 61 23 next
1301 3109 77 29 Satur-

762 3141 54 36 day
846 3144 40 26 for
915 3144 167 27 transaction
1112 3144 30 29 of
1168 3146 79 28 usual
1274 3146 120 38 banking

762 3178 132 29 business.

797 3227 57 27 The
868 3226 139 38 following
1028 3228 84 30 leases
1134 3230 103 38 having
1258 3230 68 30 been
1349 3233 29 29 ob-

760 3265 89 39 jected
863 3269 28 27 to
903 3266 37 38 by
953 3267 46 30 the
1023 3267 96 31 Buller
1140 3270 109 39 County
1271 3272 121 33 Council,

762 3305 47 28 the
839 3306 102 27 Nelson
973 3307 78 26 Land
1082 3309 91 27 Board
1196 3311 198 27 refused:—H.

763 3342 102 36 Burley
889 3343 55 28 and
969 3344 33 27 G.
1028 3344 118 34 Walker,
1167 3347 103 28 islands
1294 3349 29 27 in
1348 3349 46 29 the

763 3380 93 29 Buller
892 3382 108 34 River.;
1019 3382 27 29 J.
1077 3384 134 35 Norman,
1241 3387 34 27 20
1310 3396 84 26 acres,

763 3419 93 29 Buller
879 3420 115 38 Valley;
1014 3422 31 28 F.
1068 3422 64 33 Gill,
1152 3425 33 27 50
1206 3434 75 19 acres
1301 3426 94 29 Buller

762 3458 96 36 Valley
871 3467 6 24 ;
906 3459 42 27 W.
972 3460 143 34 Mailman,
1130 3463 50 27 100
1197 3472 84 24 acres,
1302 3465 93 28 Buller

762 3495 97 38 Valley
872 3497 51 33 ;J.
939 3497 121 34 Fennell,
1075 3500 15 26 5
1104 3509 83 22 acres,
1201 3500 86 37 Lyell.
1336 3502 58 29 The

763 3535 164 37 application
941 3535 29 30 of
986 3537 98 37 Henry
1104 3538 123 30 Hurford
1248 3540 42 28 for
1302 3551 35 18 an
1351 3551 31 19 oc

762 3575 129 37 cupation
903 3575 101 30 license
1017 3576 30 29 of
1056 3586 115 27 reserve,
1185 3579 32 29 94
1232 3580 43 34 A.,
1287 3580 84 39 Hamp-

762 3613 63 33 den,
836 3614 147 34 suburban,
997 3625 56 18 was
1066 3617 115 29 refused.

797 3660 57 28 The
880 3662 213 28 entertainment
1114 3663 55 29 and
1194 3664 55 29 ball
1272 3665 29 29 in
1331 3676 47 19 con-

762 3698 99 29 nexion
875 3699 66 29 with
957 3700 46 29 the
1018 3701 68 28 local
1099 3701 102 30 branch
1214 3704 30 27 of
1261 3704 47 29 the
1322 3705 71 28 Irish

763 3737 130 29 National
917 3738 109 38 League
1051 3740 55 28 will
1131 3741 62 29 take
1223 3742 75 37 place
1328 3749 65 24 next

763 3777 100 36 Friday
884 3779 126 35 evening.
1047 3779 93 36 Every
1161 3787 107 27 present
1291 3782 87 29 indica-

762 3815 57 27 tion
844 3816 23 26 is
891 3815 156 29 favourable
1071 3820 27 25 to
1117 3827 14 18 a
1151 3822 73 24 most
1248 3821 146 27 successful

762 3852 143 38 gathering
924 3854 55 28 and
999 3864 15 19 a
1034 3855 71 37 good
1127 3857 141 36 evening's
1287 3868 87 20 amuse-

762 3897 82 25 ment.
882 3893 58 30 The
960 3894 113 30 interest
1094 3895 82 30 taken
1189 3897 29 29 in
1232 3897 45 30 the
1291 3897 55 31 ball
1359 3898 35 40 by

761 3933 47 27 the
821 3932 84 29 ladies
918 3934 22 27 is
962 3934 146 29 evidenced
1131 3935 35 36 by
1188 3937 46 28 the
1256 3937 54 29 fact
1333 3939 61 28 that

762 3970 46 29 the
832 3971 69 28 local
928 3972 182 30 dressmakers
1140 3984 69 20 were
1240 3976 100 30 unable
1365 3981 27 25 to

762 4013 71 25 meet
847 4010 46 28 the
904 4010 119 29 demand
1043 4022 36 18 on
1100 4013 72 28 their
1192 4016 123 33 services,
1330 4026 46 18 con-

762 4049 143 36 sequently
928 4053 136 26 costumes
1088 4050 70 30 have
1179 4052 68 29 been
1278 4053 111 31 ordered

762 4087 68 28 from
846 4088 100 28 Nelson
960 4088 55 29 and
1029 4090 145 36 Westport.

796 4134 36 28 At
845 4134 46 28 the
905 4135 55 37 Tyr
971 4135 115 29 Connell
1098 4136 74 30 miue
1185 4139 87 29 active
1286 4141 107 36 stoping

762 4173 155 36 operations
940 4183 44 19 are
1009 4176 82 35 going
1112 4187 44 22 on,
1178 4178 120 38 yielding
1317 4186 75 23 stoue

762 4211 105 29 similar
880 4216 27 24 to
917 4212 60 29 that
991 4213 81 29 taken
1094 4219 47 24 out
1164 4215 41 29 for
1228 4227 75 19 some
1325 4222 66 25 time

762 4254 68 32 past.
868 4251 27 28 It
908 4251 22 28 is
943 4252 46 27 the
1003 4253 135 28 intention
1152 4255 29 26 of
1200 4255 46 28 the
1260 4256 130 29 directors

762 4291 28 24 to
804 4291 68 24 start
893 4289 127 35 crushing
1042 4294 28 25 at
1091 4291 46 28 the
1159 4292 108 28 Croesus
1286 4294 106 38 battery

762 4326 83 30 about
859 4327 44 29 the
919 4328 52 29 end
993 4329 29 28 of
1040 4330 113 37 August.
1191 4332 58 28 The
1262 4334 90 35 parcel
1366 4334 28 28 of

762 4369 77 23 stone
864 4367 82 35 ready
967 4367 41 27 for
1028 4371 148 26 treatment
1199 4371 66 28 then
1287 4373 54 27 will
1361 4373 31 27 be

763 4402 82 30 about
859 4403 72 39 forty
943 4410 70 24 tons.

797 4453 23 26 A
833 4461 65 27 very
918 4458 80 31 nasty
1020 4454 124 29 accident
1166 4458 128 27 occurred
1308 4461 26 26 to
1349 4460 44 27 Mr

764 4489 119 29 William
894 4491 112 34 Hanna,
1020 4493 98 28 carrier
1129 4503 35 19 on
1186 4496 46 28 the
1254 4496 139 38 Westport

763 4528 74 34 road,
850 4529 52 28 last
918 4530 171 38 Wednesday
1109 4534 123 34 evening.
1272 4535 42 28 He
1337 4546 55 19 was

763 4568 120 34 engaged
896 4568 114 38 shifting
1023 4580 74 19 some
1119 4572 109 37 loading
1242 4578 29 24 at
1284 4574 45 28 the
1343 4579 47 32 top

763 4606 29 26 of
802 4606 45 27 the
861 4615 122 27 waggon,
997 4608 80 27 when
1091 4609 33 28 he
1136 4610 52 28 lost
1199 4611 42 27 his
1254 4612 74 34 hold,
1338 4614 53 27 and

762 4642 46 30 fell
830 4653 16 19 a
868 4644 120 31 distance
1011 4646 28 29 of
1058 4651 45 25 ten
1122 4649 54 28 feet
1197 4659 36 19 on
1254 4650 46 29 the
1324 4651 68 29 hard

763 4683 82 27 metal
864 4684 74 27 road.
977 4685 53 27 For
1050 4686 81 28 about
1153 4697 34 17 an
1209 4688 70 28 hour
1300 4690 20 27 it
1337 4700 55 18 was

763 4720 90 29 feared
866 4721 60 29 that
941 4722 42 28 Mr
996 4723 102 29 Hanna
1107 4724 54 30 had
1169 4727 139 28 sustained
1317 4738 75 19 some

762 4768 91 19 severe
861 4761 117 27 internal
987 4762 120 35 injuries,
1119 4764 101 37 having
1231 4767 161 35 apparently

762 4797 52 29 lost
827 4797 41 29 his
882 4799 105 36 speech,
1001 4801 53 27 and
1073 4802 84 28 found
1171 4812 75 20 some
1260 4804 132 38 difficulty

762 4837 28 26 in
804 4836 158 38 breathing;
976 4839 134 35 however,
1124 4847 27 21 at
1164 4842 46 28 the
1224 4844 52 26 end
1290 4849 27 22 ot
1333 4844 59 28 that

763 4874 62 28 time
851 4875 54 28 and
929 4876 98 36 during
1051 4877 45 28 the
1121 4879 79 36 night
1225 4880 32 28 he
1280 4881 110 29 became

762 4912 94 33 better,
870 4914 52 28 and
936 4924 55 19 was
1004 4916 114 29 enabled
1132 4922 27 24 to
1173 4919 73 29 drive
1259 4919 43 30 his
1315 4925 73 24 team

761 4952 57 26 into
832 4952 79 35 Lyell
925 4953 46 27 the
984 4954 139 36 following
1136 4958 136 34 morning.

795 4997 23 28 A
831 5007 67 27 very
916 4999 48 29 sad
986 5010 69 24 case,
1068 5002 132 35 resulting
1221 5003 105 38 fatally,
1348 5014 28 20 oc-

761 5037 95 27 curred
870 5041 27 24 at
911 5038 114 27 White's
1040 5040 80 27 Poiut
1133 5043 153 35 yesterday.
1333 5044 57 27 Mrs

762 5074 103 37 George
877 5075 101 35 White,
992 5077 47 28 the
1054 5078 108 28 mother
1175 5079 30 28 of
1223 5089 16 18 a
1251 5080 73 36 large
1338 5082 54 27 and

760 5122 91 27 young
863 5114 105 37 family,
978 5116 80 36 beiDg
1066 5126 66 18 near
1140 5117 48 28 her
1198 5119 193 35 confinement,

760 5152 54 28 and
828 5152 45 28 the
880 5162 60 19 case
948 5155 158 35 presenting
1116 5165 64 26 very
1187 5157 102 27 critical
1298 5168 72 26 symp-

762 5196 79 26 toms,
850 5190 40 28 l)r
899 5192 72 26 Gaze
979 5194 29 26 of
1011 5192 139 37 Westport
1156 5203 55 18 was
1219 5195 173 37 telegraphed

760 5229 49 33 for,
823 5229 54 28 and
889 5230 106 28 arrived
1009 5234 26 24 at
1052 5232 12 26 1
1079 5232 103 28 o'clock
1195 5242 65 18 a.m.
1274 5243 35 18 on
1333 5234 42 28 Fri-

760 5267 63 35 day,
843 5267 48 28 but
910 5272 44 23 too
974 5269 54 27 late
1049 5274 27 22 to
1097 5279 62 17 save
1184 5270 46 27 the
1256 5272 135 27 sufferer's

760 5304 55 35 life,
840 5305 55 29 and
920 5305 81 30 death
1030 5307 63 29 took
1118 5307 75 38 place
1224 5308 69 30 after
1317 5315 75 31 great

760 5344 131 35 suffering
908 5345 61 26 half
983 5355 35 17 an
1032 5345 69 28 hour
1113 5347 164 35 subsequent
1297 5352 27 23 to
1347 5350 45 26 the

760 5381 116 29 doctor's
901 5381 108 29 arrival.
1055 5382 40 28 Dr
1120 5383 72 29 Gaze
1219 5385 88 28 stated
1330 5386 60 29 that

760 5430 67 18 even
841 5421 54 27 had
909 5421 32 27 he
955 5421 67 28 been
1038 5423 163 27 summoned
1214 5423 97 30 earlier
1323 5426 20 27 it
1362 5427 23 27 is

760 5459 175 36 exceedingly
948 5460 122 27 doubtful
1079 5460 22 27 if
1108 5461 115 27 medical
1232 5463 156 36 appliances

760 5507 30 17 or
802 5497 61 27 skill
879 5498 78 27 could
970 5498 69 28 have
1053 5499 113 32 availed,
1181 5500 46 28 the
1240 5510 59 20 case
1310 5502 82 36 beiug

760 5545 28 19 so
802 5536 160 37 dangerous.
999 5537 57 28 The
1070 5542 118 31 greatest
1201 5541 149 36 sympathy
1369 5542 23 28 is

760 5575 49 26 felt
821 5575 41 26 for
876 5575 43 26 Mr
932 5575 91 28 White
1037 5577 53 26 and
1104 5577 43 27 his
1163 5577 97 36 family
1272 5580 29 26 in
1321 5580 71 27 their

760 5612 47 29 sad
829 5611 199 31 bereavement.

795 5661 44 25 Mr
863 5661 147 32 liobinson,
1030 5671 50 17 one
1103 5663 30 25 of
1153 5662 47 27 the
1225 5668 166 23 contractors

761 5697 40 28 for
815 5697 44 29 the
873 5697 59 28 first
946 5698 101 28 section
1061 5698 29 29 of
1110 5699 45 29 the
1171 5700 123 30 Midland
1317 5702 59 28 Rail-

760 5747 69 25 way,
853 5737 107 27 arrived
981 5738 27 27 in
1032 5738 169 35 Greymouth
1225 5741 99 36 during
1345 5743 45 27 the

760 5775 84 33 week,
858 5775 43 28 his
920 5776 59 28 first
1000 5775 123 30 business
1145 5778 79 37 being
1246 5784 26 24 to
1293 5780 60 29 take
1375 5790 15 19 a

759 5814 60 29 look
833 5824 63 19 over
907 5815 45 28 the
966 5816 113 34 ground.

1453 184 56 27 The
1540 186 79 27 usual
1649 187 108 32 sittings
1785 189 30 27 of
1842 189 46 28 the
1922 191 127 30 Resident

1420 222 181 32 Magistrate's
1626 225 55 27 and
1708 225 143 29 Warden's
1876 228 98 29 Courts
1995 231 55 27 will

1418 259 31 28 be
1463 260 64 27 held
1540 264 28 23 at
1581 261 87 35 Lyell,
1684 271 34 18 on
1733 263 173 37 Wednesday
1919 271 72 25 next.

1451 307 59 28 The
1520 308 136 29 members
1665 310 30 27 of
1705 310 45 28 the
1761 311 68 28 local
1841 312 71 29 Irish
1922 314 129 30 National

1418 345 108 34 League
1540 356 44 16 are
1597 348 143 34 requested
1762 353 27 23 to
1802 355 72 22 meet
1893 355 158 26 to-morrow

1418 388 28 23 at
1458 384 15 27 3
1484 383 102 28 o'clock
1600 393 66 28 p.m.
1678 389 28 25 at
1718 386 139 30 Fennell's
1871 388 76 29 Hall.

1452 431 49 29 We
1533 431 83 30 direct
1646 433 135 30 attention
1813 438 27 26 to
1872 436 44 28 Mr
1947 436 103 39 George

1418 470 135 36 Hooper's
1583 470 212 31 advertisement
1825 474 29 27 in
1884 475 60 28 first
1972 485 77 27 page,

1418 508 136 37 notifying
1583 510 122 28 removal
1729 515 28 24 to
1782 521 60 19 new
1867 515 131 34 premises
2023 517 28 27 in

1418 547 139 34 Trafalgar
1575 551 90 28 street,
1681 548 111 29 Nelson.

1453 595 45 28 Mr
1510 595 26 28 J.
1552 595 27 28 S.
1596 595 100 33 Smith,
1710 596 45 28 the
1770 597 60 28 well
1849 597 101 29 known
1964 602 71 26 entre-

1414 643 130 27 preneur,
1558 634 22 27 is
1594 643 61 18 now
1668 634 28 27 in
1717 635 139 36 Westport
1875 637 114 36 making
2009 649 26 17 ar-

1418 677 174 29 rangements
1603 672 39 28 for
1653 673 45 27 the
1710 682 165 27 appearance
1882 675 30 27 of
1921 676 130 32 Coghill's

1418 710 144 27 American
1578 710 139 28 Minstrels
1736 713 43 32 (15
1794 713 181 35 performers),
1997 717 54 34 just

1418 749 68 28 from
1507 749 134 28 America.
1687 750 26 27 It
1736 759 23 19 is
1778 750 70 29 their
1869 750 135 31 intention
2026 759 26 24 to

1418 789 63 32 yisit
1494 788 77 35 Lyell
1586 788 69 27 after
1668 788 70 28 their
1752 798 95 19 season
1862 790 85 27 there.

1454 834 58 32 We,
1525 834 103 27 Nelson
1640 835 129 35 Evening
1791 836 81 32 Mail,
1886 837 166 29 understand

1419 872 58 29 that
1491 873 75 28 there
1574 873 21 28 is
1603 878 27 23 at
1644 877 108 32 present
1761 878 52 25 two
1823 884 29 19 or
1865 874 75 29 three
1949 877 86 35 gentle-

1419 921 63 18 men
1500 911 71 29 from
1590 911 142 29 Auckland
1752 921 33 20 on
1813 923 16 18 a
1856 914 64 28 visit
1947 918 27 25 to
2006 916 43 27 the

1420 950 101 28 Nelson
1534 950 104 28 district
1651 951 40 27 for
1704 951 46 27 the
1763 960 115 26 purpose
1892 952 30 27 of
1940 953 112 37 making

1419 988 136 36 enquiries
1567 988 110 28 relative
1691 992 28 24 to
1739 988 46 28 the
1800 990 115 28 mineral
1935 990 117 36 deposits

1418 1028 30 27 in
1475 1027 108 29 various
1609 1031 84 33 parts.
1742 1028 76 37 They
1843 1028 55 29 will
1922 1030 129 38 probably

1419 1066 61 28 take
1494 1076 16 18 a
1522 1066 62 28 look
1597 1071 28 23 at
1646 1066 46 28 the
1715 1066 84 28 Owen
1814 1068 67 27 reefs
1902 1068 89 29 before
2013 1079 25 18 re-

1420 1105 118 34 turning,
1562 1105 53 27 and
1641 1114 64 27 may
1729 1105 120 37 possibly
1873 1106 62 28 take
1961 1117 17 17 a
2001 1117 51 19 run

1420 1153 62 18 over
1496 1148 27 23 to
1537 1143 194 37 Collingwood.

1453 1192 36 27 At
1507 1192 46 27 the
1568 1192 50 28 last
1632 1197 120 29 meeting
1773 1193 29 28 of
1819 1193 46 29 the
1886 1193 164 37 luaagahua

1420 1230 108 35 County
1553 1230 111 28 Council
1689 1231 46 28 the
1759 1232 140 34 following
1926 1233 123 28 business

1420 1268 113 37 relating
1546 1273 27 24 to
1587 1268 54 29 this
1654 1268 105 30 district
1771 1279 55 20 was
1843 1272 153 28 transacted

1420 1308 82 27 From
1523 1308 33 28 R.
1579 1308 107 32 M'Nee,
1706 1310 102 33 stating
1829 1310 61 28 that
1912 1311 45 27 the
1978 1320 54 19 com-

1421 1346 91 27 mittee
1526 1346 28 27 of
1573 1346 45 28 the
1637 1346 148 37 Hampden
1809 1348 164 28 Athenaeum
1996 1349 55 29 had

1420 1384 109 29 secured
1543 1394 15 19 a
1577 1385 122 28 freehold
1724 1395 34 19 on
1780 1386 89 29 which
1892 1391 28 24 to
1943 1393 71 23 erect
2036 1399 15 18 a

1418 1423 113 35 reading
1550 1432 86 24 room,
1652 1423 53 28 and
1723 1424 96 35 asking
1834 1426 38 26 for
1891 1435 16 18 a
1923 1426 126 35 subsidy;

1419 1470 35 19 on
1467 1461 46 29 the
1528 1462 103 28 motion
1651 1462 29 28 of
1698 1462 56 29 Crs.
1776 1463 96 35 Lynch
1887 1463 55 28 and
1965 1464 67 28 Gard-

1419 1509 57 25 ner,
1489 1501 21 28 it
1529 1510 56 19 was
1598 1499 123 31 resolved
1743 1499 58 30 that
1816 1512 16 17 a
1845 1501 112 37 subsidy
1978 1503 30 28 of
2030 1503 20 29 £

1418 1539 42 28 for
1474 1540 20 27 £
1503 1549 35 18 on
1550 1539 45 28 the
1605 1544 114 24 amount
1729 1540 155 28 subscribed
1895 1541 31 27 be
1938 1542 113 34 granted

1419 1586 36 27 up
1468 1580 26 25 to
1510 1578 64 28 <£3o.
1611 1578 82 28 From
1708 1579 43 27 W.
1762 1579 119 32 Hunter,
1893 1579 157 37 Hampden,

1418 1616 139 32 enclosing
1576 1616 78 27 order
1675 1616 67 28 from
1762 1617 32 26 A.
1816 1617 89 27 Smith
1923 1626 29 18 re
1975 1624 75 30 punt.

1422 1654 79 27 From
1527 1654 32 28 B.
1587 1654 106 35 M,Gee,
1719 1655 140 38 inquiring
1882 1656 113 29 relative
2023 1661 28 25 to

1419 1702 100 27 money
1533 1693 51 28 due
1597 1693 36 36 by
1644 1694 46 28 the
1704 1694 107 28 Corncil
1830 1698 28 26 to
1873 1695 36 27 H.
1924 1695 125 38 Duggin.

1419 1731 82 28 From
1528 1731 28 28 J.
1585 1732 102 33 O'Dea,
1712 1733 132 36 referring
1871 1733 45 28 the
1944 1734 107 36 County

1418 1768 150 29 Chairman
1581 1773 27 24 to
1622 1769 43 28 his
1679 1770 118 29 solicitor
1816 1771 42 28 for
1870 1780 54 26 any
1947 1771 105 29 further

1418 1807 228 36 correspondence
1658 1816 29 19 re
1706 1807 45 29 the
1765 1809 116 28 Newton
1896 1809 93 37 bridge
2009 1820 28 19 ac-

1418 1845 99 29 cident.
1561 1845 83 29 From
1665 1846 155 35 Flannigan
1839 1848 55 27 and
1917 1848 134 37 Kennedy

1419 1884 65 28 with
1498 1884 136 29 reference
1648 1889 26 24 to
1688 1886 26 28 J.
1728 1886 121 28 Cullen's
1863 1886 82 28 claim
1958 1887 41 28 for
2009 1898 27 18 ex-

1418 1926 64 22 tras.
1519 1923 44 26 C'r.
1578 1923 124 27 Gardner
1714 1933 68 26 gave
1795 1925 89 27 notice
1898 1926 30 26 of
1947 1927 105 27 motion

1418 1962 27 27 to
1462 1969 79 20 move
1562 1966 28 24 at
1609 1961 47 29 the
1680 1965 64 26 next
1766 1964 139 35 meeting;
1924 1964 61 29 that
2006 1964 45 29 the

1418 2000 146 27 resolution
1585 2001 96 35 passed
1702 2004 27 24 at
1751 2011 15 17 a
1786 2003 126 34 previous
1933 2004 119 33 meeting

1418 2037 108 34 against
1539 2046 54 27 any
1606 2047 60 18 new
1677 2039 89 27 works
1778 2039 81 36 being
1869 2040 180 34 undertaken,

1418 2073 31 28 be
1463 2075 149 28 rescinded.
1649 2076 134 27 Resolved
1796 2086 35 18 on
1845 2077 46 28 the
1905 2079 104 27 motion
2024 2079 28 27 of

1419 2111 43 27 Cr.
1479 2112 126 28 Gardner
1618 2112 60 28 that
1699 2114 28 26 in
1740 2113 90 28 future
1844 2115 36 26 all
1893 2124 61 17 new
1973 2115 79 28 roads

1418 2148 31 28 be
1462 2150 172 29 constructed
1647 2160 35 19 on
1695 2160 130 25 reserves,
1838 2161 31 19 or
1881 2162 97 27 proper
1994 2154 57 28 title

1418 2188 111 27 secured
1547 2190 73 34 prior
1635 2194 27 23 to
1682 2190 76 28 work
1774 2190 81 34 being
1871 2192 179 28 undertaken.

1503 2235 155 28 Widening
1678 2237 179 28 Matakitaki
1877 2238 87 28 Road.

1453 2281 29 29 P.
1497 2281 112 35 Carroll,
1624 2283 51 29 No.
1691 2284 23 32 1,
1728 2288 104 24 section
1901 2306 29 7 ...
1947 2287 72 28 £567

1691 2324 24 30 3,
1766 2344 16 13 „
1902 2345 29 7 ...
1969 2326 51 27 590

1452 2358 43 29 W.
1510 2359 149 36 Campbell,
1692 2361 24 33 1,
1766 2383 16 12 „
1903 2383 29 6 ...
1969 2364 51 28 296

1691 2400 25 30 2,
1766 2421 16 12 „
1903 2422 28 6 ...
1969 2402 51 27 336

1523 2455 17 14 m
1692 2438 24 32 3,
1766 2458 17 14 ~
1902 2459 29 7 ...
1969 2441 51 27 296

1453 2474 42 28 W.
1510 2475 151 37 Campbell,
1677 2477 25 34 (3
1715 2477 127 35 sections)
1900 2499 28 6 ...
1967 2481 51 26 928

1454 2513 105 36 Molloy
1572 2515 54 26 and
1641 2515 121 36 Stringer
1777 2517 25 35 (3
1815 2516 127 36 sections)
1969 2519 51 26 982

1454 2552 39 27 M.
1508 2552 120 33 Feehan,
1695 2555 25 32 1,
1769 2576 17 12 „
1903 2576 29 7 ...
1969 2557 51 28 320

1693 2594 26 31 2,
1769 2613 16 13 „
1903 2615 28 7 ...
1969 2595 52 28 490

1692 2633 25 31 3,
1768 2653 15 12 ~
1904 2654 29 6 ...
1971 2635 51 27 340

1454 2667 124 38 Downey
1588 2668 55 29 and
1652 2669 64 32 Col,
1766 2691 16 12 ~
1904 2693 29 6 ...
1970 2674 50 26 405

1693 2710 26 30 2,
1766 2729 17 12 „
1903 2729 30 7 ...
1969 2712 51 25 477

1524 2763 16 12 »i
1693 2747 25 31 3,
1764 2767 17 12 ~
1905 2767 29 7 ...
1971 2749 50 26 320

1420 2780 57 29 The
1491 2782 95 28 tender
1599 2782 29 28 of
1639 2783 42 29 W.
1695 2785 142 37 Campbell
1850 2786 41 27 for
1904 2786 116 29 sections
2030 2787 23 33 1,

1420 2821 25 31 2,
1459 2820 55 27 and
1527 2822 24 31 3,
1566 2830 55 18 was
1634 2823 134 35 accepted.

1455 2871 34 28 In
1503 2872 77 28 order
1594 2877 27 24 to
1642 2873 33 29 do
1690 2884 15 18 a
1719 2874 64 28 cash
1803 2875 86 32 trade,
1904 2876 27 27 J.
1945 2876 108 28 Brown,

1420 2909 168 34 bootmaker,
1602 2912 23 27 is
1637 2921 63 19 now
1719 2912 114 35 offering
1855 2914 36 28 all
1914 2914 43 28 his
1980 2914 70 28 well*

1421 2948 121 27 assorted
1564 2949 76 29 stock
1665 2950 30 28 of
1715 2951 118 36 Factory
1858 2952 55 28 and
1939 2952 114 35 English

1421 2985 91 29 Goods
1537 2987 115 36 cheaper
1681 2989 68 28 than
1774 3000 70 18 ever.
1898 2990 44 28 All
1971 2990 82 33 goods

1421 3023 104 28 booked
1541 3025 56 27 will
1616 3026 29 26 be
1666 3027 116 35 charged
1804 3028 46 27 the
1872 3028 80 27 usual
1973 3029 80 34 price.

1421 3060 77 31 None
1511 3061 48 30 but
1573 3062 57 30 best
1643 3064 105 37 quality
1762 3065 83 36 goods
1856 3065 72 39 kept,
1943 3065 55 30 and
2013 3066 26 29 in-

1420 3102 123 34 spection
1555 3103 237 30 invited.—Advt.

1541 3191 238 29 MATAKITAKI
1799 3193 129 28 NOTES.

1492 3295 84 33 (from
1590 3302 55 19 our
1658 3302 61 20 own
1733 3297 252 33 correspondent).

1613 3340 179 35 Murchison,
1806 3341 67 37 July
1889 3344 132 31 27,1886.

1455 3385 59 29 The
1538 3389 122 26 contract
1684 3387 41 28 for
1748 3388 47 29 the
1820 3389 64 36 long
1909 3389 92 29 talked
2029 3390 25 28 of

1422 3424 67 37 dray
1502 3425 67 28 road
1587 3436 36 26 up
1635 3425 47 29 the
1702 3425 72 30 river
1793 3428 23 27 is
1837 3428 37 28 let
1894 3432 28 25 at
1943 3429 53 29 last
2016 3429 38 29 for

1422 3464 46 27 the
1489 3472 67 26 vary
1578 3464 52 27 low
1655 3474 61 18 sum
1739 3465 29 27 of
1790 3467 81 26 £940.
1921 3467 117 28 Notwith-

1421 3501 129 34 standing
1570 3502 46 28 the
1630 3511 85 27 many
1735 3504 163 36 mysterious
1911 3504 86 29 limits
2023 3515 29 19 as

1422 3544 27 24 to
1463 3540 45 28 the
1523 3540 137 29 intention
1674 3540 29 29 of
1720 3540 46 30 the
1780 3542 109 38 County
1902 3543 114 30 Council
2028 3548 26 25 to

1421 3578 75 30 leave
1509 3588 32 20 us
1553 3580 29 28 in
1594 3579 47 30 the
1660 3579 85 31 lurch.
1782 3581 59 30 The
1855 3582 199 38 specifications

1421 3628 46 18 are
1479 3620 148 35 unusually
1639 3620 78 28 strict
1729 3620 54 28 and
1794 3631 68 17 were
1872 3622 46 27 the
1929 3624 124 26 occasion

1421 3657 30 28 of
1460 3657 84 27 much
1557 3657 141 36 growling,
1712 3658 54 27 and
1779 3661 47 25 not
1844 3658 51 29 few
1917 3669 71 19 were
2008 3660 46 29 the

1421 3694 145 29 assertions
1580 3695 61 28 that
1661 3700 22 23 it
1704 3696 80 28 could
1805 3696 32 29 be
1860 3697 69 29 done
1949 3698 41 28 for
2009 3698 45 29 the

1421 3742 99 28 money
1550 3733 89 34 voted,
1665 3733 48 29 but
1742 3734 22 29 it
1788 3745 87 20 seems
1906 3736 76 30 there
2010 3747 44 20 are

1421 3782 75 19 some
1510 3772 61 29 who
1585 3773 80 28 think
1677 3773 152 29 otherwise.

1454 3820 88 27 There
1564 3820 54 27 will
1631 3820 32 27 be
1676 3821 123 36 weeping
1813 3822 53 27 and
1878 3823 111 35 wailing
2001 3824 53 28 and

1420 3858 136 37 gnashing
1569 3858 30 28 of
1610 3859 73 28 teeth
1697 3869 100 25 among
1811 3860 108 38 Couuty
1938 3862 115 30 Council

1420 3897 149 30 Chairman
1594 3907 62 21 dow
1681 3898 59 30 that
1765 3899 76 30 there
1862 3901 23 29 is
1910 3906 28 25 to
1963 3901 33 31 be
2020 3913 34 19 no

1420 3938 168 28 emolument
1602 3938 127 28 attached
1742 3942 27 24 to
1783 3939 46 28 the
1842 3940 115 29 honour.
1996 3943 58 28 Ido

1420 3979 48 26 not
1487 3976 83 29 doubt
1591 3977 60 29 that
1673 3987 51 19 one
1738 3978 29 28 of
1786 3978 46 28 the
1855 3979 71 29 chief
1943 3990 110 20 reasons

1420 4015 64 37 why
1497 4025 16 18 a
1526 4016 89 36 salary
1632 4017 22 26 is
1668 4020 47 25 not
1727 4017 28 27 iu
1778 4017 89 29 future
1881 4023 28 23 to
1930 4019 32 27 be
1985 4021 64 36 paid

1419 4053 23 28 is
1455 4053 114 30 because
1581 4059 23 24 it
1616 4055 101 37 proved
1733 4055 65 28 such
1813 4066 15 19 a
1852 4056 69 30 boue
1945 4059 30 27 of
1992 4068 46 20 con-

1420 4094 113 32 tention,
1547 4093 55 28 aud
1623 4093 62 28 that
1709 4094 35 36 by
1766 4096 143 35 removing
1927 4096 22 29 it
1972 4106 82 26 peace

1420 4130 90 29 would
1520 4131 31 28 be
1562 4132 120 28 restored
1690 4135 27 25 to
1728 4141 85 27 many
1820 4135 82 27 much
1910 4135 143 35 perturbed

1420 4169 126 29 districts.
1583 4170 29 28 If
1623 4170 46 28 the
1682 4170 100 29 reform
1795 4172 54 28 had
1864 4172 66 29 boen
1941 4173 110 30 effected

1420 4217 74 20 some
1508 4210 33 26 12
1554 4208 111 29 months
1678 4208 68 30 back
1759 4210 21 28 it
1793 4210 89 29 would
1904 4211 70 29 have
1987 4212 66 30 been

1420 4246 45 29 the
1491 4248 94 35 saving
1608 4247 29 29 of
1656 4247 84 29 much
1762 4248 92 36 public
1874 4250 54 28 and
1950 4251 104 36 private

1420 4293 118 28 money;
1557 4293 62 20 now
1641 4286 88 27 virtue
1743 4287 23 26 is
1787 4290 28 24 to
1836 4287 32 27 be
1882 4288 35 28 its
1931 4298 61 18 own
2015 4299 25 18 re-

1420 4323 73 29 ward
1507 4323 54 29 and
1575 4333 84 28 many
1672 4324 54 29 will
1740 4324 80 30 think
1841 4326 59 29 that
1914 4327 45 29 the
1982 4328 72 36 Quid

1415 4372 53 24 pro
1483 4372 53 26 quo
1549 4363 24 26 is
1585 4363 166 28 insufficient
1766 4364 40 27 for
1820 4365 54 26 this
1886 4367 76 26 work
1981 4372 27 22 to
2022 4368 31 26 be

1420 4400 79 34 done,
1514 4400 54 29 and
1581 4400 220 40 chairmanships
1814 4402 56 30 will
1891 4403 32 30 be
1945 4403 42 30 for
1999 4405 55 29 sale

1420 4440 94 35 cheap.

1453 4478 50 28 We
1528 4487 44 19 are
1596 4478 143 37 gradually
1763 4481 178 36 progressing.
1996 4482 57 29 The

1422 4515 81 30 latest
1522 4516 160 29 innovation
1695 4517 80 37 being
1788 4528 16 19 a
1813 4519 112 35 reading
1937 4530 77 19 room
2027 4521 27 28 in

1419 4556 162 28 connection
1600 4556 65 28 with
1684 4556 47 29 the
1753 4557 90 37 public
1866 4557 119 39 library;
2006 4560 46 29 the

1419 4603 65 25 very
1507 4596 135 32 energetic
1667 4595 142 27 chairman
1837 4597 54 26 and
1919 4603 134 31 secretary

1420 4630 43 29 Mr
1477 4631 106 35 M'Nee,
1598 4631 49 30 has
1660 4631 67 30 baen
1740 4633 175 38 hammering
1928 4644 78 29 away
2023 4641 27 24 at

1418 4671 46 27 the
1477 4671 61 27 idea
1561 4672 39 27 for
1613 4681 75 18 some
1702 4673 75 32 time,
1792 4673 54 27 and
1867 4677 28 24 to
1916 4674 135 29 illustrate

1419 4708 46 28 the
1475 4709 45 28 old
1530 4709 123 37 proverb,
1661 4710 122 36 patience
1795 4711 53 28 and
1857 4720 193 28 perseverance

1419 4756 141 19 overcome
1590 4748 163 33 difficulties,
1776 4749 49 28 has
1856 4755 28 23 at
1910 4751 53 28 last
1992 4761 43 19 suc-

1419 4785 99 29 ceeded
1534 4785 65 29 with
1623 4786 45 28 the
1690 4787 145 28 assistance
1856 4788 30 27 of
1905 4797 49 20 our
1968 4798 64 20 coun-

1419 4824 75 28 cillor
1503 4824 28 28 in
1542 4824 141 36 obtaining
1696 4835 16 19 a
1722 4830 80 31 grant
1815 4826 29 28 of
1855 4827 55 28 £3O
1923 4828 69 27 from
2002 4828 46 29 the

1419 4862 115 33 council,
1549 4871 36 19 on
1598 4863 139 28 condition
1756 4864 60 27 that
1838 4865 46 27 the
1896 4866 66 26 land
1982 4866 71 28 shall

1420 4900 30 28 be
1475 4900 132 35 freehold,
1630 4901 91 28 which
1749 4901 133 38 difficulty
1910 4902 49 30 has
1987 4903 66 29 been

1419 4948 142 18 overcome
1592 4939 36 35 by
1657 4941 46 26 the
1731 4941 190 34 Co-operative
1940 4943 111 34 Society

1420 4975 111 37 making
1544 4986 15 17 a
1573 4976 54 28 free
1637 4976 51 36 gift
1700 4977 29 27 of
1740 4982 61 32 part
1814 4978 30 27 of
1853 4978 72 28 their
1938 4980 103 27 section

1419 5024 15 18 a
1449 5024 65 26 very
1528 5014 103 29 central
1652 5015 55 28 and
1720 5016 28 27 in
1761 5026 81 26 every
1865 5026 62 26 way
1940 5018 113 29 suitable

1419 5052 138 33 situation,
1573 5052 54 28 and
1642 5061 29 19 as
1685 5053 46 28 the
1745 5062 142 28 necessary
1900 5055 150 28 additional

1420 5090 80 28 funds
1512 5099 45 19 are
1570 5090 37 28 all
1623 5092 136 35 promised
1782 5092 153 30 Christmas
1957 5093 97 30 should

1419 5137 43 20 see
1475 5132 34 24 its
1526 5129 174 35 completion.

1453 5167 123 27 Another
1595 5177 59 18 new
1673 5168 119 27 erection
1811 5169 23 27 is
1853 5169 46 28 the
1919 5170 47 27 Six
1989 5170 64 30 Mile

1419 5204 77 28 aided
1506 5204 101 34 school,
1619 5204 82 29 about
1711 5206 52 28 five
1776 5207 78 28 miles
1863 5207 71 28 from
1945 5208 85 37 Hamp-

1420 5243 62 33 den,
1508 5243 90 28 which
1623 5245 23 26 is
1670 5254 61 17 now
1757 5246 152 35 completed
1939 5247 54 28 and
2023 5248 30 27 in

1419 5280 162 37 occupation
1594 5281 65 27 with
1675 5291 15 18 a
1703 5282 50 27 fair
1767 5283 171 29 attendance.

1453 5319 14 28 I
1482 5330 44 18 see
1540 5320 60 28 that
1614 5320 115 29 Reefton
1744 5322 93 36 people
1858 5333 45 18 are
1916 5323 29 28 in
1959 5334 15 18 a
1987 5323 65 35 high

1419 5362 69 23 state
1509 5359 30 27 of
1554 5358 146 35 jubilation
1720 5368 63 19 over
1806 5361 46 26 the
1866 5370 75 18 news
1954 5362 30 26 of
2008 5363 45 26 the

1418 5395 97 38 letting
1528 5396 28 29 of
1576 5398 33 27 25
1623 5397 77 29 miles
1714 5396 29 30 of
1761 5397 47 30 the
1831 5398 125 30 Midland
1978 5400 60 30 Rail-

1419 5443 69 28 way,
1501 5435 136 36 believing
1649 5436 21 27 it
1689 5439 28 25 to
1736 5436 32 28 be
1782 5437 69 29 from
1873 5438 176 30 Brunnerton

1418 5476 28 25 to
1477 5473 131 34 Reefton;
1637 5473 196 30 Christchurch
1863 5476 54 28 and
1949 5476 101 30 Nelson

1418 5512 96 36 people
1526 5511 69 29 have
1609 5522 16 17 a
1644 5512 126 29 different
1783 5514 117 34 version,
1914 5515 60 28 that
1996 5515 21 28 it
2030 5516 23 28 is

1419 5555 27 24 to
1465 5550 32 28 be
1516 5561 15 18 a
1550 5551 190 28 continuation
1759 5556 66 24 west
1845 5553 71 28 from
1940 5553 94 37 Spring-

1418 5589 63 27 field
1491 5597 6 24 ;
1529 5590 46 26 the
1608 5590 114 33 egotism
1736 5590 29 26 of
1797 5599 75 19 some
1903 5592 95 36 people
2029 5593 23 26 is

1418 5626 155 29 ludicorous
1581 5628 28 27 in
1623 5627 45 28 the
1680 5632 128 23 extreme.

1453 5666 57 26 The
1535 5666 120 26 weather
1676 5667 22 25 is
1719 5675 65 26 very
1806 5667 51 35 dry
1877 5668 53 26 and
1955 5668 95 36 frosty,

1418 5702 82 29 about
1515 5703 77 34 1,590
1604 5702 110 39 degrees
1727 5702 85 31 below
1825 5714 61 20 zero
1900 5711 28 23 at
1938 5715 15 19 a
1964 5707 85 37 rough

1417 5751 90 24 guess,
1530 5742 45 35 (its
1596 5752 34 18 no
1651 5752 46 18 use
1719 5742 82 36 being
1822 5749 45 23 too
1890 5746 85 35 exact)
1999 5747 53 27 and

1418 5781 101 34 coughs
1533 5780 53 28 and
1604 5779 74 29 colds
1691 5790 45 18 are
1756 5781 142 29 abundant
1918 5782 45 30 the
1977 5792 54 20 com-

1419 5829 64 18 mon
1503 5819 71 36 topic
1597 5819 30 28 of
1643 5821 202 28 conversations
1863 5821 80 37 being
1960 5833 90 26 synip-

2080 198 79 27 Toms,
2179 193 52 27 and
2261 202 84 27 many
2374 194 54 27 and
2456 195 109 27 various
2593 203 45 19 are
2668 195 46 28 the

2080 231 192 35 prescriptions
2299 233 44 25 the
2364 238 72 21 most
2455 232 154 27 efficacious
2637 233 79 33 being

2081 269 115 26 tincture
2210 272 27 23 ot
2250 268 43 27 old
2306 269 134 33 Jamaica,
2456 269 45 27 ad.
2517 269 56 32 lib.,
2588 279 80 25 sugar
2690 274 26 24 to

2080 309 79 30 taste,
2173 307 84 36 Aqua
2265 317 86 26 para,
2368 308 67 36 (hot)
2463 309 103 34 Quant,
2586 309 64 37 stiff,
2674 319 42 18 see

2080 344 246 35 Pharmacopoeia.
2494 347 73 32 Quid
2588 348 91 26 Nunc.

2281 433 234 29 LATEST

2107 484 173 41 CABLE
2340 485 350 43 TELEGRAMS.

2422 592 124 33 London,
2560 593 65 34 July
2639 595 41 27 27.

2115 638 28 28 It
2155 638 22 28 is
2190 638 121 28 believed
2324 639 61 28 that
2407 640 73 28 Lord
2506 640 142 29 Churchill
2661 641 54 28 will

2080 676 62 29 take
2155 676 77 28 office
2246 677 28 27 in
2288 678 45 27 the
2348 688 58 18 new
2421 678 127 36 Ministry
2572 690 29 17 as
2624 680 71 28 Chan-

2080 715 83 27 cellor
2185 714 29 28 of
2236 715 46 27 the
2300 716 170 35 Exchequer,
2481 718 55 26 and
2558 718 55 27 will
2631 725 44 21 act
2688 728 27 18 as

2082 753 90 28 leader
2185 753 31 28 of
2234 753 46 29 the
2305 754 193 30 Conservative
2520 762 79 32 paity
2621 758 28 27 in
2672 757 43 29 the

2082 793 94 26 House
2190 793 29 26 of
2230 793 158 26 Commons.

2116 829 68 26 Earl
2199 829 139 28 Granville
2352 830 49 27 has
2423 831 144 28 intimated
2589 833 60 28 that
2670 833 44 28 the

2081 867 173 35 Queensland
2279 867 120 36 gunboat
2423 870 156 35 G.tyundah
2604 871 54 28 will
2681 871 31 28 be

2081 905 145 37 permitted
2251 910 26 24 to
2304 906 38 36 fly
2364 907 46 29 the
2430 909 83 29 white
2533 910 106 36 ensign,
2661 910 53 28 and

2081 944 59 27 that
2165 944 55 28 this
2243 945 130 36 principle
2399 947 54 27 will
2479 948 30 27 be
2532 948 133 28 extended
2689 955 25 22 to

2080 982 77 27 other
2178 983 122 27 Colonial
2323 993 55 18 war
2400 985 100 28 vessels
2523 986 144 37 according
2686 992 27 22 to

2080 1021 220 29 circumstances.

2115 1060 27 27 It
2154 1061 22 26 is
2195 1061 161 28 announced
2378 1062 61 29 that
2463 1065 87 33 actiye
2574 1065 141 36 parleying

2079 1099 22 26 is
2119 1108 62 17 now
2203 1099 162 38 proceeding
2385 1101 121 29 between
2530 1103 45 28 the
2597 1104 115 35 English

2079 1136 54 29 and
2157 1137 105 29 French
2286 1138 202 32 Governments
2510 1142 40 29 for
2571 1143 46 28 t'lie
2636 1144 61 27 with-

2080 1176 100 28 drawal
2203 1178 29 27 of
2250 1178 45 28 the
2318 1179 103 28 latter's
2444 1184 92 33 troops
2557 1181 70 28 from
2648 1183 66 28 New

2080 1214 143 31 Hebrides.

2112 1253 37 28 At
2167 1263 15 19 a
2203 1255 120 34 meeting
2345 1259 28 25 at
2394 1256 47 29 the
2457 1257 109 29 Carlton
2582 1258 69 29 Club
2665 1258 46 30 the

2081 1291 121 38 Marquis
2216 1293 30 29 of
2257 1294 140 38 Salisbury
2410 1296 150 29 coufinned
2574 1298 45 28 the
2629 1303 67 24 state-

2079 1336 77 23 ment
2169 1331 111 37 already
2293 1333 175 37 telegraphed
2487 1335 60 28 that
2571 1336 47 28 the
2641 1337 54 27 Mar-

2079 1369 59 37 quis
2152 1370 28 29 of
2193 1370 166 39 Hartington
2373 1372 53 29 had
2441 1374 136 36 promised
2603 1382 27 22 to
2652 1385 45 27 sup-

2078 1413 61 31 port
2164 1409 46 28 the
2240 1419 138 20 measures
2408 1413 162 28 introduced
2600 1414 36 35 by
2667 1415 47 27 the

2079 1446 207 29 Conservatives
2302 1449 109 36 dealing
2424 1451 65 27 with
2502 1451 44 28 the
2559 1451 70 28 Irish
2646 1452 55 27 diffi-

2080 1484 84 37 culty,
2189 1486 54 27 and
2267 1486 73 29 Lord
2367 1487 141 38 Salisbury
2531 1489 143 37 expressed
2698 1499 16 20 a

2079 1522 71 37 hope
2164 1523 59 29 that
2237 1525 75 28 these
2327 1526 88 28 would
2427 1527 85 28 result
2530 1528 26 27 in
2579 1538 15 18 a
2617 1529 97 36 lasting

2081 1562 157 29 settlement
2248 1564 29 27 of
2288 1564 46 27 the
2348 1564 89 28 affairs
2452 1566 29 27 of
2491 1566 118 28 Ireland.

2113 1600 25 26 A
2163 1602 120 31 meeting
2308 1611 25 18 oi
2358 1602 46 28 the
2427 1603 194 29 Conservative
2634 1609 80 32 party

2080 1637 49 28 has
2145 1637 68 29 been
2227 1638 71 34 held,
2313 1644 27 23 at
2359 1640 89 28 which
2472 1642 21 27 it
2514 1652 56 18 was
2592 1644 123 28 resolved

2079 1679 28 26 to
2117 1677 113 36 proceed
2241 1678 188 38 immediately
2440 1680 64 29 with
2517 1682 105 37 Supply
2632 1683 80 28 when

2080 1715 169 29 Parliament
2270 1727 131 24 resumes,
2419 1719 55 27 and
2494 1720 68 27 after
2584 1721 60 27 that
2665 1722 50 26 lias

2080 1753 67 28 been
2161 1753 127 30 obtained
2309 1760 28 23 to
2357 1755 115 37 adjourn
2495 1757 69 28 until
2587 1759 125 36 January

2080 1794 72 25 next.

2115 1830 27 28 It
2164 1830 23 29 is
2209 1832 126 36 reported
2358 1833 60 28 that
2431 1833 26 28 J.
2472 1834 31 29 A.
2519 1835 120 36 Stanley,
2654 1836 46 28 Sec-

2080 1873 91 33 retary
2183 1870 30 28 of
2224 1870 74 29 State
2308 1871 42 28 for
2362 1871 46 29 the
2420 1871 125 31 Colonies
2559 1875 28 26 in
2600 1875 46 28 the
2661 1875 53 28 last

2080 1908 194 29 Conservative
2295 1910 241 33 Administration,
2554 1913 55 26 will
2632 1914 80 32 again

2080 1944 62 29 take
2164 1945 61 29 that
2247 1947 125 37 portfolio
2396 1957 35 20 on
2455 1948 45 30 the
2522 1949 150 30 formation
2691 1950 29 30 of

2080 1984 47 28 the
2141 1995 60 19 new
2216 1986 138 35 Ministry.

2151 2072 133 32 NOTES
2319 2074 113 31 FROM
2467 2075 171 33 NELSON.

2149 2160 83 34 (from
2246 2168 55 20 our
2314 2169 61 19 own
2389 2164 249 35 correspondent.)

2152 2254 57 27 The
2219 2254 122 28 District
2354 2255 144 37 Railways
2514 2257 132 28 Scandal.

2115 2300 82 28 Some
2213 2301 111 28 months
2337 2312 50 26 ago
2402 2303 13 26 I
2430 2305 175 28 commented
2619 2314 34 19 on
2673 2305 44 29 the

2080 2339 132 35 purchase
2233 2340 30 26 of
2282 2340 115 28 District
2421 2341 145 37 Railways,
2582 2343 55 27 autl
2658 2353 47 27 pre

2080 2376 89 29 dieted
2193 2387 16 18 a
2234 2387 56 19 row
2314 2378 29 28 in
2369 2379 45 27 the
2440 2380 96 28 House
2560 2381 83 28 about
2669 2382 47 28 the

2080 2415 131 27 business.
2256 2416 57 27 The
2327 2425 56 19 row
2397 2417 50 27 has
2460 2418 81 27 taken
2564 2420 77 34 place
2663 2420 54 27 and

2080 2462 16 19 a
2107 2452 73 38 large
2201 2453 128 38 quantity
2343 2454 30 29 of
2390 2465 65 27 very
2477 2455 72 36 dirty
2569 2457 74 29 linen
2666 2458 51 29 has

2080 2492 67 28 been
2178 2493 110 28 washed
2322 2494 30 27 in
2383 2494 177 30 Parliament.
2614 2497 103 37 Briefly

2081 2529 87 29 stated
2191 2530 46 29 the
2258 2540 60 20 case
2337 2532 23 28 is
2374 2542 29 18 as
2425 2533 119 28 follows:
2564 2534 58 28 The
2644 2534 54 29 Wai-

2081 2573 74 23 mate
2167 2569 89 36 plains
2267 2571 111 36 railway
2388 2581 56 18 was
2458 2581 50 18 one
2521 2572 30 27 of
2559 2573 76 28 those
2647 2573 70 29 lines

2081 2608 171 27 constructed
2275 2608 37 36 by
2333 2609 101 28 certain
2458 2610 63 28 land
2535 2611 96 28 sharks
2653 2613 63 28 who

2082 2646 63 28 held
2168 2646 73 34 large
2255 2647 93 28 blocks
2369 2649 40 27 for
2423 2649 167 37 speculation
2602 2658 5 26 ;
2627 2651 22 28 it
2661 2660 56 19 was

2081 2684 70 28 built
2164 2686 64 26 with
2250 2686 140 28 borrowed
2404 2696 111 27 money.
2561 2689 59 27 The
2643 2689 58 28 Rail-

2082 2731 59 26 way
2155 2731 54 18 was
2221 2722 63 28 held
2298 2732 36 27 up
2348 2733 29 18 as
2390 2733 16 19 a
2419 2724 56 28 bait
2497 2726 41 26 for
2550 2726 116 28 farmers
2689 2731 26 24 to

2080 2760 89 27 invest
2192 2760 27 27 in
2240 2761 46 27 the
2307 2761 75 33 laud,
2396 2762 53 28 and
2470 2772 16 18 a
2508 2763 73 36 large
2602 2764 116 28 number

2082 2798 30 27 of
2127 2797 82 29 small
2224 2799 150 36 capitalists
2387 2800 102 35 bought
2508 2801 94 34 farms,
2616 2804 102 35 paying

2083 2837 21 26 £,
2108 2837 11 26 1
2134 2845 34 18 an
2183 2845 61 19 acre
2258 2846 30 19 or
2301 2846 75 19 more
2390 2837 89 33 down,
2494 2839 46 28 the
2554 2839 113 29 balance
2681 2849 34 19 011

2082 2877 93 25 terms.
2230 2875 76 37 TLey
2330 2875 70 29 built
2425 2877 71 28 their
2520 2877 108 35 houses,
2652 2879 65 36 they

2081 2912 95 28 fenced
2204 2913 73 29 their
2306 2914 93 34 farms,
2425 2915 64 36 they
2520 2917 110 27 worked
2660 2919 54 26 and

2082 2950 91 28 slaved
2204 2961 30 17 as
2259 2952 131 28 southern
2415 2953 144 29 cockatoos
2589 2954 45 33 do,
2660 2957 54 26 and

2082 2989 68 28 after
2164 2999 15 17 a
2200 2990 82 28 while
2306 2990 46 28 the
2366 2992 113 28 interest
2498 3001 33 19 on
2554 2993 46 27 the
2619 2993 80 28 deben-

2082 3030 73 23 tures
2178 3027 111 28 became
2310 3028 52 27 due
2383 3029 55 27 and
2461 3030 46 26 the
2527 3030 64 27 land
2611 3030 105 33 sharks,

2082 3063 62 30 who
2157 3074 69 20 were
2240 3064 45 31 the
2306 3065 143 39 Company
2462 3067 67 35 also,
2544 3068 45 29 did
2603 3072 49 25 not
2673 3079 43 19 see

2083 3105 46 26 the
2142 3104 71 29 force
2226 3105 30 28 of
2275 3107 103 35 paying
2390 3106 46 29 the
2456 3107 124 33 interest,
2594 3107 54 28 and
2671 3108 46 28 the

2084 3142 114 28 District
2221 3142 138 36 Railways
2371 3145 53 27 Act
2444 3154 68 25 gave
2527 3145 76 28 them
2626 3154 91 28 power

2082 3183 28 25 to
2123 3180 62 36 levy
2198 3184 71 25 rates
2282 3190 35 19 on
2331 3182 47 28 the
2397 3182 87 29 lands.
2521 3183 67 28 This
2602 3183 66 35 they
2689 3189 28 22 at

2083 3226 67 19 once
2169 3219 148 34 proceeded
2336 3223 27 24 to
2383 3220 34 27 do
2436 3221 28 27 in
2483 3229 16 19 a
2518 3230 65 26 very
2601 3222 113 27 decided

2083 3265 124 21 manner.
2253 3256 78 39 They
2350 3257 88 31 levied
2450 3269 16 19 a
2479 3263 57 26 rate
2550 3260 30 29 of
2599 3262 30 27 3s
2641 3260 35 29 4d
2688 3260 29 29 in

2083 3296 46 27 the
2149 3296 101 35 pound.
2298 3298 57 27 The
2377 3299 114 27 farmers
2513 3300 136 34 objected;
2671 3301 46 27 the

2084 3342 135 28 company
2233 3334 55 28 had
2310 3335 46 28 the
2370 3335 51 28 law
2435 3345 36 18 on
2484 3336 70 28 their
2568 3336 57 28 side
2636 3345 6 25 ;
2662 3338 54 27 and

2083 3371 74 28 what
2187 3371 123 30 between
2341 3373 53 28 bad
2425 3373 124 30 harvests
2579 3375 55 28 and
2664 3375 53 29 low

2082 3411 87 36 prices
2183 3410 45 29 the
2242 3411 176 30 unfortunate
2431 3413 105 29 settlers
2556 3413 161 30 abandoned

2082 3448 71 29 their
2165 3449 108 34 houses,
2286 3451 97 27 ruined
2405 3452 28 26 in
2447 3455 73 24 most
2533 3461 75 19 cases
2620 3462 5 25 ;
2647 3453 67 28 then

2082 3486 47 28 the
2143 3495 136 28 company
2291 3487 84 29 found
2393 3488 167 29 themselves
2573 3490 29 27 in
2612 3500 16 17 a
2642 3490 71 33 hole,

2082 3524 54 30 and
2160 3524 73 30 their
2256 3525 65 38 only
2345 3536 61 28 way
2432 3531 47 25 out
2503 3528 30 29 of
2554 3528 22 29 it
2600 3538 56 19 was
2682 3529 36 37 by

2082 3564 104 37 getting
2206 3564 47 29 the
2266 3565 189 31 Government
2475 3571 27 25 to
2524 3566 55 38 buy
2592 3577 36 28 up
2646 3568 72 28 their

2082 3607 91 25 rotton
2197 3604 169 30 debentures.
2412 3607 63 27 And
2496 3607 81 28 when
2595 3608 54 28 this
2671 3611 44 25 act

2082 3651 56 18 was
2159 3643 118 34 brought
2299 3643 89 28 before
2402 3644 46 28 the
2470 3645 96 27 House
2578 3645 54 27 last
2652 3654 66 26 year

2082 3679 46 29 the
2141 3685 53 23 rest
2207 3680 30 28 of
2258 3680 46 29 the
2327 3681 114 29 District
2463 3682 137 37 Railways
2623 3683 30 27 of
2671 3683 46 29 the

2082 3719 105 36 Colony
2200 3728 68 19 were
2280 3721 157 28 considered
2452 3725 27 24 to
2489 3721 32 28 be
2529 3721 70 35 good
2608 3722 107 36 enough

2081 3756 42 30 for
2133 3757 46 29 the
2193 3757 189 31 Government
2395 3763 27 25 to
2433 3759 62 30 take
2509 3770 64 19 over
2585 3768 7 26 ;
2612 3759 46 30 but
2670 3761 46 28 the

2083 3796 135 28 Waimate
2242 3806 57 18 was
2323 3806 29 19 so
2376 3797 173 37 desparately
2573 3798 53 27 bad
2656 3799 61 28 that

2084 3834 167 28 Parliament
2265 3834 96 29 kicked
2374 3836 22 28 it
2409 3841 47 23 out
2469 3836 29 28 of
2518 3837 46 27 the
2578 3836 136 34 schedule,

2082 3872 65 29 then
2162 3883 16 19 a
2192 3873 119 38 peculiar
2329 3874 80 38 thing
2429 3875 152 37 happened.
2628 3876 89 38 Major

2082 3913 130 34 Steward,
2240 3914 62 28 who
2327 3916 174 36 represented
2528 3916 46 28 the
2600 3915 115 35 district,

2082 3953 65 27 used
2160 3962 82 27 every
2255 3953 78 29 effort
2345 3957 28 25 to
2392 3954 70 28 have
2476 3956 45 27 the
2536 3955 54 28 Bill
2611 3964 86 19 recom-

2082 3991 97 29 mitted
2198 4001 29 19 so
2240 4001 30 20 as
2284 3999 26 22 to
2323 3996 46 33 get
2389 3993 22 29 it
2424 3993 141 37 smuggled
2587 3994 128 35 through,

2081 4030 52 27 and
2147 4034 28 24 at
2188 4039 15 19 a
2216 4031 54 27 late
2284 4040 29 19 or
2326 4031 92 29 rather
2430 4032 75 37 early
2518 4032 70 28 hour
2601 4032 33 28 he
2657 4041 43 19 suc-

2081 4069 97 29 ceeded
2189 4069 4 38 :
2226 4069 57 29 The
2310 4069 93 38 Upper
2433 4070 94 29 House
2552 4071 111 36 passing
2693 4071 21 29 it

2080 4107 120 36 through
2222 4107 36 37 by
2280 4108 46 27 the
2340 4118 107 19 narrow
2468 4110 128 35 majority
2616 4110 30 27 of
2665 4119 50 18 one

2082 4151 79 27 vote;
2193 4155 49 19 our
2267 4145 68 29 local
2366 4152 213 32 representative
2609 4148 29 27 in
2668 4148 46 29 the

2082 4185 95 33 Lords,
2198 4185 103 37 Joseph
2327 4185 151 37 Shepherd,
2501 4187 94 35 voting
2620 4187 41 28 for
2683 4187 29 28 it.

2082 4224 39 28 As
2134 4224 45 28 the
2193 4233 134 28 company
2341 4224 101 30 wished
2456 4230 27 24 to
2497 4225 57 34 sell,
2569 4225 54 28 and
2637 4225 76 29 there

2082 4272 54 18 was
2150 4263 66 34 only
2229 4272 51 18 one
2294 4264 116 34 possible
2424 4264 157 35 purchaser,
2590 4265 22 26 it
2623 4265 89 27 would

2082 4300 70 28 have
2166 4300 127 28 occurred
2307 4304 27 25 to
2348 4310 54 27 any
2413 4310 64 20 man
2489 4301 91 29 whose
2592 4302 123 29 business

2082 4339 181 29 transactions
2276 4349 81 19 neve:'
2369 4340 134 29 extended
2516 4340 106 30 further
2645 4342 67 28 than

2081 4377 45 28 the
2139 4377 133 36 purchase
2285 4379 30 26 of
2325 4378 41 27 his
2380 4379 103 36 weekly
2497 4381 141 34 groceries,
2653 4380 61 28 that

2082 4415 75 30 there
2171 4426 55 19 was
2239 4426 35 19 no
2294 4416 134 37 necessity
2447 4417 42 29 for
2511 4417 45 30 the
2578 4418 121 29 interven-

2081 4455 57 27 tion
2149 4455 29 27 of
2188 4465 16 18 a
2218 4455 183 28 Commission
2409 4457 89 34 Agent
2508 4458 29 26 in
2548 4457 45 28 the
2606 4462 108 23 matter.

2082 4492 54 29 But
2157 4493 21 28 it
2200 4493 24 28 is
2248 4494 27 27 in
2301 4502 16 20 a
2341 4503 61 19 case
2427 4495 53 28 like
2505 4495 55 28 this
2585 4495 60 29 that
2669 4496 46 29 the

2081 4531 122 37 edifying
2235 4535 103 33 system
2375 4533 30 28 of
2437 4533 155 38 rewarding
2628 4535 87 36 pliant

2082 4571 134 28 members
2229 4572 30 27 of
2270 4572 168 29 Parliament
2450 4574 23 27 is
2487 4582 24 19 in
2514 4573 33 28 ad
2550 4582 14 17 9
2578 4574 136 28 manifest.

2082 4608 89 37 Major
2184 4610 129 32 Steward,
2327 4619 16 17 a
2355 4611 124 27 member
2492 4612 30 26 of
2539 4611 175 34 Parliament,

2081 4647 54 28 and
2155 4657 30 19 as
2200 4648 77 34 such,
2290 4648 116 29 suffered
2428 4653 27 24 to
2479 4649 31 29 be
2524 4648 142 38 incapable
2689 4651 29 28 of

2080 4686 136 35 receiving
2246 4696 55 25 any
2331 4687 198 29 contributions
2566 4689 69 26 from
2665 4689 48 27 the

2080 4723 91 37 public
2192 4724 106 37 beyond
2316 4725 44 28 his
2383 4725 186 35 honorarium,
2583 4726 79 28 acted
2684 4737 30 18 as

2080 4772 33 24 go
2124 4762 121 28 between
2254 4764 29 27 in
2297 4763 46 28 the
2355 4768 98 24 matter
2461 4765 54 28 and
2528 4765 132 36 pocketed
2671 4766 44 27 the

2081 4803 64 26 neat
2157 4800 68 29 little
2240 4801 102 37 cheque
2357 4801 30 28 of
2397 4803 89 28 .£1035
2500 4803 40 29 for
2560 4803 127 37 effecting
2700 4814 15 19 a

2080 4839 55 27 sale
2160 4840 90 27 where
2275 4840 75 28 there
2374 4850 56 19 was
2452 4852 35 17 no
2510 4842 154 36 possibility
2687 4843 31 28 of

2080 4876 79 28 seller
2172 4877 54 27 and
2240 4878 84 36 buyer
2337 4878 81 36 being
2430 4879 146 29 interfered
2592 4881 64 27 with
2679 4881 36 36 by

2081 4915 175 36 competitors
2279 4918 28 26 in
2330 4917 46 28 the
2400 4918 115 28 market.
2565 4920 35 26 Of
2623 4928 92 20 course

2080 4953 47 27 the
2146 4955 176 26 commission
2345 4964 55 18 was
2421 4956 64 34 paid
2506 4957 35 34 by
2560 4956 46 26 the
2629 4958 86 26 seller,

2081 4989 48 30 but
2143 4990 45 30 the
2201 4991 91 37 purity
2305 4991 30 29 of
2345 4992 169 30 Parliament
2526 4993 50 29 has
2589 4994 123 28 received

2080 5038 16 18 a
2108 5033 80 31 nasty
2202 5029 98 33 knock,
2313 5031 56 27 and
2381 5031 47 28 the
2442 5031 186 29 Government
2643 5032 67 29 have

2080 5067 112 28 secured
2213 5077 16 18 a
2241 5067 112 37 railway
2374 5069 90 27 which
2485 5070 22 27 is
2524 5074 48 24 not
2594 5071 120 35 actually

2080 5105 87 28 worth
2181 5106 102 35 having
2296 5108 26 26 in
2337 5117 15 18 a
2366 5107 56 36 gift.
2470 5108 42 27 Sir
2526 5108 90 28 Julius
2630 5109 85 36 Vogel

2080 5144 56 28 also
2150 5153 77 19 came
2242 5154 29 18 in
2288 5145 42 28 for
2343 5156 16 18 a
2379 5146 61 28 well
2463 5146 129 29 deserved
2606 5147 109 34 rebuke,

2080 5182 54 27 and
2145 5192 68 18 even
2226 5183 42 27 his
2282 5184 151 27 excellence
2449 5184 42 28 Sir
2511 5185 101 28 Robert
2635 5187 81 28 Stout

2080 5219 55 29 had
2148 5226 48 24 not
2209 5231 16 19 a
2238 5221 74 28 word
2327 5225 27 25 to
2368 5232 48 25 say
2430 5222 41 29 for
2484 5222 67 30 him.

2257 5278 56 28 The
2332 5279 67 27 New
2420 5280 125 27 Council.

2114 5325 58 29 The
2185 5327 204 34 newly-elected
2413 5327 113 29 Council
2546 5333 57 24 met
2615 5330 41 28 for
2669 5330 46 28 the

2081 5365 165 26 transaction
2260 5364 32 27 of
2302 5365 90 35 public
2407 5365 123 28 business
2543 5367 41 26 for
2596 5367 46 27 the
2654 5368 59 27 first

2081 5400 64 29 time
2159 5411 35 18 on
2217 5401 102 39 Friday
2337 5404 125 36 evening.
2500 5404 86 30 There
2600 5415 55 19 was
2667 5411 48 24 not

2080 5440 81 28 much
2187 5441 138 36 expected,
2346 5451 29 19 as
2398 5442 47 27 the
2473 5443 191 36 appointment
2688 5445 30 28 of

2080 5479 179 34 committees,
2281 5479 54 29 and
2359 5480 45 29 the
2427 5487 206 30 arrangements
2658 5483 55 28 and

2082 5516 188 37 explanations
2285 5518 41 28 for
2339 5517 90 30 future
2442 5519 90 29 action
2547 5520 63 28 took
2620 5530 37 27 up
2669 5521 44 28 the

2081 5555 74 34 time,
2169 5566 29 18 so
2212 5556 61 30 that
2286 5557 76 29 those
2382 5558 61 28 who
2467 5558 128 29 attended
2608 5565 89 30 expect-

2079 5593 47 35 ing
2151 5603 15 18 a
2189 5594 94 28 breeze
2309 5604 70 19 were
2405 5596 198 37 disappointed.
2658 5598 56 28 But

2081 5631 75 30 there
2187 5642 56 20 was
2279 5643 35 19 an
2354 5635 110 28 evident
2502 5635 209 30 determination

2081 5678 101 26 among
2201 5671 47 27 the
2269 5681 61 18 new
2352 5672 79 27 blood
2451 5673 60 27 that
2525 5674 75 27 there
2615 5675 96 26 should

2082 5706 30 29 be
2139 5717 74 20 some
2238 5718 76 21 more
2340 5710 171 39 satisfactory
2541 5711 114 30 method
2686 5713 30 28 of

2081 5748 123 35 carrying
2229 5753 48 24 out
2303 5750 44 27 the
2373 5750 122 28 business
2520 5751 29 26 of
2576 5752 46 27 the
2647 5753 46 26 Cor-

2080 5786 130 35 poration.
2248 5788 54 27 For
2315 5787 123 30 instance
2452 5796 5 21 :
2478 5788 45 29 the
2537 5790 175 29 unfortunate

2081 5824 59 28 Nile
2163 5829 82 25 street
2267 5826 91 37 bridge
2382 5829 49 27 lias
2452 5833 55 23 cost
2522 5838 15 18 a
2550 5834 76 29 great
2652 5829 60 28 deal

2745 207 75 19 more
2834 198 67 29 than
2924 200 46 28 the
2994 207 114 23 amount
3130 203 148 30 scheduled,
3301 205 41 27 for
3362 204 20 29 it

2745 246 35 17 on
2801 237 45 27 the
2872 238 71 26 loan.
2981 240 67 27 This
3070 251 55 17 was
3146 243 130 26 intended
3298 249 27 21 to
3350 243 32 27 be

2745 273 118 34 charged
2894 276 107 34 against
3033 277 45 29 the
3105 280 111 33 general
3253 284 127 31 account,

2747 313 98 35 (•vliich
2871 323 36 18 no
2928 315 84 29 doubt
3034 317 21 27 it
3074 319 54 26 will
3142 320 156 35 eveutually
3314 320 68 28 have

2745 356 26 20 to
2786 351 53 33 be),
2852 351 48 28 but
2914 362 55 18 was
2981 354 112 28 ordered
3118 360 27 24 to
3169 356 32 28 be
3222 357 107 28 debited
3353 363 27 22 to

2748 388 58 28 Nile
2831 393 83 25 street
2938 391 92 36 bridge
3062 400 125 27 account,
3214 396 71 28 uutil
3317 396 61 28 that

2745 431 133 26 structure
2892 428 49 29 has
2955 431 115 29 reached
3089 434 142 36 maturity,
3245 434 55 29 and
3316 434 65 29 then

2745 466 46 28 the
2806 467 66 27 total
2891 473 57 22 cost
2972 470 30 26 of
3020 470 21 27 it
3055 480 49 18 can
3121 472 30 28 lie
3164 481 73 23 seen,
3251 473 54 28 and
3320 473 62 28 how

2745 504 82 28 much
2843 514 74 20 more
2929 507 21 27 it
2961 507 48 28 has
3020 514 58 23 cost
3088 509 30 28 th
3127 520 29 18 in
3169 520 57 19 was
3239 511 141 29 borrowed

2745 542 40 28 for
2809 544 30 26 it.
2876 544 87 28 There
2978 556 54 17 was
3045 557 15 17 a
3084 548 68 28 little
3175 549 152 29 discussion
3342 560 35 17 on

2746 581 44 27 the
2805 582 124 35 question
2950 586 26 25 ot
2997 584 47 28 the
3066 586 56 36 city
3135 596 131 27 surveyor
3279 588 102 37 having

2744 630 16 17 a
2774 621 52 35 trip
2840 626 27 21 to
2881 621 146 29 Blenheim
3041 627 28 23 to
3083 631 45 21 act
3140 634 29 19 as
3185 627 94 27 valuer
3290 628 31 27 of
3332 628 46 27 the

2743 659 139 32 gasworks
2905 659 85 34 there,
3004 662 89 28 which
3115 673 70 19 were
3206 664 82 30 about
3309 670 26 24 to
3349 666 31 28 be

2745 697 103 33 bought
2861 697 34 37 by
2910 702 45 24 the
2969 699 178 37 Corporation
3170 704 69 27 from
3263 704 45 27 the
3324 704 57 28 Gas

2745 737 141 35 Company
2898 744 6 26 ;
2924 737 54 28 and
3001 738 21 29 it
3035 748 56 19 was
3104 741 158 29 considered
3276 752 15 18 a
3306 748 52 22 mat-

2745 779 40 22 ter
2815 774 30 28 of
2883 782 126 30 courtesy
3039 784 28 21 to
3098 779 46 28 the
3179 781 201 35 neighbouring

2744 812 128 33 Borough
2896 814 61 27 that
2980 815 47 27 the
3050 815 158 36 knowledge
3222 819 29 26 of
3271 828 50 17 our
3333 829 48 23 gas

2744 849 130 36 engineer
2895 851 99 29 should
3016 853 32 28 be
3068 855 93 35 placed
3183 861 28 22 at
3232 855 71 28 their
3325 856 40 28 dis-

2745 889 83 35 posal.
2868 890 57 28 One
2938 892 30 26 of
2985 891 45 29 the
3052 902 60 19 new
3126 894 78 28 blood
3220 904 56 19 was
3289 895 92 28 rather

2743 929 127 27 sarcastic
2896 929 83 28 about
3006 930 45 28 the
3076 937 110 28 matter,
3211 934 54 28 and
3296 944 63 26 ques-

2744 966 91 27 tioned
2858 967 45 27 the
2928 968 59 27 title
3001 969 29 26 of
3046 970 178 35 professional
3272 982 48 23 gas
3333 981 30 19 en-

2743 1004 92 35 gineer
2876 1005 90 29 which
2976 1006 54 29 had
3039 1007 68 29 been
3120 1008 81 35 used;
3215 1010 163 37 permission

2744 1053 64 24 was,
2830 1044 135 34 however,
2984 1048 123 34 granted,
3121 1048 55 28 and
3197 1054 66 24 next
3286 1059 72 19 morn-

2744 1083 45 32 ing
2802 1082 46 29 the
2861 1093 97 27 papers
2978 1086 146 29 contained
3147 1087 179 29 information
3349 1093 27 23 to

2744 1121 44 28 the
2802 1121 77 29 effect
2893 1122 60 30 that
2966 1123 169 30 Parliament
3148 1125 53 29 had
3212 1126 107 29 thrown
3331 1132 48 24 out

2744 1160 44 28 the
2816 1161 63 32 Bill,
2905 1172 29 18 so
2957 1163 60 28 that
3039 1163 45 29 the
3105 1165 139 29 valuation
3263 1166 115 29 services

2743 1198 54 28 will
2811 1205 49 23 not
2873 1200 32 28 be
2919 1202 133 35 required.

2955 1261 25 29 A
3003 1263 77 28 Good
3100 1264 69 36 Gag.

2778 1309 13 27 I
2806 1309 69 28 have
2889 1320 36 17 no
2939 1310 84 29 doubt
3042 1322 84 26 many
3149 1313 31 28 of
3200 1323 48 26 my
3270 1315 108 28 readers

2743 1347 69 28 have
2832 1348 85 28 heard
2940 1348 36 35 of,
2996 1349 55 28 and
3073 1351 116 38 perhaps
3212 1351 84 30 heard
3320 1353 57 29 Mrs

2743 1386 84 28 Edith
2851 1388 156 28 O'Gorman
3032 1389 109 34 Aulille,
3161 1392 41 34 (or
3225 1392 100 34 Awful,
3348 1402 30 19 as

2743 1424 45 28 the
2814 1424 111 37 Sydney
2950 1426 127 28 Bulletin
3102 1429 66 27 calls
3198 1429 69 33 her.)
3322 1430 55 28 She

2742 1462 66 27 calls
2830 1463 103 27 herself
2951 1464 47 28 the
3020 1464 125 37 Escaped
3168 1467 73 32 Nun,
3257 1467 55 28 and
3325 1468 23 28 is
3361 1478 15 18 a

2743 1503 54 26 sort
2819 1500 30 29 of
2867 1501 102 29 Father
2988 1502 155 39 Chiniquay
3166 1506 28 27 in
3215 1506 161 37 petticoats;

2742 1539 53 28 and
2808 1539 24 28 is
2846 1550 35 17 an
2895 1546 47 23 out
2955 1541 55 28 and
3028 1548 49 22 out
3089 1543 195 35 showwoman,
3297 1544 79 29 down

2743 1583 27 23 to
2784 1588 81 26 every
2877 1588 80 19 move
2971 1589 35 18 on
3021 1579 44 29 the
3079 1581 92 28 board.
3209 1583 89 28 There
3310 1583 65 28 isn't

2743 1626 16 17 a
2790 1617 175 34 professional
2990 1617 144 30 theatrical
3159 1624 82 31 agent
3265 1621 29 28 iu
3327 1622 46 27 the

2743 1654 118 29 colonies
2874 1655 63 28 who
2950 1664 51 20 can
3017 1657 78 28 teach
3108 1657 84 30 Edith
3204 1668 65 28 very
3282 1660 93 29 much.

2742 1693 70 29 Jack
2826 1694 100 34 Smith,
2940 1695 46 28 the
3007 1697 182 36 enterprising
3209 1705 93 29 agent,
3315 1699 61 28 who

2744 1732 48 27 has
2805 1740 52 20 ruu
2870 1732 36 28 all
2919 1732 80 29 kinds
3012 1734 30 28 of
3051 1734 89 29 shows
3152 1736 71 28 from
3237 1737 139 28 Professor

2744 1769 105 36 Pepper
2870 1774 28 24 to
2917 1779 36 19 an
2976 1771 51 28 Old
3040 1772 133 35 Englishe
3187 1774 99 35 Fayre,
3298 1776 76 33 gives

2747 1807 55 28 Mrs
2823 1807 88 29 Awful
2930 1808 47 29 the
2998 1809 156 29 cake—and
3166 1811 73 29 Jack
3251 1811 23 29 is
3287 1816 89 33 pretty

2743 1845 47 37 fly.
2827 1846 60 29 Her
2900 1847 58 28 first
2971 1857 169 28 appearance
3150 1851 28 27 in
3192 1851 45 28 the
3251 1851 124 29 Colonies

2743 1895 55 17 was
2811 1888 28 25 at
2851 1885 153 30 Auckland.
3042 1887 54 29 She
3110 1888 47 28 did
3168 1892 48 25 not
3232 1899 33 26 go
3287 1891 28 27 in
3337 1895 41 23 tor

2743 1922 91 36 gaudy
2851 1929 105 30 posters
2975 1934 31 18 or
3027 1925 60 28 half
3096 1927 112 27 column
3229 1927 133 29 advertise-

2745 1965 99 31 ments,
2874 1962 49 29 but
2952 1963 176 30 interviewed
3168 1975 114 28 parsons
3322 1967 55 29 and

2744 2000 206 36 sympathisers,
2974 2002 54 28 and
3055 2002 54 28 had
3133 2004 76 28 short
3233 2005 55 27 and
3312 2014 46 27 sug-

2743 2039 102 33 gestive
2872 2038 84 28 locals
2980 2039 29 27 in
3034 2040 47 28 the
3100 2049 106 28 papers,
3234 2042 63 33 and,
3329 2044 48 26 she

2744 2075 72 27 drew
2841 2075 54 28 like
2916 2085 16 19 a
2954 2076 96 29 circus.
3088 2077 61 29 The
3170 2078 86 29 house
3279 2089 36 19 on
3329 2080 49 28 her

2743 2112 59 29 first
2816 2112 99 29 lecture
2929 2124 56 17 was
2996 2115 148 33 crammed,
3154 2116 45 28 the
3209 2122 75 31 stage
3297 2117 81 35 beiug

2744 2150 130 36 occupied
2904 2150 36 37 by
2971 2161 16 19 a
3016 2152 99 29 double
3145 2163 56 19 row
3232 2155 30 28 of
3295 2156 83 28 white

2744 2188 124 33 chokers,
2881 2190 55 27 and
2955 2190 46 28 the
3015 2192 130 34 applause
3157 2202 57 17 was
3226 2193 109 35 enough
3349 2199 29 22 to

2744 2231 69 23 start
2833 2226 46 29 the
2900 2233 104 23 mortar
3026 2228 28 28 in
3075 2229 47 29 the
3145 2230 85 28 walls.
3280 2232 100 29 Whilst

2745 2264 152 36 describing
2923 2265 46 29 the
2993 2266 110 29 horrors
3128 2267 29 28 of
3179 2273 119 25 convent
3323 2270 56 33 life,

2744 2303 54 28 and
2811 2302 87 38 piling
2910 2313 35 19 on
2959 2304 47 28 the
3019 2314 91 27 agony
3122 2305 84 29 about
3214 2306 47 29 the
3271 2308 107 35 priests,

2744 2350 17 18 a
2783 2341 112 37 brawny
2915 2342 193 33 Irishwoman,
3129 2345 66 27 with
3218 2354 16 18 a
3258 2345 73 36 baby
3349 2346 30 28 in

2744 2378 50 29 her
2815 2388 83 25 arms,
2912 2380 104 36 pushed
3037 2381 51 28 her
3108 2391 61 27 way
3190 2387 29 24 to
3239 2383 46 28 the
3307 2386 73 26 front

2744 2416 55 28 and
2823 2417 105 28 bawled
2952 2423 63 23 out:
3074 2419 50 28 It's
3150 2420 80 28 thrue
3261 2422 42 27 for
3333 2431 43 27 ye,

2747 2454 141 30 Misthress
2928 2456 168 36 O'Gorman,
3135 2458 42 29 for
3216 2458 82 31 shure
3331 2460 46 29 the

2744 2496 114 34 praste's
2870 2494 47 29 the
2936 2496 91 28 father
3039 2497 30 27 of
3087 2497 55 29 this
3321 2499 59 28 The

2744 2531 80 37 thing
2846 2541 54 20 was
2922 2543 29 19 so
2973 2543 128 28 apropos,
3115 2534 55 30 and
3192 2545 31 19 so
3241 2538 139 35 naturally

2745 2571 80 33 done,
2839 2571 61 28 that
2912 2571 23 29 it
2947 2573 106 27 fetched
3067 2573 46 28 the
3133 2574 139 33 audience,
3286 2576 54 28 and
3359 2578 21 26 it

2744 2618 57 19 was
2825 2614 48 24 not
2897 2610 71 29 until
2992 2611 47 28 the
3062 2611 62 29 boss
3146 2613 30 28 of
3199 2613 47 29 the
3264 2623 116 20 concern

2745 2647 82 28 asked
2841 2649 114 28 another
2968 2649 142 30 showman
3126 2651 75 29 what
3213 2651 35 29 he
3263 2653 118 37 thought

2745 2687 29 26 of
2785 2686 63 27 that
2860 2687 41 28 for
2915 2697 16 18 a
2943 2687 40 28 bit
3001 2689 31 26 of
3049 2698 61 26 gag,
3124 2690 62 27 that
3207 2691 46 28 the
3273 2691 62 28 idea
3354 2693 29 26 of

2745 2724 66 26 such
2825 2733 16 18 a
2854 2728 50 32 put
2917 2733 37 27 up
2976 2734 80 19 scene
3077 2727 117 28 dawned
3215 2736 73 26 upon
3311 2729 66 27 him.

2745 2761 111 28 There's
2881 2771 37 19 no
2943 2762 118 30 mistake
3086 2764 83 29 about
3195 2765 86 29 Edith
3295 2774 7 26 ;
3332 2767 48 28 she

2747 2801 97 27 wasn't
2856 2800 132 29 intended
3000 2802 42 27 for
3055 2809 118 22 convent
3188 2803 55 28 life.

2897 2860 58 29 The
2966 2862 82 28 Bible
3059 2862 32 29 in
3104 2863 122 29 Schools.

2778 2908 58 28 The
2849 2908 100 29 School
2971 2910 159 29 committee
3152 2911 54 29 had
3227 2912 45 29 the
3295 2913 84 29 above

2743 2946 103 36 subject
2859 2946 88 29 under
2959 2947 200 29 consideration
3169 2954 29 24 at
3211 2950 71 28 their
3292 2957 67 23 meet-

2743 2983 48 35 ing
2804 2985 54 28 this
2877 2985 90 34 week;
2986 2985 49 29 but
3052 2986 98 37 hardly
3162 2989 29 27 in
3213 2989 46 28 the
3272 2990 70 28 form
3364 2990 14 28 I

2745 3022 148 35 predicted.
2928 3023 87 27 There
3028 3023 56 27 had
3102 3025 67 27 been
3191 3027 67 26 such
3279 3036 35 18 an
3336 3037 28 18 ex-

2744 3069 97 27 posure
2869 3059 31 30 of
2925 3060 46 29 the
3002 3061 96 30 tactics
3122 3062 31 29 of
3173 3063 47 30 the
3244 3064 134 38 pro-bibie

2743 3100 139 36 minority,
2896 3100 62 28 that
2979 3100 66 36 they
3065 3102 117 35 thought
3203 3104 22 27 it
3239 3104 139 29 advisable

2744 3142 27 22 to
2790 3141 110 24 concert
2922 3138 71 28 their
3010 3138 86 29 direct
3115 3140 147 34 onslaught
3281 3142 58 28 into
3361 3152 15 18 a

2743 3174 75 29 flank
2830 3175 99 29 attack.
2969 3176 46 33 So,
3028 3176 108 30 instead
3148 3178 30 28 of
3187 3178 127 38 bringing
3331 3180 46 28 the

2745 3216 99 24 matter
2860 3213 91 36 boldly
2971 3214 117 28 forward
3102 3225 36 18 on
3159 3216 35 28 its
3215 3218 95 27 merits
3331 3219 46 27 the

2746 3250 65 31 Rev.
2827 3251 188 38 Kempthorne
3028 3253 138 38 produced
3178 3265 16 19 a
3206 3255 69 30 mild
3287 3257 89 30 notice

2743 3295 29 24 to
2795 3291 47 28 the
2861 3291 79 29 effect
2958 3292 60 28 that
3043 3293 46 28 the
3108 3295 105 34 subject
3230 3296 99 27 should
3348 3297 31 27 be

2744 3328 159 28 considered
2915 3332 28 25 at
2955 3340 17 17 a
2984 3331 102 35 special
3098 3332 120 36 meeting
3230 3335 28 26 to
3272 3333 31 28 be
3316 3334 63 27 held

2743 3365 29 29 in
2802 3375 16 19 a
2848 3366 144 37 fortnight.
3037 3368 67 29 This
3123 3369 34 29 he
3182 3370 68 34 lost;
3281 3380 30 19 as
3329 3372 47 28 the

2743 3405 129 38 majority
2889 3406 31 28 of
2946 3406 47 30 the
3019 3408 158 29 committee
3203 3408 124 31 declined
3352 3414 27 25 to

2743 3448 85 24 waste
2840 3453 36 19 an
2888 3444 118 37 evening
3018 3446 42 28 for
3079 3446 61 29 that
3160 3456 133 27 purpose;
3313 3458 30 19 so
3357 3451 20 26 it

2744 3490 56 19 was
2813 3483 98 34 agreed
2923 3486 28 24 to
2964 3483 63 28 take
3041 3483 46 29 the
3099 3484 167 30 discussions
3279 3490 28 24 at
3330 3487 46 28 the

2744 3519 128 38 ordinary
2908 3521 121 38 meeting
3058 3526 65 25 next
3158 3523 107 29 month.
3321 3525 57 29 The

2743 3563 109 33 request
2863 3568 57 21 was
2933 3561 94 33 signed
3039 3561 37 36 by
3088 3561 54 29 five
3155 3563 105 28 clerical
3273 3564 88 37 gentle-

2744 3608 64 19 men
2821 3597 31 30 of
2860 3598 61 29 four
2933 3598 126 31 different
3071 3601 92 28 creeds
3176 3608 28 22 to
3217 3601 76 29 show
3316 3603 60 29 that

2743 3636 77 28 there
2833 3646 55 18 was
2899 3646 35 18 no
2948 3639 148 33 particular
3108 3639 101 35 dogma
3218 3644 27 23 to
3258 3641 32 26 be
3300 3650 76 19 more

2743 3674 172 36 represented
2929 3674 68 30 than
3011 3676 118 28 another
3140 3678 29 27 in
3182 3677 47 28 the
3246 3677 132 30 business.

2743 3712 78 37 They
2834 3722 65 28 may
2912 3712 32 30 be
2958 3714 71 37 good
3042 3714 171 37 theologians
3225 3716 56 28 and
3291 3718 88 27 senior

2743 3751 148 37 wranglers
2914 3752 30 29 in
2962 3752 110 30 classics
3090 3754 76 29 these
3185 3764 122 27 persons,
3327 3756 49 29 but

2742 3790 42 27 for
2795 3791 187 36 generalship;
3001 3792 47 28 the
3056 3792 143 29 chairman
3207 3794 31 28 of
3244 3795 47 27 the
3306 3804 54 18 com-

2745 3828 92 29 mittee
2853 3837 51 20 can
2917 3829 60 36 give
2990 3829 75 29 them
3080 3839 16 19 a
3108 3830 46 37 big
3166 3834 68 25 start
3246 3832 55 28 and
3314 3832 63 29 then

2743 3865 63 31 beat
2818 3867 76 28 them
2907 3867 94 38 easily.
3038 3869 56 29 For
3105 3869 123 30 instance
3251 3871 46 29 the
3311 3872 67 29 time

2743 3905 31 30 of
2795 3907 120 37 meeting
2933 3917 57 20 was
3008 3908 102 30 altered
3129 3913 28 25 to
3176 3911 54 28 suit
3249 3911 47 29 the
3316 3921 45 19 con-

2743 3946 129 28 venience
2885 3949 27 25 of
2924 3956 51 19 one
2988 3950 28 25 of
3027 3948 73 27 them
3114 3949 69 28 from
3207 3951 16 27 7
3235 3959 67 28 p.m.
3316 3956 27 23 to
3362 3952 16 28 7

2742 3985 42 28 80.
2820 3985 38 29 At
2873 3985 46 29 the
2931 3985 53 30 last
2997 3987 120 37 meeting
3131 3988 44 29 Mr
3188 3989 189 36 Kempthorne

2743 4024 96 27 moved
2859 4024 60 28 that
2937 4024 22 27 it
2977 4024 32 29 be
3028 4026 56 27 still
3102 4027 104 28 altered
3224 4034 28 21 to
3270 4029 17 26 8
3300 4038 57 26 p.m
3370 4037 6 25 ;

2741 4063 103 28 several
2857 4063 157 29 committee
3025 4073 64 20 men
3102 4064 59 30 said
3178 4066 65 36 they
3263 4065 56 30 hid
3340 4076 36 20 no

2742 4100 149 36 objections
2921 4101 49 29 but
2994 4103 90 28 would
3108 4107 50 25 not
3187 4105 116 35 prolong
3327 4107 46 26 the

2741 4138 110 38 sittings
2878 4139 70 29 after
2978 4140 34 28 10
3036 4140 111 35 o'clock,
3166 4143 90 28 which
3283 4144 92 28 would

2741 4178 60 35 give
2826 4178 91 37 ample
2936 4178 66 30 time
3021 4178 50 31 but
3088 4185 49 24 not
3161 4185 45 25 too
3225 4182 84 28 much
3335 4183 41 29 for

2741 4216 127 38 ordering
2881 4217 123 29 business
3015 4226 7 27 ;
3041 4218 55 30 and
3109 4229 55 28 any
3178 4230 60 18 new
3251 4220 125 30 business

2741 4255 103 36 having
2871 4256 157 29 dobateable
3055 4262 101 24 matter
3180 4259 29 27 in
3236 4260 21 27 it
3286 4262 90 26 would

2742 4292 69 29 have
2825 4297 28 24 to
2868 4293 61 29 take
2943 4295 35 27 its
2989 4294 121 36 chance;
3129 4297 54 28 this
3201 4306 55 19 was
3280 4299 97 35 agreed

2742 4337 36 24 to.
2815 4333 58 28 The
2886 4333 78 30 efiect
2977 4334 27 29 of
3016 4335 23 28 it
3051 4335 56 29 will
3121 4335 31 30 be
3166 4336 61 29 that
3241 4336 45 30 the
3305 4337 70 30 bible

2741 4370 29 27 in
2783 4372 106 27 schools
2903 4372 56 27 will
2980 4373 81 27 stand
3081 4382 16 19 a
3119 4383 66 27 poor
3198 4375 102 28 chance
3312 4376 30 27 of
3360 4385 16 18 a

2741 4408 162 37 discussion,
2915 4410 42 29 for
2978 4410 44 29 Mr
3041 4412 150 29 Chairman
3213 4413 123 30 Graham
3356 4415 23 28 if

2741 4452 48 24 not
2797 4457 61 19 sure
2869 4450 30 27 of
2907 4459 16 18 a
2931 4451 130 35 majority
3071 4452 57 27 will
3137 4452 70 28 have
3216 4452 46 28 the
3270 4453 103 28 chance

2741 4486 30 27 of
2789 4487 189 36 stonewalling
3002 4488 42 29 till
3068 4490 34 28 10
3125 4499 77 27 p.m.,
3228 4490 54 28 and
3307 4490 67 29 then

2741 4525 89 29 refuse
2843 4530 27 24 to
2883 4525 62 29 take
2955 4536 56 27 any
3023 4537 61 19 new
3097 4528 132 29 business.
3267 4530 42 28 Oh
3320 4531 52 27 no!

2741 4563 87 30 These
2850 4574 112 27 persons
2975 4576 45 19 are
3041 4570 48 26 not
3102 4576 36 29 up
3151 4572 28 24 to
3201 4568 47 29 the
3262 4578 74 27 ways
3350 4570 29 28 of

2742 4601 53 28 this
2809 4603 103 27 wicked
2926 4605 92 25 world.

2777 4653 56 30 But
2846 4655 149 37 supposing
3002 4656 67 37 they
3076 4657 104 29 earned
3191 4659 71 28 their
3272 4660 104 31 motion

2742 4692 15 26 I
2770 4692 99 28 should
2883 4693 30 28 be
2926 4694 109 29 curious
3048 4700 27 23 to
3091 4697 90 27 watch
3201 4697 47 28 the
3261 4698 78 28 effect
3351 4702 26 24 ol

2742 4730 30 29 it.
2808 4730 52 29 Let
2881 4741 44 18 me
2954 4732 63 29 take
3047 4743 16 18 a
3090 4733 187 37 hypothetical
3303 4747 70 19 case.

2742 4768 58 28 The
2818 4769 67 28 Rev.
2911 4771 107 27 Patrick
3043 4772 99 27 Calder
3162 4773 212 38 (Presbyterian)

2742 4806 23 29 is
2777 4807 60 29 first
2850 4817 35 19 on
2896 4808 46 29 the
2955 4809 62 34 list;
3036 4820 30 19 so
3080 4810 21 29 it
3122 4812 23 27 is
3156 4812 55 27 safe
3226 4817 27 24 to
3266 4822 110 21 assume

2743 4845 34 28 he
2790 4846 91 28 would
2893 4847 70 29 have
2984 4848 136 36 Mondays
3142 4850 42 28 for
3196 4850 42 28 his
3252 4852 78 27 share
3351 4853 29 27 of

2742 4883 93 37 gospel
2848 4884 136 37 teaching.
3029 4886 72 28 Nine
3122 4896 65 20 am.
3202 4888 23 28 is
3247 4888 45 30 the
3309 4890 69 28 hour

2743 4921 79 29 fixed.
2859 4923 58 28 The
2930 4924 66 28 Rev.
3011 4925 30 28 P.
3055 4925 30 28 C.
3099 4926 23 27 is
3134 4930 48 24 not
3204 4928 171 28 remarkable

2742 4959 42 27 for
2814 4960 125 35 physical
2961 4971 112 26 energy,
3092 4963 49 28 but
3165 4972 36 19 no
3232 4965 85 28 doubt
3342 4966 34 27 he

2742 4996 91 30 would
2845 4997 80 30 make
2938 5008 16 19 a
2967 5000 119 35 struggle
3099 5004 28 25 to
3148 5011 100 27 appear
3261 5006 27 25 to
3311 5004 66 28 time

2742 5035 66 27 with
2827 5045 17 18 a
2862 5036 70 28 view
2951 5038 30 27 of
2996 5038 160 37 reclaiming
3174 5050 64 17 over
3253 5042 122 34 juvenile

2743 5072 133 29 heathens
2885 5079 28 23 at
2922 5074 46 29 the
2978 5076 149 37 appointed
3138 5078 73 30 time,
3249 5080 27 27 It
3285 5080 92 27 would

2742 5110 32 29 be
2787 5121 16 18 a
2817 5121 75 26 gross
2906 5113 98 29 breach
3017 5114 31 28 of
3064 5124 125 28 courtesy
3204 5127 34 19 on
3252 5118 43 28 his
3317 5124 60 30 part

2742 5153 28 24 to
2782 5151 70 28 seize
2865 5160 74 27 upon
2951 5162 55 27 any
3024 5158 76 28 stray
3121 5154 89 29 lambs
3231 5156 146 37 belonging

2742 5191 28 24 to
2783 5189 114 28 another
2920 5190 157 37 shepherd's
3089 5192 72 28 flock
3172 5201 6 26 ;
3198 5203 29 18 so
3243 5198 21 24 it
3285 5196 91 27 would

2742 5226 32 28 be
2787 5236 144 29 necessary
2944 5233 27 24 to
2984 5240 46 18 ear
3042 5231 79 28 mark
3134 5231 36 28 all
3189 5233 187 35 presbyterian

2742 5264 122 30 children
2882 5272 28 22 to
2929 5271 114 32 prevent
3062 5278 87 19 errors
3170 5271 55 26 and
3241 5271 135 35 jealousy.

2742 5302 27 30 It
2781 5304 90 30 would
2885 5314 82 21 never
2979 5305 43 36 do,
3035 5316 48 28 my
3096 5307 90 35 gentle
3204 5308 118 35 readers,
3337 5310 40 29 for

2742 5342 191 37 Episcopalien
2963 5346 56 35 city
3048 5346 79 28 arabs
3163 5351 28 23 to
3222 5348 70 27 have
3329 5350 47 26 the

2741 5379 106 29 shorter
2859 5381 149 30 catechism
3021 5383 91 29 forced
3125 5384 57 29 into
3196 5384 72 30 their
3280 5386 91 29 minds

2741 5418 111 37 already
2865 5421 204 30 overburdened
3083 5424 65 27 with
3172 5424 64 34 long
3258 5425 117 29 division

2741 5457 55 28 and
2810 5462 107 32 syntax.
2963 5461 57 27 Nor
3040 5462 90 27 would
3151 5464 22 26 it
3186 5462 31 28 be
3236 5462 30 28 in
3288 5473 74 19 accor-

2741 5494 84 29 dadce
2856 5497 67 28 with
2949 5499 46 28 the
3020 5499 154 29 Education
3199 5506 45 24 act
3265 5502 41 28 for
3332 5503 45 28 the

2741 5533 109 38 Baptist
2871 5535 158 38 clergyman
3052 5542 28 25 to
3101 5539 155 29 endeavour
3281 5546 27 24 to
3331 5541 46 38 dip

2742 5572 45 27 the
2810 5574 89 27 whole
2921 5576 92 27 school
3035 5586 35 17 on
3094 5577 42 28 his
3158 5579 54 34 day
3233 5587 64 25 out;
3318 5581 60 27 that

2741 5610 89 28 would
2861 5610 60 31 lead
2946 5615 27 26 to
2999 5624 16 18 a
3041 5614 130 30 rebellion
3198 5626 100 26 anions
3331 5618 46 29 the

2740 5649 89 34 pupils
2842 5650 90 28 which
2948 5654 87 26 would
3050 5654 31 26 be
3095 5664 15 16 a
3123 5655 135 35 difficulty
3273 5664 26 19 to
3314 5668 45 23 sup-

2740 5694 83 28 press.
2878 5688 58 28 The
2962 5689 88 29 whole
3076 5690 123 30 business
3221 5693 23 28 is
3265 5694 59 36 just
3348 5704 29 19 as

2741 5735 80 28 much
2837 5737 170 29 surrounded
3020 5739 65 28 with
3107 5740 155 30 difficulties
3282 5753 29 17 as
3331 5744 45 28 the

2741 5782 83 35 Vogel
2849 5784 211 30 (iovermnent's
3080 5792 130 33 attempts
3233 5793 28 25 to
3283 5791 94 38 satisfy

2739 5831 35 27 all
2790 5831 45 28 the
2849 5832 133 29 demands
2995 5836 29 26 of
3035 5835 71 27 their
3120 5843 155 28 -upporterj
3290 5849 30 17 is.

3545 204 57 28 The
3623 204 158 37 Champion
3801 205 125 36 Sphynx.

3447 252 84 27 From
3546 252 46 28 tlio
3606 252 79 27 ashes
3699 253 30 26 of
3746 253 47 26 tbc
3814 253 116 27 ill-fated
3949 254 58 28 Cha
4017 264 38 18 111-

3411 289 65 38 pion
3499 289 76 29 mine
3595 289 143 38 desperate
3758 294 133 33 attempts
3915 301 45 19 are
3987 303 16 18 11
4014 304 41 19 ow

3411 329 81 33 being
3515 329 81 28 made
3616 337 28 20 to
3665 334 88 23 create
3776 339 16 18 a
3816 339 60 18 new
3901 339 152 28 company.

3411 367 57 28 Tlie
3491 367 93 28 efforts
3607 367 30 27 of
3656 367 45 28 the
3722 371 153 33 promoters
3889 378 44 18 are
3946 369 105 35 heroic,

3409 405 55 28 and
3477 405 111 28 deserve
3599 415 116 23 success,
3727 405 23 28 if
3761 406 66 36 they
3840 405 47 29 fail
3899 412 26 23 to
3938 407 111 30 achieve

3409 445 30 28 it.
3477 445 61 27 The
3552 445 89 36 object
3654 444 31 29 of
3694 454 95 19 course
3803 445 23 28 is
3840 449 28 24 to
3881 451 44 31 get
3938 447 28 27 in
3976 447 72 30 fresh

3409 483 200 34 shareholders,
3625 484 65 27 with
3711 484 82 28 Faith
3812 484 54 28 and
3891 485 72 27 Cash
3976 494 6 24 ;
4004 487 45 28 the

3409 521 126 37 latterj'is
3560 522 212 36 indispensable,
3786 532 30 18 as
3842 523 47 27 the
3915 524 45 27 old
3985 534 45 25 pro-

3409 561 115 35 prietors
3537 560 70 28 have
3621 561 111 34 enough
3747 561 30 27 of
3788 561 45 27 the
3847 562 101 27 former
3972 563 42 27 for
4032 573 16 19 a

3408 598 86 28 dozen
3527 598 169 37 companies.
3751 598 90 29 When
3872 599 67 34 they
3967 602 80 28 catch

3408 637 110 34 enough
3532 637 73 28 fresh
3626 637 18 28 fl
3717 659 7 11 ,
3739 637 146 36 (investors
3907 639 14 26 I
3945 643 101 32 mean),

3409 676 64 35 they
3488 676 55 27 will
3565 675 56 37 buy
3644 676 47 28 the
3713 676 149 36 liquidator
3882 683 48 22 out
3950 678 29 27 of
4000 679 45 28 the

3407 715 75 27 mine
3496 714 41 27 for
3550 715 136 31 .£10,000;
3708 715 57 27 and
3783 715 67 35 they
3863 721 104 30 expect,
3981 717 64 28 with

3408 752 46 29 the
3477 752 112 29 balance
3603 753 30 28 of
3654 753 92 29 £3OOO
3765 753 65 37 they
3844 753 79 34 raise,
3938 760 27 23 to
3979 760 68 25 start

3407 792 103 34 boiling
3534 792 80 27 down
3641 792 91 35 again,
3751 793 54 26 and
3826 798 29 21 at
3880 802 66 18 once
3972 804 53 18 com-

3407 838 96 18 mence
3524 829 103 36 paying
3649 830 153 27 dividends.
3839 830 73 27 That
3924 830 23 28 is
3960 832 82 27 about

3407 867 46 27 the
3468 867 73 34 hang
3554 868 31 27 of
3594 868 22 28 it
3628 877 31 19 as
3675 867 42 29 far
3728 877 30 19 as
3772 867 14 29 I
3799 876 51 20 can
3863 868 179 37 understand,

3407 905 54 29 and
3475 907 23 27 if
3516 906 46 28 the
3576 915 106 19 success
3694 907 31 27 of
3743 907 46 29 the
3802 912 118 32 attempt
3932 908 23 28 is
3969 913 28 24 to
4010 910 31 28 be

3405 945 105 35 guaged
3525 945 36 35 by
3574 945 47 29 the
3635 945 118 29 number
3763 945 55 28 and
3840 950 87 24 status
3950 948 30 26 of
3999 948 45 28 the

3406 981 118 30 Brokers
3555 983 122 36 engaged
3713 984 28 26 in
3773 983 115 36 offering
3917 985 128 28 shares—

3407 1020 153 34 wholesale,
3583 1021 88 35 retail,
3693 1021 56 30 and
3774 1023 40 28 for
3839 1024 206 36 exportation—

3407 1060 75 28 there
3494 1061 87 34 ought
3593 1066 28 23 to
3635 1061 31 28 be
3682 1072 16 17 a
3711 1061 80 28 boom
3815 1071 36 19 on
3876 1062 169 38 Champions

3405 1100 28 26 in
3458 1109 15 18 a
3496 1108 66 28 very
3583 1100 76 27 short
3683 1101 75 27 time.
3795 1101 56 28 Lut
3865 1101 76 28 there
3955 1103 22 27 is
3991 1112 51 19 one

3406 1137 79 36 thing
3505 1138 68 36 they
3592 1138 132 37 carefully
3745 1139 105 36 neglect
3870 1144 26 25 to
3910 1140 38 29 let
3959 1150 36 28 up
4008 1152 36 19 011

3405 1182 29 23 at
3455 1177 72 28 their
3548 1178 153 36 meetings:
3730 1178 46 28 the
3798 1180 192 36 impossibility
4016 1183 28 26 of

3406 1215 71 28 their
3491 1216 107 35 getting
3611 1226 45 18 ore
3670 1220 71 24 Irom
3764 1216 46 29 the
3833 1218 74 28 mine
3925 1219 117 29 without

3405 1263 14 19 a
3445 1263 100 28 proper
3569 1260 145 31 tramway,
3738 1255 91 29 which
3854 1256 58 28 will
3936 1263 58 23 cost
4014 1263 29 23 at

3405 1293 69 29 least
3489 1289 100 38 i'oOOO,
3603 1294 54 28 and
3678 1294 63 29 take
3760 1295 41 28 six
3815 1295 111 30 months
3940 1300 27 25 to
3979 1308 46 18 con-

3405 1336 94 23 struct.
3537 1333 37 26 As
3594 1332 66 35 long
3680 1342 29 17 as
3732 1333 66 36 they
3820 1335 128 27 continue
3971 1336 71 27 their

3405 1369 101 29 sileuce
3527 1379 33 20 on
3583 1370 55 29 this
3659 1371 86 36 point,
3760 1372 14 27 I
3793 1377 76 24 must
3882 1372 31 29 be
3927 1373 115 30 excused

3405 1408 23 27 if
3449 1409 14 26 I
3485 1409 126 28 consider
3632 1410 102 36 myself
3752 1410 93 29 bound
3866 1416 28 23 to
3914 1413 36 27 let
3971 1413 71 28 folks

3406 1446 81 28 know
3501 1447 30 27 it.
3887 1449 120 28 Korari.

3586 1536 274 30 ARRIVAL

3672 1592 35 20 OF
3726 1592 55 21 THE

3408 1629 101 41 SAN
3557 1630 301 44 FRANCISCO
3914 1635 128 40 MAIL

3518 1695 59 27 AT
3621 1696 309 29 AUCKLAND.

3761 1777 127 32 London,
3904 1778 66 31 July
3982 1782 24 25 2.

3439 1813 73 28 Lord
3526 1812 77 30 Colin
3617 1813 152 38 Campbell,
3783 1816 148 29 defendant
3954 1820 27 26 in
3995 1818 46 28 the

3406 1851 108 28 divorce
3537 1862 62 19 case
3620 1853 143 38 Campbell
3785 1864 26 19 v.
3829 1855 151 38 Campbell,
3994 1867 30 26 ap-

3404 1890 73 36 plied
3491 1896 27 22 to
3541 1890 46 29 the
3611 1892 84 28 Court
3717 1903 34 18 on
3765 1893 55 28 2nd
3841 1895 68 35 July
3922 1902 27 21 to
3972 1896 71 27 have

3404 1928 119 28 stricken
3536 1928 69 29 from
3620 1930 140 36 plaintiff's
3773 1932 115 36 petition
3898 1933 47 28 the
3959 1943 62 27 para-

3404 1967 85 37 graph
3503 1966 131 39 charging
3655 1970 59 28 him
3737 1971 66 28 with
3825 1971 125 37 adultery
3970 1973 66 28 with

3406 2015 111 25 persons
3537 2006 149 29 unknown.
3732 2010 58 26 The
3812 2010 84 27 Court
3917 2011 126 27 reserved

3404 2043 35 27 its
3453 2043 118 27 decision
3581 2045 41 27 for
3632 2055 16 17 a
3660 2046 143 33 fortnight,
3811 2056 30 18 as
3853 2048 28 26 in
3891 2047 46 28 the
3946 2058 74 18 mean-

3404 2081 67 26 time
3484 2080 22 28 it
3518 2081 54 27 will
3586 2082 65 27 read
3664 2083 46 27 the
3724 2083 86 28 whole
3825 2085 30 27 of
3874 2085 45 27 the
3940 2095 85 18 corres-

3406 2117 138 35 pondence
3567 2119 53 26 and
3641 2119 36 28 all
3690 2121 127 28 affidants
3829 2121 151 29 submitted
4001 2123 37 34 by

3405 2155 73 28 Lord
3500 2156 141 36 Campbell
3662 2157 29 28 ia
3710 2158 42 28 his
3770 2169 64 18 cros:
3844 2160 67 28 -iuit
3932 2168 27 21 to
3980 2171 13 19 s
4005 2161 23 29 .b-

3405 2194 131 28 ---stautiate
3549 2194 42 28 his
3606 2196 99 33 charge
3718 2197 60 27 that
3797 2198 78 35 Lady
3898 2199 143 37 Campbell

3406 2231 54 28 had
3470 2232 65 27 been
3547 2232 88 37 guilty
3645 2234 30 27 of
3684 2234 124 38 adultery
3822 2236 66 28 with
3899 2237 47 29 the
3961 2238 80 27 Duke

3406 2270 30 27 of
3446 2270 202 35 Marlborough.

3439 2308 59 28 The
3528 2308 82 29 Chief
3637 2310 61 28 Fire
3729 2310 227 32 Commissioners
3987 2316 56 27 and

3406 2345 78 29 other
3496 2346 76 32 eight
3592 2356 112 28 persons
3721 2358 70 19 were
3804 2351 134 36 instantly
3959 2352 84 29 killed

3406 2393 36 18 on
3463 2384 46 29 the
3523 2385 64 28 39th
3610 2386 73 28 June
3705 2387 35 36 by
3753 2397 36 18 an
3803 2389 125 29 accident
3949 2394 28 24 to
3997 2392 46 27 the

3406 2422 67 27 mail
3486 2424 72 26 train
3571 2424 70 27 from
3657 2424 103 29 Belfast
3775 2431 27 22 to
3825 2427 112 28 Dublin.
3985 2430 60 27 The

3408 2460 80 35 train,
3503 2460 79 30 while
3595 2464 81 34 going
3689 2469 28 23 at
3729 2474 16 18 a
3759 2464 65 37 high
3839 2470 57 24 rite
3910 2467 30 28 of
3950 2469 91 35 speed,

3407 2500 49 27 left
3474 2500 48 27 the
3535 2500 64 28 rails
3613 2511 34 18 on
3663 2502 96 28 Knock
3780 2503 103 34 bridge.
3928 2506 116 27 Twentv

3407 2547 112 27 persous
3531 2547 71 20 were
3622 2540 134 29 wounded
3770 2541 54 28 and
3844 2543 45 28 the
3904 2545 72 26 train
3989 2555 56 18 was

3408 2577 163 36 completely
3592 2578 136 28 smashed.
3766 2580 57 27 The
3839 2582 126 28 accident
3985 2592 60 19 was

3409 2614 52 29 due
3474 2620 28 23 to
3523 2615 47 29 the
3583 2618 148 35 expansion
3750 2618 30 28 of
3799 2618 45 29 the
3858 2620 67 28 rails
3944 2622 101 28 caused

3408 2653 36 36 by
3457 2662 135 21 excessive
3606 2655 71 28 heat.
3715 2657 58 28 The
3787 2657 92 30 driver
3891 2659 54 28 and
3955 2662 88 32 guard

3408 2702 69 17 were
3490 2693 128 32 arrested,
3632 2694 49 27 but
3693 2704 45 18 are
3752 2695 63 28 held
3838 2697 153 29 blameless.

3443 2730 57 27 The
3514 2738 107 27 express
3634 2732 70 26 train
3728 2741 35 18 on
3777 2732 47 28 the
3845 2734 122 33 Hutgart
3988 2737 55 26 and

3410 2766 92 29 Berlin
3523 2768 113 37 railway
3658 2778 50 19 ran
3728 2770 57 28 into
3806 2772 47 28 the
3879 2772 68 29 local
3971 2775 73 28 train

3409 2815 66 18 near
3500 2806 139 33 Murtberg
3664 2817 35 18 on
3724 2808 46 28 the
3797 2811 49 31 Ist,
3872 2812 129 36 crushing
4025 2824 15 16 a

3408 2843 73 34 large
3489 2844 115 28 number
3615 2845 29 27 of
3655 2855 119 26 persons.
3804 2847 71 29 Nine
3886 2859 44 18 are
3941 2850 100 28 known

3408 2886 28 23 to
3449 2881 68 28 bave
3530 2882 67 29 been
3608 2883 91 28 killed.
3738 2885 77 28 None
3829 2886 29 28 of
3874 2887 45 29 the
3932 2898 109 27 express

3407 2929 158 27 passengers
3578 2930 45 19 are
3636 2921 95 37 fatally
3743 2922 73 29 hurt.

3442 2958 58 28 The
3512 2968 61 18 case
3587 2959 30 28 of
3626 2959 88 36 Cyrus
3731 2959 43 29 W.
3789 2961 77 30 Field
3888 2972 25 19 v.
3937 2965 87 28 Labon-

3408 2996 89 33 chere,
3517 2997 32 27 of
3566 2998 116 28 Loudon
3709 2999 101 32 Truth,
3831 3001 41 26 for
3891 3002 73 33 libei,
3986 3013 57 18 was

3408 3033 87 27 called
3507 3043 36 17 on
3557 3034 46 27 the
3616 3036 65 26 28th
3705 3036 84 28 June.
3825 3038 59 28 The
3897 3040 134 36 Attorney
4034 3057 9 4 -

3408 3071 127 35 General,
3561 3082 35 20 on
3628 3072 95 31 behalf
3751 3074 29 29 of
3809 3075 46 30 the
3885 3077 160 35 defendant,

3409 3111 140 28 withdrew
3575 3113 47 27 the
3648 3114 61 34 plea
3733 3114 30 27 of
3781 3115 189 34 justification,
3991 3119 54 26 and

3407 3149 144 35 expressed
3563 3156 89 28 regret
3665 3151 40 28 for
3716 3150 158 38 publishing
3885 3154 45 28 the
3943 3156 100 28 article.

3410 3187 43 27 He
3479 3187 57 28 also
3555 3188 89 28 stated
3663 3189 60 28 that
3742 3189 35 28 he
3796 3192 55 27 and
3878 3194 43 26 Sir
3945 3194 100 30 Henry

3408 3225 95 27 James
3517 3226 113 33 (Field's
3643 3227 131 35 counsel),
3786 3228 55 28 had
3853 3231 98 31 agreed
3971 3241 75 28 upon

3409 3263 45 30 the
3469 3267 116 27 amount
3595 3269 27 25 to
3636 3266 32 29 be
3681 3267 63 37 paid
3768 3267 35 38 by
3825 3268 176 33 Labouchers
4015 3271 28 29 in

3408 3304 168 27 satisfaction
3590 3304 30 27 of
3630 3311 81 25 costs,
3725 3307 54 26 and
3794 3307 83 28 asked
3890 3310 46 25 the
3953 3311 91 33 Judgo

3408 3344 28 23 to
3450 3340 140 34 discharge
3604 3342 47 28 the
3667 3343 76 36 jury.
3780 3344 78 28 Field
3880 3346 107 29 refused
4011 3348 35 28 all

3408 3380 179 35 compromise
3597 3389 35 19 on
3641 3380 47 29 the
3698 3382 127 36 question
3835 3384 30 28 of
3875 3384 166 37 publishing.

3443 3417 116 29 London
3578 3418 160 37 despatches
3759 3421 29 28 of
3809 3422 45 28 the
3873 3423 68 29 23rd
3962 3424 82 34 June,

3407 3464 62 26 says
3499 3456 61 29 that
3584 3458 27 26 in
3637 3458 93 36 Egypt
3761 3459 55 28 and
3846 3460 125 30 Burmah
3996 3464 45 27 the

3408 3492 103 29 British
3542 3504 45 19 are
3611 3495 162 28 threatened
3799 3497 66 28 with
3890 3498 155 38 increasing

3408 3530 163 31 difficulties.
3607 3533 59 29 The
3675 3535 117 29 conduct
3802 3537 29 28 of
3841 3538 46 29 the
3902 3541 144 35 campaign

3407 3570 28 28 in
3465 3571 47 29 the
3539 3572 81 29 latter
3644 3578 126 33 country,
3796 3585 29 18 as
3850 3577 62 28 well
3943 3587 29 20 as
3998 3579 47 28 the

3408 3610 112 28 method
3533 3612 30 26 of
3583 3612 112 35 settling
3716 3614 47 27 the
3785 3615 199 34 Government,
3998 3627 45 18 are

3407 3647 71 27 alike
3502 3657 17 18 a
3543 3648 107 29 failure.
3704 3650 161 30 Theebaw's
3893 3653 150 30 disbanded

3408 3685 111 29 soldiers
3550 3696 44 19 are
3625 3689 158 35 constantly
3818 3691 142 36 attacking
3996 3694 48 27 the

3408 3723 101 29 British
3523 3726 134 36 garrison.
3693 3726 94 37 Every
3799 3730 93 28 attack
3905 3730 51 29 has
3974 3730 67 30 been

3407 3763 133 36 repulsed,
3566 3763 48 30 but
3634 3765 45 28 the
3706 3767 123 33 garrison
3848 3769 23 27 is
3896 3779 75 19 worn
3998 3776 48 24 out

3407 3801 65 27 with
3487 3802 138 27 incessant
3638 3803 77 36 duty.
3752 3804 37 27 In
3802 3805 94 37 Egypt
3909 3808 47 27 the
3977 3808 50 28 Der-

3406 3838 92 30 vishes
3523 3849 45 19 are
3592 3842 140 37 resuming
3763 3843 123 37 activity,
3912 3845 56 29 and
3998 3847 46 28 the

3408 3878 109 30 Soudan
3536 3878 97 31 border
3652 3880 23 29 is
3695 3890 66 20 once
3784 3891 76 22 more
3883 3883 162 32 threatened

3406 3918 35 37 by
3451 3919 94 29 clouds
3557 3920 28 28 of
3598 3920 93 30 rebels.
3730 3923 83 28 From
3826 3923 67 30 both
3904 3926 137 29 countries

3406 3957 76 29 there
3495 3967 45 20 are
3552 3963 98 33 urgent
3664 3960 66 28 calls
3744 3960 41 29 for
3804 3962 234 31 reinforcements.

3406 3997 23 27 A
3450 3997 128 36 despatch
3602 3998 71 29 from
3696 4000 143 36 Rangoon,
3853 4012 34 18 on
3910 4003 46 28 the
3978 4005 67 28 29th

3405 4034 72 29 June
3491 4045 62 26 says
3566 4035 60 30 that
3646 4047 16 18 a
3682 4038 70 28 force
3777 4039 29 28 of
3825 4040 104 29 British
3950 4045 92 34 troops

3406 4073 65 29 with
3502 4077 54 25 two
3580 4075 128 29 batteries
3733 4076 53 30 had
3813 4088 16 19 a
3854 4089 91 20 severe
3971 4080 70 35 fight

3404 4112 66 27 with
3497 4114 67 27 1500
3583 4113 133 30 Burmese
3735 4115 87 29 rebel-?
3848 4118 123 35 strongly
3995 4129 30 18 en-

3404 4150 131 29 trenched
3548 4160 67 19 near
3629 4153 143 29 Tuuimac.
3810 4156 57 28 The
3877 4156 70 37 fight

3404 4188 53 29 five
3469 4189 92 30 hours.
3607 4191 58 28 The
3686 4192 105 30 British
3811 4195 97 38 failing
3932 4200 27 25 to
3986 4197 39 28 dis-

3404 4228 78 36 lodge
3514 4229 47 29 the
3593 4229 143 35 Burmese,
3767 4233 110 29 retired.
3932 4235 111 29 Several

3404 4266 106 28 officers
3523 4276 71 20 wers
3608 4269 83 28 killed
3705 4270 54 27 and
3774 4273 144 25 wounded.

3439 4305 118 36 Anxiety
3578 4316 23 19 is
3623 4307 47 30 felt
3684 4317 35 20 on
3733 4316 116 23 account
3862 4311 29 29 of
3912 4311 121 31 Russia's

3404 4344 109 29 evident
3528 4345 86 30 desii-e
3627 4351 28 24 to
3668 4356 90 20 renew
3777 4349 155 29 difficulties
3944 4352 29 26 in
3994 4352 45 28 the

3404 4382 131 35 Balkaus,
3549 4392 16 19 a
3577 4384 74 34 large
3665 4384 122 30 Russian
3797 4387 71 29 force
3879 4388 162 39 embarking

3404 4420 40 29 for
3456 4421 91 36 points
3560 4432 36 20 on
3609 4423 46 30 the
3669 4423 87 31 Black
3771 4425 61 30 Sea.

3439 4460 108 28 Hobart
3561 4462 89 28 Pasha
3665 4464 117 35 (August
3794 4465 113 29 Charles
3919 4467 117 33 Hobart)

3406 4507 16 19 a
3436 4498 122 30 Marshal
3571 4500 30 28 of
3611 4500 46 29 the
3670 4501 119 30 Turkish
3799 4503 124 37 Empire,
3935 4505 60 28 died
4005 4516 36 18 on

3404 4537 73 29 June
3498 4538 73 29 19th.
3609 4540 98 37 Owing
3726 4545 28 25 to
3773 4542 148 36 ill-health,
3934 4544 108 29 Hobart

3406 4577 91 28 Pasha
3519 4587 16 18 a
3556 4578 51 28 few
3627 4579 89 28 weeks
3736 4580 91 30 before
3848 4582 42 28 his
3905 4583 82 29 death
4001 4594 27 18 re-

3406 4614 95 35 signed
3526 4615 38 28 all
3588 4617 101 28 service
3709 4618 67 28 with
3801 4619 47 28 the
3872 4620 106 28 Sultan.
4018 4622 25 28 A

3405 4652 125 37 dispatch
3559 4663 63 27 says
3643 4655 59 29 that
3723 4656 47 29 the
3792 4657 131 31 deceased
3944 4660 99 29 soldier

3406 4700 54 18 was
3473 4691 95 28 buried
3584 4693 34 35 by
3641 4693 46 28 the
3711 4695 119 29 Turkish
3853 4697 190 29 Government

3405 4733 29 24 at
3448 4729 224 39 Constantinople
3686 4733 66 28 with
3765 4738 75 31 great
3854 4745 92 28 pomp.
3984 4737 58 29 The

3404 4768 121 27 remaius
3547 4779 70 18 were
3641 4770 118 37 brought
3771 4773 29 26 in
3813 4782 17 19 a
3843 4773 118 30 Turkish
3975 4785 50 27 gun-

3406 4805 63 29 boat
3482 4805 71 30 from
3568 4808 104 28 Genoa.

3439 4844 59 28 The
3518 4846 109 28 Roman
3648 4848 122 28 Catholic
3784 4850 92 34 clergy
3889 4852 30 27 of
3935 4853 106 28 Belfast

3405 4891 36 18 on
3452 4883 46 27 the
3512 4883 65 28 13th
3590 4886 206 35 congratulated
3810 4888 73 29 their
3894 4891 95 36 people
4003 4900 36 19 on

3405 4921 72 27 their
3488 4926 124 31 patience
3626 4933 35 18 an
3664 4924 16 28 J
3691 4925 175 30 forbearance
3879 4929 88 27 under
3980 4939 45 25 pro-

3406 4958 101 36 voking
3519 4959 223 36 circumstances,
3757 4964 54 26 and
3824 4966 85 33 urged
3922 4966 77 28 them
4013 4973 27 21 to

3405 4996 129 29 continue
3548 5002 27 23 to
3589 4997 68 39 keep
3670 4999 47 29 the
3731 5010 92 27 peace.

3442 5034 56 28 Mrs
3529 5036 119 34 Dudley,
3679 5038 46 28 the
3754 5050 109 19 woman
3893 5043 61 27 who
3979 5043 62 27 shot

3406 5071 169 31 O'Donovan
3608 5075 86 29 Kossa
3723 5086 35 19 on
3789 5077 150 40 February,
3965 5083 77 32 1885,

3404 5119 57 19 was
3487 5116 61 24 sent
3575 5117 28 23 to
3628 5114 129 35 England
3782 5118 71 27 from
3878 5119 46 28 the
3948 5121 94 28 insane

3406 5149 107 35 asylum
3528 5156 29 22 at
3578 5152 124 28 Auburn.
3749 5155 168 30 Permission
3931 5158 41 28 for
3994 5159 48 28 her

3405 5191 27 22 to
3446 5196 33 26 go
3492 5187 83 30 home
3588 5189 56 29 had
3664 5191 68 28 been
3756 5193 128 29 obtained
3904 5196 41 28 for
3966 5204 76 21 some

3405 5225 76 33 time,
3495 5225 48 30 but
3563 5227 49 29 her
3628 5229 143 36 departure
3786 5242 56 19 was
3863 5234 114 37 delayed
3999 5236 41 28 for

3405 5267 73 24 want
3491 5267 26 24 of
3531 5274 96 20 means
3639 5269 72 26 until
3731 5278 35 19 an
3781 5271 141 29 unknown
3944 5274 97 30 friend,

3477 5307 27 24 to
3517 5303 33 30 be
3564 5304 30 29 of
3604 5305 84 30 social
3702 5309 176 31 prominence
3897 5311 55 29 and
3973 5312 69 30 rank

3405 5341 27 26 in
3450 5342 39 26 hn
3493 5343 92 34 gland,
3599 5354 78 18 came
3691 5346 119 30 forward
3824 5350 55 27 and
3899 5351 143 27 furnished

3406 5377 87 27 them.

3440 5418 23 28 A
3477 5418 116 30 London
3606 5420 131 38 despatch
3751 5435 64 27 says
3828 5427 62 28 that
3902 5428 47 27 the
3958 5429 84 36 yacht

3405 5456 116 30 Galatea
3543 5460 86 27 sailed
3650 5463 41 25 lor
3709 5462 66 29 New
3796 5464 74 29 York
3892 5466 71 28 from
3984 5467 60 28 that

3406 5500 60 29 port
3495 5506 35 18 on
3556 5497 73 29 June
3648 5500 76 28 27th.
3774 5503 117 37 Captain
3919 5505 125 33 Seryille,

3405 5533 144 39 Secretary
3563 5538 26 27 of
3603 5537 45 29 the
3664 5538 91 32 Yacht
3778 5542 78 33 Club,
3871 5544 23 28 is
3917 5545 126 36 reported

3404 5582 29 17 as
3444 5574 98 34 saying
3554 5584 5 18 :
3609 5577 14 26 I
3636 5587 45 18 am
3697 5584 46 22 net
3756 5589 65 26 very
3836 5582 109 36 hopeful
3957 5584 30 26 of
3996 5584 46 26 the

3404 5610 139 30 Galatea's
3555 5613 118 31 chances
3687 5617 27 27 in
3728 5617 127 31 America
3871 5621 37 35 (to
3921 5620 55 29 win
3996 5621 47 29 the

3407 5649 198 31 International
3619 5654 81 35 Cup),
3714 5657 55 26 and
3784 5659 91 27 would
3890 5660 90 26 rather
3996 5671 44 15 seo

3404 5686 46 28 the
3476 5689 71 28 Grex.
3560 5700 34 22 go
3608 5696 27 22 to
3658 5692 68 29 New
3749 5694 75 29 Yo.k
3845 5697 28 27 in
3887 5698 50 27 her
3959 5702 57 24 stea
4025 5698 19 27 l,

3410 5726 52 28 ihe
3495 5728 97 30 Galeta
3622 5731 56 28 will
3704 5739 49 22 not
3778 5745 127 27 compare
3937 5738 27 26 in
3989 5747 55 25 any

3405 5772 104 29 respect
3533 5768 66 27 with
3624 5771 45 26 the
3692 5772 81 29 Grex,
3797 5775 57 26 nnd
3873 5775 45 27 the
3940 5776 104 27 hitter's

3406 5803 110 38 skipper
3528 5806 23 28 is
3564 5807 47 29 the
3625 5808 59 31 best
3697 5821 126 20 amateur
3836 5813 162 36 yachtsman
4017 5816 26 27 in

3406 5843 137 36 England.
3592 5847 76 28 Muie
3694 5850 70 28 than
3790 5852 62 30 ihis,
3878 5852 49 27 her
3951 5854 93 28 lucing

1308 42 115 40 THE
1481 47 182 38 LYELL
1717 49 186 45 TIMES,
1961 54 303 45 SATURDAY,
2317 55 136 49 JULY
2507 66 58 36 31,
2626 59 89 34 1886

210 166 234 32 Government
468 170 149 30 Notices.

149 366 159 29 MISSING
334 368 168 30 FRIENDS
529 371 148 29 NOTICE.

99 467 286 62 INFORMATION
406 472 152 34 respecting
570 472 45 28 tlio
629 473 83 28 where-

172 505 96 29 abouts
281 508 53 32 ayd
348 510 159 35 occupation
521 511 30 26 of
567 511 45 27 tijc
634 512 80 28 under-

98 545 156 28 luentioned
268 554 110 27 person*
397 548 24 26 is
445 548 160 27 WANTED
629 549 34 35 by
684 551 46 27 the

99 585 140 35 Secretary
253 585 28 26 of
292 584 45 28 the
352 585 117 28 General
484 586 64 28 Post
562 588 81 27 Office
654 596 5 19 :

98 638 117 29 Thomas
234 639 141 35 Ley-land,
395 640 143 29 addressed
563 652 75 18 some
664 643 27 28 ti;
701 656 9 12 -*
719 655 11 17 j

168 687 50 26 ago
236 685 29 22 at
286 679 64 28 Post
364 679 93 34 Office,
474 681 134 27 Dunedin.
656 682 74 28 John

167 716 134 33 Jamison,
324 718 29 27 of
370 717 113 37 Waring
504 723 91 29 street,
616 719 114 35 Dellast,

168 754 120 36 Ireland,
301 756 129 37 inquires.

99 793 27 27 J.
147 794 27 27 S.
194 794 152 33 Morpheu,
361 795 53 28 last
434 795 84 28 heard
538 797 29 26 of
586 801 28 22 at
637 797 77 28 Inver-

168 831 102 37 cargill.

100 869 61 29 Guy
181 869 31 28 L.
232 869 156 35 Botsford,
402 879 54 21 was
469 880 16 20 a
498 871 80 29 sailor
591 881 33 19 on
648 872 82 29 board

170 909 27 28 S.
223 910 27 26 8.
271 912 16 12 44
431 910 123 30 wrecked
584 912 53 28 last
666 921 65 27 year

168 947 82 28 about
272 948 116 36 August,
401 950 28 26 in
453 949 58 28 lied
538 951 60 31 Sea,
622 960 35 18 on
683 951 49 27 her

168 994 61 28 way
252 990 28 23 to
301 987 108 36 Napier.
458 987 36 28 Of
515 987 43 29 the
584 997 68 19 crew
677 988 54 28 and

168 1032 160 30 passengers
338 1035 75 20 some
422 1035 68 20 were
500 1025 99 30 landed
607 1032 28 24 at
644 1027 86 35 Aden,

169 1063 55 29 and
248 1074 75 18 some
343 1065 82 28 taken
449 1065 69 29 back
542 1072 27 23 to
593 1067 138 35 England,

170 1102 45 28 Mr
226 1102 125 29 Botsford
370 1104 23 27 is
410 1112 61 20 now
493 1105 130 36 enquired
636 1106 40 27 for
697 1106 35 36 by

168 1141 43 28 his
240 1142 118 34 mother,
385 1142 57 29 Mrs
471 1143 27 29 J.
523 1143 42 29 \V.
596 1145 135 33 Botsford,

170 1180 116 34 Gloster,
305 1180 141 35 Montana,
469 1182 103 29 United
595 1183 89 29 States
706 1184 30 28 of

168 1218 135 29 America.

101 1256 97 29 Frank
211 1256 34 29 1).
259 1258 113 34 Curtis,
382 1258 51 28 last
446 1258 143 30 addressed
603 1263 28 25 at
644 1260 69 29 Auck-

169 1296 65 29 land
247 1296 35 37 by
303 1296 43 29 his
365 1298 108 28 mother
495 1298 58 28 Mrs
576 1299 32 29 K.
622 1300 30 28 Z.
666 1301 48 27 Cur-

170 1334 44 33 tis,
235 1335 186 36 Minniapolis,
444 1336 159 35 Minnisota,
631 1338 99 28 United

170 1375 89 27 States
271 1375 30 28 of
310 1374 135 35 America,
459 1384 76 21 came
548 1382 27 23 to
588 1376 67 30 New
666 1377 48 29 Zea-

168 1413 64 28 land
245 1413 53 28 last
314 1422 74 27 year.

327 1464 38 29 H.
386 1465 33 28 G.
438 1465 225 36 YOUNGMAN,

520 1505 177 30 Postmaster.

189 1717 145 28 MAIL
398 1719 246 30 NOTICE.

101 1817 109 28 (TIIIE
231 1818 92 28 Letter
335 1818 58 29 Box
407 1818 55 30 will
475 1819 31 29 be
520 1820 106 29 cleared
636 1822 41 28 for
685 1822 46 28 the

108 1848 37 28 -L
189 1855 129 38 despatch
344 1858 30 28 of
396 1858 239 37 Correspondence
661 1862 69 28 from

97 1894 48 28 the
159 1895 77 33 Lyell
256 1895 83 28 Office
361 1901 28 23 to
410 1897 45 27 the
474 1898 138 35 following
628 1900 102 35 places,

97 1931 55 29 and
168 1933 80 27 Mails
261 1934 95 33 arrive,
370 1943 30 18 as
419 1935 87 28 under

330 1996 150 20 outwards
490 1996 5 20 :

130 2032 55 28 For
215 2032 147 38 Westport,
394 2035 162 35 Inangahua
587 2037 141 34 Junction,

94 2069 156 34 Cronadun,
273 2071 170 34 Boatman's,
466 2073 127 34 Reefton,
615 2076 55 27 and
690 2076 38 28 all

94 2107 131 28 southern
245 2109 243 36 correspondence:
509 2112 123 37 Sunday,
647 2114 60 28 Wed-

95 2145 104 36 nesday
213 2147 54 27 and
281 2147 111 37 Friday,
406 2152 28 25 at
446 2150 16 27 9
475 2158 65 19 a.m.

131 2184 54 28 For
208 2185 116 28 White's
345 2187 88 33 Point,
455 2187 72 28 Fern
550 2189 72 33 Flat,
644 2191 84 27 Owen

97 2222 91 34 River,
209 2223 113 34 Nelson,
342 2224 56 28 and
418 2225 36 27 all
474 2227 132 28 northern
628 2238 85 19 corres-

95 2261 140 36 pondence
244 2269 6 21 :
271 2262 135 38 Tuesday,
420 2264 144 38 Thursday
572 2266 54 27 and
636 2267 76 28 Satur-

96 2299 64 35 day,
174 2304 28 24 at
216 2301 59 27 1.00
288 2310 65 27 p.m.

132 2338 54 28 For
193 2338 157 29 Melbourne
358 2340 53 28 and
417 2340 157 30 Australian
588 2343 140 29 Colonies:

97 2375 182 38 Wednesday,
293 2382 28 25 at
334 2380 15 26 9
362 2387 65 20 a.m.

299 2438 84 21 mails
408 2439 119 21 arrive:

133 2477 82 29 From
239 2478 147 38 Westport,
408 2480 160 36 Inangahua
589 2483 141 35 Junction,

98 2516 157 35 Cronadun,
264 2517 169 35 Boatman's,
441 2519 123 34 Reefton,
572 2521 61 28 &c.:
648 2522 66 29 Tues-

100 2554 62 36 day,
176 2554 145 38 Thursday
334 2556 54 29 and
402 2558 144 36 Saturday,
560 2565 27 22 at
602 2562 15 25 2
631 2570 65 27 p.m.

135 2593 83 28 From
240 2594 115 29 White's
375 2595 90 35 Point,
478 2596 71 30 Fern
563 2598 71 35 Flat,
649 2599 83 29 Owen

102 2631 90 34 lliver,
206 2633 111 34 Nelson,
334 2635 61 28 &c.:
416 2634 122 39 Sunday,
549 2636 183 40 Wednesday,

102 2670 54 28 and
170 2671 111 36 Friday,
294 2676 29 24 at
336 2674 61 27 9.30
409 2683 65 19 a.m.

136 2709 83 27 From
233 2710 147 36 Longford,
395 2711 168 34 Murchison,
577 2714 55 26 and
646 2715 69 27 Mata-

101 2744 101 29 kitaki:
223 2746 173 40 Wednesday
409 2749 55 28 and
487 2750 122 37 Sunday,
622 2756 28 24 at
673 2754 62 27 9.30

99 2793 68 19 a.m.

332 2825 37 27 H.
390 2826 32 27 G.
442 2826 223 36 YOUNGMAN,

525 2866 174 29 Postmaster.

271 2941 117 31 Public
412 2942 150 33 Notices.

103 3022 114 38 THE
280 3024 219 40 WINTER
554 3026 180 41 STOCK

360 3102 35 19 AT
413 3102 55 20 TIIE

239 3143 113 38 NEW
377 3146 221 38 ZEALAND

104 3203 306 80 Clothing
441 3208 296 77 Factory

182 3295 272 35 PALMERSTON
488 3300 168 36 STREET,

318 3354 212 35 WESTPORT,

104 3403 58 29 TS
176 3414 60 19 now
250 3405 100 38 replete
360 3407 66 29 with
440 3417 15 19 a
464 3409 85 36 realty
559 3409 178 38 Magnificent

314 3445 171 30 Assortment
498 3448 29 27 of

100 3492 122 41 Men's,
234 3494 141 32 Youths'
388 3497 68 30 and
468 3498 99 39 Boys'

242 3540 311 42 Fashionably-Cut
566 3544 169 42 Clothing,

102 3590 46 29 Ail
167 3591 78 30 made
265 3592 70 29 from
358 3592 67 30 New
444 3595 118 29 Zealand
575 3596 87 35 Wool,
676 3597 44 31 tho-

262 3631 116 36 roughly
391 3633 114 33 shrunk,
520 3635 54 26 and

101 3695 24 28 A
148 3695 93 36 Single
254 3695 105 29 Article
374 3697 66 28 Sold
453 3699 30 28 at
495 3699 123 38 Factory
631 3701 103 29 Prices.

102 3800 25 31 A
163 3800 141 40 Splendid
338 3802 186 33 Assortment
568 3805 32 30 of
639 3805 96 31 Men's

180 3843 125 33 Youths'
335 3845 58 33 and
428 3846 86 43 Boys'
550 3847 188 43 Waterproof

257 3889 150 44 Clothing,
423 3891 39 33 all
474 3892 121 35 marked
606 3893 30 34 :\i
648 3894 87 33 Plain

335 3937 133 41 Figures,
506 3939 58 30 and
705 3943 30 29 at

412 3982 126 44 Factory
562 3983 109 35 Prices.

204 4092 236 30 FIRST-CLASS
461 4094 170 29 CUTTERS

98 4143 75 38 Only
186 4154 45 18 are
250 4144 120 38 engaged
394 4145 28 29 in
445 4146 45 28 the
513 4146 86 30 Order
620 4148 97 36 Depart-

330 4190 77 22 ment
419 4188 28 24 at
461 4185 45 29 the

99 4235 90 40 New
208 4237 162 38 Zealand
386 4237 165 52 Clothing
568 4239 164 51 Factory.

99 4341 31 31 A
146 4341 117 38 Single
282 4342 77 32 Suit
375 4343 103 31 Made
504 4344 36 30 to
565 4344 111 32 Order
701 4348 35 29 at

268 4390 146 41 Factory
432 4391 133 33 Prices!

388 4450 55 20 AND

101 4491 167 32 Remember
282 4492 98 31 !—All
407 4493 75 32 from
508 4493 50 32 the
581 4494 87 33 finest
693 4506 28 21 se-

99 4535 95 32 lected
208 4536 72 32 New
295 4536 131 33 Zealand
447 4538 95 37 Wool,
558 4539 178 42 thoroughly

99 4579 124 38 shrunk,
239 4581 58 30 and
312 4591 16 21 a
344 4581 114 32 Perfect
472 4582 49 32 Fit
536 4583 198 33 Guaranteed.

173 4686 94 27 Terms
288 4686 108 27 CASH.
434 4688 42 27 No
493 4688 173 29 Abatement.

100 4776 104 35 Agents
234 4776 41 27 for
305 4776 45 28 the
382 4777 159 29 Unrivalled
571 4779 163 29 Wertheim

276 4815 114 29 Sewing
410 4816 152 30 Macaines.

101 4919 81 59 New
214 4919 149 60 Zealand
394 4921 157 75 Clothing
577 4924 155 73 Factory,

137 5007 327 37 PALMERSTON-ST.,
487 5011 212 31 WESTPORT.

191 5112 35 30 T.
247 5112 435 46 BLENNERHASSETT,

300 5163 131 36 Manager
443 5164 140 38 Westport
595 5167 119 28 Branch.

102 5263 132 59 ipHE
282 5265 206 60 JJYELL
540 5268 194 29 miMES

101 5341 57 26 Can
181 5340 33 28 be
236 5341 128 29 obtained
388 5343 117 36 through
528 5345 46 28 the
595 5346 139 35 following

99 5396 97 32 agents
208 5392 61 30 who
283 5394 53 29 will
352 5395 55 30 also
421 5397 102 29 receive
546 5397 53 28 and
618 5397 115 30 forward

100 5444 92 29 orders
205 5446 41 27 for
257 5446 234 31 Advertisements
501 5460 30 18 or
541 5450 172 29 Subscribers
724 5459 6 20 :

137 5497 238 30 Murchison—Mr
390 5501 31 28 R.
436 5501 98 30 M'Nee

135 5536 218 38 Westport—Mr
365 5539 52 30 Job
431 5541 31 28 L.
476 5541 119 30 Munson

135 5575 115 28 lieelton
253 5578 81 26 —Mr
346 5579 112 27 Charles
471 5580 95 27 Cohen

135 5612 183 31 Nelson—Mr
332 5615 42 29 W.
388 5616 38 29 H.
441 5617 76 29 West

135 5653 72 34 Grey
211 5654 177 28 mouth—Mr
401 5656 26 26 J.
441 5657 28 27 W
470 5657 5 11 r
478 5677 5 6 .
499 5657 153 28 Parkinson

230 5758 97 27 Tki:ms
339 5768 33 19 of
387 5764 201 24 Subscription
600 5769 5 18 :

99 5809 54 29 Per
165 5811 121 32 Annum,
296 5812 28 28 in
338 5811 119 31 advance
625 5816 36 27 I'l
682 5816 14 27 0
716 5816 16 27 0

870 174 236 29 Government
1126 174 151 29 Notices.

778 379 109 33 GOLD
910 381 151 33 MINING
1086 382 133 33 LEASE
1243 382 49 33 TO
1315 382 52 32 BE

955 426 205 34 GRANTED.

837 522 148 33 PUBLIC
1012 524 298 33 NOTIFICATION.

761 608 52 81 IN
829 610 176 42 conformity
1019 612 71 31 with
1111 612 51 32 the
1185 613 71 32 87tli
1280 612 112 32 section

827 654 31 29 of
913 654 62 32 The
999 655 96 32 Mines
1120 657 65 37 Act,
1334 657 58 31 and

757 695 71 31 with
844 697 50 31 the
909 699 180 38 regulations
1104 701 84 31 made
1211 702 92 30 under
1326 701 65 30 that

758 738 54 32 Act
828 739 43 31 for
886 740 50 32 the
951 743 140 40 granting
1105 744 31 32 of
1158 744 92 32 leases
1265 744 43 33 for
1324 744 67 42 gold

757 783 116 40 mining
887 796 148 29 purposes,
1052 788 23 29 it
1089 788 25 29 is
1136 789 109 40 hereby
1270 789 121 30 notified

758 826 65 30 that
837 827 23 30 it
875 827 24 30 is
913 828 140 32 intended
1068 833 30 28 to
1112 835 87 34 grant
1221 842 16 19 a
1261 831 77 32 lease
1364 832 30 31 of

758 869 105 32 Crown
878 870 84 33 lands
978 873 44 31 for
1035 873 198 42 gold-mining
1252 885 140 31 purposes

758 916 29 29 to
802 913 50 33 the
877 916 147 40 applicant
1050 917 135 40 specified
1210 919 31 31 in
1265 919 50 32 the
1341 930 33 20 an-

758 958 93 30 nexed
868 959 154 37 Schedule,
1039 962 99 29 unless
1160 962 82 31 there
1258 963 76 30 shall
1356 963 35 31 be

757 1000 78 33 valid
851 1002 160 41 objections
1027 1004 116 41 against
1157 1005 72 32 such
1245 1005 87 33 lease.

798 1047 169 40 Objections
982 1051 30 29 to
1027 1049 50 31 the
1101 1050 140 40 granting
1266 1052 31 30 of
1319 1051 72 31 such

758 1089 87 38 lease,
863 1092 110 40 stating
987 1092 50 31 the
1053 1094 128 40 grounds
1192 1095 31 30 of
1235 1094 155 42 objection,

758 1137 80 30 must
855 1134 32 33 be
903 1137 85 32 made
1007 1137 31 32 in
1063 1138 127 41 writing,
1207 1139 58 32 and
1287 1139 105 42 lodged

759 1179 71 31 with
845 1180 49 32 the
911 1181 129 32 Warden
1055 1185 30 28 at
1109 1182 96 41 Lyell,
1221 1194 38 20 011
1284 1195 32 20 or
1341 1184 32 31 be-

758 1223 60 31 fore
833 1223 50 32 the
898 1224 72 32 27th
985 1225 56 41 day
1056 1226 31 31 of
1106 1226 181 41 September,
1306 1229 84 30 1880.

798 1266 81 44 Copy
903 1268 31 32 of
956 1269 178 42 application
1148 1271 86 32 made
1250 1271 58 32 and
1322 1271 70 42 plan

758 1313 134 30 annexed
906 1324 68 30 may
993 1314 35 31 be
1044 1325 69 21 seen
1128 1317 30 29 at
1172 1316 50 30 the
1238 1316 154 31 Warden's

760 1355 89 33 Office
864 1358 30 30 at
908 1356 95 43 Lyell.

995 1447 167 32 Schedule.

799 1488 191 42 Applicants:
1024 1491 81 33 John
1129 1492 136 42 Phillips,
1290 1492 102 42 Elijah

837 1533 101 38 Bunn,
954 1536 58 30 and
1027 1536 128 31 Edward
1170 1537 122 31 Carroll.

800 1576 82 42 Style
896 1579 94 31 under
1004 1579 96 32 which
1120 1580 23 31 it
1162 1580 24 31 is
1207 1581 140 30 intended
1362 1583 30 29 to

838 1621 126 32 conduct
983 1622 50 32 the
1056 1623 134 31 business
1204 1634 5 20 :
1240 1624 152 31 Excelsior

838 1665 109 39 Quartz
964 1666 116 42 Mining
1095 1666 161 44 Company.

799 1709 92 31 Area:
917 1711 36 30 16
968 1721 79 21 acres
1063 1713 17 28 2
1095 1712 95 31 roods.

798 1751 153 43 Locality:
976 1754 89 32 Owen
1080 1755 98 31 River.

798 1795 117 42 Mining
920 1796 138 33 District:
1069 1798 110 32 Nelson
1188 1798 202 33 South-West.

798 1901 95 31 Given
919 1904 92 31 under
1034 1914 50 30 my
1106 1905 90 36 hand,
1213 1907 30 29 at
1267 1905 121 36 Nelson,

758 1943 58 33 this
838 1945 79 32 22nd
938 1946 56 42 day
1018 1946 31 34 of
1071 1947 80 43 July,
1168 1959 55 22 one
1243 1948 149 33 thousand

757 1989 81 40 eight
852 1989 134 33 huudred
1002 1993 57 29 and
1074 1993 169 40 eighty-six.

840 2046 164 31 ALFRED
1027 2047 284 38 GREENFIELD,

873 2089 230 33 Commissioner
1110 2091 31 31 of
1148 2092 104 30 Crown
1259 2092 111 36 Lands,

934 2133 145 41 (Holding
1090 2134 152 41 delegated
1254 2145 121 30 powers.
1383 2139 6 35 )
